4004 6460
329 444 442 512 513

1049 443 1677 505 ANTIRBIIETICUS
1718 443 1811 502 ΙΙΙ
1851 443 2020 504 ADV.
2061 439 2656 502 CONSTANTINUM
2689 440 2882 500 COPR

3503 436 3609 504 5M

326 562 598 632 δαίμοσιν
649 557 916 630 ὀλεθρίοις
967 559 1366 628 προσαγαγεῖν,
1413 558 1513 622 τὰς
1567 559 1776 628 χρυσᾶς
1831 558 1924 610 δα-

2038 554 2334 608 idorationi
2417 567 2749 622 proponens.
2803 550 3009 618 Quibus
3073 549 3232 622 longe
3287 552 3608 617 antistabat,

335 653 539 726 μάλεις
614 651 726 704 τῶν
805 649 968 720 ἱερῶν
1037 648 1404 719 σεϐασμάτων
1460 649 1544 712 είς
1606 649 1916 720 προσκύνη-

2038 645 2430 717 pulchritudine
2474 645 2680 715 operis,
2712 643 3216 708 acclamationibus,
3243 654 3299 700 et
3328 643 3609 700 harmonia

331 765 425 802 σιν
461 746 572 800 τῶν
619 741 870 815 ματαίων
913 741 1374 812 ἀντιτεχνώμενος
1403 781 1418 806 ,
1451 733 1528 796 ὧν
1571 741 1719 812 μέγα
1753 741 1920 814 ὑπερ-

341 840 515 910 έσχε,
575 831 956 906 καλλιεργίοῐις
1031 851 1089 887 τε
1149 835 1247 886 καὶ
1307 833 1610 903 εὐφωνίαις
1655 834 1752 886 καὶ
1803 836 1917 897 τοῖς

339 931 606 1006 φθόγγοις
637 925 952 998 ὐπερηχούν
983 923 1332 994 εὐσημότερα
1353 941 1366 954 ·
1403 924 1587 976 ἐκεῖνο
1621 921 1677 975 δὲ
1707 921 1768 974 τὸ
1789 919 1919 991 περὶ

340 1021 403 1074 σὲ
426 1019 612 1090 θαῦμα
639 1017 700 1070 τὸ
729 1019 788 1070 ὲν
820 1014 1043 1069 σκεύεσι
1083 1017 1193 1079 τοῖς
1225 1013 1600 1086 χρυσηλάτοις
1627 1012 1917 1084 ὑπεράγαν

333 1109 760 1182 Θαυμαζόμενον
787 1149 804 1174 ,
854 1109 952 1162 καὶ
998 1107 1137 1179 πρὸς
1177 1107 1339 1161 ἑαυτὸ
1371 1108 1500 1170 τοὺς
1532 1105 1921 1174 πλανωμένους

331 1202 602 1256 ἁνθέλκον
630 1201 700 1270 τῇ
744 1197 994 1257 ποικιλία
1043 1198 1138 1251 atati.
1183 1197 1264 1268 τῷ
1297 1195 1558 1268 μεγέθει,
1590 1197 1659 1266 τῇ
1694 1195 1790 1249 ἐπὶ
1819 1193 1922 1265 τῆς

331 1293 690 1356 Βαϐυλωνίας
719 1290 890 1344 εἰκόνι
921 1293 1074 1359 παρὰ
1103 1288 1209 1342 τῶν
1237 1288 1660 1360 τεκτηναμένων
1689 1289 1922 1340 ἀντιπαο

336 1385 732 1459 ρατιθέμενον·
759 1382 814 1435 τί
841 1382 898 1434 δέ
929 1399 1013 1434 σοι
1031 1381 1092 1434 οὐ
1122 1381 1299 1452 μέγας
1328 1380 1511 1446 Ὀζίας
1539 1383 1567 1433 6
1599 1379 1920 1449 τολμητίας,

335 1478 366 1530 ό
413 1474 525 1528 τῶν
553 1471 694 1544 ὑπὲρ
723 1471 881 1537 ἀξίαν
913 1469 1223 1541 ἁπτόμενος
1253 1469 1350 1524 καὶ
1379 1469 1469 1523 διὰ
1495 1467 1656 1522 τοῦτο
1683 1467 1922 1540 λεπρού-

338 1583 534 1637 μενος;
561 1562 834 1632 Μανασσῆ
859 1562 916 1615 δέ
953 1578 1060 1625 σοι,
1094 1562 1197 1616 οὐκ
1225 1560 1374 1614 ἔστιν
1410 1561 1562 1624 ὅστις
1611 1561 1722 1614 τῶν
1747 1559 1924 1614 ἄλλων

335 1655 885 1728 παρεξετασθήσεται
907 1673 921 1686 ο
950 1655 1158 1718 πάντας
1185 1654 1294 1725 γὰρ
1315 1655 1443 1716 τοὺς
1471 1655 1558 1708 ἐπ’
1582 1652 1810 1724 ἀσεϐείᾳ
1830 1653 1925 1707 καὶ

333 1750 600 1820 ἀθεότητι
628 1745 1072 1816 γνωριζομένους
1103 1745 1510 1816 ὑπερϐαλέσθαι
1545 1745 1921 1816 ἁνιστόρηται,

336 1843 560 1896 πάντων
605 1837 1104 1912 προσοχθισμάτων
1147 1841 1244 1892 καὶ
1292 1837 1687 1909 βδελυγμάτων
1731 1837 1925 1892 ἑαυτὸν

2031 740 2235 792 musica
2301 737 2668 800 resonantius,
2732 735 3033 805 prodigium
3093 735 3222 790 illud
3289 744 3436 790 tuum
3493 735 3608 806 (88)

2027 831 2210 886 aureis
2236 831 2576 884 ornamentis
2603 829 2925 899 permirum.
2959 837 3011 883 et.
3045 829 3392 882 incautorum
3423 821 3616 882 οευιυὲ

2029 924 2296 978 varietate
2359 937 2423 978 ac
2457 921 2832 991 magnitudine
2859 921 3165 982 attrahens,
3213 919 3344 973 illud
3389 919 3610 989 inquam

2027 1015 2377 1086 Babylonica;
2411 1023 2608 1068 statuae
2647 1015 2716 1066 ab
2762 1011 3068 1066 artiﬁcibus
3095 1011 3418 1066 a’mulanler
3445 1024 3614 1080 oppo-

2028 1109 2218 1163 situm.
2257 1106 2394 1173 Quis
2443 1104 2539 1158 tibi
2573 1105 2788 1159 videtur
2821 1119 3050 1174 magnus
3080 1103 3170 1158 ille
3198 1104 3376 1158 audax
3417 1101 3611 1165 Ozias,

2028 1201 2120 1268 qui
2155 1213 2269 1252 rem
2299 1211 2464 1266 supra
2503 1211 2658 1250 suam
2693 1196 3015 1266 dignitatem
3046 1196 3356 1258 attentavit,
3381 1197 3612 1264 ideoque

2029 1289 2176 1359 lepra
2213 1289 2546 1358 percussus?
2572 1287 2846 1342 Manasses
2875 1297 3079 1352 autem,
3120 1295 3174 1344 te
3206 1287 3412 1356 judice,
3455 1301 3616 1344 neruo

2029 1395 2214 1452 parem
2274 1379 2537 1444 habt-hit;
2608 1379 2698 1433 hic
2759 1377 2902 1432 enim
2959 1395 3152 1434 omnes
3218 1381 3500 1450 impietate
3557 1389 3614 1434 et

2031 1471 2300 1526 atheismo
2340 1471 2586 1526 celebres
2646 1485 2938 1540 superasse
2988 1482 3268 1534 narratur,
3320 1472 3412 1542 qui
3459 1455 3606 1527 omni

2031 1561 2414 1619 scandalorum
2435 1570 2598 1632 atque
2627 1563 3089 1618 aboniiuationum
3114 1578 3313 1633 genere
3331 1577 3388 1618 se
3416 1562 3608 1617 subdi-

2033 1665 2228 1723 tosque
2249 1670 2380 1710 suos
2403 1655 2608 1710 obruit.
2631 1655 2794 1724 Atqui
2830 1655 3049 1721 horum,
3083 1655 3222 1710 alter
3250 1669 3424 1710 annos
3457 1655 3616 1726 quin-

2033 1745 2314 1816 quaginta,
2377 1745 2514 1801 alter
2550 1761 2678 1800 vero
2725 1747 2966 1816 quinque
3007 1761 3174 1816 supra
3218 1747 3616 1816 quinquaginta

2029 1835 2244 1892 Judaici
2272 1835 2456 1907 populi
2494 1837 2664 1892 tenuit
2693 1836 3004 1908 imperium.
3030 1837 3292 1894 Irridebis
3333 1847 3516 1894 autem
3550 1852 3617 1892 ac

336 1950 400 1986 τε
437 1935 533 1986 καὶ
577 1931 638 1985 τὸ
683 1931 924 2000 ὑπήκοον
975 1929 1124 1984 ἅπαν
1158 1931 1487 2002 ἀποπλήσας
1515 1947 1528 1962 ’
1570 1929 1781 1984 τούτων
1813 1929 1872 1983 δὲ
1904 1930 1933 1982 6

2038 1931 2266 2000 despues
2293 1929 2604 1999 religiosum
2630 1927 2862 1992 Josiam,
2889 1929 2981 1998 qui
3012 1929 3232 2000 pietatis
3270 1944 3384 1986 sua:
3423 1939 3616 1984 testem

339 2026 446 2094 μὲν
477 2025 600 2078 δυσὶ
635 2023 772 2095 πρὸς
807 2025 920 2085 τοῖς
973 2023 1319 2094 πεντήκοντα
1355 2024 1557 2087 ἐτεσιν,
1590 2023 1619 2074 6
1665 2021 1720 2074 δὲ
1765 2020 1930 2074 πέντε

340 2115 483 2187 πρὸς
515 2118 629 2179 τοῖς
664 2116 1008 2186 πεντήκοντα
1055 2112 1202 2168 κατὰ
1228 2115 1328 2184 τὴν
1371 2114 1546 2184 ἀρχὴν
1575 2114 1666 2166 ἐπὶ
1693 2112 1757 2166 τὸ
1793 2112 1929 2166 Ἰου-

343 2207 534 2260 δαϊκὸν
557 2205 742 2276 φῦλον,
767 2206 1064 2277 διήρκεσαν
1089 2203 1492 2275 βασιλεύοντες
1517 2205 1928 2275 καταμωμήσῃ,

348 2295 410 2352 εὖ
429 2293 568 2364 οἶδα,
589 2297 681 2350 καὶ
698 2296 1018 2362 διαπτύσεις
1039 2296 1130 2351 τὸν
1150 2295 1373 2367 θεοφιλῆ
1403 2297 1638 2358 Ἰωσίαν,
1659 2297 1752 2350 τὸν
1783 2294 1935 2366 παρὰ

347 2389 472 2461 Θεῷ
515 2389 602 2442 ἐπ’
647 2389 905 2461 εὐσεϐείᾳ
961 2389 1444 2465 μαρτυρούμενον,
1498 2390 1594 2442 καὶ
1635 2390 1819 2442 πίστει
1863 2390 1931 2459 τῇ

341 2479 482 2550 ὀρθῇ
515 2481 640 2544 τοὺς
665 2479 863 2542 ἄλλους
897 2479 1265 2551 ὐπερίσχοντα
1291 2520 1306 2544 ,
1337 2479 1419 2533 ὅτι
1448 2478 1658 2542 ἀκλεῶς
1691 2478 1784 2532 τὸν
1815 2478 1933 2548 βίον

339 2572 672 2637 κατέλυσεν,
715 2571 824 2625 ὑπὸ
866 2568 978 2624 τῶν
1008 2571 1070 2623 οὐ
1103 2569 1488 2641 πολεμούντων
1529 2568 1750 2641 βληθεὶς
1776 2609 1792 2634 ,
1839 2570 1936 2623 καὶ

336 2663 442 2716 τοῦ
482 2662 727 2731 πολέμου
767 2660 830 2713 τὸ
872 2659 1104 2714 ἄπιστον
1145 2661 1205 2714 οὐ
1245 2659 1658 2733 προορώμενος·
1709 2661 1934 2714 ἐκείνων

333 2753 607 2806 ἁπάντων
660 2749 749 2804 διά
798 2767 858 2802 τε
900 2749 1032 2812 τοὺς
1081 2749 1310 2820 χρόνους
1371 2750 1464 2802 καὶ
1517 2749 1616 2820 τὴν
1649 2749 1934 2820 παροῦσαν

333 2841 652 2912 εὐημερίαν
675 2840 1096 2914 ὐπεραγάμενος
1117 2838 1273 2910 δέχου
1298 2838 1366 2892 τὰ
1391 2839 1508 2910 ἔθη,
1535 2841 1626 2892 τόν
1652 2855 1711 2892 τε
1734 2838 1936 2910 τρόπον

333 2935 442 2986 καὶ
466 2934 565 3004 τὴν
578 2931 882 3002 θρησκείαν
907 2931 1067 3001 τίμα·
1100 2931 1434 3002 κατακρότει
1463 2933 1584 2994 ταῖς
1613 2930 1934 3002 εὐφημίαις,

331 3021 616 3092 στεφανοῦ
644 3024 764 3085 ταῖς
794 3021 1227 3092 ὑπερκειμέναις
1248 3020 1447 3088 δόξαις*
1478 3019 1650 3092 μιμοῦ
1673 3022 1766 3075 τὸν
1799 3020 1934 3091 βίον,

332 3111 601 3179 ἀσπάζου
635 3114 734 3178 τὰς
762 3113 1019 3184 πράξεις,
1052 3113 1616 3185 σπονδὰς,προσχέων
1652 3114 1800 3168 τέλει
1841 3113 1937 3168 καὶ

330 3208 446 3271 τὰς
476 3207 693 3271 θυσίας,
730 3207 1094 3278 ὲνευφραίνου
1123 3207 1243 3270 ταῖς
1263 3206 1528 3274 τελεταῖς,
1556 3207 1650 3261 καὶ
1681 3210 1792 3270 τοῖς
1825 3209 1937 3270 σοῖς

2034 2016 2202 2074 Deum
2226 2017 2432 2081 habuit,
2460 2019 2786 2086 caeteruqzie
2815 2029 2959 2072 recta
2994 2018 3098 2074 fide
3121 2019 3459 2083 autecelluit,
3487 2019 3617 2089 quia

2035 2107 2298 2180 inglorius
2320 2107 2486 2164 vitam
2512 2109 2684 2166 ίὶιιῖνίι
2704 2123 2732 2160 a
2758 2110 2944 2164 nescio
2967 2123 3074 2178 quo
3103 2118 3404 2179 pugnatore
3429 2111 3606 2166 vulne-

2035 2212 2210 2268 ratus,
2261 2203 2388 2256 dum
2426 2201 2598 2272 prmlii
2654 2201 2898 2272 pericula
2955 2217 3062 2256 non
3101 2203 3236 2256 satis
3281 2211 3456 2256 cavet.
3495 2201 3622 2258 Illo-

2035 2287 2156 2349 rum
2213 2293 2482 2357 omnium,
2538 2294 2689 2364 regni
2743 2293 2978 2362 spatium
3044 2295 3447 2364 praesentisque
3496 2297 3620 2349 vitae

2036 2383 2355 2441 felicitatem
2385 2385 2688 2448 admirans,
2723 2400 2904 2441 mores
2929 2385 3168 2450 imitare,
3201 2395 3252 2440 et
3288 2386 3414 2440 vitae
3444 2399 3620 2470 genus

2035 2493 2101 2533 ac
2157 2477 2474 2549 religionem
2507 2478 2742 2545 ambito;
2795 2479 3012 2548 plaude,
3053 2478 3321 2543 acclama,
3367 2478 3622 2534 laudibus

2036 2570 2256 2625 eximiis
2279 2585 2414 2624 orna
2447 2587 2461 2622 :
2514 2569 2680 2624 vitam
2717 2580 2948 2632 sectare,
2991 2567 3134 2624 facta
3177 2569 3622 2632 aunulare,liba-

2039 2663 2214 2718 tiones
2247 2663 2464 2716 demum
2523 2676 2587 2716 ac
2625 2661 2877 2716 victimas
2918 2660 3028 2714 illis
3075 2659 3232 2725 affer,
3282 2660 3468 2729 gaude.
3537 2659 3622 2715 eis

1969 2801 1986 2817 .
2037 2754 2375 2820 sacriﬁcans,
2431 2762 2594 2823 atque
2640 2761 2698 2806 ut
2748 2753 2856 2808 tuis
2915 2753 3030 2808 haec
3078 2751 3300 2818 adhibe,
3336 2753 3383 2806 si
3415 2749 3618 2821 placet,

2037 2843 2228 2908 adora,
2264 2844 2490 2914 hymnis
2523 2843 2764 2910 celebra,
2795 2843 2968 2898 sacris
3002 2844 3199 2898 ritibus
3223 2843 3362 2908 cole,
3394 2857 3622 2912 respon-

2037 2935 2224 2991 siones
2275 2935 2624 2990 fatidicorum
2690 2935 2839 3000 audi,
2895 2935 3167 3004 interroga
3222 2929 3616 3005 g‘eomanticos,

2037 3026 2504 3099 engastrimythos
2537 3027 2785 3082 consule.
2837 3027 2976 3092 Quid
3021 3027 3166 3081 aliud
3207 3026 3428 3082 dicam?
3457 3043 3620 3082 curre

2037 3122 2104 3176 ad
2143 3121 2440 3186 daemones,
2476 3136 2504 3174 a
2534 3121 2732 3191 quibus
2767 3123 3028 3192 magister
3073 3130 3196 3175 tuus
3225 3120 3511 3190 agebatur,
3555 3127 3616 3172 ut

2041 3209 2256 3268 facilius
2282 3213 2360 3266 sis
2401 3211 2554 3277 felix,
2590 3221 2648 3266 ut
2683 3227 2822 3282 pane
2849 3213 3084 3281 vinoque
3114 3212 3416 3282 itnplearis,
3446 3227 3616 3282 reque
3685 3282 3696 3292 α

330 3297 520 3352 ταῦτα
541 3297 819 3370 πρόσφερέ
845 3315 928 3366 τε,
946 3298 1001 3352 εἴ
1022 3315 1110 3352 σοι
1135 3299 1372 3370 αἱρετὸν,
1402 3299 1496 3353 καὶ
1519 3299 1812 3371 προσκύνει
1845 3301 1934 3353 καὶ

2040 3303 2189 3358 omni
2218 3319 2378 3373 quam
2414 3311 2561 3358 terra
2585 3304 2920 3373 suppeditat,
2946 3319 3176 3376 qumque
3201 3319 3232 3358 a
3257 3305 3494 3360 terrenis
3521 3319 3619 3374 ap-

330 3389 539 3454 δόξαζε
566 3407 580 3420 ·
618 3389 776 3445 τελοῦ
821 3393 936 3456 τοῖς
982 3389 1344 3462 μυστηρίοις,
1391 3391 1550 3462 δέχου
1593 3391 1692 3456 τὰς
1747 3393 1937 3462 ῥήσεις

337 3482 460 3536 τῶν
490 3481 887 3553 χρησμολόγων
907 3521 922 3547 ,
956 3482 1146 3551 πύθου.
1164 3481 1272 3536 τῶν
1315 3483 1425 3536 ἀπὸ
1448 3483 1554 3554 γῆς
1585 3482 1932 3552 φωνούντων,

340 3575 476 3636 ταῖς
507 3575 974 3646 ἐγγαστριμύθοις
1011 3573 1384 3649 προσέδρευεο
1422 3575 1476 3627 τί
1505 3573 1676 3628 τᾶλλα
1713 3574 1931 3642 λέγειν,

335 3666 660 3738 πρόστρεχε
688 3668 803 3730 τοῖς
832 3667 1088 3739 δαίμοσιν
1107 3663 1196 3732 οἷς
1225 3670 1254 3720 6
1281 3665 1370 3730 σδς
1399 3665 1722 3730 διδάσκαλος
1743 3667 1932 3736 ἧγετο·

2039 3395 2269 3466 petitur.
2328 3392 2461 3448 Filii
2517 3396 2784 3449 hominum
2839 3396 3091 3468 (magnus
3143 3397 3297 3450 vobis
3354 3395 3616 3450 inclamat

2043 3485 2235 3550 David,
2273 3501 2372 3540 ceu
2403 3486 2746 3543 vocalissima
2793 3488 2941 3552 tuba,
2995 3496 3253 3556 tanquam
3298 3485 3366 3542 de
3399 3485 3620 3556 specula

2037 3577 2290 3646 celsoque
2329 3577 2448 3631 loco
2502 3578 2848 3649 praedicans),
2896 3593 3160 3647 usquequo
3219 3577 3365 3646 gravi
3417 3577 3622 3630 corde?

2043 3684 2140 3722 cur
2167 3667 2393 3738 diligitis
2421 3670 2723 3732 varrilatem,
2751 3677 2802 3722 et
2833 3669 3167 3723 mendacium
3193 3667 3432 3736 quwritis
3449 3663 3530 3718 ⁸⁸2

335 3761 438 3813 ἵνα
473 3761 570 3814 καὶ
602 3762 732 3833 ῥᾷον
765 3761 1118 3834 εὐημερήσῃς
1147 3801 1164 3827 ,
1193 3758 1298 3815 καὶ
1330 3758 1578 3830 πλησθῇς
1629 3759 1810 3830 ἄρτων
1841 3760 1936 3814 καὶ
1972 3759 2144 3826 οίνου,
2175 3761 2269 3814 καὶ
2298 3761 2517 3814 πάντων
2547 3741 2648 3814 ἓσα
2718 3758 2871 3832 παρὰ
2938 3758 3040 3828 τῆς
3070 3758 3176 3828 γῆς
3213 3756 3482 3810 ἐκδίδοται
3525 3752 3621 3807 καὶ

335 3857 460 3920 τοῖς
491 3856 700 3926 γηῖνοις
733 3855 1120 3922 σπουδάζεται·
1173 3855 1297 3912 Υίοὶ
1327 3854 1656 3924 ἀνθρώπων
1681 3897 1696 3921 9
1727 3859 1756 3910 ὁ
1800 3858 1973 3929 μέγας
2029 3861 2158 3931 ὑμῖν
2225 3859 2481 3930 ὲμϐοάτω
2521 3859 2726 3924 Δαϐὶδ,
2796 3853 2886 3912 οἷά
2941 3874 3024 3922 τις
3089 3855 3326 3924 σάλπιγξ
3386 3851 3624 3924 μεγαλό-

339 3963 531 4017 φωνος
554 3947 674 4011 ν’ὡς
723 3947 788 4000 ἐκ
832 3946 1121 4018 περιωπῆς
1172 3951 1276 4002 και
1323 3945 1530 4023 ὑψηλοῦ
1579 3946 1806 4017 ὐπηχῶν
1835 3949 1931 4003 τοῦ
1972 3950 2331 4022 κηρύγματος
2361 3988 2377 4013 ,
2430 3947 2541 4012 ἕως
2602 3949 2749 4002 πότε
2807 3943 3245 4016 βαρυκὰρδιοι;
3274 3944 3374 3997 ἵνα
3399 3941 3457 3996 τί
3477 3941 3624 4010 ἀτα-

338 4038 503 4096 πᾶτε
531 4042 900 4111 ματαιότητα
933 4043 1033 4098 καί
1073 4041 1293 4110 ζητεῖτε
1326 4041 1597 4110 ψεῦδοω

416 4177 517 4232 σε’.
572 4177 732 4246 Μέγα
763 4194 818 4230 τι
858 4176 926 4232 τὰ
971 4180 1220 4252 παρόντα
1273 4179 1762 4253 ὑπολαμϐάνοντες
1787 4226 1802 4251 ,
1843 4187 1942 4240 καὶ

345 4273 469 4333 τοῖς
501 4269 762 4340 φθαρτοῖς
791 4271 887 4323 καὶ
917 4272 1206 4342 ὲπικήροις
1236 4273 1297 4325 τὸ
1329 4274 1446 4327 πᾶν
1473 4275 1572 4344 τῆς
1599 4275 1746 4347 ζωῆς
1783 4293 1942 4349 περι-

344 4362 664 4424 κλείοντες.
717 4359 881 4414 πόθεν
932 4377 1015 4414 σοι
1059 4363 1092 4432 ὴ
1131 4363 1305 4434 μικρὰ
1351 4364 1538 4434 ἐκείνη
1583 4365 1668 4435 ἐφ’
1797 4369 1940 4440 μέγα

349 4454 576 4526 φρονεῖς
607 4453 914 4523 εὐημερία,
950 4454 1046 4507 καὶ
1079 4454 1201 4507 ὅθεν
1235 4471 1315 4508 σοι
1349 4455 1422 4508 τὰ
1445 4455 1597 4510 ,ὥνια
1637 4459 1940 4528 strauisse;

2117 4189 2206 4244 75.
2235 4180 2457 4244 Grande
2479 4185 2683 4256 aliquid
2733 4185 2822 4241 isti
2868 4184 3187 4239 existimant
3221 4195 3342 4236 esse
3374 4192 3463 4233 res
3486 4191 3628 4246 prae-

2045 4290 2248 4346 sentes,
2277 4289 2330 4334 et
2362 4279 2803 4348 corruptibilibus
2829 4286 2996 4346 atque
3021 4272 3243 4328 caducis
3291 4277 3462 4326 totum
3499 4269 3624 4323 vitae

1999 4397 2011 4406 -
2046 4371 2320 4441 negotium
2345 4369 2802 4424 circumcludunt.
2836 4365 3012 4429 Unde,
3038 4365 3287 4432 inquam,
3321 4360 3416 4414 tibi
3455 4372 3624 4428 parva

2049 4463 2162 4527 illa,
2204 4477 2366 4530 quam
2418 4469 2702 4528 tantopere
2739 4455 2934 4524 jactas,
2975 4453 3244 4509 felicitas?
3281 4452 3444 4515 unde,
3476 4463 3622 4520 quae-

348 4545 407 4597 εἴ
437 4560 521 4597 σοι
557 4543 618 4597 οὐ
653 4545 858 4614 τραχὺς
881 4545 910 4597 6
946 4543 1140 4614 λόγος,
1169 4547 1387 4602 ἀκούων
1425 4548 1709 4618 έπίγνωθι.
1755 4552 1814 4606 '0
1848 4571 1934 4624 μι-

2051 4567 2130 4616 εο,
2157 4551 2422 4619 stipendia
2458 4565 2580 4604 eum
2619 4563 2966 4618 comparasse
2993 4545 3192 4616 putas?
3222 4543 3335 4600 Nisi
3372 4544 3469 4599 tibi
3503 4558 3623 4599 mo-

353 4638 770 4708 σοχριστότατος
805 4638 902 4692 καὶ
921 4638 1384 4711 φιλοχρυσότατος
1413 4641 1686 4714 τύραννος
1709 4685 1724 4711 ,
1755 4646 1818 4698 τὸ
1846 4646 1942 4700 τοῦ

351 4729 558 4800 χρυσοῦ
589 4730 929 4800 ἀνδράποδον
958 4771 972 4793 ,
1006 4733 1035 4784 6
1082 4731 1176 4785 τὸν
1209 4733 1404 4786 Λύδιον
1434 4736 1648 4790 έκεῖνον
1686 4738 1753 4807 τῇ
1797 4737 1946 4808 φιλο-

346 4821 546 4893 χρύσῳ
607 4823 777 4895 μανίᾳ
842 4825 1312 4896 ὑπερϐαλόμενος,
1361 4831 1458 4882 καὶ
1513 4829 1634 4881 θεὸν
1677 4829 1770 4881 τὸν
1815 4847 1948 4902 χρυ-

348 4911 449 4966 σὺν
513 4911 654 4979 μετὰ
716 4915 818 4980 τῆς
881 4913 1098 4978 κοιλίας
1149 4916 1496 4986 ἡγούμενος*
1557 4916 1585 4966 ό
1639 4914 1944 4985 βαρύτατος

349 5001 656 5072 φορολόγος
677 5044 692 5068 ,
745 5003 841 5056 καὶ
877 5005 1253 5076 ἀπαραίτητος
1275 5047 1290 5070 ,
1321 5007 1413 5058 τὸν
1449 5007 1630 5060 κλοιὸν
1661 5006 1776 5058 τῶν
1808 5006 1946 5060 ὐπο-

353 5093 540 5166 φόρων
590 5095 673 5157 εἰς
717 5096 799 5148 ὅτι
847 5096 1083 5166 μάλιστα
1143 5098 1524 5170 κατεϐἁρυνε,
1579 5101 1804 5168 συχναῖς
1849 5100 1946 5152 καὶ

356 5184 600 5252 ἐτησίοις
637 5186 986 5260 προσθήκαις
1042 5189 1154 5243 τῶν
1198 5191 1554 5261 τελεσμάτων
1583 5227 1603 5254 ,
1652 5191 1781 5254 τούς
1842 5190 1943 5262 τῆς

357 5280 634 5352 γεωργίας
662 5279 913 5344 ἅπαντας
962 5283 1165 5348 πιέζων
1201 5285 1296 5340 καὶ
1335 5284 1653 5340 ἀποθλίϐων
1693 5300 1945 5355 παρανο-

433 5455 486 5492 ⁸⁸
519 5459 664 5516 Psal.
693 5477 767 5526 tv,
795 5461 849 5517 5.

434 5636 548 5708 (88)
575 5637 800 5722 Videtur
838 5639 981 5722 loqui
1020 5640 1362 5711 Nicephorus
1405 5643 1473 5698 de
1512 5643 1696 5712 aliqua
1734 5640 1943 5711 Cupro-

358 5721 528 5779 nyino
558 5721 740 5779 erecta
773 5721 968 5778 ltiStgnt
1005 5722 1202 5767 statua.

434 5777 550 5849 (89)
579 5777 774 5855 Midam
809 5777 1031 5855 scilicet,
1063 5785 1205 5855 quod
1238 5798 1432 5855 nomen
1476 5784 1710 5855 impOuit
1733 5783 1945 5855 Copto-

364 5847 539 5920 nytno
577 5847 910 5919 Nicephorns
962 5847 1126 5907 etiam
1157 5853 1210 5907 itt
1251 5847 1646 5922 Breviarin,'ad
1692 5872 1784 5908 un.
1817 5847 1944 5919 7767,
1984 5849 1991 5856 ’

2049 4643 2218 4698 lestus
2243 4652 2326 4697 est
2355 4656 2555 4708 sermo,
2582 4641 2705 4695 audi
2732 4650 2786 4695 et
2813 4655 3105 4712 cognosce.
3132 4640 3334 4695 Cirriin
3360 4641 3624 4696 inimicis-

2051 4733 2244 4798 simus,
2277 4733 2395 4787 auri
2426 4732 2836 4787 amantissimus
2868 4741 3155 4802 tyrannus,
3198 4733 3442 4801 pecunia:
3469 4747 3629 4786 mau-

2052 4827 2276 4897 cipium,
2311 4827 2401 4894 qui
2439 4825 2644 4897 Lydum
2681 4825 2830 4879 illum
2869 4825 2982 4897 (89)
3025 4823 3144 4879 auri
3195 4825 3384 4880 insana
3421 4824 3632 4895 cupidi-

2055 4929 2165 4975 tate
2195 4919 2466 4986 vincebat,
2512 4917 2667 4991 141
2717 4933 3025 4988 aurumque
3087 4934 3150 4974 ac
3225 4927 3474 4973 ventrem
3507 4923 3634 4974 loco

2050 5009 2144 5065 Dei
2180 5011 2436 5076 habebat,
2481 5022 2706 5066 exactor
2735 5011 3096 5079 gravissimus
3148 5020 3204 5066 et
3246 5010 3629 5072 inexorabilis,

2052 5103 2463 5157 tributariorum
2515 5101 2728 5156 clavum
2764 5103 2948 5173 magis
2988 5103 3270 5174 magisque
3298 5103 3634 5173 aggraVabat

2053 5194 2429 5262 frequentibus
2497 5195 2806 5264 annuisqne
2859 5195 3190 5250 tributorum
3245 5193 3630 5258 incrementis,

2052 5284 2320 5352 agricolas
2341 5299 2532 5340 omnes
2553 5299 2807 5356 premens
2831 5295 2888 5341 et
2911 5285 3224 5356 opprimens
3249 5283 3632 5355 iniustissime,

2049 5658 2158 5712 quo
2189 5643 2308 5698 loco
2356 5655 2544 5699 narrat
2574 5654 2744 5701 totmn
2787 5660 2926 5712 pene
2967 5647 3180 5716 imperii
3211 5664 3402 5704 aurum
3450 5649 3520 5705 ab
3549 5650 3640 5706 illo

2054 5716 2104 5766 in
2131 5717 2414 5790 __a3ra_riuni
2440 5732 2620 5790 suum
2664 5729 2976 5790 congestim]
3013 5721 3217 5790 fuisse,
3250 5721 3496 5790 spoliatis
3543 5738 3642 5790 pn-

2053 5784 2214 5862 pulis.
2246 5781 2608 5862 Theophanes
2648 5781 2812 5841 etiarn
2847 5787 3045 5843 Chron.
3075 5792 3161 5846 ed.
3196 5781 3369 5846 Patris.
3409 5809 3463 5862 p.
3499 5781 3634 5856 573.

2053 5852 2452 5928 Cttpt'ouytuuin
2507 5855 2660 5910 Multi:
2717 5869 3021 5927 comparat.
