4004 6418
548 443 654 510 515

1579 433 1640 494 S.
1683 430 2101 493 NICEPIIORI
2138 427 2642 492 PATRIARCILE
2679 419 2790 489 CPL
3526 491 3542 508 ,
3679 429 3760 494 5ιῦ

545 551 682 603 adeo
712 554 770 601 ut
810 559 917 599 uno
964 555 1188 597 nummo
1238 554 1405 609 aureo
1453 538 1706 594 universa
1743 537 1846 591 viri
1877 537 2128 607 agricolae

2249 533 2498 609 μώτατα,
2531 532 2606 596 ὡς
2651 532 2770 594 ένδς
2812 529 3075 600 χρυσίνου
3119 531 3218 604 τήν
3258 532 3568 603 περιουσίαν
3603 535 3758 606 ἀνδρὸς
3801 588 3807 597 _

545 639 855 696 substantia
887 637 992 690 emi
1041 635 1202 690 facile
1231 642 1439 703 posset.
1482 630 1612 685 Novi
1668 645 1768 700 ego
1800 632 2127 685 tributorum

545 747 708 785 causa
751 727 994 783 infelices
1024 727 1275 780 homines
1327 723 1494 778 celsis
1546 725 1897 790 procerisque
1926 722 2132 776 arbori—

545 818 646 873 bus
683 819 937 872 manibus
964 816 1184 886 illigatis
1221 827 1540 881 suspensos,
1575 813 1646 865 ita
1693 821 1751 866 ut
1787 815 1840 866 in
1875 827 2000 866 aere
2038 813 2128 865 diu

547 909 656 963 alte
685 911 1019 978 penderent;
1062 915 1223 975 atque
1262 904 1403 958 hanc
1429 906 1683 958 acerbam
1728 905 2132 975 violentamth

549 1006 836 1075 pertulisse
892 1018 1134 1072 pinnam,
1179 1001 1305 1072 quia
1349 999 1573 1068 publica
1628 1000 1830 1054 tributa
1871 1000 2132 1055 solvendo

547 1112 652 1148 non
689 1105 867 1149 erant.
896 1093 974 1146 Tu
1018 1107 1146 1146 vero
1177 1107 1280 1144 non
1327 1091 1609 1145 erubescis
1649 1106 1824 1159 neque
1859 1090 1996 1144 intra
2031 1092 2130 1144 htt-

550 1203 694 1238 tnum
725 1197 774 1238 te
801 1185 976 1247 abdis,
1009 1184 1099 1251 qui
1131 1185 1502 1252 proximorum
1529 1193 1745 1236 tuorum
1771 1184 1936 1237 vitam
1969 1184 2130 1237 devo-

549 1293 659 1342 ras,
691 1287 747 1332 et
782 1277 1124 1346 popularium
1158 1290 1352 1328 carnes
1381 1275 1488 1327 into
1516 1276 1697 1343 potius
1729 1275 1874 1342 ipsas
1896 1274 2128 1338 animas,

549 1371 650 1423 levi
679 1370 797 1422 auri
824 1367 1269 1439 pondere‘vendis
1296 1384 1310 1432 ;
1345 1382 1407 1420 ac
1426 1378 1544 1420 tuas
1563 1367 1787 1422 delicias
1813 1367 2132 1433 lucrumque

547 1464 840 1516 exitiosum
877 1461 1086 1516 alienas
1119 1460 1464 1514 calamitates
1494 1459 1670 1514 facis?

619 1663 710 1716 76.
749 1660 874 1715 Ideo
909 1671 960 1714 tu
1007 1659 1222 1729 imperii
1261 1657 1622 1712 diuturnitate
1647 1665 1698 1710 et
1729 1655 1992 1711 felicitate
2019 1654 2130 1724 glo-

548 1755 751 1808 riaris?
783 1752 987 1820 Magna:
1024 1752 1118 1804 tibi
1145 1751 1398 1803 videntur
1423 1764 1508 1802 res
1545 1759 1859 1817 praesentes,
1900 1757 1952 1803 et
1982 1751 2128 1804 omni

545 1843 911 1897 admiratione
979 1840 1190 1911 dignae?
1255 1841 1552 1894 Commove
1618 1840 1878 1908 deinceps
1941 1852 2127 1895 contra

2231 623 2480 694 γεωργοῦ
2521 624 2769 687 ἀπασαν,
2801 621 3041 692 εὐχερῶς
3074 625 3139 678 ἀν
3169 641 3253 686 τις
3289 624 3615 696 ἐξωνήσατοο
3646 624 3758 682 εἶδον

2233 717 2410 784 ἔγωγε
2449 716 2560 769 τῶν
2590 714 2943 783 τελεσμάτων
2991 715 3152 784 χάριν
3193 714 3511 786 ἀνθρώπους
3542 717 3730 784 ἀθλίους
3751 764 3762 785 ,

2231 808 2511 878 δένδρεσιν
2551 806 2780 877 ὑψηλοῖς
2823 824 2881 860 τε
2923 808 3017 860 καὶ
3050 808 3321 880 εὐμήκεσι
3346 849 3361 873 ,
3393 810 3582 882 χειρῶν
3625 812 3763 885 ἐξημο

2236 900 2434 970 μένους
2477 900 2771 970 ἐκκρεμεῖς
2800 939 2814 962 ,
2849 897 2926 962 ὡς
2971 899 3064 950 ἐπὶ
3109 899 3202 953 τὸν
3235 901 3374 970 ἀέρα
3418 903 3506 954 ἐπὶ
3539 902 3659 957 πολὺ
3691 922 3764 974 με·

2230 991 2591 1062 τεωρίζεσθαι
2613 1029 2628 1055 ,
2660 992 2757 1044 καὶ
2796 991 3006 1060 ταύτην
3040 993 3246 1061 πικρὰν
3276 995 3368 1047 καὶ
3399 994 3574 1064 βιαίαν
3616 997 3766 1066 διαφέ-

2236 1099 2428 1152 ροντας
2468 1083 2761 1152 τιμωρίαν,
2796 1083 3003 1152 ἀπορίᾳ
3029 1081 3137 1135 τῶν
3166 1082 3447 1152 δημοσίων
3485 1086 3651 1157 φόρων
3673 1105 3684 1118 ο
3717 1091 3766 1142 σὺ

2230 1171 2286 1224 δὲ
2323 1172 2423 1224 οὐκ
2467 1172 2702 1244 αἰσχύνῃ
2751 1172 2846 1224 καὶ
2894 1172 3140 1242 καταδύῃ
3182 1173 3292 1225 τῶν
3331 1173 3498 1238 πέλας
3536 1175 3625 1246 τὴν
3652 1175 3767 1248 ζωὴν

2231 1262 2721 1332 ἐκκαρπούμενος,
2777 1264 2875 1316 καὶ
2926 1264 3022 1328 τὰς
3071 1265 3283 1335 σάρκας
3339 1265 3446 1319 τῶν
3497 1266 3765 1336 ὁμοφύλων,

2235 1353 2436 1423 μᾶλλον
2483 1355 2539 1408 δὲ
2574 1355 2753 1426 ψυχὰς
2790 1355 2963 1418 αὑτὰς
2985 1394 3001 1418 ,
3036 1359 3255 1427 μικροῖς
3298 1360 3579 1428 σταθμίοις
3624 1363 3762 1430 ἐμπο-

2233 1446 2559 1516 ρευόμενος’
2616 1448 2713 1500 καὶ
2751 1449 2968 1518 τρυφὴν
3009 1449 3182 1517 ίδίαν,
3235 1450 3329 1502 καὶ
3377 1450 3563 1521 κέρδος
3611 1454 3766 1524 ἐπιζή-

2235 1552 2377 1604 μιον,
2409 1538 2507 1602 τὰς
2539 1537 2830 1608 ἀλλοτρίας
2862 1541 3154 1611 συμφορὰς
3207 1541 3567 1612 ἐργαζόμενος
3604 1547 3763 1615 (τη-ἠς

2301 1655 2408 1714 ος¹.
2451 1648 2551 1702 Διά
2598 1649 2757 1704 τοῦτο
2801 1650 3090 1725 ἐπαγάλλῃ
3139 1656 3252 1716 τοῖς
3283 1655 3496 1724 χρόνοις
3545 1657 3632 1710 καὶ
3675 1662 3767 1722 ταῖς

2233 1741 2556 1812 εὐημερίαις
2584 1758 2598 1806 ;
2635 1743 2848 1814 μεγάλα
2881 1761 2964 1796 σοι
2986 1747 3052 1797 τὰ
3086 1745 3335 1819 παρόντα
3363 1747 3578 1822 καὶτοῦ
3608 1751 3768 1814 παντὸς

2235 1832 2514 1904 θαύματος
2541 1833 2667 1899 ἀξια
2696 1855 2710 1900 ;
2745 1835 2900 1889 Κίνει
2922 1837 3109 1891 λοιπὸν
3144 1839 3288 1893 κατὰ
3326 1840 3422 1894 τοῦ
3450 1842 3668 1895 Κτίστου
3692 1843 3767 1913 τὴν

541 1931 858 1986 Creatorem
893 1932 1129 2000 linguam
1166 1945 1180 1983 :
1211 1941 1453 1984 armatas
1483 1930 1748 1984 adversus
1777 1927 2124 2000 Uuigenitum

2231 1926 2522 1996 γλῶσσαν·
2564 1928 2755 1993 ὃπλιζε
2799 1929 2941 1982 κατά
2987 1929 3088 2000 τῆς
3134 1930 3228 1984 τοῦ
3264 1932 3602 2000 Μονογενοῦς
3645 1934 3768 2005 δόξης

541 2039 734 2078 exsere
769 2038 960 2076 manus
986 2043 1000 2076 ;
1037 2033 1326 2076 contemne
1349 2021 1652 2086 Christum,
1675 2023 1803 2092 quia
1846 2022 1898 2075 in
1926 2032 2128 2078 terram

541 2112 860 2174 adveniens,
919 2109 1107 2164 humili
1155 2109 1355 2178 vilique
1410 2111 1592 2178 specie
1643 2112 1921 2180 apparuit,
1967 2121 2132 2182 atque

543 2201 786 2252 ontnium
814 2198 1217 2268 pauperrimus,
1247 2213 1422 2267 neque
1448 2199 1654 2253 habens
1707 2200 1796 2253 ubi
1836 2211 1998 2270 caput
2038 2215 2130 2255 re-

546 2287 803 2355 clinaret,
855 2287 1108 2356 vulpibus
1135 2287 1435 2355 avibusque
1471 2289 1740 2358 egentior,
1771 2290 1989 2344 brevem
2025 2292 2132 2346 dis-

544 2380 848 2448 cipulorum
883 2393 1170 2434 numerum
1212 2380 1461 2445 trahens,
1519 2390 1682 2450 atque
1717 2381 1816 2436 hos
1844 2397 2042 2451 egenos
2066 2399 2131 2439 ac

545 2486 816 2542 pauperes
869 2489 884 2526 :
932 2471 1092 2525 morti
1133 2473 1464 2539 turpissima:
1519 2487 1617 2526 ceu
1654 2472 1961 2527 maleﬁcum
2001 2489 2130 2528 son-

543 2571 766 2632 temque
806 2563 1048 2617 addicito
1081 2581 1094 2616 :
1131 2563 1298 2617 irride
1331 2579 1552 2617 crucem
1585 2574 1750 2632 atque
1788 2566 2126 2634 passionem,

540 2673 706 2728 quam
751 2657 827 2710 tui
853 2672 1018 2712 causa
1062 2656 1230 2712 subiit
1269 2671 1284 2711 :
1341 2655 1604 2725 prodigiis
1641 2655 1912 2721 discrede,
1959 2658 2127 2710 mira-

543 2750 668 2804 cula
704 2750 930 2819 despue,
975 2749 1208 2802 ludibrio
1265 2747 1402 2803 habe
1443 2763 1566 2802 cum
1615 2747 1818 2804 Judaeis
1873 2763 2124 2804 resurre-

542 2846 802 2908 ctionem,
831 2847 1055 2915 objurga
1089 2844 1482 2914 discipulorum
1517 2844 1773 2914 inopiam,
1814 2846 1932 2901 sine
1964 2862 2130 2917 pecu-

544 2939 658 3001 nia,
716 2939 835 2993 sine
887 2937 1108 3001 baculo,
1168 2953 1273 2991 una
1307 2953 1427 2991 cum
1493 2938 1678 2992 tunica
1717 2953 2128 3008 quaquaversus

544 3039 738 3084 euntes
773 3014 1110 3098 aspernare,
1139 3039 1191 3082 et
1227 3028 1483 3104 pulchros
1508 3030 2001 3100 evangelizantium
2035 3046 2130 3100 pe-

541 3122 660 3184 des,
689 3121 954 3175 infaustos
1011 3122 1266 3175 existima
1311 3136 1326 3174 :
1359 3122 1548 3176 deride
1580 3131 1750 3176 testes
1789 3123 2041 3178 veritatis
2071 3125 2125 3178 in

540 3213 821 3268 doloribus
875 3225 929 3268 et
995 3215 1326 3268 adversitate
1399 3214 1730 3282 patientes:
1805 3213 2124 3269 facultatum

2232 2021 2333 2083 τὰς
2369 2023 2589 2090 χεῖρας*
2639 2021 2920 2085 ἐξουδένου
2951 2022 3188 2092 Χριστὸν
3215 2064 3229 2088 ,
3257 2024 3342 2078 ὅτι
3373 2025 3465 2078 ἐπὶ
3495 2025 3592 2096 γῆς
3637 2025 3768 2080 ἐλθὼν

2233 2111 2496 2174 ταπεινὸς
2536 2110 2694 2181 ὤφθη
2726 2113 2823 2165 καὶ
2849 2113 3079 2182 εὐτελὴς
3105 2113 3162 2166 τὺ
3183 2114 3536 2185 φαινόμενον,
3561 2115 3648 2168 καὶ
3668 2116 3770 2169 πάνυ

2231 2219 2342 2256 των
2378 2203 2705 2275 πενέστερος
2731 2246 2745 2269 ,
2793 2206 2888 2258 καὶ
2927 2206 3030 2259 οὐκ
3078 2207 3220 2277 ἔχων
3264 2207 3390 2261 ὅποι
3430 2210 3528 2280 τὴν
3570 2208 3770 2280 κεφαλὴν

2231 2294 2411 2368 κλίνῃ,
2441 2295 2744 2350 ἀλωπέκων
2768 2297 2862 2350 καὶ⁵
2896 2298 3162 2350 πετεινῶν
3187 2299 3562 2370 ἀπορώτερος,
3593 2300 3769 2371 ἀριθμῴ

2233 2385 2455 2457 βραχεῖς
2496 2387 2746 2458 μαθητὰς
2783 2389 3154 2460 ἐπαγόμενος,
3190 2391 3285 2443 καὶ
3311 2392 3541 2456 τούτους
3566 2393 3766 2463 ἀπόρους

2230 2478 2328 2530 καὶ
2355 2478 2599 2548 πένητας
2619 2496 2634 2512 ·
2670 2479 2888 2550 θανάτῳ
2916 2498 2977 2533 τε
3010 2481 3280 2553 αίσχίστῳ
3307 2479 3398 2538 οἶά
3424 2501 3544 2538 τινα
3573 2484 3768 2556 κακοῦρ-

2229 2585 2328 2637 γον
2361 2571 2456 2623 nl.
2491 2571 2793 2625 ὑπεύθυνον
2821 2572 3153 2638 καταδίκαζε
3171 2589 3184 2602 ·
3213 2575 3449 2646 χλεύαζε
3473 2578 3561 2631 τὸν
3583 2577 3768 2648 σταυῷν

2229 2660 2326 2713 καὶ
2363 2659 2423 2713 τὸ
2451 2660 2624 2724 πάθος
2647 2701 2660 2726 ,
2699 2662 2728 2714 ὃ
2774 2661 2868 2715 σοῦ
2915 2678 2980 2731 γε
3019 2662 3228 2716 εἵνεκεν
3276 2665 3598 2733 κατεδέξατο
3621 2682 3634 2696 ³
3675 2668 3767 2728 ταῖς

2230 2747 2552 2820 θεοσημίαις
2587 2751 2808 2805 ἀπίστει
2837 2791 2851 2816 ,
2894 2751 3124 2807 διάπτυε
3147 2753 3216 2806 τὰ
3254 2753 3533 2824 θαύματα,
3561 2755 3766 2828 κωμῲδει

2233 2841 2372 2911 μετά
2412 2843 2685 2897 Ἰουδαίων
2725 2844 2833 2914 τὴν·
2869 2845 3172 2898 ἀνάστασιν
3205 2844 3304 2916 (ο),
3342 2846 3533 2918 ὕϐριζε
3573 2851 3668 2901 τῶν
3691 2866 3766 2918 pa-

2230 2931 2410 3002 θητῶν
2439 2933 2536 3004 τὴν
2566 2935 2858 3004 ἀκτησίαν,
2883 2935 2959 2999 ὡς
2989 2925 3260 3005 ἀχάλκους
3294 2939 3391 2990 καὶ
3423 2939 3674 3009 ἀράϐδους
3694 2939 3766 2992 καὶ

2232 3024 2601 3094 μονοχίτωνας
2630 3027 2882 3096 πανταχῆ
2917 3029 3236 3098 περιιόντας
3259 3029 3526 3094 εὑτέλιζε,
3555 3031 3641 3084 καὶ⁵
3673 3030 3768 3092 τοὺς

2230 3115 2468 3188 ὡραίους
2497 3118 2606 3170 τῶν
2649 3119 3160 3189 εὐαγγελιζομένων
3207 3121 3381 3186 πόδας
3413 3123 3766 3195 ἀποτροπαίους

2230 3206 2368 3278 ἡγοῦ
2392 3225 2406 3239 ·
2445 3208 2783 3263 ἀπόσκωπτε
2816 3210 2933 3263 τῶν
2975 3212 3274 3282 μαρτύρων
3305 3214 3409 3285 τῆς
3447 3214 3689 3284 ἀληθείας
3725 3215 3768 3264 ti

539 3310 784 3360 omniain
817 3307 1086 3373 jacturam
1113 3307 1304 3361 sannis
1361 3320 1713 3375 prosequere,
1747 3318 1802 3361 et
1838 3307 1904 3360 ad
1934 3323 2128 3378 quam-

2231 3297 2501 3364 δυσπαθὲς
2565 3303 2660 3363 καὶ
2718 3281 3069 3374 δυσήμερονέ
3130 3281 3228 3374 τὴν
3293 3281 3407 3359 τῶν
3460 3281 3766 3378 ὑπαρχόντων

543 3399 675 3454 libet
701 3398 1084 3468 perferendam
1120 3398 1427 3453 molestiam
1481 3398 1850 3464 alacritatem,
1884 3399 2127 3469 pericula

543 3495 829 3562 ipsamque
898 3500 1126 3545 mortem
1195 3491 1462 3546 tolerandi
1527 3491 1776 3545 fiduciam
1857 3491 2125 3561 vitupera.

542 3585 752 3639 Idcirco
785 3582 879 3636 tibi
906 3582 1113 3636 vitandi
1133 3583 1391 3636 videntur
1421 3581 1618 3646 sancti,
1651 3580 1915 3636 amabiles
1945 3591 2124 3636 autem

542 3684 963 3746 persecutores;
1001 3674 1126 3742 quia
1149 3674 1223 3728 illi
1253 3673 1473 3744 quidem
1509 3674 1938 3742 succubuerunt,
1968 3673 2131 3728 nihil-

539 3785 651 3840 que
686 3785 864 3824 rerum
913 3769 1260 3838 praesentium
1299 3768 1491 3822 lucrati
1541 3777 1698 3834 sunt;
1727 3776 1783 3821 at
1816 3768 1870 3822 lii
1907 3782 2127 3838 posses-

540 3864 698 3917 sione
729 3863 912 3933 gloria:
940 3878 1043 3915 non
1070 3864 1412 3917 exciderunt.
1441 3859 1660 3932 Ignoras
1691 3862 1836 3915 enim
1875 3861 1978 3916 alia
2005 3875 2129 3915 esse

538 3965 861 4009 sanctorum
899 3965 1049 4009 recte
1084 3953 1353 4017 facinora,
1398 3969 1524 4008 vera
1575 3952 1678 4008 tide
1712 3969 1918 4022 speque
1966 3962 2132 4020 prout

541 4047 648 4114 ipsi
697 4047 946 4115 judicaut
1011 4047 1191 4115 digna,
1251 4046 1645 4114 sempiternam
1703 4059 1832 4100 vere
1897 4045 2128 4113 gloriam

545 4136 1004 4206 splendoremque
1054 4147 1375 4204 perpetuum
1411 4136 1814 4212 comparantia.
1847 4135 1917 4191 At
1945 4151 2132 4205 perse-

540 4239 795 4282 culorum
824 4244 990 4298 prava
1051 4239 1176 4282 sunt
1206 4243 1370 4297 opera
1403 4237 1459 4283 et
1503 4227 1758 4294 scelesta,
1793 4237 1848 4282 et
1890 4229 2128 4297 ipsorum

541 4321 814 4376 atheismo
854 4321 1014 4389 digna
1077 4337 1091 4375 :
1145 4336 1267 4390 qua:
1307 4335 1433 4374 cum
1485 4320 1802 4375 earumdem
1863 4323 2132 4376 memoria

545 4413 732 4466 statim
776 4414 1223 4482 exstinguuntur,
1286 4411 1452 4465 veluti
1484 4409 1666 4464 fumus
1701 4427 1732 4464 a
1781 4411 1999 4465 turbine
2033 4425 2128 4465 ce-

545 4503 769 4557 lerrime
805 4503 1168 4572 dispergitur;
1195 4517 1509 4572 quanquant
1551 4516 1614 4555 ea
1653 4501 1750 4557 tibi
1791 4503 1843 4556 in
1884 4504 2127 4557 admira-

2230 3387 2490 3442 ἀπάντων
2540 3389 2822 3463 ἀποϐολὴν
2869 3390 3182 3456 ἐπιτώθαξε
3205 3432 3221 3456 ,
3251 3393 3347 3445 καὶ
3388 3393 3452 3446 τὸ
3487 3393 3617 3464 πρὸς
3655 3394 3768 3446 ἅπαν

2229 3479 2403 3534 δεινὸν
2446 3482 2746 3552 αὐτόμολον
2774 3521 2790 3548 ,
2824 3482 2927 3551 τὴν
2959 3483 3101 3538 κατά
3138 3484 3246 3536 τῶν
3292 3485 3558 3539 κινδύνων
3585 3485 3669 3538 καὶ
3697 3480 3767 3536 τοῦ

2231 3573 2467 3627 θανάτου
2498 3574 2664 3629 αὑτοῦ
2690 3575 2898 3646 τόλμαν
2926 3575 3156 3640 ὀνείδιζε
3178 3592 3192 3608 ·
3229 3575 3318 3630 διά
3363 3577 3524 3632 τοῦτό
3560 3595 3634 3631 σοι
3672 3593 3770 3644 φευ-

2231 3671 2349 3722 κτοὶ
2396 3672 2447 3721 οἱ
2488 3669 2636 3738 ἀγιοι
2660 3710 2674 3735 ,
2707 3671 2967 3724 ἐπευκτοὶ
2993 3671 3050 3725 δὲ
3079 3672 3128 3724 ot
3159 3670 3457 3736 διώκοντες
3481 3714 3496 3740 ,
3527 3674 3604 3726 ὃτι
3623 3672 3666 3724 οἱ
3696 3669 3769 3740 μὲν

2231 3765 2574 3835 ἡττήθησαν,
2603 3766 2699 3817 καὶ
2734 3764 2889 3818 οὐδέν
2918 3781 2970 3818 τι
3010 3765 3122 3818 τῶν
3153 3764 3448 3834 παρόντων
3496 3765 3768 3819 ἀπώναντοο

2233 3858 2283 3909 oi
2355 3857 2412 3910 δὲ
2469 3857 2572 3926 τῆς
2636 3856 3058 3928 ἐνυπαρχούσης
3133 3857 3293 3928 δόξης
3344 3858 3410 3912 οὐ
3465 3858 3768 3929 διήμαρτον*

2234 3952 2451 4019 ἀγνοεῖς
2497 3950 2606 4022 γάρ
2637 3951 2720 4004 ὅτι
2747 3951 2916 4022 ἐτερα
2950 3952 3051 4020 μὲν
3081 3950 3191 4004 τῶν
3218 3950 3396 4019 ἀγίων
3430 3951 3499 4005 τά
3535 3947 3772 4020 κατορθώ-

2234 4060 2381 4114 ματα
2399 4083 2414 4106 ,
2450 4042 2550 4112 τῆς
2576 4041 2747 4106 ὅντως
2775 4042 3014 4106 πίστεως
3057 4043 3149 4096 καὶ
3193 4042 3293 4112 τῆς
3321 4042 3536 4106 ἐλπίδος
3563 4043 3654 4112 τῆς
3679 4036 3771 4092 κατ’

2231 4135 2429 4197 αὐτοὺς
2455 4133 2579 4199 ἀξια
2603 4177 2618 4201 ,
2660 4135 2833 4189 ἀΐδιον
2865 4135 2942 4200 ὡς
2967 4135 3192 4205 ἀληθῶς
3222 4135 3322 4206 τὴν
3367 4135 3529 4202 δόξαν
3551 4152 3555 4156 ·
3578 4134 3662 4189 καὶ
3697 4130 3774 4199 τὴν

2229 4227 2598 4298 λαμπρότητα
2663 4231 2984 4300 κεκτημένα
3044 4229 3140 4282 καὶ
3202 4229 3647 4295 διαιωνίζουσαν·
3693 4225 3774 4279 τῶν

2229 4321 2535 4374 διωκόντων
2575 4320 2632 4374 δὲ
2670 4320 2853 4389 φαῦλα
2882 4321 2951 4376 τά
2979 4320 3120 4392 ἔργα
3173 4321 3270 4375 καλ⁹
3308 4324 3504 4378 ἀνόσια
3531 4364 3545 4389 ,
3579 4325 3666 4376 καὶ
3701 4319 3776 4387 τῆς

2229 4412 2454 4466 ἐκείνων
2484 4412 2774 4484 ἀθεότητος
2813 4412 2951 4466 ῖδιαο
2981 4412 3017 4467 ἀ
3058 4413 3199 4484 μετὰ
3227 4414 3329 4484 τῆς
3365 4417 3585 4487 μνήμης
3627 4410 3775 4468 αὐτῶν

2230 4505 2393 4569 εὐθὺς
2437 4507 2691 4576 ἀπέσϐη,
2738 4505 2928 4578 ὥσπερ
2991 4507 3198 4570 καπνὸς
3260 4508 3368 4561 ὑπὸ
3410 4509 3664 4570 λαίλαπος
3703 4502 3776 4557 τά·

543 4596 693 4650 tione
743 4607 894 4662 sunt,
941 4596 1030 4664 qui
1067 4596 1430 4665 praesentibus
1479 4601 1690 4648 tantum
1739 4609 1799 4648 es
1854 4596 2126 4660 addictus,

2239 4616 2404 4670 χιστα
2446 4597 2894 4668 σκεδαννύμενα,
2935 4600 3033 4652 καὶ
3083 4600 3165 4652 σοί
3195 4615 3259 4668 γε
3313 4600 3648 4673 θαυμάζεται
3689 4597 3776 4657 τοῖς

547 4688 860 4756 nullamque
894 4689 1260 4755 repositorum
1313 4687 1494 4759 dignis
1555 4687 1822 4742 bonorum
1854 4686 1908 4740 in
1944 4685 2130 4740 futuro

534 4793 658 4832 avo
680 4794 831 4847 spem
860 4782 1032 4837 foves.

608 4986 704 5040 77.
751 4985 902 5040 Risui
936 4985 1030 5039 tibi
1061 4995 1182 5041 esto
1205 4995 1520 5042 sanctorum
1544 4997 1598 5042 et
1623 4996 1933 5042 ascetarum
1969 4987 2122 5041 viro-

539 5094 663 5132 rum
697 5079 832 5142 vita,
855 5077 949 5146 qui
1005 5079 1058 5131 in
1099 5092 1330 5146 corpore
1364 5079 1640 5150 angelicas
1692 5089 1748 5133 et
1807 5079 1926 5133 sine
1957 5094 2126 5134 carne

540 5185 724 5224 mores
772 5171 1174 5224 demonstrant.
1211 5168 1441 5226 Maledic
1483 5171 1854 5231 continentiae.
1898 5169 2124 5224 humili-

538 5264 666 5329 tati,
699 5264 1129 5326 mansuetudini,
1157 5264 1399 5330 silentio,
1448 5264 1742 5332 patientiae,
1768 5263 2124 5327 chameuniae,

541 5352 876 5421 paupertati,
909 5353 1214 5416 solitudini,
1265 5355 1449 5408 mundi
1487 5354 1999 5424 mundanarumque
2034 5368 2122 5420 re:

541 5457 660 5496 rum
699 5444 858 5513 fugax
890 5453 947 5499 et
979 5445 1102 5500 aliis
1132 5445 1332 5516 quibus
1370 5446 1512 5500 Deus
1555 5444 1864 5500 delectatur
1903 5455 1958 5500 et
1989 5460 2126 5516 gau-
2170 5492 2175 5499 .

569 5707 578 5716 _
611 5639 774 5706 (ιη-η)
796 5639 1119 5716 Copronymi
1149 5641 1434 5716 avaritiam
1450 5641 1891 5716 _e_t_subditornm
1916 5642 2119 5714 spolia-

537 5712 718 5761 tiones
751 5723 1016 5780 memorat
1047 5712 1328 5766 lledreuus
1361 5727 1412 5780 p.
1439 5712 1567 5766 462.

616 5780 690 5846 (ο)
745 5778 980 5834 Caesaris
1033 5783 1192 5849 hujus
1233 5778 1564 5850 impietatem
1603 5797 1666 5835 ac
1708 5797 1873 5852 prope
1905 5783 2110 5838 atheis-

541 5863 688 5901 tuum
728 5867 831 5905 non
857 5863 1147 5920 exaggerat
1185 5855 1273 5906 hic
1314 5852 1670 5921 Nicephorus,
1707 5855 1800 5909 sed
1835 5869 1958 5909 cum
1991 5855 2112 5909 aliis

2241 4690 2483 4761 παροῦσι
2547 4691 2709 4761 μόνον
2751 4691 3166 4764 προσηλωμένῳ
3191 4732 3206 4756 ,
3256 4694 3353 4747 καὶ
3399 4695 3646 4765 οὐδαμῶς
3695 4688 3776 4742 τῶν

2233 4781 2619 4853 ἀποκειμένων
2664 4783 2722 4835 ἐν
2745 4782 2822 4854 τῷ
2860 4783 3110 4855 μέλλοντι
3142 4787 3258 4849 τοῖς
3291 4784 3468 4851 ἀξίοις
3510 4783 3711 4856 ἀγαθῶν
3733 4781 3775 4831 ἐν

2231 4873 2446 4927 ἐλπίσιν
2472 4874 2795 4945 ὑπάρχοντι.

2299 4986 2394 5052 οζ’.
2440 4987 2618 5051 Γέλως
2657 5004 2741 5041 σοι
2768 4989 3083 5059 προκείσθω
3110 4991 3221 5045 τῶν
3246 4995 3411 5047 ὁσίων
3441 4994 3536 5048 καὶ
3560 4985 3774 5060 ἀσκητῶν

2229 5080 2441 5153 ἀνδρῶν
2463 5083 2491 5134 ό
2512 5081 2624 5151 βίος
2641 5082 2740 5150 (ρ),
2757 5079 2836 5145 οἷς
2852 5085 2908 5136 ἐν
2927 5082 3139 5154 σώματι
3154 5085 3216 5138 τὸ
3233 5086 3524 5154 ἀγγελικὺν
3546 5087 3633 5139 καὶ
3645 5084 3777 5150 ἀσαρ-

2231 5189 2326 5225 κον
2339 5172 2730 5226 ἐπιδείκνυται·
2752 5174 2974 5244 διάσυρε
2993 5176 3092 5245 τὴν
3117 5177 3472 5249 ἐγκράτειαν,
3499 5176 3593 5248 τὴν
3615 5187 3773 5227 ταπει-

2231 5264 2593 5334 νοφροσύνην,
2613 5264 2674 5318 τὸ
2689 5268 2887 5336 πρᾶον,
2910 5267 3209 5338 τδῆσυχον,
3233 5269 3296 5321 τὸ
3322 5269 3682 5340 μακρόθυμον.
3701 5260 3775 5330 τὴν

2231 5356 2559 5428 χαμευνίαν,
2589 5357 2692 5418 τὴν
2722 5358 2994 5430 ἀκτησεαν
3015 5400 3029 5426 ,
3061 5360 3161 5430 τὴν
3191 5361 3432 5432 ἐρημίαν
3459 5401 3472 5423 ,
3511 5361 3571 5415 τὺ
3599 5357 3774 5424 κόσμου

2233 5446 2327 5499 καὶ
2355 5444 2465 5498 τῶν
2509 5447 2568 5498 ὲν
2609 5445 2800 5518 κόσμῳ
2835 5447 3201 5518 χωρίζεσθαι,
3235 5451 3330 5504 καὶ
3365 5449 3536 5504 τᾶλλα
3569 5441 3644 5508 οἷς
3668 5439 3773 5502 Θεὶς

2232 5642 2512 5699 historicis
2540 5657 2669 5697 vere
2700 5642 2951 5701 aﬂirmat.

2299 5713 2375 5791 _(p)
2453 5713 2741 5782 Singulare
2784 5715 3130 5791 _(Iopronytni
3184 5717 3446 5791 adversus
3515 5715 3770 5791 monarhng

2223 5786 2411 5909 Iodiutn
2435 5794 2488 5864 et
2526 5786 2961 5852 persecutionem
3019 5785 3249 5844 narrant
3280 5790 3479 5858 passim
3524 5785 3770 5858 Byzantini

2241 5865 2488 5910 llSlOl‘lCl.
