4004 6420
542 424 644 490 5m

1567 432 1627 491 s.
1670 429 2085 490 NICEPIIORI
2126 430 2633 489 PATRIARCILE
2673 431 2783 490 cr.
3660 445 3749 509 590

540 540 622 591 tta
676 536 887 590 illorum
925 545 979 589 et
1012 534 1346 590 imitatioocs
1413 536 1639 588 omnino
1705 534 2115 599 exterminavit,

2220 549 2278 585 τε
2320 528 2386 586 αὖ
2422 534 2517 586 καὶ
2569 551 2625 586 τε
2638 535 2797 603 μένη,
2833 534 2890 586 ὲν
2925 527 3007 598 οἷς
3042 537 3149 588 τῶν
3192 537 3457 611 βδελυρῶν
3493 542 3745 616 δαιμονίων

544 625 746 692 Deique
779 626 1042 680 rohoraus
1063 628 1487 692 confeSsioncm,
1515 643 1673 680 sacra
1705 625 1904 695 templa
1931 634 2117 679 nostra

538 718 783 771 Condidit
866 730 917 772 et
979 721 1238 786 ornavit,
1286 720 1668 773 liberalitatem
1723 719 2015 787 plurimam
2067 727 2123 771 et

540 807 1045 876 magnanimitatem
1079 824 1206 878 erga
1261 823 1325 863 ea
1406 821 1750 875 cxpromens,
1783 805 2117 859 libertatem-

537 916 645 970 que
667 912 722 952 et
747 899 998 954 fiduciam
1030 900 1360 955 Christianis
1400 899 1629 969 largitus
1655 907 1759 951 est.
1786 895 1928 962 Quin
1953 896 2118 950 etiam

543 996 595 1048 in
631 995 903 1063 religiosis
951 1010 981 1049 α
1020 1009 1080 1049 se
1116 994 1362 1047 funditus
1396 994 1688 1047 :cdilieatis
1735 993 1842 1046 Deo
1906 992 2120 1060 templis

539 1104 692 1141 Sacra
711 1088 952 1157 sytnhola
979 1104 1184 1157 magna:
1213 1088 1302 1142 Dei
1328 1089 1668 1152 meonomiae,
1690 1086 2046 1157 prodigiaque
2065 1094 2120 1139 et

537 1179 719 1231 divina
756 1180 908 1247 signa
945 1191 1000 1233 et
1053 1179 1257 1232 Christi
1301 1188 1729 1247 sanctorumque
1766 1178 1882 1247 ejus
1908 1177 2117 1246 passio-

538 1285 632 1324 nes
660 1274 940 1341 perspicue
971 1272 1296 1340 magnisque
1328 1272 1593 1339 impensis
1625 1270 1997 1340 depingendas
2022 1286 2120 1323 cu-

536 1364 695 1421 rnvil,
732 1364 891 1431 idque
921 1364 1084 1417 etiam
1117 1366 1167 1415 in
1210 1364 1389 1417 sacris
1419 1364 1563 1417 vasis
1601 1362 1844 1431 alibique
1882 1356 2120 1416 honora-

536 1454 720 1508 biliter
750 1456 948 1509 effecit.
983 1457 1160 1523 Atque
1194 1456 1321 1509 hinc
1350 1457 1523 1509 sacris
1547 1457 1758 1510 aedibus
1786 1465 2039 1509 ornatum
2065 1463 2121 1508 et

537 1548 1006 1614 pulchritudinem
1062 1548 1400 1609 conciliavit,
1438 1548 1605 1601 divini
1660 1545 1823 1600 simul
1872 1545 2118 1615 mysterii

535 1641 815 1708 explicans
845 1642 1262 1709 edisserensque
1294 1640 1421 1704 vim,
1458 1649 1512 1694 et
1557 1649 1892 1709 spectatores
1927 1639 1994 1693 ad
2029 1654 2118 1692 re—

538 1732 756 1802 ligionis
802 1735 1122 1788 memoriam
1170 1735 1439 1795 excitans,
1483 1748 1548 1786 eo
1598 1732 1758 1801 plane
1798 1732 1960 1785 modo
2010 1744 2120 1799 quo

536 1835 827 1878 narrantur
853 1828 921 1880 ab
972 1825 1303 1893 Evangeliis,
1332 1840 1451 1895 qua:
1487 1833 1615 1877 sunt
1678 1824 1872 1877 harum
1930 1836 2116 1877 rerum

2222 623 2530 676 ἐπετελείτο
2558 626 2590 693 ἡ
2616 624 2905 694 θεραπεία,
2945 628 3006 678 ἐκ
3038 626 3257 699 βάθρων
3286 628 3464 684 αὐτῶν
3492 649 3754 708 καταστρε.

2221 714 2485 784 ψάμενος,
2522 714 2720 778 Θυσίας
2747 732 2806 768 τε
2848 717 3029 771 αὐτῶν
3078 720 3174 771 καὶ
3212 719 3434 785 τελετὰς
3463 725 3673 795 πάμπαν
3705 731 3757 784 ὲκ

2228 806 2405 859 ποδῶν
2456 807 2854 877 ἐργαζόμενος,
2904 809 3004 873 τὰς
3048 809 3105 862 δὲ
3155 812 3291 882 πρὸς
3331 814 3461 867 Θεὸν
3509 819 3755 889 κρατύνων

2221 898 2539 967 ὁμολογίας,
2573 900 2704 963 τοὺς
2736 899 2858 953 καθ’
2883 902 3035 971 ἡμᾶς
3075 904 3257 973 ἱεροὺς
3283 907 3441 969 ναοὺς
3461 908 3757 981 ἀνεστήσατο

2221 993 2317 1043 καὶ
2353 991 2648 1061 ὲφαίδρυνε
2672 1032 2687 1056 ,
2721 993 3059 1064 φιλοτιμίαις
3091 995 3166 1059 ὡς
3198 996 3476 1063 πλείσταις
3500 1003 3587 1054 καί⁵
3614 1012 3784 1072 μεγα-¹

2220 1080 2506 1150 λοψυχίαις
2535 1082 2615 1145 είς
2649 1082 2848 1142 αὐτοὺς
2872 1083 2954 1135 ὅτι
2986 1083 3221 1152 μάλιστα
3242 1086 3539 1157 χρώμενος,
3568 1091 3653 1143 καί
3676 1094 3757 1162 τήν

2219 1191 2278 1227 τε
2306 1173 2624 1244 ἐλευθερίαν
2646 1174 2741 1228 καί⁵
2766 1177 3076 1247 παρρησίαν
3102 1178 3448 1247 Χριστιανοτς
3471 1182 3753 1252 ἐχαρίσατο·

2219 1269 2280 1320 οὐ
2330 1267 2437 1337 μὴν
2467 1266 2523 1318 δὲ
2554 1265 2691 1321 ἀλλὰ
2721 1268 2818 1319 καὶ
2869 1268 3013 1321 κατὰ
3040 1270 3169 1332 τοὺς
3218 1270 3547 1339 σεϐασμίους
3581 1273 3754 1339 οίκους,

2220 1356 2312 1422 οὓς
2367 1355 2530 1422 αὐτὸς
2566 1356 2643 1426 τῷ
2686 1356 2804 1426 Θεῷ
2849 1357 2912 1410 ἐκ
2960 1356 3230 1427 θεμελίων
3277 1359 3501 1429 ἀνίστη·
3548 1360 3612 1413 τὰ
3662 1364 3758 1432 ίερὰ

2224 1449 2472 1520 σύμϐολα
2519 1450 2621 1519 τῆς
2664 1450 2912 1519 μεγάλης
2948 1449 3040 1503 τοῦ
3076 1450 3211 1503 Θεοῦ
3259 1452 3601 1523 οἰκονομίας,
3646 1452 3757 1507 θαύ-

2223 1543 2372 1613 ματά
2388 1548 2454 1596 τε
2505 1543 2601 1596 καὶ
2630 1542 2934 1611 θεοσημίας
2967 1542 3063 1595 καί⁵
3094 1543 3431 1613 παθήματα,
3461 1545 3595 1615 πρὸς
3626 1545 3678 1598 δέ
3706 1562 3756 1612 γι

2221 1635 2316 1688 καὶ
2346 1634 2412 1689 τὰ
2436 1636 2544 1688 τῶν
2573 1635 2743 1701 ἁγίων
2767 1636 2957 1698 αὐτοῦ,
2990 1635 3177 1702 σαφῶς
3204 1640 3298 1689 καί
3325 1636 3619 1701 πολυτελῶς
3640 1637 3757 1702 ἐξει-

2221 1726 2451 1791 κονίζων
2498 1727 2815 1797 διέγραφεν,
2865 1726 2923 1781 ἐν
2966 1744 3027 1780 τε
3073 1730 3186 1790 τοῖς
3228 1731 3395 1798 ἱεροῖς
3443 1728 3647 1782 σκεύεσι
3683 1731 3757 1782 καί

2221 1818 2448 1886 ἑτέρωθι
2482 1819 2736 1887 πράττων
2767 1816 3086 1887 τετίμηκεν,
3120 1818 3377 1872 ἐντεῦθέν
3407 1837 3467 1872 τε
3506 1821 3657 1874 οἴκων
3685 1821 3755 1875 τὸν

540 1918 857 1971 teStimonia
904 1918 1230 1972 indelebilis.
1281 1917 1399 1987 Ipsa
1446 1918 1630 1986 itaque
1674 1916 1870 1984 templa
1921 1929 2115 1984 magna

2223 1907 2611 1977 καλλωπισμὸν
2642 1908 2739 1961 καὶ
2764 1909 2863 1979 τὴν
2890 1908 3208 1980 ὡραιότητα
3232 1910 3615 1981 ἐργαζόμενος,
3645 1912 3755 1983 ὁμοῦ

534 2012 911 2078 immensaque
951 2026 1085 2065 voce
1132 2009 1516 2065 orthodoxiam
1559 2009 1677 2078 ejus
1702 2008 1942 2063 clamant
1974 2007 2112 2079 (94).

536 2098 726 2167 Neque
771 2114 965 2163 secus,
1015 2100 1109 2168 qui
1160 2108 1556 2154 conservantur
1635 2098 1813 2152 adhuc
1859 2112 2116 2152 cusorum

538 2191 695 2262 143
729 2192 795 2245 ab
829 2206 896 2244 eo
951 2191 1344 2245 ttumismalum
1383 2190 1493 2261 typi
1537 2190 1676 2260 (95).
1701 2187 1838 2243 Hinc
1876 2205 1965 2243 res
1995 2188 2116 2241 feli-

535 2294 673 2335 t-tter
724 2294 908 2351 gestas
957 2296 1270 2349 cognosce,
1335 2283 1638 2351 qualesque
1681 2291 1737 2336 et
1785 2291 2021 2350 quantas
2053 2280 2119 2335 de

534 2376 811 2429 extraneis
845 2375 1102 2429 victorias
1138 2375 1407 2439 retulerit,
1440 2385 1495 2428 et
1530 2375 1802 2445 quomodo
1829 2374 1901 2429 illi
1946 2374 2119 2442 impe-

538 2468 677 2518 rium
708 2465 1035 2534 excreverit,
1066 2475 1122 2519 et
1168 2465 1276 2518 vita
1315 2481 1571 2535 prospera
1623 2465 1808 2532 fuerit,
1853 2475 1908 2520 et
1941 2465 2118 2520 aetatis

536 2560 766 2624 spatium
803 2567 1064 2626 quantum
1116 2550 1373 2612 humanas
1419 2559 1544 2612 vita:
1575 2559 1788 2613 abunde
1836 2557 2115 2624 convenit,

537 2651 855 2718 expleverit.
878 2648 1016 2715 Quid
1045 2665 1182 2719 Opus
1203 2660 1288 2704 est
1309 2652 1492 2706 dicere
1508 2665 1669 2718 quam
1701 2649 1932 2705 illustris
1955 2658 2119 2718 atque

537 2742 810 2811 gloriosus
850 2744 1027 2810 quoad
1077 2742 1215 2796 vixit
1264 2745 1585 2797 exstiterit?
1619 2743 1771 2808 Quod
1804 2743 1848 2797 si
1877 2742 2117 2797 aedifica-

540 2834 744 2884 tionum
775 2846 939 2900 opera
964 2832 1221 2885 admirari
1248 2833 1343 2885 tibi
1372 2833 1569 2901 placet,
1606 2846 1771 2887 cerne
1795 2833 1846 2885 in
1880 2832 2117 2887 transitu

539 2923 860 2994 Byzantium
920 2925 972 2977 in
1013 2934 1272 2993 quantam
1332 2924 1557 2992 gloriam
1607 2936 1973 2994 ornatumque
2018 2939 2116 2979 ex-

541 3017 762 3079 tulerit,
810 3026 1096 3085 tantopere
1133 3031 1359 3085 augens,
1407 3016 1652 3085 pulchris
1704 3017 1979 3072 tntrnibus
2026 3031 2116 3071 se-

538 3114 772 3181 ptisque,
812 3121 972 3179 prout
1017 3111 1268 3165 idoneum
1296 3120 1416 3165 erat
1452 3112 1783 3181 recipienda:
1815 3113 1976 3182 regiae
2003 3110 2116 3166 Ro-

536 3217 823 3256 manorum
893 3200 1136 3255 stationi.
1208 3201 1321 3255 Cur
1378 3217 1691 3257 enumerem
1758 3204 2110 3259 aedificiorum

539 3291 941 3345 multitudinem
991 3306 1054 3345 ac
1100 3291 1553 3360 magnitudinem,
1587 3292 1785 3360 quibus
1835 3306 1901 3347 ex
1932 3293 2112 3347 omni-

540 3382 643 3437 bus
677 3396 946 3436 summam
986 3392 1070 3434 est
1105 3382 1336 3451 gloriam
1366 3385 1616 3452 adeptus,
1651 3399 1772 3452 qua:
1830 3398 2006 3453 neque
2037 3384 2120 3437 vi-

542 3472 791 3527 seutihus
827 3472 986 3526 facile
1013 3483 1098 3526 est
1145 3474 1629 3543 comprehendere,
1662 3488 1838 3543 neque
1876 3475 2113 3529 scriben-

545 3563 688 3616 tibus
740 3562 1002 3630 possibile
1051 3574 1137 3616 est
1191 3579 1487 3632 cXpunere.
1536 3562 1706 3634 Perge
1734 3579 1918 3632 porro,
1962 3573 2018 3617 et
2054 3563 2121 3617 ad

543 3655 798 3723 sequiora
849 3663 1092 3722 tempora
1132 3655 1391 3721 veniens,
1425 3656 1575 3710 disce
1627 3671 1750 3724 qua:
1802 3666 1923 3725 post
1971 3655 2121 3709 illum

544 3762 700 3816 reges
765 3746 1091 3800 rettitudine
1158 3750 1467 3816 dogmatum
1540 3749 1749 3816 praediti
1813 3748 2117 3801 effecerint.

544 3839 740 3907 Specta
776 3840 931 3905 mihi,
988 3840 1033 3892 si
1088 3839 1192 3907 vis,
1246 3838 1634 3905 Theodosium,
1684 3849 1742 3892 ut
1771 3840 1837 3893 de
1875 3838 2121 3907 aedificiis

543 3947 853 3985 sermonem
885 3933 1220 3996 continuem,
1259 3943 1518 4001 quantum
1569 3931 1817 3986 eamdem
1854 3932 2122 3986 Constan-

545 4025 643 4076 tini
680 4024 868 4077 urbem
904 4023 1247 4093 ampliaverit
1274 4040 1336 4077 ac
1360 4023 1811 4094 magnificaverit,
1846 4033 1900 4077 ct
1934 4023 2121 4093 qualia

548 4112 770 4180 templa,
807 4123 992 4181 utpote
1014 4114 1260 4167 eamdem
1286 4126 1350 4165 ac
1381 4112 1615 4179 majores
1652 4114 1735 4167 sui
1772 4114 2114 4168 orthodoxize

543 4203 808 4255 rationem
845 4203 1106 4265 retinens,
1137 4204 1417 4258 Struxerit.
1465 4202 1672 4272 Reputa
1707 4218 1972 4257 annorum
2019 4221 2121 4259 nu-

540 4310 774 4357 merum,
830 4297 920 4364 qui
987 4295 1081 4347 tibi
1143 4297 1380 4349 maxime
1428 4296 1577 4350 cordi
1617 4305 1698 4349 est
1735 4304 1790 4349 et
1837 4297 2117 4365 optabilis,

540 4390 694 4459 regni
729 4390 845 4458 ejus
871 4390 1265 4458 prolixitatem,
1294 4401 1345 4442 tu
1372 4391 1462 4459 qui
1490 4392 1902 4444 diuturnitatem
1935 4391 1989 4444 in
2014 4391 2118 4446 hoc

543 4481 742 4534 nnmdo
764 4493 1010 4550 exoptas,
1038 4491 1091 4534 et
1117 4479 1291 4535 fluxas
1317 4496 1405 4535 res
1445 4481 1836 4536 absnrdissime
1873 4483 2116 4535 adamas.

2220 2001 2313 2053 καὶ
2344 1999 2443 2070 τὴν
2481 2000 2575 2052 τοῦ
2612 2000 2759 2053 θείου
2796 2001 3103 2071 μυστηρίου
3155 2000 3408 2066 ὲξαπλῶν
3450 2004 3543 2057 καί
3568 2004 3755 2075 διατρα-

2220 2090 2328 2143 νῶν
2372 2090 2603 2161 δύναμιν
2627 2132 2641 2156 ,
2674 2092 2769 2145 καὶ
2817 2093 2945 2156 τούς
2981 2092 3295 2162 θεωμένους
3344 2092 3480 2166 πρὸς
3516 2094 3756 2157 εὐσεϐείας

2219 2182 2433 2250 ὲνὰγων
2473 2182 2821 2252 ὑπόμνησιν
2855 2183 3109 2254 καθάπερ
3146 2183 3483 2254 ὑπαγορεύει
3507 2183 3573 2236 τὰ
3614 2183 3757 2252 Εὐαγ-

2218 2273 2400 2343 γέλια,
2428 2273 2834 2353 καίμάρτυρες
2869 2274 3075 2328 τούτων
3117 2274 3554 2347 ἀπαράγραπτοι
3581 2318 3596 2341 ,
3632 2276 3754 2329 αὐτοί

2217 2382 2274 2418 τε
2304 2368 2352 2419 οἱ
2379 2367 2497 2419 ναοί
2526 2367 2667 2437 μέγα
2699 2368 2794 2421 καὶ
2829 2367 3157 2443 διαπρύσιον
3181 2370 3284 2439 τὴν
3312 2370 3523 2423 ἐκείνου
3553 2368 3755 2439 βοῶντες

2217 2458 2530 2529 ὀρθοδοξίαν
2554 2500 2570 2527 ,
2610 2460 2765 2514 οὐδὲν
2798 2462 2857 2515 δὲ
2896 2456 3060 2534 ἦττον
3086 2462 3180 2515 καί
3230 2464 3402 2516 είσέτι
3444 2462 3539 2517 καί
3561 2462 3645 2517 νῦν
3668 2462 3756 2517 δια-

2221 2552 2540 2619 σωζόμενοι,
2567 2552 2660 2605 τὸν
2692 2553 2830 2623 πρὸς
2868 2552 3032 2607 αὐτοῦ
3064 2554 3500 2624 κεχαραγμὲνων
3530 2554 3755 2625 νομισμά-

2220 2662 2327 2697 των
2347 2647 2396 2697 οί
2429 2645 2590 2698 τύποι
2630 2646 2735 2716 (r)°
2783 2644 3037 2699 ἐντεῦθεν
3084 2641 3177 2699 οὖν
3215 2646 3376 2717 δέχου
3420 2647 3488 2701 τὰ
3517 2643 3755 2716 κατορθώ-

2223 2755 2370 2807 ματα
2402 2733 2491 2793 οἷα
2526 2740 2625 2792 καὶ
2657 2739 2788 2803 ὅσας
2817 2738 2961 2793 κατὰ
3002 2739 3204 2802 παντὸς
3244 2739 3456 2792 ὀθνείου
3499 2738 3755 2809 ἀνεδήσατο

2221 2831 2376 2895 νίκας
2397 2848 2411 2862 ο
2446 2832 2595 2895 ὅπως
2624 2848 2686 2884 τε
2712 2831 2864 2902 αὐτῷ
2888 2832 2958 2885 τὰ
2985 2833 3086 2902 τῆς
3115 2832 3294 2903 ἀρχῆς
3323 2832 3659 2903 ὲπευρύνετο,
3681 2829 3755 2884 καί

2218 2924 2289 2978 τά
2316 2927 2418 2996 τῆς
2449 2923 2592 2993 ζωῆς
2619 2920 2678 2978 εὖ
2710 2923 2859 2993 ἔσχε,
2897 2924 2992 2978 καί
3033 2927 3061 2978 ὀ
3091 2926 3286 2995 χρόνος
3317 2927 3442 2979 ὅσον
3473 2928 3551 2989 είς
3583 2923 3755 2995 ἀνθρω-

2220 3013 2386 3085 πίνης
2429 3011 2576 3083 ζωῆς
2614 3012 2813 3083 μέτρον
2850 3012 3221 3078 ίκανώτατος·
3255 3016 3353 3069 καὶ
3386 3016 3442 3068 τί
3472 3017 3573 3087 χρὴ
3610 3015 3755 3082 λέγειν

2220 3099 2334 3169 οἶος
2360 3106 2611 3175 λαμπρὸς
2645 3105 2739 3157 καί
2770 3105 3134 3177 περίϐλεπτος
3160 3107 3221 3158 ὲν
3256 3106 3339 3178 τῷ
3374 3107 3476 3179 βίῳ
3500 3106 3756 3177 ἐχρημάτι-

2223 3216 2351 3265 σεν;
2398 3199 2460 3251 Εἰ
2500 3198 2558 3251 δὲ
2603 3198 2835 3251 κτίσεων
2875 3197 3013 3270 ἔργα
3044 3198 3353 3270 θαυμάζειν
3402 3217 3484 3254 σοι
3514 3201 3755 3272 πάρεστιν,

2222 3292 2326 3361 ὅρα
2370 3290 2659 3361 παρελθὼν
2711 3291 2773 3344 τὺ
2806 3291 3104 3354 Βυζάντιον
3167 3293 3252 3355 είς
3303 3293 3429 3347 ὅσον
3460 3294 3586 3348 αὐτὸ
3617 3291 3754 3360 ἐπῆρε

2220 3384 2389 3452 ’δόξης
2417 3385 2514 3437 καὶ
2547 3383 2885 3453 εὐκοσμίας,
2929 3384 3189 3437 τοσοῦτον
3227 3383 3474 3457 αὐξήσας
3517 3389 3604 3439 καὶ
3656 3382 3758 3438 καὶ·

2222 3475 2470 3538 λωπίσας
2514 3474 2720 3545 τείχεσι
2757 3492 2816 3528 τε
2852 3475 2949 3529 καί
2977 3476 3291 3545 περιϐόλοις
3310 3518 3325 3543 ,
3349 3481 3474 3533 ὅσον
3500 3477 3759 3548 ἐπιτήδειον

2221 3564 2477 3629 δέξασθαι
2506 3563 2575 3617 τὰ
2618 3564 2907 3633 Ῥωμαίων
2941 3564 3189 3635 βασίλεια
3212 3582 3226 3596 ⁸
3258 3570 3315 3621 τί
3351 3569 3436 3622 δεῖ
3462 3566 3756 3639 ἀπαριθμεῖ-

2225 3657 2349 3710 σθαι
2377 3658 2699 3725 κτισμάτων
2732 3657 2940 3728 πλῆθος
2974 3662 3068 3712 καί
3095 3660 3355 3730 μέγεθος,
3390 3662 3449 3730 ἐξ
3481 3661 3553 3717 ὧν
3582 3662 3759 3715 πάντων

2224 3747 2637 3817 ὑπερήνεγκεν,
2688 3747 2724 3802 ἃ
2769 3751 2907 3819 μήτε
2975 3753 3088 3813 τοῖς
3160 3752 3336 3822 ὁρῶσι
3396 3749 3759 3823 καταλήψεσθαι

2224 3841 2384 3911 ῥᾴδια
2406 3880 2421 3903 ,
2452 3840 2588 3909 μηδὲ
2623 3842 2900 3911 γράφουσι
2929 3842 3154 3895 δυνατὸν
3174 3844 3577 3911 άνατάξασθαι;
3605 3841 3760 3896 Καίτοι

2222 3932 2327 4003 ὀδῷ
2360 3932 2590 4002 βαδίζων
2621 3934 2716 4011 ἐπὶ
2762 3934 2831 3986 τὰ
2860 3934 3032 3998 κάτω,
3070 3937 3165 3988 καὶ
3199 3935 3439 4006 μάνθανε
3483 3931 3567 3991 οἷα
3602 3935 3647 3988 οἱ
3671 3930 3760 4004 μετ’

2222 4025 2430 4078 ἐκεῖνον
2479 4025 2738 4094 εὐθύτητι
2778 4025 3067 4095 δογμάτων
3101 4027 3486 4098 ὲμπρέψαντες
3527 4028 3760 4099 ἐδρασαν⁹

2224 4115 2321 4169 θέα
2345 4133 2457 4185 μοι,
2476 4119 2524 4168 εί
2561 4116 2759 4186 βούλει,
2786 4116 2879 4170 τὸν
2914 4117 3216 4185 Θεοδόσιον,
3256 4120 3344 4173 ἵνα
3379 4121 3439 4174 τὸ
3463 4111 3760 4190 συνεχὲςτοῦ

2221 4208 2382 4277 λόγου
2415 4208 2830 4279 συμφυλαχθείη
2864 4211 2964 4278 τῆς
3005 4210 3241 4274 κτίσεως
3265 4251 3281 4277 ,
3308 4214 3395 4282 ἐφ’
3426 4214 3546 4266 ὅσον
3581 4210 3668 4281 τὴν
3688 4206 3765 4259 αὐο

2220 4304 2321 4375 τὴν
2375 4302 2530 4355 πόλιν
2573 4301 2988 4354 Κωνσταντίνου
3035 4301 3287 4364 ἑξαπλῶν
3343 4305 3440 4357 καί
3478 4298 3757 4373 άπευρύνων

2220 4396 2495 4467 διάστημα
2518 4395 2845 4467 ἐμεγάλυνε,
2869 4396 2965 4449 καὶ
2987 4390 3075 4448 οἷα
3096 4396 3165 4448 τὰ
3196 4396 3342 4467 ίερὰ,
3362 4397 3506 4466 ἅπερ
3527 4396 3612 4448 τὸν
3630 4389 3759 4446 αὐτὸν

2221 4493 2336 4553 τοῖς
2406 4488 2745 4561 προλαϐοῦσι
2790 4488 2890 4559 τῆς
2944 4488 3257 4559 ὀρθοδοξίας
3298 4488 3550 4562 ζηλώσας
3597 4484 3760 4557 τρόπον

539 4573 753 4627 Etenim
786 4574 999 4626 duobus
1055 4587 1218 4641 supra
1271 4573 1633 4642 quadraginta
1664 4573 1824 4628 anuis
1874 4574 1927 4628 in
1964 4574 2113 4644 regio

2220 4581 2503 4650 ἐδείματοο
2534 4578 2751 4647 λογίζου
2795 4578 2885 4631 τὸν
2916 4578 3152 4648 ἀριθμὸν
3203 4570 3314 4632 τῶν
3357 4580 3562 4650 χρόνων
3584 4617 3597 4639 ,
3623 4576 3673 4637 ὅς
3697 4586 3759 4623 σοι

541 4669 736 4717 throno
772 4663 1005 4719 refulsit.

2226 4669 2379 4738 φίλος
2411 4671 2507 4722 καί
2530 4667 3021 4741 περισπούδαστος,
3057 4668 3157 4736 τῆς
3188 4669 3404 4721 ἐκείνου
3435 4664 3691 4739 βασιλείας
3713 4658 3758 4709 τὸ

541 4757 831 4825 μήκιστον,
880 4751 924 4809 ὧ
963 4756 1246 4827 φιλόχρονε
1271 4759 1335 4812 σύ
1378 4759 1472 4812 καί
1510 4758 1840 4830 φιλόκοσμε,
1886 4759 2116 4812 καὶτῶν
2159 4762 2391 4831 ῥεόντων
2417 4761 2556 4836 ἐρῶν
2619 4760 2978 4816 ἐκτοπὼτατα
3002 4778 3015 4791 υ
3041 4761 3163 4815 δυσί
3228 4762 3338 4833 γὰρ
3371 4762 3509 4835 πρὸς
3535 4760 3638 4821 τοῖς
3660 4766 3757 4806 τεσ·

540 4847 850 4919 σαράκοντα
878 4848 1057 4901 ἔτεσιν
1097 4851 1179 4911 είς
1208 4848 1300 4901 τὸν
1334 4849 1524 4919 θρόνον
1552 4850 1816 4922 διέπρεψε
1843 4850 1932 4904 τὸν
1959 4850 2231 4921 βασίλειον
2262 4854 2351 4923 (ς).

610 4986 699 5041 79.
734 4986 839 5041 Sed
864 5000 963 5042 cur
987 4987 1100 5057 jam
1135 4988 1287 5043 hmo?
1334 4987 1554 5052 Mirare,
1596 4989 1639 5043 si
1667 4999 1818 5044 certe
1866 4990 2113 5045 melioris

537 5079 612 5132 rei
639 5077 975 5134 discretione
1030 5080 1221 5148 polles,
1271 5080 1356 5135 avi
1423 5081 1542 5148 ejus
1592 5079 1885 5137 Theodosii
1937 5082 2115 5152 Magni

533 5185 661 5239 erga
692 5170 855 5223 Deum
889 5170 1089 5240 Deique
1113 5168 1352 5228 famulos
1378 5173 1757 5226 reverentiam.
1786 5173 1937 5239 Quod
1971 5174 2117 5227 enim

535 5263 681 5317 circa
747 5261 1060 5344 Servatoris
1133 5267 1303 5317 nostri
1371 5264 1806 5317 incarnationem
1873 5264 2115 5319 studium

534 5357 803 5426 fidemque
832 5357 1091 5427 habebat,
1128 5369 1239 5412 tum
1275 5374 1445 5415 sacrae
1473 5360 1611 5428 apud
1649 5376 1744 5414 nos
1782 5362 1925 5414 zedes
1953 5360 2021 5415 ab
2046 5376 2111 5414 eo

601 5566 716 5637 (94)
751 5565 823 5637 De
847 5562 1203 5620 Constantini“
1221 5562 1397 5634 Magni
1429 5562 1604 5617 sacris
1634 5561 1880 5616 aedificiis
1935 5561 2114 5619 recole

533 5635 717 5691 aditet.
755 5635 845 5702 74,
872 5651 902 5702 p
962 5638 1050 5691 66.

605 5709 675 5774 (ι’)
705 5709 834 5759 Puta
863 5706 1036 5776 Magni
1064 5706 1715 5776 Constantiniunummos
1748 5721 1869 5758 cum
1903 5704 2112 5776 Laboro

534 5790 628 5828 sou
667 5777 870 5830 Christi
902 5774 1384 5846 monogrammate.
1418 5774 1680 5829 Nummos
1717 5787 1827 5829 toto
1850 5776 1980 5828 urbe
2007 5775 2113 5827 llo-

534 5862 695 5901 tu.mo
721 5846 969 5911 diffusos,
1024 5847 1076 5899 in
1108 5848 1304 5916 quibus
1346 5846 1987 5917 magnuS‘tIoustantinus
2022 5847 2116 5900 ha-

2285 4992 2383 5045 οθ⁹.
2427 4991 2493 5044 Τί
2522 4990 2728 5057 ταύτας
2778 4990 3052 5061 θαύμαζε,
3089 4991 3143 5044 εἴ
3171 5006 3253 5044 σοι
3299 4990 3648 5043 πεπίστευται
3674 4978 3755 5032 τῶν

2216 5086 2519 5156 ἀμεινόνων
2552 5087 2585 5154 ἡ
2621 5085 2802 5155 κρίσις
2823 5123 2837 5148 ,
2866 5084 2966 5154 τὴν
2994 5081 3090 5136 τοῦ
3125 5083 3354 5137 πάππου
3381 5081 3567 5135 τούτου
3596 5071 3753 5130 Θεοδο·

2218 5180 2333 5232 σίου
2373 5177 2465 5231 τοῦ
2502 5177 2758 5246 Μεγάλου
2782 5219 2796 5242 ,
2840 5176 2966 5246 περί
2993 5194 3053 5228 τε
3090 5176 3153 5228 τὸ
3189 5176 3345 5229 Θεῖον
3389 5173 3482 5228 καὶ
3529 5171 3644 5230 τοὺς
3680 5159 3753 5214 τοῦ

2219 5272 2374 5324 Θείου
2410 5271 2750 5338 θεράποντας
2784 5269 3091 5322 εὐλάϐειαν
3136 5268 3203 5338 ἣν
3250 5269 3360 5337 γὰρ
3395 5266 3521 5336 περὶ
3551 5263 3640 5331 τὴν
3680 5251 3753 5308 τοὖ

2220 5360 2473 5432 Σωτῆρος
2501 5362 2532 5431 ἡ
2543 5360 2658 5431 μῶν
2684 5360 3018 5429 οίκονομίαν,
3051 5358 3289 5429 σπουδὴν
3331 5358 3427 5411 καὶ
3459 5354 3628 5407 πίστιν
3654 5342 3755 5399 ἐκέ·

2216 5564 2328 5618 bitu
2361 5565 2569 5619 orantis
2616 5564 2738 5618 cudi
2776 5579 2835 5619 se
2870 5563 3144 5631 iusserat,
3200 5572 3465 5619 memorat
3501 5552 3748 5612 Eusebius.

2225 5633 2332 5689 Vit.
2362 5636 2544 5703 Const.
2579 5637 2670 5690 lih.
2705 5651 2778 5697 tv,
2815 5634 2895 5688 l5.

2290 5707 2355 5776 (ε)
2386 5700 2673 5773 Loquitur
2712 5709 2778 5760 tle
2813 5705 3120 5776 Theodosio
3180 5704 3408 5776 Minore,
3454 5698 3541 5769 qui
3592 5705 3750 5776 reapst!

2220 5767 2379 5829 annis
2408 5777 2477 5830 42
2505 5767 2829 5843 imperavit,
2873 5785 2926 5829 et
2953 5767 3482 5843 Constantinopolim
3515 5767 3748 5823 mmtttbui

2222 5847 2571 5917 aedificiisque
2600 5848 2846 5916 plurimis
2881 5846 3251 5916 atnplrlicavu.
3360 5866 3368 5875 '
