4004 6420
453 256 564 325 ξτῖἴι

1486 271 1548 328 s.
1595 269 2016 329 NICEPHURI
2057 272 2566 337 PATRIARCH/E
2605 279 2714 340 cp.
3613 296 3697 358 Lg;
3733 270 3736 272 ’

458 379 704 434 habitum
760 375 1106 441 abominatis,
1142 379 1233 448 qui
1286 388 1370 436 est
1414 383 1660 452 religioni
1720 400 2018 456 eponymus

2149 389 2407 443 ναστικοῦ
2445 391 2562 461 βίου
2599 395 2785 464 σχῆμα
2828 395 3259 472 βδελυσσόμενος
3281 440 3295 463 .
3328 404 3594 475 ἐπώνυμον
3618 416 3698 482 τῆς

455 487 652 529 nomen
674 471 958 526 monachis
982 472 1430 528 immemorabiles
1463 475 1740 545 imposuit.
1771 476 1865 530 Est
1896 478 2041 531 enim

457 567 652 636 religio
701 566 980 636 peceatori
1042 566 1404 622 detestabilis.
1461 567 1592 633 Qua.-
1629 585 1754 623 vero
1780 570 2042 624 adversus

453 658 573 714 illos
609 660 894 729 tyranuice
939 669 1206 727 tyrannus
1235 659 1382 726 fecit,
1417 663 1542 714 dum
1588 661 1887 730 promissas
1925 661 2038 717 Deo

451 749 824 820 professiones
855 750 1073 806 abolere
1097 766 1323 822 cogens,
1349 762 1402 807 et
1425 768 1583 808 sacro
1612 754 1797 808 habitu
1827 754 2036 824 abiecto

452 841 702 895 laicalem
741 842 1008 908 induere;
1041 843 1268 912 insuper
1299 843 1424 897 dum
1459 860 1523 898 ex
1562 845 1646 900 his
1676 845 1885 914 aliquot
1919 862 2039 899 nm-

448 932 675 990 licribus
736 936 979 1004 capulari
1041 937 1242 1006 coegit,
1296 948 1352 992 et
1408 937 1458 990 iu
1513 937 1656 992 ludis
1697 939 2038 993 circensibus

451 1031 755 1084 monachos
793 1041 847 1082 et
898 1030 1230 1083 mouastrias
1283 1031 1623 1085 venerandas
1655 1031 1918 1101 virgines,
1953 1032 2038 1085 bi-

449 1136 549 1176 nos
583 1121 800 1191 illigans
826 1121 1041 1189 publice
1074 1121 1343 1188 traduxit,
1379 1121 1842 1191 irreligiosissime
1874 1134 2036 1193 atque

449 1213 809 1284 iujustissime
839 1222 894 1269 et
921 1224 1113 1270 contra
1139 1230 1357 1270 onmem
1385 1215 1825 1270 Christianorum
1857 1220 2028 1287 legem

445 1309 524 1362 sic
555 1322 744 1373 agens,
783 1316 835 1361 et
867 1323 1210 1378 quaecunque
1241 1309 1343 1362 alia
1382 1309 1433 1362 in
1465 1324 1561 1364 eos
1593 1310 1718 1364 fecit
1748 1310 2027 1380 illegitima

443 1411 498 1454 et
551 1401 740 1468 impia,
813 1400 1033 1468 majoris
1079 1414 1243 1470 quam
1301 1401 1388 1457 hic
1423 1402 1690 1457 sermonis
1752 1404 2026 1472 negotium

443 1506 525 1546 est
556 1492 790 1564 tos-oo).

2151 480 2506 549 θεοσεϐείας,
2549 485 2612 537 τὸ
2660 486 3126 556 ἀμνημόνευτον
3192 494 3372 557 αὐτοῖς
3422 480 3699 571 ἐπέγραψεν

2151 573 2344 643 ὄνομα·
2371 594 2388 625 ι
2409 575 2698 647 Βδέλυγμα
2717 579 2823 650 γάρ
2847 582 3162 654 ἁμαρτωλῷ
3187 586 3482 638 θεοσέϐεια·
3520 607 3535 638 ι
3557 584 3632 643 οἷα
3656 594 3700 645 δὲ

2144 667 2223 729 εἰς
2251 667 2447 730 αὐτοὺς
2473 671 2749 740 τυραννίδι
2785 671 2957 726 ἐπιὼν
2986 678 3015 728 6
3050 679 3317 748 τύραννος
3369 679 3557 749 ἔδρασε
3579 723 3592 745 ,
3619 684 3702 747 τὰς

2141 773 2200 809 τε
2250 759 2386 828 πρὸς
2431 760 2564 813 Θεὸν
2597 763 3020 834 ἐπηγγελμένας
3071 769 3256 833 αὐτοῖς
3307 772 3586 840 ὁμολογίας
3625 776 3702 827 καὶ

2145 849 2422 920 συνθήκας
2470 852 2683 906 ἀθετεῖν
2722 853 3156 927 ἐκϐιαζόμενος,
3207 863 3299 914 καὶ
3345 863 3406 914 τδ
3444 864 3613 934 σχῆμα
3653 866 3703 917 τὸ

2142 942 2286 1012 ἱερὸν
2315 944 2752 1016 ἀπορρίψαντας,
2776 950 2834 1000 τὸ
2856 948 2967 1002 τῶν
2996 951 3204 1005 λαῖκῶν
3236 957 3699 1024 μεταμφίσκεσθαιο

2139 1033 2219 1088 ἔτι
2257 1034 2315 1088 δὲ
2348 1034 2441 1099 οὒς
2477 1040 2569 1090 καὶ
2600 1039 2818 1108 γυναιξὶ
2857 1042 3163 1115 συζυγῆναι
3211 1047 3596 1116 ἐξηνάγκασεν,
3626 1053 3702 1106 ἐπί

2138 1144 2197 1180 τε
2229 1127 2328 1197 τῆς
2376 1129 2606 1200 ίππικῆς
2647 1132 2880 1204 ἁμίλλης
2933 1136 3135 1199 αὐτούς
3186 1155 3247 1190 τε
3285 1139 3414 1202 τοὺς
3465 1145 3704 1212 μοναχοὺς

2138 1221 2234 1274 καὶ
2273 1221 2376 1284 τὰς
2424 1224 2770 1292 μοναζούσας
2819 1229 3029 1298 σεμνὰς
3071 1232 3416 1300 παρθένους,
3452 1237 3587 1290 κατὰ
3623 1254 3701 1290 συ-

2137 1314 2332 1383 ζυγίαν
2362 1315 2595 1369 συνδέων
2619 1320 2712 1370 καὶ
2745 1319 2896 1389 ἄγων
2925 1322 3293 1393 ἐθριάμϐευεν
3319 1325 3416 1396 (r),
3447 1326 3704 1381 ἀθεώτατα

2135 1407 2228 1459 καὶ
2263 1407 2736 1478 παρανομώτατα,
2775 1413 2868 1466 καὶ
2906 1413 3058 1484 παρὰ
3092 1415 3275 1469 πάντα
3308 1416 3403 1470 τὸν
3437 1417 3542 1470 τῶν
3586 1419 3701 1488 Χρι-

2140 1498 2372 1552 στιανῶν
2410 1501 2574 1570 νόμον
2599 1502 3068 1577 διαπραττόμενος
3093 1546 3108 1571 ,
3141 1509 3235 1561 καὶ⁵
3263 1509 3433 1564 τάλλα
3465 1513 3628 1566 ὁπόσα
3649 1514 3702 1582 δὴ

441 1593 538 1644 καὶ
589 1594 751 1645 ὁποῖα
790 1593 870 1655 εἰς
926 1591 1126 1656 αὐτοὺς
1164 1593 1547 1664 κατεπράξατο
1581 1594 1796 1666 ἄθεσμα
1832 1594 1924 1647 καὶ
1990 1593 2202 1660 ἀνόσια,
2273 1597 2586 1668 κρείττονος
2625 1600 2657 1670 ἢ
2731 1601 2828 1654 τοῦ
2865 1605 3133 1674 παρόντος
3195 1604 3358 1674 λόγου
3405 1609 3550 1662 ἐστὶν
3582 1609 3704 1662 ἐκδι-

439 1685 712 1754 ηγεῖσθαι.

511 1826 600 1882 8|.
643 1825 750 1880 Sed
779 1839 879 1895 age
910 1825 1040 1880 hinc
1076 1826 1141 1882 ad
1173 1827 1509 1898 posteriores
1539 1842 1717 1896 reges,
1771 1827 2020 1894 si-lubet,
2058 1831 2102 1890 υ

437 1919 724 1975 descende.
792 1919 1086 1973 Considera
1145 1921 1270 1974 vita:
1323 1935 1496 1976 annos
1546 1930 1602 1976 et
1675 1920 2018 1984 felicitatem,

437 2011 692 2079 quoniam
723 2009 819 2063 tibi
852 2009 975 2065 fidei
1007 2011 1291 2065 criterium
1348 2023 1478 2067 sunt
1521 2012 1765 2067 victoriae
1817 2012 1882 2067 de
1927 2012 2022 2065 ho-

435 2106 630 2169 stibus,
665 2112 719 2157 et
750 2103 1036 2170 przesentis
1083 2104 1267 2160 umndi
1316 2119 1402 2160 res
1435 2104 1698 2160 illustres.
1735 2103 1813 2158 'l‘u
1866 2119 2021 2159 novat

433 2196 579 2258 fidei,
623 2211 715 2250 seu
772 2197 951 2265 potius
1016 2195 1138 2250 novi
1198 2197 1410 2252 dissidii
1465 2206 1631 2266 atque
1681 2196 2021 2252 iutidelitatis

433 2296 647 2351 auctor,
681 2287 874 2356 ingrati
905 2288 1074 2342 animi
1107 2299 1388 2354 creatura,
1443 2297 1498 2344 et
1549 2289 1781 2343 luxuria!
1815 2290 2018 2344 manci-

435 2381 606 2449 pium,
633 2391 816 2449 specta
854 2389 1091 2434 veterem
1125 2380 1516 2448 Justiuianum,
1545 2397 1710 2452 quam
1740 2382 2022 2437 fer-venter

432 2483 485 2524 et
515 2475 727 2542 publice
766 2471 926 2527 Verbi
982 2472 1251 2527 iucarnati
1301 2474 1567 2544 imagines
1615 2476 1965 2529 honoraverit
2003 2490 2017 2526 :

435 2568 522 2620 hic
573 2565 1111 2635 duodequadraginta
1162 2567 1321 2622 annis
1362 2566 1671 2622 Romanum
1731 2568 2016 2638 imperium

434 2660 629 2717 tenuit.
663 2659 876 2726 Quanta
913 2670 1096 2715 autem
1129 2662 1391 2716 adversus
1441 2663 1714 2716 Barbaros
1750 2660 2020 2716 felicitate

433 2771 562 2809 usus
594 2753 776 2818 fuerit,
815 2753 1061 2823 plurima!
1093 2753 1159 2808 de
1199 2755 1293 2808 illo
1314 2765 1368 2808 et
1401 2755 1743 2826 gravissima:
1774 2756 2019 2811 historizn

434 2857 683 2907 narrant,
744 2845 905 2914 idque
958 2857 1145 2900 uotum
1198 2848 1265 2902 iis
1305 2847 1397 2916 qui
1429 2848 1676 2904 studiose
1721 2863 1816 2903 eos
1852 2849 2018 2904 libros

436 2943 742 2996 revolvunt.
782 2942 856 2994 De
896 2941 1132 2996 conditis
1157 2941 1402 2998 :edificiis
1427 2942 1702 3012 gloriaris,
1738 2958 1912 3012 eaque
1941 2948 2008 2996 ad

433 3036 556 3090 fidei
593 3035 961 3090 testimonium
986 3035 1258 3088 assumis?
1282 3035 1400 3088 Alia
1429 3034 1652 3104 quidem
1680 3035 1872 3089 omitte
1901 3035 2018 3104 pitt-

431 3130 566 3183 rima
591 3141 646 3184 et
681 3129 912 3182 maxima
948 3139 1002 3182 et
1047 3130 1296 3198 quemvis
1348 3145 1636 3183 numerum
1670 3129 2012 3193 excedentia,

2205 1833 2317 1882 πα’.
2367 1827 2506 1882 Ἀλλ’
2541 1831 2640 1898 ἄγε
2668 1833 2732 1902 δὴ
2762 1833 3015 1886 ἐντεῦθεν
3043 1835 3339 1907 μετάϐηθι,
3376 1837 3468 1892 καὶ
3496 1839 3596 1892 τῶν
3627 1857 3705 1910 ιτε-

2125 1921 2558 1992 ταγενεστέρων,
2589 1924 2637 1976 εί
2670 1923 2875 1994 βούλει,
2912 1928 3281 1998 περιεργάζου
3309 1931 3436 1994 τοὺς
3466 1931 3557 2001 τῆς
3581 1933 3702 1998 ζωῆς

2125 2013 2355 2083 χρόνους
2392 2015 2487 2067 καὶ
2531 2015 2630 2087 τὴν
2660 2017 2982 2083 εὐπάθεια),
3015 2021 3136 2073 ὲπεί
3192 2040 3273 2076 σοι
3305 2024 3588 2096 κριτήριον
3627 2026 3702 2076 πί-

2127 2121 2296 2168 στεως
2354 2108 2409 2158 αί
2466 2108 2589 2160 κατ’
2649 2109 2859 2180 ἐχθρῶν
2916 2114 3097 2176 νῖκαι,
3152 2114 3248 2168 καὶ
3307 2114 3402 2168 τοῦ
3461 2117 3701 2188 παρόντος

2125 2196 2332 2266 κόσμου
2369 2200 2424 2253 avi
2467 2201 2841 2272 περιφάνειαν
2877 2204 2906 2256 6
2935 2203 3036 2274 τῆς
3058 2203 3186 2268 νέας
3218 2205 3487 2273 πίστεως,
3521 2209 3698 2279 μᾶλλον

2121 2288 2178 2342 δὲ
2215 2289 2317 2359 τῆς
2348 2290 2478 2354 νέας
2509 2294 2828 2366 κατατομῆς
2873 2296 2968 2349 καὶ
3003 2296 3266 2361 ἀπιστίας
3289 2338 3305 2358 .
3356 2299 3415 2352 τὸ
3457 2299 3553 2368 τῆς
3582 2301 3700 2370 ἀχα-

2124 2379 2339 2458 ριστίας
2404 2380 2612 2450 κτίσμα
2647 2385 2744 2436 καὶ
2768 2384 2872 2455 τῆς
2905 2386 3204 2451 ἀκολασίας
3241 2389 3589 2460 ἀνδράποδον,
3624 2393 3700 2442 τὶν

2124 2471 2290 2523 πάλαι
2339 2471 2720 2528 ’1ουστινιανὸν
2754 2475 3065 2548 περιάθρει,
3101 2478 3162 2541 ὃς
3188 2479 3255 2551 δὴ
3286 2479 3515 2552 θερμῶς
3538 2499 3590 2534 τε
3615 2483 3698 2536 καὶ

2123 2563 2441 2634 περιφανῶς
2466 2567 2709 2637 τιμήσας
2737 2567 2806 2621 τὰ
2846 2568 2946 2639 τῆς
2977 2569 3455 2644 ὲνανθρωπήσεως
3494 2574 3582 2627 τοῦ
3610 2575 3695 2626 Λό-

2122 2673 2220 2724 γου
2276 2657 2764 2728 ἀπεικονίσματα,
2823 2660 2916 2712 τὸν
2965 2665 3514 2737 τεσσαρακοντοότην
3569 2665 3695 2719 δυοῖν

2121 2749 2612 2820 δεόντοινχρόνον,
2652 2751 2796 2806 κατά
2825 2752 2922 2824 τὴν
2976 2753 3293 2828 Ῥωμαϊκὴν
3343 2759 3520 2831 ἀρχὴν
3547 2759 3695 2813 διετέ-

2123 2840 2272 2894 λεσε·
2307 2842 2369 2894 τὸ
2405 2843 2462 2896 δὲ
2487 2843 2639 2908 ὅπως
2667 2843 2810 2897 κατὰ
2843 2843 3138 2918 βαρϐάρων
3164 2847 3339 2904 ἐθνῶν
3369 2851 3431 2904 τὸ
3462 2849 3695 2920 εὔδαιμον

2121 2933 2515 3004 ἀπηνέγκατο,
2560 2937 2614 2989 αἱ
2663 2937 2794 3009 περὶ
2837 2938 3022 2992 αὐτῶν
3069 2941 3310 3012 ἱστορίαι
3363 2943 3606 2996 πλεῖσταί
3648 2959 3696 2996 τε

2120 3019 2277 3076 οὖσαι
2313 3025 2406 3077 καὶ
2439 3024 2866 3094 ἀξιολογώτατοι
2901 3029 3165 3100 φέρουσι,
3212 3031 3309 3086 καὶ
3359 3033 3506 3087 ίσασι
3547 3033 3696 3089 ταῦτα

2121 3116 2170 3168 οἱ
2227 3118 2654 3187 ἐντετυχηκότες
2718 3121 3170 3193 ἐπιμελέστερον.
3260 3123 3390 3178 Ἐπὶ
3454 3127 3691 3197 κτίσμασι

433 3225 486 3277 in
515 3224 711 3293 quibus
750 3238 942 3292 magna
977 3221 1279 3276 formarum
1322 3223 1588 3277 varietate
1615 3231 1670 3276 et
1702 3220 1867 3276 Verbi
1927 3225 2011 3275 iu-«

2122 3211 2270 3278 μέγα
2313 3213 2564 3280 φρονεῖς,
2613 3212 2708 3265 καὶ
2766 3212 3010 3276 πίστεως
3058 3213 3217 3267 τοῦτο
3259 3217 3696 3289 παραλαμϐάνεις

429 3316 804 3372 caruatiouem
843 3323 896 3369 et
952 3323 1266 3368 sanctorum
1312 3315 1618 3370 certamina
1675 3315 2012 3385 depingeuda

430 3409 665 3473 curavit,
701 3424 797 3478 per
828 3422 986 3463 sacra
1019 3407 1274 3461 nimirum
1311 3407 1509 3476 templa
1536 3416 1590 3462 et
1621 3407 1724 3460 alia
1765 3407 2011 3461 :editicia.

432 3501 614 3560 Unum
659 3500 752 3553 tibi
784 3515 882 3568 pro
921 3501 1180 3553 oiunibus
1212 3501 1348 3554 satis
1374 3499 1502 3562 erit,
1528 3499 1670 3568 quod
1704 3514 1899 3552 nomen
1928 3501 2016 3551 ha-

427 3592 520 3646 bet
549 3608 576 3642 a
615 3591 880 3658 sapientia
913 3589 1006 3643 Dei
1037 3590 1220 3653 Verbi,
1267 3589 1548 3660 templum.
1588 3588 1701 3644 Iloc
1726 3600 1809 3643 est
1847 3589 2011 3642 mira-

427 3685 674 3739 Culorum
728 3681 1222 3748 mirabilissimam,
1285 3691 1400 3736 toto
1427 3684 1562 3735 orbe
1605 3680 2008 3751 famigeratum,

427 3775 674 3828 omnium
726 3782 996 3840 quotquot
1037 3773 1111 3825 ‘in
1164 3771 1417 3827 historiis
1469 3783 1862 3838 memorantur,
1910 3771 2012 3822 im-

429 3878 618 3918 mensa
658 3862 1039 3932 amplitudine,
1087 3872 1141 3916 et
1194 3862 1398 3915 eximia
1435 3861 1867 3932 pulchritudine,
1898 3871 2013 3914 stu-

427 3955 821 4023 pendissimum
852 3954 1079 4023 visuque
1102 3953 1507 4024 dignissimum.
1528 3953 1784 4008 Heraclio
1804 3966 2008 4016 autem,

426 4058 485 4102 ut
521 4047 876 4102 iutermedios
905 4047 1414 4116 praetermittamus,
1453 4061 1521 4101 ue
1566 4061 1754 4115 parem
1790 4046 2007 4113 quidem

426 4139 674 4194 invenire
733 4137 892 4192 facile
929 4146 1034 4193 est.
1070 4138 1317 4203 Quantus
1350 4136 1478 4204 ,ejus
1531 4137 1696 4191 fuerit
1741 4151 1868 4205 erga
1911 4135 2011 4189 has

429 4247 514 4286 res
551 4230 838 4296 religiosas
865 4245 1019 4284 amor
1061 4246 1126 4284 ac
1157 4231 1463 4294 veneratio,
1495 4245 1688 4300 magna
1723 4245 1854 4284 voce
1877 4244 2012 4298 prm-

426 4323 609 4378 dicaut
647 4323 884 4376 excitata
927 4323 996 4376 ab
1021 4338 1084 4376 eo
1122 4323 1534 4394 templa;cujns
1562 4324 1725 4378 etiam
1756 4339 1860 4376 non
1896 4337 2010 4375 ma-

427 4413 672 4469 nufactas
705 4414 1217 4469 Servatoris-nostri
1252 4415 1454 4470 Christi
1493 4416 1760 4484 imagines
1796 4423 2008 4483 tempus

427 4508 792 4570 conservavit,
826 4508 1437 4576 quarmnpotissimum
1488 4521 1673 4562 amore
1719 4516 1772 4560 et
1827 4505 2007 4560 studio

425 4601 730 4662 aestuabat;
793 4609 851 4650 ut
904 4612 1082 4666 neque
1131 4597 1292 4652 domo
1325 4599 1652 4660 discederet,
1691 4612 1866 4666 neque
1903 4597 2007 4650 iter

430 4689 645 4757 absque
689 4687 794 4739 illis
844 4689 1065 4756 aggredi
1106 4688 1291 4749 vellet,
1351 4687 1445 4742 sed
1486 4685 1568 4740 his
1611 4688 2004 4755 peregrinatio-

424 4781 510 4836 nis
547 4779 840 4834 comitibus
895 4780 1238 4846 dueihusque
1305 4779 1437 4831 tutis
1495 4788 1761 4833 uteretur.
1810 4777 2008 4832 Preces

424 4885 556 4924 vero
613 4870 731 4938 ejus
765 4871 832 4922 ad
885 4871 1234 4939 purissimam
1285 4869 1558 4922 dontiuam
1616 4879 1856 4923 nostrain
1914 4871 2008 4923 Dei

426 4973 681 5028 matrem,
707 4973 1022 5016 satieturqu
1046 4963 1492 5017 commemoratio
1521 4973 1681 5032 atque
1709 4963 2002 5030 invocatio,

423 5065 646 5124 quantm
682 5053 939 5108 fuerunt?
979 5054 1056 5108 Ne
1091 5054 1363 5124 respirare
1408 5055 1624 5124 quidem
1659 5055 1863 5125 absque
1910 5055 2006 5108 ha-

421 5163 540 5200 rum
577 5163 678 5204 usu
708 5147 938 5201 solebat.
969 5147 1227 5214 Qumumu
1284 5161 1444 5216 porro
1473 5143 1684 5201 fuerint
1725 5163 1813 5202 res
1845 5158 2009 5216 gestae

420 5242 536 5308 ejus
558 5241 625 5294 ob
647 5240 787 5292 hanc
809 5247 1016 5292 tantam
1041 5237 1200 5290 [idem
1218 5252 1281 5291 ac
1301 5237 1640 5305 religionem,
1669 5237 1826 5310 145
1846 5240 2007 5294 urbes

420 5345 581 5403 atque
623 5332 931 5402 provincite,
954 5330 1294 5398 clamabunt,
1322 5344 1443 5400 qua:
1470 5340 1596 5384 tunc
1627 5331 1687 5384 in
1717 5331 2004 5388 Persarum

495 5513 704 5585 τινι-99)
739 5511 1078 5582 Nicephorius
1111 5511 1228 5582 ipse
1254 5511 1318 5566 in
1353 5509 1666 5576 Breviario,
1696 5518 1750 5564 et
1795 5508 1998 5581 passim

427 5583 711 5644 Byzantini
744 5585 1011 5636 historici.

477 5648 562 5725 τι)
598 5657 826 5722 Legatum
857 5654 1219 5725 Theophanes
1277 5651 1586 5725 in__Cliron.
1632 5651 1698 5705 ad
1747 5666 1837 5704 an.
1869 5650 2000 5715 757,

424 5722 582 5796 quam
612 5722 1170 5778 exscribithdrenus
1210 5741 1262 5792 p.
1292 5722 1416 5776 M36.

2121 3301 2451 3373 μαρτύριον;
2500 3303 2568 3356 τὰ
2601 3303 2700 3374 μὲν
2739 3303 2880 3358 ἄλλα
2925 3323 3006 3359 σοι
3049 3307 3295 3378 παρετέα
3332 3308 3562 3364 πλεῖστα
3603 3311 3690 3362 ὅσα

2117 3395 2212 3447 καί
2242 3395 2477 3466 μέγιστα
2513 3397 2608 3448 καὶ
2644 3395 2884 3468 ἀριθμοῦ
2927 3397 3248 3469 κρείττονα,
3293 3402 3357 3455 ὲν
3381 3397 3465 3466 οἷς
3496 3403 3694 3456 πολυει·

2114 3485 2219 3549 δῶς
2261 3487 2358 3540 καὶ
2409 3486 2672 3552 ποικίλως
2722 3489 2791 3540 τά
2839 3505 2900 3542 τε
2946 3491 3044 3560 τῆς
3083 3491 3177 3546 τοῦ
3231 3494 3416 3562 Λόγου
3473 3498 3694 3564 ἑνσωμα-

2112 3579 2332 3644 τώσεως
2353 3582 2445 3634 καὶ
2472 3580 2580 3636 τῶν
2598 3583 2770 3651 ἁγίων
2794 3585 2920 3647 τοὺς
2946 3585 3144 3650 ἄθλους
3166 3588 3523 3664 ἀνιστόρησε,
3550 3592 3694 3656 θείοις

2113 3675 2262 3736 ναοῖς
2307 3689 2368 3726 τε
2399 3675 2495 3728 καὶ
2520 3674 2702 3739 ἄλλοις
2733 3675 3068 3747 δομήμασιψ
3103 3678 3161 3731 ἒν
3202 3680 3258 3732 δέ
3295 3699 3382 3736 σοι
3418 3685 3538 3738 ἀντὶ
3576 3686 3693 3739 πάν-

2112 3780 2222 3815 των
2269 3765 2538 3834 ἀρκέσει,
2585 3765 2650 3817 τὸ
2695 3766 2797 3835 τῆς
2834 3769 3026 3837 σοφίας
3061 3769 3157 3822 τοῦ
3209 3771 3352 3825 Θεοῦ
3394 3775 3564 3845 Λόγου
3608 3777 3694 3828 ὲπ-

2119 3854 2335 3926 ώνυμον
2360 3857 2525 3928 ἱερόν⁶
2547 3857 2707 3912 τοῦτο
2734 3859 2798 3930 δὴ
2815 3860 2924 3913 τῶν
2952 3863 3251 3933 θαυμάτων
3271 3864 3334 3917 τὸ
3362 3866 3690 3936 ἀξιάγαστον,

2110 3947 2140 4000 ὃ
2171 3949 2274 4002 ἀνὰ
2311 3951 2492 4003 πᾶσαν
2523 3951 2622 4021 τὴν
2667 3952 3000 4022 οἰκουμένην
3041 3951 3386 4025 βεϐοημένον
3439 3957 3694 4028 θαυμαζέ-

2110 4058 2226 4105 ται,
2262 4044 2480 4097 πάντων
2515 4044 2623 4098 τῶν
2659 4042 2881 4098 πώποτε
2916 4047 3421 4117 μνημονευομένων
3450 4052 3543 4103 καὶ
3575 4051 3694 4101 ἱστο-

2115 4135 2412 4206 ρουμένων,
2445 4135 2524 4206 τῷ
2553 4136 3009 4208 ἀπειροπλασίονι
3052 4138 3272 4209 μεγέθει
3302 4141 3402 4196 καὶ
3437 4141 3514 4211 τῷ
3540 4142 3692 4208 ὑπερ-

2109 4225 2317 4297 αίροντι
2362 4227 2551 4282 κάλλει
2582 4269 2596 4294 ,
2635 4229 3084 4299 παραδοξότατόν
3120 4247 3180 4283 τε
3228 4232 3324 4284 καὶ
3365 4233 3687 4299 ἀξιοθέατον.

2121 4318 2432 4390 Ἡρακλείῳ
2471 4319 2561 4385 δὲ,
2607 4320 2696 4372 ⁶ίνα
2743 4323 2870 4384 τοὺς
2913 4323 2972 4373 ἐν
3020 4321 3172 4392 μέσῳ
3224 4323 3688 4394 ταραδράμωμεν,

2110 4411 2232 4465 οὐδὲ
2275 4414 2628 4484 παραστῆσαι
2681 4412 2905 4483 ῥᾴδιονο
2963 4413 3161 4478 ὁπόσος
3215 4416 3242 4467 ὁ
3306 4418 3438 4486 περὶ
3473 4416 3538 4468 τὰ
3581 4413 3690 4482 ἱερὰ

2112 4503 2285 4556 ταῦτα
2316 4503 2638 4572 σεϐάσματα
2682 4503 2846 4566 πόθος
2881 4505 2975 4556 καὶ
3022 4506 3054 4572 ή
3107 4504 3490 4575 προσκύνησις
3513 4548 3527 4565 ,
3561 4507 3688 4574 μέγα

2114 4597 2471 4661 σαλπίζουσιν
2501 4597 2550 4649 οἱ
2577 4596 2706 4666 παρ’
2738 4596 2950 4650 ἐκείνου
2981 4597 3316 4661 ἀναστάντες
3347 4600 3491 4651 ναοί*
3517 4591 3576 4650 οὗ
3605 4596 3688 4648 καὶ

2113 4691 2212 4752 τὰς
2241 4688 2544 4759 λεγομένας
2595 4690 3054 4759 ἀχειροποιήτους
3096 4689 3191 4742 τοῦ
3240 4691 3495 4762 Σωτῆρος
3549 4688 3689 4760 ἡμῶν

2114 4777 2353 4850 Χριστοῦ
2382 4777 2597 4840 εἰκόνας
2630 4777 2732 4847 (α),
2765 4778 2792 4829 6
2827 4776 3020 4848 χρόνος
3051 4775 3335 4841 διέσωζεν,
3367 4777 3458 4845 ὑφ’
3491 4770 3564 4828 ὧν
3594 4772 3689 4844 μά·-

2114 4873 2273 4924 λιστα
2312 4869 2389 4940 τῷ
2446 4869 2598 4938 πόθῳ
2643 4869 2740 4922 καὶ
2785 4869 2863 4939 τῷ
2919 4867 3226 4938 σεϐάσματι
3282 4866 3686 4938 περιεφλέγστο·

2114 4964 2190 5025 ὡς
2245 4962 2382 5034 μηδὲ
2448 4962 2707 5033 ἀπαίρειν
2750 4961 2886 5032 μηδὲ
2938 4963 3233 5031 κατάρχειν
3279 4961 3438 5023 ὁδοῦ,
3491 4959 3693 5013 τούτων

2115 5061 2303 5131 χωρὶς,
2330 5058 2640 5129 βούλεσθαι,
2665 5056 2780 5110 ἀλλ’
2807 5057 2882 5119 ώς
2912 5055 3270 5126 συνεκδήμων
3294 5057 3390 5111 καὶ
3417 5051 3688 5126 ἡγεμόνων

2113 5154 2372 5205 ἀπλανῶν
2403 5150 2791 5222 περιέχεσθαι·
2825 5149 2935 5202 τῶν
2966 5147 3278 5220 πρεσϐειῶν
3321 5148 3376 5201 δὲ
3412 5149 3511 5216 τῆς
3558 5160 3687 5196 παν·

2113 5245 2386 5316 αχράντου
2405 5245 2706 5313 Δεσποίνης
2724 5243 2882 5312 ἡμῶν
2902 5242 3270 5312 Θεομήτορος,
3292 5242 3512 5294 καὶτῶν
3530 5238 3688 5305 ἁγίων

2115 5336 2148 5404 ὴ
2178 5335 2367 5406 μνήμη
2394 5336 2490 5387 καὶ
2518 5335 2550 5403 ή
2577 5333 2863 5403 ἐπίκλησις
2895 5333 3074 5403 πόση;
3105 5333 3228 5385 οὐδὲ
3260 5333 3522 5386 ἀναπνεῖν
3551 5323 3686 5394 αὐτῷ

2188 5513 2264 5584 (.r)
2305 5513 2379 5567 De
2412 5513 2622 5568 Christi
2659 5513 2873 5568 Domini
2932 5513 3168 5578 imagine
3203 5530 3312 5569 non
3367 5511 3681 5566 manufacta.

2111 5598 2271 5651 quam
2323 5599 2504 5637 secum
2554 5584 2976 5637 circumferebat
3026 5584 3316 5639 lleraclius
3381 5586 3681 5651 imperator,

2116 5654 2715 5778 li-gesisTigeophanem
2759 5654 2812 5707 in
2843 5652 3043 5708 Chron.
3081 5656 3146 5708 ad
3183 5655 3427 5724 ejusdem
3463 5650 3679 5709 Herachi

2117 5741 2312 5778 annum
2382 5737 2433 5778 ζ.

2117 5741 2312 5778 annum
2351 5739 2433 5778 12.

3881 1885 3884 2030 ι
