4004 6474
333 445 445 520 531

1192 449 1764 520 APOLOGETICUS
1805 458 1951 521 PRO
1992 455 2259 519 SACRIS
2301 440 2786 519 ILIAGINIBUS.

3497 450 3604 518 538

336 565 435 620 τὸν
488 565 748 620 ἁπάντων
791 566 1005 639 Κριτὴν
1034 567 1130 621 καὶ
1169 569 1450 640 Δεσπότην
1492 572 1586 624 καὶ
1628 569 1739 623 τῶν
1787 571 1925 623 ὅλων

2028 581 2314 640 postquam
2360 571 2602 625 ouminm
2641 568 2816 624 Judex
2866 565 3238 636 Dominnsque
3280 574 3335 621 et
3374 566 3600 621 univer-

331 653 475 709 Θεὸν
503 655 929 726 άπεκδέχεσθαι,
969 657 1087 726 ἅμα
1137 661 1204 729 τῇ
1237 659 1444 729 πληθύῖ
1475 650 1584 712 τῶν
1624 662 1918 730 μακαρίων

330 749 439 802 καὶ
460 747 772 815 ἀσωμάτων
798 748 1106 817 δυνάμεων,
1152 751 1289 820 μετὰ
1314 751 1476 817 δόξης
1503 754 1600 821 τῆς
1648 752 1918 823 πατρικῆς

338 837 403 903 ἐξ
445 839 691 909 οὖρανῶν
747 839 825 900 ὡς
854 840 918 910 δὴ
949 842 1291 909 κηρύσσεται
1328 843 1752 913 κατερχόμενον,
1824 845 1919 897 καὶ

342 931 544 995 ἄξοντα
592 931 675 991 είς
707 930 892 999 κρίσιν
944 933 1169 999 σύμπαν
1201 932 1263 986 τὸ
1301 932 1540 1002 ποίημα,
1577 934 1671 986 καὶ
1702 933 1918 985 ἀποδὼ-

342 1038 507 1074 σοντα
543 1020 758 1089 ἑκάστῳ
792 1021 937 1074 καθὰ
974 1020 1292 1075 ὲϐιότευσεν
1316 1040 1330 1055 ·
1372 1024 1489 1076 εἴτε
1524 1023 1730 1093 σαρκὸς
1758 1023 1923 1091 μόνον

339 1113 543 1165 πάθεσι
566 1112 755 1165 δουλοῦ
766 1113 928 1182 μενός
955 1130 1041 1176 τις
1071 1115 1462 1184 ὑπενήνεκται,
1488 1117 1582 1167 καὶ
1619 1115 1785 1184 μηδὲν
1811 1114 1922 1168 τῶν

330 1202 640 1271 ὁρωμένων
659 1202 1023 1271 λογισάμενος
1049 1203 1384 1275 ὑψηλότερον
1404 1206 1486 1268 είς
1501 1204 1608 1272 γῆν
1628 1204 1924 1258 ἀπονενευ-

330 1310 455 1357 κεν,
480 1294 590 1348 εἴτε
615 1294 693 1364 τῷ
713 1296 987 1365 πνεύματι
1021 1298 1508 1368 συνεπαιρόμενος,
1529 1301 1644 1361 τοῖς
1663 1297 1923 1367 μέλλουσι

330 1386 435 1438 καὶ
481 1386 611 1453 πρὶν
653 1385 867 1439 ἐνθένδε
919 1388 1469 1456 μεταναστῆναι,’ὼς
1507 1389 1609 1455 ἤδη
1659 1387 1918 1458 παροῦσι,

336 1477 680 1542 συνεγένετο,
730 1477 825 1529 καὶ
876 1478 953 1547 τῷ
985 1476 1117 1548 θείῳ
1164 1478 1317 1549 πόθῳ
1362 1478 1761 1549 πτερούμενος,
1810 1479 1923 1532 τῶν

331 1568 454 1622 ἄνω
483 1568 691 1636 inﬁgam:
712 1569 774 1621 τὸ
804 1570 1076 1639 μακάριον
1099 1571 1538 1641 κατοπτρίζεται
1568 1588 1584 1602 ·
1624 1572 1921 1643 προσέχειν

328 1678 395 1713 τε
423 1661 636 1724 ἑαυτοῖς
677 1662 942 1730 μάλιστα,
975 1663 1071 1716 καὶ
1129 1664 1239 1717 τῶν
1285 1665 1344 1716 ὲν
1401 1667 1534 1733 ἡμῖν
1572 1665 1919 1735 ὁρμημάτων

328 1756 434 1807 καὶ
464 1756 785 1823 κινημάτων
830 1756 1107 1825 αἱρεῖσθαι
1138 1757 1207 1808 τὰ
1253 1756 1453 1827 βελτίω
1482 1775 1543 1809 τε
1579 1758 1674 1810 καὶ
1701 1757 1918 1827 συμφέ-

333 1854 535 1911 ρονταο
561 1838 723 1912 νήψει
745 1842 799 1896 δὲ
827 1843 966 1906 νοὸς,
999 1841 1096 1897 καὶ
1123 1844 1403 1915 λογισμῶν
1431 1845 1791 1917 καθαρότητι,
1821 1845 1918 1900 καὶ

326 1929 446 1982 τῶν
487 1929 588 1997 τῆς
612 1930 793 2001 ψυχῆς
815 1932 1085 2001 ὀμμάτων
1119 1936 1455 2005 ἐγρηγόρσει
1486 1936 1596 1989 πᾶν
1628 1936 1812 1990 ὁτιοῦν
1837 1939 1919 2001 είς
1951 1927 1993 1982 Β

327 2021 497 2085 δόξαν
546 2022 683 2076 θεοῦ
726 2020 822 2075 καὶ
861 2026 1226 2096 εὐαρέστησιν
1278 2027 1754 2097 κατεργάζεσθαι⁶
1821 2031 1920 2081 καὶ

335 2114 628 2167 συνελόντα
671 2118 851 2168 εξπείν
883 2118 987 2172 ὃσα
1021 2120 1101 2181 εἰς
1132 2120 1410 2189 σωτηρίαν
1439 2120 1624 2192 ψυχῆς
1654 2117 1782 2193 ἦκε,
1815 2123 1920 2174 πᾶ-

339 2220 445 2259 σαν
474 2206 707 2277 σπουδὴν
733 2206 1074 2278 τιθεμένους,
1097 2210 1183 2264 διὰ
1211 2214 1310 2282 τῆς
1335 2212 1445 2265 τῶν
1477 2211 1711 2264 ἐντολῶν
1744 2212 1918 2282 τηρή-

340 2313 484 2359 σεως
532 2299 995 2369 διαπράττεσθαι·
1050 2302 1118 2355 δι’
1155 2296 1230 2357 ὧν
1276 2303 1655 2374 προσάγεσθαι
1688 2320 1748 2355 τε
1770 2300 1920 2377 αὐτῷ

334 2390 437 2443 καὶ
468 2393 817 2456 οίκειοῦσθαι,
864 2398 976 2458 τοῖς
1012 2396 1190 2449 ταῦτα
1215 2398 1634 2470 κατορθωκόσιν
1658 2397 1919 2468 ἀξιοπρε-

328 2484 459 2547 πῶς
486 2487 835 2555 περιγίνεται
859 2504 874 2520 ο
939 2491 1316 2562 μιμουμένους
1350 2492 1454 2554 τὰς
1481 2491 1782 2562 φρονίμους
1810 2490 1920 2544 τῶν

327 2578 625 2645 παρθένων
686 2581 927 2646 ὲκείνας,
968 2583 1065 2635 καὶ
1093 2583 1194 2646 τὰς
1238 2583 1535 2654 λαμπάδας
1567 2583 1787 2653 δαψιλεῖ
1839 2581 1920 2653 τῷ

323 2665 500 2735 ἐλαίῳ
521 2670 908 2739 κοσμουμένας
925 2673 1295 2737 ἀνάπτοντας.
1314 2671 1391 2736 ὡς
1423 2675 1487 2745 δὴ
1508 2674 1920 2744 ὑπαντήσοντας

322 2758 606 2828 ηὑτρεπισ
615 2762 813 2829 μένους
835 2762 913 2832 τῷ
935 2765 1152 2834 νυμφίῳ
1174 2766 1316 2835 ἀωρὶ
1335 2766 1445 2817 τῶν
1470 2765 1683 2818 νυκτῶν
1703 2766 1917 2835 ἥκοντι,

324 2847 638 2902 κάντεῦθεν
690 2851 1053 2907 ἀνενδύαστον
1086 2856 1466 2926 κεκτημένους
1497 2856 1560 2908 τὸ
1591 2854 1805 2920 εὔελπι,
1835 2857 1918 2920 είς

322 2941 461 3004 τοὺς
489 2943 755 3010 ὀρεκτοὺς
780 2944 1023 3008 ἐκείνους
1040 2945 1137 2999 καὶ
1152 2947 1648 3017 ἀναπεπταμένους
1670 2947 1781 3001 τῶν
1808 2963 1918 2999 πα-

322 3033 618 3103 τριαρχῶν
640 3035 899 3099 κόλπους,
923 3037 1023 3099 τὰς
1050 3038 1332 3108 μακαρίας
1358 3038 1576 3100 ἐκείνας
1616 3036 1789 3107 μονὰς
1822 3036 1919 3091 καὶ

324 3124 437 3175 ὰπέ
452 3124 785 3195 κληρώσεις,
844 3126 1047 3190 αἵτινές
1071 3127 1206 3181 ποτέ
1234 3130 1394 3190 εἰσιν,
1426 3127 1914 3196 ἁνακλιθήσεσθαυ

2024 662 2154 718 salis
2181 665 2337 723 Dens,
2363 679 2483 717 cum
2512 664 2796 717 bealarnm
2824 660 3148 731 spiritalium
3177 662 3437 712 virtutum
3464 657 3604 710 mul-

2028 755 2295 819 titudine,
2332 770 2589 824 .cumquo
2637 765 2859 822 paterna
2908 751 3112 821 gloria,
3167 759 3234 804 de
3281 749 3420 803 caelo
3464 749 3606 801 sicut

2025 847 2311 901 classirum
2353 847 2787 909 cecinitaderit,
2828 855 3249 909 creaturamque
3288 856 3507 893 omnem
3546 840 3603 892 in

2016 938 2280 1006 judicium
2308 939 2572 1004 adducet;
2598 937 2948 1007 singulosque
2974 948 3134 1004 prout
3155 934 3392 986 vixerint
3416 946 3598 982 remu-

2027 1029 2344 1091 nerabitnr;
2380 1040 2492 1083 tum
2534 1044 2660 1084 eum
2693 1027 2980 1087 videliret,
3025 1027 3116 1093 qni
3152 1025 3340 1078 carnis
3390 1032 3604 1074 tantum

2023 1122 2417 1188 cupiditatibus
2445 1122 2718 1177 serviliter
2745 1122 2981 1184 deditus,
3025 1119 3270 1185 nihilque
3303 1130 3468 1184 supra
3513 1126 3602 1165 res

2023 1212 2265 1268 visibiles
2293 1217 2571 1283 cogimus,
2602 1214 2667 1266 ad
2703 1223 2904 1265 terram
2934 1227 3138 1280 promis
3159 1211 3408 1263 tncnlntit
3434 1223 3449 1271 ;
3483 1217 3597 1256 tum

2024 1305 2172 1360 illum
2211 1306 2301 1373 qui
2337 1305 2528 1374 Spiritu
2566 1320 2783 1360 sursum
2812 1304 2989 1363 elato,
3026 1302 3225 1356 futuris
3262 1299 3427 1353 rebus
3469 1304 3600 1349 ante

2023 1396 2184 1449 etiam
2208 1411 2368 1463 quam
2395 1396 2522 1448 hinc
2547 1396 2829 1464 migraret,
2850 1406 2949 1446 ceu
2968 1391 3328 1461 praesentibus
3355 1397 3595 1439 mentem

2025 1487 2274 1551 intendit,
2309 1487 2583 1555 divinique
2608 1486 2812 1540 amoris
2846 1487 2947 1539 alis
2979 1485 3293 1546 subvectus,
3328 1491 3601 1545 supernu-

2023 1595 2141 1633 rum
2169 1580 2465 1633 stationum
2496 1579 2886 1633 beatitudinem
2913 1575 3312 1644 contemplatus
3343 1580 3449 1625 est.
3481 1569 3600 1632 llis,

2022 1672 2268 1740 inquam,
2308 1673 2481 1739 magis
2513 1671 2815 1733 adhaerere,
2850 1678 3140 1735 motusque
3181 1673 3398 1718 nostros
3442 1670 3495 1713 et
3523 1660 3629 1731 in-_

2022 1762 2342 1831 clinationes
2371 1762 2440 1815 ad
2487 1762 2711 1816 meliora
2759 1771 2924 1830 atque
2956 1758 3177 1812 utilium
3208 1761 3487 1824 oporteret
3520 1750 3605 1802 dio

2025 1854 2229 1923 rigere;
2310 1855 2617 1923 mentisque
2687 1852 3019 1916 sobrietate,
3093 1857 3148 1902 et
3207 1844 3601 1915 cogitationum

2023 1944 2279 2013 puritate,
2324 1958 2425 1999 nec
2464 1958 2570 1997 non
2611 1943 2870 2012 vigilante
2907 1942 3102 1994 anima:
3140 1929 3602 2003 ocnlo,quidquid

2027 2037 2133 2089 Deo
2168 2037 2526 2091 honoriﬁcum
2568 2036 2935 2106 placitumque
2973 2042 3098 2097 est,
3131 2028 3347 2099 Operari
3391 2041 3404 2079 :
3438 2035 3602 2089 atque

2021 2137 2076 2178 ut
2098 2127 2423 2193 compendio
2446 2126 2647 2187 dicam,
2671 2122 2933 2191 quidquid
2959 2121 3119 2175 saluti
3150 2120 3344 2172 animm
3366 2113 3599 2173 confert,

2021 2215 2073 2268 id
2099 2216 2245 2269 omni
2274 2216 2455 2271 studio
2485 2229 2581 2283 per
2609 2212 2975 2280 divintelegis
3007 2207 3407 2262 observantiam
3444 2218 3602 2257 exse-

2022 2309 2112 2375 qui
2146 2325 2165 2363 :
2198 2322 2320 2360 nam
2363 2307 2445 2361 sic
2477 2305 2776 2373 contingit,
2805 2313 2866 2356 ut
2896 2303 2964 2355 ad
2996 2300 3089 2354 Dei
3127 2295 3555 2353 familiaritatem
3580 2330 3597 2353 ,

2022 2399 2076 2451 ιιι
2127 2398 2221 2466 qui
2270 2397 2343 2451 ita
2394 2410 2456 2451 se
2501 2406 2733 2465 gerunt,
2775 2392 3134 2462 perveniant,
3175 2386 3449 2457 sapientes
3483 2383 3599 2436 ilius

2022 2490 2280 2543 nimirum
2344 2488 2626 2542 imitantes
2677 2487 2962 2557 virgines.
3021 2496 3260 2549 suasque
3326 2478 3601 2546 lampades

2022 2583 2247 2652 capioso
2279 2581 2402 2636 oleo
2426 2581 2727 2640 instructas
2761 2579 3145 2637 ascendentes,
3180 2581 3238 2625 ut
3275 2572 3412 2625 bene
3450 2583 3601 2622 com-

2019 2675 2194 2744 parati
2252 2687 2452 2741 sponso
2509 2679 2803 2727 occurrant
2856 2670 3180 2736 intempesta
3240 2664 3414 2717 noctis
3465 2662 3599 2715 liora

2020 2767 2424 2835 supervenienti
2455 2782 2469 2820 :
2504 2764 2586 2818 sic
2618 2777 2814 2831 nempe
2846 2761 3126 2815 indubiam
3158 2773 3306 2826 spem
3333 2756 3600 2817 foventes,

2020 2860 2138 2915 fore
2163 2870 2221 2912 ut
2250 2861 2302 2912 in
2336 2857 2540 2926 optatis
2567 2855 2676 2908 illis
2711 2853 3133 2921 patentibnsque
3164 2845 3601 2917 tmtriarcliarum

2022 2952 2271 3014 sinibus,
2315 2950 2602 3017 beatisque
2635 2945 2742 3000 illis
2792 2944 3018 2999 sedibus
3061 2950 3116 2994 et
3151 2938 3599 2997 lnereditatitms,

2022 3056 2377 3113 quarumque
2427 3042 2645 3095 demum
2700 3052 2782 3092 ea:
2828 3042 2991 3100 sunt,
3044 3035 3385 3088 recumbam.
3440 3027 3601 3089 Haec,

2022 3139 2262 3207 inquam,
2315 3137 2456 3190 bona
2505 3134 2775 3202 diligenda
2836 3139 2984 3193 sunt,
3030 3128 3082 3180 in
3134 3127 3224 3179 liis
3273 3138 3425 3177 mens
3467 3121 3604 3174 deli-

325 3216 516 3270 ταῦτα
543 3220 816 3289 στέργειν,
853 3221 911 3273 ἐν
935 3221 1152 3284 τούτοις
1182 3222 1613 3291 ἁπασχολεῖσθαι
1646 3221 1738 3274 τὸν
1768 3220 1916 3283 νοῦν,

2027 3232 2195 3301 genda
2219 3267 2235 3293 ,
2278 3243 2365 3283 res
2402 3227 2545 3281 nulla
2580 3226 2812 3293 denique
2846 3238 2966 3291 qum
2996 3220 3199 3273 caduca
3233 3226 3288 3270 et
3337 3214 3492 3268 noxia
3531 3212 3605 3265 sit

328 3309 438 3361 καὶ
477 3310 647 3379 μηδὲν
669 3311 781 3365 τῶν
815 3314 1136 3381 ἐπισφαλῶν
1182 3315 1280 3367 καὶ
1316 3314 1916 3385 βλαπτόντων,περιερο

2027 3322 2290 3377 curanda.
2326 3319 2438 3373 Hac
2465 3320 2509 3374 si
2547 3334 2646 3372 nos
2682 3315 2947 3387 sapientia
2982 3312 3189 3382 prmditi
3226 3307 3517 3368 fuerimus,
3545 3314 3604 3358 et

329 3402 651 3471 γάζεσθαι·
702 3402 770 3457 ἂν
811 3402 957 3458 οὕτω
1005 3405 1390 3476 φιλοσοφῶμεν
1429 3405 1526 3459 καὶ
1574 3406 1718 3460 οὕτω
1772 3406 1922 3477 βιοῦν

328 3492 623 3562 ἑλοίμεθα,
655 3491 752 3548 καὶ
791 3495 1024 3566 μελέτην
1047 3497 1282 3561 θανάτου
1314 3498 1415 3568 τὴν
1450 3498 1730 3568 παροῦσαν
1774 3498 1921 3569 ζωὴν

330 3585 628 3657 ἡγώμεθα,
665 3587 967 3657 τευξόμεθα
1002 3589 1113 3641 τῶν
1138 3589 1286 3661 παρὰ
1326 3590 1421 3643 τοῦ
1455 3589 1721 3658 ἀψευδοῦς
1751 3591 1923 3659 ἐπηγ-

330 3678 642 3747 γελμένων,
703 3679 800 3731 καὶ
864 3679 968 3747 τῆς
1023 3681 1397 3749 ἀποκειμένης
1446 3685 1561 3744 τοῖς
1617 3682 1923 3750 τηρήσασιν

332 3771 512 3823 αὐτοῦ
543 3771 635 3823 τὸν
666 3770 845 3839 λόγον,
877 3766 936 3825 εὖ
965 3767 1107 3833 οἶδα,
1154 3773 1595 3843 μακαριότητος·
1637 3773 1768 3842 περὶ
1820 3762 1922 3841 μ’ὲν

330 3863 407 3934 δὴ
443 3863 647 3916 τούτων
680 3866 729 3917 εί
779 3858 877 3919 καὶ
912 3865 1120 3937 βραχὺς
1149 3862 1178 3918 ό
1206 3866 1385 3932 λόγος,
1420 3867 1571 3936 ὅμως
1596 3866 1799 3929 ἱκανῶς
1829 3864 1924 3918 καὶ

333 3955 716 4025 ἀποχρώντως
757 3957 900 4026 ἔχων
922 3974 936 3988 ο
973 3958 1047 4011 οὐ-
1065 3959 1134 4025 γᾶ
1145 3975 1175 4027 ρ
1205 3959 1301 4011 ἐπὶ
1327 3958 1490 4012 πλέον
1511 3957 1770 4023 διεξιέναι
1793 3957 1922 4028 χρὴ,

333 4046 471 4101 ἐπεὶ
498 4048 573 4117 μὴ
607 4046 769 4100 τοῦτο
814 4048 926 4101 τῶν
976 4049 1119 4101 πάνυ
1158 4047 1602 4115 κατεπειγόντων
1631 4046 1708 4117 τῷ
1746 4045 1924 4117 καιρῷ

332 4139 611 4208 πρόσεστι
633 4153 648 4167 ο
698 4136 834 4208 περὶ
860 4136 918 4189 δέ
948 4154 1013 4205 γε
1047 4135 1159 4191 τῶν
1194 4137 1290 4190 νῦν
1327 4126 1925 4206 ἐπιφυομένωνίπαρὰ

333 4227 438 4280 τοῦ
471 4227 767 4296 μισοκάλου
797 4227 997 4298 ἐχθροῦ
1019 4228 1112 4280 καὶ
1137 4225 1228 4280 ἀεὶ
1258 4227 1322 4279 τὰ
1350 4227 1492 4279 καλὰ
1515 4226 1922 4296 βασκαίνοντος,

336 4320 444 4373 καὶ
469 4323 567 4388 τὴν
594 4323 819 4391 εἰρήνην
851 4322 952 4391 τῆς
981 4321 1222 4392 Χριστοῦ
1259 4322 1499 4393 ποίμνης
1531 4322 1607 4392 μὴ
1641 4322 1922 4393 φέροντος,

337 4411 444 4465 καὶ
465 4410 544 4479 τῷ
585 4410 809 4482 καθαρῷ
841 4410 944 4481 τῆς
992 4411 1459 4481 ἐκκλησιαπικῆς
1492 4411 1737 4483 άρορρας
1769 4413 1923 4484 σίτῳ,

337 4503 405 4555 ὃν
428 4503 585 4571 λόγος
617 4503 976 4571 εὖαγγελικὸς
1002 4504 1098 4558 καὶ
1129 4504 1399 4574 πατρικὸς
1435 4504 1696 4575 ἐξέθρεψέ
1732 4522 1792 4559 τε
1829 4506 1926 4560 καὶ

2020 3413 2101 3467 sic
2147 3413 2332 3465 vivere
2396 3409 2831 3468 decreverimus,
2896 3414 3293 3470 consequemur
3346 3396 3600 3465 equidem

2025 3504 2292 3573 promissa
2319 3501 2477 3558 abeo
2505 3501 2598 3568 qui
2632 3514 2740 3552 non
2767 3496 3035 3551 mentitur
3056 3491 3302 3583 piat-mia,
3330 3495 3605 3554 paratam-

2023 3608 2132 3661 que
2180 3594 2244 3647 iis
2271 3593 2367 3661 qui
2416 3592 2588 3660 legem
2632 3589 2802 3658 ipsius
2844 3590 3145 3641 observant
3186 3580 3597 3634 beatitudinem.

2025 3685 2131 3738 Sed
2159 3662 2225 3740 de
2253 3685 2360 3746 bis,
2392 3697 2704 3752 quanquam
2731 3678 2991 3740 breviter,
3019 3673 3282 3742 satisjam
3313 3669 3604 3722 verborum

2025 3774 2235 3829 elliuxit
2279 3790 2295 3827 :
2336 3787 2514 3843 neque
2559 3770 2706 3825 enim
2753 3766 3020 3839 prolixius
3069 3759 3451 3815 disserendum
3485 3763 3603 3814 est,

2022 3864 2460 3935 quandoquidem
2498 3874 2806 3916 sermonem
2845 3853 3150 3924 huiusmodi
3184 3860 3424 3920 praesens
3463 3854 3603 3898 tem-

2027 3973 2130 4028 pus
2178 3973 2283 4011 non
2338 3969 2667 4026 magnOpere
2718 3951 2946 4021 ﬂagitat.
2993 3945 3194 4001 Verum
3243 3943 3311 3996 de
3358 3937 3606 4028 subnatis

2027 4027 2254 4104 aizaniis
2278 4063 2341 4103 ac
2369 4047 2561 4118 spinis,
2588 4062 2725 4117 quas
2747 4043 2966 4100 virtutis
2993 4055 3141 4103 osor,
3174 4047 3497 4103 semperque
3526 4027 3606 4082 rei

2024 4140 2182 4198 bonae
2219 4142 2485 4205 invidens,
2523 4152 2578 4195 et
2608 4154 2798 4209 pacem
2828 4132 3123 4191 Christiani
3154 4128 3338 4200 gregis
3375 4122 3601 4178 minime

2028 4235 2233 4302 ferens,
2263 4236 2404 4289 inter
2442 4249 2639 4304 purum
2672 4227 3037 4286 ecclesiastici
3074 4223 3193 4293 agri
3231 4218 3496 4274 triticum.
3537 4209 3610 4264 ab

2026 4327 2338 4407 evangelica
2369 4337 2426 4381 et
2474 4335 2702 4396 paterno
2730 4323 2902 4376 verbo
2938 4320 3203 4373 nutritum
3239 4322 3297 4369 et
3344 4318 3563 4364 auctum
3586 4343 3604 4367 ,

2028 4419 2200 4483 sevit;
2226 4402 2346 4487 quze
2378 4431 2573 4485 nempe
2606 4414 2775 4481 spina:
2802 4412 2942 4465 viam
2981 4410 3104 4462 vita:
3139 4402 3443 4460 terentibus
3474 4411 3610 4450 cru-

2028 4510 2178 4565 deles
2228 4508 2528 4577 impietatis
2578 4504 2800 4560 aculeos
2857 4503 3123 4572 inﬁgunt,
3175 4491 3607 4563 dieputationent

342 4592 576 4666 ηὔξησε,
634 4596 1121 4668 παρεσπαρμένων
1177 4596 1435 4660 ζιζανίων
1469 4597 1566 4651 καὶ
1621 4598 1928 4670 ἀκανθοφο-

2033 4601 2455 4671 suspicabimur.

344 4690 591 4764 ρούντων
612 4690 737 4761 ἤδη,
770 4688 1028 4752 καὶτοὺς
1050 4690 1109 4741 ἐν
1128 4691 1193 4758 τῇ
1217 4689 1321 4759 όδῷ
1340 4688 1435 4742 τοῦ
1461 4689 1578 4760 βίου
1631 4692 1954 4763 παριόντας,
1991 4696 2105 4758 τοῖς
2136 4694 2387 4764 κέντροις
2440 4693 2544 4763 τῆς
2569 4689 2894 4752 δυσσεϐείας
2967 4681 3217 4754 ἀνηλεῶς
3267 4673 3616 4745 κατατιτρέν·

340 4797 500 4838 σκειν
535 4779 943 4852 ὑπαρξαμένων
967 4779 1346 4850 διαλεξόμεθα.

419 4971 490 5033 γ’.
526 4965 593 5016 ὐ
617 4954 719 5030 τῆς
755 4960 990 5027 εὐαγοῦς
1018 4961 1110 5015 καὶ
1139 4961 1308 5034 μόνης
1334 4962 1595 5033 ἀληθινῆς
1627 4964 1786 5033 ἡμῶν
1814 4964 1924 5017 τῶν

340 5052 692 5127 Χριστιανῶν
720 5050 1019 5123 θρησκείας
1046 5051 1205 5120 λόγος
1236 5053 1339 5123 ἤδη
1370 5052 1538 5106 eam
1569 5051 1924 5125 κατώρθωτο’

343 5147 449 5200 καὶ
478 5144 626 5215 παρὰ
670 5142 768 5213 μὲν
817 5144 929 5207 τοῖς
973 5145 1157 5210 σοφοῖς
1181 5142 1282 5213 τῆς
1319 5143 1555 5206 πίστεως
1584 5143 1741 5214 ἡμῶν
1772 5145 1930 5214 ἀρχι-

2105 4954 2160 5014 3.
2187 4952 2399 5013 Sanctae
2431 4964 2653 5020 nostrae,
2680 4968 2803 5025 quae
2837 4951 2950 5007 sola
2975 4964 3107 5005 vera
3135 4958 3241 5008 est.
3270 4942 3617 5000 Christiano-

2037 5066 2157 5105 rum
2205 5048 2479 5121 religionis
2527 5046 2736 5119 jamdiu
2797 5055 2943 5105 recte
2972 5042 3148 5097 fuerat
3177 5039 3471 5095 conatituta
3513 5035 3618 5086 do-

2034 5143 2247 5198 ctrina:
2289 5156 2524 5210 namque
2564 5155 2594 5194 a
2646 5138 2983 5208 sapientibus
3016 5133 3140 5189 lidei
3191 5140 3391 5185 nostrze
3433 5124 3617 5179 archi-

343 5240 566 5292 τέκτοσι
624 5236 719 5289 καὶ
776 5234 878 5305 τῆς
927 5233 1188 5306 ἀληθείας
1244 5234 1467 5306 κήρυξι,
1492 5238 1620 5299 τοὺς
1658 5235 1836 5300 θείους
1869 5234 1934 5306 δὴ

2036 5236 2215 5301 tectis,
2252 5235 2612 5305 veritatisque
2665 5229 3030 5302 praeconibus,
3072 5225 3237 5289 divis,
3273 5224 3519 5292 inquam,
3559 5224 3618 5271 et

345 5332 498 5399 λέγω
542 5330 638 5383 καὶ
673 5327 999 5391 θεσπεσίους
1032 5329 1388 5392 ἀποστόλους,
1424 5329 1936 5398 προκαταϐέϐληται

2033 5328 2255 5384 eximiis
2304 5327 2592 5398 apostolis,
2625 5323 2940 5395 prrjactum
2990 5318 3406 5372 fundamentum
3447 5317 3566 5399 erat
3599 5324 3615 5361 :

350 5427 381 5479 ό
408 5413 659 5493 θεμέλιος
688 5437 706 5454 ο
743 5415 944 5491 οἷάπερ
977 5422 1034 5473 ἐν
1052 5421 1133 5492 τῷ
1165 5421 1317 5492 νόμῳ
1346 5422 1445 5474 καὶ
1468 5425 1580 5485 τοῖς
1623 5423 1935 5493 προφήταις

355 5515 637 5589 πρόπαλαι
683 5514 1201 5584 σκιαγραφούμενος
1232 5516 1326 5569 καὶ
1371 5517 1898 5586 προχαρασσόμενος
1920 5554 1934 5576 ,

350 5608 509 5672 ὄντος
544 5606 948 5679 ἀκρογωνιαίου
991 5605 1141 5660 λίθου
1176 5606 1417 5679 Χριστοῦ
1448 5606 1541 5661 τοῦ
1576 5606 1711 5660 Θεοῦ
1753 5606 1933 5677 ἡμῶν,

350 5700 460 5755 κᾶν
511 5699 663 5764 λίθος
713 5699 1143 5772 προσκόμματος
1203 5702 1299 5753 καὶ
1348 5700 1525 5772 πέτρα
1588 5699 1890 5755 σκανδάλου
1913 5740 1929 5765 ,

346 5793 468 5857 τοῖς
507 5791 604 5845 νῦν
633 5789 945 5845 κατασείειν
979 5791 1144 5844 αὐτὸν
1192 5792 1554 5862 πειρωμένοις
1589 5793 1893 5862 προκέηται
1918 5808 1931 5822 ο
1984 5856 1997 5868 κ

354 5888 490 5958 ἡμῖν
519 5884 575 5938 δὲ
605 5885 715 5947 τοῖς
740 5885 834 5937 ἐπ).
860 5882 1032 5955 ταύτῃ
1060 5886 1126 5955 τῇ
1159 5884 1334 5957 πέτρᾳ
1359 5883 1826 5955 (ξικοδομημὲνοις,
1862 5883 1936 5948 ὡς

2036 5435 2198 5489 quam
2254 5418 2509 5474 videlicet
2564 5414 2830 5471 fabricam
2893 5411 2978 5465 lex
3036 5408 3166 5463 olim
3220 5413 3276 5459 et
3339 5398 3621 5489 propheta:

2045 5487 2423 5567 adumbratam
2471 5508 2912 5567 delineaveraut,
2947 5496 3193 5571 singulari
3241 5492 3397 5564 151
3437 5487 3623 5544 futuro

2044 5601 2222 5670 lapide
2272 5600 2382 5655 Deo
2427 5608 2617 5654 nostro
2649 5596 2871 5652 Christo
2905 5611 2918 5647 ι
2955 5593 3049 5661 qui
3087 5591 3188 5647 etsi
3226 5587 3362 5656 lapis
3390 5581 3621 5639 otfetnlim

2036 5695 2143 5751 culi
2185 5703 2241 5748 et
2289 5678 2441 5764 petra
2496 5688 2742 5746 scandali
2788 5687 2876 5742 bis
2914 5687 3007 5756 qui
3040 5697 3186 5739 nunc
3222 5695 3343 5736 eam
3390 5684 3621 5747 quatere

2045 5793 2337 5849 attentam,
2374 5790 2616 5851 prostat,
2654 5779 2812 5836 nobis
2845 5789 3023 5834 tamen
3053 5789 3217 5844 super
3243 5773 3382 5827 hanc
3410 5781 3622 5839 petram

2047 5878 2355 5944 aedilicatis,
2408 5886 2466 5931 nt
2498 5876 2818 5947 coryplueus
2856 5870 3246 5942 discipulorum
3270 5863 3465 5927 Verbi,
3498 5875 3623 5945 cum
