4004 6482
509 444 614 509 539

1542 436 1606 498 S.
1643 433 2067 496 NICEPHORI
2106 424 2618 496 PATRIABCH/E
2652 422 2766 491 (ΣΡ.

3693 421 3784 485 540

510 553 919 611 beatiﬁearetur
955 548 1218 615 audiit”,
1253 546 1392 620 lapis
1421 557 1504 605 est
1538 547 1836 618 angularia,
1884 547 2091 618 pretio-

2212 546 2304 600 :th
2339 544 2598 616 μαθητῶν
2640 542 2735 597 τοῦ
2765 540 2926 611 λόγου
2960 539 2989 595 ὁ
3012 538 3324 611 κορυφαῖος
3354 536 3782 610 μακαριζόμενος

509 662 640 710 sus,
671 646 728 701 in
759 658 921 715 quem
963 642 1250 699 credentes
1291 656 1566 712 nunquam
1603 639 2087 696 conluudemur".

507 734 806 792 Ediﬁcata
870 742 958 789 est
1005 742 1187 805 autem
1240 732 1523 803 sapientiae
1581 730 1778 787 domus
1831 740 2091 799 tanquam

510 844 646 882 auro
678 838 735 882 et
783 826 1054 898 lapidibus
1096 823 1375 895 pretiosis,
1408 823 1585 879 sacris
1612 822 1925 892 divinisque
1961 823 2093 889 dog-

512 919 790 987 matibus,
854 932 978 988 quae
1035 917 1104 972 ab
1162 915 1377 986 inclytis
1435 914 1765 984 cmlitusque
1814 913 2095 982 inspiratis

510 1009 769 1065 Patribus
812 1009 1016 1064 nostris
1057 1007 1336 1062 elaborata
1387 1005 1611 1062 fuerunt
1658 1014 1713 1060 et
1762 1005 2109 1072 praedicata,

516 1101 634 1155 sive
659 1102 750 1170 qui
779 1099 831 1153 in
859 1099 1035 1155 sacris
1064 1099 1168 1152 illis
1196 1113 1224 1152 a
1252 1097 1512 1153 divinitus
1546 1097 1891 1167 congregatis
1929 1110 2099 1167 syno-

514 1191 600 1245 dis
630 1190 936 1243 admirandi
994 1190 1213 1258 Deoque
1264 1188 1415 1243 chari
1452 1188 1737 1252 homines,
1773 1187 1958 1241 divino
1987 1186 2097 1241 acti

513 1287 568 1333 et
601 1279 883 1333 convocati
919 1277 1123 1347 Spiritu
1161 1277 1568 1342 inclaruerunt;
1613 1278 1728 1332 sive
1763 1277 1856 1346 qui
1888 1277 2099 1344 sigilla-

516 1370 610 1423 tim
648 1370 800 1439 puris
838 1369 1250 1440 splendidisque
1290 1368 1564 1434 moribus,
1603 1368 2006 1438 verborumque
2043 1380 2098 1423 et

514 1461 715 1516 tuentis
748 1461 1070 1516 excelsitate
1100 1461 1312 1531 prtediti
1334 1496 1350 1526 ,
1384 1461 1763 1518 sacrassedes
1793 1475 2100 1530 occupave-

516 1560 676 1615 runt,
713 1563 770 1608 et
811 1563 1020 1607 rectum
1051 1554 1303 1609 veritatis
1330 1554 1527 1624 dogma
1561 1556 1807 1623 apprime
1858 1561 2104 1607 tenentes

521 1642 745 1713 gloriosi
794 1647 1128 1699 exstiterunt
1188 1644 1456 1714 simulque
1510 1643 1633 1699 falsi
1687 1644 1867 1699 cultus
1917 1645 2104 1713 spinas

522 1733 790 1789 radicitus
814 1735 1154 1800 evulserunt,
1180 1744 1345 1803 atque
1373 1734 1750 1789 haereticorum
1775 1748 1896 1796 ora,
1918 1741 2105 1802 utpote

517 1822 704 1891 inique
735 1832 922 1879 contra
966 1822 1165 1879 coelum
1201 1822 1535 1892 loquentium
1578 1839 1642 1878 ac
1682 1824 2062 1878 meditantium
2087 1861 2103 1885 ,

519 1921 747 1966 censuta
821 1912 991 1968 veluti
1056 1913 1469 1969 obstruxerunt.
1545 1914 1684 1970 lliue
1749 1928 1856 1968 una
1928 1913 2099 1977 ﬁdes,

516 2003 823 2073 eademque
867 2007 1011 2075 apud
1050 2020 1245 2062 omnes
1294 2007 1639 2062 Christianos
1669 2005 1943 2063 confessio
1973 2022 2106 2061 con-

518 2095 762 2151 corditer
809 2098 1176 2155 retinebatur.
1216 2098 1355 2166 Quld
1405 2100 1551 2154 enim
1598 2114 1700 2167 per
1747 2109 2103 2155 consecutum

518 2199 681 2241 omne
715 2186 884 2257 elapsi
913 2191 1175 2259 temporis
1200 2191 1460 2261 spatium,
1492 2201 1756 2260 quantum
1790 2192 2010 2262 quidem
2039 2190 2108 2245 ad

520 2275 726 2332 bonum
763 2278 1093 2351 ﬁrmumque
1120 2284 1374 2338 humanae
1410 2283 1535 2361 vita:
1558 2292 1784 2350 statum,
1824 2285 1940 2339 sive
1974 2283 2111 2354 dog-

522 2379 671 2424 mata
702 2380 914 2441 spectes
946 2373 1063 2428 sive
1093 2384 1282 2441 actus,
1314 2375 1471 2445 quid,
1519 2376 1764 2445 inquam,
1803 2375 2114 2444 inexplora-

524 2470 639 2516 tum
668 2473 764 2517 aut
813 2464 1183 2522 indiscussum
1244 2468 1567 2536 supererat?
1618 2466 1697 2522 lta
1742 2468 2022 2539 sapienter
2059 2475 2114 2520 et

523 2553 774 2610 benivole
814 2567 1000 2613 nostra
1049 2559 1234 2613 omnia
1282 2558 1546 2628 disposita
1579 2558 1799 2615 fuerant
1829 2575 1927 2630 per
1972 2569 2113 2615 tem-

525 2660 661 2716 pora
688 2650 1008 2719 providente
1038 2649 1183 2716 Deo;
1214 2650 1289 2705 ita
1322 2650 1408 2705 lex
1439 2651 1638 2720 priscis
1676 2651 1787 2707 illis
1820 2654 1944 2706 data
1982 2653 2113 2708 olim

525 2737 770 2793 subsidio
821 2737 1038 2806 fuerat,
1070 2754 1171 2795 ceu
1203 2740 1427 2811 quidam
1464 2745 1707 2812 Optimus
1749 2743 2074 2814 pmdagegns
2096 2784 2112 2810 ,

522 2841 627 2896 per
664 2830 971 2886 rudimenta
1016 2836 1266 2902 quazdam
1318 2833 1622 2889 informaus
1666 2835 1905 2904 pueriles
1937 2836 2116 2892 adhuc

525 2926 578 2973 et
612 2919 818 2977 viribus
848 2923 1302 2994 imperfectiores,
1332 2934 1496 2996 atque
1521 2925 1589 2981 ad
1620 2925 1713 2982 Dei
1743 2926 2114 2998 cognitionem

526 3010 836 3079 deducens;
873 3016 999 3085 quia
1040 3016 1337 3086 perfectior
1361 3018 1611 3073 doctrina
1650 3018 1973 3075 hominibus
2000 3018 2118 3088 eius

524 3104 624 3158 :evi
674 3106 912 3160 nondum
963 3117 1084 3162 erat
1127 3103 1347 3164 idonea.
1399 3109 1537 3164 Tum
1595 3125 1728 3167 vero
1771 3122 1893 3180 post
1940 3110 2115 3181 legem

508 3194 729 3261 'datam,
772 3209 965 3255 sancto
1002 3199 1211 3270 Spiritu
1248 3202 1390 3271 pleni
1429 3203 1709 3273 prophetae
1744 3204 1960 3274 virique
2007 3203 2116 3259 Deo

525 3287 691 3344 alllati
733 3292 904 3346 multa
940 3308 1006 3349 ac
1037 3292 1187 3349 varia
1229 3310 1443 3350 morum
1488 3307 1761 3367 praecepta
1805 3296 2110 3364 dederant,

524 3395 683 3451 prout
707 3384 946 3455 Spiritus
983 3389 1118 3458 ipsis
1151 3390 1455 3456 revelabat,
1502 3390 1567 3445 ad
1605 3392 1943 3447 audientium
1984 3407 2110 3461 pro-

524 3473 751 3531 fectum.
791 3478 897 3533 Sed
928 3482 1056 3550 quia
1090 3482 1205 3537 haec
1236 3482 1501 3552 perﬁcere
1532 3483 1693 3538 homo
1731 3498 1839 3537 non
1878 3493 2111 3553 poterat,

524 3577 581 3619 et
618 3566 823 3635 majore
853 3572 1060 3626 auxilio
1097 3572 1397 3644 indigebat,
1442 3574 1754 3644 impetravit
1783 3586 1842 3629 ut
1885 3576 2019 3647 legis
2051 3591 2113 3631 ac

523 3659 915 3725 prophetarum
948 3663 1201 3733 princeps
1240 3665 1475 3721 veniret.
1509 3667 1664 3730 Quod
1692 3666 1833 3719 enim
1870 3668 2113 3735 impossi-

525 3749 629 3802 bile
651 3761 767 3804 erat
803 3754 858 3806 in
892 3756 1030 3824 lege,
1064 3756 1237 3825 inquit
1274 3757 1604 3827 Apestolns,
1646 3759 1698 3811 in
1724 3775 1827 3830 qua
1861 3774 1955 3830 per
1995 3774 2116 3813 car-

526 3858 642 3895 nem
696 3843 1093 3913 inﬁnnabatur,
1131 3847 1275 3904 Deus
1333 3847 1539 3904 Filium
1594 3867 1748 3905 suum
1797 3855 2009 3906 mittens
2059 3852 2113 3905 in

524 3935 925 3991 similitudinem
960 3941 1138 3995 carnis
1188 3943 1427 4011 peccati,
1466 3953 1514 3996 et
1546 3947 1652 4012 'pro
1679 3953 1894 4012 peccato
1914 3983 1930 4008 ,
1962 3944 2115 3998 dam-

527 4027 670 4080 navit
700 4029 754 4081 in
783 4044 947 4084 carne
978 4042 1272 4101 peccatum,
1302 4044 1359 4087 ut
1396 4034 1530 4104 legis
1570 4034 1893 4104 justiﬁcatio
1929 4035 2118 4104 imple-

527 4122 740 4173 returin
763 4123 935 4201 nobis,
958 4126 1047 4194 qui
1071 4142 1177 4179 non
1192 4128 1482 4180 secundum
1503 4144 1717 4182 carnem
1745 4128 2104 4194 ambulamus,

524 4212 618 4263 sed
635 4216 924 4268 secundum
949 4217 1193 4285 spiritum
1213 4218 1349 4270 '1'“.
1366 4218 1582 4275 Peccati
1608 4231 1787 4275 autem
1810 4221 1981 4289 prima
2006 4236 2120 4275 ma-

527 4294 687 4365 laQue
734 4302 915 4389 proles
960 4306 1262 4361 idololatria
1289 4306 1430 4374 fuit,
1472 4318 1529 4364 et
1564 4308 1744 4366 cultus
1790 4325 1820 4364 a
1858 4312 2121 4366 Creatore

528 4389 597 4445 ad
626 4401 906 4450 creaturas
935 4398 1242 4456 translatio.

2192 639 2382 709 ἤκουε,
2409 635 2559 699 λίθος
2589 631 3263 705 ἁκρογωνιαῖοςΐντιμος,
3298 629 3398 698 ἐφ’
3436 622 3484 697 ᾧ
3513 628 3781 683 πιστεύον-

2193 746 2317 793 τες,
2358 726 2555 781 οὔποτε
2607 721 3226 794 καταισχυνθησόμεθα·
3271 720 3708 792 ἐπῳκοδόμηται
3734 723 3782 777 δὲ

2192 820 2296 889 τῆς
2345 817 2536 887 σοφίας
2587 819 2618 871 ὁ
2658 812 2845 884 οἷκος,
2891 815 3085 886 ὥσπερ
3133 815 3199 868 ὲκ
3240 810 3472 885 χρυσοῦ
3507 813 3608 865 καὶ
3643 812 3787 869 λίθων

2173 910 2416 981 τιμίων,
2440 909 2549 962 τῶν
2582 907 2746 980 ιερῶν
2769 906 2869 961 καὶ
2902 906 3064 960 θείων
3086 905 3421 975 δογμάτων,
3452 902 3491 958 ἃ
3522 906 3673 976 παρᾶ
3698 905 3787 958 τῶι

2198 1000 2460 1072 ἀοιδίμων
2485 1000 2579 1053 καὶ
2611 998 2890 1071 θεοφόρων
2920 996 3079 1068 ἡμῶν
3121 996 3403 1066 Πατέρων
3434 996 3790 1062 ἐκπεπόίτδταί

2197 1112 2259 1148 τε
2292 1094 2387 1148 καὶ
2420 1092 2840 1163 ὲκπεφώνηται,
2866 1090 2982 1143 ὅσοι
3010 1105 3070 1142 τε
3103 1086 3248 1141 κατὰ
3272 1087 3420 1148 τοὺς
3454 1087 3641 1155 ἱεροὺς
3662 1085 3788 1139 ὲκεί-

2199 1202 2325 1250 νους
2353 1184 2452 1239 καὶ
2486 1183 2806 1245 θεολέκτους
2851 1180 3167 1249 συλλόγους,
3209 1178 3537 1246 θαυμάσιοι
3568 1177 3661 1228 καὶ
3684 1176 3787 1229 θεο-

2201 1278 2375 1347 φιλεῖς
2420 1275 2635 1346 ἄνδρες,
2682 1273 2813 1345 θείῳ
2861 1274 3123 1347 ἀγόμενοι
3163 1269 3471 1339 Πνεύματι
3523 1268 3788 1337 συναθροι-

2204 1368 2428 1431 σθέντες
2469 1364 2793 1435 διέλαμψαν,
2824 1366 2943 1418 ὅσοι
2980 1380 3042 1417 τε
3077 1363 3199 1417 καθ’
3227 1362 3485 1423 ἑαυτοὺς
3529 1360 3789 1428 κεκαθαρ·

2206 1461 2379 1531 μένοι,
2417 1461 2514 1514 καὶ
2555 1457 2803 1530 λαμπροὶ
2838 1458 2931 1511 τὸν
2976 1455 3113 1527 βίον,
3152 1454 3248 1509 καὶ
3278 1452 3502 1524 ὑψηλοὶ
3529 1452 3624 1505 τὸν
3655 1451 3788 1519 λόγον

2204 1552 2300 1606 καὶ
2349 1550 2447 1622 τὴν
2489 1549 2751 1613 διάνοιαν,
2803 1546 3009 1618 θρόνων
3057 1544 3219 1616 ἱερῶν
3286 1539 3785 1613 προκαθεζόμενος,

2206 1645 2303 1699 καὶ
2340 1642 2437 1696 τοῦ
2471 1641 2633 1714 ὀρθοῦ
2660 1642 2824 1709 λόγου
2851 1638 2955 1709 τῆς
2987 1636 3272 1708 ἀληθείας,
3308 1635 3397 1697 ὡς
3424 1632 3535 1698 ἔνι,
3579 1631 3787 1703 μάλιστα

2208 1737 2559 1807 ἀντεχόμενοι
2585 1732 2905 1805 ὲπέπρεψάν
2930 1743 3010 1797 τε,
3039 1731 3137 1784 καὶ
3175 1726 3479 1798 πανταχοῦ
3509 1726 3612 1796 τῆς
3636 1727 3790 1778 οἰκον·

2213 1829 2381 1900 μένης
2410 1828 2509 1896 τῆς
2555 1824 2846 1889 ευσεὸείας
2887 1823 2960 1877 τὰ
2994 1821 3308 1891 διδάγματα
3364 1815 3788 1886 ὲγκατὲσπειράν

2136 1901 2177 1960 Β
2205 1936 2266 1972 τε
2311 1919 2407 1971 καὶ
2438 1917 2829 1986 διετράνωσαν,
2866 1916 2967 1984 τῆς
3001 1909 3260 1973 ἀσεϐείας
3304 1908 3371 1963 δὲ
3416 1908 3525 1970 τὰς
3577 1905 3787 1966 ἀκάνθας

2208 2008 2542 2082 προρρίζους
2580 2006 2859 2077 ἐξέτεμον,
2902 2006 2999 2058 καὶ
3028 2002 3138 2055 τῶν
3160 1997 3576 2071 αἱρετιζόντων
3600 1998 3665 2049 τὰ
3690 1994 3785 2049 στό-

2213 2119 2381 2174 ματα,
2409 2101 2484 2164 ὡς
2504 2099 2719 2154 ἀδικίαν
2739 2097 2882 2151 κατὰ
2906 2095 3002 2150 τοῦ
3039 2094 3210 2164 ὕψους
3237 2092 3570 2146 λαλούντων
3599 2090 3685 2142 καὶ

2209 2195 2510 2257 λετώντων,
2535 2191 2865 2262 ἀπέφραξαν
2894 2189 2990 2243 καὶ
3016 2184 3357 2259 ἀπέρῤαψαν
3380 2201 3396 2215 ·
3432 2180 3687 2236 ἐντεῦθεν
3709 2179 3787 2249 μία

2212 2288 2398 2349 πίστις
2428 2286 2523 2339 καὶ
2561 2283 2823 2356 ὁμολογία
2850 2285 2884 2352 ἡ
2916 2279 3056 2351 αὐτὴ
3084 2278 3239 2350 παρά
3276 2277 3429 2329 πᾶσι
3460 2272 3783 2344 Χριστιανοίς

2217 2381 2600 2452 συνεκροτεῖτο
2652 2378 2748 2433 καὶ
2790 2375 3170 2446 ὲφυλάσσετο’
3222 2372 3323 2427 καὶ
3370 2371 3428 2422 τί
3485 2368 3600 2437 γὰρ
3634 2367 3686 2417 ὲν
3729 2361 3788 2431 τῷ

2218 2470 2418 2542 μακρῷ
2458 2469 2557 2523 καὶ
2603 2467 2820 2538 ἀπείρῳ
2870 2466 2966 2519 τοῦ
3017 2462 3379 2523 διελάσαντος
3435 2456 3657 2528 χρόνου,
3687 2455 3783 2507 ὅσον

2214 2560 2351 2636 ἧκεν
2381 2566 2460 2626 είς
2484 2560 2807 2633 εὐεργεσίαν
2826 2558 2921 2613 καὶ
2953 2557 3285 2627 συντήρησιν
3321 2554 3432 2623 τῆς
3466 2547 3785 2620 ἀνθρωπίνης

2216 2656 2386 2725 ζωῆς,
2434 2654 2492 2707 ἐν
2529 2670 2589 2706 τε
2618 2652 2890 2722 δόγμασιν
2938 2649 2998 2704 ἐν
3021 2665 3082 2702 τε
3113 2645 3414 2718 πράξεσιν,
3460 2641 3782 2707 ἀνεξέταστον

2214 2746 2310 2800 καὶ
2339 2744 2703 2813 ἀδοκίμαστον
2729 2738 3117 2794 ὑπολέλειπται
3136 2753 3152 2802 ς
3170 2735 3314 2790 οῦτω
3343 2734 3538 2805 σοςρῶς
3567 2729 3659 2785 καὶ
3685 2727 3784 2797 φιλ·

2218 2835 2521 2908 ανθρώπως
2581 2834 2655 2887 τὰ
2698 2832 2828 2905 περὶ
2854 2831 3007 2902 ἡμᾶς
3027 2870 3043 2895 ,
3077 2828 3222 2882 κατά
3254 2826 3498 2898 καιροὺς
3545 2823 3641 2894 τῆς
3666 2821 3783 2879 θείας

2218 2926 2614 2997 οίκονομούσης
2647 2923 2931 2996 προνοίας,
2959 2920 3135 2984 οὕτως
3171 2921 3200 2974 ὁ
3244 2918 3419 2990 νόμος
3446 2917 3533 2979 είς
3572 2912 3784 2985 βοήθειαν

2221 3020 2391 3076 πάλαι
2413 3022 2526 3082 τοῖς
2557 3016 2937 3089 ἀρχαιοτέροις
2970 3013 3170 3067 ιδίδοτο
3189 3052 3203 3076 ,
3230 3006 3319 3066 οἷά
3363 3028 3455 3074 τις
3489 3004 3780 3073 παιδοκόμος

2219 3113 2463 3186 ἀριστος,
2493 3112 2570 3175 ὡς
2596 3110 2689 3164 διὰ
2724 3107 3008 3179 στοιχείων
3034 3105 3201 3160 τινῶν
3235 3104 3545 3175 προσάγων
3575 3101 3690 3160 τοῖος

2222 3185 2445 3267 πιώδεις
2474 3202 2558 3255 ἔτι
2588 3201 2687 3256 καὶ
2714 3201 2814 3270 τὴν
2845 3196 2960 3264 ’ἑξιν
2991 3196 3417 3267 ἀτελεστέρους,
3451 3193 3546 3247 καὶ
3568 3185 3782 3259 ποδηγῶ

2219 3297 2358 3367 πρὸς
2385 3293 2483 3365 τὴν
2512 3292 2666 3347 θείαν
2695 3291 3017 3359 ἐπίγνωσιν,
3053 3288 3129 3351 ὡς
3156 3287 3252 3341 τοῦ
3282 3283 3628 3354 τελεωτέραν
3655 3279 3781 3344 λόγου

2218 3390 2331 3449 τοῖς
2365 3387 2428 3439 τὸ
2452 3384 2709 3457 τηνικάδε
2739 3383 2801 3437 τὸ
2825 3381 3242 3453 εὐπαράδεκτον
3264 3381 3415 3444 τέως
3442 3379 3544 3432 οὐκ
3568 3376 3777 3446 ἔχοντος’

2219 3481 2392 3546 οὕτως
2416 3481 2466 3535 oi
2499 3480 2635 3552 μετά
2669 3479 2760 3532 τὸν
2786 3479 2951 3549 νόμον
2981 3476 3076 3530 τοῦ
3108 3476 3258 3529 θείου
3324 3473 3652 3544 Πνεῦματος
3678 3464 3781 3519 κάτ·

2218 3590 2335 3646 οχοι
2366 3572 2756 3644 προφῆταικαὶ
2786 3569 2979 3639 ἄνδρες
3004 3569 3318 3638 θεόληπτοι,
3351 3562 3685 3633 πολυμερεῖς
3709 3556 3779 3609 καὶ
3886 3584 3887 3595 ι

2221 3666 2594 3736 πολυτρόπους
2633 3663 2742 3716 τῶν
2774 3661 3064 3733 πρακτέων
3115 3658 3410 3713 ἐποιοῦντο
3455 3657 3557 3718 τὰς
3586 3647 3779 3719 εἰσηγή-

2223 3780 2359 3827 σεις,
2381 3760 2528 3815 καθὰ
2553 3760 2615 3814 τὸ
2635 3759 2860 3831 Πνεῦμα
2886 3756 3144 3831 ἐνεργοῦν
3168 3756 3535 3810 ἀπεκάλυπτε
3564 3748 3687 3819 πρὶς
3704 3742 3779 3811 τὴν

2221 3855 2330 3909 τῶν
2358 3853 2663 3909 ἀκουόντων
2703 3851 2986 3923 βελτίωσιν
3008 3868 3021 3884 ·
3057 3850 3184 3905 ,ἀλλ’
3236 3849 3482 3919 ἐπείπερ
3509 3845 3607 3897 οὐκ
3654 3840 3778 3907 ἴσχυε

2220 3946 2394 4001 ταῦτα
2430 3944 2715 3999 τελειῶσαι
2746 3942 2839 3996 τὸν
2890 3943 3198 4013 ἄνθρωπον,
3233 3940 3412 3994 ἐδεῖτο
3457 3937 3516 3991 δὲ
3560 3930 3777 4006 βοηθείας

2221 4040 2320 4108 τῆς
2358 4034 2627 4107 μείζονος.
2678 4036 2871 4105 ἔτυχεν
2914 4034 3146 4104 ἀφῖχθαι
3208 4032 3303 4086 τοῦ
3352 4033 3531 4103 νόμου
3565 4025 3655 4080 καὶ
3691 4018 3777 4073 τῶν

2222 4129 2520 4200 προφητῶν
2550 4129 2609 4181 τὸ
2652 4128 2968 4196 κεφάλαιον.
3013 4126 3089 4181 Τὸ
3129 4126 3241 4195 γὰρ
3273 4125 3602 4187 ἀδύνατον,
3634 4112 3773 4185 φησὶν

2221 4219 2328 4274 τοῦ
2357 4220 2546 4285 νόμου
2573 4216 2643 4272 ἐν
2761 4217 3007 4287 ἠσθένει
3051 4217 3150 4270 διὰ
3179 4215 3292 4283 τῆς
3323 4212 3577 4283 σαρκὸς,
3608 4211 3638 4262 o'
3663 4202 3778 4264 Θεῖς

2222 4314 2332 4365 τὸν
2375 4311 2593 4366 ἑαυτοῦ
2626 4311 2762 4365 Υἱὸν
2813 4312 3061 4379 πέμψας
3101 4309 3171 4362 ἐν
3210 4306 3533 4377 ὁμοιώματι
3584 4292 3777 4365 σαρκδς

2222 4404 2516 4474 ἁμαρτίας
2571 4404 2669 4457 καί
2735 4403 2869 4470 περὶ
2937 4401 3263 4470 ἁμαρτίας,
3330 4399 3636 4466 κατέκρινε
3686 4384 3775 4449 τὴν

523 4485 820 4554 ἁμαρτίαν
842 4488 912 4542 ἐν
929 4489 1007 4557 τῇ
1028 4491 1232 4561 σαρκὶ,
1256 4493 1358 4546 ἵνα
1380 4492 1449 4547 τὸ
1473 4493 1767 4568 δικαίωμα
1824 4497 1932 4552 τοῦ
1959 4496 2149 4566 νόμου
2191 4492 2483 4565 πληρωθῇ
2525 4498 2595 4551 ἐν
2625 4496 2773 4565 ἡμῖν
2830 4496 2948 4563 τοῖς
2989 4495 3076 4565 μὴ
3130 4495 3282 4548 κατὰ
3329 4493 3533 4562 σάρκα
3564 4498 3775 4552 neptun-

528 4579 763 4646 τοῦσιν,
795 4582 958 4637 ἀλλὰ
984 4584 1137 4640 κατά
1163 4586 1423 4658 πνεῦμα.
1473 4587 1774 4661 Ἀμαρτίας
1830 4590 1888 4645 δὲ
1957 4592 2180 4661 ἔκγονον
2221 4591 2436 4663 πρῶτον
2481 4590 2651 4644 κακὸν
2705 4591 2800 4643 καὶ
2848 4590 3079 4659 ἔσχατον
3120 4586 3533 4658 εἰδωλολατρία,
3580 4581 3667 4635 καὶ
3694 4571 3772 4643 τῆς

526 4676 958 4745 προσκυνήσεως
986 4678 1018 4748 ή
1058 4678 1352 4747 μετάθεσις
1375 4681 1484 4735 ἀπὸ
1505 4682 1597 4736 τοῦ
1632 4684 2002 4755 πεποιηκότος
2027 4685 2121 4737 ἐπὶ
2153 4683 2221 4737 τὰ
2251 4681 2549 4753 κτίσματα.

604 4763 697 4819 Sic
729 4765 822 4820 Dei
860 4765 1126 4836 Verbum,
1158 4781 1402 4840 paternae
1437 4773 1624 4843 gloriae
1655 4773 1936 4843 splendor,
1978 4789 2110 4829 con-

2295 4773 2482 4839 υῦτως
2505 4776 2534 4828 ὁ
2574 4773 2670 4827 τοῦ
2715 4768 2852 4827 Θεοῦ
2888 4770 3060 4841 Λόγος
3093 4772 3154 4826 τὸ
3188 4774 3287 4844 τῆς
3338 4769 3612 4845 πατρικῆς
3643 4760 3771 4828 565i?

531 4854 888 4911 descensione
941 4874 1111 4926 usus,
1156 4863 1503 4934 beneplaeito
1560 4865 1778 4931 Patris,
1814 4876 1870 4921 et
1915 4868 2117 4924 viviﬁci

533 4945 772 5015 Spiritus
822 4953 1249 5021 eooperatione,
1287 4967 1610 5026 paupertate
1665 4968 1856 5015 nostra
1899 4960 2119 5017 indutus
2163 5005 2169 5009 .

531 5039 731 5110 (neque
760 5042 905 5097 enim
941 5045 1011 5100 ob
1034 5044 1364 5103 ineffabilem
1392 5049 1694 5104 bonitatem
1730 5052 1840 5122 pati
1868 5064 2116 5121 poterat,

532 5142 591 5186 ut
618 5147 808 5187 manus
835 5150 947 5197 sum
973 5135 1184 5192 factura
1227 5139 1617 5196 detrimentum
1652 5143 1919 5214 caperet),
1955 5158 2117 5201 verus

448 5220 453 5221 “
530 5223 694 5278 homo
734 5225 934 5292 faetus,
966 5230 1068 5284 etsi
1098 5230 1304 5285 Christi
1336 5231 1523 5286 hostes
1562 5233 1788 5289 minime
1815 5234 1868 5289 id
1907 5234 2115 5302 volunt,

530 5330 800 5388 verusqne
852 5321 993 5376 idem
1038 5321 1181 5377 Deus
1219 5324 1571 5394 plenissime,
1614 5325 1819 5397 absque
1841 5336 2115 5399 Tpeccalo,

533 5422 628 5476 per
663 5426 907 5477 crucem,
945 5413 1276 5483 passionem,
1308 5424 1364 5470 et
1397 5419 1887 5487 resurrectionem,
1930 5423 2120 5477 mortis

533 5515 635 5556 nos
665 5503 896 5559 vinculis
936 5506 1209 5571 liberavit,
1249 5517 1305 5563 et
1329 5524 1358 5562 a
1402 5511 1609 5579 peccati
1645 5513 1994 5580 passionibus
2029 5529 2120 5569 ex-

533 5589 779 5661 pedivit,
818 5596 1148 5653 invisibilem
1182 5616 1210 5653 a
1260 5601 1545 5657 dominatu
1597 5615 1786 5661 nostro
1828 5618 2121 5678 tyrannum

535 5682 779 5753 pellens,
817 5703 1026 5759 nosque
1074 5691 1126 5746 in
1167 5693 1449 5763 antiquam
1502 5697 1920 5766 prosperitatem
1959 5697 2121 5752 resu-

2220 4864 2601 4935 ἀπαύγασμα,
2641 4864 3054 4932 συγκαταόἀσει
3089 4864 3461 4936 χρησάμενος,
3496 4857 3699 4925 εὐδοκία
3725 4866 3771 4903 τε

2219 4960 2463 5028 πατρικῇ
2511 4958 2607 5011 καὶ
2651 4957 2914 5030 συνεργίᾳ.
2952 4957 3048 5012 τοῦ
3096 4955 3417 5030 ζωαρχικοῦ
3451 4954 3767 5022 Πνεύματοςν

2216 5049 2317 5120 τὴν
2361 5046 2485 5102 καθ’
2528 5048 2678 5118 ἡμᾶς
2698 5049 2977 5119 πτωχείαν
3003 5050 3209 5112 ὑποδὺς
3232 5090 3246 5114 ,
3279 5048 3369 5119 (eo
3403 5048 3514 5118 γὰρ
3545 5044 3691 5111 ἔφερε
3717 5030 3769 5086 δι’

2223 5142 2433 5210 ἄερατον
2476 5141 2821 5214 ἀγαθότητα,
2857 5142 3042 5213 χειρὸς
3096 5141 3307 5206 οἰκείας
3351 5128 3766 5213 ζημιωθήσεςθαι

2225 5235 2287 5289 τὸ
2323 5236 2581 5307 ποίημα),
2602 5236 2697 5289 καὶ
2727 5235 3020 5306 ἄνθρωπος
3049 5233 3196 5288 κατά
3226 5234 3427 5301 πάντα,
3461 5232 3563 5288 κᾶν
3588 5228 3632 5281 οί
3657 5222 3769 5290 Χρι-

2228 5329 2491 5400 στομάχοι
2541 5330 2616 5401 μὴ
2653 5328 2978 5400 βούλωνται,
3028 5328 3219 5400 ὥσπερ
3269 5328 3335 5399 δὴ
3370 5329 3467 5381 καὶ
3511 5322 3630 5383 Θεὸς
3657 5307 3766 5367 ὣνὸ

2228 5422 2392 5487 αὐτὸς
2443 5422 2854 5494 πληρεστατος,
2898 5423 3197 5495 ἁμαρτίας
3223 5424 3395 5494 χωρὶς
3437 5413 3765 5504 timuit”?

2227 5515 2323 5568 ml.
2354 5513 2442 5569 διὰ
2482 5516 2720 5588 σταυροῦ
2769 5517 2865 5570 καὶ
2911 5514 3117 5580 πάθους
3157 5515 3252 5569 καὶ
3303 5516 3638 5569 ἀναστάσεως
3677 5507 3763 5596 τίξν

2226 5607 2443 5678 δεσμῶν
2469 5608 2571 5679 τῆς
2594 5607 2975 5679 κατακρίσεως
2998 5609 3146 5680 ἡμᾶς
3174 5607 3539 5678 ἠλευθέρωπεν
3567 5596 3655 5688 ³ίαῖ
3675 5601 3761 5688 “iw

2229 5698 2418 5755 παθῶν
2467 5701 2569 5772 τῆς
2619 5700 2899 5774 ἁμαρτίας
2946 5698 3260 5772 ἀπήλλαξεο
3315 5701 3414 5770 τῆς
3472 5691 3586 5751 καθ’
3635 5686 3758 5756 ἡμῶν

610 5837 656 5871 ⁸³
693 5841 875 5899 .llaztb.
911 5861 1021 5907 xw,
1052 5846 1132 5903 l7.
1169 5849 1212 5879 δί’
1247 5846 1402 5904 Rom.
1451 5866 1526 5917 lx,
1570 5851 1661 5909 '55.
1739 5855 1860 5887 9"“
1898 5852 2057 5909 Rom.
2092 5869 2211 5923 viti,
2245 5854 2300 5925 5,
2334 5855 2388 5910 4.
