4004 6478
444 424 549 493 5-41
1302 426 1872 504 APOLOGETICUS
1904 428 2054 502 PRO
2094 442 2359 504 SACRIS
2397 428 2875 506 IMAGINIBUS.
3102 487 3113 498 .
3598 441 3709 510 542

439 538 761 605 πλεονεξίας
807 541 1163 616 ἐκϐεϐληκὼς
1211 546 1304 603 τὸν
1335 549 1569 621 ἀόρατον
1616 554 1901 626 τύραννον,
1931 557 2009 609 κα¹

2130 566 2287 611 tuens
2323 575 2336 611 :
2372 571 2565 625 nempe
2604 565 2663 610 ut
2696 556 2787 625 qui
2821 557 3113 610 humanam
3147 564 3397 610 naturam
3430 555 3497 611 ad
3521 558 3701 613 exsis-

442 629 526 693 εἰς
552 633 612 683 τὸ
642 630 870 702 ἀρχαῖον
889 635 990 705 τῆς
1018 636 1318 709 εὐκληρίας
1343 640 1690 714 ἐπανήγαγεν
1712 664 1725 677 ·
1756 647 1842 700 ἵνα
1872 651 1899 701 ὁ
1928 646 2009 717 τὴη

2130 649 2344 703 tendum
2380 649 2723 718 produxerat,
2758 647 2898 702 idem
2941 647 2990 703 ei
3039 645 3251 702 felicem
3282 656 3488 702 statum
3533 648 3702 702 bene-

443 720 610 789 φύσιν
633 723 713 785 εἰς
736 722 796 775 τὸ
820 719 960 778 εῖναι
998 728 1359 798 παραγαγὼν,
1389 733 1482 785 καὶ
1508 733 1569 787 τὸ
1600 734 1660 789 εὖ
1687 732 1826 790 εἶναι
1855 738 2009 808 ὑπερ·

2126 738 2523 793 νοΙειιιίαεοειιθε
2570 738 2929 796 exuberantia
2976 737 3291 808 largiretur,
3318 746 3374 792 et
3406 744 3627 792 creatus
3665 753 3696 793 a

442 811 632 866 ϐλύσει
669 812 1083 886 φιλανθρωπίας
1125 820 1301 892 ταύτῃ
1333 823 1651 896 χαρίσηται,
1697 828 1793 881 καὶ
1821 829 2009 891 τέλειος

2129 830 2237 883 Deo
2285 828 2446 882 homo
2495 827 2737 898 perfecta
2797 827 3171 884 incolumitate
3221 826 3515 881 frueretur.
3570 824 3700 881 Haec

444 900 481 976 ᾖ
510 906 603 958 καὶ
648 905 838 976 ἄρτιος
889 909 917 961 ὁ
957 911 1101 964 κατά
1144 911 1278 967 Θεὸν
1325 914 1650 987 κτιζόμενος
1702 918 2023 991 ἄνθρωπος’

445 996 618 1050 ταῦτα
672 1000 953 1070 προφῆται
999 1000 1208 1056 ἄνωθεν
1256 1007 1840 1078 προανακεκράγεσαν,
1888 1010 2023 1064 ἀπό-

444 1086 625 1139 στολοι
654 1086 1107 1156 εὐηγγελίσαντο,
1136 1093 1416 1165 μάρτυρες
1433 1095 1820 1168 ἀνδρισάμενοι
1849 1100 2024 1170 ἐπαρ-

442 1179 807 1247 ρησιάσαντο,
867 1180 917 1232 oi
969 1181 1177 1237 τούτων
1215 1185 1411 1239 ὀπαδοὶ
1457 1188 1552 1241 καὶ
1609 1189 1868 1262 συνεργοὶ
1922 1192 2023 1262 τῆς

453 1271 789 1342 Ἐκκλησίας
815 1273 1129 1329 διδάσκαλοι
1155 1278 1233 1341 είς
1265 1279 1407 1348 μέγα
1436 1283 1864 1353 κατευρύνοντες
1895 1302 2022 1338 συν·-

436 1364 872 1446 διηγωνίσαντοδ
903 1366 992 1419 διὰ
1018 1370 1227 1423 τούτων
1261 1371 1484 1426 πάντων
1515 1373 1611 1437 οὒς
1643 1377 1673 1429 ό
1702 1375 1837 1440 Θεὸς
1873 1378 1930 1430 ὲν
1952 1381 2019 1449 τῇ

452 1455 752 1527 Ἐκκλησία
782 1456 977 1511 ἑαυτοῦ
1006 1457 1184 1525 ἔθετο,
1214 1461 1283 1514 τὰ
1307 1462 1412 1532 τῆς
1439 1464 1585 1535 ζωῆς
1613 1467 1772 1536 ήμῶν
1795 1469 1854 1522 ἐν
1884 1471 2019 1523 πᾶσι

437 1544 1012 1632 πραγματευσάμενος
1039 1548 1400 1618 ἠσφαλίσατο,
1435 1552 1523 1606 ἴνα
1549 1548 1631 1617 οἷς
1656 1572 1710 1608 τι
1742 1556 1896 1627 μέλει
1919 1558 2020 1628 τῆς

434 1639 720 1706 σωτηρίοις
750 1637 850 1708 τῆς
891 1638 1128 1707 ἑαυτῶν,
1181 1641 1433 1695 ἐντεῦθεν
1475 1643 1908 1717 ὲπιγινώσκηται
1952 1648 2021 1702 τὰ

434 1725 638 1797 βελτίω
689 1746 747 1781 τε
801 1729 899 1782 καὶ
949 1732 1333 1802 συμφέρονταδ
1390 1732 1444 1787 τί
1487 1734 1692 1806 γὰρᾶν
1729 1735 2018 1807 ζητήσαις,

430 1818 731 1890 ἄνθρωπε,
782 1821 887 1875 κᾶν
943 1823 1052 1875 τῶν
1110 1823 1230 1878 λίαν
1277 1821 1345 1899 ᾖς
1405 1827 1769 1893 ἐξεταστικῶν
1823 1836 1883 1883 τε
1923 1833 2019 1885 καὶ

429 1908 792 1982 θεωρητικῶν
841 1912 941 1983 τὴν
986 1915 1246 1983 διάνοιαν,
1297 1918 1392 1970 καὶ
1425 1917 1524 1971 οὐκ
1552 1918 1714 1982 εὐθὺς
1749 1920 1815 1974 ἂν
1841 1938 2012 1974 κατα-

431 1998 620 2063 λάϐοις
643 2002 973 2074 κεκριμένον
1011 2006 1106 2058 καὶ
1128 2006 1479 2077 πεφασμένον
1518 2007 1577 2062 ἐν
1607 2007 1918 2077 πνεύματι;
1950 2010 2011 2062 οὐ

432 2089 712 2158 θεολογίας
736 2090 797 2144 τὸ
829 2093 1034 2165 ὑψηλὸν
1066 2095 1162 2149 καὶ
1192 2096 1506 2168 ἐπηρμένον
1539 2099 1597 2150 ἐν
1630 2097 2011 2169 δόγμασινςού

436 2184 543 2268 τῆς
572 2183 718 2247 Θείας
751 2187 1071 2256 οἰκονομίας
1095 2188 1187 2242 τὸν
1220 2189 1451 2244 πλοῦτον
1478 2192 1578 2261 τῆς
1607 2192 2011 2263 χρηστότητος;

439 2268 582 2330 ἀλλά
626 2277 730 2331 τῶν
786 2278 883 2331 τοῦ
932 2278 1067 2332 Θεοῦ
1110 2281 1395 2351 κριμάτων
1445 2281 1507 2335 τὸ
1555 2283 2011 2354 ἀνεξερεύνητον;

434 2366 576 2421 ἀλλὰ
609 2367 717 2421 τῶν
753 2369 1015 2440 αίρετέων
1060 2370 1158 2435 τὰς
1216 2370 1530 2441 ὑποθήκας;
1585 2373 1705 2443 οὐχὶ
1755 2375 1855 2438 τὰς
1903 2373 2013 2428 τῶν

431 2458 711 2525 φευκτέων
744 2459 1179 2529 ἀπαγορεύσειςς
1223 2460 1256 2531 ἦ
1288 2460 1398 2514 τῶν
1430 2463 1544 2522 τοῖς
1577 2460 1751 2526 ἀξίοις
1781 2463 2012 2534 ήτοιμα-

428 2550 651 2619 σμένων
713 2550 937 2620 ἀγαθῶν
998 2551 1098 2616 τὰς
1157 2553 1558 2621 ὲπαγγέλσεις;
1619 2555 1714 2608 καὶ
1775 2556 1884 2609 τῶν
1951 2551 2011 2610 εῦ

426 2632 696 2712 βιούντων
736 2642 831 2696 καὶ
883 2644 945 2696 ὲν
991 2643 1143 2714 φόϐῳ
1173 2642 1308 2696 Θεοῦ
1358 2644 1452 2696 καὶ
1503 2644 1734 2699 ἐντολῶν
1780 2646 2008 2718 τηρήσει

424 2732 533 2805 τὴν
573 2735 875 2805 μέλλουσαν
919 2734 1077 2800 δόξαν
1104 2736 1628 2804 ἀποκαλύπτεσθαις
1663 2737 1771 2792 τῶν
1827 2755 1887 2792 τε
1917 2740 2007 2793 ai-

426 2824 614 2897 σχρῶς
681 2826 778 2880 καὶ
814 2827 1045 2891 ἀνοσίως
1106 2826 1440 2896 διαζώντων,
1489 2828 1589 2899 τὴν
1632 2830 2008 2902 ήπειλημένην

421 2917 702 2987 τιμωρίαν
720 2918 814 2970 καὶ
840 2917 1067 2971 κόλασιν
1089 2934 1104 2980 ;
1130 2919 1246 2971 Καὶ
1270 2919 1359 2973 ἵνα
1382 2919 1458 2990 μὴ
1485 2923 1599 2986 τοῖς
1624 2921 1748 2975 καθ’
1771 2921 2005 2977 ἕκαστον

423 3008 777 3075 ἐπεξιόντες,
836 3011 916 3083 τῷ
976 3010 1122 3081 λόγῳ
1187 3011 1642 3084 ἐνδιατρίὸοιμεν,
1706 3015 1768 3068 οὐ
1821 3016 2004 3088 πάσης

2125 921 2254 976 olim
2321 921 2598 989 prophetae
2655 920 3160 989 proclamaverant,
3220 918 3446 987 apostoli
3509 926 3697 986 postea

2125 1014 2655 1084 evaugelizaverdnt,
2687 1021 2956 1081 martyres
3006 1008 3223 1064 fortiter
3252 1007 3486 1078 professi
3535 1016 3696 1074 sunt,

2125 1114 2289 1173 atque
2318 1106 2507 1160 horum
2543 1104 2762 1159 asseclze
2789 1110 2845 1157 et
2871 1108 3254 1169 cooperatores
3289 1099 3543 1154 Ecclesia:
3577 1112 3697 1151 ma-

2125 1196 2280 1266 gistri
2338 1210 2664 1264 magnopere
2717 1193 3109 1264 adampliantes
3162 1191 3326 1247 simul
3382 1192 3500 1245 tuiti
3545 1199 3692 1245 sunt.

2124 1288 2230 1343 Per
2264 1288 2363 1343 hos
2397 1302 2588 1342 omnes
2631 1286 2809 1351 Deus,
2843 1300 2981 1354 quos
3027 1285 3084 1339 in
3122 1282 3364 1339 Ecclesia
3393 1296 3493 1336 sua
3523 1281 3696 1337 collo-

2123 1377 2303 1444 cavit,
2338 1377 2459 1431 vita:
2488 1376 2644 1430 nobis
2687 1373 2996 1442 adiumenta
3027 1373 3210 1428 omnia
3249 1371 3478 1425 firmiter
3527 1370 3700 1425 stabi-

2124 1469 2261 1532 livit,
2291 1478 2351 1522 ut
2372 1468 2620 1538 quisquis
2648 1466 2841 1522 salutis
2868 1480 2982 1520 ante
3006 1478 3297 1534 parumper
3317 1478 3503 1517 curam
3531 1462 3695 1532 gerit,

2125 1560 2250 1613 hinc
2308 1558 2437 1627 quid
2496 1557 2689 1612 melius
2740 1555 3035 1626 utiliusque
3077 1553 3149 1608 sit
3192 1560 3507 1623 cognoscat.
3558 1551 3697 1614 Quid

2122 1650 2268 1706 enim
2317 1663 2564 1719 quzeras,
2609 1663 2644 1704 o
2692 1650 2873 1712 homo,
2912 1646 3129 1700 etiamsi
3169 1645 3406 1699 maxime
3442 1645 3696 1698 curiosus

2121 1753 2422 1810 acutusque
2459 1741 2528 1795 ad
2558 1739 2925 1795 meditandum
2961 1737 3163 1803 fueris,
3194 1738 3339 1808 quod
3388 1750 3494 1789 non
3538 1732 3697 1803 152

2076 1881 2080 1885 .
2122 1835 2265 1889 illico
2296 1834 2541 1888 invenias
2575 1832 2769 1903 spiritu
2813 1829 3177 1901 dijudicatum
3225 1838 3281 1885 et
3325 1824 3699 1897 patefactum!

2119 1940 2299 1981 nonne
2341 1924 2509 1980 habes
2565 1922 2848 1992 theologiae
2885 1922 3230 1977 altitudinem
3280 1928 3336 1975 et
3378 1919 3695 1987 dogmatum

2119 2015 2546 2074 sublimitatem?
2587 2029 2766 2070 nonne
2806 2014 3004 2070 divinae
3052 2011 3369 2068 meonemite
3424 2017 3694 2066 summam

2118 2109 2453 2175 bonitatem,
2480 2104 2809 2174 iudiciorum
2853 2103 2948 2159 Dei
2983 2100 3441 2174 profunditatem,
3474 2097 3553 2153 rei
3595 2110 3695 2166 ge-

2117 2203 2300 2257 rendae
2327 2206 2617 2268 praecepta.
2656 2195 2926 2267 fugiendae
2962 2195 3154 2260 vetita,
3188 2203 3506 2263 paratorum
3564 2201 3693 2244 san—

2117 2286 2223 2342 etis
2256 2285 2569 2342 hominibus
2588 2286 2853 2339 bonorum
2885 2283 3297 2353 promissiones,
3324 2281 3392 2337 iis
3418 2282 3510 2348 qui
3544 2288 3693 2334 recte

2117 2392 2237 2431 cum
2272 2377 2469 2431 timore
2513 2375 2607 2430 Dei
2645 2389 2711 2428 ac
2742 2374 3120 2434 mandatorum
3158 2370 3507 2428 observantia
3536 2368 3691 2423 vixe-

2116 2467 2228 2523 rint
2258 2466 2485 2538 gloriam
2516 2468 2571 2520 in
2610 2476 2887 2536 posterum
2915 2463 3286 2529 revelandatn,
3323 2474 3514 2519 contra
3558 2476 3687 2516 vero

2117 2559 2349 2628 turpiter
2376 2559 2714 2629 scelesthue
2745 2558 3053 2627 viventibus
3084 2570 3259 2627 pcenac
3289 2565 3453 2625 atque
3483 2553 3689 2624 suppli-

2116 2650 2324 2706 ciorum
2362 2651 2601 2708 intentas
2630 2651 2839 2707 minas?
2866 2649 2933 2704 Et
2964 2664 3034 2705 ne
3067 2648 3280 2720 singula
3318 2655 3689 2711 recensentes,

2116 2743 2301 2799 verbis
2338 2744 2543 2800 diutius
2573 2743 2970 2815 indulgeamus,
3007 2758 3189 2800 nonne
3215 2741 3516 2813 quamlibet
3545 2738 3681 2795 alio-

2115 2849 2235 2888 rum
2291 2836 2696 2894 meditationem
2740 2837 2825 2893 vel
2861 2851 3123 2907 operam,
3164 2836 3556 2906 inspiratorum
3602 2846 3691 2887 sa-

2112 2927 2378 2996 pientium
2416 2944 2698 2987 sermones
2719 2970 2735 2996 ,
2767 2930 2950 2986 divina
2984 2928 3326 3001 philosophia
3369 2924 3684 2982 redundau-

2114 3027 2193 3074 tes
2212 3059 2227 3086 ,
2258 3021 2561 3089 superant?

423 3104 667 3176 θεωρίας
715 3107 811 3161 καὶ
852 3106 1106 3179 πράξεως
1147 3107 1216 3162 τά
1267 3109 1377 3168 τῶν
1419 3108 1693 3179 θεοσόρων
1732 3111 1929 3181 λόγια,
1994 3113 2056 3168 τὸ
2109 3114 2407 3186 φιλόσοφόν
2476 3134 2539 3170 τε
2605 3118 2703 3171 καὶ
2760 3117 2948 3172 ἔνθεον
3016 3113 3276 3186 κομῶντα
3338 3109 3693 3184 ὑπεραστρά-

424 3215 663 3266 mouet;

500 3293 563 3350 δ’.
610 3295 706 3359 Τίς
757 3290 850 3349 οῦν
876 3293 958 3348 ἔτι
997 3295 1157 3366 χρεία
1188 3296 1280 3349 ἐπὶ
1314 3296 1674 3366 κενοφωνίαις
1719 3299 1816 3352 καὶ
1844 3300 2006 3369 ζητή-

2180 3301 2236 3357 4.
2293 3301 2435 3368 Quid
2489 3317 2621 3372 ergo
2651 3300 2763 3370 jam
2809 3316 2945 3371 opus
2971 3308 3090 3355 erat
3118 3296 3275 3353 vanis
3317 3294 3595 3350 vocabulis
3632 3304 3690 3350 ct

424 3402 582 3441 σεσιν
621 3387 875 3450 ὲκτόποις
907 3388 1135 3452 ἑαυτοὺς
1166 3388 1536 3458 ἐπιρῤίπτειν,
1569 3390 1668 3443 καὶ
1701 3390 1859 3455 δόξας
1884 3393 2009 3449 ἀνα-

421 3482 608 3534 κινεῖν
653 3478 984 3548 τερατώδεις
1017 3518 1033 3541 ,
1070 3480 1168 3533 καὶ
1198 3480 1335 3533 πολὺ
1364 3480 1426 3533 τὸ
1458 3481 1722 3553 βλαϐερὸν
1748 3481 2011 3547 νοσούσας

419 3573 526 3629 καὶ
570 3574 797 3642 μάταιον
842 3572 1153 3643 ἀνθρώποις
1202 3574 1578 3645 ὲξευρημένας
1600 3577 1713 3639 τοῖς
1741 3575 1893 3645 σφῶν
1911 3578 2010 3628 αὑ-

418 3663 539 3717 τῶν
580 3665 960 3736 δουλουμένοις
992 3664 1190 3719 πάθεσι
1233 3665 1327 3719 καὶ
1368 3665 1659 3736 θελήμασι,
1699 3666 2010 3738 κατεφθαρ-

420 3755 618 3826 μένοις
642 3759 703 3810 τὸ
733 3757 894 3829 σῶμα
930 3759 1024 3813 καί
1048 3758 1147 3830 τήν
1169 3759 1347 3830 ψυχὴν
1367 3800 1382 3825 ,
1432 3762 1527 3813 καὶ
1556 3760 2008 3832 διεστραμμένοις

418 3845 529 3915 τὴν
580 3846 807 3918 γνώμην
859 3847 952 3901 καὶ
1002 3847 1106 3919 τὴν
1157 3847 1422 3913 διάνοιαν,
1473 3848 1568 3902 καὶ
1615 3848 1705 3902 διά
1755 3850 1916 3903 τοῦτο
1942 3851 2008 3903 ὲκ

419 3936 676 4001 πλείονος
709 3938 889 4002 καλῶς
932 3942 1333 4010 σεσιγημένας,
1373 3941 1609 4003 καὶτοῖς
1631 3940 1877 4012 δοκίμοις
1905 3941 2006 4012 τῆς
2048 3994 2056 3999 .

434 4030 772 4101 Ἐκκλησίας
812 4031 1039 4094 ἐνδίκως
1077 4031 1520 4103 ἀπεληλαμένας,
1567 4033 1663 4088 καὶ
1689 4033 1765 4098 ὠς
1802 4051 2007 4106 κονιορ-

417 4119 522 4174 τὸν
565 4120 671 4173 ὑπὸ
715 4120 980 4183 λαίλαπος
1008 4122 1210 4194 ῥᾳδίως
1254 4122 1714 4193 σκεδαννυμένας,
1742 4126 1838 4178 καὶ
1867 4124 2006 4196 λήθῃ

414 4214 542 4275 τοῖς
584 4214 845 4283 ἐρασταῖς
893 4213 989 4267 τοῦ
1041 4213 1209 4268 καλοῦ
1244 4215 1339 4267 καὶ
1385 4216 1484 4284 τῆς
1526 4215 1789 4280 ἀληθείας
1828 4233 2005 4288 παρα-

420 4305 793 4374 πεμφθείσας,
819 4305 894 4368 ὡς
918 4304 1087 4376 λήθης
1114 4305 1285 4369 ὅντως
1308 4306 1662 4377 ὑπαρχούσας
1697 4308 1852 4373 ἀξίας
1875 4325 1891 4373 ;
1927 4309 2002 4362 Οὐ

411 4398 510 4451 ’δεῖ
544 4397 721 4451 τοίνυν
778 4397 959 4463 ξέναις
1008 4397 1103 4451 καὶ
1152 4397 1466 4468 ἀλλοτρίαις
1496 4401 1702 4467 φωναῖς
1750 4399 2002 4470 παρασύ-

420 4487 643 4559 ρεσθαι,
691 4488 787 4541 καὶ
815 4487 1030 4557 ἀνδρῶν
1056 4488 1269 4559 ἀσεϐῶν
1307 4488 1701 4555 διδασκαλίαις,
1734 4490 1843 4543 τῶν
1876 4490 2000 4560 χρό-

419 4598 538 4642 νοις
577 4580 794 4644 πολλοῖς
841 4582 1111 4652 πρότερον
1150 4580 1255 4633 ὑπὸ
1304 4580 1536 4635 συνόδων
1567 4581 1675 4635 τῶν
1705 4581 2001 4652 ἐκκλησια-

2111 3390 2364 3447 absurdis
2394 3391 2786 3461 quaestionibus
2827 3399 3001 3447 semet
3040 3389 3281 3455 tradere,
3311 3395 3687 3456 portentosas-

2109 3497 2216 3552 que
2246 3482 2529 3552 opiniones
2563 3497 2629 3538 ac
2657 3482 2814 3537 valde
2840 3482 3034 3537 noxias
3063 3482 3210 3537 ciere
3228 3519 3245 3546 ,
3272 3482 3341 3535 ab
3376 3478 3688 3534 hominibus

2108 3573 2442 3643 excogitatas
2475 3573 2735 3628 vitiorum
2767 3573 3245 3644 cupiditatumque
3279 3585 3500 3627 suarum
3533 3585 3690 3623 man-

2109 3664 2284 3732 cipiis,
2311 3664 2493 3719 animo
2522 3674 2577 3719 et
2599 3679 2830 3734 corpore
2854 3664 3151 3733 corruptis,
3181 3672 3236 3717 et
3270 3676 3491 3718 sensum
3522 3676 3682 3716 suum

2110 3757 2548 3827 intellectumque
2593 3756 2855 3811 distortos
2900 3754 3267 3811 habentibus?
3294 3752 3390 3808 Hae
3423 3752 3683 3807 nimirum

2110 3848 2313 3904 idcirco
2334 3849 2621 3918 opiniones
2642 3847 2849 3916 jamdiu
2885 3848 3104 3903 silentio
3140 3861 3372 3916 pressae.
3398 3853 3452 3899 et
3487 3860 3517 3898 a
3551 3858 3684 3913 pro-

2112 3941 2255 3995 batis
2301 3940 2561 3996 Ecclesiae
2607 3939 2884 4010 magistris
2926 3939 3122 3995 merito
3155 3938 3391 4007 esplosze
3434 3935 3682 4000 fuerant,

2106 4043 2271 4103 atque
2312 4044 2371 4087 ut
2409 4032 2595 4088 fenum
2648 4050 2678 4086 a
2721 4033 2939 4087 turbine
2979 4029 3142 4085 facile
3177 4031 3477 4099 dissipatae,
3516 4039 3574 4084 et
3612 4032 3682 4082 ah

2107 4125 2317 4179 honesti
2358 4125 2582 4194 verique
2630 4122 2969 4178 amatoribus
2998 4119 3259 4177 oblivioni
3302 4120 3552 4182 traditae,
3580 4133 3683 4173 ceu

2109 4230 2297 4285 reapse
2331 4216 2605 4272 oblivione
2649 4217 2847 4286 dignae.
2885 4214 3000 4269 Non
3041 4223 3126 4270 est
3164 4228 3297 4283 ergo
3338 4210 3688 4267 committen-

2104 4307 2253 4371 dum,
2281 4314 2339 4362 ut
2362 4307 2668 4377 peregrinis
2695 4306 2996 4374 alienisque
3021 4303 3301 4359 vocabulis
3321 4303 3681 4365 abducamur,

2102 4411 2157 4455 et
2214 4401 2477 4456 doctrinis
2521 4400 2810 4470 impiorum
2845 4397 3125 4451 hominum
3177 4395 3547 4464 decipiantur,
3585 4393 3680 4462 qui

2104 4491 2300 4546 multos
2328 4492 2440 4558 jam
2470 4501 2799 4561 antepannos
2821 4488 2891 4543 ab
2930 4486 3317 4543 ecclesiasticis
3354 4483 3579 4555 synodis
3622 4492 3681 4538 ut

2105 4582 2344 4638 haeretici
2376 4590 2432 4637 et
2480 4590 2644 4637 recta:
2682 4580 2806 4635 fidei
2839 4580 3025 4635 hostes
3058 4577 3519 4633 excumtnunicati
3550 4584 3681 4631 sunt

424 4658 628 4726 στικῶν
669 4673 746 4736 ὡς
782 4671 1078 4743 αἱρετικῶν
1118 4673 1214 4725 καὶ
1241 4673 1556 4727 ἀντιπάλων
1579 4672 1680 4743 τῆς
1724 4673 1891 4745 ὀρθῆς
1913 4674 2002 4727 πί-

2111 4686 2161 4731 ut
2186 4673 2626 4728 anathematibus
2670 4671 2870 4726 subditi
2906 4688 2920 4727 :
2963 4684 3145 4739 neque
3178 4669 3265 4724 bis
3297 4668 3678 4733 attendamus,

420 4783 600 4829 στεως
638 4764 1080 4835 ὲκὸεὸλημένων,
1132 4766 1368 4829 καὶτοῖς
1391 4765 1698 4836 ἀναθέμασι
1737 4766 1865 4838 παρ’
1911 4766 2003 4820 αὑ-

412 4861 538 4921 τοῖς
582 4856 1101 4927 παραπεμφθέντων
1150 4856 1491 4926 ὑπάγεσθαιο
1540 4856 1663 4911 οὐδὲ
1709 4858 2001 4929 προσέχειν

416 4949 516 5005 τὸν
549 4950 675 5003 νοῦν
702 4951 817 5012 τοῖς
843 4944 1165 5017 στρεϐλοῦσι
1205 4949 1300 5013 τὰς
1330 4948 1480 5012 θείας
1510 4948 1737 5019 Γραφὰς
1772 4949 1911 5020 πρὸς
1941 4949 2003 5003 τὸ

412 5041 635 5096 ἑαυτῶν
674 5040 971 5108 θεοστυγὲς
1012 5039 1303 5110 φρόνημα·
1360 5040 1501 5094 ἀλλά
1529 5041 1741 5112 χαίρειν
1766 5025 2004 5113 φράσαν-

415 5152 519 5197 τας
568 5135 692 5196 ταῖς
744 5131 953 5186 τούτων
985 5131 1301 5203 τερθρείαις
1343 5133 1746 5202 ἐκτρέπεσθαιο
1810 5134 1999 5205 μακρὰ

416 5223 531 5295 γὰρ
597 5221 863 5294 ληροῦσι,
922 5224 1065 5292 σφᾶς
1108 5239 1171 5276 τε
1216 5223 1447 5287 ἑαυτοὺς
1500 5224 1999 5296 παραλογιζόμενοι

422 5315 653 5387 μᾶλλον,
708 5316 742 5386 ἢ
773 5313 866 5377 οῦς
928 5313 1248 5384 φενακίζειν
1301 5314 1542 5379 οἴονται,
1596 5316 1691 5370 καὶ
1740 5315 1840 5381 τὰς
1892 5316 2002 5370 τῶν

419 5408 804 5479 προσεχόντων
834 5407 1004 5470 ἀκοὰς
1030 5408 1111 5469 είς
1151 5406 1331 5477 μάτην
1364 5407 1792 5472 ἀποκναίοντεςο
1828 5409 2000 5474 ὅντως

417 5497 769 5567 κενολογοῦσι
815 5499 910 5552 καὶ
953 5496 1394 5564 ἁποσφάλλονται
1450 5500 1530 5562 είς
1580 5499 1657 5553 τὰ
1700 5501 1894 5571 καίρια
1948 5503 1999 5555 οἱ

413 5589 594 5643 ταῦτα
636 5589 1030 5660 ἐκζητοῦντες·
1071 5588 1196 5642 οὐδὲ
1246 5588 1358 5659 γὰρ
1395 5589 1536 5660 ὑπὲρ
1574 5590 1673 5660 τῆς
1708 5590 1869 5661 δόξης
1901 5591 1997 5645 τοῦ

352 5672 365 5673 ί
412 5680 554 5735 Θεοῦ
580 5680 1041 5750 κατεργάζονται,
1080 5680 1235 5734 αὐτοί
1268 5696 1327 5734 τε
1363 5681 1457 5734 καὶ
1485 5682 1534 5733 οἱ
1565 5682 1772 5734 τούτων
1805 5682 1999 5746 ἐξακοο

414 5769 737 5835 λουθοῦντες
791 5774 859 5843 τῇ
893 5770 1070 5841 πλάνῃ
1093 5788 1107 5802 ο
1158 5770 1257 5841 τὴν
1287 5769 1444 5836 δόξαν
1484 5771 1541 5823 δὲ
1578 5772 1674 5841 τὴν
1702 5771 1838 5824 ἰδίαν
1869 5790 1997 5825 συν-

417 5860 659 5916 ιστάνειν
682 5862 867 5926 κακῶς
920 5862 1013 5915 καὶ
1056 5861 1298 5931 ἀνοήτως
1344 5862 1399 5912 ὲν
1432 5863 1498 5931 τῇ
1526 5861 1732 5915 ἑαυτῶν
1764 5863 1990 5935 αξῑχύνῃ

2100 4767 2191 4836 qui
2219 4766 2431 4820 divinas
2469 4765 2782 4835 Scripturas
2821 4763 2887 4818 ad
2918 4777 3073 4819 suam
3111 4762 3221 4818 Deo
3246 4760 3506 4816 odibilem
3551 4775 3679 4815 sen-

2104 4859 2324 4919 tentiam
2370 4858 2420 4913 vi
2463 4859 2788 4927 pertrahunt
2820 4857 2916 4912 sed
2974 4854 3303 4925 repellamus
3347 4853 3678 4910 insulsorum

2101 4951 2293 5005 horum
2351 4948 2655 5019 praestigia;
2711 4948 2802 5003 diu
2850 4950 2998 5003 enim
3050 4957 3364 5017 unguntur,
3399 4960 3463 5002 se
3533 4946 3680 5016 ipsos

2103 5042 2274 5109 magis
2297 5041 2651 5110 decipientes,
2684 5056 2846 5110 quam
2882 5040 3006 5101 illos
3044 5041 3244 5109 quibus
3282 5038 3466 5092 fucum
3495 5035 3680 5091 facere

2108 5143 2328 5204 putant,
2365 5144 2419 5188 et
2449 5131 2870 5187 auscultantium
2912 5146 3073 5186 aures
3114 5130 3315 5185 frustra
3347 5126 3675 5184 obtunduul.

2110 5226 2219 5282 Sed
2250 5241 2436 5281 revera
2477 5225 2748 5280 vanitates
2773 5222 3065 5287 effutiunt,
3102 5234 3158 5277 et
3189 5222 3242 5275 in
3269 5236 3330 5276 re
3354 5219 3677 5290 gravissima

2110 5328 2297 5373 errant
2350 5319 2442 5389 qui
2501 5318 2587 5374 bis
2638 5315 3035 5387 quaestionibus
3082 5314 3430 5383 implicantur
3480 5329 3494 5365 :
3543 5309 3679 5365 nihil

2104 5409 2248 5463 enim
2269 5423 2367 5479 pro
2396 5408 2564 5477 gloria
2596 5406 2692 5463 Dei
2725 5416 2912 5476 agunt,
2944 5406 3057 5460 sive
3086 5406 3206 5475 ipsi,
3233 5404 3350 5459 sive
3370 5402 3550 5458 caeteri
3584 5401 3678 5471 qui

2109 5503 2299 5558 horum
2334 5515 2573 5555 errorem
2621 5508 2943 5569 sequuntur,
2982 5499 3075 5552 sed
3101 5497 3413 5568 opinionem
3467 5502 3676 5549 tantum

2106 5592 2375 5663 propriam
2436 5592 2677 5661 improbe
2727 5590 3155 5659 insipienterque
3206 5602 3328 5642 cum
3380 5584 3677 5656 ignominia

2107 5700 2204 5739 sua
2231 5683 2583 5752 comprobare
2609 5683 2877 5736 nituntur.
2919 5680 3166 5747 Qnaudiu
3213 5680 3397 5749 itaque
3429 5677 3678 5746 impietas

2108 5778 2244 5830 intra
2277 5789 2404 5829 suas
2436 5787 2630 5828 caveas
2654 5787 2712 5828 se
2748 5773 3038 5837 continuit,
3077 5773 3181 5826 alta
3212 5787 3317 5843 pax
3344 5771 3397 5825 in
3435 5768 3702 5824 Ecclesial

2104 5869 2195 5923 Dei
2233 5869 2584 5934 versabatur;
2640 5875 2693 5921 et
2716 5865 2975 5936 quidquid
3025 5866 3387 5921 orthodoxum
3444 5864 3497 5918 iu
3545 5861 3676 5917 orbo
