4004 6488
385 523 498 589 555

1312 532 1882 596 APOLOGETICUS
1931 519 2091 596 PRO
2128 535 2232 597 ss.
2273 535 2756 597 IMAGINIBUS.

3554 532 3661 599 566

394 639 496 689 καὶ
526 638 712 711 πικρῷ
735 640 845 695 τῶν
874 640 1258 711 αίρετοζόντων
1288 645 1546 718 ῥεύματι,
1567 646 1631 700 τὸ
1654 647 1827 715 γλυκὺ
1880 648 1977 702 καὶ

2083 664 2269 705 amaro
2310 650 2693 705 haereticorum
2782 647 2979 712 rivulo,
3019 647 3233 702 dulcem
3288 646 3525 715 aliquam
3593 660 3658 700 ac

394 728 642 802 καθαρὸν
682 731 785 803 τῆς
823 733 1082 805 ἀληθείας
1124 737 1273 808 νᾶμα
1310 738 1809 809 παραμιγνύουσιν,
1840 742 1978 813 ὅπερ

395 819 568 875 πάλαι
601 821 651 875 οί
699 824 863 878 κακοὶ
897 825 1134 893 κάπηλοι
1174 828 1267 881 τὸν
1312 824 1455 883 οἶνον
1500 828 1656 883 ὕδατι
1690 829 1981 899 μίσγοντες

396 910 746 976 ὀνειδίζονται
779 928 795 945 '
828 917 925 970 καὶ
970 918 1081 972 τῶν
1112 917 1380 988 θεολόγων
1436 921 1698 994 Πατέρων
1730 921 1909 992 ήμῶν,
1929 922 1980 976 02

397 1004 477 1074 τῷ
513 1004 707 1076 κόσμῳ
735 1006 799 1060 τὸ
825 1008 944 1077 φῶς
974 1010 1072 1081 τῆς
1100 1010 1359 1082 ἀληθείας
1395 1011 1764 1084 ἐπύρσευσαν,
1794 1015 1980 1085 ῥήσεις

392 1094 546 1159 τινάς
591 1096 686 1151 τοῦ
721 1097 849 1152 ὃλου
877 1100 1135 1170 σώματος
1175 1102 1284 1157 τῶν
1318 1103 1522 1174 βίϐλων
1554 1104 1985 1174 ἀποσπαράξαν-

389 1200 509 1249 τις,
550 1188 616 1257 τῇ
662 1187 893 1243 ἐκείνων
933 1192 1462 1264 συγκατηρίθμησαν
1515 1194 1695 1265 πλάνη
1729 1194 1804 1266 ’ἢ
1858 1194 1983 1249 ούδέ

391 1278 643 1331 συνεῖναι
660 1278 804 1349 τάχα
833 1281 1162 1351 ίσχύσαντες
1173 1284 1273 1354 τὴν
1292 1286 1626 1356 ἐγκειμένην
1650 1289 1764 1351 τοῖς
1799 1287 1982 1355 λόγοις

385 1368 662 1435 διάνοιαν,
690 1369 855 1441 ήνίκα
887 1373 986 1443 τήν
1016 1374 1198 1446 λήμην
1224 1377 1336 1430 τῶν
1363 1378 1464 1449 τῆς
1490 1378 1671 1448 ψυχῆς
1709 1378 1979 1449 ὀμμάτων

388 1461 857 1534 ἀποκαθήρασθαι
921 1466 982 1519 ού
1041 1468 1441 1541 προείλοντο,ἥ
1489 1471 1634 1525 κατά
1670 1472 1733 1526 τὸ
1778 1471 1981 1526 δοκοῦν

391 1554 488 1607 ἐπ’
527 1555 777 1628 ἀπωλείᾳ
803 1558 1015 1613 ἑαυτῶν
1034 1577 1094 1614 τε
1123 1561 1218 1614 καὶ
1251 1562 1356 1616 τῶν
1381 1565 1785 1636 ἀπατωμένων,
1804 1565 1983 1620 ταῦτα

390 1648 788 1721 προϊσχόμενοί
815 1669 874 1706 τε
903 1655 998 1708 καὶ
1028 1656 1527 1728 παρεξηγούμενοι,
1561 1658 1659 1713 τὸν
1700 1659 1860 1729 λόγον
1880 1661 1983 1731 τῆς

386 1740 653 1810 ἀληθείας
711 1744 926 1799 δολοῦσι
965 1747 1061 1801 καὶ
1105 1750 1517 1821 καπηλεύουσι,
1558 1752 1637 1824 τῷ
1686 1753 1873 1825 χαλκῷ
1914 1755 1980 1808 τὸ

386 1831 589 1904 δέλεαρ
654 1836 1129 1909 ἐνσκευασάμενοι
1159 1883 1175 1906 ,
1222 1843 1308 1896 ’ίνα
1370 1842 1448 1913 τῷ
1507 1844 1807 1915 ἀξιοπίστῳ
1872 1846 1983 1901 τῶν

389 1925 746 1997 προσώπων,
795 1931 926 1993 τοὺς
976 1932 1385 2006 ἁπλουστέρους
1437 1936 1548 1990 τῶν
1612 1937 1980 2008 ἀκροωμένων

391 2016 782 2085 βουκολοῦντες
837 2024 887 2075 οἱ
933 2022 1238 2096 βωμολόχοι
1288 2029 1706 2097 ἐπαγάγωνται,
1762 2029 1840 2101 τῷ
1888 2048 1981 2084 κε-

372 2112 701 2182 -κρυμμένῳ
752 2112 893 2185 δόλῳ
935 2116 1035 2187 τῆς
1073 2117 1333 2183 ἀσεϐείας
1383 2123 1796 2194 περιπαρέντας
1833 2139 1847 2152 ·
1880 2126 1981 2190 τὰς

392 2201 459 2254 δὲ
489 2204 749 2273 ἐμφανῶς
790 2208 885 2262 καὶ
917 2210 1264 2283 άντιρῤήτως
1304 2216 1398 2267 καὶ
1429 2217 1511 2278 εἰς
1537 2216 1739 2292 γνῶσιν
1769 2217 1978 2271 ἅπασιν

396 2297 726 2366 ἐκκειμένας
788 2301 1139 2370 πριξέοντες
1193 2307 1291 2359 καὶ
1342 2310 1779 2379 περιγράφοντες
1811 2351 1826 2376 ,
1879 2311 1977 2364 καὶ

391 2386 510 2448 τοῖς
522 2388 598 2450 είς
616 2392 811 2460 πεῖραν
826 2391 1009 2445 αὐτῶν
1032 2395 1248 2465 ἀχθεῖσι
1263 2397 1452 2462 δολίως
1469 2401 1974 2472 ἀποκρυπτόμενοι,

384 2476 437 2529 ὦ
471 2479 572 2544 τῆς
600 2480 930 2550 τυφλώσεως
958 2486 970 2538 l
1002 2486 1048 2539 ῶ
1077 2486 1177 2559 τῆς
1207 2490 1523 2560 πωρώσεως
1548 2493 1562 2545 l
1592 2494 1692 2545 οὐκ
1730 2493 1977 2561 ἔγνωσαν

381 2568 511 2622 οὐδὲ
542 2573 792 2643 συνῆκαν
818 2590 832 2605 ’
863 2574 952 2629 διὰ
980 2577 1138 2634 τοῦτο
1159 2582 1219 2634 ἐν
1242 2580 1423 2655 σκότῳ
1454 2581 1610 2652 βαθεῖ
1628 2583 1978 2656 διαπορεύονο

2080 754 2271 810 puram
2290 739 2538 795 veritatis
2566 752 2763 792 venam
2810 737 3134 803 admiscent,
3172 751 3331 804 quam
3377 751 3489 790 rem
3512 737 3670 807 jam-

2081 831 2174 884 diu
2236 830 2396 885 malis
2458 828 2792 899 cauponibus
2856 829 3039 883 vinum
3089 843 3245 896 aqum
3296 827 3667 883 miscentibus

2080 925 2510 992 exprobramus,
2568 935 2773 991 nempe
2834 921 3214 991 theologorum
3270 919 3496 974 Patrum
3557 934 3661 973 no-

2082 1022 2342 1081 strorum,
2398 1014 2491 1085 qui
2540 1013 2749 1069 mundo
2792 1012 2967 1068 facem
3024 1012 3274 1067 veritatis
3320 1011 3672 1073 extulerunt,~

2081 1106 2347 1162 dictiones
2372 1105 2634 1176 quasdam
2668 1119 2734 1161 ex
2786 1116 2903 1160 toto
2931 1105 3197 1160 librorum
3231 1116 3462 1173 corpore
3503 1101 3660 1156 arul-

2082 1215 2192 1259 sas.
2212 1213 2313 1254 suo
2343 1199 2691 1254 inseruerunt
2712 1197 3011 1253 errorisEt
3039 1198 3159 1252 sive
3210 1211 3315 1251 nou
3346 1195 3657 1264 intelligen-

2082 1302 2165 1348 tes
2192 1289 2426 1345 fortasse
2454 1290 2789 1345 dictionibus
2818 1290 2924 1346 illis
2963 1289 3187 1346 insitum
3209 1304 3455 1354 sensum,
3479 1303 3552 1357 qu
3564 1301 3665 1341 an-

2081 1387 2371 1457 doquidem
2399 1385 2776 1456 lippitudinem
2794 1383 2969 1440 oculis
2993 1384 3309 1453 abstergere
3332 1381 3659 1444 noluerunt,

2082 1484 2195 1538 sive
2212 1497 2365 1537 suam
2388 1490 2441 1536 et
2467 1480 2814 1551 deceptorum
2835 1496 2865 1535 a
2882 1493 2942 1535 se
2965 1478 3357 1548 discipulorum
3373 1477 3659 1533 exitiosam

2082 1573 2407 1630 sententiam
2441 1582 2760 1641 sequentes,
2797 1572 2912 1627 haec
2935 1569 3278 1625 insinuantes
3298 1577 3355 1623 et
3377 1568 3658 1624 docentes.

2083 1667 2244 1719 hamo
2269 1678 2451 1719 escam
2496 1663 2803 1733 imponunt,
2838 1669 2897 1714 ut
2930 1674 3286 1731 personarum
3340 1657 3666 1721 auctoritate

2083 1758 2444 1828 simpliciores
2461 1757 2653 1814 illusos
2667 1756 2721 1810 in
2746 1764 3120 1810 transversum
3141 1762 3301 1824 agant
3320 1753 3409 1808 isti
3430 1765 3659 1811 scurra.

2082 1849 2659 1937 occulto/impietatis
2711 1848 2836 1902 dolo
2900 1846 3163 1901 conﬁsos.
3195 1843 3318 1900 Illas
3365 1844 3658 1911 casteroqui

2083 1941 2304 1997 Patrum
2347 1941 2674 2002 sententias,
2713 1953 2832 2007 qua:
2857 1938 3027 2004 clare,
3057 1948 3112 1993 et
3151 1947 3306 1993 extra
3341 1947 3660 1992 controver-

2086 2032 2248 2094 siam,
2276 2040 2434 2098 atque
2463 2028 2705 2083 omnium
2738 2027 3031 2081 intellectui
3081 2037 3288 2095 patent,
3325 2034 3573 2081 reserent
3607 2037 3659 2076 et

2086 2121 2564 2185 circumscribunt,
2593 2128 2647 2175 et
2673 2120 2740 2175 iis
2770 2120 2863 2190 qui
2890 2135 3076 2175 secum
3099 2127 3463 2175 consuescunt
3508 2115 3661 2171 frau-

2087 2213 2337 2268 dulenter
2386 2210 2683 2273 occultant,
2734 2228 2767 2265 υ
2824 2211 3161 2266 caecitatem!
3196 2225 3229 2264 ο
3275 2210 3479 2263 mentis
3534 2208 3660 2263 cali-

2084 2308 2263 2373 ginem
2290 2307 2306 2360 ί
2339 2320 2514 2374 neque
2558 2306 2690 2372 quid
2738 2313 2905 2373 agant
2932 2304 3173 2358 sentiunt
3204 2311 3296 2355 aut
3328 2301 3655 2370 intelligunt.

2084 2400 2296 2454 Idcirco
2327 2400 2379 2454 in
2408 2397 2696 2467 profundis
2736 2407 3025 2453 versantur
3074 2393 3338 2455 tenebris.
3365 2406 3544 2463 neque
3593 2393 3661 2448 ad

2083 2492 2334 2548 veritatis
2361 2491 2703 2561 splendorem
2740 2490 3013 2560 respicere
3040 2489 3244 2543 volunt.
3274 2486 3329 2545 Si
3374 2487 3520 2541 enim
3565 2500 3664 2541 no-

2082 2586 2315 2649 vissent,
2347 2598 2622 2653 nunquam
2651 2582 2941 2637 Dominum
2974 2580 3158 2652 gloriae
3179 2579 3659 2645 contempsissent.

380 2676 499 2723 ’τα-ιι
519 2662 774 2736 καὶπρὸς
794 2666 896 2730 τὰς
925 2669 1100 2739 αὐγὰς
1123 2673 1224 2741 τῆς
1254 2674 1516 2745 ἀληθείας
1569 2676 1873 2748 ἀναϐλέψαι
1917 2678 1979 2733 ού
2017 2677 2299 2749 βούλονται
2325 2692 2339 2706 ·
2374 2678 2425 2730 εί
2468 2675 2579 2748 γὰρ
2644 2674 2914 2743 ἔγνωσαν,
2972 2674 3073 2727 οὐκ
3107 2672 3171 2727 ἀν
3207 2673 3299 2726 τὸν
3329 2670 3538 2742 Κύριον
3564 2669 3665 2739 τῆς

378 2753 545 2824 δόξης
566 2756 951 2829 ἐξουθένησαν.

463 2849 544 2903 ιδ’.
578 2850 645 2904 Τί
674 2852 885 2907 τούτων
908 2853 1016 2909 τῶν
1064 2856 1489 2930 ἐγχειρημάτων
1519 2859 1903 2930 χαλεπώτερον
1934 2859 1967 2932 ἢ

384 2940 836 3016 βλαϐερώτερον;
867 2946 933 2999 Τί
956 2947 1163 3020 ταύτης
1189 2951 1293 3020 τῆς
1352 2951 1676 3022 διαιρέσεως
1705 2952 1971 3024 δυσαχθέ·

384 3050 584 3103 στερον
629 3036 664 3107 ἢ
711 3038 1131 3111 ἀπηχέστερον;
1173 3041 1350 3097 Πάλαι
1408 3043 1593 3108 καλῶς
1642 3044 1973 3115 τεθνηκυῖαν

382 3124 625 3197 αἵρεσιν,
662 3127 756 3181 καὶ
779 3130 1015 3201 φροῦδον
1046 3134 1117 3209 ἐκ.
1144 3132 1244 3204 τῆς
1274 3134 1387 3189 τῶν
1415 3136 1766 3207 Χριστιανῶν
1791 3136 1972 3209 γλώσ-

384 3234 496 3288 σης
524 3221 902 3293 γεγενημένην
933 3222 1028 3278 νῦν
1054 3208 1440 3297 ἀναζωπυρεῖν
1485 3228 1581 3289 καὶ
1606 3208 1896 3299 τεθηλέναι
1925 3229 1975 3283 οἱ

2152 2861 2240 2916 ll.
2298 2858 2438 2927 Quid
2491 2859 2576 2913 his
2618 2858 2841 2913 ausibus
2894 2857 3134 2911 atrocius
3176 2865 3274 2911 aut
3341 2855 3665 2911 nocentius?

2079 2949 2218 3017 Quid
2244 2950 2347 3005 hac
2372 2948 2682 3004 secessione
2738 2948 3004 3019 ingratius
3043 2956 3136 3001 aut
3187 2943 3516 3001 absurdius?
3544 2943 3666 3000 lla:-

2082 3043 2244 3097 resim
2276 3042 2538 3111 praeclare
2577 3041 2705 3095 olim
2732 3041 3084 3103 exstinctam,
3109 3048 3272 3108 atque
3323 3052 3352 3092 a
3392 3038 3662 3093 Christia-

2081 3150 2275 3189 norum
2307 3134 2506 3202 linguis
2539 3148 2846 3199 excussam,
2885 3147 3031 3186 nunc
3076 3132 3273 3186 iterum
3335 3129 3661 3184 inﬂammari

2084 3244 2148 3283 ac
2183 3227 2453 3299 pullulare
2482 3236 2681 3296 cogunt
2709 3246 2722 3281 :
2753 3227 2805 3279 id
2838 3227 2982 3279 enim
3025 3226 3172 3279 omni
3215 3240 3321 3296 ope
3349 3237 3662 3297 conatuque

385 3312 743 3384 παράφρονες
805 3313 1157 3380 ἐκϐιάζονται
1183 3333 1195 3346 ·
1245 3318 1409 3372 τοῦτο
1463 3319 1572 3392 γὰρ
1634 3320 1807 3391 αὐτῆς
1864 3324 1977 3385 τοῖς

2085 3319 2384 3373 moliuntur
2423 3318 2541 3386 ejus
2612 3318 2873 3384 studiosi;
2929 3327 3095 3387 atque
3152 3316 3378 3372 inimico
3432 3318 3679 3374 «laetttonia

386 3404 759 3470 σπουδασταῖς
815 3406 979 3477 ἔργον
1043 3425 1108 3461 τε
1166 3411 1262 3464 καὶ
1341 3409 1676 3483 ἀγώνισμα’
1733 3415 1827 3468 καὶ
1898 3413 1979 3485 τῷ

383 3494 574 3568 ἐχθρῷ
615 3497 852 3569 πάροδον
902 3499 1002 3567 τῆς
1049 3501 1175 3555 καθ’
1214 3503 1372 3573 ήμῶν
1411 3503 1678 3575 ἐπηρείας
1720 3504 1977 3571 διδόασιν,

388 3589 484 3642 ἵνα
544 3589 682 3660 ὅπερ
745 3592 917 3646 πάλαι
975 3594 1302 3665 συμμάχους
1378 3594 1475 3649 καὶ
1532 3595 1810 3667 ὑπηρέτας
1880 3600 1978 3668 τῆς

384 3681 591 3735 ἐαυτοῦ
636 3683 834 3748 κακίας
892 3685 1145 3757 εὑρηκὼς
1204 3686 1530 3754 ἀπετέλεσε,
1566 3687 1671 3743 κᾶν
1724 3688 1814 3741 διὰ
1868 3688 1979 3741 τῶν

384 3772 833 3843 σταυρωσάντων
880 3775 977 3828 τὸν
1032 3776 1242 3847 Κύριον
1303 3776 1530 3847 ποιῆσαι
1593 3779 1694 3832 οὐκ
1747 3779 1974 3849 ἴσχυσε,

382 3861 554 3915 τοῦτο
599 3863 687 3932 ἐφ’
719 3864 877 3935 ήμῶν
918 3865 1100 3920 αὐτῶν
1129 3868 1519 3940 ἀπεργάσηται
1548 3884 1561 3898 ·
1600 3870 1702 3940 ήδη
1735 3871 1851 3942 γὰρ
1884 3871 1978 3924 καὶ

384 3954 494 4008 νῦν
520 3957 549 4008 ὁ
573 3955 779 4010 ἄνωθεν
806 3958 901 4011 καὶ
926 3957 996 4012 δι’
1027 3958 1153 4012 ὅλου
1187 3958 1265 4030 τῷ
1295 3961 1464 4031 τιμίῳ
1487 3961 1685 4031 αἵματι
1735 3962 1976 4033 Χριστοῦ

382 4046 774 4119 ὲξυφασμένος
821 4050 989 4121 χιτὼν
1018 4053 1462 4124 περιρρήγνυται
1519 4055 1616 4108 καὶ
1661 4054 1972 4125 μερίζεται,

383 4139 491 4194 καὶ
514 4139 577 4192 τὸ
612 4140 910 4210 κράτιστον
949 4142 1059 4195 τῶν
1093 4144 1152 4196 ὲν
1185 4143 1320 4213 ημῖν
1348 4142 1556 4206 καλῶν,
1581 4146 1615 4216 ή
1641 4145 1835 4215 εἰρήνη
1883 4144 1977 4198 καὶ

380 4232 636 4301 ὁμόνοια,
670 4231 895 4288 λέλυται
936 4234 1032 4287 καὶ
1058 4234 1304 4288 διόλωλε.
1336 4235 1521 4288 Δεινὺν
1555 4238 1654 4306 μὲν
1688 4237 1756 4289 τά
1808 4236 1978 4290 πάλαι

385 4323 759 4396 ἱστορούμενά
803 4343 862 4379 τε
910 4327 1009 4380 καὶ
1057 4326 1388 4397 ἀκουόμενα,
1420 4331 1452 4398 ὴ
1497 4327 1749 4397 βασιλεία
1810 4328 1977 4383 Δαϐὶδ

384 4416 517 4471 καθ’
569 4417 774 4487 ἑαυτὴν
827 4416 1161 4489 μεριζομένη
1206 4419 1304 4472 καὶ
1358 4419 1680 4490 σχιζομένη,
1720 4422 1815 4474 καὶ
1868 4420 1977 4474 τῶν

383 4509 576 4578 φυλῶν
626 4511 660 4579 ή
695 4510 999 4580 διάστασις,
1053 4508 1356 4582 θρασύτητι
1409 4510 1503 4564 καὶ
1563 4512 1838 4583 αύστηρίᾳ
1878 4510 1975 4565 τοῦ

387 4601 622 4669 ἐκγόνου
672 4602 1046 4672 γεγενημένη,
1090 4603 1188 4656 καὶ
1241 4603 1461 4675 Ἰσραὴλ
1512 4605 1835 4675 ἀποτρέχων
1895 4607 1977 4669 είς

2087 3412 2227 3465 viam
2261 3411 2327 3465 ad
2355 3426 2452 3465 nos
2479 3411 2828 3479 decipiendos
2859 3409 3132 3475 muniunt,
3153 3419 3211 3463 ut
3244 3410 3345 3464 hos
3379 3408 3470 3464 ille
3517 3411 3663 3466 sicut

2086 3504 2214 3559 olim
2245 3504 2521 3573 adjutores
2576 3503 2965 3572 ministrosque
3016 3503 3237 3558 malitia:
3285 3519 3398 3557 suae
3450 3512 3663 3563 nactus.

2086 3599 2228 3670 quod
2263 3614 2359 3668 per
2389 3596 2598 3651 Domini
2632 3596 2988 3651 cruciﬁxores
3018 3596 3199 3652 facere
3247 3611 3352 3650 non
3393 3596 3591 3663 potuit,
3614 3595 3664 3647 id

2087 3689 2230 3759 apud
2263 3706 2361 3742 nos
2411 3700 2768 3756 exsequatur.
2818 3687 2958 3741 Ecce
3002 3687 3146 3740 enim
3203 3686 3386 3741 tunica
3424 3689 3668 3757 pretioso

2085 3781 2284 3837 Christi
2313 3780 2577 3848 sanguine
2627 3794 2654 3830 a
2688 3780 2893 3832 vertice
2923 3779 2988 3831 ad
3030 3779 3197 3832 imum
3224 3789 3477 3835 contexta
3515 3780 3664 3835 lace-

2089 3880 2238 3925 ratur
2276 3884 2338 3922 ac
2381 3868 2670 3933 Scinditur,
2696 3858 2757 3920 ἐι
2786 3868 2929 3935 quod
2965 3866 3230 3935 optimum
3261 3866 3530 3920 bonorum
3561 3882 3662 3919 uo-

2085 3967 2324 4015 strornm
2380 3967 2484 4019 est,
2530 3972 2630 4027 pax
2685 3967 2742 4012 et
2792 3957 3084 4012 concordia
3140 3957 3457 4013 dissolvitur
3504 3969 3665 4026 atque

2086 4054 2244 4121 perit.
2265 4052 2463 4106 Gravia
2493 4052 2711 4122 quidem
2745 4066 2809 4106 ea
2845 4062 2972 4107 sunt
3012 4067 3132 4121 quae
3162 4052 3214 4106 in
3247 4054 3447 4123 priscis
3479 4052 3661 4107 ferun-

2088 4154 2175 4197 tur
2239 4144 2762 4211 historiis.regumn
2814 4144 3068 4198 videlicet
3118 4143 3337 4199 Davidis
3362 4144 3415 4199 in
3440 4153 3663 4199 contra-

2084 4238 2194 4290 rias
2228 4249 2412 4304 partes
2455 4236 2707 4303 divisum,
2746 4237 2983 4291 tribuum
3029 4238 3292 4305 secessio,
3337 4238 3494 4308 cujus
3530 4239 3662 4291 dura

2086 4329 2303 4395 nepotis
2326 4331 2621 4383 austeritas
2647 4344 2809 4383 causa
2844 4328 2949 4383 fuit
2985 4328 3155 4385 Israel
3185 4332 3251 4386 ad
3305 4346 3401 4384 sua
3432 4331 3666 4401 quisque

2087 4420 2433 4474 tabernacula
2488 4432 2634 4474 retro
2679 4422 2898 4485 cedens,
2926 4420 3216 4476 Jeroboam
3267 4436 3390 4476 cum
3446 4433 3665 4489 sceptro

2084 4507 2341 4576 famulus,
2369 4507 2589 4565 rebellis
2610 4509 2891 4578 insperato
2910 4525 3130 4581 prorsus
3154 4511 3206 4564 in
3232 4509 3427 4565 throno
3445 4511 3662 4574 sedens,

2084 4602 2329 4672 opposita
2382 4600 2810 4674 Hierosolymis
2859 4601 3134 4668 Samaria,
3197 4602 3340 4658 unde
3396 4603 3662 4656 malorum

387 4693 461 4746 τὰ
520 4694 715 4747 ἑαυτοῦ
772 4694 1116 4766 σκηνώματα
1147 4737 1162 4762 ,
1224 4697 1320 4750 καὶ
1391 4694 1675 4767 Ἱεροϐοάμ
1755 4698 1814 4750 ἐν
1843 4698 1977 4768 σκή-

2084 4695 2259 4763 origo,
2285 4703 2340 4748 et
2386 4694 2617 4763 populus
2647 4695 2879 4749 adorare
2905 4703 3217 4748 creaturam
3256 4709 3366 4764 pne
3400 4692 3663 4749 Creatore

386 4803 586 4857 πτροις
634 4790 662 4842 ὁ
697 4787 883 4852 δοῦλος
916 4789 1010 4842 καὶ
1045 4789 1363 4860 ἀποστάτης
1391 4787 1858 4860 ἐνθρονιξόμενος,
1913 4790 1976 4842 τὸ

380 4878 829 4948 παραδοξότατον
865 4897 879 4914 ο
947 4881 1043 4936 καὶ
1101 4883 1202 4951 τῆς
1276 4880 1636 4953 Ἰερουσαλὴμ
1704 4881 1970 4936 ἀντιδιαι-

382 4970 632 5041 ρουμένη
694 4971 981 5043 Σαμάρεια
1011 5011 1025 5034 ,
1063 4971 1186 5026 ὅθεν
1246 4971 1358 5025 τῶν
1424 4972 1610 5027 κακῶν
1676 4975 1708 5044 ή
1768 4974 1975 5044 κρηπὶς

381 5062 816 5134 καταϐέϐληται,
844 5067 942 5118 καὶ
976 5065 1005 5118 ὁ
1040 5064 1167 5128 λαὸς
1213 5064 1693 5136 ἀναπεπεισμένος
1726 5081 1971 5136 προσκυ·

381 5157 501 5210 νεῖν
521 5157 586 5227 τῇ
624 5156 801 5210 κτίσει
832 5157 985 5228 παρὰ
1010 5156 1101 5209 τὸν
1132 5157 1429 5225 Κτίσαντα,
1464 5158 1558 5213 ἐπὶ
1605 5158 1705 5230 τὴν
1752 5159 1972 5213 εἰδωλο-

382 5249 593 5317 μανίαν
638 5248 816 5312 ἀθέως
876 5249 1237 5321 ἐξεκυλίσθη*
1265 5250 1570 5323 δεινότερον
1627 5252 1684 5305 δὲ
1755 5254 1826 5307 τά
1874 5252 1972 5306 νῦν

383 5340 691 5412 τελούμενα
721 5342 817 5396 καὶ
836 5341 1111 5414 ὁρώμενα,
1132 5343 1365 5414 ἐπείπερ
1391 5345 1423 5412 ή
1458 5344 1696 5416 Χριστοῦ
1724 5343 1973 5416 βασιλεία

384 5434 649 5504 τέμνεται
678 5436 773 5489 καὶ
803 5436 1095 5501 διίσταται,
1125 5437 1220 5489 καὶ
1242 5435 1313 5489 τά
1346 5436 1483 5505 μέλη
1544 5435 1639 5489 τοῦ
1670 5436 1811 5490 κατά
1838 5437 1880 5490 Χ
1891 5454 1973 5505 ρι-

386 5529 516 5581 στὸν
558 5525 812 5598 σώματος
839 5527 935 5582 καὶ
967 5527 1068 5597 τῆς
1112 5526 1282 5597 αὐτῆς
1334 5526 1600 5597 κεφαλῆς,
1623 5526 1746 5581 καθ’
1804 5527 1976 5606 supra

379 5622 784 5687 διαστασιάζει,
821 5622 914 5676 καὶ
944 5621 1003 5675 τὸ
1052 5620 1227 5687 ἔθνος
1258 5620 1324 5674 τὸ
1346 5620 1536 5690 ἅγιον,
1569 5620 1628 5673 τὸ
1653 5621 1980 5686 βασίλειον

378 5714 726 5784 ἱεράτευμα,
743 5714 772 5765 ὁ
788 5713 937 5780 λαὸς
958 5715 985 5766 ὁ
1005 5716 1091 5779 εὶς
1106 5714 1494 5781 περιποίησιν
1515 5713 1861 5782 ἐξαγγέλλειν
1876 5712 1978 5775 τὰς

381 5810 543 5870 ρεῖας
560 5807 761 5878 ἀρετάς
795 5806 1134 5878 κατάχρεως,
1170 5805 1340 5859 καὶτὸ
1376 5805 1665 5875 μεγαλεῖον
1688 5805 1784 5874 τῆς
1827 5804 1978 5867 θείας

469 5964 510 5995 ί*
545 5960 564 6014 ι
601 5961 748 6017 I’ctr.
782 5976 842 6029 η,
906 5962 956 6015 9.

2084 4788 2333 4853 edoctus,
2365 4796 2527 4856 atque
2559 4788 2624 4840 ad
2652 4800 2911 4840 vesanum
2954 4785 3218 4841 idolorum
3259 4801 3506 4842 amorem
3559 4787 3663 4839 imo

2080 4881 2167 4950 pie
2201 4879 2512 4935 devolutus.
2540 4880 2793 4933 Attamen
2821 4878 3071 4949 graviora
3102 4887 3228 4932 sunt
3256 4894 3379 4948 qua:
3404 4894 3545 4932 nunc
3564 4895 3663 4948 pa-

2082 4974 2213 5029 trari
2250 4975 2520 5028 videmus.
2556 4971 2688 5026 Nam
2739 4970 2944 5027 Christi
2973 4986 3197 5041 regnum
3235 4971 3286 5025 in
3336 4982 3519 5042 partes
3550 4975 3658 5025 abit

2079 5067 2409 5134 disciSsum;
2438 5058 2680 5119 mémbra
2718 5066 2979 5118 adversus
3009 5063 3167 5135 162
3194 5063 3395 5118 Christi
3443 5080 3659 5132 corpus,

2077 5159 2188 5213 imo
2221 5167 2408 5213 contra
2435 5158 2613 5227 ipsum
2665 5167 2828 5224 caput
2874 5156 3197 5211 seditionem
3233 5158 3407 5222 cient;
3436 5165 3488 5209 et
3532 5146 3683 5225 gens?

2078 5262 2283 5317 sancta,
2309 5250 2485 5320 regule
2517 5250 2897 5313 sacerdotium,
2918 5249 3143 5319 populus
3190 5247 3562 5318 acquisitionis
3589 5226 3681 5312 “,E

2079 5343 2170 5397 Dei
2203 5342 2563 5413 praedicanda
2596 5341 2851 5410 potentia:
2875 5340 3198 5405 destinatus,
3227 5348 3281 5395 et
3326 5356 3523 5410 magno
3571 5324 3681 5396 ὡς’

2078 5436 2217 5486 vime
2266 5430 2586 5485 teconomizn
2636 5429 2786 5499 operi
2852 5428 2997 5483 clara
3084 5428 3468 5496 resonantique
3525 5443 3657 5483 voco

2080 5523 2490 5595 proclamando,
2516 5522 2890 5591 libertatisque
2927 5535 2991 5576 ac
3045 5518 3440 5587 redemptionis
3495 5518 3660 5576 bene-

2068 5618 2204 5674 ﬁcio
2233 5617 2562 5681 conﬁtendo,
2596 5633 2737 5673 nunc
2764 5618 2816 5672 in
2845 5615 3183 5676 contrarium
3218 5629 3406 5669 versus
3435 5628 3656 5684 magna-

2079 5727 2181 5779 que
2213 5727 2275 5764 ex
2315 5720 2470 5781 parte
2495 5728 2522 5762 a
2554 5710 2772 5765 malitiae
2801 5709 3063 5765 ministris
3098 5709 3333 5773 illectus,
3362 5709 3513 5763 nulla
3550 5710 3651 5765 uti-

2078 5805 2228 5859 litate
2254 5813 2477 5871 auctus,
2511 5814 2562 5860 et
2594 5815 2880 5874 postquam
2931 5800 3119 5858 Oriens
3157 5817 3223 5859 ea:
3281 5802 3390 5857 alto
3411 5815 3536 5858 eum
3572 5802 3654 5855 vi-
