4004 6482
259 505 386 569 589

1235 507 1806 572 APOLOGETICUS
1859 513 2010 572 PRO
2050 512 2154 572 SS.
2199 513 2682 576 IMAGINIBUS.

3449 521 3555 586 570

257 615 393 672 εἶτα
425 617 836 687 κατεγνωκότες
867 616 1047 670 αὐτῶν
1076 611 1174 687 τῆς
1211 621 1440 690 σκηνῆς,
1477 621 1572 674 καὶ
1617 620 1714 692 τὴν
1764 638 1864 674 πε-

1978 621 2174 674 tionen'.
2213 623 2353 689 apud
2402 637 2497 676 eos
2563 623 2743 678 facere
2807 624 3098 694 noluerint,
3129 631 3554 701 corunnlemque

255 708 810 780 πλαστουργημένην
849 707 1229 778 είκαιομυθεαν
1258 709 1336 772 ὡς
1371 710 1531 764 ὕθλον
1587 711 1869 781 βδελυττό-

263 817 451 871 μενοι,
481 797 626 852 οὕτω
654 800 754 870 μὲν
795 799 894 868 τῆς
923 799 1018 852 τοῦ
1053 799 1228 853 κακοῦ
1255 805 1430 872 φορᾶς
1473 801 1573 854 οὐκ
1602 802 1864 866 ἀνίενται,

264 894 419 947 ἀλλὰ
467 891 554 946 διὰ
601 891 707 962 τῆς
757 890 984 962 πρώτης
1035 893 1236 964 πείρας
1283 893 1460 962 λόγων
1513 892 1868 964 πιθανότησιν

271 985 668 1048 ὑποπίνοντες
719 985 769 1037 ot
833 983 1238 1055 ἐπηρεάζοντες
1302 985 1398 1039 καὶ
1469 985 1813 1048 θωπεύοντες
1849 1023 1864 1049 ,

267 1073 496 1152 δωρεῶν
514 1093 572 1130 τε
605 1075 872 1130 πλείστων
890 1076 1250 1146 ὑποσχέσεσιν
1271 1076 1633 1130 ὑποκλέπτειν
1656 1077 1867 1146 ἐπιχει-

271 1169 458 1239 ροῦσι,
496 1167 591 1222 καὶ
611 1166 718 1237 πρό
741 1181 806 1235 γε
839 1165 948 1220 τῶν
974 1165 1149 1220 ἀλλων
1176 1185 1259 1237 χει
1269 1169 1566 1238 ρογραφεῖν
1590 1164 1690 1238 τὴν
1734 1165 1866 1219 dos-

264 1265 436 1325 Gatow
485 1260 549 1314 τὸ
604 1260 768 1313 πλέον
818 1259 1228 1330 ἐκϐιαζόμενοι,
1283 1261 1377 1314 καὶ
1431 1261 1500 1312 τὰ
1551 1257 1765 1330 χρηστά
1809 1257 1868 1310 ὲν

264 1353 639 1424 ἐπαγγελίαις
674 1349 811 1425 ὁμοῦ
839 1353 932 1405 καὶ
959 1352 1030 1406 τὰ
1079 1353 1316 1422 δυσχερῆ
1349 1353 1407 1403 ἐν
1447 1352 1702 1412 ἀπειλαῖς
1749 1348 1864 1402 κεί-

270 1463 442 1516 μενα,
462 1445 724 1514 ὁπότερον
759 1443 826 1498 ἂν
840 1443 1048 1497 τούτων
1081 1461 1166 1506 τις
1189 1443 1365 1495 ἕλοιτο
1387 1459 1400 1472 ·
1434 1440 1601 1512 ἡνίκα
1628 1441 1676 1494 δ’
1703 1441 1770 1494 ἂν
1808 1440 1867 1493 τὸ

267 1539 496 1610 ἑδραῖον
552 1538 647 1591 καὶ
692 1535 930 1608 βεϐηκὸς
972 1537 1073 1606 τῆς
1123 1535 1362 1597 πίστεως
1410 1533 1595 1598 ἴδοιεν,
1627 1534 1725 1586 καὶ⁹
1786 1533 1862 1596 ὡς

264 1631 430 1684 οὐδὲν
477 1630 589 1684 τῶν
637 1629 778 1684 κατά
828 1628 1056 1698 γνώμην
1106 1625 1365 1680 ἁνύσειαν
1396 1665 1410 1692 ,
1460 1627 1552 1678 ἐπὶ
1610 1625 1710 1688 τάς
1759 1623 1866 1678 τῶν

209 1715 218 1720 ’
265 1722 630 1794 βεϐιωμένων
700 1721 928 1792 ἑρεῦνας
987 1719 1248 1790 χωροῦσι,
1290 1716 1596 1788 γράφονταί
1657 1733 1718 1768 τε
1769 1717 1866 1768 αὖ-

262 1815 404 1878 τοὺς
431 1813 626 1884 έπικλη
639 1813 846 1882 μάτων,
877 1811 914 1866 ἃ
947 1813 1083 1882 μηδὲ
1131 1813 1268 1882 ἀκοῇ
1295 1811 1344 1864 οἱ
1369 1808 1865 1878 συκοφαντούμενοι

265 1905 645 1980 παρεδέξαντο
668 1903 890 1958 πώποτε
909 1920 922 1934 ·
954 1905 1048 1957 καὶ
1072 1905 1173 1957 οὐκ
1203 1906 1260 1956 ὲν
1298 1903 1512 1955 ἐλπίσιν
1541 1902 1620 1954 ἔτι
1654 1902 1860 1964 λοιπὸν,

267 1999 396 2050 ἀλλ’
426 1999 485 2052 ἐν
515 1997 684 2068 πείρᾳ
702 1995 773 2048 τὰ
805 1995 960 2048 δεινά
992 2012 1007 2026 ο
1046 1995 1108 2048 τὸ
1132 1993 1384 2048 ἐντεῦθεν
1425 1995 1534 2064 γὰρ
1563 1993 1738 2063 δεσμὰ
1771 1992 1864 2045 καὶ
1896 1975 1939 2028 Β

270 2085 519 2156 φρουραὶ
573 2083 960 2154 χαλεπώταται
1013 2083 1397 2154 διαδέχονται,
1451 2083 1598 2152 λιμοί
1660 2099 1719 2136 τε
1771 2083 1866 2136 καὶ

270 2175 456 2228 δειναὶ
493 2173 854 2228 κακοπάθειαι
889 2190 904 2204 ο
947 2175 1054 2226 εἰσὶ
1081 2173 1140 2225 δὲ
1171 2173 1218 2226 οἳ
1247 2175 1344 2229 καὶ
1371 2173 1604 2242 πληγαῖς
1633 2173 1700 2226 τὰ
1722 2173 1868 2226 νῶτα

276 2267 710 2337 καταξεόμενοι,
789 2267 885 2320 καὶ
931 2267 991 2319 οὑ
1055 2268 1281 2336 μικραῖς
1345 2267 1551 2330 αἰκίαις
1629 2269 1856 2337 ἐκτιμω·

274 2359 559 2429 ρούμενοι,
583 2357 643 2410 τὸ
671 2355 980 2410 τελευταῖον
1012 2356 1334 2426 ὑπερορίαις
1383 2357 1621 2426 μακραῖς
1657 2373 1722 2409 τε
1773 2357 1869 2410 καὶ

266 2449 572 2521 ἀφορήτοις
597 2447 1076 2511 καταδικάζονται,
1103 2449 1159 2500 ὲν
1177 2446 1402 2518 χωρίοις
1449 2443 1526 2500 ὧν
1573 2446 1653 2517 τῷ
1684 2446 1868 2520 πικρῷ

263 2543 372 2595 καὶ
409 2541 696 2610 δυσοίστῳ,
730 2541 826 2594 καὶ
863 2539 1000 2610 πρὸς
1055 2537 1154 2610 τὴν
1187 2538 1334 2610 ζωὴν
1373 2538 1472 2610 τὴν
1519 2538 1870 2612 ἀνθρωπίνην

261 2635 473 2704 τραχεῖ
503 2635 600 2686 καὶ
626 2632 850 2704 σκληρῷ
879 2634 974 2686 καὶ
1012 2631 1472 2701 ἀπεστενωμένῳ,
1500 2630 1690 2685 δοκοῦν
1722 2633 1870 2686 ἐστιν

265 2727 464 2788 αὐτοῖς
491 2723 854 2796 βιαζομένους
880 2725 1008 2788 τοὺς
1047 2721 1505 2786 δεινοπαθοῦντας
1535 2723 1869 2790 ἁλώσεσθαι,

265 2817 388 2871 τῶν
416 2815 826 2890 συνεργούντων
850 2818 927 2882 εἰς
952 2817 1113 2870 τοῦτο
1141 2815 1708 2888 προηυτρεπισμένων
1733 2831 1748 2847 ·
1775 2817 1870 2869 καὶ

265 2909 389 2982 γὰρ
437 2908 768 2980 παρεδρεύει
808 2909 1090 2979 ἀστόμοιρά
1119 2925 1204 2970 τις
1264 2910 1362 2978 τῆς
1401 2905 1669 2979 δημοσίας
1706 2907 1868 2961 δυνά-

271 3021 429 3074 μεως
468 3005 676 3068 αὐτοῖς,
699 3003 800 3056 καὶ
823 3003 906 3066 ὡς
946 3002 1180 3074 τάχιστα
1223 3003 1724 3074 ὑπηρετησομένων
1757 3004 1870 3066 τοῖς

265 3095 502 3162 δόξασι·
559 3097 734 3150 ταῦτα
795 3095 896 3168 μὲν
945 3099 993 3150 oi
1050 3096 1118 3148 τὰ
1176 3096 1373 3166 πρῶτα
1440 3097 1497 3147 ἐν
1549 3095 1871 3158 ἐπισκόποις

269 3190 516 3263 ἔχοντες,
539 3189 638 3240 καὶ
687 3189 787 3256 τῆς
816 3187 986 3261 ὀρθῆς
1029 3187 1480 3258 ὑπερμαχοῦντες
1513 3187 1610 3241 καὶ
1645 3187 1870 3257 ἀντεχό-

1969 711 2128 766 frctus
2149 711 2358 766 fabulas
2385 713 2554 770 flocci'
2575 715 2824 783 fecerint,
2853 734 2957 772 non
2983 719 3187 774 idcirco
3224 723 3454 791 improbi
3485 723 3552 774 de

1970 819 2068 858 sua
2102 803 2284 872 iniqua
2322 807 2701 874 persecutione
2725 811 3051 866 remittunt:
3091 811 3186 865 sed
3239 814 3412 880 primo
3433 812 3553 881 qni-

1943 900 2090 953 ‘dcm
2129 899 2394 952 suasoriis
2441 900 2622 954 verbis
2671 899 3012 956 blandientes
3069 904 3459 972 palpantesque
3499 913 3554 958 ct

1969 987 2330 1055 delinientes,
2362 991 2628 1046 donorum
2663 993 2828 1046 etiam
2881 994 3241 1062 plurimorum
3297 995 3555 1062 Sponsio-

1970 1079 2132 1136 nibus
2187 1083 2512 1137 subvertere
2545 1093 2778 1150 tentant,
2827 1087 3208 1156 praecipueque
3269 1097 3326 1140 ut
3383 1083 3556 1139 irreli-

1967 1172 2132 1240 giosze
2189 1171 2436 1226 formulae
2515 1175 2864 1229 subscribant
2893 1176 3008 1247 (36)
3073 1177 3232 1232 valde
3316 1183 3552 1242 urgent;

1969 1264 2219 1338 bonaque
2265 1265 2963 1334 promittentes,simulque
3032 1269 3171 1322 mala
3241 1270 3538 1333 minantes,

1971 1365 2150 1407 utrum
2196 1354 2383 1406 malint
2433 1354 2794 1424 interrogant.
2853 1356 3010 1428 163
3086 1357 3315 1426 Cognita
3369 1368 3551 1411 autem

1969 1445 2092 1499 fidei
2129 1445 2389 1500 lirmitate
2427 1453 2479 1500 et
2520 1447 2858 1510 constantia,
2887 1457 2941 1502 et
2977 1463 3074 1501 sua
3113 1449 3392 1502 voluntate
3434 1447 3552 1501 fru-

1969 1537 2148 1602 strati,
2179 1539 2244 1590 ad
2275 1545 2640 1590 vcteratorum
2669 1546 2817 1591 artes
2848 1537 3196 1608 confugiunt,
3231 1538 3465 1608 illosque
3489 1539 3557 1592 de

1968 1629 2293 1684 criminibus
2321 1639 2601 1695 accusant,
2633 1645 2754 1698 qua:
2781 1645 2850 1684 ne
2881 1630 3068 1683 auditu
3102 1629 3323 1700 quidem
3391 1630 3550 1684 inno-

1967 1721 2052 1775 cui
2085 1721 2257 1774 nostri
2287 1732 2573 1776 noverunt.
2593 1719 2781 1791 Neque
2805 1722 2918 1792 jam
2949 1738 3046 1792 spe
3065 1723 3268 1791 agitur,
3303 1723 3398 1776 sed
3436 1734 3556 1790 pa:-

1969 1798 2160 1864 narum
2192 1811 2509 1866 indictione.
2535 1812 2674 1865 Exin
2695 1813 2898 1881 quippe
2921 1811 3138 1867 vincula
3177 1823 3231 1866 et
3266 1811 3549 1865 durissimi

1968 1891 2275 1972 sequuntur
2317 1918 2590 1970 carceres,
2623 1913 2678 1958 et
2716 1903 2890 1958 fames
2933 1913 2988 1958 et
3043 1904 3388 1973 gravissima:
3429 1899 3561 1956 affli-

1967 1996 2174 2051 ctiones
2205 2012 2219 2049 :
2253 1997 2616 2064 quorumdam
2649 1996 2816 2050 etiam
2844 1997 3014 2064 plagis
3047 1996 3210 2048 dorsa
3242 1997 3553 2056 Ctl'dllttltll‘.

1966 2098 2018 2144 et
2051 2103 2156 2142 non
2185 2089 2410 2142 modicis
2437 2089 2611 2143 vexati
2635 2089 2970 2144 cruciatibus
2989 2089 3284 2158 longinquo
3308 2098 3363 2141 et
3404 2087 3552 2140 into-

1969 2181 2174 2234 lerabili
2207 2180 2402 2236 exsilio
2441 2182 2768 2247 multantur,
2794 2181 2929 2236 locis
2957 2181 3213 2258 destinati
3246 2179 3460 2248 asperis
3491 2193 3555 2230 ac

1969 2275 2057 2328 vix
2088 2271 2352 2337 ferendis,
2383 2273 2473 2343 qui
2497 2275 2566 2328 ob
2597 2288 2750 2328 suam
2785 2274 3090 2343 angustiam
3115 2273 3198 2324 vel
3229 2285 3422 2324 usuum
3453 2270 3557 2323 hu-

1969 2379 2260 2420 manorum
2295 2367 2802 2422 incommoditatem
2849 2375 2902 2419 et
2938 2365 3268 2430 molestiam,
3308 2363 3562 2417 videntur

1970 2459 2305 2528 captivorum
2335 2459 2548 2514 animos
2573 2459 2958 2530 expugnaturi,
3006 2457 3206 2512 additis
3253 2455 3556 2526 praesertim

1969 2552 2203 2620 quieam
2240 2567 2354 2604 rem
2383 2551 2704 2606 insinuent:
2755 2551 2960 2626 etenim
2998 2565 3124 2621 pars
3154 2549 3406 2619 quaedam
3461 2561 3564 2616 pu-

1971 2644 2125 2698 blicae
2155 2643 2361 2698 militiae
2391 2644 2636 2712 captivos
2680 2643 2998 2706 comitatur,
3027 2657 3151 2712 quae
3208 2656 3397 2696 eorum
3458 2654 3560 2694 vo-

1971 2736 2162 2790 luntati
2193 2735 2518 2790 subserviat.
2543 2735 2668 2790 "me
2699 2736 2980 2805 patiuntur
3010 2734 3255 2802 primarii
3292 2734 3559 2804 episcopi,

1971 2828 2061 2894 qui
2121 2825 2484 2880 orthodoxam
2527 2823 2854 2878 sententiam
2911 2821 3133 2877 fortiter
3191 2831 3560 2892 propugnant.

1973 2915 2110 2971 Sunt
2156 2918 2320 2970 etiam
2381 2915 2624 2970 nonnulli
2679 2926 2800 2984 post
2853 2915 2970 2969 illos
3005 2916 3230 2984 gradum
3285 2921 3560 2976 tenentes,

1971 3023 2156 3078 parem
2191 3024 2313 3062 cum
2343 3009 2476 3078 ipsis
2537 3009 2850 3079 religiosam
2911 3009 3071 3062 tidem
3097 3007 3346 3061 foventes
3400 3007 3563 3074 pauci

1971 3114 2123 3166 sane,
2159 3101 2255 3154 sed
2307 3101 2383 3154 ita
2415 3109 2596 3155 tamen
2652 3110 2710 3154 ut
2739 3099 2924 3154 favilla
2985 3100 3178 3154 saltem
3215 3100 3266 3152 in
3315 3097 3560 3152 Ecclesia

1974 3194 2070 3248 Dei
2121 3194 2380 3261 supersit,
2433 3207 2551 3260 qua:
2599 3207 2700 3247 suo
2744 3201 2989 3262 tempore
3035 3192 3232 3247 divinis
3294 3188 3566 3244 aﬂlatibus

270 3299 436 3350 μενοι
469 3280 626 3354 δόξης
655 3295 670 3312 ⁸
697 3283 806 3334 εἰσὶ
827 3281 884 3334 δὲ
919 3283 1012 3334 καὶ
1038 3283 1089 3334 οἱ
1114 3282 1229 3350 μετ’
1253 3281 1493 3344 ἐκείνους
1519 3281 1866 3350 τεταγμένοι,

1978 3284 2314 3354 splendidam
2355 3284 2724 3353 eximiamque
2753 3283 2923 3338 facem
2958 3284 3247 3338 incensura
3278 3291 3380 3346 est,
3401 3289 3454 3334 et
3477 3280 3565 3333 in-

272 3383 384 3427 συν
415 3375 644 3438 ἐκείνοις
689 3375 790 3444 τῆς
836 3375 1100 3445 όμοτίμου
1163 3373 1558 3444 μεταλαχόντες
1609 3375 1868 3438 πίστεως,

265 3467 647 3538 εὐαρίθμητοι
699 3465 821 3536 μὲν,
869 3465 994 3518 ὅσον
1022 3463 1296 3535 σπινθῆρα
1341 3462 1772 3534 καταλειφθῆναι
1803 3465 1870 3534 τῇ

283 3561 595 3634 Ἐκκλησία
626 3561 720 3614 τοῦ
763 3557 922 3624 Θεοῦ,
983 3558 1258 3630 εὐκαίρως
1306 3557 1480 3622 θείαις
1525 3559 1874 3627 ἐπιφανείαις

265 3659 358 3718 εἷς
396 3655 608 3726 πυρσὸν
662 3651 1178 3724 ἀναφθησομένους·
1205 3651 1485 3723 περιφανῆ
1539 3667 1599 3703 τε
1651 3650 1748 3704 καὶ
1782 3649 1871 3702 έν-

268 3750 429 3812 Οεον,
461 3749 594 3820 πρὸς
613 3747 715 3819 τὴν
749 3747 954 3818 λάμψιν
997 3745 1092 3800 τοῦ
1135 3745 1458 3812 Πνεύματος
1505 3744 1634 3808 τοὺς
1683 3746 1744 3797 ὲν
1794 3744 1872 3815 τῷ

1977 3375 2253 3430 fidelitatis
2285 3375 2522 3428 tenebris
2548 3375 2775 3428 obrutos
2810 3375 2875 3428 ad
2900 3373 3204 3444 spiritalem
3245 3372 3422 3425 lucent
3461 3371 3564 3425 de-

1977 3467 2226 3520 ductura.
2263 3465 2332 3519 Ut
2360 3465 2518 3520 nobis
2561 3478 2777 3534 quoque
2838 3465 3192 3534 prOpbeticas
3252 3461 3568 3530 usurpanti-

1978 3561 2077 3616 bus
2103 3573 2264 3614 voces
2295 3558 2482 3613 dicere
2510 3559 2706 3612 liceat:
2735 3557 2859 3611 Nisi
2885 3557 3147 3610 Dominus
3177 3554 3410 3609 Sabaoth
3441 3551 3569 3606 reli-

1976 3651 2173 3719 quisset
2231 3649 2382 3702 nobis
2443 3664 2640 3716 semen,
2677 3649 2830 3718 quasi
2881 3648 3116 3703 Sodoma
3167 3645 3451 3716 fuissemus
3515 3653 3566 3696 et

1977 3742 2288 3796 (ἐοίκοι-νῆας
2315 3740 2514 3795 similes
2547 3739 2614 3794 “.

269 3843 437 3915 ζεερῳ
465 3843 562 3911 τῆς
586 3840 846 3902 ἀπιστίας
873 3837 1346 3908 κατειλημμένους
1363 3835 1867 3906 καθοδηγήσοντας.
1913 3833 2030 3889 Ἵνα
2091 3834 2188 3904 ἐξῇ
2225 3833 2321 3887 καὶ
2361 3835 2497 3904 ἡμῖν
2531 3834 2654 3896 ταῖς
2707 3832 3081 3904 προφητικαῖς
3114 3823 3570 3898 συμφθέγγεσθαι

269 3937 614 4010 φωναῖςἘὶ
641 3933 722 4004 μὴ
749 3933 967 3999 Κύριος
1005 3929 1249 3984 Σαϐαὼο
1323 3927 1720 3998 ἐγκατέλιπεν
1755 3927 1903 3998 ἡμῖν
1973 3928 2234 3996 σπέρμα,
2307 3926 2390 3991 ὡς
2445 3925 2682 3995 Σόδομα
2735 3923 2814 3978 ἂν
2868 3921 3262 3992 ἐγενήθημεν,
3325 3917 3423 3971 καὶ
3487 3915 3567 3980 ὡς

267 4030 559 4103 Γόμορῤα
587 4027 663 4088 ἂν
691 4026 1095 4096 ὡμοιώθημεν.

357 4133 457 4192 ις’.
499 4123 573 4176 Τὸ
601 4123 712 4192 γὰρ
757 4122 882 4174 ὅσον
925 4122 982 4173 έν
1034 4117 1305 4190 ἱερωσύνῃ
1353 4118 1510 4190 φέρει
1539 4115 1606 4170 τὰ
1648 4117 1879 4189 δεύτερα

270 4223 390 4295 ἢδη
441 4215 778 4288 φιλοψυχοῦν
838 4215 934 4269 καὶ
987 4212 1461 4284 μεταϐαλλόμενον
1505 4212 1728 4282 ὁρᾶται,
1781 4213 1879 4264 καὶ

271 4316 360 4388 τῷ
408 4311 586 4384 καιρῷ
639 4312 735 4365 καὶ
793 4312 906 4374 τοῖς
955 4309 1246 4378 πράγμασι
1299 4304 1873 4376 σνμμορφαζόμενον,

278 4410 381 4465 καὶ
443 4399 1104 4478 μετασχηματιζόμενον,
1165 4394 1278 4452 οἷόν
1337 4415 1473 4469 φασι
1525 4397 1616 4450 τδν
1667 4413 1875 4468 χαμαι-

279 4502 478 4555 λέοντα
531 4497 734 4570 ῥαδίως
783 4492 1315 4567 μεταχρωννύμενον
1347 4493 1443 4545 καὶ
1489 4493 1557 4563 τῇ
1599 4489 1750 4561 ὁρμῇ
1778 4487 1875 4542 τοῦ

281 4592 590 4664 κινήματος
653 4589 955 4660 σύνδρομον
1017 4587 1211 4657 ἔχοντα
1267 4584 1368 4655 τὴν
1441 4583 1725 4655 ταχύτητα
1777 4584 1877 4652 τῆς

2061 4117 2147 4172 l6.
2188 4115 2324 4170 Pars
2358 4125 2539 4170 autem
2569 4113 2659 4169 illa
2703 4111 2832 4168 cleri
2868 4111 3076 4164 minore
3113 4107 3164 4161 in
3212 4105 3382 4177 gradu
3434 4118 3572 4158 con-

1985 4215 2198 4274 stituta,
2224 4211 2345 4264 vitae
2378 4223 2490 4262 sua:
2513 4206 2904 4263 conservanda:
2929 4204 3109 4259 studio
3142 4199 3406 4254 vacillans
3434 4212 3570 4252 con-

1983 4303 2234 4372 spicitur,
2268 4301 2606 4371 lemporique
2662 4307 2719 4350 et
2777 4311 2958 4351 rerum
3009 4292 3192 4348 cursui
3234 4289 3574 4346 obseeundat

1983 4409 2212 4463 seseque
2245 4391 2574 4458 conformat,
2606 4389 2820 4460 qualem
2843 4403 2965 4442 esse
2997 4387 3184 4440 dicunt
3222 4381 3572 4436 ebamaleon-

1987 4499 2092 4543 tem
2123 4487 2256 4558 (37),
2289 4494 2346 4540 ut
2374 4485 2688 4554 appar-emis
2718 4481 2908 4537 forma:
2935 4481 3204 4532 varietate
3237 4476 3340 4530 sibi
3369 4488 3569 4528 occur-

1987 4591 2167 4636 rentes
2192 4579 2364 4634 fallat.
2398 4579 2490 4632 Sic
2518 4576 2606 4632 isti
2640 4575 2997 4629 validioribus
3018 4571 3240 4634 cedunt,
3273 4567 3414 4622 haud
3439 4579 3572 4619 sane

283 4685 524 4756 φύσεως,
563 4685 641 4748 ὡς
667 4683 733 4736 ἂν
765 4681 1026 4735 λανθάνοι
1057 4677 1132 4752 τῷ
1179 4677 1413 4748 ποικίλῳ
1441 4677 1541 4747 τῆς
1590 4677 1717 4738 θέας
1751 4676 1871 4738 τοὺς

1985 4685 2164 4730 mente
2193 4677 2384 4736 libera,
2415 4672 2511 4726 sed
2543 4671 2590 4722 vi
2625 4668 2986 4740 prementium
3031 4663 3247 4720 deducti
3285 4679 3298 4716 :
3337 4673 3570 4730 quorum

279 4779 822 4850 παρατυγχάνοντας
867 4793 880 4806 ·
913 4773 1089 4838 οὕτως
1128 4775 1264 4844 πρὸς
1295 4772 1354 4826 τὸ
1386 4769 1726 4843 ὑπερτεροῦν
1751 4771 1882 4822 ὑπο-

274 4874 613 4936 κύπτοντες,
656 4869 849 4940 ὥσπερ
896 4869 996 4922 οὐκ
1056 4869 1113 4920 ὲν
1165 4865 1456 4936 ἐλευθερίᾳ
1487 4863 1738 4934 γνώμης,
1765 4861 1882 4917 ἀλλ’

273 4971 340 5022 ὲν
385 4965 616 5042 ἐξουσίᾳ
664 4962 774 5016 τῶν
817 4961 1063 5034 ἀγόντων
1109 4959 1400 5029 γενόμενοι
1431 4976 1445 4988 ·
1475 4951 1549 5011 ὧν
1600 4972 1742 5018 τινες
1791 4955 1883 5008 ἐπὶ

273 5062 546 5120 τοσοῦτον
581 5059 894 5131 ὲμπαθείας
929 5059 1021 5112 καὶ
1055 5054 1349 5126 φιλαυτία-ς
1389 5053 1620 5124 ἤλασαν,
1647 5053 1742 5105 καὶ
1770 5047 1883 5104 οἷον

277 5159 350 5211 ἐκ
385 5153 693 5225 νηπιώδους
719 5149 916 5222 φρενὸς
945 5148 1286 5220 ὁρμώμενοι,
1324 5142 1782 5213 κλυδωνιζόμενοί
1822 5159 1881 5192 τε

279 5249 386 5304 καὶ
409 5246 838 5318 περιφερόμενοι
871 5243 1036 5296 παντὶ
1077 5242 1266 5312 ἀνέμῳ
1295 5239 1394 5309 τῆς
1417 5235 1788 5300 διδασκαλίας,
1823 5237 1881 5288 ὲν

282 5342 355 5410 τῇ
411 5338 610 5408 κυϐείᾳ
645 5335 757 5390 τῶν
807 5333 1116 5406 ἀνθρώπων
1162 5335 1229 5402 τῇ
1264 5330 1570 5402 πανουργίᾳ
1616 5329 1751 5400 ’πρὸς
1784 5327 1882 5399 τὴν

289 5430 583 5503 μεθοδείαν
604 5431 705 5502 τῆς
737 5429 970 5496 πλάνης,
1005 5428 1146 5482 καθά
1177 5427 1520 5498 γέγραπτχυ
1546 5423 1620 5488 ὡς
1655 5424 1801 5476 δυοῖν
1826 5423 1886 5474 τὸ

285 5524 502 5591 ἕτερον,
526 5521 705 5592 ψυχὴν
733 5519 1208 5613 ξημιωθέισεσθαι,
1298 5517 1504 5588 θρόνων
1535 5513 1886 5568 ἐκπεσεῖσθαι

366 5685 415 5716 ’⁸
439 5682 540 5740 lsa.
565 5699 600 5750 ι,
634 5682 687 5737 9.
767 5683 811 5714 ¹⁷
839 5681 1037 5752 prs's.
1079 5681 1262 5746 Iv,14.

369 5837 486 5910 ὣϐ)
535 5836 675 5910 lluic
727 5836 972 5910 formula:
1022 5852 1115 5889 seu
1175 5835 1352 5910 edicto
1409 5832 1608 5887 Leonis
1660 5831 1882 5910 Armeni

288 5902 424 5965 enin
460 5902 623 5962 nollet
667 5908 1012 5962 subscribere
1057 5917 1240 5960 noster
1289 5902 1660 5974 Nicepburus,
1711 5905 1884 5957 solum

291 5995 517 6037 vertere
552 5979 728 6044 iussus
758 5979 879 6034 fuit.

1984 4769 2154 4837 aliqui
2181 4768 2349 4821 nimio
2381 4767 2462 4820 sui
2497 4777 2683 4818 amore
2743 4769 2798 4815 et
2853 4758 3082 4814 mollitie
3119 4753 3471 4827 franguntur,
3509 4768 3574 4804 ac

1983 4861 2246 4932 puerilem
2305 4860 2695 4928 prOpemodnm
2773 4860 3006 4906 mentem
3061 4860 3279 4920 gerunt,
3353 4844 3574 4914 agitan-

1966 4968 2197 5022 -turque,
2222 4960 2278 5008 et
2304 4953 2452 5006 (nnni
2489 4959 2652 5004 vento
2681 4945 2946 5001 doctrinae
2979 4945 3081 4998 hac
3113 4941 3236 4995 illac
3288 4937 3565 4998 feruntur,

1982 5049 2037 5102 in
2074 5047 2310 5117 nequitia
2347 5043 2652 5108 Imminum,
2686 5041 2738 5094 in
2768 5039 2971 5093 astutia
3025 5035 3094 5089 ad
3147 5027 3578 5087 circumventio-

1986 5157 2108 5196 nem
2143 5139 2371 5206 erroris,
2428 5135 2588 5192 sicuti
2638 5133 2904 5202 scriptum
2956 5140 3039 5185 est
3065 5129 3132 5192 ",
3173 5128 3246 5179 ita
3282 5132 3339 5176 ut
3409 5120 3574 5174 alter-

1989 5246 2112 5288 utro
2141 5233 2206 5286 iis
2223 5231 2526 5300 proposito,
2551 5239 2744 5295 nempe
2771 5234 2827 5278 ut
2848 5223 2926 5277 vel
2953 5221 3148 5274 anima:
3177 5214 3572 5269 detrimentum

1993 5328 2289 5398 patiantur,
2335 5324 2420 5380 vel
2449 5323 2672 5378 sedibus
2723 5315 3183 5382 excidantgprius
3234 5307 3362 5362 illud
3421 5304 3580 5358 malle

1993 5421 2176 5478 dicere
2203 5419 2411 5483 ausint,
2445 5427 2499 5472 et
2523 5418 2588 5472 de
2613 5423 2836 5470 somnia“
2860 5409 3038 5464 salute
3093 5399 3416 5476 periclitari,
3441 5399 3579 5468 quin

1999 5525 2177 5568 tamen
2208 5526 2372 5582 grave
2428 5507 2636 5578 aliquid
2687 5519 2746 5559 se
2813 5500 3156 5559 committere
3207 5501 3417 5563 putent.
3453 5488 3582 5542 ιιιυε

2069 5827 2179 5897 (57)
2213 5827 2302 5882 Sic
2333 5826 2632 5896 appellatur
2661 5823 2728 5877 ab
2759 5819 3034 5874 historicis
3063 5813 3377 5897 Byzantinis
3409 5809 3580 5888 etiam

1999 5886 2108 5952 Leo
2144 5886 2418 5954 armentis-
2463 5906 2682 5966 propter
2726 5908 2879 5946 suam
2920 5886 3212 5944 versutiam
3245 5896 3291 5938 et
3327 5886 3578 5954 hypocri-

1998 5987 2124 6025 Sllll.
