4004 6420
261 303 372 369 5‘35

1109 299 1678 370 'APOLOGETICUS
1717 308 1866 368 PRO
1905 307 2174 369 SACBIS
2213 306 2694 370 IMAGINIBUS.

3423 309 3530 375 556

335 415 406 470 κ’.
436 414 496 470 Εἰ
528 415 582 470 δέ
605 415 713 488 χρὴ
735 417 832 470 καὶ
864 416 1306 488 διεξοδικώτερον
1337 433 1454 480 πως
1483 417 1616 489 περὶ
1651 414 1842 468 τούτου

2015 415 2106 470 20.
2142 416 2296 482 Quod
2327 415 2370 471 si
2418 417 2584 471 etiam
2613 416 2772 486 paulo
2809 417 3080 486 cepiosins
3131 419 3230 474 hac
3285 436 3450 490 super
3474 435 3532 475 re

263 507 356 562 διὰ
388 509 515 568 τοὺς
549 507 974 577 ἐπιφυομένους.
1032 509 1126 561 καί
1156 524 1315 569 τινας
1367 505 1724 575 καινοτομίας
1755 504 1849 558 νῦν

263 597 411 651 κατὰ
443 598 545 666 τῆς
603 600 878 669 σωτηρίου
931 599 1029 652 τοῦ
1075 599 1213 652 Θεοῦ
1260 600 1434 667 Λόγου
1498 598 1852 662 ἐπινοοῦντας

263 688 716 760 ἐνσωματώσεως
758 690 1056 754 διαλαϐεῖν,
1114 691 1213 744 καὶ
1251 687 1408 754 αὖθις
1457 691 1692 761 ἐροῦμεν
1721 708 1733 722 ·
1767 691 1852 744 ὅτι

263 783 430 850 φύσει
490 783 755 852 ὑπάρχων
794 783 926 845 Θεὸς
975 787 1003 836 6
1052 786 1351 854 μονογενὴς
1401 785 1496 837 τοῦ
1550 785 1686 838 Θεοῦ
1758 785 1853 836 καὶ

265 874 484 944 Πατρδς
529 874 654 936 Υίος
713 877 808 928 καὶ
864 876 1057 943 Λόγος,
1105 878 1132 928 6
1189 878 1296 948 προ
1331 876 1545 930 αἰώνων
1586 875 1646 942 ἐξ
1685 875 1850 928 αὐτοῦ

267 969 568 1038 ἀφράστως
601 967 698 1020 καὶ
725 967 970 1037 ἀχρὸνως
997 969 1303 1040 γεννηθεὶς,
1332 971 1434 1022 οὐκ
1474 968 1766 1022 ἀποϐαλὼν
1793 967 1854 1020 τὸ

264 1058 410 1116 εἶναι
437 1061 465 1115 ὃ
491 1057 562 1133 ἦν
580 1101 595 1126 ,
634 1060 798 1130 φύσει
833 1061 988 1126 Θεὸς,
1025 1063 1083 1113 ἐν
1104 1061 1358 1132 ἐσχάτοις
1388 1061 1481 1116 τοῦ
1506 1063 1701 1126 αἰῶνος
1731 1079 1852 1117 και-

267 1156 386 1222 ροῖς
430 1153 596 1221 φύσιν
653 1151 1006 1224 ἀνθρωπίνην
1041 1153 1296 1216 ἀνέλαϐε,
1348 1154 1444 1206 καὶ
1508 1155 1711 1225 σαρκὸς
1755 1155 1852 1208 καὶ

263 1247 500 1317 αἵματος
535 1246 932 1317 παραπλησίως
958 1249 1090 1318 ἡμῖν
1113 1248 1538 1318 κεκοινώνηκεν.
1573 1248 1638 1301 '0
1663 1251 1855 1319 Λόγος

263 1341 378 1410 γὰρ
412 1339 571 1406 σὰρξ
595 1337 836 1408 ἐγένετο
880 1341 977 1393 καὶ
1020 1339 1380 1406 ἐσκήνωσεν
1423 1341 1494 1394 ἐν
1544 1341 1710 1410 ἡμῖν,
1756 1343 1854 1413 οὺχ

263 1430 458 1494 ἁπλῶς
480 1433 659 1497 σάρκα
693 1430 1022 1500 ἀνειληφὼς,
1061 1432 1196 1484 ἀλλὰ
1241 1432 1388 1502 ψυχῇ
1423 1433 1615 1504 λογικῇ
1647 1451 1705 1486 τε
1759 1435 1855 1488 καὶ

264 1525 434 1594 νοερᾷ
463 1522 828 1594 ἐψυχωμένην
855 1541 870 1556 ο
905 1526 934 1577 6
969 1525 1135 1587 αὐτὸς
1165 1519 1246 1586 εἷς
1275 1525 1402 1587 Υἱὸς
1431 1527 1524 1578 καὶ
1568 1527 1712 1596 μετὰ
1757 1526 1855 1596 τὴν

264 1616 550 1686 σάρκωσιν
575 1616 842 1686 ὑπάρχων
894 1617 1181 1684 ὁμοούσιος
1208 1617 1306 1686 μὲν
1327 1618 1403 1688 τῷ
1427 1617 1544 1688 Θεῷ
1561 1619 1655 1670 καὶ
1683 1619 1856 1689 Πατρὶ

262 1709 414 1762 κατὰ
437 1708 535 1778 τὴν
566 1707 817 1780 θεότητα,
853 1708 1140 1778 ὁ;ιοούσιος
1176 1710 1231 1762 δὲ
1271 1713 1366 1763 καὶ
1397 1713 1533 1782 ἡμῖν
1578 1711 1722 1764 κατὰ
1756 1711 1854 1784 τὴν

1955 509 2324 562 disserendum
2366 517 2470 574 est,
2511 517 2730 579 propter
2774 509 3119 566 suborientes
3158 511 3527 573 adversarios.

1953 601 2044 670 qui
2076 600 2344 655 novitates
2373 601 2636 669 quasdam
2667 609 2856 656 contra
2905 601 3204 658 salutarem
3240 603 3332 659 Dei
3366 604 3532 660 Verbi

1955 690 2385 745 incarnationem
2441 692 2775 762 excogitant,
2843 693 2924 747 sic
2984 694 3164 750 denuo
3219 713 3531 752 sermonem

1956 783 2302 838 instituemus
2329 802 2341 838 :
2368 785 2512 839 Deus
2535 794 2724 852 suapte
2743 794 2929 839 natura
2966 803 3088 841 cum
3114 798 3260 844 esset
3280 792 3532 860 unigeni-

1957 885 2042 930 tus
2093 876 2186 929 Dei
2221 875 2400 931 Patris
2451 876 2620 932 Filius
2649 887 2704 930 et
2741 877 3000 939 Verbum,
3061 880 3150 934 ille
3183 894 3308 935 ante
3337 885 3531 939 summa

1955 983 2020 1022 ex
2059 970 2175 1038 ipso
2215 967 2568 1025 inell‘abiliter
2622 981 2678 1026 et
2731 971 3166 1041 intemporaliter
3200 985 3381 1042 natus,
3421 994 3526 1032 non
3577 1003 3586 1015 ι

1957 1061 2163 1130 abjccta
2197 1075 2357 1124 quam
2389 1059 2719 1114 naturaliter
2741 1062 2980 1116 habebat
3005 1064 3310 1132 divinitate,
3343 1080 3531 1122 extre-

1958 1154 2060 1207 mis
2090 1153 2274 1207 sacculi
2309 1153 2668 1222 temporibus,
2699 1163 2954 1208 naturam
2989 1155 3286 1212 humanam
3319 1175 3528 1214 susce-

1955 1245 2055 1315 pit,
2092 1255 2146 1298 et
2174 1260 2392 1300 carnem
2428 1259 2489 1298 ac
2516 1245 2833 1314 sanguinem
2874 1261 3028 1314 atque
3057 1262 3121 1303 ac
3153 1264 3254 1306 nos
3309 1252 3534 1322 partiri-

1955 1335 2122 1403 pavit.
2157 1332 2290 1387 Nam
2341 1332 2570 1388 Verbum
2610 1350 2736 1388 caro
2775 1335 2983 1403 factum
3021 1348 3122 1405 est,
3177 1350 3228 1395 et
3266 1343 3528 1400 habitarit

1957 1427 2008 1478 in
2034 1427 2202 1488 nobis,
2230 1440 2334 1479 non
2365 1441 2582 1478 carnem
2603 1428 2982 1481 tantummodo
3003 1443 3312 1498 assumens,
3339 1449 3528 1488 verum

1955 1519 2117 1575 etiam
2149 1519 2332 1572 anima
2385 1519 2636 1573 rationali
2690 1519 3158 1592 intellectualiqne
3205 1525 3533 1585 animatam.

1957 1611 2100 1666 Idem
2134 1613 2328 1666 unicus
2363 1611 2530 1666 Filius
2564 1621 2685 1680 post
2724 1613 3160 1670 incarnationem
3191 1620 3359 1674 etiam
3389 1625 3532 1679 exsi-

1957 1716 2127 1769 stens,
2171 1705 2654 1760 consubstantialis
2675 1705 2894 1774 quidem
2923 1707 3031 1762 Deo
3059 1708 3205 1766 l’atri
3231 1719 3531 1772 secundum

261 1799 688 1871 ἁνθρωπότητα,
715 1799 1004 1869 φυλάσσων
1038 1803 1135 1855 καὶ
1187 1802 1471 1867 διασώζοιν
1523 1803 1580 1856 ἐν
1611 1803 1852 1874 ἑκατέρᾳ

1964 1799 2236 1860 deitatem,
2274 1799 2368 1852 sed
2404 1799 2558 1852 nobis
2588 1813 2803 1868 quoque
2819 1800 3304 1861 consubstmntialis
3340 1823 3536 1864 secun-

261 1891 378 1943 τῶν
404 1891 833 1961 συνδραμουσῶν
863 1893 920 1944 ἐν
953 1895 1020 1962 τῇ
1053 1893 1188 1964 αὐτῇ
1245 1895 1340 1946 καὶ
1401 1895 1501 1966 μιᾷ
1550 1894 1852 1974 ὑποστάσει

266 1981 509 2050 φύσεων,
542 1981 645 2034 κάν
671 1983 740 2052 τῇ
769 1979 986 2045 ὲνώσει,
1023 1983 1492 2054 ἀπαρατρέπτους
1517 1985 1611 2037 καὶ
1653 1985 1854 2054 ἀμετα.

265 2070 506 2140 ϐλήτους
536 2069 632 2124 καὶ
659 2069 1002 2140 ἀσυγχύτους
1048 2072 1148 2134 τὰς
1183 2071 1410 2136 ἐνούσας
1461 2075 1656 2137 αὑταῖς
1695 2091 1856 2142 φυσι-

272 2161 382 2224 κὰς
412 2163 468 2214 ἐν
503 2161 754 2231 ποιότησι
807 2162 1094 2233 διαφοράς.
1137 2163 1308 2216 Τοῦτο
1346 2164 1449 2235 γὰρ
1479 2166 1512 2234 ἡ
1555 2166 1715 2236 καινὴ
1762 2165 1856 2220 καὶ

275 2253 582 2324 παράδοξος
618 2253 768 2324 μίξις
799 2255 898 2322 τῆς
933 2254 1269 2326 κενωθείσης
1300 2257 1574 2326 Οεὸτητος,
1613 2257 1706 2310 καὶ
1759 2259 1856 2328 τῆς

275 2345 726 2416 προσληφθείσης
760 2345 1221 2417 ἁνθρωπὸτητος,
1255 2346 1315 2411 ἐξ
1365 2341 1439 2402 ὧν
1478 2349 1510 2418 ἡ
1556 2348 1680 2401 καθ’
1723 2350 1857 2403 61:6-

273 2455 465 2492 στασιν
492 2437 691 2500 ἐνωσις
717 2439 852 2508 ἡμῖν
882 2439 1314 2508 ἀποτελεσθεῖσα
1351 2441 1686 2510 γνωρίζεται
1723 2457 1736 2470 ο
1768 2441 1855 2495 τί-

269 2545 469 2584 κτεται
497 2528 608 2600 γὰρ
629 2529 763 2592 Θεὸς
802 2529 943 2600 μετὰ
976 2529 1073 2582 τοῦ
1111 2530 1564 2602 προσλήμματος.
1589 2532 1649 2586 τὸ
1679 2551 1858 2606 παρα-

267 2620 559 2685 δοξότατον
590 2639 604 2654 ·
655 2621 776 2683 ὅλος
795 2623 907 2692 γὰρ
936 2620 1011 2675 ὢν
1042 2623 1176 2686 Θεὸς
1213 2624 1242 2676 6
1267 2625 1465 2693 Λόγος,
1503 2624 1610 2696 ὅλῳ
1641 2625 1852 2699 ἀνθρώ⁶

269 2727 364 2783 πῳ
379 2713 610 2783 ἥνωται,
639 2713 718 2776 εις
754 2713 884 2784 μίαν
925 2713 1181 2768 σύνθετον
1232 2715 1372 2769 κατὰ
1435 2717 1631 2771 ταυτὸν
1668 2719 1856 2773 συνελ-

272 2805 386 2858 Θὼν
415 2805 718 2860 ὑπόστασιν
742 2821 758 2836 ο
809 2805 900 2858 διὰ
952 2805 1111 2858 τοῦτο
1157 2809 1253 2860 καὶ
1283 2809 1316 2878 ἡ
1345 2809 1601 2872 τεκοῦσα,
1651 2811 1859 2881 κυρίως

272 2897 374 2950 καὶ
424 2897 644 2966 ἀληθῶς
686 2896 949 2960 Θεοτόκος
986 2897 1123 2966 πρὸς
1173 2899 1332 2969 ἡμῶν
1385 2900 1782 2970 ὁμολογεῖται·
1831 2905 1861 2956 6

268 2981 387 3061 γὰρ
411 2989 646 3060 ἀμήτωρ
667 2991 733 3042 ἐκ
761 2989 976 3058 Πατρός
1004 2991 1258 3061 ἁνὰρχως
1312 2992 1599 3067 γεννηθεὶς
1630 2995 1690 3048 τι
1726 2997 1859 3067 πρό·

267 3096 456 3150 τερον,
485 3079 716 3150 ἀπάτωρ
742 3078 800 3142 ἐξ
834 3080 1006 3148 αὐτῆς
1057 3081 1300 3152 προῆλθε
1345 3083 1406 3136 τὸ
1463 3084 1720 3156 δεύτερον
1746 3105 1760 3116 ·
1796 3087 1855 3139 οῦ

269 3174 378 3240 τῆς
417 3168 674 3240 Θεὸτητος
731 3169 898 3223 αὑτοῦ
948 3169 1204 3224 ἐντεῦθεν
1261 3175 1342 3237 εἰς
1393 3175 1454 3228 τὸ
1490 3174 1628 3228 εἶναι
1683 3176 1858 3247 ἀρχὴν
1887 3144 1928 3202 c

265 3261 574 3333 λαϐούσης.
615 3262 752 3315 ἀλλὰ
787 3261 981 3332 μείνας
1014 3263 1152 3334 ὅπερ
1184 3259 1274 3334 ἦν,
1325 3265 1354 3318 ὃ
1383 3267 1480 3320 οὐκ
1519 3264 1589 3340 ἦν
1637 3287 1862 3338 προσει-

266 3351 464 3424 ληφὼς
499 3351 856 3425 ᾠκειώσατο·
901 3355 996 3408 καὶ
1054 3356 1249 3424 γέγονε
1287 3359 1518 3429 μεσίτης
1575 3361 1712 3414 Θεοῦ
1766 3364 1860 3416 καὶ

265 3443 607 3514 ἀνθρώπων,
647 3433 886 3516 ἑκατέρα
931 3447 1348 3518 κεκοινωνηκὼς
1393 3451 1504 3504 τῶν
1549 3453 1861 3524 ἐτεροφυῶν

264 3537 502 3598 οὐσιῶν,
561 3538 819 3608 Θεότητός
847 3556 930 3600 τε,
964 3541 1132 3608 φημὶ,
1161 3543 1255 3594 καὶ
1298 3543 1744 3616 ἀνορωπὸτητος,
1783 3549 1862 3618 τῷ

269 3629 554 3699 μοναδικῷ
586 3629 682 3683 τοῦ
710 3631 1006 3702 προσώπου
1043 3633 1453 3706 συναπτόμενος
1481 3653 1494 3666 ·
1530 3641 1625 3692 καί
1659 3642 1768 3713 γὰρ
1805 3645 1860 3697 αἱ

265 3725 360 3784 εἰς
392 3720 450 3774 ἓν
486 3722 893 3793 συνδραμοῦσαι
950 3725 1142 3792 φύσεις
1179 3727 1274 3779 τον
1330 3727 1428 3784 ἕνα
1483 3732 1721 3802 Χριστὸν
1771 3737 1862 3788 καὶ

264 3815 414 3868 Υἱὸν
461 3816 554 3868 καὶ
589 3815 798 3886 Κύριον
853 3817 1212 3874 ἀπετέλεσαν.
1269 3816 1365 3885 Εἷς
1405 3823 1515 3896 γὰρ
1558 3825 1618 3890 ἐξ
1657 3828 1862 3896 ἀμφοῖν

265 3905 560 3978 προελθὼν
598 3910 799 3962 νοεῖται
823 3911 1086 3980 Χριστὸς,
1121 3915 1261 3968 κατά
1282 3931 1340 3968 τε
1367 3914 1428 3968 τὸ
1447 3916 1742 3986 νοούμενον
1767 3921 1860 3974 καὶ

263 4002 340 4054 τὸ
374 3999 701 4069 φαινόμενον
729 4017 743 4032 ⁸
778 4003 988 4068 τέλειος
1016 4004 1207 4078 ὥσπερ
1233 4011 1327 4061 καὶ
1368 4009 1732 4076 ἀναλλοίωτος
1760 4031 1861 4084 μεο

265 4089 537 4160 μενηκὼς
581 4089 820 4164 θεότητι,
853 4094 999 4148 οὕτω
1054 4098 1151 4150 καὶ
1187 4099 1394 4164 τέλειος
1452 4103 1546 4156 καὶ
1588 4105 1862 4175 ἄτρεπτος

266 4183 630 4258 χρηματίσας
663 4187 806 4238 κατὰ
829 4187 931 4258 τὴν
953 4187 1358 4263 ἀνθρωπότητα
1391 4207 1404 4220 .
1439 4195 1658 4268 ἀπαθὴς
1691 4197 1792 4266 μὲν
1836 4200 1865 4251 ὁ

267 4279 445 4342 αὐτὸς
473 4279 617 4334 κατὰ
637 4279 736 4352 τὴν
765 4281 1018 4353 θεύτητα,
1054 4285 1138 4339 ὅτι
1163 4287 1259 4339 καὶ
1281 4287 1599 4358 ἀσώματος,
1647 4291 1772 4345 καθ’
1798 4293 1864 4362 ἢν

267 4371 575 4444 ὑπερφυῶς
607 4373 996 4446 ἐτερατούργει
1041 4377 1109 4432 τὰ
1137 4378 1416 4464 θαύματα,
1467 4381 1746 4453 ἄφθαρτός
1799 4401 1859 4438 τε

1953 1891 2080 1946 dum
2105 1891 2494 1946 humanitatem
2519 1907 2534 1957 ;
2562 1890 2801 1945 retinens
2828 1905 3272 1965 conservansque
3291 1898 3344 1952 in
3373 1911 3529 1955 utra-

1953 1998 2060 2054 que
2088 1983 2532 2037 concurrentium
2567 1983 2632 2034 ad
2665 1979 2909 2034 eamdem
2944 1997 3216 2053 unamque
3240 2003 3532 2057 personam

1957 2083 2313 2137 naturarum,
2363 2081 2486 2142 post
2530 2071 2728 2124 factam
2778 2069 2943 2125 etiam
3003 2074 3291 2145 unionem,
3344 2083 3536 2138 incon-

1957 2165 2229 2222 vertibiles
2287 2177 2344 2222 et
2388 2167 2748 2226 inmutabiles
2809 2191 2972 2254 atque
3018 2183 3354 2247 inconfusas.
3415 2209 3537 2260 quae

1957 2258 2174 2328 utrique
2223 2259 2490 2317 inhaerent
2548 2269 2823 2324 naturales
2900 2274 3220 2343 qualitatum
3284 2258 3542 2338 (liﬂ'ereth

1960 2348 2083 2405 tias.
2150 2348 2206 2404 lu
2262 2351 2366 2407 hoc
2396 2355 2538 2409 enim
2596 2371 2848 2418 versatur
2898 2381 3035 2420 nova
3097 2379 3152 2423 et
3215 2375 3536 2432 admiranda

1960 2440 2142 2497 mistio
2177 2443 2468 2501 exinanitae
2505 2448 2748 2506 .deitatis
2793 2462 2846 2507 et
2886 2467 3180 2527 assumpta:
3215 2462 3534 2522 humanita-

1961 2533 2066 2599 tis;
2117 2537 2260 2592 unde
2289 2552 2352 2592 ea
2385 2553 2504 2609 quae
2537 2555 2754 2610 peracta
2808 2557 2890 2601 est
2929 2549 2981 2602 in
3015 2567 3246 2620 persona
3296 2559 3474 2614 unitas
3508 2577 3538 2615 a

1961 2629 2118 2684 nobis
2154 2634 2522 2700 cognoscitur.
2562 2635 2782 2692 Paritnr
2825 2641 2969 2696 enim
3006 2645 3278 2715 (mirabile
3315 2653 3460 2708 dictu
3489 2655 3533 2721 l)

1961 2727 2083 2787 post
2111 2727 2443 2790 as‘sumptam
2490 2726 2884 2784 humanitatem
2922 2731 3085 2788 Deus.
3143 2736 3359 2807 Integer
3391 2745 3538 2798 enim

1961 2807 2103 2865 Deus
2143 2812 2353 2882 integro
2381 2815 2582 2870 homini
2617 2821 2926 2888 cepulatur,
2966 2825 3018 2880 in
3053 2844 3214 2883 unam
3255 2838 3537 2904 composi-

1962 2911 2071 2956 tam
2097 2909 2429 2963 convcniens
2472 2926 2760 2979 personam
2809 2924 2972 2986 atque
3007 2921 3312 2990 subjectum
3364 2945 3378 2981 :
3431 2943 3541 2998 quo

1963 2992 2020 3047 ﬁt
2048 3004 2102 3048 ut
2135 3012 2253 3049 eam
2289 3013 2406 3067 qua:
2442 3002 2656 3068 peperit
2686 3007 2904 3072 proprie
2938 3023 3174 3078 vereque
3207 3029 3307 3068 nos
3345 2992 3540 3088 Deipa-

1965 3103 2076 3140 ram
2109 3089 2482 3146 confiteantur.
2507 3091 2642 3148 Nam
2680 3097 2770 3163 qui
2806 3099 2924 3154 sine
2953 3113 3128 3159 matre
3158 3117 3212 3160 et
3231 3108 3351 3164 sine
3385 3111 3542 3167 initio

1963 3181 2174 3248 genitus
2216 3193 2374 3238 antea
2405 3184 2604 3250 fuerat,
2638 3195 2931 3246 secundam
2967 3209 3031 3249 ex
3097 3199 3183 3252 illa
3227 3202 3346 3256 sine
3383 3213 3541 3274 patre

1965 3274 2300 3329 nativitatem
2359 3279 2584 3334 sortitus
2651 3292 2776 3349 est;
2842 3300 2946 3339 non
2993 3292 3133 3356 quod
3189 3295 3364 3350 licitas
3423 3299 3545 3367 ejus

1965 3364 2090 3420 hinc
2127 3367 2337 3422 initium
2376 3371 2671 3426 exsistemli
2726 3382 3044 3446 Slll'l'lllsel'll,
3104 3388 3198 3439 sed
3239 3364 3543 3448 manensiu

1963 3474 2028 3512 eo
2058 3462 2198 3528 (μιοή
2231 3471 2370 3525 erat,
2408 3466 2548 3532 quod
2603 3483 2708 3520 non
2743 3479 2860 3524 erat
2891 3487 3199 3543 assumens,
3259 3484 3539 3552 proprium

1964 3551 2066 3607 sibi
2102 3553 2248 3619 fecit,
2280 3555 2561 3626 factusque
2605 3572 2690 3617 est
2727 3567 2993 3643 mediator
3021 3569 3112 3624 Dei
3140 3581 3196 3626 et
3231 3551 3540 3643 hominum,

1965 3655 2252 3716 utramque
2281 3650 2616 3720 participans
2643 3653 2912 3708 diversam
2937 3641 3217 3726 naturam,
3255 3665 3541 3734 deitatem,

1967 3735 2209 3806 inquam,
2257 3749 2312 3795 et
2375 3741 2790 3812 humanitatem,
2826 3762 2964 3818 quas
3022 3753 3229 3810 unitate
3289 3772 3540 3826 persona:

1965 3829 2287 3898 copulavit:
2321 3849 2444 3886 nam
2507 3835 2624 3890 dna:
2672 3839 2832 3892 simul
2890 3855 3284 3903 concurrentes
3336 3860 3547 3909 natura)

1964 3935 2129 3975 unum
2166 3921 2464 3979 effecerunt
2489 3925 2770 3983 Christum
2805 3942 2857 3986 et
2880 3931 3076 3990 Filium
3113 3952 3178 3993 ac
3203 3938 3487 3998 Dominum
3529 3962 3545 4000 :

1967 4027 2108 4067 unus
2161 4014 2360 4084 quippe
2414 4031 2479 4072 ex
2558 4019 2769 4077 duobus
2843 4028 3140 4094 procedere
3223 4032 3550 4104 intelligitur

1964 4103 2233 4174 Christus,
2269 4119 2432 4178 prout
2471 4121 2652 4168 mente
2683 4118 2994 4187 concipitur
3026 4131 3082 4176 et
3111 4124 3228 4178 visu
3253 4103 3500 4182 cernitur
3527 4146 3543 4183 :

1967 4209 2130 4267 atque
2165 4209 2222 4254 ut
2275 4201 2550 4271 perfectus
2593 4213 2648 4260 et
2704 4207 3064 4266 immutabilis
3110 4230 3442 4282 permanens
3489 4220 3543 4274 in

1967 4290 2187 4356 deitate,
2229 4293 2298 4347 ita
2333 4294 2612 4364 perfectus
2634 4307 2688 4352 et
2718 4299 3151 4360 inconvertibilis
3184 4309 3458 4364 exsistens
3497 4312 3550 4365 in

1970 4381 2308 4436 humanitate
2361 4401 2377 4438 :
2435 4383 2787 4456 impassihilis
2859 4391 3000 4446 idem
3062 4395 3302 4463 deitate,
3362 4410 3553 4469 utpote

271 4463 565 4528 ὡσαύτως,
595 4465 1016 4535 ἁπερίγραπτὸς
1050 4485 1110 4523 τε
1145 4472 1238 4525 καὶ
1271 4463 1542 4536 ἀθάνατος
1567 4491 1583 4506 ο
1617 4475 1865 4548 παθητὸς

1973 4472 2138 4526 etiam
2175 4474 2552 4546 incorporeus,
2581 4480 2737 4549 cujus
2770 4483 2821 4536 vi
2847 4488 3255 4552 supernaturali
3285 4491 3548 4547 miracula

274 4557 342 4609 δὲ
375 4557 519 4610 κατὰ
549 4557 650 4630 τὴν
680 4559 1104 4638 ἀνεξρωπότητα·
1140 4565 1541 4636 σεσωμάτωται
1573 4567 1706 4640 γὰρ,
1735 4568 1866 4622 καθ’

274 4650 354 4722 ἢν
382 4649 630 4720 φυσικῶς
660 4649 729 4704 τὰ
759 4653 908 4724 πάοη
938 4653 1156 4726 διέφερε
1185 4672 1199 4686 ·
1245 4657 1345 4712 καὶ
1393 4658 1589 4730 θνητὸς
1619 4662 1648 4714 6
1679 4662 1865 4728 αὐτὸς,

272 4743 532 4813 γραπτὸς
577 4761 635 4797 τε
671 4744 766 4799 καὶ
811 4750 1213 4818 περίγραπτος,
1250 4751 1379 4804 καθ’
1416 4750 1446 4807 ὃ
1503 4755 1750 4824 πέφηνεν
1807 4760 1870 4810 ἐκ

271 4834 606 4906 σπέρματος
635 4837 802 4891 Δαεὶδ
849 4839 1136 4909 ἄνθρωπος
1166 4859 1180 4872 ·
1233 4843 1533 4899 οἰκειοῦται
1581 4845 1642 4900 δὲ
1677 4845 1748 4899 τὰ
1771 4847 1868 4902 τοῦ

273 4926 420 4981 ἰδίου
459 4927 588 4981 ναοῦ
625 4928 770 5000 παθη
812 4930 840 4982 6
869 4930 1070 4999 Λόγος,
1123 4937 1359 5005 σταυρόν
1391 4953 1452 4990 τε
1504 4937 1600 4990 καὶ
1631 4937 1868 4993 θάνατον

269 5019 385 5074 καί
422 5019 592 5076 τᾶλλα
637 5022 737 5076 ὅσα
791 5025 1154 5094 οἰκονομικῶς
1195 5026 1263 5079 δι’
1299 5029 1450 5100 ἡμᾶς
1503 5029 1702 5084 παοεῖν
1737 5049 1872 5085 κατ-

271 5113 488 5182 eam;
517 5131 530 5146 ·
561 5114 638 5185 τῷ
683 5116 790 5187 γὰρ
821 5117 1018 5188 αἵματι
1061 5119 1231 5172 αὐτοῦ
1276 5121 1355 5190 τῷ
1399 5123 1566 5194 τιμίῳ
1605 5125 1874 5195 ἐξηγορά-

282 5205 502 5276 σοημεν
535 5207 584 5260 οί
619 5209 969 5280 πεπραμένοι
991 5215 1056 5283 τῇ
1101 5213 1367 5285 ἁμαρτίᾳ,
1399 5215 1468 5268 δι’
1517 5209 1580 5268 οῦ
1607 5217 1668 5270 τὸ
1702 5217 1866 5287 μεσό-

278 5311 464 5364 τοιχον
494 5293 590 5349 τοῦ
617 5299 876 5368 φραγμοῦ
909 5299 1070 5355 ἔλυσε
1103 5303 1202 5374 τὴν
1259 5304 1463 5374 ἔχθραν
1495 5308 1553 5359 ἐν
1603 5311 1667 5378 τῇ
1705 5307 1872 5377 σαρκὶ

277 5384 475 5450 αὑτοῦ,
506 5387 964 5455 ἀποκαταλλάξας
991 5393 1060 5446 τὰ
1099 5394 1401 5465 ἐπουράνια
1427 5399 1540 5460 τοῖς
1562 5398 1834 5466 ἐπιγείοις
1853 5437 1868 5464 ,

278 5475 382 5529 καὶ
409 5477 539 5545 μίαν
575 5480 879 5548 ἐκκλησίαν
911 5483 1007 5537 καὶ
1030 5486 1340 5556 πανήγυριν
1376 5488 1624 5556 ἀγγέλων
1649 5490 1744 5542 καὶ
1777 5494 1873 5545 ἁν-

276 5564 524 5630 Θρώπων
554 5571 612 5620 ἐν
641 5569 859 5640 οὐρανῷ
913 5573 1009 5626 καὶ
1071 5575 1166 5628 ἐπὶ
1199 5576 1302 5645 γῆς
1355 5579 1870 5649 καταστησάμενος.

275 5654 382 5720 Εἷς
408 5661 702 5728 τοιγαροῦν
739 5665 858 5718 ἐστι
880 5666 940 5719 τὸ
972 5669 1406 5742 συναμφότερον·
1437 5671 1616 5725 καίτοι
1645 5673 1870 5745 πάσχων

276 5747 447 5805 sti-33.1
481 5751 560 5811 είς
600 5751 738 5804 ίὸίαν
792 5755 974 5820 φύσιν,
1006 5757 1171 5822 αὐτὸς
1210 5759 1426 5827 λέγεται
1471 5760 1666 5815 παθεῖν
1727 5763 1869 5835 ὑπὲρ

492 5848 768 5909 Ριιτιιοι.
803 5852 918 5909 (in.
959 5853 1022 5915 C.

1970 4563 2254 4630 patrabat;
2309 4567 2582 4640 simulque
2611 4571 3092 4644 ,iucorrnptibilis,
3127 4578 3538 4638 incircumscri-

1972 4664 2094 4724 ptus
2119 4664 2174 4712 et
2211 4659 2584 4729 immortalis;
2636 4665 2915 4734 passibilis
2955 4681 3138 4726 autem
3181 4672 3550 4741 humanitate,

1974 4759 2158 4819 utpote
2234 4766 2552 4822 corporeus,
2629 4760 2928 4814 secundum
2991 4777 3155 4832 quam
3225 4768 3558 4826 naturaliter

1973 4841 2251 4896 cruciatus
2299 4843 2520 4913 pertulit
2570 4863 2584 4900 :
2645 4846 2786 4903 idem
2833 4852 3104 4916 mortalis,
3169 4847 3435 4926 li'guratus
3498 4871 3556 4915 et

1974 4931 2446 5003 circumscriptus,
2497 4946 2774 5005 quatenus
2825 4957 3162 5014 apparuerat
3221 4951 3288 5007 de
3334 4952 3556 5008 Davidis

1981 5023 2160 5091 stirpe
2211 5024 2394 5080 homo.
2446 5027 2701 5099 Proprias
2752 5048 2881 5089 vero
2939 5037 3042 5092 sibi
3078 5038 3210 5095 facit
3254 5045 3438 5112 templi
3472 5049 3555 5098 sui

1977 5120 2262 5182 passiones
2292 5116 2551 5182 Verbum,
2583 5137 2916 5194 crucemque
2951 5137 3001 5183 et
3038 5143 3290 5199 mortem,
3337 5145 3392 5189 et
3451 5136 3556 5189 alia

1977 5207 2284 5275 huiusmodi
2315 5225 2675 5281 qureprOptcr
2708 5232 2806 5270 nos
2829 5219 3197 5290 dispensative
3224 5226 3332 5294 pati
3359 5225 3558 5296 digna-

1977 5309 2088 5353 tnm
2125 5311 2231 5354 est.
2268 5301 2402 5356 Nam
2432 5296 2698 5376 sanguine
2728 5309 2844 5377 ejus
2877 5314 3118 5380 pretioso
3139 5316 3308 5386 empti
3341 5332 3553 5386 sumus,

1977 5393 2064 5459 qui
2123 5405 2346 5463 peccato
2397 5411 2618 5452 eramus
2673 5401 2966 5470 (livcnditi,
3019 5407 3088 5460 ab
3139 5423 3314 5478 eoque
3381 5412 3558 5466 media

1980 5485 2242 5550 maceria,
2275 5485 2560 5541 inimicitia
2599 5491 2831 5555 scilicet,
2877 5495 2929 5550 in
2983 5513 3150 5554 carne
3187 5502 3409 5570 propria
3439 5503 3555 5559 dis-

1977 5575 2153 5628 soluta
2186 5574 2306 5638 fuit,
2339 5578 2462 5640 quia
2504 5583 2873 5638 reconciliavit
2905 5588 3146 5643 ccelcstia
3185 5593 3561 5659 terrestribus,

1978 5681 2250 5735 unamque
2275 5667 2578 5724 Ecclesium
2615 5688 2676 5726 ac
2705 5685 2909 5731 castum
2947 5680 3264 5748 angelorum
3299 5693 3354 5738 et
3389 5685 3566 5739 homi-

1981 5774 2106 5814 num
2162 5760 2214 5814 in
2266 5760 2406 5815 caelo
2457 5770 2714 5834 terraque
2763 5772 3069 5828 constituit.
3105 5772 3259 5830 Unus
3307 5791 3440 5850 ergo
3485 5786 3570 5839 cst

3216 5871 3290 5936 19
