4004 6464
422 362 528 428 509

1273 375 1847 442 APOLOGETICUS
1886 380 2037 441 PRO
2075 381 2344 444 SACBIS
2387 385 2868 450 IMAGINIBUS.

3590 394 3701 463 610

422 485 567 555 θεμα
613 486 841 554 Ἰησοῦν.
875 479 1032 544 Οὗτοι
1049 490 1103 545 δέ
1132 492 1183 545 οἱ
1213 492 1574 564 ἁνιερώτατοι
1593 497 1689 550 καὶ
1717 497 2015 552 ἀπιστότα-

2128 501 2267 555 mine
2302 499 2456 570 [uere
2509 502 2798 572 baptizati,
2833 507 2977 573 quod
3011 507 3157 577 ipsos
3193 525 3297 564 non
3331 511 3572 566 arbitror
3603 530 3705 568 ne-

422 591 526 636 τοι,
567 577 615 628 εί
649 577 724 646 μὴ
759 578 840 641 είς
868 579 938 632 τὸ.
957 579 1126 650 ὄνομα
1158 583 1598 646 Κωνσταντίνου,
1642 585 1759 639 ἀλλ’
1798 587 1879 649 είς
1905 588 2006 658 τὴν

423 665 633 735 Τριάδα
661 666 1075 742 ἐϐαπτίσθησαν
1109 667 1295 741 (οἶμαι
1327 674 1382 726 δὲ
1414 675 1488 734 ὡς
1538 676 1640 729 οὐκ
1675 677 1740 730 ἂν
1793 677 2008 750 ἀποφή-

425 775 604 810 σειαν·
650 759 682 830 ἢ
721 762 828 828 γὰρ
871 761 936 815 ἂν
957 763 1108 816 οὐδὲν
1141 765 1370 828 ἐδέησαν
1400 769 1532 838 ἡμῖν
1566 768 1672 822 τῶν
1706 769 1801 822 νῦν
1859 773 2008 838 ἀγω-

422 849 706 920 νισμάτων
736 868 794 903 τε
843 852 940 905 καὶ
977 857 1346 926 σκαμμάτων,
1397 859 1511 912 οὐδ’
1552 861 1623 913 ἂν
1665 861 1822 932 δχλον
1873 865 2008 933 ἡμῖν

423 944 771 1014 πραγμάτιον
800 946 1054 1000 τοσοῦτον
1086 949 1270 1002 ἐπεσὼ
1292 953 1510 1023 ρευον).
1545 953 1712 1007 πόθεν
1758 957 1946 1020 αὐτοῖς
1977 958 2010 1027 ἡ

421 1041 534 1092 τῶν
561 1039 797 1094 εἰδώλων
848 1045 1204 1113 παρείσδυσις
1231 1087 1244 1110 ,
1297 1047 1610 1115 λεγέτωσαν
1643 1050 1772 1118 ἡμῖν
1808 1049 2012 1118 τρανέ-

2115 603 2358 662 gaturos.
2406 593 2576 648 Secus
2631 597 2774 649 enim
2815 597 2955 652 haud
3018 601 3172 654 nobis
3245 617 3382 670 opus
3435 615 3581 660 esset
3616 608 3701 660 iris

2115 685 2606 753 disceptationibus
2629 703 2693 741 ac
2721 691 3134 751 certaminibus,
3167 709 3340 760 neque
3373 696 3531 750 llOlilS
3565 697 3702 750 adeo

2119 777 2391 845 negotium
2459 778 2814 832 facesserent.
2855 779 3004 835 Unde
3040 783 3175 850 ipsis
3213 785 3473 838 idolorum
3507 789 3704 840 obtru-

2119 869 2222 932 sin,
2265 870 2445 922 dicant
2492 870 2742 940 ingenue.
2775 871 2926 937 Quod
2955 874 2998 927 si
3034 876 3135 927 huc
3158 874 3293 943 prof.
3315 878 3518 931 ssinnis
3549 879 3705 949 sigil-

2120 957 2231 1012 lum
2287 961 2543 1014 intactum
2599 963 2986 1028 sincerumque
3035 977 3386 1030 conservant,
3443 983 3540 1022 cur
3595 970 3705 1025 illis

2124 1065 2339 1121 semper
2367 1063 2618 1106 versatur
2645 1053 2696 1106 itt
2729 1069 2825 1108 ore
2853 1055 3120 1109 idolorum
3157 1073 3352 1112 nomen
3377 1058 3402 1112 τ’

425 1154 600 1192 στα-ια
624 1153 638 1166 ·
672 1139 769 1192 καὶ
807 1143 858 1194 εί
893 1140 990 1212 τὴν
1020 1143 1296 1212 σφραγῖδα
1321 1145 1422 1214 τῆς
1451 1144 1748 1214 ὁμολογίας
1777 1145 1984 1216 ταύτης
2023 1144 2223 1200 ἄσυλόν
2283 1164 2344 1200 τε
2399 1147 2499 1202 καὶ
2533 1149 2989 1206 ἀνεπιϐούλευτον
3051 1153 3346 1224 τηροῦντες
3369 1154 3704 1224 διατελοῦσι,

425 1227 546 1292 πῶς
601 1229 785 1294 αὐτοῖς
837 1233 926 1287 διὰ
983 1233 1238 1305 γλώσσης
1299 1236 1396 1290 καὶ
1450 1237 1748 1308 πρόχειρον
1794 1237 1857 1290 τὸ
1902 1236 2012 1290 τῶν
2051 1235 2286 1290 εἰδώλων
2309 1239 2512 1310 δνομα;

496 1327 604 1392 κη’.
631 1323 838 1397 Είιγὰρ
871 1327 950 1390 είς
977 1328 1069 1380 τὸν
1110 1328 1341 1382 θάνατον
1394 1328 1490 1383 τοῦ
1535 1329 1780 1400 Χριστοῦ
1813 1329 2017 1401 βαπτισ-

430 1415 667 1480 σθέντας
738 1417 895 1470 οὐδὲν
965 1420 1203 1490 Χριστὸς
1273 1419 1504 1490 ὀνίνησι,
1572 1421 1690 1485 πῶς
1725 1422 1848 1492 οὐχὶ
1921 1421 2016 1474 καὶ

438 1505 714 1561 Ἰουδαίων
744 1509 1259 1584 ἀγνωμονέστεροι,
1305 1513 1404 1566 καὶ
1448 1512 1723 1585 Ἑλλήνων
1781 1513 2016 1568 ἀπιστό-

423 1614 610 1668 τεροι,
695 1599 792 1654 καὶ
879 1600 1176 1673 βαρϐάρων
1256 1602 1588 1676 ἀθεώτεροι;
1647 1603 1826 1668 οὐδεὶς
1903 1603 2015 1676 γὰρ

422 1689 636 1744 τούτων
668 1691 884 1746 οὐδέπω
915 1693 1016 1757 τῆς
1061 1693 1394 1766 Ἐκκλησίας
1429 1694 1522 1748 τοῦ
1582 1693 1720 1748 Θεοῦ
1768 1711 2014 1763 καταγο-

2189 1330 2280 1386 28.
2317 1331 2452 1386 Nam
2503 1333 2548 1386 si
2592 1331 2886 1402 baptizatis
2930 1335 2980 1389 in
3017 1335 3224 1392 Christi
3277 1349 3508 1395 mortem
3565 1341 3700 1396 nihil

2117 1419 2374 1476 Christus
2404 1422 2620 1488 Prodest
2641 1462 2657 1485 ,
2705 1424 2894 1492 quidni
2925 1425 3036 1478 sint
3061 1427 3148 1479 isti
3186 1425 3388 1482 Judaeis
3421 1431 3705 1485 vecordio-

2118 1527 2226 1577 res,
2267 1523 2323 1567 et
2357 1514 2590 1569 ethnicis
2646 1515 3002 1576 inlideliores,
3049 1527 3105 1570 et
3147 1518 3394 1573 barbaris
3429 1519 3703 1586 irreligio-

2118 1605 2334 1660 siores?
2362 1605 2532 1659 Nemo
2578 1607 2724 1659 enim
2749 1621 2814 1660 ex
2855 1607 2939 1662 his
2987 1607 3246 1663 [ἑταιρεῖαι
3282 1609 3373 1664 Dei
3417 1623 3704 1668 accusato-

2124 1708 2238 1748 rem
2285 1707 2346 1748 se
2380 1692 2562 1748 facere
2589 1711 2754 1750 ausus
2786 1705 2888 1748 est.
2935 1695 3047 1750 lloc
3078 1697 3361 1764 cuiusnam
3408 1699 3705 1768 impietatis

430 1783 625 1854 ρεῦσαι
648 1783 976 1857 τετόλμηκε.
1019 1786 1193 1839 Τοῦτο
1228 1787 1390 1852 ποίας
1414 1787 1675 1852 ἀσεϐείας
1704 1788 2014 1860 ὑπερϐολὴν

2128 1785 2340 1841 culmen
2369 1801 2473 1840 non
2507 1787 2800 1856 exaequat?
2823 1803 2946 1857 quae
2986 1791 3150 1844 verba
3187 1791 3498 1847 insolentia:
3545 1793 3708 1862 hujus

439 1875 801 1943 καταλείπεις
861 1878 948 1940 τίς
1023 1878 1210 1942 ίκανὺς
1283 1879 1444 1948 λόγος
1501 1880 1856 1953 παραστῆσαι
1915 1882 2016 1945 τῆς

427 1969 663 2032 ἀτοπίας
701 1968 764 2022 τὸ
807 1968 1083 2040 μέγεθοςς
1119 1969 1205 2034 τίς
1253 1969 1362 2044 γὰρ
1419 1971 1486 2024 ἂν
1533 1969 1621 2042 εἴη
1675 1970 1868 2036 ἄλλος,
1925 1971 2015 2026 ὃσ-

427 2079 514 2125 τις
535 2061 734 2124 αὐτοὺς
785 2063 851 2114 ἐκ
898 2063 1000 2134 τῆς
1041 2063 1300 2134 τοιαύτης
1352 2062 1562 2135 πλάνης
1603 2063 1692 2116 διὰ
1733 2063 1829 2117 τοῦ
1885 2063 2014 2117 ἰδίου

433 2153 820 2224 ἐξαγοράσειεν
856 2153 1129 2224 αἴματος;
1163 2155 1290 2226 Πῶς
1341 2155 1408 2209 ἂν
1458 2157 1770 2228 αὐτοῦς.μὴ
1817 2158 1901 2211 ὅτι
1952 2173 2014 2224 γε

439 2247 799 2308 ἐπισκόπους,
833 2245 949 2298 ἀλλ’
979 2246 1101 2299 οὐδὲ
1132 2247 1506 2316 Χριστιανοὺς
1535 2247 1722 2312 ἁπλῶς
1775 2265 1860 2312 τις
1897 2250 2017 2302 ὀνο-

439 2337 690 2405 μάσειενς
745 2337 1262 2408 ἀναγκασθήσονται
1312 2334 1406 2392 οῦν
1477 2339 1666 2410 ἕτερον
1733 2340 2018 2402 ἐπιζητεῖν

433 2427 744 2498 βάπτισμα,
781 2431 839 2482 ἐν
868 2425 912 2500 ᾧ
943 2429 1365 2501 τελεσθήσονται
1395 2430 1427 2503 ἢ
1463 2431 2016 2502 συντελεσθήσονται·

444 2520 993 2592 Ἆνασταυροῦντες
1017 2523 1258 2588 ἑαυτοῖς
1289 2525 1398 2576 τὸν
1430 2523 1568 2578 Υἱὸν
1597 2525 1698 2578 τοῦ
1725 2523 1872 2578 Θεοῦ
1921 2523 2021 2577 καὶ

429 2613 1093 2684 παραδειγματίζοντες,
1129 2616 1184 2668 εἴ
1211 2613 1275 2683 γέ
1323 2631 1456 2668 ποτε
1517 2615 1666 2682 ἅπαξ
1710 2616 2018 2686 ἐφωτίσθη·

430 2721 568 2768 σαν,
601 2705 902 2774 ἐγεύσαντό
931 2723 990 2760 τε
1023 2707 1120 2776 τῆς
1151 2706 1361 2778 δωρεᾶς
1391 2708 1491 2778 τῆς
1522 2709 1872 2779 ἐπουρανίου,
1925 2707 2022 2762 καὶ

430 2795 652 2868 μέτοχοι
677 2799 1018 2868 ἐγενῂθησαν
1067 2799 1384 2870 Πνεῦματος
1435 2799 1614 2868 ἁγίου.
1685 2799 1873 2862 Οὕτω,
1927 2796 2021 2854 οὖν

429 2891 625 2961 ἐτέρας
658 2895 912 2963 μυήσεως
935 2892 1253 2965 χρῄζοντες,
1286 2895 1382 2948 καὶ
1415 2897 1616 2968 ἐτέρας
1637 2897 1872 2968 κρίσεως
1899 2897 2021 2968 ἦτοι

426 2983 766 3056 χειροτονίας
801 2984 1108 3054 δεήσονται,
1155 2987 1416 3053 καθάπαξ
1447 2989 1751 3062 ἠρνημένοι
1775 2991 1846 3042 τὰ
1878 2989 2016 3060 πρό-

428 3093 568 3145 τερα
605 3077 702 3130 καὶ
725 3079 1223 3148 ἀποπεμπόμενοι·
1287 3079 1404 3142 πῶς
1454 3079 1564 3150 γὰρ
1613 3077 1680 3132 ἂν
1739 3081 2022 3150 μεταδοῖεν

2119 1875 2553 1946 magnitudinem
2581 1879 3073 1932 demonstrabunt?
3094 1879 3256 1951 179
3277 1880 3538 1947 Quisnam
3564 1883 3707 1938 alius

2119 1971 2371 2034 exsistet,
2401 1967 2492 2036 qui
2527 1969 2658 2022 istos
2681 1984 2751 2022 ex
2773 1977 2920 2022 tanta
2945 1969 3101 2038 culpa
3134 1973 3401 2042 sanguine
3442 1988 3541 2027 suo
3560 1975 3707 2029 redi-

2119 2061 2278 2116 mat?
2311 2061 2444 2126 Quis
2475 2063 2574 2116 ltus
2603 2061 2970 2123 Christianos,
3008 2065 3204 2117 nedum
3237 2065 3544 2133 episcopos.
3572 2082 3714 2121 nun-

2119 2153 2324 2223 cupet?
2367 2153 2644 2219 Cngentur
2692 2153 2876 2222 itaque
2925 2153 3072 2207 aliud
3117 2171 3363 2224 quaarere
3413 2157 3704 2225 bapt-sma,

2121 2259 2231 2313 quo
2287 2245 2572 2298 initientur
2619 2245 2705 2297 vel
2764 2257 3218 2299 consummentur
3269 2287 3286 2310 ,
3339 2247 3708 2316 cruci/igentes

2121 2337 2324 2390 sibimet
2351 2334 2551 2390 Filium
2582 2336 2676 2390 Dei
2708 2347 2754 2389 el
2774 2341 3005 2390 ostentui
3045 2337 3295 2391 habentes
3313 2339 3385 2404 ⁷⁸,
3416 2351 3704 2409 postquam

2113 2425 2229 2494 jam
2279 2427 2445 2480 setncl
2509 2426 2796 2480 illuminati
2846 2427 3083 2493 fuerant,
3141 2439 3195 2480 et
3252 2431 3473 2482 caeleste
3501 2431 3704 2484 dunnm

2123 2530 2504 2589 gustaveraut,
2588 2520 2878 2586 sanctique
2920 2520 3161 2589 Spiritus
3227 2521 3525 2590 partir-ipes
3578 2522 3706 2576 facti

2123 2611 2356 2668 fuerant.
2396 2613 2488 2666 Sic
2518 2626 2646 2682 ergo
2689 2627 2828 2666 nova
2859 2611 3167 2665 initiatione
3199 2612 3528 2682 indigentes,
3567 2628 3706 2666 nova

2124 2708 2292 2758 etiam
2323 2705 2578 2758 unctione
2616 2713 2670 2758 et
2717 2705 3066 2759 ordinatione
3114 2708 3370 2774 egebunt.
3403 2707 3528 2775 quia
3566 2705 3710 2774 prio-

2127 2815 2236 2852 rem
2265 2797 2609 2863 abnegarunt
2672 2805 2726 2850 et
2781 2796 3163 2864 repudiarunt.
3229 2798 3511 2862 Quomodo
3561 2801 3709 2855 enim

2127 2889 2488 2942 initiationem
2514 2887 2824 2950 conferent,
2863 2903 3024 2954 quam
3059 2887 3158 2956 ipsi
3190 2904 3296 2942 nou
3328 2889 3712 2943 retinuerunt?

2127 2979 2223 3032 th
2257 2981 2529 3046 quomodo
2563 2976 2654 3044 qui
2683 2977 2749 3028 de
2768 2991 2862 3030 sua
2883 2991 2943 3031 se
2971 2977 3316 3031 ordinatione
3353 2979 3709 3041 demiserunt,

2127 3073 2406 3146 baptizare
2439 3081 2532 3124 aut
2554 3071 2802 3138 dogmata
2841 3072 3038 3124 docere
3061 3070 3399 3124 contendent
3421 3071 3444 3123 ?
3465 3071 3565 3138 Qui
3601 3071 3704 3127 de-

434 3171 711 3238 μυήσεως,
747 3171 927 3240 ἤνπερ
955 3171 1110 3223 αὐτοὶ
1131 3171 1384 3240 οὐδαμῶς
1428 3171 1807 3236 διεσώσαντο;
1842 3171 1871 3240 ἢ
1907 3171 2021 3233 πῶς

2129 3164 2291 3228 Itaque
2343 3161 2456 3215 ﬁeri
2505 3169 2705 3226 poteSt,
2761 3169 2819 3214 ut
2860 3161 3054 3228 dogma
3089 3159 3172 3213 vel
3228 3159 3500 3228 baptisma
3539 3162 3608 3216 ab
3638 3161 3712 3218 iis

429 3261 488 3313 οῖ
536 3277 600 3328 γε
649 3261 881 3323 ἑαυτοὺς
944 3263 1566 3334 ἀποχειροτονήσαντες,
1636 3262 1925 3332 βαπτίζειν
1987 3261 2020 3332 ἦ

429 3352 786 3422 δογματίζειν
823 3355 1279 3424 ἐπιχειρήσαιεν;
1321 3353 1486 3408 πόθεν
1523 3354 1710 3416 αὐτοῖς
1754 3353 1816 3406 τὸ
1843 3354 2022 3422 δόγμα

431 3444 532 3500 καὶ
555 3443 838 3514 βάπτισμα
869 3443 930 3496 τὸ
957 3445 1364 3513 ειῦπαράδεκτον
1395 3443 1549 3515 σχοίη
1605 3444 1638 3514 ἦ
1669 3444 2020 3509 ἁξιόπιστον;

507 3536 612 3591 κθ⁹.
648 3535 954 3607 Προσθείην
1015 3537 1061 3590 δ’
1115 3537 1181 3590 ἂν
1231 3537 1455 3590 κάκεῖνο
1508 3538 1620 3599 τοῖς
1677 3535 2020 3606 εἰρημένοις,

433 3631 572 3700 ὅπερ
597 3632 692 3684 καὶ
719 3630 874 3684 αὐτοί
903 3649 992 3700 μοι
1020 3634 1068 3683 οἱ
1099 3632 1278 3685 πάντα
1302 3631 1730 3702 περιτρέποντες
1756 3632 1852 3685 καὶ
1883 3631 2022 3701 πρὸς

435 3723 618 3777 πάντα
645 3723 840 3794 ῥᾳδίως
874 3723 1340 3794 μεταϐαλλόμενοι
1381 3725 1476 3776 καὶ
1517 3724 1756 3794 οὐδαμοῦ
1795 3724 1856 3778 τό
1891 3726 2022 3780 στά-

438 3825 600 3880 σιμον
638 3808 874 3880 ἔχοντες,
913 3813 1260 3882 συμφήσαιεν
1282 3829 1296 3843 ·
1329 3813 1553 3866 ἐπειδάν
1579 3831 1663 3878 τις
1687 3814 1798 3868 τῶν
1829 3816 1895 3869 ἐκ
1923 3817 2024 3884 τῆς

434 3901 713 3971 ἡμετέρας
762 3902 999 3966 πίστεως
1049 3903 1188 3972 πρὸς
1223 3903 1420 3976 ἑτέραν
1453 3905 1760 3976 θρησκείαν
1807 3905 1950 3960 ἑκὼν
1989 3908 2022 3979 ἢ

436 3991 684 4063 βιαιτθεὶς
716 3993 1028 4064 μετάθοιτο,
1063 3993 1244 4048 ἔθνεσί
1298 4013 1358 4049 τε
1391 3997 1647 4060 ἀπίστοις
1691 3999 2025 4068 συμμιαινό-

437 4100 624 4155 μενος,
655 4070 750 4138 x‘at
777 4085 888 4138 τῶν
913 4085 1326 4158 ἐϐδελυγμένων
1355 4091 1454 4159 τῆς
1494 4089 1700 4158 ἐδωδῆς
1756 4091 2028 4159 ἀπογευό-

441 4190 622 4244 μενος,
651 4173 686 4246 ἢ
717 4174 860 4230 κατά
897 4192 948 4228 τι
979 4175 1111 4243 γοῦν
1143 4176 1254 4230 τῶν
1318 4178 1444 4231 καθ’
1494 4180 1642 4250 ἡμᾶς
1695 4179 1838 4234 ἐθῶν
1884 4199 2028 4251 παρ-

436 4267 746 4336 αμείψειεν,
769 4269 820 4320 oi
851 4265 987 4320 θεῖοι
1003 4268 1102 4338 τῆς
1128 4268 1457 4341 Ἐκκλησίας
1477 4271 1670 4343 θεσμοὶ
1688 4273 2024 4339 κελεύουσιν,

435 4360 631 4415 τοῦτον
665 4361 1096 4428 συναισθόμενον
1140 4363 1242 4432 τῆς
1281 4365 1584 4437 ἁμαρτίας,
1630 4366 1727 4420 καὶ
1783 4384 2026 4437 μεταμε-

434 4452 668 4523 λόμενον
697 4453 784 4523 ἐφ’
805 4450 888 4518 οἷς
923 4455 1110 4518 κακῶς
1149 4453 1379 4525 ἔπραξε,
1409 4457 1822 4528 προστρέχοντα
1873 4475 1932 4512 τε
1964 4461 2024 4512 ἐν

441 4545 706 4616 μετανοίᾳ.
739 4547 804 4618 τῇ
841 4545 1162 4618 Ἐκκλησία,
1203 4547 1299 4602 καὶ
1361 4547 1474 4602 τῶν
1517 4549 1738 4615 ἀτόπως
1789 4551 1884 4606 καὶ
1927 4553 2024 4606 ἀν-

437 4639 600 4703 οσίως
631 4637 780 4709 αὐτῴ
809 4639 1218 4710 πεπραγμένων
1241 4641 1596 4712 ἐπιστρέφειν
1613 4642 2027 4714 ἐπαγγελλόμε-

438 4746 550 4793 νον,
581 4727 752 4783 αὐδῶν
783 4727 880 4782 τοῦ
915 4728 1062 4782 θείου
1097 4727 1203 4782 νεῶ
1247 4731 1454 4801 ἥκιστα
1509 4731 1840 4798 ἐπιϐαίνειν,
1885 4735 2023 4790 ἀλλά

437 4820 634 4894 πόῤῥω
665 4837 771 4875 που
805 4819 916 4873 τῶν
934 4821 1222 4892 ἡμετέρων
1250 4822 1528 4891 συλλόγων
1558 4825 1904 4892 αὐλίζεσθαι,
1927 4827 2025 4881 καὶ

438 4914 540 4984 τῆς
569 4913 854 4976 κοινωνίας
886 4913 994 4966 τῶν
1037 4913 1200 4968 θείων
1239 4917 1559 4986 μυστηρίων
1613 4916 2020 4989 ἀπείργεσθαι·

440 5001 540 5058 οιαὶ
576 5002 767 5074 χρόνος
810 5002 899 5055 ἐπ’
949 5001 1101 5074 αὑτῷ
1153 5004 1488 5072 τεταγμένος
1531 5005 1862 5076 ἀφώρισται,
1915 5007 2022 5072 ἕως

441 5093 509 5148 ἂν
540 5091 739 5166 καρδία
773 5093 1216 5164 συντετριμμένῃ
1281 5093 1378 5146 καὶ
1430 5095 1706 5165 πνεύματι
1752 5094 2025 5150 ταπεινώ-

441 5202 600 5250 σεως,
662 5185 748 5238 διὰ
775 5183 986 5256 θερμῆς
1014 5188 1108 5238 καὶ
1133 5186 1395 5240 ἐπιπόνου
1435 5185 1884 5258 ἐξομολογήσεως
1913 5186 2023 5239 τῶν

440 5279 854 5352 προειληφότων
884 5279 1356 5350 παραπτωμάτων
1375 5281 1435 5332 τὸ
1462 5280 1593 5349 ἄγος
1621 5281 1988 5350 ἀποτρίψαιτο
2006 5297 2020 5312 ο

441 5371 538 5428 καὶ
569 5371 712 5426 οὕτω
738 5371 846 5426 τῶν
890 5371 1254 5442 ἁγιασμάτων
1299 5373 1398 5442 τῆς
1441 5374 1680 5442 μετοχῆς
1718 5373 2024 5443 ἀξιωθήσε-

372 5455 378 5458 ’
440 5481 557 5528 ται,
589 5463 818 5526 καὶτοῖς
852 5465 1063 5527 πιστοῖς
1084 5462 1636 5532 συγκαταλεγήσεται
1660 5479 1672 5492 ο
1702 5463 2024 5516 εἰπάτωσαν

442 5552 536 5610 οὖν
566 5558 701 5628 ἡμῖν
727 5556 776 5608 οί
807 5559 920 5618 τοῖς
952 5554 1199 5619 εἰδώλοις
1236 5554 1747 5627 προσκεκυνηκέναι
1780 5555 2022 5624 φάσκον-

449 5665 553 5716 τες,
595 5647 644 5700 εί
675 5645 952 5718 βούλοιντο
983 5649 1338 5719 Χριστιανοῖς
1369 5647 1684 5720 ἐναρίθμιοί
1718 5645 1883 5729 εἶναί)
1937 5647 2022 5712 τίς

520 5826 568 5859 ⁷⁸
595 5828 762 5883 Hebr.
798 5844 872 5892 γι,
901 5827 952 5881 ϐ.

2055 4510 2104 4570 1)

2129 3255 2388 3310 traditum
2431 3265 2646 3325 gratum
2682 3253 2754 3306 sit
2777 3263 2869 3306 aut
2899 3250 3093 3307 fiducia
3117 3251 3391 3324 dignum?

2199 3530 2288 3585 29.
2319 3527 2602 3584 Praulictis
2625 3527 2726 3581 hoc
2745 3527 2909 3580 etiam
2935 3525 3149 3589 addam,
3180 3524 3322 3594 quod
3349 3525 3447 3594 ipsi
3481 3541 3704 3596 quoque

2129 3625 2471 3684 cutteetlent,
2520 3635 2831 3688 quanquam
2912 3619 3095 3672 omnia
3168 3619 3485 3672 subvertere
3539 3619 3709 3685 soliti,

2129 3717 2568 3784 sententiamque
2589 3713 2749 3767 facile
2781 3725 3016 3776 mutare,
3041 3721 3094 3764 et
3123 3709 3322 3764 nullam
3347 3712 3710 3765 constantiam

2130 3811 2392 3864 retirere.
2428 3804 2705 3874 Siquando
2739 3802 2935 3870 aliquis
2977 3817 3042 3854 ex
3084 3799 3188 3854 nde
3226 3812 3409 3854 nostra
3449 3801 3515 3854 ad
3545 3801 3706 3857 alium

2129 3899 2332 3955 cultum
2371 3906 2562 3966 sponte
2596 3893 2678 3949 vel
2703 3903 2926 3948 coactus
2953 3891 3257 3957 transierit,
3289 3899 3489 3946 etcum
3521 3890 3713 3946 inlide-

2127 3993 2272 4048 libus
2295 3989 2530 4046 ethnicis
2564 4003 2624 4042 se
2651 3987 3058 4047 contaminatis.
3083 3993 3139 4039 et
3169 3983 3547 4038 abominandis
3570 3985 3712 4038 escis

2128 4085 2380 4156 gustatis,
2415 4091 2509 4136 aut
2548 4081 2654 4136 alio
2697 4077 2943 4150 quolibet
2979 4079 3138 4132 modo
3166 4092 3194 4129 a
3230 4084 3419 4131 nostro
3455 4076 3558 4128 ritu
3596 4075 3710 4130 dis-

2128 4175 2392 4238 cesserit,
2425 4171 2724 4228 venerandi
2778 4168 3037 4223 Ecclesia!
3077 4181 3348 4230 canones,
3383 4167 3428 4220 si
3466 4167 3554 4221 hic
3587 4181 3710 4236 pec-

2127 4279 2250 4325 cato
2273 4281 2373 4321 suo
2401 4271 2780 4333 compunctus,
2817 4269 2872 4316 et
2925 4261 3065 4312 male
3116 4269 3366 4312 actorum
3410 4259 3709 4328 paenitens,

2127 4359 2192 4413 ad
2230 4355 2532 4413 Ecclesiam
2559 4360 2766 4408 mutata
2805 4360 2986 4405 mente
3023 4350 3269 4413 redierit,
3297 4357 3350 4402 et
3376 4365 3406 4402 a
3437 4349 3711 4417 perversis

2129 4449 2487 4518 scelestisque
2512 4447 2771 4516 operibus
2813 4443 2929 4498 suis
2960 4457 3020 4497 se
3075 4440 3328 4496 recedere
3366 4442 3708 4510 proﬁteatur,

2129 4545 2298 4609 hunc,
2321 4543 2566 4612 inquam,
2588 4537 3024 4595 canoneslimina
3050 4535 3192 4589 sacri
3228 4534 3410 4606 templi
3439 4534 3712 4604 attingere

2128 4643 2338 4696 vetant.
2361 4633 2456 4688 sed
2487 4631 2674 4702 procul
2704 4637 2848 4685 ctetu
2874 4635 3064 4683 nostro
3093 4625 3398 4682 consistere
3419 4624 3630 4692 volunt,
3655 4633 3710 4680 et

2129 4727 2438 4785 divinorum
2464 4721 2846 4794 mysteriorum
2873 4718 3257 4776 communione
3299 4717 3481 4774 arceri
3523 4735 3538 4772 :
3571 4727 3713 4772 tem-

2128 4833 2339 4894 pusque
2367 4819 2414 4874 ei
2447 4817 2526 4873 rei
2553 4815 2832 4872 deﬁnitum
2865 4823 2970 4879 est,
3029 4814 3202 4867 donec
3257 4811 3495 4868 contrito
3548 4811 3714 4868 corde

2128 4922 2331 4968 etcum
2359 4909 2586 4981 spiritus
2609 4905 2939 4970 humilitate,
2979 4920 3076 4975 per
3099 4901 3365 4958 fervidam
3417 4903 3715 4974 gemebun-

2131 5005 2366 5073 damque
2381 5001 2777 5073 praeteritarum
2798 4997 3075 5068 culparum
3097 4995 3500 5052 confessionem
3533 4996 3714 5051 scelus

2131 5097 2358 5161 eluerit;
2404 5105 2568 5164 atque
2600 5095 2672 5148 ita
2717 5101 3028 5147 sanctarum
3084 5104 3266 5143 rerum
3309 5087 3711 5157 participationi

2134 5189 2476 5252 restituatur,
2512 5193 2566 5240 ct
2596 5186 2810 5240 cmteris
2843 5183 3088 5237 ﬁdelibus
3103 5182 3470 5236 consocietur.
3517 5179 3715 5235 Dicant

2133 5299 2263 5352 ergo
2316 5282 2513 5347 nobis,
2541 5280 2721 5349 quise
2773 5275 2910 5331 idola
2958 5277 3187 5329 adorare
3233 5273 3408 5340 aiunt,
3462 5273 3508 5326 si
3547 5273 3711 5327 Chri-

2131 5375 2326 5432 stianis
2352 5371 2698 5427 adnumerari
2731 5369 2917 5431 velint,
2955 5367 3206 5438 quisnam
3265 5365 3350 5420 his
3399 5364 3490 5435 (ab
3523 5365 3710 5419 icouo-

2135 5467 2365 5535 machis)
2401 5465 2752 5534 resipisceudi
2786 5462 2999 5525 modus,
3027 5461 3241 5528 quodve
3274 5459 3537 5527 temporis
3581 5473 3712 5528 spa-

2135 5560 2265 5614 tium
2317 5559 2389 5612 sit
2439 5565 2736 5620 stalutum;
2786 5553 3006 5622 quinam
3052 5549 3260 5620 peccati
3311 5550 3710 5606 confessionem

2132 5649 2240 5705 sint
2267 5645 2580 5719 excepturi;
2629 5645 2825 5715 quibus
2861 5643 3161 5698 canouibus
3205 5643 3586 5714 obtemperare
3616 5641 3712 5698 de-
