4004 6446
411 393 511 459 (ill

1444 382 1505 442 S.
1547 378 1968 440 NlCEPHORI
2006 375 2519 439 PATRIARCHzE
2557 376 2668 438 Cl".

3569 346 3662 473 sit

408 510 601 573 beant;
641 500 910 574 quomodo
944 498 1038 555 ﬁet.
1099 497 1206 551 illis
1250 495 1559 563 dogmatum
1619 506 1709 545 aut
1750 499 1997 546 actorum

2123 507 2237 544 τοτε
2274 489 2460 554 αὐτοῖς
2486 489 2594 561 ἄρα
2626 491 2655 543 ὁ
2689 488 2784 559 τῆς
2814 486 3159 560 ἐπιστροφῆς
3191 487 3389 559 τρόπος
3436 490 3524 545 καὶ
3554 496 3666 566 χρό-

409 600 479 653 ob
504 594 871 666 ignorantiam
927 591 1010 645 vel
1047 587 1312 643 malitiam
1345 584 1826 653 vituperandorum
1879 597 2001 636 cur-

412 690 625 745 rcctio:
660 689 734 740 ita
766 686 924 739 utsic
961 682 1340 751 explorentur,
1378 694 1444 730 an
1478 676 1624 745 digni
1655 689 1812 728 sacro
1840 689 2003 744 grege

417 781 554 834 sint.
593 779 756 832 Certe
785 775 1043 846 quamdiu
1068 773 1350 828 Christum
1375 781 1689 839 oppugnare
1719 782 1825 818 non
1859 765 2004 820 desi-

416 883 572 937 nunt,
599 871 788 942 procul
814 868 989 923 sacris
1023 882 1080 921 se
1103 866 1213 935 ptis
1240 862 1526 924 absistam,
1553 867 1715 927 atque
1744 868 1801 911 ut
1828 857 2007 911 tabida

416 977 582 1036 atque
609 963 820 1018 inutilia
861 962 1020 1016 ovilis
1065 957 1269 1013 Christi
1315 957 1557 1009 membra
1590 952 2004 1014 absrindantur,

417 1073 487 1114 ne
516 1058 660 1112 forte
706 1070 839 1110 sana
869 1058 1106 1123 quoque,
1140 1059 1194 1105 et.
1239 1049 1293 1103 in
1344 1047 1604 1117 prmelara
1661 1043 2008 1098 confessione

418 1148 772 1204 incolumiter
823 1142 1149 1213 perstantia,
1223 1154 1254 1194 ο
1312 1137 1751 1193 contaminatore
1808 1134 2008 1188 animm

418 1240 612 1293 morbo
641 1251 865 1307 pessum
891 1237 1109 1288 dentur.

2104 598 2195 645 νος
2235 581 2671 652 δεδοκίμασταις
2730 580 2878 644 τίνες
2931 581 2983 633 oi
3021 579 3123 644 τὰς
3171 579 3550 651 ἐξαγορεύσεις
3579 589 3667 658 τῆς

2106 673 2365 736 ἀσεϐείας
2430 672 2749 744 δεξάμενοι;
2807 672 2987 737 ποίοις
3052 673 3276 727 κανόσιν
3329 673 3668 747 ύπήκουσανς

2109 766 2275 819 πόθεν
2329 765 2515 828 αὐτοῖς
2547 765 2658 818 τῶν
2704 764 2918 833 ἀλόγως
2972 764 3069 818 καὶ
3101 764 3317 828 ἀσεϐῶς
3345 765 3670 837 δεδογμένων

2111 860 2206 912 καὶ
2230 858 2646 928 πεπραγμένων
2679 859 2715 929 ἡ
2754 856 3076 929 διόρθωσιςς
3119 857 3232 911 Καὶ
3266 855 3409 911 οὕτω
3461 859 3674 931 δόκιμα..

2114 943 2431 1008 ζέσθωσαν,
2473 945 2524 997 εἰ
2557 943 2701 1010 ἄξιοι
2758 945 2859 1016 τῆς
2896 946 3051 1017 ἱερᾶς
3096 945 3305 1018 ἀγέλης
3339 949 3673 1018 τυγχάνοιεν*

2113 1037 2221 1101 ἕως
2249 1036 2294 1090 δ’
2330 1036 2398 1091 ἂν
2428 1035 2522 1090 τοῦ
2563 1040 2962 1109 χριστομαχεῖν
2996 1038 3098 1093 οὐκ
3121 1039 3470 1110 ἀπόσχοιντο,
3502 1043 3676 1115 πόρρω

2114 1145 2219 1184 που
2253 1128 2352 1183 καὶ
2402 1127 2562 1203 έκτδς
2608 1127 2721 1182 τῶν
2766 1128 2931 1201 ιερῶν
2964 1130 3277 1202 περιϐόλων
3319 1132 3678 1203 ἀποτρεχέτω-

2115 1238 2236 1286 σαν,
2269 1222 2367 1277 καί⁵
2403 1222 2481 1286 ώς
2533 1221 2670 1293 μέλη
2703 1224 2980 1294 σεσηπότα
3030 1224 3127 1277 καὶ
3156 1223 3410 1296 ἄχρηστα
3440 1227 3536 1297 τῆς
3571 1228 3680 1279 ποε-

420 1347 559 1401 μνης
602 1325 842 1399 Χριστοῦ
895 1321 1418 1396 ἀποτεμνέσθωσαν,
1476 1321 1550 1392 μή
1592 1335 1725 1374 ποτε
1762 1316 1860 1373 καὶ
1910 1315 1977 1371 τὰ
2018 1314 2361 1385 ὑγιαίνοντα,
2425 1315 2521 1371 καὶ
2586 1315 2717 1386 περὶ
2748 1315 2849 1388 τὴν
2915 1314 3093 1385 καλὴν
3124 1317 3423 1391 ὁμολογίαν
3455 1319 3681 1397 ἐρρωμέ-

418 1444 526 1490 νως
588 1425 877 1494 ἱστάμενοι,
936 1424 1003 1492 τῇ
1068 1418 1401 1490 ψυχοφθόρῳ
1470 1416 1615 1487 νόσῳ
1688 1414 2140 1485 διαλυμήναιντο.

491 1522 584 1576 '50.
608 1520 742 1575 Cum
781 1526 961 1572 autem
1005 1515 1296 1576 idolorum,
1328 1522 1384 1567 et
1426 1527 1525 1567 eor
1558 1527 1647 1566 um
1693 1510 1783 1580 qui
1825 1522 2013 1564 errore

423 1613 638 1668 ahdm-ti
666 1627 727 1665 ea
755 1617 1111 1669 venerantur,
1150 1605 1347 1674 duplex
1379 1604 1453 1657 sit
1477 1602 1670 1658 classis
1697 1619 1710 1657 :
1752 1618 1856 1654 una
1888 1600 2011 1669 qui-

425 1710 545 1761 dom
582 1706 794 1758 illorum
832 1703 925 1770 qui
986 1714 1171 1753 crassa
1219 1696 1604 1767 materialique
1645 1703 1825 1749 mente
1874 1708 2012 1763 prze-

2190 1507 2255 1565 λθ.
2283 1507 2473 1565 Διττοῦ
2504 1507 2559 1562 δὲ
2579 1507 2733 1572 ὄντος
2764 1506 2861 1561 τοῦ
2893 1507 3027 1580 περὶ
3060 1507 3172 1564 τῶν
3201 1509 3440 1564 εἰδώλων
3485 1512 3683 1582 καὶτῆς

2119 1602 2205 1654 ἐπ’
2238 1601 2423 1665 αὐτοῖς
2465 1600 2575 1657 τῶν
2626 1599 2998 1668 πλανωμένων
3032 1603 3465 1674 προσκυνήσεως
3509 1602 3680 1672 λόγου.

2116 1694 2225 1749 τῶν
2267 1694 2367 1766 μὲν
2393 1694 2503 1765 γὰρ
2544 1695 2656 1747 ὅσοι
2691 1696 2889 1763 παχεῖς
2939 1694 3036 1747 καὶ
3085 1694 3265 1749 ύλικοὶ
3298 1694 3399 1766 τὴν
3435 1696 3680 1757 διάνοιαν,

425 1800 544 1861 diti,
577 1799 631 1852 in
669 1812 735 1850 eo
784 1804 991 1848 tantum
1034 1790 1175 1860 quod
1206 1788 1453 1845 cernitur
1484 1786 1875 1847 subsistentes,
1929 1786 2014 1838 ni-

2123 1788 2255 1859 πρδς
2286 1787 2348 1842 τὸ
2378 1788 2705 1859 φαινόμενον
2734 1788 2898 1859 μόνον
2919 1788 3385 1861 ὲναπομένοντες,
3404 1791 3510 1855 Δκαί
3543 1790 3681 1844 οῦδὲν

431 1891 616 1959 hilque
653 1887 882 1942 ulterius
949 1886 1195 1953 cogitare
1245 1880 1508 1944 valentes,
1562 1878 1834 1949 lapidibus
1889 1889 2015 1930 tau-

426 1979 703 2036 tuuuuudo
763 1987 819 2029 et
878 1976 1039 2045 lignis
1088 1984 1142 2027 et
1200 1973 1423 2041 reliquie
1488 1971 1715 2025 inanimi
1774 1970 2017 2023 materiae

428 2082 663 2125 tuentem
716 2066 1092 2132 intendentes,
1142 2063 1407 2129 adorant;
1461 2062 1554 2131 qui
1603 2076 1732 2116 vero
1775 2060 2018 2114 rationa-

430 2165 593 2219 hitius
621 2161 1033 2231 sapientiusque
1064 2158 1313 2228 cngitare
1342 2155 1616 2216 videntur,
1648 2154 1684 2209 ii
1728 2155 1780 2208 in
1821 2154 2019 2209 statuis

427 2256 684 2312 habitare
735 2254 843 2306 vim
897 2251 1195 2322 quamdam
1243 2247 1601 2313 existimant;
1642 2262 1805 2317 quam
1851 2246 2018 2302 etiam

430 2352 652 2405 deorum
690 2345 912 2401 nomine
957 2341 1251 2413 appellant,
1294 2340 1455 2395 sicuti
1488 2350 1543 2395 et
1571 2340 1661 2393 illa
1685 2337 2020 2407 signa,ima-

432 2443 588 2514 gines
613 2441 838 2513 deorum
863 2440 1107 2491 vocitare
1127 2433 1303 2488 solent
1324 2451 1337 2487 :
1362 2447 1461 2502 age
1480 2446 1630 2492 vero,
1655 2430 1794 2486 utris
1823 2430 2018 2484 horum

432 2534 558 2590 novi
603 2533 871 2587 idolorum
917 2528 1160 2583 cultores
1195 2524 1507 2580 ascribendi
1556 2521 1718 2577 sunt?
1745 2519 1803 2577 Si
1855 2521 2022 2577 rusti.

433 2642 622 2683 eorum
656 2639 809 2679 more
847 2623 900 2676 in
930 2618 1201 2675 deteriore
1259 2615 1437 2671 classe
1490 2630 1549 2670 se
1608 2613 1898 2680 collocant,
1952 2610 2021 2666 ad

434 2722 740 2778 evidentem
770 2715 1064 2771 amentiam
1095 2711 1492 2778 belluinamque
1547 2707 1914 2778 stupiditatem
1962 2719 2022 2761 se

434 2811 748 2869 demittunt.
788 2805 941 2872 Quod
982 2803 1027 2857 si
1059 2802 1323 2856 urbanius
1352 2809 1575 2870 agentes
1619 2798 1849 2852 classem
1882 2798 2021 2850 alte-

433 2919 551 2963 ram
577 2901 802 2969 eligant,
833 2907 967 2950 tunc
997 2894 1051 2949 in
1076 2905 1349 2947 summam
1402 2889 1740 2958 impietatem
1781 2903 1844 2942 ac
1882 2888 2019 2942 irre-

433 2992 785 3064 ligiositatem
842 2987 1154 3042 incurrunt.
1225 2981 1697 3050 Quaerendumque
1745 2988 2019 3048 superest,

435 3096 615 3141 utrum
641 3079 995 3137 masculinum
1026 3076 1466 3131 malintdeorum
1507 3089 1698 3144 genus,
1725 3083 1777 3127 ct
1804 3072 2020 3142 quidem

2117 1882 2282 1936 πλέον
2341 1884 2546 1936 ὲννοεῖν
2593 1882 2904 1952 δυνάμενοι,
2956 1881 3094 1936 αὐτὸ
3166 1882 3330 1955 μόνον
3373 1881 3542 1947 λίθοις
3602 1886 3685 1937 καὶ

2118 1976 2300 2043 ξύλοις
2328 1976 2427 2030 καὶ
2452 1978 2521 2047 τῇ
2553 1975 2718 2047 λοιπῇ
2747 1975 2941 2047 ἀψύχῳ
2974 1975 3076 2050 ὕλῃ
3102 1975 3196 2031 τὸν
3245 1977 3374 2032 νοῦν
3406 1977 3684 2048 προσέχον-

2115 2087 2210 2134 τες
2241 2067 2653 2129 ὑποκύπτουσιν
2686 2083 2700 2099 ·
2728 2071 2779 2122 oi
2808 2069 2867 2120 δε
2901 2070 3019 2124 ὅσοι
3062 2070 3285 2125 δοκοῦσι
3337 2070 3686 2143 λογικώτερον

2118 2161 2211 2215 καὶ
2237 2159 2680 2233 φιλοσοφώτερόν
2742 2179 2861 2224 πως
2906 2160 3250 2228 ἐπιϐάλλειν,
3303 2162 3399 2216 κοιλ⁸
3448 2161 3688 2230 δυνάμεις

2118 2254 2270 2317 τινὰς
2320 2254 2554 2308 ἐνοικεῖν
2579 2256 2689 2318 τοῖς
2737 2253 2952 2320 ξοάνοις
2979 2253 3301 2321 δοξάζουσιν
3326 2268 3342 2295 -°
3369 2253 3435 2318 ἀς
3494 2254 3557 2323 δὴ
3605 2254 3690 2311 καὶ

2122 2345 2300 2410 θεοὺς,
2337 2344 2529 2417 ὥσπερ
2556 2347 2789 2401 κάκεῖνα
2816 2346 3035 2410 εἰκόνας
3061 2345 3201 2401 θεῶν
3230 2346 3422 2405 καλεῖν
3452 2346 3684 2408 εἰώθασι*

2120 2437 2372 2507 ποτέροις
2405 2436 2470 2508 δὴ
2500 2436 2709 2492 τούτων
2741 2438 2791 2490 oi
2817 2436 2929 2491 νέοι
2958 2436 3072 2490 τῶν
3101 2436 3342 2492 εἰδώλων
3368 2437 3689 2509 θεραπευταὶ

2122 2530 2544 2603 προστίθενται;
2573 2530 2639 2587 Εἰ
2662 2529 2763 2601 μὲν
2792 2530 2901 2603 γὰρ
2929 2528 3384 2602 ἀγροικιζόμενοι
3410 2534 3475 2602 τῇ
3508 2531 3689 2602 χείρονι

2125 2622 2293 2694 μοίρᾳ
2362 2623 2713 2693 προσέχοιεν,
2794 2623 2876 2685 εἰς
2927 2616 3212 2692 προῦπτον
3270 2622 3573 2693 κτηνωδίας
3611 2621 3693 2682 καὶ

2123 2716 2383 2780 ἀϐουλίας
2432 2715 2782 2789 κατῴχοντο·
2838 2715 2889 2768 εἰ
2933 2714 2992 2768 δὲ
3043 2714 3111 2787 δὴ
3161 2713 3546 2784 ἀστεῖζόμενοι
3606 2716 3693 2781 τῆς

2124 2807 2319 2880 ἐτέρας
2375 2806 2868 2879 μεταλαγχάνοιεν,
2916 2805 2999 2868 εἰς
3049 2802 3221 2875 ἄκρον
3243 2803 3566 2867 δυσσεϐείας
3609 2803 3694 2871 καὶ

2123 2899 2310 2962 ἀθεῖας
2359 2897 2684 2963 ὲξώλισθον·
2748 2897 2844 2951 καὶ
2902 2896 3133 2967 πότερον
3181 2893 3260 2965 τῷ
3314 2895 3423 2948 τῶν
3466 2893 3693 2968 ἀρρένων

2123 2990 2277 3051 εἴδει,
2294 2988 2616 3044 καὶτούτων
2638 2986 3196 3059 ἀποκεκληρωμένως
3222 2988 3358 3051 τινὶ,
3382 2982 3497 3046 οἷον
3520 2987 3693 3059 Κρόνῳ

2125 3084 2219 3138 καὶ
2241 3084 2325 3138 Διὶ
2353 3083 2449 3136 καὶ
2483 3082 2782 3136 Ἀπόλλωνι
2804 3099 2816 3147 ;
2843 3082 2914 3134 Ἦ
2942 3081 3021 3152 τῷ
3041 3080 3151 3134 τῶν
3166 3080 3425 3151 θηλειῶν,
3448 3074 3555 3141 οἷον
3585 3078 3694 3151 Ῥέᾳ

434 3178 629 3233 sortito
663 3173 953 3244 quosdam,
985 3168 1149 3223 veluti
1203 3167 1525 3231 Saturnum,
1558 3164 1770 3231 Jovem,
1813 3164 2018 3234 Apolli-

2126 3177 2221 3231 καὶ
2252 3176 2402 3247 Ἤρᾳ
2436 3174 2529 3227 καὶ
2573 3174 2852 3244 Ἀρτέμιδι
2900 3177 3152 3244 χαίρουσι
3181 3189 3196 3239 ;
3227 3173 3330 3228 καὶ
3358 3175 3408 3227 εί
3442 3173 3616 3237 τάξεις
3644 3174 3694 3227 ἐν

436 3291 594 3341 nem;
627 3288 697 3325 an
733 3269 914 3340 potius
945 3264 1311 3330 femininum,
1348 3262 1517 3318 veluti
1572 3263 1803 3325 Rheam,
1842 3259 2017 3315 Juno-

434 3385 583 3432 nem,
609 3365 871 3427 Dianam;
901 3362 1033 3414 item
1070 3373 1135 3412 ex
1165 3357 1482 3412 eorumdem
1536 3355 1761 3410 deorum
1822 3353 2022 3409 classi-

436 3462 561 3523 hus,
591 3468 770 3509 utrum
810 3452 1040 3523 primam
1091 3457 1146 3503 et
1180 3446 1500 3510 seetutdam,
1552 3454 1608 3499 ct.
1655 3453 1838 3501 utrum
1878 3458 2017 3513 prte-

435 3547 759 3606 cmineutias
771 3543 1058 3614 quasdam,
1074 3551 1128 3594 et
1146 3540 1364 3605 limites,
1382 3548 1434 3592 et
1455 3539 1775 3609 dignitatum
1796 3537 2014 3608 gradus.

438 3643 603 3721 180
644 3639 973 3703 attribuant,
1020 3644 1099 3702 ut,
1155 3632 1425 3705 siquidem
1463 3633 1847 3688 etlmicismum
1882 3631 2022 3686 forte

436 3733 680 3804 proliteri
713 3732 967 3793 debeant,
1004 3725 1395 3796 praerogativas
1444 3741 1550 3780 non
1586 3726 1871 3796 iguorcnt.’
1915 3723 2017 3777 Mi-

437 3828 748 3884 rariautem
779 3836 1128 3889 summopere
1152 3829 1372 3889 oportet
1404 3819 1617 3873 illorum
1641 3816 2016 3887 stupiditatem

434 3919 527 3989 qni
556 3918 742 3973 nolunt
766 3913 1073 3984 intelligere
1091 3912 1135 3967 si
1173 3910 1307 3965 nihil
1340 3910 1510 3973 aliud,
1536 3918 1684 3963 certe
1715 3908 1858 3978 quod
1891 3907 2018 3961 uni-

437 4009 634 4078 tuique
662 4005 907 4076 religioni
944 4013 1027 4058 est
1050 4003 1349 4073 peculiare,
1387 4011 1440 4056 et
1472 3999 1796 4069 templorum
1824 4014 1887 4053 ac
1925 4012 2018 4053 sa-

437 4100 770 4155 t-riticiorum
794 4097 1190 4159 diversitatem,
1217 4094 1453 4162 denique
1484 4093 1778 4162 imaginum
1803 4103 2020 4161 quoque

436 4190 821 4247 diﬂ‘erentiam.
851 4187 986 4243 Nam
1011 4189 1170 4245 sicuti
1192 4205 1254 4241 ea
1277 4202 1394 4255 qum
1413 4189 1728 4249 adorantur,
1755 4184 2015 4239 attributa

435 4299 536 4341 sua
562 4284 697 4337 citra
726 4298 942 4336 omnem
967 4280 1430 4349 comparationem
1459 4279 1663 4334 habent
1688 4277 1843 4350 (sunt
1870 4278 2018 4333 enim

435 4377 542 4440 alia
576 4374 793 4444 quidem
835 4372 1021 4427 divina
1062 4383 1117 4425 et
1148 4372 1479 4434 veneranda,
1512 4370 1615 4424 alia
1656 4386 1787 4425 vero
1821 4371 2020 4426 daemo-

438 4467 595 4528 niaca
619 4472 673 4518 ct
698 4459 1080 4531 exscCrantlzi),
1107 4463 1176 4515 ita
1200 4463 1485 4517 dicendum
1517 4470 1599 4515 est
1617 4460 1762 4515 locos
1780 4476 2017 4530 quoque,

438 4557 530 4613 nhi
565 4555 743 4609 cultus
785 4553 1086 4625 peragitur,
1118 4568 1333 4608 necnon
1378 4554 1544 4622 ritus,
1574 4553 2023 4611 manifestissime

443 4648 588 4702 inter
617 4662 676 4701 se
707 4646 946 4701 differre.
980 4646 1109 4699 Nam
1142 4662 1260 4716 qua:
1285 4656 1413 4701 sunt
1444 4647 1752 4712 tenebrosa,
1775 4655 1829 4700 et
1858 4647 2019 4717 digna

452 4741 715 4800 tenebris,
755 4739 1167 4809 plcrumque‘iu
1206 4741 1442 4797 tenebris
1470 4750 1704 4810 aguntur
1735 4757 1748 4793 :
1786 4739 1841 4793 in
1893 4738 2025 4794 sub-

446 4832 719 4886 terraneis
761 4845 954 4899 ltt'lllpe
978 4832 1156 4902 adytis
1194 4831 1827 4900 antrisqueinitiationes
1850 4832 1983 4887 ﬁunt
2008 4845 2022 4885 :

446 4934 636 4988 nostra
675 4938 826 4988 vero,
857 4923 1294 4992 quandoquidem
1318 4924 1369 4975 in
1394 4922 1594 4978 lumine
1615 4922 1792 4976 vultus
1814 4920 2023 4975 Domini

450 5017 782 5077 incedimus,
809 5017 862 5068 in
899 5015 1296 5069 illumiuatione
1342 5014 1514 5068 divini
1573 5014 1881 5084 splendoris
1912 5013 2027 5082 ple-

448 5124 627 5178 naque
664 5110 715 5162 in
777 5108 893 5161 luce
924 5106 1238 5161 revelantur
1272 5105 1551 5177 tuySIeria,
1592 5105 1717 5176 quia
1744 5106 1832 5160 lux
1876 5116 2025 5160 sunt.

513 5200 603 5254 5|.
644 5203 756 5268 Age
803 5213 950 5263 vero,
988 5197 1155 5252 etiam
1206 5197 1504 5266 imaginum
1566 5195 2026 5268 (quandoquidem

446 5291 746 5346 multiﬁdus
783 5297 867 5344 est
917 5303 1094 5354 error,
1157 5286 1416 5356 multique
1453 5288 1593 5357 apud
1643 5287 1893 5341 ethnicos
1954 5285 2028 5342 dii

440 5384 832 5449 daemones-que
864 5379 1027 5447 sunt)
1059 5391 1283 5431 necesse
1313 5384 1397 5430 est
1429 5376 1608 5446 plures
1646 5390 1770 5431 esse
1803 5375 2025 5439 formas,

444 5484 501 5528 et
533 5473 734 5545 ﬁguras
769 5472 949 5526 varias
1007 5481 1170 5539 atque
1209 5468 1557 5537 multiplices,
1622 5469 1912 5540 specieque
1947 5470 2031 5523 di-

447 5581 658 5630 versas,
682 5565 1024 5632 invicemque
1059 5561 1351 5616 dissimiles
1379 5602 1394 5626 ,
1426 5571 1480 5615 et
1508 5561 1683 5630 ipsum
1716 5560 1845 5614 illud
1896 5562 2029 5616 rude

447 5658 742 5727 unicuique
770 5659 880 5710 Deo
906 5656 1139 5726 positum
1161 5655 1507 5709 simulacrum
1530 5663 1744 5724 oportet
1779 5652 2027 5709 diﬂ'erre.

448 5748 601 5817 Apud
635 5762 732 5801 nos
760 5757 935 5800 autem
983 5744 1328 5800 Christianos
1377 5761 1541 5814 quum
1590 5744 1821 5815 simplex
1875 5744 1946 5797 sit
1977 5754 2032 5798 et

451 5840 679 5899 indivisa
708 5839 929 5906 vetitas,
953 5837 1082 5908 quia
1108 5852 1247 5892 unus
1277 5848 1359 5892 est
1380 5837 1652 5905 Christus,
1680 5853 1783 5892 una
1815 5851 2031 5907 quoque

2052 4522 2101 4580 υ

2128 3269 2313 3331 αὐτοῖς
2346 3268 2572 3339 πρώτην
2615 3269 2708 3319 καὶ
2768 3267 3030 3336 δευτέραν
3076 3265 3240 3332 θεῶν,
3282 3268 3384 3320 καὶ
3439 3265 3694 3337 ὑπεροχὰς

2126 3360 2188 3428 δή
2208 3376 2381 3422 τινας,
2413 3360 2509 3411 καὶ
2535 3360 2731 3430 μέτρα,
2752 3360 2846 3411 καὶ
2874 3359 3205 3428 ἀξιωμάτων
3227 3358 3497 3430 διαφορὰς
3517 3359 3695 3427 νέμου-

2130 3466 2213 3502 σιν
2231 3463 2245 3477 ·
2269 3448 2361 3502 ἵνα
2386 3447 2549 3518 εἴπερ
2586 3448 2922 3520 Ἐλληνίζειν
2947 3449 3147 3512 αὐτοὺς
3175 3448 3313 3511 δέοιο
3335 3450 3445 3502 τῶν
3471 3447 3695 3517 ὑπερφέ⁹

2130 3542 2332 3612 ρόντων
2363 3543 2518 3595 αὐτοὶ
2542 3541 2616 3613 μὴ
2634 3543 3092 3613 ἀπο-τυγχάνοιεν.
3112 3542 3558 3614 Ὑπεραγάσαιτο
3581 3540 3621 3609 δέ
3636 3541 3693 3600 ἄν

2125 3652 2210 3696 τις
2237 3634 2336 3703 τῆς
2360 3634 2723 3705 ἀναισθησίας
2752 3634 2968 3699 αὐτοὺς.
3004 3634 3079 3698 ὡς
3111 3635 3350 3697 συνιδεῖν
3382 3636 3482 3693 οὐκ
3499 3634 3694 3689 ἐθέλου-

2127 3743 2232 3789 σιν,
2269 3728 2316 3778 εἰ
2351 3726 2423 3796 μή
2455 3743 2509 3779 τι
2539 3722 2634 3780 οὖν
2670 3725 2818 3787 ἄλλο.
2850 3725 2910 3778 τὸ
2942 3726 3071 3793 γοῦν
3127 3726 3335 3788 ἰδιάζον
3364 3727 3443 3780 ἑν·
3474 3725 3695 3796 ἑκατέρα

2124 3820 2233 3873 τῶν
2258 3818 2592 3891 θρησκέιῶν,
2613 3819 2722 3875 τῶν
2743 3835 2801 3871 τε
2832 3818 2999 3883 ναῶν,
3022 3817 3133 3871 τῶν
3155 3834 3215 3871 τε
3245 3817 3451 3874 θυσιῶν
3478 3818 3537 3871 τὸ
3558 3818 3698 3887 ἐξηλ-

2124 3913 2418 3984 λαγμένον,
2448 3914 2542 3966 καὶ
2570 3912 2678 3965 τῶν
2696 3911 3137 3982 εἰκονιζομένων,
3162 3912 3366 3967 ὁπόσον
3391 3914 3507 3967 ἐστὶ
3523 3913 3580 3967 τὸ
3596 3914 3697 3967 διάο

2127 4024 2327 4079 φορονο
2370 4009 2454 4062 ὅτι
2487 4005 2743 4076 καθάπερ
2781 4007 2848 4059 τά
2892 4006 3385 4078 προσκυνούμενα,
3425 4008 3488 4062 τὸ
3525 4008 3696 4076 διῳκι-

2128 4099 2328 4167 σμένον
2351 4097 2703 4168 ἀσυγκρίτως
2730 4096 2968 4150 εἰσάπαν
2987 4095 3175 4166 ἔχουσι
3196 4096 3287 4169 (τά
3316 4099 3427 4168 μὲν
3453 4098 3561 4169 γὰρ
3587 4097 3697 4158 θεῖα

2127 4188 2222 4250 καὶ
2252 4187 2548 4255 σεϐάσμια,
2599 4186 2667 4238 τά
2708 4185 2764 4239 δὲ
2795 4184 3061 4254 βδελυκτά
3089 4184 3188 4239 καὶ
3220 4184 3523 4256 δαιμόνια),
3568 4181 3698 4240 σου)

2125 4279 2189 4349 δὴ
2209 4279 2303 4331 καὶ
2319 4277 2429 4331 τῶν
2451 4279 2508 4331 ὲν
2531 4271 2613 4340 οἷς
2644 4278 2676 4348 ἡ
2698 4275 2969 4347 θεραπεία
2989 4274 3200 4331 τούτων
3231 4276 3474 4330 τελεῖται
3508 4274 3695 4333 τόπων,

2126 4371 2354 4442 προσέτι
2386 4369 2441 4424 δὲ
2468 4369 2566 4424 καὶ
2598 4368 2692 4421 τοῦ
2717 4370 2932 4442 τρόπου
2974 4367 3034 4421 τὸ
3066 4370 3514 4447 ἀποκεκριμένον
3549 4384 3696 4437 περιε-

2130 4461 2443 4532 φανέστατα
2519 4461 2856 4531 κέκτηνται·
2921 4460 3109 4514 ἐκεῖνα
3165 4463 3267 4532 μὲν
3316 4461 3467 4534 γὰρ,
3522 4459 3694 4531 ἐπειδὴ

2130 4554 2382 4613 σκοτεινὰ
2405 4554 2507 4608 καὶ
2533 4553 2756 4616 σκότους
2791 4552 2930 4607 εἰσὶν
2956 4554 3102 4620 ἄξια,
3138 4555 3198 4606 ὲν
3247 4554 3427 4625 σκότῳ
3455 4553 3698 4616 πολλάκις

2128 4642 2567 4714 ἐπιτελούμενα,
2626 4643 2973 4715 ὑποχθονίοις
3037 4645 3265 4709 ἀδύτοις.
3311 4647 3407 4700 καὶ
3477 4646 3683 4717 ἄντροις

2130 4737 2559 4805 συγκατακλείει
2610 4738 2678 4791 τά
2752 4738 3106 4809 τελεστήριαο
3172 4737 3243 4793 τὰ
3296 4739 3382 4793 δὲ’
3429 4740 3697 4811 ἡμέτερα,

2128 4829 2318 4900 ἐπειδὴ
2363 4831 2421 4881 ἐν
2455 4829 2535 4900 τῷ
2581 4831 2719 4898 φωτὶ
2759 4831 2851 4884 τοῦ
2894 4829 3189 4902 προσώπου
3232 4833 3441 4905 Κυρίου
3488 4830 3698 4905 πορευό-

2131 4920 2291 4997 μεθα,
2349 4919 2429 4989 τῷ
2482 4919 2749 4990 φωτισμῴ
2804 4919 2905 4989 τῆς
2953 4919 3108 4985 θείας
3141 4920 3469 4993 ἐλλάμψεως
3519 4922 3609 4977 καὶ
3646 4920 3697 4970 ὲν

2131 5010 2274 5081 φωτὶ
2322 5009 2728 5069 ὲκκαλύπτεται
2787 5013 2949 5083 ἡμῶν
2977 5010 3047 5065 τὰ
3093 5013 3412 5083 μυστήρια,
3470 5013 3550 5065 ὅτι
3594 5010 3697 5082 φῶς

2132 5105 2263 5161 εἰσι.

2203 5197 2304 5254 λα’.
2339 5196 2460 5250 Τῶν
2510 5196 2567 5253 δὲ
2619 5194 3062 5268 εἰκονιζομένων,
3105 5198 3269 5270 ἡνίκα
3308 5197 3627 5270 πολυσχιδὴς
3669 5196 3697 5265 ἡ

2132 5289 2307 5361 πλάνη
2331 5288 2544 5361 (πολλοὶ
2567 5289 2676 5361 γὰρ
2701 5290 2834 5362 παρ’
2855 5291 3037 5355 αὐτοῖς
3059 5289 3173 5351 θεοί
3203 5309 3262 5345 τε
3291 5293 3383 5346 καὶ⁸
3414 5292 3694 5363 δαίμονες).

2131 5382 2349 5453 ἀνάγκη
2388 5381 2613 5445 πλείους
2642 5377 2783 5437 εἶναι
2808 5383 2904 5441 καὶ
2925 5382 3023 5446 τὰς
3059 5384 3293 5455 μορφὰς,
3327 5386 3421 5438 καὶ
3452 5384 3521 5438 τὰ
3550 5386 3698 5436 ἐκτυ-

2133 5471 2374 5543 πώματα
2409 5472 2629 5526 ποικίλα
2661 5473 2757 5526 καὶ
2793 5474 3249 5545 πεπληθυσμένα,
3283 5475 3376 5533 καὶ
3405 5477 3518 5539 τοῖς
3542 5470 3695 5526 εῖδεσι

2133 5562 2462 5634 διαφέροντα
2486 5604 2500 5629 ,
2534 5563 2628 5617 καὶ
2669 5564 2945 5632 ἀνομοίων
2973 5565 3230 5635 ἀνόμοια,
3283 5567 3378 5619 καὶ
3415 5565 3477 5619 τὸ
3506 5564 3693 5635 βρέτας

2133 5654 2351 5724 ἑκάστῳ
2389 5654 2681 5708 ἀλλόκοτον
2720 5655 3114 5725 ἀνατιθέμενον
3139 5672 3155 5688 ο
3191 5658 3322 5727 παρ’
3350 5658 3483 5725 ἡμῖν
3513 5656 3567 5708 δὲ
3597 5654 3696 5712 τοῖς

2134 5747 2486 5816 Χριστιανοῖς
2519 5746 2697 5815 ἁπλῆς
2730 5744 2900 5817 οὔσης
2940 5749 3036 5801 καὶ
3079 5749 3417 5804 ἀσκεδάστου
3447 5748 3544 5821 τῆς
3574 5745 3693 5813 ἀλη-

2135 5839 2305 5910 θείας,
2339 5840 2527 5916 ὲπειδὴ
2568 5834 2648 5905 εἷς
2677 5841 2825 5895 ἐστιν
2852 5843 2880 5894 ὁ
2912 5840 3172 5912 Χριστὸς,
3218 5843 3320 5913 μία
3351 5840 3427 5911 τῷ
3453 5840 3577 5894 εῖδει
3605 5832 3690 5902 κβ)
