4004 6446
368 432 482 502 625

1230 445 1801 510 APOLOGETICUS
1839 451 1988 513 PRO
2025 453 2300 514 SACRIS
2338 453 2824 517 IMAGINIBUS.
2908 522 2917 531 ι

3541 450 3644 513 623

365 549 608 641 lotium;
639 553 674 624 ἢ
727 551 946 618 πάντως
983 554 1245 625 ἀληθεύει
1277 559 1373 613 καὶ
1406 563 1760 631 συντηρεὴαι
1803 565 1837 632 ἡ
1866 562 1963 616 τοῦ

2090 568 2218 622 erit?
2268 568 2382 625 lmo
2422 569 2471 626 is
2528 569 2818 626 verissime
2871 568 3135 638 loquitur,
3183 575 3648 635 conservaturque

298 672 303 677 -
371 644 612 711 Χριστοῦ
669 644 1002 715 Ἐκκλησία,
1034 649 1243 712 παντὸς
1277 650 1486 719 μύσους
1534 652 1819 707 είδωλικοῦ
1864 672 1966 708 κα-

2090 658 2271 715 ]Ιιτῑειί
2302 658 2544 716 Ecclesia
2566 661 2714 716 omni
2747 659 2942 716 idolica
2972 657 3378 713 abominatione
3417 672 3645 724 carens;

270 794 283 797 _
372 732 715 806 θαρεύουσα,
745 735 844 825 καλ⁸
870 735 1139 806 ψεύδεσθε
1168 740 1326 810 ὑμεῖς
1356 742 1433 806 ὡς
1453 742 1549 796 τοῦ
1580 742 1812 814 ψεύδους
1840 748 1968 817 ἐρα-

375 827 523 890 σταὶ,
559 828 655 880 καὶ
684 827 826 900 ὅπερ
855 829 1009 887 ἐστὶν
1042 831 1379 904 οίκειότερον
1410 835 1587 889 εἰπεῖν
1616 835 1711 890 καὶ
1740 836 1970 891 ἀκολου-

371 913 495 979 θον,
525 915 792 973 λαλοῦντα
815 920 874 973 ὲν
907 920 1123 986 ἑαυτοῖς
1153 923 1247 976 τὸν
1301 925 1671 996 Ἀντίχριστον
1713 927 1929 999 ἔχοντες
1951 945 1966 959 ⁸

379 1006 477 1059 Ἐν
508 1007 831 1082 δικαιοσύνῃ
864 1009 921 1063 δὲ
953 1012 1102 1076 ὅπως
1126 1012 1224 1066 καὶ
1249 1013 1308 1066 ὲν
1335 1016 1565 1086 κρίματι
1604 1018 1697 1070 καί
1724 1021 1781 1072 ἐν
1805 1017 1968 1074 ἐλέει.

379 1098 513 1153 Ὀτι
556 1099 855 1169 ἑρῤύσατο
889 1102 1050 1174 ἡμᾶς
1085 1105 1155 1158 ἐκ
1194 1104 1309 1174 τῆς
1346 1107 1638 1175 ἐξουσίας
1681 1109 1787 1169 τοῦ
1834 1112 1974 1164 σκό-

270 1215 281 1223 ·
375 1209 553 1260 τους,
606 1196 703 1250 καὶ
741 1196 841 1267 τῆς
884 1196 1128 1260 δουλείας
1178 1202 1279 1268 τῆς
1327 1200 1534 1274 φθορᾶς
1572 1202 1968 1275 ἠλευθέρωσεν·

382 1285 517 1338 Ὅτι-
541 1287 687 1354 Θεὸς
723 1284 827 1358 ἦν,
871 1291 1061 1359 φησιν,
1099 1291 1171 1344 ἐν
1202 1291 1436 1359 Χριστῷ
1481 1295 1717 1363 κόσμον
1749 1298 1971 1349 καταλ-

378 1376 639 1433 λάσσων
680 1378 894 1448 ἐλλυτῷ-
920 1383 1008 1451 μὴ
1062 1383 1445 1455 λογιζόμενος
1495 1388 1702 1454 αὐτοῖς
1732 1386 1807 1441 τὰ
1860 1404 1974 1442 πα-

312 1534 329 1539 _
373 1486 740 1541 ραπτωματα
763 1474 984 1529 αὐτῶν.
1008 1476 1146 1530 Πότε
1175 1479 1380 1544 rufam;
1409 1479 1540 1533 Ὅτε
1568 1478 1630 1535 Ἠ
1645 1483 1977 1550 φιλανθρω-

384 1562 635 1617 πία.τοῢ
682 1564 960 1634 Σωτῆρος
997 1568 1170 1637 ἡμῶν
1199 1568 1488 1639 ,ἐπεφάνη
1539 1569 1722 1635 Θεοῦ,
1769 1574 1880 1626 οὐκ
1908 1572 1977 1635 ἐξ

384 1642 576 1723 ἐρτὶων
600 1653 722 1708 τῶν
752 1656 824 1710 ἐν
849 1658 1209 1732 δικαιοσύνῃ
1239 1656 1330 1714 ὧν
1364 1661 1764 1732 ἐποιήσαμεν,
1816 1662 1980 1718 ἀλλὰ

346 1786 353 1794 .
384 1745 542 1799 κατὰ
571 1747 640 1799 τὸ
669 1747 861 1802 αὑτοῦ
892 1750 1067 1817 ἕλεος
1103 1752 1343 1806 ἔσωσεν
1371 1752 1531 1822 ἡμεῖς
1569 1754 1670 1809 διὰ
1716 1756 1978 1824 λουτροῦ

386 1839 891 1905 παλιγγενεσίας,
945 1838 1065 1895 καῖ
1103 1834 1566 1912 ἀνακαινώσεως
1629 1849 1977 1917 Πνεύματος

2067 764 2271 818 vosque
2340 751 2520 820 potius
2593 750 2895 806 mentimini
2980 748 3250 804 mendacii
3326 757 3644 809 amatores.

2073 839 2232 910 185
2245 843 2496 912 quodque
2511 842 2687 914 magis
2702 842 2980 912 proprium
2994 849 3048 895 et
3060 846 3483 895 consentaneum
3501 838 3649 892 dice-

2073 941 2180 999 tur,
2200 933 2588 990 Antirhristum
2617 930 2831 991 habetis
2860 933 2912 988 in
2939 931 3096 988 vobis
3126 931 3459 1001 loquentem.
3502 928 3651 994 Quo-

2073 1025 2233 1079 modo
2280 1032 2460 1078 antem
2514 1023 2567 1077 in
2599 1023 2812 1092 jnstitia
2836 1031 2892 1077 et
2918 1020 3132 1090 judicio
3159 1028 3217 1076 et
3263 1018 3648 1073 misericordia

2072 1113 2203 1168 illud
2240 1113 2439 1169 factum
2472 1108 2705 1169 dicitur?
2736 1112 2877 1180 Quia
2923 1112 3113 1181 eripuit
3143 1127 3236 1166 nos
3291 1108 3357 1166 de
3394 1117 3654 1179 potestate

2075 1204 2409 1258 tenebrarum
2447 1201 2516 1272 ",
2561 1212 2617 1259 et
2668 1204 2735 1259 de
2784 1203 3107 1273 corruptelae
3154 1202 3418 1260 servitute
3456 1199 3655 1255 libera-

2074 1292 2153 1346 vit
2184 1291 2250 1371 ".
2288 1291 2553 1359 Quoniam
2578 1291 2723 1347 Deus
2748 1302 2884 1359 erat,
2914 1292 3110 1362 inquit,
3147 1293 3203 1345 in
3227 1290 3468 1357 Christo,
3497 1307 3654 1343 mun-

2075 1384 2202 1438 dum
2247 1384 2592 1439 reconcilians
2644 1384 2789 1450 sibi,
2830 1400 2934 1438 non
2972 1395 3223 1455 reputans
3271 1382 3380 1437 illis
3447 1380 3642 1434 delicta

2077 1479 2311 1547 ipsorum
2344 1477 2415 1533 ¹⁹.
2442 1474 2673 1543 Quando
2700 1475 2856 1531 haec!
2876 1472 3007 1530 Cum
3029 1476 3323 1546 benignitas
3357 1472 3656 1529 Servatoris

2078 1558 2245 1624 nostri
2274 1570 2521 1638 apparuit
2555 1567 2677 1633 Dei,
2698 1585 2800 1625 non
2823 1584 2889 1624 ea:
2911 1569 3155 1637 operibus
3185 1582 3304 1638 quce
3360 1583 3452 1620 nos
3481 1566 3534 1618 iu
3566 1564 3660 1633 ju-

2076 1664 2223 1717 stitia
2251 1662 2549 1730 lecerimus,
2573 1663 2662 1716 sed
2702 1662 2989 1716 secundum
3028 1677 3179 1721 suam
3246 1660 3657 1714 misericordiam

2080 1752 2300 1805 saluauit
2333 1769 2426 1806 nos
2457 1766 2550 1820 per
2578 1751 2852 1806 lavacrum
2892 1752 3307 1824 regenerationis
3338 1762 3383 1804 et
3442 1767 3660 1804 renova—

2081 1844 2239 1897 tionis
2285 1841 2519 1911 Spiritus
2561 1845 2751 1907 sancti,
2770 1861 2920 1914 quem
2984 1844 3170 1915 effudit
3208 1845 3263 1897 in
3305 1861 3397 1897 nos
3456 1843 3660 1896 abunde

386 1929 563 1996 ἁγίου
580 1969 595 1993 ,
623 1925 705 1984 οὗ
718 1930 963 2001 ἐξέχεεν
983 1934 1077 2003 ἐφ’
1106 1935 1265 2002 ’ἡμᾶς
1289 1939 1603 2005 πλουσίως
1628 1939 1727 1993 διὰ
1771 1941 1977 2009 Ἰησοῦ

2090 1953 2174 1999 per
2221 1937 2402 1991 Iesum
2452 1937 2715 1991 Christum
2751 1932 3085 1992 Seruatorem
3128 1948 3405 2001 nostrum;
3463 1946 3517 1988 ut
3566 1935 3660 2005 ju-

336 2046 347 2059 ι
372 2018 651 2087 ,Χριστοῦ
689 2022 795 2075 τοῦ
820 2023 1089 2092 Σωτῆρος
1120 2027 1305 2095 ἡμῶν·
1334 2029 1436 2082 ἵνα
1462 2029 1877 2099 δικαιωθέντες
1900 2033 1976 2102 τῇ

388 2103 629 2158 ἐκείνου
658 2105 851 2175 χάριτι
871 2150 886 2175 ,
915 2115 1283 2183 κληρονόμοι
1313 2117 1620 2187 γενώμεθα
1652 2118 1800 2189 ζωῆς
1839 2124 1978 2176 alw-

394 2197 551 2251 νίου.
583 2197 705 2252 Ἐπὶ
721 2201 975 2257 τοσοῦτον
1003 2206 1112 2274 γὰρ
1136 2207 1674 2281 ὑπερεπερίσσευσεν
1695 2215 1725 2266 ὁ
1750 2214 1979 2279 πλοῦτος

399 2286 503 2356 τῆς
530 2291 896 2359 χρηστότητος
941 2294 1107 2373 αὐτού
1138 2298 1219 2359 είς
1244 2299 1393 2368 ἡμᾶς
1414 2342 1430 2364 ,
1476 2300 1618 2356 ὥστε
1651 2303 1738 2356 διὰ
1771 2300 1865 2357 τοῦ
1904 2307 1980 2357 οίκ

400 2377 550 2431 κείου
589 2380 823 2450 αἵματος
867 2384 1313 2453 ἀποκαταλλάξαι
1358 2391 1435 2461 τῷ
1468 2391 1591 2462 Θεῷ
1638 2396 1732 2448 καὶ
1761 2395 1938 2467 Πατρὶ
1962 2435 1979 2461 ,

396 2469 973 2560 ἐκπεπολεμωμένους
1000 2477 1163 2543 ὄντας
1196 2480 1282 2535 διὰ
1317 2482 1425 2536 τῶν
1471 2482 1763 2556 αμαρτιῶν
1799 2487 1980 2560 ἡμῶνο

393 2559 461 2610 ού
491 2559 601 2629 γὰρ
630 2563 895 2634 πρέσϐυς,
935 2567 1036 2619 οὐκ
1066 2567 1325 2639 ἄγγελος,
1365 2572 1484 2626 ἀλλ’
1532 2575 1696 2639 αὐτὸς
1724 2578 1753 2629 ὁ
1783 2559 1984 2648 Κύριος

393 2648 605 2705 ἔσωσεν
634 2653 801 2724 ἡμᾶς·
827 2655 1011 2711 πίστιν
1030 2657 1089 2712 δὲ
1114 2660 1276 2730 ἡμεῖς
1306 2661 1559 2737 καθαρὰν
1592 2667 1686 2719 καὶ⁸
1715 2666 1995 2738 εἰλικρινῆ

354 2782 367 2789 ρ
396 2743 846 2814 προσφέροντες,
903 2748 1003 2820 τὴν
1060 2750 1212 2807 θείαν
1274 2750 1615 2828 πλουτοῦμὲν
1664 2758 1984 2827 ἐπίγνωσιν,

396 2833 499 2886 καὶ
526 2835 625 2905 τῆς
652 2837 805 2908 παρὰ
830 2838 965 2893 Θεοῦ
998 2841 1348 2915 δικαῐοσύνης
1378 2849 1460 2910 είς
1487 2847 1581 2901 τὸν
1612 2849 1786 2901 αίῶνα
1819 2863 1988 2901 πνευ-

400 2928 669 2993 ματικοὺς
716 2928 1031 3002 δρεπόμεθα
1085 2936 1213 3000 τοὺς
1257 2940 1525 3007 καρπούς.
1580 2935 1815 3013 Ἕτερος
1855 2943 1989 3015 ἡμῖν

394 3014 836 3092 τῶν’μακαρίων
878 3026 1178 3097 προφητῶν
1206 3030 1550 3098 ὲπιφωνείτω
1575 3034 1633 3087 ἑν
1671 3014 1947 3106 πνεύματι
1971 3076 1987 3103 ,

395 3108 601 3177 λέγων·
643 3113 743 3168 Ἔν
766 3112 841 3184 τῇ
872 3116 1060 3185 ἡμέρᾳ
1084 3119 1288 3189 ἐκείνῃ
1305 3163 1319 3185 ,
1346 3121 1506 3191 λέγει
1535 3124 1751 3193 Κύριος
1774 3165 1788 3188 ,
1838 3142 1990 3181 συν-

396 3203 532 3266 άξω
563 3204 678 3273 τὴν
730 3207 1249 3279 συντετριμμένην
1307 3215 1408 3268 καὶ
1465 3214 1581 3281 τὴν
1624 3216 1993 3286 ἀπωσμένην

398 3294 770 3366 εἰσδέξομαι,
824 3300 922 3353 καὶ
947 3301 1053 3367 οὓς
1074 3302 1433 3372 ἁπωσάμην·
1458 3306 1559 3359 καὶ
1587 3306 1849 3377 θήσομαι
1873 3308 1991 3378 τὴν

400 3391 928 3460 συντετριμμένην
957 3397 1046 3461 εὶς
1069 3397 1432 3479 ὑπόλειμμα,
1454 3400 1551 3453 καί
1583 3397 1699 3467 τὴν
1717 3400 1996 3471 ἀπωσμέ-

398 3500 530 3552 νην
568 3487 655 3552 εὶς
700 3485 876 3554 ἔθνος
922 3492 1195 3568 ἰσχυρὸν,
1240 3492 1341 3546 καὶ
1379 3494 1747 3558 βασιλεύσει
1781 3494 1995 3564 Κύριος

396 3575 505 3631 ἐπ’
531 3578 752 3647 αὐτοὺς
778 3583 851 3635 ἐν
875 3581 997 3651 ὄρει
1038 3582 1192 3637 Σιὼν
1215 3585 1335 3639 ἀπὸ
1364 3584 1470 3640 τοῦ
1499 3585 1631 3641 νῦν
1647 3586 1749 3641 καὶ
1776 3589 1866 3646 sle
1889 3587 1998 3641 τὸν

402 3666 621 3723 αἰῶνα.
668 3670 733 3724 Τί
770 3671 835 3743 δὴ
865 3668 960 3728 οὖν
1009 3674 1174 3728 πάλιν
1218 3676 1279 3729 ἐν
1328 3674 1541 3738 τούτοις
1583 3677 1613 3729 ὁ
1658 3678 1997 3748 προφητικὸς

403 3761 546 3832 ἡμῖν
591 3761 940 3833 διασημαίνει
988 3764 1168 3832 λόγος,
1224 3766 1396 3836 σαφὲς
1440 3765 1507 3822 ἂν
1550 3765 1637 3837 είη
1665 3769 1779 3831 τοῖς
1820 3784 1887 3836 γε
1914 3767 1991 3832 ὡς

409 3852 632 3924 ἀληθῶς
651 3854 997 3927 ἀρτιόφροσι,
1025 3858 1122 3911 καὶ
1137 3860 1205 3912 τὰ
1230 3852 1350 3912 θεῖὰ
1369 3858 1715 3929 θεοπρεπῶς,
1746 3859 1883 3915 ἀλλὰ
1916 3860 1993 3932 μὴ

408 3945 678 4014 ἐμπαθῶς
700 3988 717 4013 ,
760 3949 1215 4019 πεπαιδευμένοις
1248 3951 1588 4022 ὲκδίχεσθαν
1631 3952 1848 4024 ἡμέραν
1885 3971 2002 4007 τοι·

2078 2028 2293 2095 sti/icati
2315 2029 2488 2096 gratia
2532 2029 2718 2096 ipsius,
2740 2028 2972 2084 hwredes
2993 2041 3202 2083 aeterna:
3233 2030 3351 2084 vitae
3379 2029 3546 2084 simus
3590 2028 3656 2080 εί.

2082 2118 2139 2172 in
2195 2128 2403 2173 tantum
2448 2106 2614 2173 enim
2667 2119 3079 2174 :tbnndaverunt
3138 2120 3342 2175 divitiae
3403 2119 3661 2173 bonitatis

2082 2211 2198 2280 ejus
2222 2228 2352 2282 erga
2390 2228 2511 2279 nos,
2540 2222 2597 2266 ut
2615 2212 2833 2282 proprio
2848 2212 3112 2283 sanguine
3135 2227 3233 2266 nos
3258 2213 3366 2267 Deo
3387 2209 3532 2266 Patri
3575 2227 3659 2264 re-

2085 2302 2474 2370 conciliaverit,
2504 2306 2592 2374 qui
2629 2305 2864 2373 peccatis
2892 2306 3093 2360 nostris
3122 2302 3391 2375 subjugati
3422 2318 3661 2358 eramus.

2086 2394 2200 2450 Non
2220 2397 2363 2450 enim
2389 2395 2623 2464 legatus,
2655 2409 2831 2463 neque
2873 2395 3116 2464 angelus,
3138 2394 3233 2450 sed
3258 2393 3377 2463 ipse
3408 2390 3666 2446 Dominus

2083 2486 2310 2540 salvavit
2346 2501 2463 2543 nos.
2500 2486 2669 2542 Porro
2722 2500 2822 2542 nos
2868 2485 3026 2541 [idem
3075 2499 3264 2555 puram
3301 2492 3356 2538 et
3395 2483 3663 2538 sinceram

2087 2578 2425 2646 exhibentes,
2456 2578 2695 2634 divinam
2734 2578 3019 2636 scientiam
3085 2576 3459 2647 adipiscimur,
3495 2588 3548 2630 et
3584 2574 3670 2643 ju-

2089 2672 2248 2728 stitia:
2284 2685 2404 2742 qua:
2427 2671 2590 2729 aDeo
2627 2681 2711 2728 est
2738 2670 3010 2742 spiritales
3039 2671 3090 2725 in
3122 2677 3440 2740 perpetuum
3477 2667 3670 2738 carpi-

2092 2778 2210 2818 mus
2243 2760 2473 2817 fructus.
2504 2759 2610 2817 Sed
2658 2771 2713 2817 et
2760 2761 2900 2818 alius
2938 2763 3221 2838 beatorum
3279 2759 3666 2830 prophetarum

2090 2853 2286 2908 clamet
2313 2854 2366 2909 in
2400 2854 2594 2924 spiritu
2647 2852 2833 2910 dicens
2863 2871 2877 2907 :
2915 2852 2982 2908 In
3016 2851 3101 2907 die
3162 2850 3280 2912 illa,
3302 2850 3443 2925 dicit
3487 2849 3669 2903 Domi-

2091 2962 2210 3011 rtus,
2238 2945 2481 3016 colligam
2508 2946 2815 3010 contritam,
2844 2955 2891 2999 et
2926 2945 3149 3013 ejectam
3205 2942 3475 3011 recipiam,
3504 2951 3555 2994 et
3584 2956 3671 2994 eos

2091 3055 2221 3111 quos
2265 3038 2686 3105 repudiaveram.
2755 3036 3064 3106 Ponamque
3121 3036 3403 3090 contritam
3457 3034 3516 3088 in
3564 3049 3671 3087 rem

2092 3129 2449 3199 superstitem,
2472 3136 2521 3181 et
2548 3127 2771 3198 ejectum
2797 3131 2853 3182 in
2881 3135 3085 3198 gentem
3120 3126 3369 3190 validam,
3396 3135 3445 3179 et
3491 3141 3675 3194 regum

2095 3222 2167 3274 bit
2201 3221 2460 3275 Dominus
2482 3234 2640 3291 super
2656 3233 2743 3275 eos
2787 3218 2844 3274 in
2886 3225 3057 3274 monte
3085 3213 3217 3272 Sion
3242 3232 3309 3271 ea:
3340 3218 3436 3270 hoc
3455 3232 3592 3270 nunc
3623 3224 3674 3271 et

2094 3329 2257 3381 usque
2286 3312 2341 3365 in
2375 3320 2632 3366 internum
2655 3312 2724 3364 ".
2754 3309 2892 3378 Quid
2930 3324 3059 3364 vero
3094 3308 3150 3363 in
3180 3308 3264 3362 his
3308 3322 3495 3362 rursus
3544 3321 3672 3376 pro-

2095 3399 2274 3473 pinetis
2310 3402 2466 3457 nobis
2502 3399 2773 3471 signiticet
2800 3413 3002 3465 sermo,
3035 3402 3377 3471 exploratum
3415 3398 3504 3453 lict
3552 3415 3675 3452 ven:

2096 3495 2472 3564 prudentibus,
2503 3504 2559 3547 et
2596 3493 2778 3547 divina
2824 3501 2987 3562 prout
3026 3493 3136 3547 Deo
3182 3491 3400 3562 dignum
3434 3499 3536 3550 est.
3570 3507 3675 3544 non

2096 3584 2353 3655 humano
2390 3582 2608 3650 aliectu,
2648 3582 2953 3653 intelligere
2989 3582 3221 3638 edoctis.
3284 3582 3431 3636 Diem
3489 3581 3676 3650 itaque

2097 3689 2214 3739 nos,
2245 3687 2303 3729 ut
2331 3689 2430 3749 par
2447 3683 2553 3740 est,
2590 3676 2834 3744 cOgitat-e
2874 3681 3080 3739 monet,
3116 3687 3221 3741 qua
3246 3686 3466 3744 regnum
3506 3673 3677 3726 ctutu—

2099 3780 2219 3821 rum
2247 3765 2720 3835 appropinquavit,
2753 3773 2810 3818 et
2836 3763 3100 3819 ctelorum
3138 3763 3301 3819 simul
3343 3774 3506 3833 atque
3547 3777 3668 3815 mn-

2102 3858 2250 3913 nium
2283 3871 2466 3912 rerum
2516 3866 2711 3926 potens
2769 3856 3187 3925 dominatorque
3231 3857 3500 3920 rex,'cnm
3522 3862 3682 3907 terrm

2105 3949 2297 4006 incolis
2318 3956 2565 4004 versatile
2607 3957 2692 4003 est
2723 3966 2737 4000 :
2764 3945 2833 4001 Ut
2872 3946 3069 4017 faceret
3130 3956 3349 4015 utraque
3403 3959 3587 4008 unum,
3632 3953 3679 3994 rt

410 4035 622 4107 γαροῢν
643 4039 870 4115 εἰκότως
893 4040 1190 4095 ὑποϐάλλει
1222 4047 1388 4108 νοεῖν,
1420 4043 1542 4098 καθ’
1575 4044 1643 4114 ἣν
1684 4044 1718 4115 ὴ
1755 4042 1986 4115 βασιλεία

2090 4040 2473 4096 reconciliaret
2512 4037 2744 4094 calestia
2780 4053 2901 4091 cum
2949 4036 3283 4091 terrestribus
3333 4049 3424 4099 per
3476 4049 3681 4087 crucem

410 4126 529 4181 τῶν
563 4120 811 4202 οὐρανῶν
835 4131 1036 4203 ῆγτικε
1060 4172 1077 4198 ,
1107 4133 1205 4187 καὶ
1239 4134 1270 4186 ὁ
1316 4135 1428 4187 τῶν
1460 4133 1710 4205 οὐρανῶν
1738 4136 1833 4189 καὶ
1864 4137 1986 4191 nam

2105 4151 2279 4193 suam.
2328 4132 2564 4187 medium
2594 4131 2846 4200 parietem
2894 4131 3139 4184 maceria:
3183 4129 3410 4189 soluens,
3458 4126 3678 4178 inimici-

411 4236 528 4274 των
564 4223 947 4293 κατακρατῶν
970 4225 1069 4278 καὶ
1113 4225 1387 4296 κυριεύων
1424 4225 1713 4297 βασιλεὺς,
1749 4227 1864 4290 τοῖς
1913 4228 1986 4284 ἑτέ

2113 4226 2241 4280 tiam
2265 4224 2325 4279 in
2349 4238 2509 4277 carne
2535 4238 2657 4287 sua,
2692 4223 2833 4277 sicut
2858 4221 3055 4276 alicubi
3085 4221 3244 4275 divus
3272 4220 3348 4273 ait
3392 4218 3587 4271 Paulus
3618 4218 3684 4271 “.

415 4311 524 4382 γῆς
549 4311 965 4385 ἐπιδεδημηκὼς
1012 4316 1436 4386 προσωμίλησεν
1461 4333 1474 4348 ·
1501 4316 1636 4370 Ἵνα
1663 4315 1893 4385 ποιήσῃ
1924 4314 1998 4370 τὰ
2034 4314 2339 4385 ἀμφότερα
2363 4310 2453 4381 ἐν,
2492 4312 2594 4367 καὶ
2652 4309 3131 4380 ἀποκαταλλάξῃ
3194 4311 3269 4364 τὰ
3307 4309 3378 4361 ἐν
3409 4304 3688 4375 οὐρανοῖς

415 4408 519 4461 καί
559 4410 634 4463 τὰ
670 4409 770 4462 ἐπὶ
807 4408 919 4476 τῆς
960 4407 1075 4479 τῆς
1108 4408 1211 4464 διὰ
1248 4411 1355 4470 τοῦ
1383 4410 1653 4479 σταυροῦ
1680 4410 1870 4465 αὑτοῦ
1892 4452 1907 4475 ,
1936 4412 2002 4464 τὸ
2037 4396 2405 4481 μεσότοιχον
2440 4407 2550 4463 τοῦ
2568 4407 2841 4481 φραγμοῦ
2862 4409 3084 4473 λύσας,
3123 4406 3242 4474 τὴν
3265 4405 3490 4475 ἔχθραν
3512 4405 3582 4458 ἐν
3614 4401 3689 4470 τῇ

418 4501 825 4570 σαρκὶαύτοῦ·
863 4500 1006 4555 καθά
1038 4519 1145 4555 που
1177 4502 1256 4574 τῷ
1288 4502 1418 4573 θείῳ
1447 4503 1664 4575 εἴρηται
1708 4503 1927 4576 Παύλῳ.

505 4593 564 4645 '0
592 4593 771 4646 τοίνυν
802 4593 865 4646 τὸ
900 4593 1215 4665 σύντριμμα
1239 4593 1396 4665 ἡμῶν
1447 4592 1699 4665 ἰώμενος,
1727 4595 1755 4647 ὁ
1787 4593 1889 4660 τὰς
1919 4593 1986 4648 νά

2184 4595 2286 4662 Qui
2318 4610 2451 4666 ergo
2500 4603 2746 4648 nostram
2804 4590 3192 4647 contritionem
3223 4600 3402 4657 sanat,
3453 4590 3544 4660 qui
3597 4608 3693 4644 no-

422 4700 552 4747 σους
583 4683 740 4754 ἡμῶν
764 4683 1042 4753 βαστάσας
1068 4685 1167 4738 καὶ
1199 4683 1556 4756 μαλακισθεὶς
1583 4684 1670 4739 διὰ
1696 4687 1796 4757 τᾲς
1825 4684 1986 4757 ἁμαρ

2111 4702 2257 4746 atras
2288 4687 2638 4763 inﬁrmitates
2667 4686 2928 4755 portavit,
2974 4695 3029 4739 et
3069 4693 3293 4756 propter
3334 4694 3518 4739 nostra
3556 4702 3691 4754 ρειτ-

422 4776 543 4838 τίας
576 4775 755 4847 ⁴ίιμῶν,
801 4778 829 4830 ὁ
864 4777 1110 4848 κηρύξας
1146 4776 1518 4847 αἰχμαλώτοις
1553 4776 1753 4847 ἄφεσιν
1784 4778 1879 4849 καὶ
1906 4794 1986 4831 τυ·

2114 4792 2233 4836 cata
2259 4780 2486 4850 languit,
2527 4779 2623 4849 qui
2662 4778 2892 4848 captivis
2947 4778 3319 4832 remissionem
3362 4777 3692 4845 praedicarit.

423 4867 578 4936 φλοίέ
596 4866 913 4936 ἀνάϐλεψιν,
946 4869 1041 4922 καὶ
1069 4870 1182 4932 τοῖς
1207 4870 1264 4921 ὲν
1290 4869 1474 4921 σκότει
1502 4869 1597 4925 καλ
1622 4869 1752 4938 σκιᾷ
1773 4868 2006 4922 θανάτου

424 4961 757 5032 καθημένοις
797 4961 858 5015 τὸ
906 4960 1023 5032 φῶς
1073 4962 1240 5026 ἐνιεὶς
1291 4961 1392 5031 τῆς
1442 4960 1678 5032 ἀληθοῦς
1717 4961 2010 5029 γνώσεως,

425 5054 589 5116 αὐτὸς
619 5054 721 5124 τὴν
757 5054 1231 5125 συντετριμμένην
1272 5056 1549 5125 συνήγαγε
1570 5069 1584 5084 ⁸
1620 5056 1811 5107 νοοῖτο.
1844 5053 1889 5106 δ’
1947 5053 2013 5106 ἂν

427 5144 595 5199 πάλιν
616 5142 841 5208 εἰκότως
867 5145 1019 5199 πᾶσα
1040 5145 1189 5216 ψυχὴ
1213 5145 1397 5216 ἔργοις
1422 5144 1624 5217 χειρῶν
1653 5145 2013 5216 ἀνθρωπίνων

426 5237 835 5308 ταπεινουμένη
891 5238 990 5292 καὶ
1047 5236 1480 5304 ὑποκύπτουσα,
1535 5239 1631 5292 καὶ
1685 5238 1896 5300 τούτοις
1953 5238 2014 5291 τὸ

432 5330 712 5403 ἐξαίρετον
746 5334 841 5387 καὶ
890 5333 1255 5403 ἀνακείμενον
1309 5334 1428 5405 Θεῷ
1480 5334 1803 5389 ἀνάπτουσα
1854 5333 2016 5387 σέϐα-

2115 4885 2167 4928 ει
2192 4872 2354 4929 caecis
2379 4874 2576 4939 visunt,
2610 4871 3035 4942 sedentibusquc
3067 4870 3122 4925 in
3168 4869 3408 4925 tenebris
3428 4879 3483 4924 et
3508 4854 3698 4923 umbia

2117 4968 2309 5022 mortis
2336 4980 2479 5020 verm
2502 4965 2752 5021 scientia:
2772 4964 2955 5019 lumen
2993 4962 3241 5030 immisit,
3265 4963 3383 5033 ipse
3405 4962 3696 5017 contritam

2116 5057 2356 5127 collegit.
2411 5054 2739 5112 Consideret
2768 5065 2951 5111 autem
2992 5054 3189 5109 merito
3229 5053 3435 5124 qumvis
3492 5051 3693 5115 anima,

2118 5166 2239 5219 quae
2265 5150 2631 5204 humanarum
2665 5161 2925 5203 manuum
2956 5145 3219 5217 operibus
3242 5154 3413 5199 semet
3446 5144 3697 5198 ltnmiliat

2123 5252 2286 5309 atqne
2315 5241 2631 5311 prosternit,
2677 5249 2842 5310 atque
2870 5240 2955 5294 bis
3009 5240 3117 5292 Deo
3155 5236 3511 5306 singulariter
3554 5236 3701 5290 debi-

2127 5348 2239 5389 tum
2271 5335 2534 5391 honorem
2578 5333 2790 5389 tribuit.
2836 5332 3053 5387 Etenim
3088 5330 3402 5387 Creatorem
3444 5345 3601 5385 sumu
3636 5346 3699 5385 ac

433 5440 579 5492 σμαο
600 5423 692 5478 τὸν
722 5425 829 5497 γὰρ
857 5425 1069 5478 ἑαυτῶν
1096 5427 1439 5497 Δημιουργδν
1466 5427 1561 5480 καὶ
1590 5426 1888 5498 Δεσπότην,
1920 5427 1979 5479 οὺ

2122 5426 2412 5482 Dominum
2460 5426 2779 5482 nesciebant
2835 5425 2890 5480 hi
2947 5424 3284 5486 deerrantes,
3345 5436 3446 5477 nec
3507 5437 3695 5478 eorum

432 5510 636 5587 ἦδεσαν
670 5519 719 5571 οἱ
761 5519 1144 5590 πλανώμενον
1187 5514 1264 5574 ὧν
1316 5522 1366 5573 οί
1400 5520 1558 5583 πόδες
1606 5519 1744 5590 ὀρθὰ
1783 5518 1986 5589 βαδίζει

2124 5518 2287 5590 pedes
2316 5528 2465 5575 recte
2488 5519 2772 5575 ambulare
2802 5526 3087 5581 noverant,
3121 5512 3510 5584 asperitatibus
3537 5523 3700 5584 atque

433 5608 538 5662 οὐκ
589 5609 828 5676 εἰδότες,
879 5615 1001 5676 ταῖς
1048 5612 1355 5685 τραχύτησι
1409 5616 1505 5667 καὶ
1559 5614 1873 5684 σκολιότητι
1923 5614 1986 5683 τῆ

2123 5611 2540 5681 antiquitatibus
2569 5610 2716 5665 falsae
2742 5606 3020 5677 religionis
3061 5607 3328 5675 impediti,
3361 5604 3569 5674 peccati
3602 5620 3698 5661 suo

436 5700 762 5767 δυσσεϐείας
819 5707 1272 5777 περιπταίοντες,
1325 5706 1419 5760 καὶ
1470 5708 1586 5770 τοῖς
1643 5705 1865 5775 σκόλοψι
1926 5706 1986 5777 τῆ

2131 5703 2288 5759 dibus
2317 5703 2655 5773 compuncli,
2684 5697 2973 5755 amictione
3003 5708 3056 5754 ci
3079 5714 3319 5754 .crumnn
3361 5699 3418 5759 ζα
3452 5698 3558 5755 riis
3587 5699 3697 5757 sttit

511 5858 553 5888 ⁸⁸
585 5859 788 5912 Κίλικες.
824 5873 859 5920 t,
901 5859 963 5913 l3
1064 5859 1277 5915 "llum.
1312 5875 1429 5921 \‘lll,
1457 5861 1547 5917 2|.
1627 5862 1670 5892 ²⁹
1693 5859 1735 5915 ιι
1763 5860 1888 5915 Cur.
1921 5878 1950 5915 γ

2160 5863 2202 5894 ¹¹
2246 5862 2351 5916 Tit.
2390 5875 2473 5920 ιιι,
2506 5857 2621 5913 ί-Ἳ.
2700 5858 2742 5886 ⁸¹
2780 5856 2943 5911 Miclt.
2979 5870 3052 5921 tv,
3081 5856 3134 5911 ’7.
3212 5859 3255 5889 ’³
3525 5868 3581 5927 ι.
3608 5854 3692 5925 ιλ,
