3994 6426
530 342 636 408 6Ἰ9

1512 339 1572 397 5.
1616 334 2033 397 NICEPHORI
2073 336 2581 398 PATRIARCHE
2614 337 2724 399 CP.
3658 345 3746 409 680

531 457 707 527 [tcabit
752 455 1018 511 ciuitatem
1068 467 1259 516 meam,
1292 459 1340 505 et
1391 449 1748 519 captivitatem
1789 447 1968 517 populi
2008 446 2108 500 mei

2215 448 2595 518 οἰκοδομήσει
2618 447 2730 515 τὴν
2754 449 2940 502 πόλιν
2952 464 3095 516 μου,
3118 448 3216 503 καί
3240 448 3353 518 τὴν
3366 451 3753 520 αιχμαλωσίαι·

531 549 640 615 ipse
668 552 927 599 conuertet
966 543 1079 596 sine
1105 541 1273 610 pretio
1303 549 1350 592 et
1385 539 1500 593 sine
1530 537 1858 601 muneribus,
1892 540 1964 591 ait
1997 536 2107 590 Do-

533 638 708 690 minus
770 636 1092 689 exercituum
1149 632 1216 687 ³¹.
1270 632 1339 686 Ει
1387 645 1576 684 rursus
1628 628 1794 699 :Ego
1846 628 2110 682 adducam

541 745 722 798 pacem
751 728 821 780 ad
856 727 1120 795 principes
1163 740 1367 789 eorum,
1403 738 1582 790 pacem
1615 732 1663 775 et
1715 721 1997 775 sanitatem
2042 720 2111 774 ad

536 827 711 896 ipsum
732 826 797 880 ⁸⁸.
832 823 1058 893 Magnus
1098 821 1424 892 principatus
1467 819 1604 889 ejus,
1653 828 1701 871 et
1748 818 1894 887 pacis
1944 818 2110 884 ipsius

539 934 643 971 non
680 927 754 970 est
789 915 1063 969 terminus.
1113 913 1282 977 Super
1312 908 1497 962 tltrono
1546 907 1768 962 Davidis
1807 908 1977 978 patris
2027 908 2113 961 sui

537 1003 753 1068 sedebit,
783 1014 834 1055 ut
861 1002 1008 1053 illum
1032 1008 1167 1053 recte
1183 998 1495 1059 constituat,
1522 1009 1743 1067 agatque
1769 1013 1884 1050 cum
1899 997 2112 1066 jnstitia

536 1106 585 1150 et
604 1093 811 1165 judicio
846 1092 1035 1144 abhinc
1066 1100 1114 1143 et
1162 1090 1217 1142 in
1264 1100 1517 1143 wternum
1548 1098 1771 1155 tempus.
1807 1084 1966 1140 Zelus
1998 1087 2111 1142 Do-

537 1186 665 1240 mini
683 1184 1007 1238 exercituum
1036 1181 1146 1234 Ιιίυε
1167 1180 1324 1250 faciet
1346 1178 1580 1247 “.Quod
1603 1193 1732 1249 ergo
1756 1177 1871 1231 Rex
1902 1194 2109 1245 regum,

537 1287 593 1331 et
632 1276 892 1328 Dominus
934 1272 1356 1336 dominantium,
1406 1279 1660 1341 regnator
1713 1269 1866 1339 regni
1919 1269 1999 1323 sui
2057 1269 2112 1322 in

536 1377 822 1427 :eternum,
866 1378 964 1432 per
999 1363 1114 1416 haec
1159 1362 1327 1416 verba
1377 1361 1531 1414 nobis
1566 1359 1876 1423 denotetnr,
1905 1360 1993 1429 qui
2031 1368 2113 1412 est

520 1456 791 1511 .Cbristus
825 1452 973 1508 Deus
1003 1460 1211 1517 noster,
1242 1450 1511 1504 neminem
1541 1450 1631 1518 qui
1663 1462 1943 1519 peractum
1971 1451 2110 1516 apud

540 1555 639 1595 nos
670 1540 1062 1593 incarnationis
1114 1540 1426 1610 mysterium
1470 1540 1701 1600 noverit,
1741 1539 2113 1592 contradictu-

539 1647 659 1686 rutn
698 1639 846 1699 puto.
893 1629 1013 1699 Ipse
1054 1630 1198 1684 enim
1231 1630 1509 1683 evidenter
1556 1640 1661 1694 est,
1692 1639 1749 1684 et
1786 1645 1891 1682 non
1949 1629 2105 1693 alios,

539 1737 633 1776 rex
663 1723 817 1776 nobis
846 1723 1162 1785 suscitatus,
1186 1720 1369 1789 justus
1419 1718 1719 1779 salvibcus.
1749 1719 1841 1788 qui
1873 1719 2109 1773 divinam

2212 539 2319 593 τοῦ
2344 538 2499 593 λαοῦ
2517 557 2639 609 μου
2672 538 2856 605 αὐτὸς
2883 537 3234 609 ἐπιστρέψει
3250 578 3270 606 ,
3292 542 3363 595 οὐ
3382 542 3523 608 μετὰ
3546 546 3750 614 λύτρων

2212 631 2356 686 οὐδὲ
2383 632 2533 702 μετὰ
2579 631 2803 701 δώρων.
2830 627 2961 686 εἷπε
2993 633 3209 701 Κύριος
3238 633 3494 689 σαόαώθ.
3528 637 3633 690 Καὶ
3662 638 3755 693 πά-

2211 726 2315 777 λινσ
2353 723 2500 794 Ἐγὼ
2530 723 2654 789 ἄξω
2681 725 2934 793 εἰρήνην
2956 723 3055 777 ἐπὶ
3080 724 3222 789 τοὺς
3251 723 3545 794 ἄρχοντας
3572 730 3754 794 αὑτοῦ,

2212 814 2465 884 εἰρήνην
2489 814 2588 868 καί
2612 815 2821 883 ὑγείαν
2848 813 3027 880 αὐτῷ·
3047 814 3280 883 μεγάλη
3320 816 3359 884 ἡ
3391 815 3544 885 ἁρχὴ
3572 819 3755 883 αὑτοῦ,

2214 906 2314 960 καί
2346 904 2456 973 τῆς
2489 905 2735 973 είρήνης
2763 904 2950 960 αὐτοῦ
2976 907 3087 959 οὐκ
3120 904 3292 959 ἔστιν
3327 905 3519 973 δριον·
3544 907 3639 960 ἐπί
3669 911 3760 964 τὸν

2214 1000 2433 1066 θρόνον
2470 996 2649 1051 Δαόίδ
2681 995 2789 1051 τοῦ
2819 996 3047 1066 πατρὸς
3073 995 3261 1050 αὑτοῦ
3289 996 3641 1063 καθήσεται,
3670 1000 3760 1053 τοῦ

2214 1086 2589 1155 κατορθῶσαι
2635 1086 2853 1153 αὐτὴν,
2894 1085 2993 1140 καὶ
3031 1086 3416 1141 ἐπιλαϐέσθαι
3458 1086 3528 1139 ἐν
3567 1086 3761 1143 dicato-

2214 1178 2375 1244 σύνῃ
2406 1177 2501 1230 καὶ
2533 1177 2791 1245 κρίματι,
2825 1176 2943 1230 ἀπὸ
2972 1176 3075 1230 τοῦ
3104 1176 3221 1230 νῦν
3248 1175 3344 1230 καί
3371 1178 3459 1242 είς
3482 1177 3587 1230 τὸν
3602 1177 3761 1233 αιῶνα

2213 1267 2455 1340 χρόνον,
2509 1268 2572 1320 '0
2597 1265 2776 1332 ζῆλος
2803 1270 3023 1335 Κυρίου
3049 1267 3291 1323 σαεαὼθ
3319 1269 3557 1335 ποιήσει
3578 1269 3758 1326 ταῦτα.

2213 1358 2339 1412 Ὀτι
2379 1357 2479 1429 μὲν
2500 1354 2592 1412 οῦν
2625 1359 2652 1411 ὁ
2684 1357 2938 1429 βασιλεὺς
2968 1360 3075 1411 τῶν
3108 1358 3523 1429 βασιλευόντων,
3551 1362 3639 1412 καὶ
3665 1361 3759 1414 K5-

2218 1466 2331 1521 ριος
2360 1449 2468 1501 τῶν
2505 1449 2873 1519 κυριευόντων
2893 1489 2908 1513 ,
2936 1451 2965 1501 ὁ
2994 1449 3272 1515 δεσπόζων
3303 1452 3359 1502 ὲν
3390 1452 3455 1520 τῇ
3498 1450 3760 1523 δυναστείᾳ

2212 1540 2381 1596 αὐτοῦ
2418 1542 2511 1594 τοῦ
2552 1543 2778 1609 αἰῶνος,
2814 1541 2905 1595 διὰ
2950 1542 3158 1595 τούτων
3197 1544 3330 1611 ἡμῖν
3366 1543 3759 1613 εἰσενήνεκται,

2212 1635 2270 1698 ὃς
2299 1634 2417 1686 ἐστι
2451 1633 2688 1705 Χριστὸς
2724 1621 2753 1688 δ
2783 1632 2914 1695 Θεὸς
2956 1632 3115 1703 ἡμῶν
3137 1674 3152 1698 ,
3183 1633 3374 1685 οὐδένα
3413 1631 3525 1685 τῶν
3562 1632 3621 1684 τὸ
3659 1631 3761 1686 καθ’

2212 1726 2363 1795 ἡμᾶς
2398 1725 2791 1793 ἐπεγνωκότων
2837 1728 3157 1796 μυστήριον,
3196 1725 3443 1795 ἀντερεῖν
3478 1718 3645 1793 οἶμαι·
3684 1726 3763 1779 αύ-

533 1813 806 1883 jttstitiam
846 1827 945 1867 nos
975 1812 1177 1864 docuit.
1209 1811 1331 1881 Ipse
1361 1810 1515 1864 nobis
1545 1821 1631 1863 est
1661 1810 1857 1878 factus,
1891 1821 1948 1862 ttt
1976 1825 2106 1879 apo-

2215 1814 2302 1879 τδς
2330 1816 2438 1886 γὰρ
2460 1815 2522 1869 ἂν
2554 1816 2663 1886 εἴη.
2692 1814 2858 1868 παντί
2885 1831 2988 1866 που
3011 1814 3191 1883 δῆλον,
3216 1815 3309 1867 καὶ
3345 1815 3447 1887 οὐχ
3469 1814 3666 1885 ἔτερος,
3690 1815 3766 1885 βα-

536 1905 729 1960 stulice
757 1903 947 1971 loquar
992 1920 1005 1956 :
1035 1900 1308 1971 Sapientia
1337 1918 1370 1955 a
1424 1901 1529 1956 Deo
1572 1913 1620 1956 et
1661 1902 1876 1972 justitia
1905 1912 1951 1955 et
1985 1919 2111 1955 san-

537 1995 791 2064 ctiﬁcatio
847 2005 893 2047 et
923 1994 1209 2061 redemptio
1237 1993 1305 2048 ³⁸.
1340 1993 1443 2060 Qui
1472 1995 1641 2047 etiam
1689 1994 1780 2047 Dei
1836 1994 2111 2047 civitatem

537 2087 849 2150 azdilicavit,
888 2103 994 2139 non
1034 2097 1347 2141 terrestrem
1374 2086 1610 2155 aliquam
1652 2096 1967 2153 mternaqne
1996 2098 2113 2139 sta-

536 2182 745 2237 bilitate
798 2190 1100 2242 carentem,
1145 2179 1238 2231 sed
1299 2178 1444 2229 illam
1503 2178 1687 2245 potius
1742 2176 2114 2231 fundamentis

537 2275 745 2338 anattt,
773 2288 894 2342 quae
929 2271 1038 2325 Deo
1075 2269 1238 2340 digna
1290 2269 1454 2339 206
1500 2269 1825 2337 intelligitur
1878 2283 2113 2336 superna

543 2366 866 2429 Jerusalem,
919 2364 1073 2433 cujus
1122 2361 1300 2431 Opifex
1338 2362 1699 2429 conditorque
1734 2362 1892 2427 Deus,
1926 2362 1975 2414 itt
2010 2376 2114 2433 qua

537 2459 1024 2528 priutogenitorutn
1063 2453 1314 2518 ecclesia,
1351 2454 1442 2523 qui
1477 2454 1528 2506 in
1564 2453 1687 2507 caeli
1721 2463 1845 2508 sunt
1872 2454 2117 2507 conscri-

539 2550 639 2619 pti,
675 2564 796 2603 cum
848 2545 1105 2614 supernis
1154 2545 1260 2600 illis
1319 2545 1682 2614 potestatibus
1736 2555 2113 2601 conversatur.

540 2639 730 2708 Populi
762 2651 978 2708 quoque
1016 2637 1099 2691 sui
1142 2636 1516 2705 captivitatem
1556 2643 1878 2703 convertet;
1934 2637 2118 2704 Cujus-

542 2746 669 2786 natn
723 2743 851 2782 vero
889 2737 943 2782 et
989 2730 1295 2797 quomodo,
1346 2728 1673 2780 audiendum
1728 2738 1833 2781 est.
1890 2725 2118 2784 Eramns

538 2823 684 2876 enim
726 2834 913 2873 revera
952 2818 1086 2875 olim
1140 2833 1239 2872 nos
1274 2816 1541 2884 homines,
1574 2816 1853 2870 Creatoris
1879 2816 2118 2870 Domini-

539 2930 645 2985 que
669 2914 838 2968 nostri
876 2912 1071 2983 ignari,
1106 2921 1346 2965 nostratn
1370 2920 1491 2964 cum
1531 2910 1622 2963 illo
1659 2910 2114 2963 necessitudinem

541 3010 899 3077 abnegantes,
960 3017 1017 3062 et
1065 3008 1134 3061 ab
1188 3006 1303 3074 ejus
1356 3004 1618 3073 obsequio
1675 3003 1833 3071 longe
1894 3002 2116 3056 alienati

542 3111 767 3172 propter
793 3109 1070 3168 stuporem
1105 3081 1348 3151 nostrum
1382 3097 1435 3149 in
1467 3094 1727 3163 peccatis,
1754 3105 1809 3147 et
1835 3094 2118 3147 dominan-

538 3199 647 3245 tent
700 3191 855 3245 nobis
900 3189 1100 3243 diaboli
1136 3187 1317 3241 dolum
1354 3203 1369 3241 :
1426 3186 1687 3255 suppositi
1726 3194 1905 3238 autem
1946 3186 2115 3239 hostis

530 3284 685 3353 jugo,
719 3301 819 3340 ceu
849 3283 1124 3353 mancipia
1159 3292 1215 3336 et
1262 3280 1460 3350 captivi
1503 3281 1620 3350 ejus
1651 3279 1881 3333 arbitrio
1920 3278 2111 3346 dediti,

538 3384 628 3450 qui
653 3393 846 3446 nempe
869 3378 1118 3432 libertate
1145 3375 1367 3440 amissn,
1392 3375 1599 3429 servire
1625 3374 1726 3442 ipsi
1753 3372 2103 3442 cogebantur.

2216 1907 2396 1971 σιλεὺς
2434 1905 2807 1977 ἐγηγερμένος
2834 1904 3041 1969 δίκαιος
3074 1907 3167 1958 καὶ
3197 1907 3411 1969 σώζων,
3440 1907 3500 1970 ὃς
3524 1907 3617 1977 τὴν
3640 1907 3764 1960 Θείαν

2212 1998 2561 2069 δικαιοσύνην
2590 2001 2724 2069 ἡμῖν
2758 1999 3058 2069 ἐγνώρισεν
3081 1998 3141 2068 ’ἦ
3174 1999 3336 2062 αὐτὸς
3356 2001 3491 2069 ἡμῖν
3539 1999 3763 2073 ἐγενήθη,

2214 2092 2589 2154 ἀποστολικῶς
2610 2094 2809 2146 εἰπεῖν·
2825 2092 3011 2159 Σοφία
3032 2093 3147 2145 ἀπὸ
3164 2092 3311 2147 Θεοῦ
3328 2093 3427 2147 καὶ
3444 2092 3764 2162 δικαιοσύνη

2214 2181 2312 2237 καί
2347 2181 2636 2249 ἁγιασμὸς
2686 2180 2784 2235 καὶ
2816 2168 3260 2248 damma-ptume.
3304 2184 3401 2247 Ὃς
3444 2182 3510 2253 δὴ
3563 2184 3651 2234 καὶ
3689 2184 3765 2254 τὴν

2215 2272 2371 2324 πόλιν
2404 2272 2502 2340 τὴν
2534 2273 2628 2325 τοῦ
2659 2272 2795 2327 Θεοῦ
2836 2271 3189 2345 ᾠκοδόμησεν
3212 2314 3226 2338 ,
3256 2274 3316 2326 ού
3363 2273 3643 2343 περίγειόν
3671 2291 3765 2327 τινα

2215 2366 2312 2422 καὶ
2344 2365 2405 2418 τὸ
2447 2366 2789 2437 ἡδρασμένον
2819 2367 2920 2420 οὐκ
2951 2365 3124 2419 εἰσαεὶ
3164 2366 3538 2435 κεκτημένην,
3586 2367 3765 2438 ἐκείνην

2215 2459 2269 2512 δὲ
2303 2459 2503 2529 μᾶλλον
2546 2458 2646 2530 τὴν
2714 2461 2841 2522 τοὺς
2878 2457 3163 2528 θεμελίους
3196 2458 3451 2528 ἔχουσαν,
3483 2459 3602 2529 ἥτις
3630 2461 3766 2512 νοοῖτο

2215 2548 2540 2621 θεοπρεπῶς
2579 2551 2612 2620 ή
2683 2550 2796 2603 ἄνω
2843 2549 3238 2620 Ἰερουσαλὴμ,
3292 2544 3359 2622 ἦς
3408 2549 3654 2622 τεχνίτης
3693 2549 3765 2603 καὶ

2214 2642 2549 2713 δημιουργὸς
2578 2643 2605 2695 ὁ
2633 2640 2786 2705 Θεὸς,
2815 2640 2938 2694 καθ’
2962 2642 3027 2711 ἣν
3080 2641 3188 2693 τῶν
3221 2644 3588 2712 πρωτοτόκων
3614 2645 3644 2714 ἡ
3679 2642 3766 2696 Ἐκ-

2216 2734 2418 2805 κλησία
2472 2734 2581 2787 τῶν
2635 2735 2693 2787 ὲν
2748 2734 3002 2805 οὐρανοῖς
3060 2735 3612 2808 ἀπογεγραμμένων,
3670 2736 3764 2799 ταῖς

2218 2826 2392 2891 θείαις
2430 2825 2565 2897 ὁμοῦ
2602 2826 2968 2899 πανηγυρίζει
3012 2827 3338 2898 δυνάμεσινο
3382 2830 3691 2901 ἐπιστρέψει
3723 2827 3765 2881 δὲ

2216 2920 2297 2973 ὃτι
2326 2921 2419 2973 καὶ
2452 2920 2553 2991 τὴν
2583 2920 2964 2990 αἰχμαλωσίαν
3005 2921 3099 2972 τοῦ
3127 2921 3329 2973 οἰκείου
3359 2920 3498 2974 λαοῦ
3522 2938 3533 2946 ·
3562 2921 3694 2984 τίνος
3718 2919 3765 2992 δὴ

2217 3010 2376 3065 τοῦτο
2409 3010 2505 3063 καὶ
2539 3011 2688 3077 ὃ-πως
2710 3050 2725 3074 ,
2757 3009 2979 3063 ἀκούειν
3016 3012 3298 3081 πάρεστιν·
3332 3010 3481 3082 ἦμεν
3513 3015 3619 3084 γάρ
3659 3014 3765 3084 dir,-

2218 3102 2328 3164 Θῶς
2352 3118 2482 3155 ποτε
2507 3100 2603 3154 ἄνθ
2612 3119 2806 3173 ρωποι,
2831 3102 2919 3154 τδν
2950 3104 3048 3173 μὲν
3082 3103 3318 3176 Ποιητὴν
3346 3106 3674 3176 ἠγνοηκότες
3693 3105 3765 3161 καὶ

2222 3189 2450 3261 Κύριον,
2478 3191 2579 3259 τὴν
2618 3191 2927 3260 οἰκειότητα
2957 3193 3055 3261 τὴν
3094 3192 3229 3262 πρὸς
3270 3187 3442 3245 αὐτὸν
3478 3192 3762 3264 ἠρνημένοι,

2219 3284 2315 3335 καὶ
2365 3282 2460 3336 τοῦ
2507 3283 2781 3336 δουλεύειν
2832 3284 2981 3354 αὐτῷ
3021 3284 3111 3337 διὰ.
3160 3301 3220 3336 τε
3268 3285 3366 3355 τὴν
3422 3284 3484 3350 ἐξ
3528 3284 3765 3356 ἁμαρτίας

2217 3374 2579 3443 ἀναλγησίαν,
2620 3375 2712 3428 καὶ
2762 3377 2862 3446 τὴν
2906 3376 3214 3448 κρατοῦσαν
3259 3375 3352 3429 τοῦ
3389 3377 3632 3449 πονηροῦ
3669 3371 3765 3429 καθ’

488 3524 499 3533 ,
538 3471 697 3542 ἡμῶν
743 3472 1047 3541 ἐπήρειαν,
1085 3468 1591 3535 ἀποπεφοιτηκότες
1636 3464 1710 3527 ὡς
1741 3464 2117 3536 πορρωτάτω*
2156 3465 2576 3536 ὑπενηνέγμεθα
2634 3467 2691 3520 δὲ
2754 3471 2821 3539 τῇ
2850 3468 3052 3541 ζεύγλῃ
3091 3468 3182 3521 τοῦ
3218 3468 3457 3540 ἐχθροῦ,
3485 3467 3572 3523 οἷα
3602 3469 3765 3539 ἠνδρα-

539 3560 858 3632 ποδισμένοι
884 3561 979 3614 καὶ
1016 3559 1392 3631 ἐζωγρημένοι
1417 3559 1499 3621 είς
1524 3558 1584 3611 τὸ
1616 3557 1828 3610 ἐκείνου
1870 3555 2113 3627 Θέλημα,
2176 3557 2227 3611 οἱ
2256 3557 2356 3629 τὴν
2394 3557 2727 3629 ἐλευθερίαν
2782 3560 3164 3632 ἀφῃρημένοι,
3209 3561 3303 3613 καὶ
3345 3555 3764 3633 δουλεύεινῑὺτῷ

539 3657 969 3732 ἠναγκασμένοι.

612 3749 719 3804 Sed
747 3749 873 3818 quia
909 3746 1024 3801 lieri
1056 3761 1161 3803 non
1216 3753 1429 3815 poterat
1464 3743 1592 3813 quin
1636 3743 1780 3797 Deus
1818 3742 2117 3799 clementer
2200 3732 2203 3735 ’

540 3851 847 3897 creaturam
885 3853 1036 3892 suam
1099 3838 1414 3907 respiceret,
1471 3838 1720 3905 apparuit
1753 3835 2113 3903 Redemptor,

542 3935 627 3987 cui
662 3946 836 4001 neque
851 3931 1168 3984 muneribus
1191 3944 1363 3998 neque
1382 3929 1554 3998 pretio
1573 3944 1708 3997 opus
1730 3935 1848 3980 erat
1866 3936 2117 3989 externo,

543 4024 640 4082 sed
689 4022 1040 4092 semetipsum
1084 4019 1404 4087 exittanivit,
1447 4019 1682 4088 pretium
1743 4018 1877 4072 dans
1906 4018 2118 4070 redem-

544 4116 747 4190 ptionis
794 4130 893 4192 pro
953 4112 1109 4168 nobis
1160 4112 1411 4167 omnibus
1457 4112 1735 4183 proprium
1796 4109 2114 4175 sanguinem

544 4208 812 4262 vivilicunt
849 4222 912 4261 ac
958 4205 1283 4270 salutarem;
1321 4214 1375 4258 et
1429 4203 1681 4273 passione
1717 4218 1780 4256 ac
1810 4216 1971 4256 cruce
2018 4214 2116 4268 pro

542 4297 699 4353 nobis
736 4296 980 4363 tolerata,
1032 4296 1084 4349 in
1137 4297 1307 4350 altum
1342 4296 1685 4356 conscendit,
1719 4301 1774 4347 et
1819 4292 2116 4362 captivavit

2302 3742 2443 3797 Ἀλλ’
2483 3743 2669 3816 ἐπειδὴ
2705 3743 2803 3797 οὐκ
2831 3739 2898 3816 ἦν
2935 3744 3071 3798 Θεοῦ
3103 3746 3180 3817 μὴ
3211 3746 3332 3817 οὐχὶ
3355 3746 3417 3800 τὸ
3448 3751 3641 3805 οίκεϊον
3668 3749 3765 3820 φιλ-

2218 3833 2524 3902 ανθρώπως
2577 3835 2783 3888 ἐπιδεῖν
2828 3836 3061 3908 ποίημα,
3090 3838 3763 3912 ὲπιφαίνεταιδλυτρωτὴς,

2217 3919 2262 3993 ᾧ
2296 3942 2361 3994 γε
2388 3925 2447 3979 ού
2480 3924 2668 3998 δώρων
2695 3925 2813 3978 οὐδὲ
2843 3925 3056 3999 λύτρων
3087 3927 3276 3998 ὲδὲησε
3308 3928 3419 3981 τῶν
3467 3930 3639 3995 ἐκτὸς,
3670 3926 3765 3983 ἀλλ’

2218 4013 2490 4072 ἐκένωσεν
2517 4017 2733 4085 ἑαυτὸν,
2758 4017 2950 4090 λύτρον
2974 4017 3221 4083 δεδωκὼς
3248 4022 3367 4074 ἀντὶ
3390 4024 3609 4078 πάντων
3633 4019 3764 4094 ἡμῶν

2221 4110 2282 4165 τὸ
2311 4111 2512 4164 οἰκεῖον
2536 4105 2678 4179 αἷμα
2696 4112 2757 4164 τὸ
2783 4110 3047 4173 ζωοποιδν
3078 4112 3173 4165 καὶ
3207 4114 3482 4183 σωτήριον
3513 4130 3529 4146 ·
3561 4113 3650 4169 καὶ
3686 4110 3766 4167 πά-

2223 4201 2313 4265 θος
2342 4203 2435 4259 καὶ
2458 4201 2694 4275 σταυρὸν
2727 4202 2868 4273 ὑπὲρ
2888 4202 3041 4273 ἡμῶν
3061 4201 3316 4271 ἀνατλὰς,
3345 4204 3516 4277 ἀνέϐη
3541 4208 3617 4269 είς
3634 4204 3760 4276 ὕψος,

2223 4291 2320 4344 καὶ
2343 4291 2766 4363 ᾐχμαλώτευσεν
2796 4293 3138 4363 ἐπιστρέψας
3179 4293 3278 4365 τὴν
3309 4296 3472 4365 ἡμῶν
3514 4298 3765 4369 αἰχμαλωα

540 4400 867 4445 convertens
915 4387 1281 4457 captivitatem
1318 4399 1589 4452 nostram;
1630 4387 1870 4454 eripiens
1924 4400 2115 4454 reapse

2222 4382 2342 4434 σίαν
2367 4397 2382 4413 ο
2417 4383 2720 4462 ῥυσάμενος
2750 4383 2917 4447 ὅντως
2950 4386 3098 4457 ἡμᾶς
3154 4386 3258 4456 τῆς
3306 4366 3617 4460 Χαλδαϊκῆς
3669 4388 3757 4443 τῶν

545 4495 644 4534 nos
673 4478 949 4534 cltaldaica
982 4479 1265 4533 noxiorum
1304 4478 1609 4531 daemonum
1662 4486 1952 4545 potestate,
1993 4475 2120 4529 baro

545 4568 774 4637 barique
800 4569 1184 4622 intellectualis
1208 4568 1454 4637 dynastas
1480 4582 1642 4620 manu
1666 4581 1903 4623 eruens:
1929 4565 2117 4634 acqui-

543 4658 779 4727 sivitqne
804 4674 906 4713 nos
935 4660 1189 4729 populum
1228 4659 1585 4728 peculiarem,
1607 4672 1704 4711 eos
1738 4656 1995 4710 videlicet
2026 4655 2116 4725 qui

546 4765 643 4823 per
683 4750 1127 4805 illuminationem
1162 4766 1227 4805 ac
1270 4750 1429 4805 (idem
1481 4751 1755 4804 sinceram
1806 4759 2119 4815 rectamque

547 4847 614 4895 sd
643 4840 761 4909 ejus
787 4841 1121 4896 dominatum
1144 4843 1525 4913 confugerint;
1556 4858 1788 4913 regnans
1811 4843 2116 4912 imperans-

545 4946 654 5002 que
691 4933 848 4988 nobis
879 4948 973 5002 per
1003 4934 1226 4989 secula.
1263 4935 1542 4990 Discredet
1574 4947 1753 4990 autem
1797 4948 1976 5001 nemo,
2010 4932 2115 4988 nisi

546 5024 643 5094 qui
679 5022 822 5079 forte
849 5023 1075 5081 .ln-Iaica
1113 5026 1493 5082 incredulitate
1514 5036 1568 5081 et
1602 5027 1938 5097 impudentia
1968 5026 2116 5079 labo—

551 5124 656 5181 rat,
696 5115 958 5170 abolitum
1001 5115 1132 5169 illud
1162 5130 1361 5187 gerens
1410 5117 1589 5171 adhuc
1626 5117 1677 5170 in
1712 5117 1890 5170 anima
1914 5116 2112 5178 velum,

550 5208 851 5276 litteraeque
878 5207 1186 5262 crassitiem
1218 5212 1457 5262 nondum
1508 5208 1696 5261 volens
1731 5207 1800 5259 de
1829 5206 1993 5260 corde
2022 5221 2118 5259 suo

546 5296 836 5364 abradere,
894 5296 1125 5368 ideoque
1180 5297 1233 5351 in
1308 5296 1491 5351 divina
1568 5297 1829 5367 mysteria
1883 5295 2117 5349 nondum

550 5383 912 5455 introspicere
937 5385 1346 5456 diguus.‘Quod
1383 5385 1432 5441 si
1460 5384 1584 5455 quis
1617 5384 1917 5439 dubitando
1953 5384 2117 5449 dicat,

551 5477 923 5544 prOpbeticum
974 5492 1281 5533 sermonem
1340 5476 1630 5540 afﬁrmare,
1685 5474 1803 5530 fore
1843 5476 2118 5530 hominem

552 5569 838 5635 quemdam
864 5568 954 5627 oui
980 5566 1293 5624 Judmorum
1338 5569 1699 5638 principatum
1723 5570 2004 5635 obtineat,
2034 5568 2122 5622 ltic

2216 4473 2514 4547 ἀλιτηρίων
2568 4475 2842 4544 δαιμόνων
2892 4472 3141 4540 ἐξουσίας
3171 4516 3184 4538 ,
3227 4477 3326 4531 καὶ
3369 4479 3472 4550 τῆς
3520 4478 3764 4551 βαρϐάρου

2214 4564 2309 4619 τοῦ
2334 4565 2527 4635 νοητοῦ
2563 4565 2824 4619 δυνάστου
2876 4567 3063 4637 χειρὸς
3113 4568 3333 4634 ἐξελὼν,
3376 4571 3471 4624 καὶ
3518 4572 3761 4643 ἐκτήσατο

2214 4659 2365 4729 ἡμᾶς
2409 4657 2538 4710 λαὸν
2568 4657 2908 4726 περιούσιον,
2973 4659 3102 4722 τοὺς
3154 4659 3226 4713 δι’
3272 4663 3619 4729 ἐπιγνώσεως
3681 4657 3760 4713 καὶ

2217 4749 2458 4812 πίστεως
2481 4748 2813 4820 εἰλικρινοῦς
2841 4750 2937 4803 καὶ
2968 4750 3138 4838 ὀρθῆς
3165 4753 3651 4824 προσπεφευγότας
3681 4751 3760 4804 αὺ-

2219 4840 2315 4893 τοῦ
2340 4843 2402 4911 τῇ
2438 4839 2747 4912 δεσποτεία,
2789 4842 3082 4912 κατάρχων
3108 4844 3199 4896 καὶ
3223 4844 3523 4915 βασιλεύων
3540 4841 3761 4915 ἐφ’ήμᾶῖ

2219 4932 2303 4992 είς
2325 4932 2453 4992 τοὺς
2486 4930 2690 4992 αἰῶνας
2721 4946 2736 4962 ο
2770 4932 3095 5003 ἀπιστήσει-
3116 4933 3173 4986 δὲ
3201 4933 3397 4997 οὐδεὶς,
3426 4934 3459 5007 ἢ
3491 4936 3637 4998 ὅστις
3680 4930 3761 4998 τὴν

2234 5022 2535 5092 Ἰουδαῖκὴν
2572 5023 2836 5075 ἀπιστίαν
2876 5024 2970 5077 καί
3020 5025 3409 5095 ἀναισχυντίαν
3473 5026 3758 5095 νενόσηκεν,

2221 5110 2303 5163 ἔτι
2341 5110 2793 5181 καταργούμενον
2808 5113 2867 5165 ὲν
2890 5116 2956 5185 τῇ
2986 5115 3133 5184 ψυχῇ
3167 5116 3481 5187 περιφέρων
3503 5116 3757 5185 κάλυμμα,

2216 5204 2312 5255 καὶ
2347 5202 2407 5255 τὸ
2439 5201 2614 5273 πάχος
2643 5204 2741 5274 τῆς
2761 5205 2953 5257 ἑαυτοῦ
2989 5206 3220 5276 καρδίας
3250 5206 3521 5273 ἀποξύσαι
3552 5206 3623 5277 μὴ
3664 5206 3761 5275 βου·

2216 5293 2404 5363 ληθεὶς
2435 5294 2496 5346 τὸ
2518 5293 2615 5347 τοῦ
2643 5296 2997 5365 γράμματος,
3031 5296 3125 5349 καὶ
3154 5297 3326 5370 ταύτῃ
3350 5314 3413 5367 γε
3436 5301 3518 5361 είς
3568 5298 3632 5351 τὰ
3657 5296 3757 5348 θεῖα

2218 5386 2543 5458 παρακύψαι
2579 5389 2855 5458 μυστήρια
2899 5388 3152 5460 οὐδαμῶς
3180 5389 3501 5460 ἀξιούμενος
3522 5404 3541 5423 ο
3593 5389 3640 5442 εί
3670 5387 3757 5457 γάρ

2216 5494 2295 5530 τοι
2335 5477 2764 5552 διαμφισϐητοίη
2791 5480 3041 5549 φάσκων,
3072 5483 3156 5536 ὅτι
3185 5481 3249 5554 δὴ
3282 5483 3505 5552 βασιλέα
3528 5481 3630 5536 τῶν
3649 5476 3754 5534 καθ’

2164 5628 2168 5633 ,
2218 5568 2366 5638 ἡμᾶς
2394 5586 2519 5623 τινα
2550 5571 2643 5625 ἐπὶ
2676 5571 2773 5642 τὴν
2827 5572 3097 5627 Ἰουδαίων
3127 5573 3303 5645 ἀρχὴν
3334 5562 3755 5649 προχειρισυηοόο

622 5744 667 5778 ⁸³
706 5742 811 5805 lsa.
853 5760 974 5812 va,
1006 5747 1096 5803 15.
1170 5747 1219 5781 ³³
1258 5745 1359 5804 lsa.
1404 5764 1493 5820 ιτ,
1530 5749 1612 5805 l7.
1690 5750 1736 5784 “
1775 5751 1879 5807 Isa.
1921 5768 1996 5823 ix,
2020 5751 2068 5804 7.

2233 5754 2250 5808 ι
2290 5754 2416 5810 Cor.
2451 5769 2489 5818 t,
2524 5751 2612 5807 30.
