3994 6432
178 451 302 514 685

1045 449 1616 512 APOLOGETICUS
1670 453 1820 513 PRO
1860 455 2131 518 SACRIS
2165 459 2650 521 IMAGINIBUS.

3363 461 3469 528 636

181 560 273 631 Τῇ
299 559 490 634 ἡμέρᾳ
522 563 746 632 ἐκείνῃ,
783 559 980 634 ἱρησὶν,
1042 563 1216 619 ἔσται
1272 565 1526 634 Ἰσραὴλ
1579 566 1778 634 τρίτος

1885 569 1938 622 in
1971 569 2226 641 Assyriis,
2257 582 2304 626 et
2329 573 2620 627 Inereditas
2651 588 2766 625 mea
2806 570 2974 626 Israel
2999 573 3066 627 “.
3103 571 3237 627 Nam
3275 579 3469 642 pra-di-

173 654 406 720 ὲντοις
436 658 773 724 Ἀσσυρίοις
811 656 907 710 καὶ
957 656 1028 709 ἐν
1073 657 1198 723 τοῖς
1245 660 1620 728 Αἰγυπτίοις,
1674 662 1778 712 εὐ-

174 750 532 820 λογημένος
549 749 620 802 ἐν
635 747 711 818 τῇ
745 747 819 818 τῇ
838 747 920 818 ῆν
939 750 1246 820 εὐλόγησε
1265 751 1483 818 Κύριος
1506 753 1778 814 Σασιιὼθ,

183 839 389 910 λέγων
423 857 436 870 ·
475 839 824 911 Εὐλογητὸς
876 839 1049 895 ἔσται
1103 843 1137 895 ό
1175 843 1332 908 λαός
1353 858 1475 911 μου
1509 845 1542 897 ὀ
1586 843 1658 896 ἐν
1683 845 1782 896 Αἱ-

175 927 402 1002 τύπτιὸ
429 933 525 986 καὶ
554 933 625 987 ἐν
669 933 1040 1002 Ἀσσυρίοις,
1075 935 1176 988 καὶ
1207 936 1246 1003 ἡ
1269 936 1643 1005 κληρονομία
1657 953 1779 1004 μου

192 1023 456 1093 Ἰσραήλ
483 1042 496 1054 ·
549 1025 638 1078 διὰ
688 1025 798 1097 γὰρ
851 1027 1058 1081 τούτων
1103 1026 1214 1080 τῶν
1267 1026 1776 1099 ἀπηριθμημένων,

172 1112 298 1166 τῶν
321 1114 681 1185 κεκλημένων
720 1115 895 1170 ἐθνῶν
916 1119 997 1181 εἰς
1025 1116 1087 1170 τὸ
1113 1119 1382 1190 κήρυγμα
1403 1120 1431 1171 ὁ
1469 1116 1629 1184 λόγος
1669 1133 1777 1171 πα-

175 1204 534 1278 ραδεδήλωκε
564 1208 626 1261 τὸ
650 1207 924 1280 πλήρωμα
949 1226 964 1240 ο
992 1210 1224 1266 κατόπιν
1252 1211 1308 1264 δὲ
1333 1210 1516 1282 τρίτος
1557 1209 1779 1282 Ἰσραὴλ

171 1298 475 1364 τέτακται,
502 1301 808 1374 ἐπειδήπερ
852 1305 900 1356 εἰ
933 1303 1029 1358 καὶ
1068 1304 1250 1376 πολλῷ
1301 1303 1526 1370 ἄποθεν,
1575 1306 1672 1359 καὶ
1715 1304 1777 1370 se

172 1391 502 1463 ἀλλοδαπῆς
544 1395 642 1449 καὶ⁹
697 1394 976 1469 βαρϐάρου
1013 1397 1202 1468 χώρας
1255 1397 1589 1469 ἀφώρμητο,
1643 1413 1778 1468 προ-

172 1484 384 1556 φθάνει
412 1489 512 1559 μὲν
533 1491 562 1543 ό
597 1490 884 1562 Ἀσσύριος
915 1493 1008 1546 καὶ
1030 1485 1378 1566 προαρπάςει
1402 1495 1504 1564 τὴν
1529 1493 1610 1556 εἰς
1642 1493 1778 1566 Χρι-

173 1579 317 1634 στὸν
345 1581 552 1646 πίστιν,
581 1587 912 1654 σωματικῶς
934 1584 1017 1640 ἔτι
1044 1586 1384 1657 νηπιὰζοντα
1435 1585 1776 1658 προσκυνού-

174 1688 378 1742 μενον,
417 1675 513 1728 xui.
539 1675 738 1747 δώροις
779 1678 1094 1750 ἰσαρίθμοις
1142 1679 1253 1734 τῶν
1303 1679 1392 1732 ἐπ’
1437 1679 1589 1750 αύτῷ
1621 1697 1778 1733 νοου-

173 1764 374 1834 μένων
406 1766 504 1820 καὶ
533 1767 932 1841 θεωρουμένων
962 1771 1138 1840 λόγων
1160 1772 1230 1826 τὰ
1265 1773 1407 1845 γέρα
1437 1772 1733 1844 δεχόμενον
1757 1787 1774 1804 ο

1881 670 2095 714 οιοτιιιιι
2135 664 2566 731 enumeratione,
2604 670 2918 718 vocatarnm
2971 663 3212 734 gentium
3265 668 3334 722 ad
3379 683 3468 722 sa-

1881 766 2030 806 cram
2077 752 2382 807 doctrinam
2441 754 2832 824 plenitudinem
2879 767 3065 810 sertno
3113 755 3467 826 prophetiCus

1881 842 2235 912 signiﬁcavit.
2285 843 2572 901 Postremo
2615 845 2758 911 loco,
2809 847 2862 902 id
2907 839 3008 903 est'
3049 848 3268 915 tertius,
3299 849 3469 908 Israel

1881 936 2204 1002 collocatur,
2238 940 2365 1006 quia
2388 939 2610 995 etiamsi
2645 939 2816 994 multo
2846 941 3088 1008 eminus,
3115 953 3172 997 et
3195 958 3261 998 ex
3287 943 3466 1000 aliena

1889 1024 2230 1096 barbaraque
2303 1029 2523 1098 regione
2607 1029 2885 1099 profectus
2946 1044 3054 1096 εει,
3117 1033 3472 1090 nihilominus

1888 1131 2230 1188 praeoccupat
2259 1135 2382 1174 eum
2409 1119 2692 1190 Assyrius,
2725 1123 3075 1196 praeripitque
3106 1126 3158 1179 in
3184 1124 3468 1182 Christum

1887 1210 2076 1276 tidem,
2112 1212 2474 1282 corporaliter
2495 1215 2677 1271 adhuc
2699 1214 3022 1272 infantulum
3059 1218 3344 1274 adoratum
3372 1221 3472 1276 do-

1887 1316 2196 1374 norumque
2227 1318 2474 1370 numero,
2503 1305 2966 1364 intellectualibus
2987 1309 3106 1380 ejus
3135 1321 3189 1366 et
3223 1323 3470 1368 contem-

1881 1393 2103 1464 plativis
2135 1394 2332 1452 ciliciis
2367 1399 2505 1468 pari,
2539 1397 2817 1455 all'ectum.
2855 1399 3139 1459 Secundus
3180 1404 3471 1478 Egyptins

1891 1490 2158 1554 succedit,
2196 1490 2464 1561 fugientis
2497 1491 2734 1549 adventu
2758 1496 3204 1564 supersdtiosum
3227 1514 3470 1556 errorem

1881 1583 2178 1654 depellens.
2236 1583 2367 1640 Post
2414 1572 2576 1656 quein
2613 1586 2808 1643 tertius
2841 1585 3031 1656 Israel,
3082 1597 3138 1644 et
3185 1591 3406 1660 quidem
3442 1608 3471 1646 a

1881 1677 2218 1746 praedicante
2256 1687 2506 1744 vocatus,
2533 1678 2998 1748 quemadmodum
3038 1683 3195 1738 nobis
3231 1685 3474 1741 tradide-

1882 1777 2008 1824 runt
2031 1769 2123 1838 qui
2147 1769 2439 1841 Evangelia
2468 1770 2742 1842 scripsere
2761 1773 2992 1841 apostoli
3017 1773 3257 1832 Domini.

167 1858 442 1932 δεύτερος
471 1863 531 1917 δὲ
568 1865 872 1935 Αἰγύπτιος
917 1868 1265 1940 ὑποδέχεται,
1293 1871 1364 1941 τῇ
1409 1869 1629 1940 καθόδῳ
1677 1867 1774 1923 τοῦ
1817 1866 2119 1936 φεύγοντος
2167 1867 2270 1938 τὴν
2330 1864 2708 1936 δεισιδαίμονα
2741 1866 2956 1939 πλάνην
2987 1870 3466 1942 ἀποκρουόμενος·

177 1954 316 2025 μεθ’
348 1955 409 2009 δν
471 1961 720 2029 τριταῖος
763 1961 986 2034 Ἰσραὴλ
1055 1965 1332 2034 πρόσεισι,
1399 1961 1498 2016 καὶ
1546 1961 1724 2017 ταῦτα
1784 1961 2124 2032 καλούμενος
2162 1958 2269 2014 ύπδ
2314 1959 2410 2012 τοῦ
2481 1959 2876 2032 κηρύσσοντος,
2925 1963 3177 2035 καθάπερ
3229 1965 3298 2019 τὰ
3349 1967 3470 2038 ἱερὰ

170 2051 324 2120 ἡμῖν
347 2048 750 2122 ἁναταξάμενοι
774 2053 1232 2125 παραδεδώκασιν
1285 2055 1616 2134 Εὐαγγξλια,
1666 2053 1761 2108 τοῦ
1801 2055 2014 2125 Κυρίου
2047 2051 2360 2106 ἀπόστολοι.

256 2149 370 2217 μα’.
399 2144 590 2208 Ὅπως
639 2145 698 2200 δὲ
729 2147 943 2212 τούτοις
995 2151 1235 2220 συγγενῆ
1271 2151 1331 2204 τέ
1373 2153 1491 2205 ἐστι
1546 2153 1640 2206 καὶ
1676 2153 1774 2220 ιφ-

1957 2148 2046 2204 45.
2082 2149 2196 2216 Age
2234 2161 2362 2201 vero
2410 2146 2496 2200 his
2527 2145 2706 2201 aﬂinia
2741 2158 2906 2218 atque
2949 2153 3142 2205 aetatula
3189 2167 3312 2208 esse
3341 2167 3471 2221 apo-

172 2238 399 2310 ἅμιλλα
435 2238 505 2292 τὰ
534 2239 877 2294 ἀποστολικὰ
931 2241 1264 2312 διδάγματα,
1308 2243 1404 2296 καὶ
1453 2244 1552 2316 τὴν
1608 2244 1778 2315 αὐτὴν

167 2329 384 2402 ὥσπερ
411 2331 690 2403 ἐρχόμενα
729 2332 940 2402 τρίϐον,
988 2333 1231 2406 ἀμογητὶ
1271 2335 1625 2405 κατοψόμεθα
1653 2353 1667 2367 ·
1703 2337 1780 2400 ὼς

167 2424 381 2496 ἄρχειν
407 2439 472 2476 τε
504 2423 615 2476 τῶν
647 2424 820 2478 ἐθνῶν
851 2425 972 2495 ἦτοι
1013 2426 1116 2498 τῆς
1147 2427 1208 2492 ὲξ
1236 2427 1406 2481 ἐθνῶν
1448 2429 1780 2498 Ἐκκλησίας

165 2518 206 2568 ὁ
235 2517 459 2590 Σωτὴρ,
486 2518 582 2570 καὶ
610 2518 697 2570 ἐπ’
719 2517 893 2589 αὐτὴν
923 2517 1240 2587 βασιλεύειν
1291 2521 1632 2581 πιστεύεται,
1682 2538 1778 2574 κε-

172 2609 336 2680 φαλή
383 2609 446 2662 τέ
495 2613 648 2663 ἐστιν
699 2607 895 2680 αὐτῆς,
950 2611 1045 2665 καὶ
1114 2613 1198 2666 δεῖ
1251 2611 1416 2666 αὑτὸν
1463 2612 1771 2683 βασιλεύειν

172 2700 356 2770 ἄχρις
385 2693 448 2752 οὗ
480 2699 546 2769 θῇ
579 2701 706 2762 τοὺς
734 2699 966 2770 ἐχθροὺς
988 2699 1157 2753 αὑτοῦ
1181 2699 1288 2753 ὑπὸ
1313 2701 1442 2760 τοὺς
1477 2701 1648 2762 πόδας
1678 2700 1776 2754 αύο

173 2791 305 2857 τοῦ,
340 2791 439 2844 καὶ
467 2791 840 2862 κληρονόμους
867 2788 1214 2846 ἀναδείκνυσι
1246 2792 1528 2862 βασιλείας
1551 2795 1678 2856 τοὺς
1698 2794 1779 2858 εἰς

170 2882 353 2937 αὑτὸν
369 2883 698 2954 ἡλπικότας,
715 2884 1116 2955 διωμολόγηται
1136 2901 1152 2917 '
1169 2885 1332 2956 φήσει
1347 2884 1528 2940 τοίνυν
1555 2902 1778 2956 προεισ-

173 2973 417 3045 δραμὼν
445 2974 556 3027 τῶν
600 2973 772 3027 ἐθνῶν
833 2977 862 3029 ό
907 2974 1246 3038 Ἀπόστολοςο
1301 2975 1465 3030 Θέλω
1502 2973 1572 3027 δὲ
1621 2972 1780 3042 ὑμᾶς

171 3067 432 3130 εἰδέναι,
455 3067 545 3121 ὅτι
569 3068 798 3134 παντὸς
821 3067 1045 3136 ἀνδρὸς
1077 3067 1116 3136 ἠ
1158 3067 1395 3138 κεφαλὴ
1441 3070 1474 3122 d
1526 3069 1781 3136 Χριστός

171 3161 340 3215 ἐστι.
366 3159 476 3214 Καὶ
501 3159 664 3215 πάλιν
689 3177 702 3191 ·
731 3160 858 3214 Ἵνα
939 3162 1082 3226 Θεὸς
1107 3159 1214 3214 τοῦ
1238 3161 1460 3242 Κυρίου
1475 3157 1646 3229 ἡμῶν
1679 3156 1782 3228 Ἰη-

173 3254 302 3308 σοῦ
333 3253 597 3323 Χριστοῦ
625 3256 658 3307 ό
693 3240 899 3322 Πατὴρ
923 3251 1033 3321 τῆς
1059 3252 1244 3321 δόξης
1283 3240 1403 3321 δῷη
1425 3252 1566 3322 ὑμῖν
1593 3252 1782 3307 ..ττνεῦ-

175 3363 263 3414 μα
279 3345 512 3414 σοφίας
528 3343 626 3398 καί
648 3343 1120 3412 ἀποκαλύψεως,
1139 3344 1210 3398 ἑν
1231 3343 1552 3414 ἐπιγνώσει
1565 3345 1776 3410 αὐτοῦ,

173 3435 686 3507 πεφωτισμένους
727 3436 872 3503 τοὺς
935 3437 1286 3506 ὀφθαλμοὺς
1358 3435 1470 3507 τῆς
1527 3436 1776 3505 καρδίας

1712 3496 1847 3556 εζϐ

175 3530 378 3600 ὑμῶν,
400 3533 488 3596 εις
511 3531 576 3584 τό
603 3529 826 3584 ειδέναι
867 3529 1028 3600 ὑμᾶς
1069 3531 1164 3597 τίς
1183 3529 1420 3598 ἐστινσή
1462 3530 1640 3596 ἐλπὶς
1665 3529 1776 3596 τῆς

178 3623 468 3691 κλήσεως
490 3623 699 3685 αὐτοῦ,
733 3622 834 3676 καὶ
860 3623 948 3689 τίς
972 3625 1005 3676 ό
1023 3621 1290 3686 πλοῦτος
1315 3617 1424 3687 τῆς
1451 3619 1640 3688 δόξης
1663 3618 1775 3688 τῆς

178 3716 598 3783 κληρονομίας
615 3713 806 3768 αὐτοῦ
835 3714 904 3766 ὲν
926 3711 1052 3777 τοῖς
1065 3713 1280 3782 ἁγίοις,
1304 3711 1400 3765 καὶ
1429 3711 1487 3764 τί
1506 3712 1572 3765 τὸ
1595 3713 1777 3779 ὑπερ-

179 3807 424 3863 ϐάλλον
429 3807 682 3878 μέγεθος
697 3801 771 3876 τῆ
779 3829 808 3874 ς
824 3807 1136 3875 δυνάμεως
1151 3805 1340 3860 αὐτοῦ
1352 3807 1439 3872 είς
1453 3803 1614 3874 ἡμᾶς
1631 3804 1776 3870 τοὺς

180 3899 614 3964 πιστεύοντας,
650 3899 802 3952 κατὰ
849 3897 967 3965 τὴν
1010 3895 1318 3966 ἐνέργειαν
1351 3895 1459 3951 τοῦ
1513 3896 1775 3966 κράτους

183 3987 299 4058 τῆς
324 3991 541 4058 ἰσχύος
557 3989 770 4054 αὐτοῦ,
795 3986 878 4058 ἣν
900 3987 1246 4058 ἐνήργησεν
1277 3989 1350 4042 ὲν
1379 3985 1460 4052 τῷ
1516 3985 1770 4057 Χριστῷ,

180 4081 424 4150 ἐγείρας
447 4078 636 4135 αὐτόν
671 4080 741 4134 ἐκ
760 4079 1012 4150 νεκρῶν,
1059 4079 1162 4134 καὶ
1193 4079 1450 4144 καθίσας
1496 4079 1566 4131 ἐν
1601 4075 1772 4144 δεξιᾷ

179 4171 378 4226 αὐτοῦ
411 4171 482 4225 ἐν
509 4171 632 4238 τοῖς
669 4171 1056 4240 ἐπουρανίοις
1084 4169 1362 4238 ὑπεράνω
1401 4167 1608 4237 πάσης
1665 4169 1773 4236 ἀρ-

182 4259 307 4330 χῆς
339 4261 436 4314 καὶ
464 4261 754 4327 ἐξουσίας
785 4261 1221 4330 καὶδυνάμεως
1265 4260 1365 4314 καὶ
1389 4260 1766 4327 κυριότητος,

181 4353 288 4408 καὶ
307 4353 536 4420 παντὸς
558 4354 853 4422 ὀνόματος
879 4353 1342 4424 ὀνομαζομένου,
1375 4355 1447 4406 οὑ
1485 4353 1681 4420 μόνον
1701 4354 1772 4406 ἐν

181 4441 264 4508 τῷ
291 4442 460 4497 αἰῶνι
486 4444 698 4509 τούτῳ,
729 4443 891 4498 ἀλλὰ
938 4443 1036 4497 καὶ
1063 4444 1134 4497 ἐν
1171 4441 1250 4508 τῷ
1298 4441 1591 4512 μέλλοντι
1613 4457 1626 4470 ·
1669 4441 1769 4494 καὶ

180 4539 387 4593 πάντα
423 4539 725 4602 ὑπέταξεν
775 4538 896 4594 ὑπὸ
954 4538 1094 4605 τοὺς
1162 4537 1354 4604 πόδας
1411 4535 1620 4600 αὑτοῦ,
1667 4536 1766 4590 καὶ

176 4631 373 4686 αὐτόν
403 4629 590 4685 ἔδωκε
627 4631 904 4700 κεφαλὴν
942 4630 1094 4700 ὑπὲρ
1146 4629 1345 4684 πάντα
1407 4627 1479 4698 τῇ
1519 4629 1770 4696 Ἐκκλη-

176 4725 311 4790 σία,
335 4722 468 4792 ἣτις
511 4721 643 4778 ἐστὶ
684 4722 750 4776 τὸ
773 4721 947 4791 σῶμα
973 4721 1183 4784 αὐτοῦ,
1221 4721 1289 4776 τὸ
1331 4719 1625 4790 πλήρωμα
1659 4720 1766 4774 τοῦ

1883 2239 2076 2296 stolica
2105 2240 2460 2303 documenta,
2493 2240 2796 2308 eademque
2827 2240 2994 2295 veluti
3023 2243 3106 2296 via
3135 2243 3468 2312 insistentia,

1883 2329 2046 2385 facile
2094 2343 2519 2399 cognoscemus;
2591 2331 2740 2384 credi
2796 2331 3052 2387 videlicet
3121 2331 3470 2390 Sen-storem

1883 2423 2158 2492 gentibus,
2190 2421 2242 2476 id
2273 2429 2356 2476 est
2391 2419 2650 2476 Ecclesiae
2669 2410 2936 2490 gentium,
2971 2425 3473 2496 przeesse,ejusqne

1884 2524 2043 2582 caput
2087 2529 2228 2578 esse,
2267 2528 2330 2566 ac
2381 2513 2502 2568 sine
2554 2511 2719 2567 dubio
2769 2525 3024 2583 oportere
3073 2531 3197 2571 eum
3239 2533 3470 2589 regnare

1883 2607 2058 2660 donec
2115 2613 2280 2675 ponat
2316 2604 2571 2660 inimicos
2602 2619 2732 2659 suos
2767 2605 3060 2660 scabellum
3109 2608 3308 2677 pedum
3337 2624 3471 2666 suo-

1884 2713 2028 2766 rum,
2063 2709 2118 2753 et
2157 2701 2305 2766 regni
2347 2698 2593 2753 haerech
2615 2696 2814 2754 eﬂiciat
2839 2699 2928 2768 qui
2965 2701 3017 2754 in
3053 2717 3175 2756 eum
3216 2719 3472 2772 sperave-
3559 2723 3565 2726 ·

1887 2791 2012 2846 rint.
2055 2792 2206 2844 Dicet
2236 2793 2420 2856 itaque
2445 2790 2800 2860 primipilaris
2841 2792 3005 2846 veluti
3047 2797 3287 2863 gentium
3322 2797 3468 2867 Apo-

1883 2882 2053 2936 stolus
2087 2899 2102 2934 :
2151 2880 2277 2934 Volo
2306 2898 2396 2934 vos
2437 2881 2592 2948 scire,
2622 2884 2792 2936 omnis
2836 2884 2940 2936 viri
2983 2893 3138 2950 caput
3168 2904 3279 2941 esse
3307 2887 3468 2944 Chri-

1882 2983 2017 3027 stum
2047 2973 2110 3027 ‘3.
2149 2971 2215 3026 Et
2243 2989 2437 3028 rursus
2485 2989 2500 3026 :
2546 2973 2616 3027 Ut
2670 2973 2808 3028 Deus
2859 2975 3072 3030 Domini
3126 2981 3295 3033 nostri
3337 2981 3470 3036 Jesu

1882 3063 2103 3127 Christi,
2144 3063 2302 3118 Pater
2332 3065 2536 3132 glorier,
2572 3070 2660 3119 del
2699 3067 2846 3120 vobis
2890 3065 3148 3134 Spiritum
3188 3073 3468 3140 sapientia

1881 3165 1928 3209 et
1960 3155 2292 3209 reuelationis
2344 3157 2396 3209 in
2427 3156 2696 3226 agnitione
2720 3157 2873 3227 ejus;
2923 3159 3253 3216 illuminatos
3285 3165 3466 3218 oculos

1883 3248 2056 3300 cordis
2088 3248 2266 3310 vestri,
2309 3258 2363 3301 ut
2393 3249 2574 3303 sciatis
2611 3265 2730 3318 qua:
2763 3250 2830 3303 sit
2859 3267 2975 3320 spes
3009 3255 3300 3309 vocationis
3326 3257 3468 3326 ejus,

1881 3347 1928 3391 et
1957 3347 2074 3408 qua"
2107 3337 2311 3393 divitia:
2340 3339 2524 3409 gloria:
2553 3341 2881 3396 Iewreditatis
2913 3341 3027 3412 ejus
3056 3345 3110 3397 in
3137 3349 3360 3402 sanctis.
3397 3347 3467 3401 Et

1882 3443 2001 3498 quae
2051 3429 2120 3481 sit
2175 3430 2566 3494 supereminens
2612 3433 2920 3501 magnitudo
2976 3435 3188 3488 virtutis
3245 3439 3360 3506 ejus
3414 3442 3468 3491 in

1886 3537 2002 3584 nos,
2026 3523 2114 3584 qui
2157 3522 2421 3575 credimus
2475 3523 2763 3576 secundum
2812 3526 3172 3591 operationem
3219 3531 3468 3596 potentiu-

1881 3613 2092 3666 virtntis
2117 3611 2255 3678 eius,
2282 3627 2442 3681 quam
2469 3623 2719 3682 operatus
2746 3622 2824 3668 est
2852 3616 2909 3669 in
2939 3614 3172 3683 Christo,
3201 3621 3466 3674 suscitans

1879 3706 2033 3760 illum
2077 3725 2106 3760 a
2140 3707 2385 3772 mortuis,
2436 3716 2486 3760 et
2523 3709 2852 3762 constituens
2899 3709 2968 3762 ad
3010 3712 3279 3766 dexteram
3312 3730 3466 3768 suam

1880 3799 1935 3854 in
1961 3799 2274 3862 cmlestibus,
2293 3788 2454 3869 supra
2477 3815 2682 3854 onmem
2705 3801 3066 3870 principatum
3085 3813 3135 3856 et
3152 3815 3464 3871 potestatem

1879 3899 1928 3944 et
1965 3891 2216 3944 virtutem
2256 3901 2303 3944 et
2351 3890 2789 3959 dominationem,
2824 3904 2870 3947 et
2914 3909 3066 3947 omne
3105 3911 3290 3950 nomen
3326 3901 3466 3968 quod

1879 3983 2184 4036 nominatur
2217 3998 2320 4036 non
2351 3983 2524 4036 solum
2568 3983 2624 4038 in
2671 3985 2769 4038 Itoc
2810 3986 3029 4052 stcculo,
3078 3988 3169 4041 sed
3213 3989 3374 4043 etiam
3410 3990 3466 4042 in

1879 4073 2080 4143 futuro.
2109 4071 2179 4128 Et
2207 4075 2388 4129 omnia
2417 4075 2645 4146 subjecit
2668 4078 2762 4131 sub
2789 4078 3012 4147 pedibus
3043 4078 3182 4148 ejus,
3209 4090 3255 4134 et
3289 4083 3468 4149 ipsum

1864 4154 2020 4218 'dedit
2053 4175 2212 4234 caput
2243 4184 2403 4235 supra
2443 4184 2646 4222 omnem
2680 4167 3000 4235 Ecclesiam,
3023 4187 3142 4240 qua:
3169 4183 3242 4226 est
3276 4189 3463 4243 corpus

1879 4257 1911 4323 ί,
1936 4257 2070 4319 sius.
2097 4267 2144 4310 et
2169 4257 2442 4326 plenitudo
2463 4258 2602 4328 ejus,
2626 4262 2717 4330 qui
2742 4263 2918 4316 omnia
2943 4263 2996 4316 in
3023 4264 3268 4317 omnibus
3287 4263 3463 4318 adim-

1875 4350 1978 4416 plet
2029 4350 2098 4404 ‘9.
2156 4349 2222 4403 Et
2268 4369 2282 4404 :
2343 4351 2482 4404 Deus
2539 4370 2657 4407 enm
2722 4354 3158 4422 superexaltavit,
3215 4357 3462 4426 deditque

1877 4443 1924 4494 ei
1952 4458 2140 4495 nomen
2169 4458 2327 4509 super
2355 4460 2507 4498 omne
2531 4461 2738 4510 nomen,
2767 4456 2820 4498 ut
2851 4447 2907 4498 in
2932 4449 3144 4500 nomine
3160 4447 3290 4502 Jesu
3311 4465 3462 4502 omne

1873 4550 2006 4604 genu
2057 4534 2306 4604 ﬂectatur
2365 4535 2670 4601 ctelestium,
2726 4540 3074 4605 terrestrium,
3126 4549 3176 4594 et
3218 4541 3458 4610 inferno-

1875 4639 1992 4676 rum
2023 4623 2090 4678 ⁸⁸.
2119 4622 2188 4677 Et
2215 4643 2226 4678 :
2263 4623 2329 4678 In
2360 4627 2472 4692 ipso
2512 4627 2715 4680 habitat
2745 4628 2915 4683 omnis
2951 4628 3231 4698 plenitudo
3258 4630 3448 4686 divini-

1873 4717 1999 4770 tatis
2026 4719 2376 4784 corporaliter
2417 4718 2484 4772 ⁵¹.
2527 4719 2626 4775 Et:
2656 4717 2800 4774 Estis
2826 4722 2883 4775 in
2913 4722 3002 4774 iilo
3029 4723 3235 4791 repleti,
3268 4725 3358 4794 qui
3385 4737 3461 4779 est

177 4817 252 4870 τὰ
279 4815 478 4868 πάντα
515 4813 584 4868 ἐν
608 4815 760 4870 πᾶσι
779 4813 1182 4881 πληροῦντος.
1217 4813 1328 4866 Καὶ
1350 4855 1365 4880 ,
1403 4813 1486 4866 ὅτι
1532 4813 1586 4864 '0
1619 4810 1765 4877 Θεὸς

1880 4818 2033 4878 caput
2064 4811 2237 4866 omnis
2275 4812 2606 4881 principatus
2639 4824 2686 4866 et
2719 4817 2999 4882 potestatis
3036 4817 3105 4870 ⁸³.
3142 4816 3208 4872 Ει
3235 4819 3416 4874 denuo
3446 4837 3459 4870 :

177 4909 373 4962 αὑτὸν
404 4907 792 4977 ὑπερύψωσεν,
823 4907 921 4962 καὶ
944 4907 1273 4975 ἐχαρίσατο
1295 4903 1458 4970 αὐτῷ
1485 4903 1672 4968 ὄνομα
1697 4902 1766 4957 τὸ

1883 4899 2170 4958 Veritatem
2201 4913 2378 4958 autem
2425 4904 2678 4975 facientes
2723 4908 2777 4960 in
2835 4909 3116 4975 clmritate,
3166 4927 3462 4966 crescamus

183 4995 336 5065 ὑπὲρ
370 4993 494 5052 πᾶν
517 4995 726 5065 ὄνομα,
763 4996 864 5050 ἵνα
891 4995 960 5048 ἐν
985 4994 1066 5060 τῷ
1116 4995 1364 5064 ὀνόματι
1411 4993 1608 5060 Ἰησοῦ
1641 4990 1768 5049 πᾶν

1880 4996 1928 5050 in
1951 4995 2044 5050 illo
2067 5013 2160 5064 per
2192 4999 2392 5062 omnia,
2412 5001 2504 5066 qui
2537 5008 2614 5054 est
2655 5013 2811 5069 caput
2840 4999 3125 5068 Christus;
3158 5019 3224 5058 ex
3246 5020 3351 5072 quo
3377 5015 3454 5056 to-

176 5095 331 5156 τόνυ
361 5085 570 5156 κάμψῃ
599 5085 1000 5154 ἐπουρανίων,
1029 5086 1128 5140 καὶ
1153 5085 1450 5156 ἐπιγείων,
1477 5085 1576 5139 καὶ
1597 5102 1769 5139 κατα-

1875 5095 1986 5140 tum
2042 5103 2235 5157 corpus
2281 5099 2610 5158 compactum
2661 5104 2706 5146 el
2755 5108 3050 5147 connexum
3110 5111 3202 5162 per
3250 5111 3451 5149 omnem

178 5176 461 5247 χθονίων.
477 5176 586 5230 Kal
611 5191 624 5205 '
644 5176 747 5231 Ἐν
767 5176 928 5242 αὐτῷ
953 5176 1218 5231 κατοικεῖ
1238 5174 1362 5231 πᾶν
1383 5177 1448 5229 τὸ
1473 5173 1765 5246 πλήρωμα

1880 5179 2179 5235 iuncturam
2207 5183 2738 5247 subministrationis,
2767 5187 3058 5239 secundum
3101 5189 3453 5255 operationem

176 5267 292 5336 τῆς
329 5269 614 5335 θεότητος
645 5265 1017 5338 σωματικῶς.
1071 5267 1180 5322 Καξ
1207 5286 1220 5300 ο
1260 5267 1438 5322 Ἐστὲ
1489 5267 1558 5321 ἐν
1599 5263 1762 5332 αὐτῷ

171 5361 656 5430 πεπληρωμένοι,
689 5360 758 5426 ὅς
780 5361 957 5414 ἐστιν
981 5362 1020 5429 ὴ
1052 5359 1287 5430 κεφαλὴ
1317 5359 1524 5426 πάσης
1563 5357 1762 5427 ἀρχῆς

172 5453 279 5506 καὶ
336 5453 649 5520 ἐξουσίας.
695 5456 803 5508 Καὶ
862 5452 1024 5508 πάλιν
1051 5471 1063 5484 ·
1110 5455 1532 5521 Ἀληθεύοντες
1571 5452 1636 5505 δὲ
1692 5453 1764 5505 ἐν

168 5544 403 5616 ἀγάπη,
430 5525 798 5616 αὐξήσωμεν
834 5549 920 5613 εὶς
965 5544 1153 5602 αὐτόν
1205 5545 1424 5609 πάντα,
1481 5545 1548 5610 ὅς
1585 5544 1760 5598 ἐστιν

1872 5273 1926 5324 in
1978 5287 2282 5325 mensuram
2357 5276 2776 5346 tuiiusrujusque
2841 5280 3062 5331 membri
3115 5288 3450 5350 augmentum

1875 5364 2110 5430 corporis
2164 5364 2292 5431 {eicit
2333 5366 2386 5419 in
2419 5368 2822 5435 tediﬁcationem
2855 5371 2938 5423 sui
2991 5373 3044 5423 in
3072 5371 3331 5424 charitate
3383 5373 3445 5424 ⁵³.

1878 5453 1936 5507 Et
1969 5455 2163 5510 iterum
2209 5476 2222 5511 :
2268 5458 2405 5522 Quia
2437 5461 2517 5512 vir
2550 5471 2706 5528 caput
2740 5464 2996 5527 nuu'teris,
3023 5464 3097 5516 ita
3121 5472 3171 5516 et
3208 5460 3456 5518 Christus

1871 5543 2124 5602 Ecclesia:
2165 5563 2319 5618 caput
2353 5552 2420 5606 ⁸³.

166 5644 211 5710 ἡ
245 5639 564 5708 κεφαλίδιι
597 5642 874 5709 Χριστιῗς,
939 5639 1010 5705 ἐξ
1047 5635 1122 5696 οὗ
1179 5637 1304 5696 πᾶν
1349 5638 1415 5692 τὸ
1463 5637 1637 5706 σῶμα
1674 5642 2330 5711 σιψαρμολογούμενοι·
2391 5645 2483 5697 ml
2551 5644 3062 5715 σινμϐιῖαζόμενον
3126 5647 3223 5701 διὰ
3249 5648 3456 5716 πάσης

200 5821 244 5850 ⁸⁷
291 5818 396 5870 l~:t.
433 5833 545 5880 XIS,
578 5816 668 5878 2i,
710 5817 802 5869 ⁸25.
882 5815 928 5846 ⁸⁸
969 5813 1142 5868 Hier.
1181 5829 1256 5875 Kl,

159 5895 254 5946 ‘6‘
331 5890 377 5919 ss
413 5889 610 5958 Εριιεδ,
643 5901 717 5952 ιν,
750 5888 831 5953 l5,
861 5886 946 5940 16.
1026 5885 1070 5916 δ”
1115 5887 1288 5955 Είιίιυδ
1349 5901 1400 5952 ν,
1425 5885 1516 5938 ‘23.

1417 5814 1459 5843 η
1501 5813 1698 5882 Ιίῖρίιεδ.
1739 5832 1778 5882 ι,
1814 5819 1997 5872 17.25.

2100 5819 2144 5848 ⁸ο
2189 5818 2384 5887 Philip.
2417 5833 2473 5884 ιι,
2519 5817 2571 5874 9.
2686 5822 2729 5851 ⁸⁸
2765 5822 2972 5878 Coloss.
3015 5827 3156 5895 ",9.
3236 5828 3281 5860 ³⁸
3315 5828 3452 5888 ibid.
