3994 6462
546 440 693 523 δΒΓ

1573 470 1635 530 S.
1680 467 2099 529 NICEPHORI
2139 466 2642 529 PATRIARCFL’E
2670 469 2786 530 (ΞΡ.

3690 478 3784 545 688

548 568 712 643 ἁφῆς
745 568 854 640 τῆς
886 571 1282 645 ἐπιχορηγίας
1327 574 1456 630 κατ’
1482 574 1791 647 ἐνέργειαν
1840 580 1911 631 ἐν
1935 576 2133 648 μέτρῳ
2167 578 2307 646 ἐνὸς
2336 578 2602 634 ἑκάστου
2651 579 2903 649 μέλους,
2931 578 3047 647 τὴν
3108 581 3372 650 αὔξησιν
3401 584 3508 640 τοῦ
3530 586 3784 658 σώματος

549 663 799 718 ποιεῖται
827 667 914 732 εἰς
937 666 1264 737 οἰκοδομὴν
1291 670 1478 724 αὐτοῦ
1503 671 1575 725 ἐν
1596 669 1823 741 ἀγάπη.
1894 672 2004 726 Καὶ
2046 672 2210 726 πάλιν
2235 689 2247 704 ·
2283 672 2413 725 Ὀτι
2449 676 2482 726 ό
2504 674 2661 742 ἀνὴρ
2710 671 2946 742 κεφαλὴ
3007 672 3118 743 τῆς
3155 676 3465 744 γυναικὸς,
3507 679 3657 733 οὕτω
3698 685 3783 737 καὶ

547 757 580 808 ὁ
601 756 856 826 Χριστὸς
871 759 1109 829 κεφαλὴ
1128 759 1239 830 τῆς
1282 763 1656 830 Ἐκκλησίας,

618 847 912 919 Postquam
947 854 1127 921 itaque
1149 862 1384 922 caputet
1415 854 1630 909 initium
1662 856 1905 910 omnium
1933 865 2125 911 osten-
2155 862 2200 912 Δ

548 937 628 991 dit
672 953 792 995 esse
820 938 1100 995 Christum
1129 957 1284 997 sacer
1329 943 1641 1012 Apostolus,
1668 961 1962 1016 regemque
2001 946 2125 1000 uui-

548 1044 830 1085 versorum
883 1031 1297 1098 demonstravit,
1351 1034 1547 1090 deinde
1604 1037 1815 1092 inducit
1872 1037 2125 1093 eumdem

545 1123 892 1178 credentibus
926 1140 1143 1196 quoque
1173 1126 1228 1180 in
1275 1127 1473 1196 ipsum,
1506 1129 1829 1199 largientem
1878 1144 2124 1199 regnum,

546 1216 636 1270 ubi
666 1216 742 1270 ait
776 1234 790 1270 :
827 1215 1018 1288 Itaque
1070 1235 1287 1289 regnum
1323 1222 1590 1275 immobile
1623 1223 1988 1290 suscipientes,
2030 1222 2126 1275 ha-

2313 844 2468 899 Ἒπεὶ
2497 842 2592 900 οὖν
2611 844 2854 915 κεφαλὴν
2882 845 2978 899 καὶ
2998 845 3173 917 ἀρχὴν
3202 848 3419 903 πάντων
3448 852 3688 926 ἀπέφηνε
3708 861 3787 915 τὸν

2232 937 2469 1008 Χριστὸν
2497 938 2526 990 ὁ
2567 937 2710 1008 ἱερὸς
2758 938 3100 1004 ’Δπόπολος,
3137 941 3234 994 καὶ
3260 941 3489 1010 βασιλέα
3535 936 3642 1002 τῶν
3667 952 3787 1009 ὅλων

2228 1028 2633 1093 ἀποδείκνυσιν,
2670 1028 2885 1097 εἰσάγει
2915 1029 3079 1083 αὐτὸν
3111 1032 3207 1085 καὶ
3242 1034 3357 1096 τοῖς
3379 1044 3784 1098 πεπιστευκόσιν

2228 1119 2378 1189 αὺτῷ
2431 1120 2722 1190 βασιλείαν
2757 1120 3140 1193 χαριζόμενον,
3211 1125 3271 1177 ὲν
3334 1120 3415 1189 οἷς
3467 1144 3603 1199 φησι
3634 1149 3647 1163 ο
3702 1138 3783 1190 Διὸ

2221 1211 2556 1277 ,βασιλείαν
2611 1211 2962 1275 ἀσάλευτον
3034 1216 3615 1287 παραλαμϐάνοντες
3669 1224 3783 1294 ἐχο.

543 1308 722 1361 bemus
754 1308 1011 1377 gratiam,
1054 1325 1147 1377 per
1183 1327 1340 1379 quam
1378 1314 1670 1367 serviamus
1709 1313 1973 1379 placentes
2015 1311 2123 1366 Deo

2220 1320 2339 1372 μεν
2360 1303 2558 1372 χάριν,
2578 1303 2654 1356 δι’
2673 1300 2748 1374 ἧς
2765 1306 3140 1374 λατρεύομεν
3162 1310 3511 1379 εὐαρέστως
3538 1312 3628 1379 ιτῷ
3653 1319 3777 1384 Θεῷ,

542 1421 555 1448 ι
575 1414 663 1451 um
695 1409 834 1452 metu
875 1408 923 1452 et
966 1404 1258 1454 reverentia
1290 1401 1358 1456 ⁸⁸.
1394 1402 1458 1456 Ει
1491 1421 1504 1457 :
1532 1402 1750 1457 Gratias
1772 1411 1984 1473 agentes
2014 1402 2123 1457 Deo

2220 1395 2373 1464 μετὰ
2394 1394 2603 1461 αἰδοῦς
2634 1396 2732 1449 καὶ
2752 1399 3090 1465 εὐλασείας.
3115 1400 3226 1453 κιαι
3244 1417 3257 1431 ο
3288 1404 3784 1477 Εὐχαριστοῦντες

542 1487 724 1552 Patri,
759 1491 850 1551 qui
883 1488 1097 1544 idoneos
1135 1508 1228 1544 nos
1264 1492 1386 1558 fecit
1418 1493 1473 1545 in
1497 1502 1702 1561 partem
1728 1495 1884 1547 sortis
1907 1504 2121 1546 sancto-

532 1577 664 1634 ‘rum
698 1582 755 1634 in
791 1584 1025 1645 lumine;
1061 1583 1151 1652 qui
1177 1584 1368 1652 eripuit
1401 1600 1492 1637 nos
1509 1585 1573 1638 de
1602 1596 1855 1653 potestate
1884 1585 2124 1638 tenebra-

543 1689 665 1727 rum
700 1682 749 1727 et
788 1674 1066 1728 transtulit
1107 1674 1164 1728 in
1212 1692 1424 1745 regnum
1454 1674 1591 1731 Filii
1643 1679 1945 1732 dilectionis
1987 1693 2117 1740 sure,

542 1765 595 1819 in
635 1780 739 1834 quo
768 1765 1021 1821 habemus
1063 1766 1490 1834 redemptionem,
1546 1770 1905 1824 remissionem
1937 1788 2123 1841 pecca-

542 1864 715 1909 torum
737 1855 804 1908 “.
841 1853 913 1909 Ut
937 1866 1118 1912 autem
1152 1856 1247 1910 ﬁlii
1275 1857 1437 1911 simul
1468 1868 1521 1912 ct
1547 1858 1746 1913 fratres
1772 1870 1827 1915 et
1856 1862 2121 1927 limrcdes,

540 1948 977 2003 animadvertere
1014 1948 1273 2003 debemus
1305 1966 1320 2002 :
1364 1949 1542 2005 Sicuti
1566 1968 1700 2005 nunc
1730 1954 2015 2006 revelatum
2045 1964 2119 2006 est

541 2038 739 2090 sanctis
768 2036 1023 2105 apostolis
1062 2045 1113 2091 et
1157 2040 1420 2107 prophetis
1451 2041 1504 2093 in
1533 2040 1766 2110 Spiritu,
1809 2054 1984 2110 gentes
2012 2059 2122 2097 esse

538 2125 705 2196 209
716 2125 1011 2180 cohwredes
1030 2137 1077 2180 et
1098 2129 1499 2195 concorporalcs
1519 2140 1566 2182 et
1581 2134 1979 2199 compar-licipes
1997 2149 2119 2199 pro-

2225 1485 2304 1551 τῷ
2335 1486 2516 1553 Πατρὶ
2540 1486 2621 1551 τῷ
2647 1485 3010 1542 ἱκανώσαντι
3034 1488 3189 1558 ἡμᾶς
3215 1493 3301 1558 εἰς
3325 1491 3440 1559 τὴν
3455 1497 3667 1563 μερίδα
3693 1502 3780 1553 τοῦ

2225 1577 2454 1645 κλήρου
2490 1577 2609 1631 τῶν
2655 1579 2841 1647 άγίων
2886 1581 2958 1634 ἐν
3008 1580 3089 1647 τῷ
3138 1584 3291 1651 φωτί
3318 1601 3331 1615 ⁸
3383 1586 3455 1652 ὃς
3514 1589 3782 1656 ἐρρύσατο

2224 1668 2383 1737 ἡμᾶς
2415 1671 2483 1723 ἐκ
2535 1669 2644 1737 τῆς
2699 1670 2996 1739 ἐξουσίας
3047 1675 3154 1727 τοῦ
3186 1676 3477 1744 σκότους,
3532 1680 3630 1732 καὶ
3660 1699 3779 1750 μετ-

2223 1760 2494 1827 έστησεν
2548 1764 2635 1827 είς
2668 1761 2783 1829 τὴν
2797 1763 3130 1827 ,βασιλείαν
3153 1766 3260 1820 τοῦ
3290 1767 3426 1821 Υίοῦ
3443 1766 3556 1836 τῆς
3572 1770 3780 1839 ἀγάπης

2221 1852 2432 1917 αὑτοῦ,
2456 1854 2526 1907 ἐν
2542 1847 2590 1921 ᾧ
2612 1855 2832 1924 ἔχομεν
2853 1855 2967 1919 τὴν
2987 1857 3435 1925 ἀπολύτρωσιν,
3454 1861 3573 1927 τὴν
3591 1862 3779 1931 ἄφεσιν

2222 1944 2344 1999 τῶν
2375 1945 2831 2017 ἁμαρτημάτων.
2878 1948 2967 2012 Ὣς
2996 1950 3052 2003 δὲ
3102 1951 3292 2016 τέκνα,
3317 1955 3413 2007 καὶ
3450 1955 3685 2023 ἀδελφοὶ,
3703 1958 3778 2011 καὶ

2222 2039 2554 2110 κληρονόμοι
2582 2042 2630 2094 oi
2670 2041 2848 2105 αὐτοὶ,
2888 2043 3184 2115 προσέχειν
3210 2045 3348 2099 δέονο
3397 2047 3497 2114 Ὠς
3546 2048 3660 2103 νῦν
3685 2052 3777 2105 ἀπ-

2221 2130 2531 2198 εκαλύφοη
2560 2130 2687 2196 τοῖς
2710 2130 2904 2200 ἁγίοις
2930 2135 3306 2198 ἀποστόλοις
3332 2137 3447 2192 -καὶ
3468 2140 3775 2209 προφήταις

538 2219 806 2272 missionis
829 2217 942 2286 ejus
969 2220 1020 2269 in
1053 2216 1266 2272 Christo
1304 2217 1433 2273 Jesu
1461 2237 1553 2288 per
1574 2220 1941 2291 Evangelium,
1964 2226 2118 2293 cujus

2223 2219 2293 2273 ἐν
2338 2221 2657 2290 Πνεῦματι,
2690 2219 2844 2277 εἶναι
2904 2224 2975 2278 τὰ
3009 2225 3155 2292 ἔθνη
3192 2208 3772 2300 συνκληρονόμα,καί

539 2309 719 2378 fnctus
741 2324 854 2361 sum
875 2308 1114 2363 minister
1127 2308 1543 2364 ".-Audacius
1560 2323 1736 2367 autem
1752 2314 1939 2381 scripsi
1957 2315 2118 2378 robis,

536 2399 732 2464 fratres
755 2435 768 2459 ,
797 2411 861 2449 ex
898 2406 1084 2464 parte,
1128 2407 1384 2465 tanquam
1418 2400 1469 2450 in
1502 2400 1808 2453 memoriam
1834 2416 1925 2455 vos
1957 2402 2120 2456 redu-

537 2507 679 2550 cens,
702 2500 912 2557 propter
933 2492 1164 2559 gratiam
1188 2506 1303 2559 qua:
1325 2491 1451 2544 data
1470 2501 1543 2544 est
1570 2491 1703 2544 mihi
1723 2508 1754 2545 a
1786 2491 1912 2556 Deo,
1932 2505 1985 2546 ut
2018 2496 2119 2548 sint

535 2581 776 2634 minister
792 2579 919 2634 Jesu
940 2579 1138 2634 Christi
1159 2582 1213 2635 in
1239 2581 1502 2650 gentibus,
1525 2584 1863 2653 sanctiﬁcans
1880 2584 2121 2656 Evange—

534 2674 691 2738 lium,
748 2681 804 2727 ut
841 2673 939 2742 ﬁat
990 2673 1188 2728 oblatio
1223 2675 1458 2744 gentium
1501 2686 1735 2745 accepta,
1787 2679 2120 2745 sanctiﬁcata

534 2766 593 2818 in
619 2763 830 2832 Spiritu
847 2775 1035 2818 sancto
1065 2763 1132 2819 ⁸⁸.
1169 2763 1241 2818 Ει
1262 2765 1461 2819 deinde
1494 2782 1507 2818 :
1534 2765 1658 2821 Non
1683 2768 1820 2822 enim
1839 2771 2117 2840 accepistis

532 2855 785 2925 spiritum
810 2856 1080 2909 servitutis
1103 2856 1298 2909 iterum
1323 2856 1393 2908 ad
1430 2852 1693 2925 timorem,
1718 2860 1810 2912 sed
1843 2862 2116 2930 accepistis

532 2947 784 3016 spiritum
807 2946 1130 3017 adoptionis,
1163 2946 1217 3001 in
1253 2964 1356 3017 quo
1375 2949 1695 3014 clamamus,
1732 2953 1903 3019 Abba,
1928 2951 2114 3008 Pater.

532 3038 665 3108 Ipse,
690 3037 924 3107 Spiritus
964 3040 1288 3108 testiﬁcatur
1313 3041 1528 3110 spiritui
1553 3044 1916 3115 nostro,qund
1948 3047 2114 3101 simus

529 3130 637 3200 ﬁlii
654 3130 767 3186 Dei.
796 3130 952 3196 Quod
968 3133 1014 3185 si
1030 3132 1154 3202 ﬁlii,
1174 3144 1221 3187 et
1237 3131 1491 3198 hwredes;
1511 3134 1744 3191 ha'redes
1761 3137 1973 3206 quidem
1991 3124 2113 3205 Dei,

530 3224 828 3279 colueredes
850 3233 1028 3278 autem
1057 3224 1342 3281 Christi".
1365 3226 1627 3296 Etposteu
1657 3246 1673 3282 :
1699 3228 1842 3295 Quia
1855 3230 1972 3298 jam
2009 3247 2113 3285 non

534 3334 590 3370 es
614 3333 816 3383 seruus,
863 3318 955 3371 sed
988 3316 1136 3386 ﬁlius
1186 3328 1234 3372 et
1274 3320 1443 3375 hazres
1479 3320 1576 3373 Dei
1599 3337 1694 3390 per
1738 3322 2008 3376 Christum
2043 3324 2110 3380 ".

534 3405 746 3472 Quibus
778 3406 960 3461 verbis
989 3395 1315 3461 corisonahit
1344 3407 1483 3462 aiius
1516 3408 1835 3479 theologus:
1863 3408 2015 3463 Dedit
2037 3412 2114 3465 eis

532 3507 840 3567 potestatem
864 3495 1008 3565 ﬁlios
1041 3496 1137 3550 Dei
1164 3498 1306 3566 ﬁeri,
1344 3498 1425 3552 his
1451 3499 1543 3569 qui
1577 3499 1797 3553 credunt
1826 3501 1880 3553 in
1902 3502 2113 3554 nomine

532 3562 651 3657 ejus
673 3589 741 3644 ⁸⁸.
766 3562 942 3643 Addet
964 3587 1048 3642 his
1090 3562 1369 3660 Evangelii
1393 3562 1623 3660 [quoque
1647 3591 1898 3647 minister
1922 3610 1936 3646 :
1968 3591 2112 3659 Quia
2134 3562 2181 3620 α

533 3698 624 3736 vos
655 3681 782 3735 estis
825 3696 1014 3748 corpus
1042 3676 1265 3745 Christi,
1304 3689 1354 3734 et
1404 3680 1638 3735 membra
1664 3697 1730 3736 ex
1776 3693 1924 3751 parte
1953 3682 2022 3737 θ’.
2044 3712 2115 3723 -

533 3771 760 3827 Decebat
790 3774 926 3827 enim
950 3789 1093 3839 eum,
1116 3772 1331 3843 propter
1356 3790 1506 3845 quem
1549 3775 1751 3841 omnia,
1779 3787 1824 3828 et
1851 3791 1949 3842 per
1964 3790 2114 3845 quem

534 3865 739 3930 omnia,
774 3866 866 3936 qui
898 3865 1093 3920 multos
1126 3864 1268 3934 ﬁlios
1297 3867 1354 3918 in
1398 3860 1625 3934 gloriam
1659 3865 1977 3953 addu‘cerat,
2015 3882 2117 3919 au-

533 3968 731 4014 ctorem
763 3959 954 4013 salutis
985 3969 1180 4014 nostra:
1212 3959 1534 4012 cruciatibus
1556 3974 1940 4012 consummare.
1976 3955 2116 4009 Nam

532 4061 582 4105 et
604 4051 694 4121 qui
712 4050 1010 4119 sanctiﬁcat
1033 4060 1079 4104 et
1108 4051 1199 4121 qui
1228 4050 1656 4118 sanctiﬁcantur,
1682 4065 1753 4103 ea:
1783 4065 2112 4105 unocmnes.

538 4143 711 4209 Quam
736 4142 800 4197 ob
816 4158 1036 4197 causam
1067 4159 1170 4196 non
1193 4142 1448 4196 erubescit
1481 4142 1674 4211 fratres
1702 4142 1819 4194 illos
1846 4140 2117 4194 nominare

530 4228 716 4287 dicens
749 4248 769 4287 :
808 4232 1150 4286 Annuntiabo
1179 4248 1367 4286 nomen
1397 4242 1547 4286 tuum
1578 4231 1837 4300 fratribus
1870 4233 2032 4297 meis;
2064 4232 2118 4284 in

532 4326 708 4379 medio
764 4323 1016 4378 Ecclesia:
1068 4323 1301 4377 laudabo
1347 4332 1396 4378 te
1447 4323 1513 4377 “.
1560 4321 1627 4376 Et
1675 4338 1862 4378 rursus
1911 4338 1925 4375 :
1966 4310 2118 4388 Quos

532 4419 803 4490 pra’scirit
848 4429 894 4471 et
943 4417 1345 4488 prwdestinavit
1397 4416 1695 4486 conformes
1738 4416 1857 4486 ﬁeri
1899 4416 2119 4486 imagini
2156 4434 2163 4440 ·

535 4512 668 4565 Filii
698 4514 807 4576 sui,
840 4522 894 4564 ut
933 4512 999 4565 sit
1052 4512 1165 4580 ipse
1203 4511 1585 4580 primogenitus
1622 4511 1677 4564 in
1724 4509 1907 4564 multis
1933 4509 2120 4579 fratri-

535 4606 630 4659 bus
680 4603 747 4659 “.
797 4604 864 4658 Et
918 4612 1220 4674 praeterea:
1258 4601 1325 4655 In
1382 4618 1484 4673 quo
1542 4603 1901 4656 abundantius
1939 4600 2117 4655 volens

536 4695 679 4749 Deus
707 4691 984 4747 ostendere
1008 4691 1410 4761 pollicitationis
1450 4692 1744 4745 hamdibus
1779 4690 2121 4757 immobilita-

538 4795 640 4841 tem
685 4769 901 4838 consilii
936 4786 1040 4847 sui,
1095 4783 1409 4851 interposuit
1452 4783 1874 4853 jusjurandum;
1920 4792 1976 4837 ut
2026 4800 2118 4853 per

535 4880 673 4929 duas
706 4890 790 4927 res
829 4871 1142 4936 immobiles,
1198 4871 1389 4940 quibus
1427 4869 1747 4942 impossibile
1782 4879 1857 4925 est
1903 4871 2114 4926 mentiri

2220 4871 2474 4943 ὑμνήσω
2519 4889 2615 4926 σε.
2666 4872 2779 4925 Καὶ
2807 4871 2971 4925 πάλιν
2996 4888 3019 4929 ο,
3059 4869 3178 4935 οὓς
3219 4867 3485 4958 προέγνω
3519 4862 3746 4958 eratspa-

2225 2312 2658 2382 σύσσιιψα,καὶ
2694 2315 3047 2385 συμμέτοχ.α
3085 2316 3199 2386 τῆς
3225 2320 3596 2389 ἐπαγγελίας
3619 2323 3772 2377 αὑτοῦ

2223 2403 2295 2457 ἐν
2324 2403 2573 2472 Χριστῷ,
2624 2406 2723 2459 διὰ
2756 2409 2864 2461 τοῦ
2900 2409 3277 2479 Εὑατγελίου
3332 2411 3633 2479 ἐγενήθην
3674 2413 3773 2467 διά·

2225 2512 2429 2561 κονος.
2449 2526 2519 2537 -
2541 2499 2982 2569 Τολμηρότερον
3002 2500 3071 2553 δὲ
3086 2502 3320 2570 ἔγραψα
3344 2503 3510 2571 ὑμῖν,
3531 2504 3768 2573 ἀδελφοὶ,

2223 2588 2342 2643 ἀπὸ
2365 2592 2611 2658 μέρους,
2646 2591 2728 2661 ὼς
2762 2591 3323 2661 ἐπαναμιμνήσκων
3350 2594 3512 2663 ὑμᾶς
3562 2596 3655 2649 διὰ
3680 2594 3769 2663 τὴν

2223 2682 2403 2753 χάριν
2438 2684 2555 2751 τὴν
2580 2684 2868 2739 δοθεῖσάν
2890 2701 2994 2753 μοι
3038 2686 3158 2740 ὑπὸ
3203 2686 3310 2738 τοῦ
3359 2686 3537 2752 Θεοῦ,
3596 2690 3676 2752 εις
3715 2686 3766 2739 τὸ

2222 2772 2378 2831 εἷναί
2409 2794 2485 2846 με
2510 2777 2869 2847 λειτουργὸν
2903 2776 3102 2845 Ἰησοῦ
3123 2777 3385 2847 Χριστοῦ
3419 2779 3510 2844 εις
3532 2779 3600 2832 τὰ
3628 2778 3765 2843 ἔθνη,

2222 2865 2646 2937 ἱερουργοῦντα
2673 2866 2737 2919 τὸ
2771 2866 3145 2937 Εὐαηεέλιον
3181 2865 3477 2921 τοῦ.Θεοῦ
3509 2882 3523 2897 ο
3575 2868 3666 2920 ἶνα
3696 2868 3766 2935 γύ-

2222 2974 2396 3026 νηται
2448 2960 2487 3027 ἡ
2529 2960 2848 3029 προσφορὰ
2900 2958 3020 3012 τῶν
3067 2956 3261 3012 ἐθνῶν
3328 2958 3762 3028 εὐπρόσδεκτος,

2221 3048 2560 3119 ἡγιασμένη
2609 3050 2679 3103 ἐν
2727 3051 3028 3119 Πνεύματι
3076 3050 3241 3119 tirio).
3296 3050 3409 3102 Καὶ
3475 3044 3592 3103 εἶτα
3613 3064 3628 3082 ο
3659 3049 3762 3102 Ὅτι

2221 3142 2332 3194 οὐκ
2365 3140 2613 3195 ἐλάϐετε
2650 3140 2887 3209 πνεῦμα
2911 3140 3198 3206 δουλείας
3220 3138 3417 3194 πάλιν
3444 3144 3533 3208 εις
3583 3141 3758 3210 φόϐον.

2221 3230 2360 3284 ἀλλ’
2384 3230 2626 3284 ἐλάϐετε
2660 3230 2898 3299 πνεῦμα
2949 3231 3278 3295 υἱοθεσίας,
3299 3230 3370 3284 ἐν
3491 3227 3757 3298 κράζομεν.

2234 3318 2407 3372 Ἀεόὰ
2436 3323 2469 3373 ό
2498 3320 2701 3388 Πατήρ
2727 3335 2743 3352 ο
2798 3319 2947 3374 αὐτὸ
3000 3319 3068 3373 τὸ
3111 3319 3358 3389 Πνεῦμα
3390 3314 3763 3388 συμμαρτυρεῖ

2218 3407 2301 3474 τῷ
2328 3411 2625 3481 πνεύματι
2648 3409 2817 3480 ημῶν
2842 3410 2935 3465 δτι
2961 3408 3153 3481 ἐσμὲν
3183 3410 3371 3464 τέκνα
3396 3409 3547 3465 Θεοῦ
3576 3425 3591 3440 ·
3637 3410 3685 3464 sl
3705 3406 3757 3461 bl

2206 3501 2425 3567 -τέκνα,
2470 3503 2568 3556 καὶ
2613 3503 3003 3572 κληρονόμοι,
3047 3503 3419 3571 κληρονόμοι
3460 3500 3576 3571 μὲν
3618 3495 3753 3562 Θεοῦ.

2217 3595 2702 3663 συγκληρονόμοι
2750 3593 2821 3646 δὲ
2876 3591 3163 3661 Χριστοῦ.
3224 3593 3335 3645 Καὶ
3380 3592 3576 3646 ἔπειτα
3608 3607 3620 3623 ο
3655 3589 3755 3643 Ὅτι

2215 3684 2418 3739 οὐκέτι
2474 3681 2532 3739 εἷ
2583 3684 2833 3751 δοῦλος,
2888 3683 3051 3739 ἀλλὰ
3100 3684 3232 3750 υίὸς
3270 3683 3370 3737 καὶ
3414 3680 3753 3752 κληρονόμος

2218 3777 2368 3831 Θεοῦ
2415 3776 2515 3832 διὰ
2560 3776 2843 3846 Χριστοῦ.
2880 3771 2975 3839 Οἷς
3020 3776 3315 3849 συνῃχήσει
3361 3776 3474 3830 τῶν
3532 3773 3754 3839 θεολόγων

2215 3869 2403 3940 ἔτερος
2452 3869 2626 3938 λέγων
2654 3885 2668 3900 '
2715 3860 2982 3926 Ἔδωκεν
3019 3868 3228 3934 αὐτοῖς
3267 3868 3564 3932 ἐξουσίαν
3603 3866 3783 3919 τέκνα-

2219 3960 2367 4016 Θεοῦ
2411 3961 2713 4032 γενέσθαι,
2761 3961 2888 4027 τοῖς
2923 3961 3332 4015 πιστεύουσιν
3364 3962 3451 4026 εις
3498 3959 3560 4012 τὸ
3600 3956 3754 4023 ὄνομα

2215 4050 2423 4105 αὐτοῦ.
2463 4050 2734 4121 Προσθείη
2765 4051 2810 4105 δ’
2832 4050 2898 4105 ἂν
2928 4053 2957 4104 ὁ
2981 4048 3076 4103 τοῦ
3094 4048 3446 4118 Εὐαγγελίου
3475 4043 3749 4117 ἱερουργός⁹

2220 4142 2347 4196 Ὀτι
2380 4142 2553 4212 ὑμεῖς
2576 4142 2719 4196 ἐστε
2744 4140 2919 4211 σῶμα
2948 4141 3209 4209 Χριστοῦ
3262 4140 3362 4193 καὶ
3396 4137 3555 4208 μέλη
3584 4136 3645 4189 ἐκ
3668 4130 3750 4201 μέ·

2206 4248 2362 4301 ρους
2386 4248 2399 4262 ⁸
2423 4231 2649 4300 ἔπρεπε
2674 4229 2786 4300 γὰρ
2808 4228 2969 4295 αὐτῷ
2991 4230 3066 4283 δι’
3097 4228 3170 4282 ὃν
3210 4228 3284 4283 τὰ
3320 4227 3541 4292 πάντα,
3585 4226 3670 4279 καὶ
3693 4216 3750 4271 δι’

2217 4320 2291 4380 οὗ
2325 4322 2397 4377 τὰ
2415 4322 2634 4389 πάντα,
2657 4322 2934 4388 πολλοὺς
2961 4320 3133 4386 υίοὺς
3152 4322 3241 4386 εις
3264 4318 3457 4383 δόξαν
3474 4313 3749 4387 ἀγαγόντα.

2216 4415 2326 4469 τὸν
2345 4394 2614 4485 ἀρχηγὸν
2646 4412 2758 4483 τῆς
2790 4413 3093 4482 σωτηρίας
3108 4410 3279 4481 ήμῶν
3308 4410 3406 4465 διὰ
3433 4403 3752 4475 παθημάτων

2217 4506 2533 4562 τελειῶσαι
2554 4522 2569 4537 ’
2604 4505 2638 4559 ὅ
2666 4522 2731 4559 τε
2753 4505 2861 4576 γὰρ
2896 4503 3146 4575 ἁγιάζων
3178 4502 3277 4557 καὶ
3307 4505 3363 4557 ol
3392 4499 3747 4572 ἁγιαζόμενοι.

2216 4601 2285 4665 ἐξ
2300 4599 2440 4665 ἐνὸς
2463 4596 2687 4663 πάντες
2714 4614 2727 4626 ·
2760 4596 2836 4650 δι’
2866 4596 2949 4663 ἡν
2973 4596 3173 4650 αἰτίαν
3196 4596 3312 4650 οὐκ
3357 4589 3746 4659 ἐπαισχύνεται

2215 4689 2520 4759 ἀδελφοὺς
2555 4687 2782 4753 αὐτοὺς
2803 4686 3035 4749 καλεῖν.
3067 4684 3266 4756 λέγων
3290 4700 3306 4717 ο
3349 4676 3663 4753 Ἀπαγγελῶ
3697 4670 3748 4726 τὸ

2217 4780 2408 4851 ὄνομά
2427 4797 2543 4835 σου
2568 4779 2693 4847 τοῖς
2709 4778 2998 4849 ἀδελφοῖς
3018 4795 3160 4848 μου,
3188 4781 3258 4831 ὲν
3272 4775 3443 4847 μέσῳ
3459 4767 3745 4838 ἐκκλησίας

540 4967 727 5030 Deum,
784 4965 1011 5017 validum
1041 4962 1298 5016 solatium
1342 4962 1628 5016 habeamus
1656 4964 1748 5033 qui
1779 4961 2115 5033 confugimus

2220 4942 2401 5032 ὥρισε
2422 4962 2823 5031 συμμόρφους
2859 4958 2972 5028 τῆς
3010 4960 3246 5024 είκόνος
3270 4957 3378 5011 τοῦ
3415 4955 3544 5010 Υίοῦ
3574 4942 3740 5004 αὑτοῦ.

536 5056 606 5110 ad
653 5060 927 5110 tenendam
959 5055 1284 5124 propositam
1327 5066 1470 5121 spem
1503 5051 1569 5106 ".
1607 5052 1672 5106 Et
1708 5052 1885 5106 adhuc
1919 5068 1933 5105 :
1986 5050 2120 5106 Dico

535 5151 720 5204 Jesum
772 5146 1045 5204 Christum
1101 5146 1407 5199 ministrum
1462 5144 1627 5213 fuisse
1696 5143 2120 5197 circumcisionis

535 5255 754 5316 propter
782 5245 1051 5300 ceritatem
1085 5230 1203 5305 Dei,
1230 5240 1299 5294 ad
1330 5241 1720 5309 conﬁrmandus
1747 5240 2122 5308 promissiones

540 5351 792 5404 patrum;
821 5347 1000 5407 gentes
1028 5344 1205 5388 autem
1237 5349 1394 5401 super
1422 5330 1783 5386 misericordia
1825 5331 2122 5402 gloriﬁcare

548 5429 731 5490 Deum,
763 5429 916 5482 sicuti
942 5427 1192 5494 scriptum
1213 5435 1286 5477 es:
1317 5438 1335 5478 :
1376 5421 1656 5489 PrOpterea
1697 5422 1983 5488 confitebor
2027 5422 2121 5473 tibi

542 5518 899 5588 ingentibus,
950 5516 1196 5577 Domine,
1247 5523 1295 5566 et
1358 5516 1554 5567 nomini
1609 5524 1699 5566 tuo
1750 5512 2154 5580 psallam"'.Et

2218 5057 2303 5121 είς
2327 5055 2393 5107 τὸ
2414 5049 2568 5107 εἶναι
2592 5051 2782 5115 αὐτὸν
2814 5051 3194 5120 πρωτότοκον
3218 5050 3289 5103 ἐν
3326 5044 3571 5110 πολλοῖς
3607 5037 3741 5095 abel-

2219 5098 2297 5121 ’ν’-ο
2332 5098 2485 5107 ’νυ-ι
2510 5098 2568 5106 νη
2593 5098 2759 5115 πν.-ν-
2814 5098 3171 5120 ν-,η--,---,,,
3221 5098 3264 5103 ,γ
3328 5098 3481 5102 "nm
3550 5098 3565 5110 ι

2219 5147 2354 5219 peric
2379 5163 2391 5175 °
2431 5146 2526 5200 καὶ
2564 5147 2660 5198 ἐπὶ
2693 5144 2904 5207 τούτοις
2927 5161 2942 5176 ι
2976 5145 3086 5197 Ἐν
3116 5137 3165 5210 ᾧ
3197 5141 3613 5211 περισσότερον
3627 5130 3741 5226 ,ϐου-
3856 5098 3861 5227 ί

2219 5215 2474 5307 λόμενος
2512 5241 2544 5291 ό
2572 5237 2717 5302 Θεὸς
2744 5234 3035 5299 ἐπιδεῖξαι
3081 5234 3205 5299 τοῖς
3253 5229 3629 5317 κληρονόμοις
3660 5215 3740 5317 τῆς
3854 5238 3859 5317 f

2222 5328 2585 5398 ἐπαγγελίας
2644 5328 2710 5382 τὸ
2744 5326 3106 5396 ἀμετάθετον
3133 5324 3243 5394 τῆς
3295 5310 3531 5389 βουλῆς
3572 5310 3737 5369 αὑτοῦ.

2224 5422 2617 5490 ἐμεσίτευσεν
2640 5419 2796 5487 ὅρκῳ
2821 5434 2833 5447 ·
2873 5420 2974 5472 ἵνα
2995 5417 3092 5471 διὰ
3128 5416 3238 5470 δύο
3267 5414 3608 5485 πραγμάτων
3634 5402 3736 5468 ἀμδ·

2226 5512 2504 5570 τιιθέτων.
2529 5512 2598 5565 ἐν
2618 5506 2707 5578 οἷς
2732 5510 3035 5565 ἀδύνατον
3062 5510 3407 5579 ψεύσασθαι
3432 5504 3582 5564 Θεὸν,
3606 5498 3736 5559 ισκυ·

617 5726 662 5761 ⁸⁵
704 5725 874 5779 Hebr.
905 5738 1004 5785 XII,
1038 5721 1130 5775 ‘28.
1209 5717 1253 5748 "
1294 5716 1507 5771 Coloss.
1541 5732 1579 5779 ι,
1618 5715 1706 5781 12,
1742 5716 1829 5770 trs.
1919 5717 1963 5747 ⁸⁷
2005 5715 2117 5783 Eph

2242 5733 2322 5779 ιιι,
2358 5711 2549 5779 5›⁶ο7-
2601 5716 2647 5746 ⁸⁸³
2686 5715 2843 5771 Rom.
2899 5731 2991 5774 xv.
3038 5715 3137 5785 15Ἀ
3194 5713 3277 5766 16.
3367 5714 3429 5785 ξι
3469 5708 3605 5762 Rom.
3642 5707 3729 5785 Ἓξ.

549 5794 735 5847 15-17.
838 5793 881 5824 ⁸⁸
922 5794 1096 5846 Gulat.
1144 5791 1217 5850 ιν,
1248 5788 1303 5839 7.
1410 5789 1451 5819 “
1496 5787 1650 5842 Juuu.
1698 5804 1735 5850 ι,
1782 5787 1860 5839 I2.

546 5866 593 5897 “
633 5865 793 5919 Hebr.
833 5878 904 5923 γι,
934 5862 1015 5917 17.
1049 5864 1115 5895 ⁸⁵⁸
1139 5860 1295 5913 itum.
1328 5874 1413 5933 xv,
1449 5867 1542 5927 9,χ

1978 5787 2021 5817 ⁸³
2056 5785 2221 5839 lCut'.
2256 5804 2354 5850 λιι,

2389 5760 2479 5841 εξῑ
2507 5760 2549 5768 ··
2591 5788 2635 5821 ει
2682 5760 2845 5840 an}:
2882 5760 3169 5848 ιῖμῑυῑῖρ.
3363 5760 3515 5835 nos.
3662 5760 3726 5816 es.
3848 5760 3851 5849 ι

2395 5810 2477 5841 ΖΙ.

2591 5788 2635 5821 ⁵³
2682 5788 2845 5840 IIobt'.
2882 5802 2939 5848 lt,
2986 5783 3169 5838 10-19.

3736 6112 3847 6388 ί
