3994 6428
234 348 351 413 689

1090 359 1657 425 APOLOGETICUS
1695 367 1846 427 PRO
1886 370 2153 430 SACRIS
2194 370 2676 430 lMAGlNIBUS.

3404 332 3508 426 690

158 508 205 537 ρ
233 457 362 527 ρὰν
440 461 830 533 παράκλησιν
894 467 1130 538 ἔχωμεν
1202 474 1259 525 oi
1339 475 1865 546 καταφεύγοντες⁴

1952 495 2150 548 nsuper
2165 479 2239 533 ait
2260 496 2272 532 :
2294 478 2596 544 Lwtmuini,
2621 488 2948 547 gentes,cum
2972 475 3162 544 populo
3181 475 3317 544 ejus.
3335 471 3468 527 Item
3488 489 3507 527 :

235 549 545 617 κρατῆσαι
571 554 681 623 τῆς
705 558 1105 626 προκειμένης
1141 561 1413 629 ἐλπίδος.
1452 566 1564 618 Καὶ
1622 567 1784 620 πάλιν
1810 585 1825 601 ο

236 641 413 713 Λέγω
442 644 512 698 δὲ
553 647 790 713 Ἰησοῦν
826 651 1090 719 Χριστὸν
1133 652 1419 708 διάκονον
1460 657 1827 727 γεγενῆσθαι

1932 569 2171 626 Laudate
2196 571 2511 636 ‘Daminum,
2539 586 2715 624 omnes
2775 578 2951 639 gentes
2973 609 2987 631 ,
3037 565 3333 621 collaudate
3362 582 3506 629 eum,

1932 652 2119 716 omnes
2139 663 2342 731 papuli.
2376 661 2441 715 Et
2471 660 2706 729 denique
2744 657 2951 714 Isaias:
2986 655 3105 711 Erit
3134 657 3295 710 rudia:
3316 655 3506 719 Jessw,

236 739 570 808 περιτομῆς
590 740 743 809 ὑπὲρ
772 743 1060 811 ἀληθείας
1086 746 1257 814 Θεοῦ,
1279 750 1365 814 εὶς
1400 748 1466 802 τὸ
1494 750 1829 814 ,ϐεϐαιῶσαι

1952 763 1982 808 νε
2012 757 2102 821 qui
2139 764 2385 824 exsurget
2427 770 2602 823 regere
2631 762 2832 823 gentes,
2874 752 2930 805 in
2974 751 3094 820 ipso
3120 760 3294 820 gentes
3330 765 3511 817 spera-

238 828 357 894 τὰς
373 830 739 902 ἐπαγγελίας
766 834 885 888 τῶν
914 837 1187 906 πατέρων
1210 855 1222 868 °
1274 838 1345 893 τὰ
1381 839 1450 893 δὲ
1489 840 1633 909 ἔθνη
1676 842 1829 911 ὑπὲρ

1952 862 2057 901 mut
2086 848 2152 901 ⁸⁸.
2194 847 2250 901 In
2294 848 2378 901 his
2427 860 2593 917 porro
2641 842 3045 900 observandum
3085 850 3188 904 est,
3216 841 3359 910 quod
3402 855 3507 893 non

237 918 462 988 ἐλέους
484 922 741 988 δοξάσαι
775 926 879 981 τὸν
913 928 1078 996 Θεὸν,
1111 931 1307 997 καθὼς
1347 931 1671 1003 γέγραπται
1691 953 1704 967 ο
1728 937 1840 991 Διὰ.

239 1013 429 1068 τοῦτο
455 1015 984 1090 ἐξομολογήσομαί
1005 1039 1105 1077 σοι
1129 1023 1199 1077 ὲν
1226 1024 1451 1090 ἔθνεσι,
1488 1029 1687 1097 Κύριε,
1729 1031 1829 1084 καὶ

240 1100 328 1168 τῷ
346 1105 597 1174 ὀνόματι
624 1121 742 1162 σου
768 1108 964 1178 ψαλῶ.
990 1113 1100 1167 Καὶ
1136 1115 1296 1168 πάλιν
1327 1114 1476 1185 λέγει
1505 1137 1518 1149 ο
1550 1119 1830 1188 Εὐφράν-

241 1198 411 1263 θητε.
438 1196 607 1265 ἔθνη,
628 1201 779 1270 μετὰ
798 1202 903 1257 τοῦ
918 1204 1072 1260 λαοῦ
1087 1207 1295 1263 αὐτοῦ.
1325 1210 1435 1264 Καὶ
1460 1202 1623 1264 πάλιν
1643 1212 1791 1281 λέγει
1814 1231 1827 1245 ·

240 1287 480 1343 Αἰνεῖτε
509 1287 619 1344 τὸν
643 1292 886 1360 Κύριον,
918 1295 1118 1351 πάντα
1138 1298 1210 1352 τὰ
1252 1299 1399 1369 ἔθνη
1424 1318 1439 1335 υ
1468 1302 1834 1360 ἐπαινέσατε

240 1379 462 1446 αὐτὸν,
484 1379 713 1450 πάντες
737 1387 792 1438 οι
808 1387 965 1440 λαοί.
1000 1389 1111 1442 Καὶ
1130 1390 1292 1446 πάλιν
1307 1393 1536 1458 Ἡσαΐας
1563 1412 1579 1427 ο
1620 1396 1836 1451 Ἔσται

239 1468 282 1535 ἡ
306 1468 449 1538 ,ῥίζα
486 1470 595 1526 τοῦ
637 1474 887 1537 Ἰεσσαὶ,
950 1478 1047 1531 καὶ
1092 1481 1126 1533 ό
1157 1480 1562 1552 ἀνιστάμενος
1623 1483 1835 1554 ἄρχειν

236 1565 463 1633 ἐθνῶν,
485 1567 577 1622 ἐπ’
603 1567 765 1636 αὐτῷ
797 1571 943 1643 ἔθνη
966 1573 1273 1632 ἐλπιοῦσι.
1306 1578 1645 1649 Προσεκτέον
1670 1580 1727 1634 δὲ
1775 1582 1835 1636 ἐν

235 1658 482 1723 τούτοις,
515 1660 595 1714 ὅτι
624 1661 685 1714 οὐ
731 1662 893 1740 μόνον
924 1666 1050 1734 περὶ
1078 1667 1187 1721 τῶν
1209 1668 1412 1736 αὐτῶν,
1443 1669 1581 1724 ἀλλά
1614 1672 1708 1724 καὶ
1766 1670 1835 1726 τὰ

239 1751 391 1807 αὐτὰ
441 1748 738 1823 φθέγγεται
795 1755 874 1827 τῷ
904 1758 1158 1832 προφήτῃ
1190 1760 1219 1812 ό
1263 1760 1407 1831 ἱερὸς
1467 1761 1788 1826 Ἀπόστολος
1817 1777 1834 1792 ⁵

1934 940 2093 994 modo
2124 941 2191 994 de
2239 939 2430 994 iisdem
2461 939 2645 1002 rebus,
2681 938 2777 992 sed
2821 944 2876 990 et
2919 935 3110 989 eadem
3158 931 3345 994 verba.
3394 945 3515 1000 qua:

1934 1032 2219 1102 propheta,
2271 1045 2426 1085 sacer
2472 1028 2607 1083 dicit
2680 1025 2999 1098 Apostolus.
3061 1022 3158 1079 His
3212 1037 3345 1078 vero
3395 1036 3516 1090 quae

1934 1105 2273 1178 contradicet
2299 1120 2514 1176 oratio?
2548 1134 2671 1174 nam
2726 1118 2818 1188 qui
2874 1116 3048 1187 gratis
3081 1112 3360 1171 consecuti
3385 1124 3514 1166 sunt

1936 1209 2369 1265 misericordiam
2393 1223 2424 1262 a
2458 1208 2711 1274 Domino,
2746 1222 2813 1262 ex
2837 1206 3108 1261 atheismo
3136 1204 3201 1259 ad
3235 1202 3329 1257 Dei
3362 1218 3516 1257 anm-

1937 1317 2052 1357 rem
2085 1301 2360 1366 translati,
2390 1298 2534 1355 lirmi
2559 1300 2611 1352 in
2634 1300 2738 1353 ﬁde
2760 1307 2967 1354 stantes
2987 1296 3297 1365 gloriﬁcent
3321 1293 3514 1357 Deum,

1936 1409 2044 1450 non
2078 1402 2259 1449 autem
2292 1368 2589 1448 idololatrze
2611 1401 2762 1457 sunt,
2795 1387 3292 1462 quidquidinsanis
3317 1386 3516 1442 ebriis-

1936 1502 2043 1557 que
2092 1487 2364 1542 videatur.
2418 1484 2554 1540 Nam
2606 1483 2884 1554 quomodo
2953 1481 3054 1535 hos
3113 1476 3399 1549 paenitebit
3440 1485 3522 1531 tot

1939 1583 2327 1645 tantorumque
2360 1574 2558 1644 quibus
2591 1572 2896 1641 gloriantur
2935 1569 3246 1626 donorum?
3270 1567 3521 1638 quando-

1936 1667 2154 1739 quidem
2191 1667 2338 1736 digni
2381 1666 2552 1722 habiti
2588 1665 2741 1721 fuere
2764 1664 2855 1736 qui
2895 1663 2991 1719 lilii
3030 1662 3386 1732 bmredesque
3420 1659 3513 1714 Dei

1938 1774 2035 1830 per
2084 1757 2243 1814 (idem
2298 1757 2515 1825 tierent,
2548 1767 2606 1812 et
2652 1770 2855 1825 corpus
2902 1769 2971 1810 ac
3025 1754 3268 1810 membra
3317 1751 3521 1808 Christi

242 1846 347 1898 καὶ
382 1845 518 1916 πρὸς
543 1846 718 1901 ταῦτα
749 1846 833 1911 τίς
861 1850 1079 1920 ἀντερεῖ
1108 1850 1267 1920 λόγος
1291 1868 1306 1918 ;
1350 1853 1400 1905 οἱ
1457 1853 1566 1925 γὰρ
1595 1853 1835 1925 ἠλεημέ-

1952 1858 2087 1913 sunt,
2107 1857 2161 1904 et
2182 1857 2403 1905 aeterna:
2431 1846 2620 1918 gloria:
2643 1845 3064 1911 studiosissimi;
3086 1845 3358 1914 quomodo
3383 1845 3525 1899 hanc

240 1953 332 1990 νοι
361 1934 570 2009 δωρεὰν
599 1938 756 2011 παρά
779 1939 939 2005 Θεοῦ,
977 1942 1042 1995 ὲκ
1075 1942 1176 2013 τῆς
1202 1943 1396 2008 ἀθεΐας
1433 1944 1529 1998 ἐπὶ
1555 1944 1654 2015 τὴν
1683 1945 1836 2014 φιλο-

244 2026 411 2083 θεῖαν
442 2030 932 2102 μεταταττόμενοι,
965 2033 1173 2104 ἑδραῖοι
1211 2037 1280 2106 τῇ
1335 2034 1518 2089 πίστει
1540 2036 1841 2108 ἑστηκότες

240 2119 601 2191 δοξολογοῦσι
639 2122 734 2178 τὸν
766 2123 920 2191 Θεὸν,
967 2125 1067 2178 οὐκ
1097 2125 1571 2199 εἰδωλολατροῦσι,
1608 2128 1713 2183 κᾶν
1763 2128 1840 2200 μὴ

246 2211 387 2287 δοκῇ
420 2218 535 2282 τοῖς
587 2216 908 2289 ὲξεστηκόσι
962 2237 1023 2274 τε
1058 2221 1153 2274 καὶ
1212 2218 1478 2291 μεθύουσι
1504 2238 1521 2256 ο
1575 2220 1694 2285 πῶς
1731 2221 1842 2294 γὰρ

253 2309 445 2372 αὐτοῖς
479 2310 853 2381 μεταμελήσει
902 2311 1013 2365 τῶν
1076 2312 1162 2381 ἐφ’
1197 2305 1280 2375 οἷς
1314 2312 1543 2385 αὐχοῦσι
1606 2313 1844 2384 μάλιστα

242 2400 464 2471 ἡλίκων
492 2402 715 2471 ἀγαθῶν
760 2404 1126 2477 δωρημάτων,
1175 2407 1302 2459 ἐπεὶ
1328 2406 1504 2460 τέκνα
1546 2404 1685 2459 Θεοῦ
1748 2406 1844 2460 καὶ

249 2489 592 2566 κληρονόμοι
629 2492 718 2547 διὰ
757 2492 997 2558 πίστεως
1046 2494 1301 2563 γενέσθαι
1345 2494 1631 2566 ἠξίωνται,
1685 2494 1847 2564 σῶμά

248 2600 319 2637 τε
357 2583 598 2658 Χριστοῦ
627 2586 722 2640 καὶ
760 2587 898 2660 μέλη
929 2588 1386 2660 χρηματίζοντες,
1418 2585 1508 2643 οἷα
1538 2588 1697 2661 δόξης
1743 2589 1847 2660 τῆς

253 2674 439 2728 ἀϊδίου
468 2676 884 2748 ὲπορεγόμενοι,
917 2678 1060 2733 ὥστε
1092 2679 1302 2736 τούτων
1333 2680 1700 2745 ἀπολιπόντας
1748 2684 1847 2754 τὴν

254 2769 427 2841 χάριν
459 2770 554 2823 καὶ⁸
579 2770 677 2842 τὴν
707 2771 1093 2845 λαμπρότητα,
1133 2773 1211 2844 τῷ
1240 2775 1417 2846 σκότῳ
1443 2774 1538 2829 καὶ
1571 2776 1640 2844 τῇ
1669 2774 1848 2846 πλάνῃ

258 2862 634 2934 προσθέσθαι;
671 2863 733 2917 Εἰ
759 2863 804 2917 δ’
834 2860 929 2920 οὖν
960 2866 1056 2921 καὶ
1093 2865 1269 2921 ταῦτα
1302 2868 1418 2930 τοῖς
1472 2865 1712 2931 ἀνοσίοις
1747 2867 1845 2940 ἀρ-

252 2955 363 3025 ὃην
389 2955 724 3028 ἀπήρνηται,
757 2956 875 3013 ἀλλ’
908 2959 1041 3029 ἡμῖν
1062 2976 1128 3028 γε
1182 2958 1566 3023 πεπίστευται,
1615 2957 1711 3013 καὶ
1761 2974 1851 3013 τοτ

262 3047 460 3102 σοῦτον
487 3049 610 3102 ὅσον
635 3050 730 3104 καὶ
757 3051 1139 3123 ὑπεράγασθαι
1167 3053 1266 3124 τῆς
1293 3051 1448 3116 θείας
1467 3050 1562 3106 τοῦ
1593 3050 1851 3121 Σωτῆρος

261 3136 707 3211 φιλανθρωπίας,
743 3143 1026 3215 ὁμολογεῖν
1057 3162 1117 3197 τε
1144 3144 1333 3213 σαφῶς
1364 3144 1446 3199 ὅτι
1486 3161 1551 3213 γε
1573 3144 1850 3217 ὑπερϐολῇ

265 3232 639 3303 χρηστότητος
666 3234 810 3288 κατὰ
833 3234 892 3288 τὸ
924 3235 1114 3306 περιὸν
1136 3235 1236 3306 τῆς
1257 3233 1564 3304 δυνάμεως,
1614 3234 1675 3287 οὐ
1724 3234 1854 3296 τοὺς

266 3320 421 3375 κατά
447 3323 538 3375 τὸν
562 3324 686 3394 τῇδε
710 3323 825 3395 βίον
853 3322 1158 3389 διαζῶντας
1190 3323 1348 3394 μόνον
1368 3322 1469 3393 τῆς
1491 3322 1583 3376 τοῦ
1606 3321 1855 3395 Πονηροῦ

265 3419 585 3487 τυραννίδος
610 3419 962 3489 συγκαταϐὰς
988 3417 1190 3484 ἐξεῖλεν
1220 3436 1234 3451 ο
1261 3419 1361 3491 ἤδη
1396 3418 1454 3472 δὲ
1508 3419 1601 3472 καὶ
1633 3422 1748 3482 τοῖς
1798 3419 1858 3471 ὲν

266 3506 404 3580 ᾅδου
430 3510 683 3582 κατόχοις
718 3512 1105 3586 προγεγονόσι,
1133 3512 1229 3565 καὶ
1251 3511 1384 3583 πρὶν
1406 3511 1550 3565 κατὰ
1580 3511 1709 3573 τοὺς
1741 3526 1859 3563 και-

270 3602 405 3673 ροὺς
439 3602 539 3674 τῆς
564 3603 787 3672 ἀγνοίας
820 3603 980 3676 ἀθεῒᾳ
1014 3603 1107 3658 καὶ
1138 3602 1367 3671 ἀσεϐείᾳ
1388 3601 1675 3673 συζήσασι,
1706 3601 1857 3674 ζόφῳ

268 3710 336 3748 τε
369 3697 464 3749 καὶ
486 3695 755 3767 ἀφεγγέσι
776 3696 998 3768 χωρίοις
1022 3699 1232 3768 σειραῖς
1262 3696 1701 3767 ἁναποδράστοις
1724 3712 1858 3749 κατι

269 3774 649 3859 ειλημμένοις,
708 3788 998 3859 ἐπιφανεὶς
1021 3789 1050 3841 ό
1075 3789 1267 3859 Σωτὴρ
1296 3787 1394 3860 τὴν
1423 3786 1743 3858 ἐλευθερίαν
1758 3804 1855 3858 κη-

272 3875 445 3949 ρύξας
469 3878 785 3948 ἐχαρίσατο,
815 3879 910 3933 καὶ
931 3878 1032 3949 τῆς
1060 3878 1155 3933 τοῦ
1176 3878 1594 3940 δυναστεύοντος
1629 3876 1859 3949 Ἐχθροῦ

273 3969 401 4041 βίας
442 3956 738 4042 ἀφήρπασε
771 3985 785 4000 ·
850 3972 945 4026 καὶ
988 3970 1163 4025 ταῦτα
1210 3971 1299 4025 διὰ
1352 3972 1452 4042 μὲν
1505 3970 1862 4043 προφητικῆς

269 4061 528 4134 γλώσσης
555 4064 777 4133 ἀνωθεν
802 4065 1395 4138 προκεχρησμῴδηται,
1444 4065 1610 4137 ἡνίκα
1666 4064 1729 4118 τὸ
1761 4064 1859 4118 τοῦ

268 4155 515 4227 Χριστοῦ
567 4158 863 4227 πρόσωπον
900 4157 1167 4211 ’ἐντεῦθεν
1224 4159 1504 4228 εἰσάγεται
1569 4158 1863 4229 λέγοντος

269 4247 402 4315 τοῖς
417 4247 487 4302 ἐν
501 4248 772 4317 δεσμοῖς·
792 4248 1100 4314 Ἑξέλθετε
1123 4266 1136 4279 ·
1160 4248 1258 4303 καί
1275 4249 1496 4316 τοῖςέν
1517 4248 1595 4315 τῷ
1615 4251 1824 4304 σκότει
1844 4266 1857 4280 ο

201 4333 220 4346 ’
269 4341 789 4410 Ἀνακαλύφθητε.
826 4342 1153 4413 Πεπρᾶχθαι
1199 4342 1256 4396 δὲ
1309 4343 1385 4406 ὡς
1438 4342 1656 4414 ἀληθῶς
1717 4340 1863 4396 κατὰ

1941 1940 2262 1997 amittentes
2292 1939 2521 2011 gratiam
2556 1949 2722 2007 atque
2750 1937 3118 2009 splendorem,
3166 1937 3233 1991 ad
3266 1936 3523 1991 tenebras

1943 2047 2301 2103 erroremque
2331 2030 2730 2088 revolventur?
2759 2028 2916 2097 Quod
2944 2028 2989 2084 si
3013 2028 3128 2083 haec
3163 2027 3232 2081 ab
3261 2026 3348 2081 bis
3383 2041 3523 2095 pro-

1947 2126 2086 2181 fanis
2117 2125 2342 2180 omnino
2370 2131 2663 2195 negantur,
2696 2138 2728 2178 a
2771 2121 2928 2177 nobis
2978 2129 3159 2174 tamen
3200 2119 3523 2178 creduntur,
3545 2181 3562 2206 '

1947 2219 1999 2273 in
2063 2224 2268 2271 tantum
2318 2223 2379 2269 ut.
2438 2215 2679 2270 divinam
2749 2212 3057 2270 Servatoris
3130 2211 3526 2282 benignitatem

1946 2310 2306 2379 adminemur,
2332 2319 2630 2381 aperteque
2660 2305 3041 2369 conﬁteantur,
3065 2304 3241 2374 ipsum
3270 2301 3531 2356 bonitatis

1946 2419 2176 2460 excessu
2207 2418 2306 2474 pro
2348 2417 2460 2457 suae
2500 2400 2758 2473 potentia:
2794 2398 2970 2469 copia,
3000 2412 3106 2452 non
3163 2404 3529 2451 eos‘tantuma-

1948 2497 2112 2553 modo
2151 2497 2245 2567 qui
2286 2503 2555 2566 praesente
2605 2493 2784 2549 adhuc
2814 2492 2926 2545 vita
2960 2490 3279 2553 utebantur,
3321 2487 3520 2543 diaboli

1951 2587 2237 2659 tyrannide
2274 2600 2370 2657 per
2420 2581 2936 2641 condescensioncm
2988 2580 3290 2645 liberasse;
3340 2591 3531 2631 verum

1948 2678 2116 2734 etiam
2151 2677 2360 2749 jamdiu
2386 2677 2441 2731 in
2473 2674 2689 2730 inferno
2718 2672 2973 2734 detentis,
2997 2670 3091 2742 qui
3118 2669 3246 2725 olim
3275 2666 3535 2736 tempori-

1951 2768 2053 2825 bus
2083 2767 2336 2822 atheismi
2386 2766 2790 2837 impietatisque
2827 2763 3097 2827 vixerant,
3127 2768 3181 2816 et
3218 2772 3362 2813 nunc
3384 2764 3537 2811 tene-

1952 2860 2069 2916 bris
2117 2859 2387 2929 cazcisque
2451 2857 2630 2924 locis,
2677 2866 2735 2913 et
2792 2854 3004 2911 catenis
3059 2848 3537 2908 inextricabilibus

1955 2953 2299 3020 tenebantur,
2320 2966 2589 3026 apparens
2612 2949 2877 3005 Servator
2898 2947 3205 3004 libertatem
3224 2942 3533 3014 praedicans

1954 3043 2187 3115 largitus
2204 3053 2310 3111 est,
2335 3051 2389 3098 et
2409 3041 2748 3098 dominantis
2770 3039 2946 3101 hostis
2967 3036 3235 3092 violentiae
3252 3034 3531 3090 subduxit.

1958 3136 2135 3203 Atque
2190 3133 2303 3187 haec
2350 3146 2381 3186 a
2427 3131 2745 3203 prophetica
2801 3130 3012 3201 jamdiu
3048 3128 3229 3198 lingua
3276 3125 3537 3196 praedicta

1957 3227 2192 3294 fuerant,
2229 3242 2350 3280 cum
2395 3240 2632 3296 persona
2681 3224 2887 3280 Christi
2954 3223 3305 3277 imluceretur
3350 3218 3539 3273 vinctis

1959 3319 2229 3374 dicentis:
2274 3315 2465 3384 Exite;
2515 3327 2566 3372 et
2622 3318 2860 3373 tenebras
2916 3316 3084 3386 210
3138 3311 3486 3368 incolentibus
3519 3327 3537 3364 :

1957 3408 2284 3465 Reuelamini
2306 3411 2372 3465 ⁸⁷.
2408 3408 2462 3464 Id
2501 3419 2680 3464 autem
2718 3424 2817 3464 suo
2848 3419 3092 3478 tempore
3128 3406 3350 3461 demum
3396 3401 3542 3459 acci-

1960 3503 2130 3567 disse,
2186 3502 2233 3556 is
2279 3501 2370 3572 qui
2415 3502 2623 3579 apicem
2666 3501 2721 3556 in
2774 3500 2995 3556 ChriSIi.
3031 3497 3311 3569 discipulis
3358 3504 3536 3579 tenet.

1961 3593 2209 3649 narrabit
2239 3593 2430 3648 dicens
2465 3610 2479 3647 :
2512 3572 2648 3659 Quia
2679 3591 2925 3647 Christus
2970 3590 3134 3646 semel
3180 3605 3277 3660 pro
3307 3572 3541 3660 peccatis

1961 3687 2160 3740 nostris
2196 3697 2432 3753 mortuus
2465 3694 2558 3749 est,
2578 3688 2756 3754 justus
2806 3700 2901 3754 pro
2941 3684 3190 3754 injustis;
3242 3693 3298 3736 ut
3349 3697 3441 3734 uos
3474 3685 3543 3732 ad

1966 3777 2129 3832 Deum
2165 3778 2488 3840 adduceret;
2518 3793 2678 3830 carne
2717 3777 2931 3845 quidem
2960 3776 3272 3839 exstinctus,
3306 3771 3540 3839 viviﬁca-

1964 3879 2048 3925 tus
2085 3881 2259 3924 autem
2294 3871 2483 3939 spiritu
2525 3886 2543 3923 :
2594 3869 2650 3921 in
2680 3884 2782 3939 quo
2830 3878 2879 3922 et
2920 3869 3035 3934 his,
3063 3867 3157 3937 qui
3217 3868 3272 3919 in
3329 3878 3542 3917 carcere

1963 3972 2133 4027 erant,
2178 3962 2453 4031 spiritibus
2498 3961 2705 4014 veniens
2754 3959 3085 4030 prwdicavit,
3137 3959 3227 4030 qui
3280 3953 3542 4009 increduli

1964 4053 2493 4129 fueranbaliquaudo
2529 4053 2595 4106 ⁸⁸.
2633 4052 2780 4120 Quos
2815 4068 2914 4123 ego
2958 4050 3217 4107 existimo
3251 4047 3319 4103 de
3347 4046 3540 4102 salutis

1965 4146 2227 4220 my‘sterio
2256 4151 2499 4215 edoctos,
2536 4158 2898 4218 susceptaque
2924 4143 3314 4213 Redemptoris
3340 4139 3538 4211 praedio

1958 4242 2202 4315 ‘catione,
2254 4256 2566 4312 quanquam
2615 4239 2766 4294 omni
2816 4246 2965 4293 motu
3014 4245 3179 4307 atque
3223 4234 3542 4303 Operationu

1965 4345 2235 4400 carentes,
2275 4345 2331 4390 et
2358 4335 2506 4389 omni
2555 4336 2889 4402 agendarum
2925 4347 3107 4386 rerum
3140 4346 3235 4400 spe
3267 4327 3535 4396 deposita.

271 4437 525 4505 καιροὺς,
554 4437 583 4489 ό
619 4434 680 4491 τὸ
706 4430 967 4508 προῦχον
992 4438 1051 4489 ὲν
1100 4438 1214 4499 τοῖς
1262 4436 1427 4506 ἱεροῖς
1486 4413 1579 4487 τοῦ
1613 4433 1856 4506 Χριστοῦ

1966 4435 2206 4480 attamen
2232 4433 2418 4493 gratos
2450 4422 2579 4476 huic
2620 4430 2731 4474 tam
2763 4417 3046 4489 splendido
3080 4416 3392 4484 eximioque
3443 4413 3539 4466 bc-

276 4527 549 4599 μαθηταῖς
588 4527 770 4599 λαχὼν
803 4529 1183 4599 είσηγήσεται,
1243 4528 1470 4598 φάσκων
1509 4545 1521 4559 ·
1553 4527 1685 4580 Ὀτι
1717 4530 1858 4597 Χρι-

270 4617 425 4684 στὸς
444 4617 609 4683 ἅπαξ
625 4619 758 4686 περὶ
786 4616 905 4672 τῶν
927 4616 1228 4689 ἁμαρτιῶν
1255 4616 1423 4688 ἡμῶν
1445 4616 1732 4684 ἀπέθανε,
1765 4617 1856 4671 δί-

273 4725 449 4776 καιος
470 4704 627 4777 ὑπὲρ
670 4709 899 4764 ἀδίκων
929 4727 944 4740 ·
999 4710 1101 4764 ἵνα
1152 4709 1311 4778 ἡμᾶς
1359 4709 1720 4782 προσαγάγῃ
1780 4709 1861 4775 τῷ

274 4792 422 4860 Θεῷ,
464 4797 827 4862 θανατωθεὶς
859 4789 978 4865 μὲν
1016 4796 1091 4867 τῇ
1121 4797 1324 4867 σαρκί,
1368 4796 1747 4868 ζωοποιηθεὶς
1792 4797 1863 4853 δὲ

271 4885 571 4954 πνεύματι
594 4899 611 4915 '
653 4885 725 4940 ἐν
769 4880 818 4953 ᾧ
855 4886 958 4941 καὶ
1008 4888 1135 4955 τοῖς
1172 4888 1242 4941 ἐν
1273 4887 1522 4957 φυλακῇ
1554 4891 1863 4958 πνεύμασι

270 4974 595 5047 πορευθεὶς
622 4979 946 5048 ἐκήρυξεν,
984 4980 1360 5049 ἀπειθήσασί
1382 4996 1548 5035 ποτε.
1571 4981 1682 5047 Οὓς
1708 4978 1863 5053 οἶμαι

273 5069 455 5140 ἔγωγε
472 5071 544 5124 τὸ
579 5071 677 5143 τῆς
710 5072 988 5143 σωτηρίας
1016 5072 1510 5142 εὑαγγελισθέντας
1545 5075 1865 5145 μυστήριον,

270 5160 607 5233 δεξαμένους
626 5179 687 5216 τε
715 5162 811 5216 τοῦ
841 5161 1136 5234 Λυτρωτοῦ
1163 5163 1225 5217 τὸ
1249 5165 1537 5237 κήρυγμα,
1573 5166 1667 5218 καὶ
1691 5165 1868 5218 ταῦτα

272 5254 666 5325 πεπαυμένους
727 5254 997 5327 κινήσεώς
1054 5273 1114 5308 τε
1151 5257 1333 5327 πάσης
1404 5257 1500 5311 καὶ
1554 5256 1858 5325 ἐνεργείας,

276 5346 464 5418 πάσης
491 5365 555 5400 τε.
583 5346 694 5400 τῶν
715 5346 1008 5418 πρακτέων
1039 5347 1410 5418 ἀποιχομένης
1477 5345 1714 5413 ἐλπίδος,
1758 5347 1857 5399 εὐ-

270 5438 700 5510 γνωμονοῦντας
738 5438 795 5491 δὲ
820 5438 950 5510 περὶ
982 5439 1080 5502 τὰς
1107 5437 1251 5492 οὕτω
1276 5438 1542 5510 λαμπρὰς
1574 5438 1670 5493 καὶ
1699 5438 1862 5511 μεγί-

1963 4516 2181 4580 neticio,
2236 4527 2567 4581 magnopere
2623 4511 2821 4580 impios
2869 4509 3222 4580 obiurgasse;
3276 4517 3535 4573 tanquam

1960 4608 2004 4663 si
2038 4621 2145 4661 una
2184 4620 2305 4659 cum
2341 4603 2648 4681 viventibus
2675 4586 3283 4673 injuriaaﬂicercntur;
3318 4597 3402 4651 vel
3429 4611 3531 4667 po-

1964 4704 2070 4758 tius
2101 4715 2289 4771 eorum
2327 4698 2419 4770 qui
2453 4698 2509 4752 in
2551 4694 2976 4766 Redemptorem
3014 4692 3314 4765 blasphemi
3352 4698 3537 4752 erant,

1960 4793 2247 4849 audaciam
2277 4806 2385 4847 non
2411 4789 2674 4847 ferentes.
2707 4787 2941 4844 Prorsus
2972 4786 3123 4842 enim
3159 4787 3227 4840 ob
3269 4783 3534 4853 impieta-

1966 4887 2034 4941 tis
2057 4900 2168 4941 suae
2191 4882 2486 4944 cumulum.
2509 4898 2576 4937 ne
2599 4881 2812 4936 animas
2831 4880 3054 4951 quidem
3078 4888 3537 4950 prtemortuorum

1965 4979 2033 5034 ab
2072 4976 2377 5033 idololatria
2415 4974 2752 5031 liberabunt.
2784 4973 3127 5044 Quapropter
3155 4971 3373 5025 videtur
3405 4966 3536 5022 mihi

1964 5079 2020 5123 et
2048 5068 2264 5123 illorum
2297 5075 2479 5122 reatus
2503 5064 2715 5135 augeri,
2740 5076 2796 5119 et
2823 5064 3015 5131 majori
3044 5072 3101 5118 ut
3126 5076 3226 5131 par
3252 5069 3337 5115 est
3365 5070 3541 5128 pinna:

1965 5163 2234 5218 obnoxius
2268 5160 2406 5217 ﬁeri.
2437 5159 2544 5215 Sed
2574 5159 2719 5213 enim
2744 5174 2845 5215 nos
2877 5160 2964 5213 his
2988 5155 3233 5220 omissis,
3261 5152 3355 5223 qui
3391 5152 3544 5205 vivo-

1967 5269 2089 5309 rum
2124 5268 2277 5324 arque
2325 5269 2390 5308 ac
2420 5262 2759 5308 mortuorum
2808 5250 3014 5320 judicio
3070 5250 3423 5307 damnantur,
3475 5240 3541 5295 ad

1970 5355 2279 5416 susceptum
2312 5345 2651 5416 propositum
2695 5350 3056 5406 revertentes,
3113 5338 3320 5408 reliqua
3359 5348 3547 5406 perse-

1970 5454 2220 5509 quamur.

273 5550 411 5597 στας
450 5530 794 5603 εὐεργεσίας,
852 5530 996 5600 μέγα
1050 5530 1158 5584 τῶν
1198 5530 1412 5585 ἀσεϐῶν
1445 5530 1996 5603 κατακεκράξεσθαιο
2060 5525 2149 5585 οἷα
2173 5530 2237 5601 δὴ
2270 5532 2381 5595 τοῖς
2445 5532 2503 5585 ὲν
2559 5530 2727 5596 ζῶσιν
2779 5528 3173 5599 ὲξητασμένοις
3225 5521 3549 5591 συνεξυϐρι-

273 5623 533 5694 σμένους,
569 5619 770 5691 μᾶλλον
821 5620 878 5675 δὲ
910 5620 1019 5674 τῶν
1066 5623 1144 5686 είς
1189 5625 1283 5676 τὸν
1325 5622 1731 5695 Ἐλευθερωτὴν
1800 5622 2288 5694 βλασφημούντων,
2322 5622 2423 5693 τὴν
2482 5624 2686 5693 τόλμαν
2716 5622 2777 5676 οὐ
2828 5620 3132 5694 φέρονταςο
3173 5616 3392 5679 πάντως
3441 5612 3550 5688 γὰρ

352 5804 399 5835 ⁸⁸
441 5803 594 5858 Itoni.
641 5803 909 5869 siglo-12.
988 5804 1030 5833 ‘7
1073 5804 1175 5858 lsa.
1213 5803 1439 5870 xr.tx,9.
1504 5782 1558 5833 1"“
1602 5802 1616 5855 Ι
1658 5801 1806 5859 Petr.
1834 5816 1865 5857 ιι

1952 5803 2040 5867 18,
2078 5803 2163 5859 ινδ
