3994 6454
510 356 608 420 ΟΟῙ
821 364 839 385 ‘
1504 366 1565 426 S.
1608 366 2025 429 NlC‘EPHORI
2068 368 2573 429 PATRIARCHlE
2610 369 2720 428 ΟΡ.
3677 367 3766 430 εθὲ

508 498 766 562 ἀσεϐείας
798 501 1106 572 περιουσίᾳ,
1176 502 1433 565 eoat-.1;
1504 504 1683 575 ψυχὰς
1753 507 1863 559 τῶν
1952 507 2399 577 προωδευκότων,
2457 503 2903 570 εἰδωλολατρείας
2960 502 3361 573 ὲξωθήσονται·
3421 502 3489 556 δι’
3558 494 3630 557 ὧν
3691 522 3767 574 μοι

512 591 778 644 δοκεῖκαὶ
805 589 1067 655 αὔξεσθαι
1091 593 1272 645 αὐτῶν
1305 593 1406 665 τὴν
1471 599 1833 667 κατηγορίαν,
1867 599 1962 652 καὶ
2011 598 2224 669 μείζοσι
2263 598 2475 662 δίκαις,
2507 598 2582 661 ὼς
2610 598 2671 650 τὸ
2711 597 2879 661 εἰκὸς,
2945 594 3254 664 ὑπάγεσθαι
3276 613 3290 629 ο
3321 594 3416 660 οὓς
3436 594 3502 665 δὴ
3535 595 3627 648 καὶ
3652 594 3767 659 ζῶσι

514 683 610 736 καὶ
656 686 872 754 νεκροῖς
923 685 1217 750 ὑποδίκους
1253 690 1654 759 γεγενημένους
1703 694 2087 758 ἀπολιπόντες,
2130 693 2223 748 τοῦ
2258 692 2463 748 σκοποῦ
2523 710 2585 746 τε
2652 690 2762 745 τῶν
2809 692 3306 763 ἐγκεχειρισμένων
3368 688 3766 761 ἐπειλημμένοι,

513 776 624 831 τῶν
650 776 778 842 ἑξῆς
812 776 1090 848 ἐχώμεθα.
1842 796 1847 801 η

587 865 682 923 46.
718 864 856 920 Nam
886 878 1158 937 quatenus
1182 879 1269 924 est
1288 872 1537 941 gentium
1560 890 1680 938 rex,
1708 876 2100 945 promissiones

2278 869 2396 943 μς’.
2431 865 2533 924 Οἷα
2566 869 2676 940 γὰρ
2705 870 2734 922 ὁ
2756 866 2865 922 τῶν
2906 867 3076 921 ἐθνῶν
3107 867 3366 939 βασιλεὺς
3394 869 3514 932 τοῖς
3544 868 3769 939 βασιλευ-

517 955 753 1011 subditis
783 956 969 1021 edicit,
993 958 1148 1026 quasi
1172 960 1468 1028 quamdam
1498 966 2004 1020 remunerationem
2037 982 2100 1021 ac

521 1046 803 1111 praemium
839 1046 967 1102 ﬁdei
995 1064 1122 1118 erga
1149 1051 1325 1119 ipsum
1357 1062 1524 1122 atque
1546 1052 1906 1124 obedientias;
1934 1074 2100 1127 quam

524 1154 639 1193 rem
665 1139 857 1194 audire
887 1156 1071 1211 opera:
1102 1144 1335 1212 pretium
1365 1155 1472 1200 est.
1494 1144 1679 1201 Faciet
1707 1149 1871 1214 enim,
1902 1149 2099 1220 inquit,

524 1231 784 1284 Dominus
810 1231 952 1287 Deus
975 1234 1219 1290 Sabaoth
1246 1238 1450 1292 cunctis
1475 1239 1715 1309 gentibus
1742 1257 1901 1309 super
1925 1253 2103 1296 monte

516 1319 615 1374 hoc
643 1336 662 1374 :
711 1319 889 1375 bibent
941 1323 1211 1390 lwtitiam,
1262 1324 1441 1380 bibent
1483 1328 1685 1398 uinum,
1728 1340 1996 1401 unguento
2031 1333 2102 1386 li-

518 1412 730 1465 niantur
767 1414 824 1466 in
858 1426 1030 1469 monte
1065 1417 1169 1469 ista
1203 1418 1271 1472 ".
1298 1419 1409 1487 Age
1440 1434 1592 1487 vero,
1624 1423 1867 1490 nunquid
1908 1424 2101 1478 horum

519 1519 674 1572 spem
744 1505 995 1561 fefellit?
1051 1506 1167 1563 lino
1226 1510 1518 1566 manifeste
1572 1514 1658 1568 his
1711 1515 1895 1571 verbis
1942 1533 2101 1572 sacra

521 1599 784 1667 mysteria
831 1602 999 1656 divini
1049 1603 1176 1659 doni
1221 1606 1521 1677 gratiasque
1557 1610 1847 1676 docemur;
1904 1624 2102 1681 nempe

520 1691 749 1756 pretiosi
783 1695 1071 1763 sanguinis
1090 1695 1408 1756 Servatoris
1438 1703 1611 1758 nostri
1644 1701 1848 1759 Christi
1874 1705 2102 1775 partici-

520 1782 821 1846 pationem,
843 1793 898 1839 et
920 1787 1090 1842 divini
1114 1788 1322 1845 lavacri
1345 1794 1832 1850 sanetiiicationem
1857 1812 1872 1863 ;
1903 1796 2102 1866 quibus

520 1872 769 1937 profecto
796 1877 927 1947 quid
955 1876 1250 1947 jucundius
1272 1885 1474 1954 quidve
1498 1888 1736 1943 divinius
1752 1889 1824 1944 sit
1846 1890 1911 1947 ad
1931 1889 2101 1944 animi

518 1967 765 2023 laetitiam
819 1982 874 2025 et
929 1973 1430 2033 illuminationem?
1483 1980 1625 2035 Hinc
1657 1985 1834 2037 denuo
1878 1983 2104 2037 mandat

451 2103 456 2109 .
520 2059 627 2112 illis
664 2071 721 2113 ut
750 2061 817 2117 de
846 2066 1091 2121 vocantis
1127 2069 1503 2127 muniﬁcentia
1551 2073 1826 2141 ltetentur,
1867 2076 2099 2130 dicens:

516 2149 745 2219 Lmtare,
782 2157 1006 2220 sterilis,
1043 2176 1159 2229 qua:
1201 2178 1306 2217 nou
1333 2167 1516 2232 paris;
1556 2183 1777 2233 erumpe
1811 2178 1863 2223 et
1901 2170 2098 2234 clama,

517 2260 636 2310 qua:
664 2261 768 2300 non
798 2251 1080 2317 parturis;
1115 2254 1247 2322 quia
1280 2229 1461 2323 plures
1513 2257 1615 2326 ﬁlii
1665 2229 1910 2323 desertae,
1942 2229 2100 2331 quam
2132 2229 2175 2285 Β

515 2335 632 2404 ejus
665 2356 785 2408 ante
832 2342 990 2397 habet
1020 2346 1195 2398 cirum
1225 2345 1293 2401 το.
1326 2347 1447 2401 Jatn
1476 2359 1534 2403 et
1562 2364 1809 2419 qua-nam
1855 2351 1996 2407 bona
2049 2354 2101 2408 hi

517 2429 611 2495 qui
653 2433 720 2485 ad
774 2434 1084 2490 vocationis
1122 2439 1354 2506 gratiam
1389 2443 1773 2497 concurrerint
1816 2445 1927 2498 sint
1962 2445 2104 2499 rela-

519 2522 652 2585 turi,
688 2521 851 2580 facile
880 2540 1223 2596 cognoscens
1247 2530 1478 2600 quilibet
1504 2532 1642 2589 dicet
1674 2552 1688 2588 :
1723 2534 1979 2605 Tempore
2007 2537 2102 2593 illo

516 2614 811 2683 aﬂ'ereutur
862 2618 1001 2674 dona
1056 2621 1284 2677 Domino
1355 2623 1589 2682 Sabaoth
1660 2637 1767 2682 tant
1826 2648 1855 2683 a
1910 2631 2104 2699 populo

498 2706 714 2776 ‘aﬁlicto
745 2718 795 2762 et
832 2712 1048 2779 misero,
1085 2731 1244 2784 quam
1276 2733 1307 2769 a
1337 2717 1532 2785 populo
1565 2735 1791 2789 magno;
1829 2737 1892 2774 ex
1934 2722 2031 2774 hoc
2055 2732 2103 2775 et

516 2816 683 2869 usque
714 2801 767 2854 in
803 2815 1059 2857 (sternunt
1097 2816 1299 2872 tempus
1329 2808 1399 2864 ".
1439 2809 1585 2863 Dona
1625 2821 1811 2864 autem
1844 2828 2100 2882 quamam

525 2891 925 2961 intelligantur,
961 2897 1067 2953 nisi
1097 2900 1319 2954 omnino
1368 2900 1544 2957 laudis
1592 2904 1844 2974 spiritale
1894 2907 2104 2961 sacriti-

516 2984 686 3047 cium,
736 2997 792 3039 et
830 2988 1117 3045 rationalis
1149 2991 1328 3051 cultus
1374 3010 1403 3048 a
1460 2998 1676 3052 cunctis
1727 2998 1818 3068 qui
1866 3010 1995 3054 sunt
2048 3002 2102 3056 in

508 3077 763 3139 Ecclesia
817 3081 1033 3149 populis
1077 3082 1190 3137 Deo
1236 3085 1756 3158 adhibitus;quem
1812 3090 1902 3144 ille
1935 3091 2101 3146 veluti

514 3169 744 3225 odorem
776 3175 1067 3230 suavitatis
1110 3178 1353 3246 excipit?
1386 3180 1541 3246 Quod
1593 3195 1776 3237 autem
1818 3185 1948 3253 ipsis
1978 3202 2101 3256 gra-

525 3264 654 3315 tiam
687 3265 1024 3331 redditurus,
1074 3269 1342 3339 donisque
1386 3287 1483 3329 eos
1522 3287 1974 3331 remuneraturus
2007 3277 2100 3342 sit,

514 3371 708 3409 rursus
743 3358 920 3413 dicit:
966 3360 1240 3416 Adducam
1298 3362 1419 3417 illos
1474 3366 1531 3418 in
1584 3376 1810 3421 montem
1857 3379 2103 3424 sanctum

515 3463 714 3513 meum,
758 3458 809 3503 et
847 3453 1162 3521 jucundabo
1196 3472 1284 3512 eos
1339 3458 1393 3510 in
1440 3461 1596 3513 domo
1632 3462 1892 3516 orationis
1933 3478 2103 3527 mete;

2204 962 2529 1035 θησομένοις
2554 961 2893 1033 ἐπήγγελται
2918 962 3173 1031 ποιήσειν
3198 1003 3213 1027 ,
3242 958 3437 1032 ὥσπερ
3477 961 3770 1019 ἁντὲκτισίν

2202 1074 2325 1110 τινα
2370 1056 2464 1109 καὶ
2492 1050 2632 1108 ἆθλα
2664 1054 2763 1124 τῆς
2804 1053 2941 1124 πρὸς
2972 1052 3134 1107 αὐτὸν
3183 1054 3438 1123 ὑπακοῆς
3470 1071 3532 1106 τε
3580 1056 3672 1109 καὶ
3697 1058 3771 1111 πί-

2206 1163 2378 1210 στεως
2407 1143 2742 1216 προστιθεὶς,
2770 1142 3153 1198 διακούσεσθαι
3175 1142 3344 1207 ἄξιον.
3381 1142 3635 1210 Ποιήσει
3656 1146 3770 1216 τὰρ,

2205 1239 2362 1308 φησὶ,
2398 1238 2616 1305 Κύριος
2647 1239 2679 1291 d
2709 1237 2858 1302 Θεὸς
2888 1233 3132 1289 Σαϐαὼθ
3185 1234 3337 1299 πᾶσι
3363 1235 3496 1300 τοῖς
3549 1236 3771 1292 ἔθνεσιν

2203 1330 2303 1384 ἐπὶ
2329 1328 2395 1383 τὸ
2417 1328 2555 1396 ὄρος
2585 1327 2761 1382 τοῦτο
2782 1343 2794 1355 ·
2825 1328 3062 1380 «(artat
3092 1327 3520 1395 εὐφροσύνην,
3555 1328 3770 1382 πίοι-ται

2205 1419 2397 1489 οἶνον,
2426 1421 2743 1489 χρίσω-ται
2776 1420 2975 1489 μύρον
2999 1420 3070 1473 ἐν
3100 1417 3177 1484 τῷ
3220 1419 3341 1486 ὄρει
3388 1420 3609 1482 τούτῳ.
3647 1415 3770 1490 Ἆρα

2205 1516 2329 1569 τίνα
2354 1514 2463 1568 τῶν
2496 1516 2717 1567 πᾶντων
2749 1512 3119 1580 διαπέφευγεν
3149 1529 3164 1578 ;
3206 1511 3289 1566 ὅτι
3317 1511 3515 1581 σαφῶς
3550 1514 3677 1582 ἡμῖν
3699 1514 3771 1567 διὰ

2204 1608 2433 1673 τούτων,
2474 1607 2584 1660 τῶν
2638 1606 2797 1677 ἱερῶν
2856 1605 3172 1677 μυστηρίων
3225 1605 3326 1674 τῆς
3379 1604 3542 1669 θείας
3588 1604 3770 1676 δωρεᾶς

2203 1717 2262 1753 τε
2293 1700 2389 1753 καὶ
2413 1700 2638 1771 χάριτος
2671 1698 3033 1769 προεισῆκται
3086 1697 3146 1749 τὸ
3177 1695 3533 1750 διδασκάλων
3554 1714 3568 1729 ’
3605 1697 3698 1766 τῆς
3722 1717 3769 1752 τε

2206 1793 2496 1854 κοινωνίας
2539 1790 2635 1844 τοῦ
2684 1790 2871 1859 τιμίου
2918 1788 3152 1860 αἵματος
3188 1788 3283 1842 τοῦ
3337 1788 3599 1858 Σωτῆρος
3637 1790 3769 1860 ἡμῶν

2204 1884 2446 1956 Χριστοῦ
2470 1925 2486 1949 ,
2525 1885 2621 1937 καὶ
2655 1883 2749 1937 τοῦ
2784 1882 3062 1952 ἁγιασμοῦ
3087 1882 3183 1936 τοῦ
3219 1881 3365 1936 κατὰ
3402 1883 3469 1935 τὸ
3498 1883 3639 1936 θεῖον
3663 1882 3767 1936 λου-

2203 1979 2332 2050 τρόν
2350 1996 2364 2008 ο
2395 1968 2469 2030 ὧν
2500 1977 2553 2029 τί
2583 1977 2647 2030 ἂν
2673 1978 2888 2045 γένοιτο
2912 1978 2993 2039 εἰς
3018 1975 3361 2047 εὐφροσύνην
3388 1976 3487 2028 καὶ
3518 1977 3769 2044 φωτισμὸν

2205 2070 2382 2142 ψυχῆς
2412 2069 2767 2139 χαριέστερον
2793 2067 2825 2139 ἢ
2858 2067 3247 2137 ἐνθεέστερον;
3278 2065 3539 2118 ἐντεῦθεν
3566 2066 3766 2137 προστέ·

2207 2160 2342 2231 ταχε
2384 2161 2546 2213 πάλιν
2578 2161 2763 2222 αὐτοῖς
2798 2157 3189 2231 εὐφραίνεσθαι
3220 2158 3312 2210 ἐπὶ
3344 2156 3408 2211 τὸ
3440 2155 3537 2210 τοῦ
3570 2156 3767 2210 καλοῦν-

2204 2273 2297 2317 τος
2329 2253 2626 2322 φιλόδωρον
2651 2293 2665 2313 ,
2697 2251 2873 2320 λέγων
2901 2267 2915 2281 ·
2966 2249 3370 2319 Εὐφράνθητι,
3398 2248 3612 2316 στεῖρα
3641 2250 3675 2317 ἡ
3709 2250 3763 2303 οὐ

2205 2347 2519 2409 τίκτουσα,
2549 2343 2747 2414 ῥῆξον
2786 2344 2883 2398 καὶ
2918 2344 3183 2411 βόησον,
3230 2344 3267 2410 ἠ
3298 2344 3416 2396 οὐκ
3460 2341 3760 2403 ὠδίνουσα,

2205 2439 2296 2492 ὅτι
2338 2440 2544 2492 πολλὰ
2571 2438 2643 2490 τὰ
2669 2436 2852 2489 τέκνα
3035 2434 3282 2503 ἐρήμου,
3316 2431 3569 2501 μᾶλλον
3609 2431 3643 2500 ἢ
3674 2429 3763 2497 τῆς

2205 2528 2479 2598 ἐχούσης
2525 2526 2630 2580 τὸν
2667 2524 2878 2590 ἄνδρα.
2938 2525 3101 2578 Ἀλλὰ
3134 2525 3241 2595 μὴν
3288 2525 3386 2578 καὶ
3419 2525 3584 2577 ὁποῖα
3625 2521 3763 2577 οἱδιὰ

2206 2620 2306 2691 τῆς
2336 2623 2395 2673 ἐν
2418 2620 2603 2690 χάριτι
2638 2618 2884 2689 κλήσεως
2930 2616 3492 2688 προσδεδραμηκότες
3526 2614 3761 2670 ἁντεισοί-

2207 2729 2429 2778 σουσιν,
2481 2710 2790 2764 εὐσύνοπτα
2840 2711 2986 2779 ἐρεῖ’
3056 2710 3158 2763 Ἑν
3211 2707 3293 2774 τῷ
3338 2708 3529 2777 καιρῷ
3580 2708 3761 2771 ἐκείνῳ

2206 2805 2679 2873 ἁνενεχθήσεται
2707 2801 2864 2870 δῶρα
2885 2801 3081 2868 Κυρίῳ
3112 2800 3357 2854 Σαϐαὼθ
3378 2841 3393 2867 ,
3424 2801 3495 2854 ἐκ
3525 2798 3670 2853 λαοῦ
3693 2815 3763 2851 τε·

2206 2898 2532 2968 θλιμμένου
2562 2896 2661 2950 καὶ
2699 2892 3003 2957 ταπεινοῦ,
3026 2893 3145 2947 ἀπὸ
3171 2892 3326 2947 λαοῦ
3353 2892 3644 2963 μεγάλου,
3666 2888 3760 2943 ἀπὸ

2205 2993 2311 3048 τοῦ
2342 2991 2460 3046 νῦν
2506 2992 2604 3043 καὶ
2636 2992 2725 3055 εἷς
2760 2990 2865 3042 τὸν
2915 2987 3106 3040 αἰῶνα
3135 2986 3360 3055 χρόνον
3381 3003 3394 3014 ·
3430 2985 3579 3055 δῶρα
3606 2983 3688 3049 δὲ,
3720 2980 3762 3035 τί

2205 3085 2335 3143 ἄλλο
2369 3081 2616 3152 νοηθεῖεν
2645 3079 2711 3133 ἂν
2736 3080 2768 3151 ἦ
2807 3080 3026 3142 πάντως
3058 3080 3091 3148 ἡ
3127 3079 3225 3147 τῆς
3250 3076 3521 3139 αἰνέσεως
3551 3091 3742 3142 πνευμα

2206 3178 2335 3248 τικὴ
2364 3176 2525 3230 ουσία
2545 3218 2559 3242 ,
2590 3176 2623 3245 ἡ
2653 3173 2849 3245 λογικὴ
2879 3171 3106 3243 λατρεία
3134 3170 3287 3241 παρᾶ
3324 3171 3552 3223 πάντων
3591 3166 3689 3219 τῶν
3716 3168 3760 3217 ἐν

2205 3274 2271 3342 τῇ
2293 3267 2598 3339 Ἐκκλησία
2624 3266 2796 3318 ἐθνῶν
2822 3261 3305 3336 προσαγομένητῷ
3331 3261 3478 3332 Θεῷ,
3506 3263 3571 3329 ἢν
3607 3258 3673 3320 ὼς
3692 3257 3760 3308 ὀσ-

2209 3364 2318 3434 μὴν
2352 3361 2582 3423 εὐωδίας
2613 3358 3047 3429 προσδεχόμενος
3069 3356 3216 3423 ;”Οτι
3242 3355 3435 3417 αὐτοῖς
3459 3352 3759 3423 ἀντιχαριεί-

2205 3474 2315 3521 ται,
2345 3455 2439 3507 καὶ
2472 3448 2554 3517 οἷς
2592 3451 3141 3520 ἁντιςριλοτιμήσεται
3176 3447 3394 3520 δώροις,
3437 3445 3594 3501 πάλιν
3619 3441 3756 3510 λέγει’

520 3537 837 3596 holocausta
863 3560 1047 3599 eorum
1068 3549 1417 3618 acceptabilia
1441 3562 1593 3604 erunt
1621 3553 1780 3605 altari
1803 3569 1937 3607 meo.
1963 3551 2102 3605 Nam

2214 3548 2454 3612 Εἱσιὶξω
2477 3545 2699 3611 αὐτοὺς
2728 3546 2815 3610 είς
2848 3543 2914 3596 τὸ
2944 3542 3079 3610 ὄρος
3112 3542 3175 3595 τὸ
3208 3542 3382 3612 ἅγιόν
3398 3560 3544 3609 μου,
3572 3539 3658 3592 καὶ
3686 3537 3759 3590 εὑ·

518 3631 708 3686 domus
741 3652 877 3698 mea,
910 3637 1100 3694 domus
1135 3645 1400 3699 orationis
1429 3645 1705 3701 vocabitur
1737 3646 1941 3701 cunctis
1973 3662 2101 3716 gen-

520 3722 659 3777 tibus
716 3726 785 3781 ".
833 3727 1004 3787 Porro
1068 3733 1209 3789 haud
1242 3737 1483 3793 arbitror
1542 3739 1594 3792 in
1629 3748 1838 3793 tantam
1894 3737 2110 3792 venisse

522 3818 792 3873 insaniam
827 3836 1089 3877 novorum
1118 3826 1525 3894 judaizantium
1560 3830 1798 3901 aliquos,
1828 3839 1887 3885 ut
1916 3840 2111 3900 putent

525 3908 801 3974 praedictis
839 3912 1027 3968 verbis
1059 3913 1286 3970 localem
1323 3921 1699 3974 tantummodo
1731 3922 1873 3989 apud
1917 3920 2111 3975 Hiero.

523 3998 733 4069 solyma
751 4001 955 4058 cultum
979 4006 1253 4061 denotari.
1285 4005 1421 4063 Nam
1442 4010 1567 4078 quis
1588 4011 1659 4063 ita
1691 4012 1761 4065 sit
1784 4021 2106 4076 contumax,

528 4102 813 4162 postquam
861 4109 926 4149 ex
959 4111 1193 4164 persona
1242 4101 1579 4157 universalis
1615 4101 1707 4157 Dei
1734 4103 1943 4174 jamdiu
1986 4119 2111 4171 pro-

525 4186 703 4253 pheta:
741 4187 1142 4257 clamaverunt,
1184 4192 1274 4247 illa
1328 4195 1736 4250 immolatarum
1787 4196 2110 4250 animalium

523 4286 580 4331 et
613 4280 863 4334 carnium
909 4282 1109 4338 abolita
1165 4300 1289 4341 esse
1354 4302 1419 4341 ac
1472 4288 1751 4357 repudiata
1810 4289 2108 4354 sacriﬁcia,

526 4370 721 4442 hisque
772 4372 1130 4431 substitutum
1189 4379 1393 4433 cultum
1440 4381 1719 4434 hominum
1760 4379 1928 4435 Deum
1958 4382 2114 4435 invo-

524 4465 767 4519 cantium
813 4476 869 4520 et
912 4466 965 4522 in
1012 4470 1206 4537 spiritu
1256 4470 1727 4527 sacriﬁcantium?
1759 4473 1902 4538 Quid
1955 4473 2108 4538 mihi,

529 4556 726 4623 inquit,
767 4559 1152 4626 sacriﬁciorum
1191 4571 1485 4616 vestrorum
1519 4564 1842 4628 multitudo,
1894 4565 1971 4617 ait
2000 4563 2113 4619 Do-

527 4650 748 4705 minus?
782 4655 967 4719 plenus
994 4669 1149 4716 sum;
1181 4654 1494 4710 holocausta
1516 4641 1784 4723 arietum,
1820 4667 1868 4712 et
1901 4658 2112 4728 adipem

528 4755 809 4807 agnorum,
857 4751 905 4795 et
944 4745 1254 4812 sanguinem
1308 4754 1586 4798 taurorum
1634 4757 1790 4816 atque
1842 4747 2115 4801 hircorum

528 4844 712 4885 renuo.
766 4829 898 4893 Quis
928 4830 1072 4883 enim
1120 4831 1233 4885 haec
1275 4833 1341 4885 de
1372 4835 1615 4887 inanibus
1649 4836 1837 4889 vestris
1888 4836 2113 4905 requisi—

2176 3664 2179 3665 ν
2213 3640 2419 3713 φρανῶ
2464 3638 2689 3704 αὐτοὺς
2718 3639 2789 3691 ἐν
2819 3634 2899 3703 τῷ
2928 3636 3073 3702 οἴκῳ
3112 3634 3222 3701 τῆς
3257 3632 3608 3702 προσευχῆς
3624 3647 3725 3699 μου
3745 3668 3757 3687 ,

2211 3735 2285 3788 τὰ
2333 3727 2801 3797 ὁλοκαυτώματα
2853 3724 3052 3780 αὐτῶν
3097 3725 3196 3779 καὶ
3236 3727 3296 3778 al
3352 3725 3561 3778 θυσίαι
3596 3715 3760 3774 αὐτῶν

2212 3827 2457 3880 ἔσονται
2485 3822 2689 3875 δεκταὶ
2727 3819 2827 3874 ἐπὶ
2855 3819 2921 3873 τὸ
2958 3816 3400 3885 θυσιαστήριόν
3438 3833 3557 3886 μου
3580 3830 3592 3842 ’
3620 3808 3759 3877 ὁγὰρ

2213 3915 2381 3981 οἶκός
2439 3933 2561 3985 μου
2613 3911 2782 3980 οἶκος
2823 3909 3174 3982 προσευχῆς
3227 3909 3595 3977 κληθήσεται
3638 3898 3759 3955 πᾶσι

2213 4010 2341 4076 τοῖς
2365 4010 2630 4064 ἔθνεσιν.
2672 4008 2786 4065 Οὐκ
2817 4006 2883 4058 ἂν
2914 4005 2971 4056 δέ
3018 3998 3177 4074 οἶμαι
3217 4002 3312 4055 ἐπὶ
3341 4000 3570 4055 τοσοῦτο
3598 3994 3757 4067 μανίας

2213 4100 2324 4155 τῶν
2378 4085 2697 4171 ἀρτιφανῶν
2770 4095 3040 4150 Ἰουδαίων
3098 4092 3404 4164 ἐξοίχεσθαί
3446 4107 3611 4153 τινας,
3642 4085 3759 4169 that:

2214 4192 2426 4246 οἴεσθαι
2462 4191 2550 4244 διὰ
2595 4188 2804 4242 τούτων
2834 4188 2932 4258 τὴν
2963 4186 3049 4257 ἐφ’
3087 4187 3167 4239 ἑνὶ
3208 4186 3362 4256 τόπῳ
3392 4188 3453 4238 ἐν
3496 4175 3755 4252 Ἱεροσολύ-

2222 4303 2367 4359 μοις,
2404 4284 2578 4355 φημὶ,
2620 4281 3057 4354 περιειργμένην
3090 4279 3353 4349 λατρείαν
3393 4272 3756 4346 είσφέρεσθαι’

2216 4377 2302 4439 τίς
2341 4373 2452 4446 γὰρ
2487 4372 2661 4437 οὕτως
2690 4373 2946 4443 ἀνήκοος,
2977 4373 3043 4424 ἐκ
3064 4367 3375 4439 προσώπου
3404 4367 3502 4421 τοῦ
3528 4362 3629 4417 τῶν
3648 4359 3757 4413 ὅλων

2218 4465 2359 4522 Θεοῦ
2411 4461 2990 4536 προανακεκραγότων
3035 4461 3144 4514 τῶν
3201 4459 3523 4531 προφητῶν,
3575 4451 3757 4508 ἐκείνας

2222 4561 2323 4634 μὲν
2355 4559 2453 4623 τὰς
2479 4556 2589 4611 τῶν
2620 4554 3041 4621 ζωοθυτούντων
3070 4553 3165 4609 καὶ
3186 4550 3625 4624 κρεουργούντων
3647 4545 3755 4634 ἀπο-

2218 4632 2564 4723 κεκηριέχθαι
2587 4650 2683 4701 καὶ
2709 4645 3074 4719 ἐκκεκρίσθαι
3107 4645 3323 4707 θυσίας,
3354 4643 3468 4697 τῶν
3495 4642 3549 4696 δὲ
3577 4632 3757 4692 θεοκλυ-

2216 4741 2456 4796 τούντων
2487 4741 2582 4794 καὶ
2610 4738 3029 4811 ἱερολογούντων
3065 4739 3124 4790 ἐν
3146 4735 3421 4807 πνεύματι
3449 4723 3756 4797 ἀντεισῆχθαι

2220 4833 2483 4904 λατρείας
2514 4849 2529 4899 ;
2571 4832 2631 4885 Tl
2656 4849 2761 4901 μοι
2795 4827 3029 4897 πλῆθος
3058 4828 3178 4883 τῶν
3207 4826 3436 4882 θυσιῶν
3465 4823 3640 4896 ὑμῶν.
3676 4812 3755 4870 λέ-

528 4921 599 4974 vit
624 4919 1064 4997 "irNeomenias
1096 4937 1225 4976 vero
1256 4935 1310 4979 et
1355 4924 1596 4980 Salibata
1623 4926 1817 4996 sejam
1860 4942 1964 4981 non
2006 4926 2105 4997 pat‘:

2220 4943 2311 4995 γει
2332 4925 2551 4992 Κύριος
2569 4939 2588 4987 ;
2609 4922 2850 4990 πλήρης
2869 4920 2990 4989 εὶμί
3008 4937 3021 4950 ·
3043 4920 3435 4988 ὁλοκαύτωμα
3456 4916 3569 4972 τῶν
3590 4905 3751 4980 κριῶν,

531 4996 774 5066 declarat
804 5011 872 5064 7".
913 5010 1069 5067 Sicut
1109 5016 1275 5069 etiam
1325 5015 1615 5072 Psalmista
1661 5019 1855 5087 spiritu
1900 4996 2117 5089 praeve-r

528 5104 690 5159 niens
714 5096 936 5174 scripsit
971 5125 984 5162 :
1017 5105 1360 5177 Sacriﬁcium
1388 5120 1436 5162 et
1490 5109 1809 5163 oblationem
1868 5110 2107 5176 noluisti,

531 5195 843 5252 holocausta
885 5215 980 5267 pro
1014 5208 1232 5268 peccato
1275 5216 1376 5254 non
1405 5200 1691 5269 postulasti
1717 5200 1784 5254 ".
1825 5201 2112 5270 Itemque:

528 5288 690 5358 211
728 5286 796 5342 Et
830 5306 934 5344 non
970 5292 1232 5357 accipiam
1276 5291 1340 5345 de
1382 5292 1538 5345 domo
1577 5304 1667 5346 tua
1707 5295 1916 5359 vitulos,
1951 5309 2115 5364 neque

532 5394 598 5444 pa:
622 5380 862 5449 gregibus
898 5383 1005 5436 tuis
1037 5383 1212 5436 hircos
1243 5382 1314 5436 '“'.
1364 5383 1433 5437 Et
1460 5400 1473 5435 :
1503 5381 1563 5437 Si
1597 5384 1870 5449 voluisses,
1901 5384 2109 5450 sacriﬁ-

533 5472 674 5523 cium
695 5475 949 5528 dedissem.
975 5475 1177 5545 utique,
1197 5474 1527 5530 holocaustis
1553 5494 1658 5530 non
1677 5476 2017 5532 delectaberis
2045 5478 2114 5531 τ’.

536 5562 818 5631 Spiritalia
856 5582 983 5620 vero
1045 5568 1303 5637 proponit
1364 5568 1657 5633 sacriﬁcia,
1715 5569 2111 5625 adhortando:

606 5717 652 5749 "
692 5717 795 5771 lsa.
829 5734 956 5779 xxv,
987 5718 1042 5788 6.
1118 5720 1164 5749 ⁷⁰
1205 5718 1313 5773 lsa.
1343 5735 1451 5788 LIV,
1492 5721 1541 5774 l.
1621 5721 1662 5752 ⁷¹
1706 5721 1808 5776 lsa.
1842 5737 2001 5788 xvm,
2042 5723 2095 5777 7.

541 5803 729 5859 um,
768 5789 821 5847 ’1.
902 5789 946 5820 ⁷⁵
989 5787 1133 5844 Psal.
1163 5803 1310 5855 sus,
1350 5791 1403 5846 9.
1441 5787 1444 5788 ⁷
1480 5791 1525 5823 ⁷⁷
1568 5790 1719 5887 Ρεειιἒ
1745 5807 1797 5860 L,
1846 5791 1932 5846 18.

2171 5726 2217 5757 τ²
2254 5722 2357 5779 lsa.
2385 5736 2495 5789 Lvt,
2526 5722 2580 5777 7.
2641 5722 2688 5754 ⁷³
2722 5722 2824 5776 lsa.
2856 5736 2897 5786 t,
2932 5719 3019 5772 il.

2225 5018 2326 5075 καὶ
2354 5017 2540 5084 στέαρ
2592 5013 2816 5084 ἀρνῶν,
2853 5012 2952 5067 καὶ
2977 5007 3122 5082 αἷμα
3170 5013 3402 5080 ταύρων
3444 5009 3539 5064 καὶ
3566 5003 3755 5074 τράγων

2222 5113 2296 5165 οὐ
2322 5108 2647 5177 ,βούλομαν
2684 5108 2777 5173 τίς
2802 5106 2914 5175 γὰρ
2943 5104 3197 5176 emanat,-
3231 5107 3423 5161 ταῦτα
3440 5106 3508 5161 ἐκ
3532 5100 3639 5156 τῶν
3660 5110 3753 5165 χει-

2217 5199 2349 5271 ρῶν
2377 5197 2587 5269 umor;
2621 5198 2942 5269 Νουμηνίας
2979 5199 3037 5252 δέ
3077 5199 3174 5252 καὶ
3206 5200 3462 5254 Σάϐϐατα
3518 5193 3638 5269 μηδὲ
3676 5188 3752 5241 ἀν’

2222 5292 2471 5362 ἐχεσθαι.
2513 5291 2611 5354 “At;
2635 5288 2700 5360 δὴ
2741 5288 2836 5343 καὶ
2860 5290 2888 5341 ὁ
2914 5289 3132 5359 ψάλλων
3164 5290 3222 5343 ἐν
3253 5289 3523 5361 πνεύματι
3549 5273 3750 5346 ὑποφθὰς

2228 5380 2606 5453 περιέγραψε,
2650 5381 2905 5442 Θυσίαν,
2943 5381 3140 5450 λέγων,
3176 5382 3275 5436 καὶ
3312 5375 3649 5451 προσφορὰν
3663 5367 3751 5421 οὐκ

2222 5474 2534 5545 ἠθέλησας
2551 5491 2564 5502 ·
2599 5470 3068 5540 ὁλοκαυτώματα
3092 5473 3190 5527 καὶ
3220 5472 3353 5543 περὶ
3373 5468 3640 5543 ἁμαρτίας
3662 5458 3748 5512 οὐκ

2223 5566 2539 5637 ἐζήτησας.
2572 5564 2685 5617 Καὶ
2722 5562 2851 5633 μὴν,
2885 5563 2993 5617 Καὶ
3024 5565 3097 5618 οὺ
3126 5563 3375 5635 δέξομαι
3403 5566 3472 5619 ἐκ
3500 5557 3592 5616 τοῦ
3615 5551 3746 5608 οἴκου

3133 5718 3179 5750 τι
3227 5718 3355 5773 ibid.
3389 5718 3475 5774 ιδ.
3545 5713 3583 5744 ⁷³
3610 5698 3722 5763 Psal-
