  <div class='ocr_page' id='page_1' title='image "/cluster/home/n/w/nwhite01/storage/ocr_20150623/100/coo.31924054870047/350.png"; bbox 0 0 3994 6422; ppageno 0'>
   <div class='ocr_carea' id='block_1_1' title="bbox 267 393 402 460">
    <p class='ocr_par' dir='ltr' id='par_1_1' title="bbox 267 393 402 460">
     <span class='ocr_line' id='line_1_1' title="bbox 267 393 402 460; baseline -0.007 0"><span class='ocrx_word' id='word_1_1' title='bbox 267 393 402 460; x_wconf 64' lang='grc' dir='ltr'><strong>6ἓᾶ</strong></span> 
     </span>
    </p>
   </div>
   <div class='ocr_carea' id='block_1_2' title="bbox 1117 380 2705 448">
    <p class='ocr_par' dir='ltr' id='par_1_2' title="bbox 1117 380 2705 448">
     <span class='ocr_line' id='line_1_2' title="bbox 1117 380 2705 448; baseline -0.002 -2"><span class='ocrx_word' id='word_1_2' title='bbox 1117 384 1686 448; x_wconf 81' lang='lat' dir='ltr'><strong>APOLOGETICUS</strong></span> <span class='ocrx_word' id='word_1_3' title='bbox 1724 382 1875 444; x_wconf 73' lang='lat' dir='ltr'><strong>PRO</strong></span> <span class='ocrx_word' id='word_1_4' title='bbox 1914 383 2182 443; x_wconf 81' lang='lat' dir='ltr'><strong>SACRIS</strong></span> <span class='ocrx_word' id='word_1_5' title='bbox 2223 380 2705 444; x_wconf 85' lang='lat' dir='ltr'><strong>IMAGINIBUS.</strong></span> 
     </span>
    </p>
   </div>
   <div class='ocr_carea' id='block_1_3' title="bbox 3426 376 3559 442">
    <p class='ocr_par' dir='ltr' id='par_1_3' title="bbox 3426 376 3559 442">
     <span class='ocr_line' id='line_1_3' title="bbox 3426 376 3559 442; baseline -0.008 0"><span class='ocrx_word' id='word_1_6' title='bbox 3426 401 3433 407; x_wconf 83' lang='lat'>&#39;</span> <span class='ocrx_word' id='word_1_7' title='bbox 3453 376 3559 442; x_wconf 71' lang='grc'><strong>694</strong></span> 
     </span>
    </p>
   </div>
   <div class='ocr_carea' id='block_1_4' title="bbox 266 490 1876 576">
    <p class='ocr_par' dir='ltr' id='par_1_4' title="bbox 266 490 1867 576">
     <span class='ocr_line' id='line_1_4' title="bbox 266 490 1867 576; baseline -0.009 -15"><span class='ocrx_word' id='word_1_8' title='bbox 266 522 393 561; x_wconf 88' lang='grc' dir='ltr'>σου</span> <span class='ocrx_word' id='word_1_9' title='bbox 417 504 693 576; x_wconf 77' lang='grc' dir='ltr'><strong>μόσχους</strong></span> <span class='ocrx_word' id='word_1_10' title='bbox 722 539 738 564; x_wconf 92' lang='grc'><strong>,</strong></span> <span class='ocrx_word' id='word_1_11' title='bbox 776 497 917 554; x_wconf 80' lang='grc' dir='ltr'>οὐδὲ</span> <span class='ocrx_word' id='word_1_12' title='bbox 945 496 1011 551; x_wconf 80' lang='grc' dir='ltr'>ἐκ</span> <span class='ocrx_word' id='word_1_13' title='bbox 1040 496 1159 550; x_wconf 86' lang='grc' dir='ltr'><strong>τῶν</strong></span> <span class='ocrx_word' id='word_1_14' title='bbox 1193 494 1488 564; x_wconf 78' lang='grc' dir='ltr'>ποιμνίων</span> <span class='ocrx_word' id='word_1_15' title='bbox 1525 507 1644 547; x_wconf 88' lang='grc' dir='ltr'>σου</span> <span class='ocrx_word' id='word_1_16' title='bbox 1694 490 1867 562; x_wconf 82' lang='grc' dir='ltr'>χιμά-</span> 
     </span>
    </p>
   </div>
   <div class='ocr_carea' id='block_1_5' title="bbox 1965 490 3557 576">
    <p class='ocr_par' dir='ltr' id='par_1_5' title="bbox 1972 490 3557 571">
     <span class='ocr_line' id='line_1_5' title="bbox 1972 490 3557 571; baseline 0.004 -28"><span class='ocrx_word' id='word_1_17' title='bbox 1972 490 2219 571; x_wconf 35' lang='grc' dir='ltr'>Ιηιηιοία,</span> <span class='ocrx_word' id='word_1_18' title='bbox 2254 492 2364 546; x_wconf 87' lang='lat' dir='ltr'><strong>Deo</strong></span> <span class='ocrx_word' id='word_1_19' title='bbox 2396 493 2722 562; x_wconf 81' lang='lat' dir='ltr'><strong>sacri/icium</strong></span> <span class='ocrx_word' id='word_1_20' title='bbox 2760 493 2966 555; x_wconf 86' lang='lat' dir='ltr'><strong>laudis,</strong></span> <span class='ocrx_word' id='word_1_21' title='bbox 3006 505 3054 547; x_wconf 87' lang='lat' dir='ltr'><strong>et</strong></span> <span class='ocrx_word' id='word_1_22' title='bbox 3090 494 3249 548; x_wconf 80' lang='lat' dir='ltr'><strong>redde</strong></span> <span class='ocrx_word' id='word_1_23' title='bbox 3280 493 3557 550; x_wconf 80' lang='lat' dir='ltr'><strong>Altissimo</strong></span> 
     </span>
    </p>
   </div>
   <div class='ocr_carea' id='block_1_6' title="bbox 256 586 1863 670">
    <p class='ocr_par' dir='ltr' id='par_1_6' title="bbox 256 586 1863 670">
     <span class='ocr_line' id='line_1_6' title="bbox 256 586 1863 670; baseline -0.012 -15"><span class='ocrx_word' id='word_1_24' title='bbox 256 619 442 670; x_wconf 78' lang='grc' dir='ltr'>ρους.</span> <span class='ocrx_word' id='word_1_25' title='bbox 466 596 578 650; x_wconf 82' lang='grc' dir='ltr'>Καί</span> <span class='ocrx_word' id='word_1_26' title='bbox 602 613 615 626; x_wconf 89' lang='grc'><strong>·</strong></span> <span class='ocrx_word' id='word_1_27' title='bbox 652 595 721 648; x_wconf 82' lang='lat' dir='ltr'><strong>El</strong></span> <span class='ocrx_word' id='word_1_28' title='bbox 749 592 1083 662; x_wconf 76' lang='grc' dir='ltr'>ἠθέλησας.</span> <span class='ocrx_word' id='word_1_29' title='bbox 1113 591 1337 643; x_wconf 78' lang='grc' dir='ltr'><strong>θυσίαν</strong></span> <span class='ocrx_word' id='word_1_30' title='bbox 1366 587 1563 641; x_wconf 78' lang='grc' dir='ltr'>ἔδωκα</span> <span class='ocrx_word' id='word_1_31' title='bbox 1595 586 1694 652; x_wconf 86' lang='grc' dir='ltr'>ἂν,</span> <span class='ocrx_word' id='word_1_32' title='bbox 1731 587 1863 638; x_wconf 77' lang='lat'><strong>(5.10-</strong></span> 
     </span>
    </p>
   </div>
   <div class='ocr_carea' id='block_1_7' title="bbox 266 674 1865 758">
    <p class='ocr_par' dir='ltr' id='par_1_7' title="bbox 266 674 1865 758">
     <span class='ocr_line' id='line_1_7' title="bbox 266 674 1865 758; baseline -0.011 -12"><span class='ocrx_word' id='word_1_33' title='bbox 266 689 634 758; x_wconf 83' lang='grc' dir='ltr'>καυτώματα</span> <span class='ocrx_word' id='word_1_34' title='bbox 666 688 777 741; x_wconf 72' lang='grc' dir='ltr'>οὐκ</span> <span class='ocrx_word' id='word_1_35' title='bbox 818 682 1200 749; x_wconf 74' lang='grc' dir='ltr'>εὺδοκήσεις.</span> <span class='ocrx_word' id='word_1_36' title='bbox 1233 681 1346 743; x_wconf 81' lang='grc' dir='ltr'><strong>Τὰς</strong></span> <span class='ocrx_word' id='word_1_37' title='bbox 1386 676 1771 748; x_wconf 66' lang='grc' dir='ltr'><strong>πνευματικὰς</strong></span> <span class='ocrx_word' id='word_1_38' title='bbox 1806 674 1865 729; x_wconf 80' lang='grc' dir='ltr'>δὲ</span> 
     </span>
    </p>
   </div>
   <div class='ocr_carea' id='block_1_8' title="bbox 266 768 1863 854">
    <p class='ocr_par' dir='ltr' id='par_1_8' title="bbox 266 768 1863 854">
     <span class='ocr_line' id='line_1_8' title="bbox 266 768 1863 854; baseline -0.011 -17"><span class='ocrx_word' id='word_1_39' title='bbox 266 785 585 854; x_wconf 78' lang='grc' dir='ltr'><strong>εἰσηγεῖται</strong></span> <span class='ocrx_word' id='word_1_40' title='bbox 619 778 813 842; x_wconf 80' lang='grc' dir='ltr'><strong>θυσίας</strong></span> <span class='ocrx_word' id='word_1_41' title='bbox 843 820 858 844; x_wconf 95' lang='grc'><strong>,</strong></span> <span class='ocrx_word' id='word_1_42' title='bbox 907 776 1111 831; x_wconf 81' lang='grc' dir='ltr'>Θῦσον</span> <span class='ocrx_word' id='word_1_43' title='bbox 1164 772 1243 840; x_wconf 87' lang='grc' dir='ltr'>τῷ</span> <span class='ocrx_word' id='word_1_44' title='bbox 1290 771 1412 839; x_wconf 86' lang='grc' dir='ltr'>Θεῷ</span> <span class='ocrx_word' id='word_1_45' title='bbox 1446 772 1672 828; x_wconf 85' lang='grc' dir='ltr'>θυσίαν</span> <span class='ocrx_word' id='word_1_46' title='bbox 1701 768 1863 821; x_wconf 78' lang='grc' dir='ltr'>αἰνέ-</span> 
     </span>
    </p>
   </div>
   <div class='ocr_carea' id='block_1_9' title="bbox 265 862 1868 942">
    <p class='ocr_par' dir='ltr' id='par_1_9' title="bbox 265 862 1868 942">
     <span class='ocr_line' id='line_1_9' title="bbox 265 862 1868 942; baseline -0.01 -12"><span class='ocrx_word' id='word_1_47' title='bbox 265 890 452 940; x_wconf 81' lang='grc' dir='ltr'>σεως,</span> <span class='ocrx_word' id='word_1_48' title='bbox 485 869 847 942; x_wconf 83' lang='grc' dir='ltr'>παρεγγυῶν,</span> <span class='ocrx_word' id='word_1_49' title='bbox 868 868 964 922; x_wconf 77' lang='grc' dir='ltr'>καὶ</span> <span class='ocrx_word' id='word_1_50' title='bbox 990 866 1223 933; x_wconf 80' lang='grc' dir='ltr'>ἀπόδος</span> <span class='ocrx_word' id='word_1_51' title='bbox 1239 865 1321 931; x_wconf 84' lang='grc' dir='ltr'>τῷ</span> <span class='ocrx_word' id='word_1_52' title='bbox 1353 864 1615 934; x_wconf 65' lang='grc' dir='ltr'>’Υψίστῳ</span> <span class='ocrx_word' id='word_1_53' title='bbox 1646 862 1751 927; x_wconf 81' lang='grc' dir='ltr'><strong>τὰς</strong></span> <span class='ocrx_word' id='word_1_54' title='bbox 1772 862 1868 915; x_wconf 75' lang='grc' dir='ltr'><strong>εὐ-</strong></span> 
     </span>
    </p>
   </div>
   <div class='ocr_carea' id='block_1_10' title="bbox 269 955 1868 1039">
    <p class='ocr_par' dir='ltr' id='par_1_10' title="bbox 269 955 1868 1039">
     <span class='ocr_line' id='line_1_10' title="bbox 269 955 1868 1039; baseline -0.012 -16"><span class='ocrx_word' id='word_1_55' title='bbox 269 968 389 1039; x_wconf 79' lang='grc' dir='ltr'>χάς</span> <span class='ocrx_word' id='word_1_56' title='bbox 420 982 558 1021; x_wconf 88' lang='grc' dir='ltr'>σου.</span> <span class='ocrx_word' id='word_1_57' title='bbox 605 962 997 1033; x_wconf 83' lang='grc' dir='ltr'>Ἐκὸηλὸτερον</span> <span class='ocrx_word' id='word_1_58' title='bbox 1028 960 1085 1013; x_wconf 79' lang='grc' dir='ltr'>δὲ</span> <span class='ocrx_word' id='word_1_59' title='bbox 1127 958 1290 1011; x_wconf 87' lang='grc' dir='ltr'>τοῦτο</span> <span class='ocrx_word' id='word_1_60' title='bbox 1318 959 1351 1026; x_wconf 82' lang='grc' dir='ltr'><strong>ἡ</strong></span> <span class='ocrx_word' id='word_1_61' title='bbox 1399 955 1674 1024; x_wconf 76' lang='grc' dir='ltr'>ἐπαγωγὴ</span> <span class='ocrx_word' id='word_1_62' title='bbox 1723 969 1868 1021; x_wconf 83' lang='grc' dir='ltr'>παρ-</span> 
     </span>
    </p>
   </div>
   <div class='ocr_carea' id='block_1_11' title="bbox 1965 584 3558 643">
    <p class='ocr_par' dir='ltr' id='par_1_11' title="bbox 1965 584 3558 643">
     <span class='ocr_line' id='line_1_11' title="bbox 1965 584 3558 643; baseline 0.003 -7"><span class='ocrx_word' id='word_1_63' title='bbox 1965 597 2088 637; x_wconf 80' lang='lat' dir='ltr'><strong>rota</strong></span> <span class='ocrx_word' id='word_1_64' title='bbox 2121 596 2215 637; x_wconf 88' lang='lat' dir='ltr'><strong>tua</strong></span> <span class='ocrx_word' id='word_1_65' title='bbox 2260 586 2328 638; x_wconf 79' lang='grc'><strong>⁷⁸.</strong></span> <span class='ocrx_word' id='word_1_66' title='bbox 2384 584 2729 639; x_wconf 80' lang='lat' dir='ltr'><strong>Manifestius</strong></span> <span class='ocrx_word' id='word_1_67' title='bbox 2763 599 2892 643; x_wconf 86' lang='lat' dir='ltr'><strong>vero</strong></span> <span class='ocrx_word' id='word_1_68' title='bbox 2935 585 3039 641; x_wconf 91' lang='lat' dir='ltr'><strong>hoc</strong></span> <span class='ocrx_word' id='word_1_69' title='bbox 3090 586 3307 641; x_wconf 94' lang='lat' dir='ltr'><strong>sistitur</strong></span> <span class='ocrx_word' id='word_1_70' title='bbox 3355 586 3409 641; x_wconf 92' lang='lat' dir='ltr'><strong>in</strong></span> <span class='ocrx_word' id='word_1_71' title='bbox 3457 601 3558 641; x_wconf 84' lang='lat' dir='ltr'><strong>se-</strong></span> 
     </span>
    </p>
   </div>
   <div class='ocr_carea' id='block_1_12' title="bbox 1966 676 3558 749">
    <p class='ocr_par' dir='ltr' id='par_1_12' title="bbox 1966 676 3558 749">
     <span class='ocr_line' id='line_1_12' title="bbox 1966 676 3558 749; baseline 0.002 -20"><span class='ocrx_word' id='word_1_72' title='bbox 1966 676 2280 745; x_wconf 75' lang='lat' dir='ltr'><strong>quentibus.</strong></span> <span class='ocrx_word' id='word_1_73' title='bbox 2325 677 2462 731; x_wconf 91' lang='lat' dir='ltr'><strong>Dnm</strong></span> <span class='ocrx_word' id='word_1_74' title='bbox 2516 678 2662 732; x_wconf 89' lang='lat' dir='ltr'><strong>enim</strong></span> <span class='ocrx_word' id='word_1_75' title='bbox 2715 679 2826 743; x_wconf 88' lang='lat' dir='ltr'><strong>ait,</strong></span> <span class='ocrx_word' id='word_1_76' title='bbox 2858 678 3062 732; x_wconf 80' lang='lat' dir='ltr'><strong>cunctis</strong></span> <span class='ocrx_word' id='word_1_77' title='bbox 3095 679 3336 749; x_wconf 85' lang='lat' dir='ltr'><strong>gentibus</strong></span> <span class='ocrx_word' id='word_1_78' title='bbox 3361 717 3377 744; x_wconf 88' lang='lat'><strong>,</strong></span> <span class='ocrx_word' id='word_1_79' title='bbox 3412 679 3558 734; x_wconf 83' lang='lat' dir='ltr'><strong>haud</strong></span> 
     </span>
    </p>
   </div>
   <div class='ocr_carea' id='block_1_13' title="bbox 1967 770 3559 843">
    <p class='ocr_par' dir='ltr' id='par_1_13' title="bbox 1967 770 3559 843">
     <span class='ocr_line' id='line_1_13' title="bbox 1967 770 3559 843; baseline 0.003 -24"><span class='ocrx_word' id='word_1_80' title='bbox 1967 771 2252 839; x_wconf 74' lang='lat' dir='ltr'><strong>partialem</strong></span> <span class='ocrx_word' id='word_1_81' title='bbox 2277 770 2424 828; x_wconf 80' lang='lat' dir='ltr'><strong>illam</strong></span> <span class='ocrx_word' id='word_1_82' title='bbox 2449 782 2504 827; x_wconf 90' lang='lat' dir='ltr'><strong>et</strong></span> <span class='ocrx_word' id='word_1_83' title='bbox 2529 774 2753 841; x_wconf 80' lang='lat' dir='ltr'><strong>regione</strong></span> <span class='ocrx_word' id='word_1_84' title='bbox 2778 775 3011 843; x_wconf 80' lang='lat' dir='ltr'><strong>quadam</strong></span> <span class='ocrx_word' id='word_1_85' title='bbox 3039 773 3317 828; x_wconf 74' lang='lat' dir='ltr'><strong>definitam</strong></span> <span class='ocrx_word' id='word_1_86' title='bbox 3342 771 3559 827; x_wconf 83' lang='lat' dir='ltr'><strong>Israeli-</strong></span> 
     </span>
    </p>
   </div>
   <div class='ocr_carea' id='block_1_14' title="bbox 1970 864 3560 935">
    <p class='ocr_par' dir='ltr' id='par_1_14' title="bbox 1970 864 3560 935">
     <span class='ocr_line' id='line_1_14' title="bbox 1970 864 3560 935; baseline -0.002 -19"><span class='ocrx_word' id='word_1_87' title='bbox 1970 871 2147 917; x_wconf 86' lang='lat' dir='ltr'><strong>tarum</strong></span> <span class='ocrx_word' id='word_1_88' title='bbox 2191 878 2550 935; x_wconf 77' lang='lat' dir='ltr'><strong>synagogam,</strong></span> <span class='ocrx_word' id='word_1_89' title='bbox 2578 866 2675 919; x_wconf 89' lang='lat' dir='ltr'><strong>sed</strong></span> <span class='ocrx_word' id='word_1_90' title='bbox 2710 864 3037 920; x_wconf 82' lang='lat' dir='ltr'><strong>catholicam</strong></span> <span class='ocrx_word' id='word_1_91' title='bbox 3067 872 3122 918; x_wconf 89' lang='lat' dir='ltr'><strong>et</strong></span> <span class='ocrx_word' id='word_1_92' title='bbox 3145 864 3295 919; x_wconf 91' lang='lat' dir='ltr'><strong>omni</strong></span> <span class='ocrx_word' id='word_1_93' title='bbox 3330 878 3560 919; x_wconf 80' lang='lat' dir='ltr'><strong>numero</strong></span> 
     </span>
    </p>
   </div>
   <div class='ocr_carea' id='block_1_15' title="bbox 1970 952 3229 1025">
    <p class='ocr_par' dir='ltr' id='par_1_15' title="bbox 1970 952 3229 1025">
     <span class='ocr_line' id='line_1_15' title="bbox 1970 952 3229 1025; baseline 0.002 -20"><span class='ocrx_word' id='word_1_94' title='bbox 1970 952 2232 1022; x_wconf 81' lang='lat' dir='ltr'><strong>majorem</strong></span> <span class='ocrx_word' id='word_1_95' title='bbox 2272 955 2357 1009; x_wconf 89' lang='lat' dir='ltr'><strong>his</strong></span> <span class='ocrx_word' id='word_1_96' title='bbox 2388 957 2569 1010; x_wconf 82' lang='lat' dir='ltr'><strong>verbis</strong></span> <span class='ocrx_word' id='word_1_97' title='bbox 2603 955 2862 1025; x_wconf 79' lang='lat' dir='ltr'><strong>designat</strong></span> <span class='ocrx_word' id='word_1_98' title='bbox 2898 955 3229 1021; x_wconf 79' lang='lat' dir='ltr'><strong>Ecclesium.</strong></span> 
     </span>
    </p>
   </div>
   <div class='ocr_carea' id='block_1_16' title="bbox 266 1048 3561 1135">
    <p class='ocr_par' dir='ltr' id='par_1_16' title="bbox 266 1048 3561 1135">
     <span class='ocr_line' id='line_1_16' title="bbox 266 1048 3561 1135; baseline -0.005 -17"><span class='ocrx_word' id='word_1_99' title='bbox 266 1063 534 1135; x_wconf 81' lang='grc' dir='ltr'>ίστησιν’</span> <span class='ocrx_word' id='word_1_100' title='bbox 593 1059 771 1114; x_wconf 81' lang='grc' dir='ltr'>ιίπὼν</span> <span class='ocrx_word' id='word_1_101' title='bbox 832 1058 943 1128; x_wconf 71' lang='grc' dir='ltr'>γὰρ</span> <span class='ocrx_word' id='word_1_102' title='bbox 984 1054 1136 1113; x_wconf 80' lang='grc' dir='ltr'>πᾶσι</span> <span class='ocrx_word' id='word_1_103' title='bbox 1180 1053 1306 1120; x_wconf 82' lang='grc' dir='ltr'>τοῖς</span> <span class='ocrx_word' id='word_1_104' title='bbox 1330 1053 1614 1117; x_wconf 76' lang='grc' dir='ltr'>ἔθνεσιν,</span> <span class='ocrx_word' id='word_1_105' title='bbox 1669 1049 1743 1129; x_wconf 7' lang='grc' dir='ltr'><strong>οὐκ</strong></span> <span class='ocrx_word' id='word_1_106' title='bbox 1781 1049 1880 1117; x_wconf 73' lang='grc' dir='ltr'><strong>τὴν</strong></span> <span class='ocrx_word' id='word_1_107' title='bbox 1932 1048 2168 1120; x_wconf 84' lang='grc' dir='ltr'>μερικὴν</span> <span class='ocrx_word' id='word_1_108' title='bbox 2222 1052 2320 1105; x_wconf 77' lang='grc' dir='ltr'><strong>καὶ</strong></span> <span class='ocrx_word' id='word_1_109' title='bbox 2367 1052 2427 1104; x_wconf 82' lang='grc' dir='ltr'>ὲν</span> <span class='ocrx_word' id='word_1_110' title='bbox 2472 1051 2639 1124; x_wconf 85' lang='grc' dir='ltr'>χώρῳ</span> <span class='ocrx_word' id='word_1_111' title='bbox 2706 1052 3136 1124; x_wconf 76' lang='grc' dir='ltr'>καθωρισμένην</span> <span class='ocrx_word' id='word_1_112' title='bbox 3174 1054 3288 1107; x_wconf 76' lang='grc' dir='ltr'>τινὶ</span> <span class='ocrx_word' id='word_1_113' title='bbox 3339 1051 3450 1105; x_wconf 85' lang='grc' dir='ltr'>τῶν</span> <span class='ocrx_word' id='word_1_114' title='bbox 3503 1048 3561 1115; x_wconf 72' lang='grc' dir='ltr'>ἐξ</span> 
     </span>
    </p>
   </div>
   <div class='ocr_carea' id='block_1_17' title="bbox 276 1139 3560 1245">
    <p class='ocr_par' dir='ltr' id='par_1_17' title="bbox 276 1139 3560 1245">
     <span class='ocr_line' id='line_1_17' title="bbox 276 1139 3560 1227; baseline -0.004 -17"><span class='ocrx_word' id='word_1_115' title='bbox 276 1155 502 1227; x_wconf 81' lang='grc' dir='ltr'>Ἰσραὴλ</span> <span class='ocrx_word' id='word_1_116' title='bbox 540 1149 1067 1224; x_wconf 80' lang='grc' dir='ltr'><strong>συγκεκροτημένην</strong></span> <span class='ocrx_word' id='word_1_117' title='bbox 1107 1144 1458 1216; x_wconf 63' lang='grc' dir='ltr'>συναγωγὴν,</span> <span class='ocrx_word' id='word_1_118' title='bbox 1500 1145 1599 1213; x_wconf 77' lang='grc' dir='ltr'>τὴν</span> <span class='ocrx_word' id='word_1_119' title='bbox 1643 1139 1943 1210; x_wconf 76' lang='grc' dir='ltr'>καθολικὴν</span> <span class='ocrx_word' id='word_1_120' title='bbox 1964 1139 2022 1194; x_wconf 79' lang='grc' dir='ltr'>δὲ</span> <span class='ocrx_word' id='word_1_121' title='bbox 2055 1142 2149 1195; x_wconf 72' lang='grc' dir='ltr'><strong>καὶ</strong></span> <span class='ocrx_word' id='word_1_122' title='bbox 2181 1143 2420 1213; x_wconf 80' lang='grc' dir='ltr'>ἀριθμοῦ</span> <span class='ocrx_word' id='word_1_123' title='bbox 2456 1145 2788 1213; x_wconf 71' lang='grc' dir='ltr'>ὑπερέκεινα</span> <span class='ocrx_word' id='word_1_124' title='bbox 2825 1144 2914 1199; x_wconf 75' lang='grc' dir='ltr'>διὰ</span> <span class='ocrx_word' id='word_1_125' title='bbox 2939 1145 3148 1199; x_wconf 78' lang='grc' dir='ltr'>τούτων</span> <span class='ocrx_word' id='word_1_126' title='bbox 3175 1147 3560 1218; x_wconf 78' lang='grc' dir='ltr'>κατεσήμηνεν</span> 
     </span>
     <span class='ocr_line' id='line_1_18' title="bbox 2466 1224 2481 1245; baseline 0 -1"><span class='ocrx_word' id='word_1_127' title='bbox 2466 1224 2481 1245; x_wconf 76' lang='grc' dir='ltr'><strong>ρ</strong></span> 
     </span>
    </p>
   </div>
   <div class='ocr_carea' id='block_1_18' title="bbox 264 1246 629 1318">
    <p class='ocr_par' dir='ltr' id='par_1_18' title="bbox 264 1246 629 1318">
     <span class='ocr_line' id='line_1_19' title="bbox 264 1246 629 1318; baseline -0.011 -15"><span class='ocrx_word' id='word_1_128' title='bbox 264 1246 629 1318; x_wconf 73' lang='grc' dir='ltr'>Ἐκκλησίαν.</span> 
     </span>
    </p>
   </div>
   <div class='ocr_carea' id='block_1_19' title="bbox 345 1321 1867 1406">
    <p class='ocr_par' dir='ltr' id='par_1_19' title="bbox 345 1321 1867 1406">
     <span class='ocr_line' id='line_1_20' title="bbox 345 1321 1867 1406; baseline -0.012 -14"><span class='ocrx_word' id='word_1_129' title='bbox 345 1340 471 1392; x_wconf 86' lang='grc' dir='ltr'>Ὅτι</span> <span class='ocrx_word' id='word_1_130' title='bbox 499 1336 556 1390; x_wconf 83' lang='grc' dir='ltr'>δὲ</span> <span class='ocrx_word' id='word_1_131' title='bbox 582 1336 639 1389; x_wconf 82' lang='grc' dir='ltr'>αἱ</span> <span class='ocrx_word' id='word_1_132' title='bbox 667 1335 799 1406; x_wconf 73' lang='grc' dir='ltr'>περὶ</span> <span class='ocrx_word' id='word_1_133' title='bbox 826 1332 919 1387; x_wconf 71' lang='grc' dir='ltr'>τὸν</span> <span class='ocrx_word' id='word_1_134' title='bbox 952 1328 1180 1403; x_wconf 80' lang='grc' dir='ltr'><strong>βασιλέα</strong></span> <span class='ocrx_word' id='word_1_135' title='bbox 1212 1327 1322 1380; x_wconf 87' lang='grc' dir='ltr'><strong>τῶν</strong></span> <span class='ocrx_word' id='word_1_136' title='bbox 1346 1325 1520 1379; x_wconf 80' lang='grc' dir='ltr'>ἐθνῶν</span> <span class='ocrx_word' id='word_1_137' title='bbox 1547 1321 1867 1392; x_wconf 70' lang='grc' dir='ltr'>συναγωγαὶ</span> 
     </span>
    </p>
   </div>
   <div class='ocr_carea' id='block_1_20' title="bbox 260 1414 1865 1503">
    <p class='ocr_par' dir='ltr' id='par_1_20' title="bbox 260 1414 1865 1503">
     <span class='ocr_line' id='line_1_21' title="bbox 260 1414 1865 1503; baseline -0.013 -15"><span class='ocrx_word' id='word_1_138' title='bbox 260 1430 527 1503; x_wconf 79' lang='grc' dir='ltr'>καθαρῶς</span> <span class='ocrx_word' id='word_1_139' title='bbox 551 1428 632 1498; x_wconf 79' lang='grc' dir='ltr'>τῷ</span> <span class='ocrx_word' id='word_1_140' title='bbox 649 1426 880 1498; x_wconf 80' lang='grc' dir='ltr'>καθαρῷ</span> <span class='ocrx_word' id='word_1_141' title='bbox 904 1420 1326 1496; x_wconf 79' lang='grc' dir='ltr'>προσομιλοῦσι,</span> <span class='ocrx_word' id='word_1_142' title='bbox 1352 1418 1456 1473; x_wconf 75' lang='grc' dir='ltr'><strong>καὶ</strong></span> <span class='ocrx_word' id='word_1_143' title='bbox 1479 1420 1514 1495; x_wconf 79' lang='grc' dir='ltr'><strong>ἠ</strong></span> <span class='ocrx_word' id='word_1_144' title='bbox 1534 1417 1652 1480; x_wconf 80' lang='grc' dir='ltr'>ὁδὸς</span> <span class='ocrx_word' id='word_1_145' title='bbox 1681 1414 1865 1469; x_wconf 72' lang='grc' dir='ltr'>αὐτῶν</span> 
     </span>
    </p>
   </div>
   <div class='ocr_carea' id='block_1_21' title="bbox 259 1507 1865 1594">
    <p class='ocr_par' dir='ltr' id='par_1_21' title="bbox 259 1507 1865 1594">
     <span class='ocr_line' id='line_1_22' title="bbox 259 1507 1865 1594; baseline -0.012 -15"><span class='ocrx_word' id='word_1_146' title='bbox 259 1524 493 1594; x_wconf 78' lang='grc' dir='ltr'>καθαρὰ</span> <span class='ocrx_word' id='word_1_147' title='bbox 536 1522 632 1589; x_wconf 82' lang='grc' dir='ltr'><strong>(οὐ</strong></span> <span class='ocrx_word' id='word_1_148' title='bbox 680 1519 792 1591; x_wconf 86' lang='grc' dir='ltr'><strong>γὰρ</strong></span> <span class='ocrx_word' id='word_1_149' title='bbox 835 1518 903 1589; x_wconf 82' lang='grc' dir='ltr'>δὴ</span> <span class='ocrx_word' id='word_1_150' title='bbox 940 1517 1217 1587; x_wconf 86' lang='grc' dir='ltr'>μιάσμασι</span> <span class='ocrx_word' id='word_1_151' title='bbox 1255 1512 1351 1567; x_wconf 76' lang='grc' dir='ltr'><strong>καὶ</strong></span> <span class='ocrx_word' id='word_1_152' title='bbox 1388 1510 1702 1583; x_wconf 84' lang='grc' dir='ltr'>μολύσμασι</span> <span class='ocrx_word' id='word_1_153' title='bbox 1756 1507 1865 1561; x_wconf 87' lang='grc' dir='ltr'><strong>τῶν</strong></span> 
     </span>
    </p>
   </div>
   <div class='ocr_carea' id='block_1_22' title="bbox 259 1601 1859 1680">
    <p class='ocr_par' dir='ltr' id='par_1_22' title="bbox 259 1601 1859 1680">
     <span class='ocr_line' id='line_1_23' title="bbox 259 1601 1859 1680; baseline -0.011 -9"><span class='ocrx_word' id='word_1_154' title='bbox 259 1615 570 1671; x_wconf 81' lang='grc' dir='ltr'>εἰδωλικῶν</span> <span class='ocrx_word' id='word_1_155' title='bbox 618 1611 826 1665; x_wconf 73' lang='grc' dir='ltr'>θυςιῶν</span> <span class='ocrx_word' id='word_1_156' title='bbox 876 1608 1405 1680; x_wconf 76' lang='grc' dir='ltr'>καταχραίνονται),</span> <span class='ocrx_word' id='word_1_157' title='bbox 1457 1604 1752 1674; x_wconf 79' lang='grc' dir='ltr'>προσέχειν</span> <span class='ocrx_word' id='word_1_158' title='bbox 1778 1601 1859 1654; x_wconf 86' lang='grc' dir='ltr'><strong>δεῖ</strong></span> 
     </span>
    </p>
   </div>
   <div class='ocr_carea' id='block_1_23' title="bbox 259 1695 1861 1773">
    <p class='ocr_par' dir='ltr' id='par_1_23' title="bbox 259 1695 1861 1773">
     <span class='ocr_line' id='line_1_24' title="bbox 259 1695 1861 1773; baseline -0.011 -10"><span class='ocrx_word' id='word_1_159' title='bbox 259 1712 293 1764; x_wconf 87' lang='grc' dir='ltr'><strong>ὃ</strong></span> <span class='ocrx_word' id='word_1_160' title='bbox 336 1727 391 1763; x_wconf 89' lang='grc' dir='ltr'><strong>τι</strong></span> <span class='ocrx_word' id='word_1_161' title='bbox 429 1709 525 1761; x_wconf 74' lang='grc' dir='ltr'>καὶ</span> <span class='ocrx_word' id='word_1_162' title='bbox 572 1704 769 1773; x_wconf 78' lang='grc' dir='ltr'>λέγει’</span> <span class='ocrx_word' id='word_1_163' title='bbox 800 1704 883 1757; x_wconf 79' lang='grc' dir='ltr'><strong>Οὐ</strong></span> <span class='ocrx_word' id='word_1_164' title='bbox 911 1701 998 1772; x_wconf 85' lang='grc' dir='ltr'>μὴ</span> <span class='ocrx_word' id='word_1_165' title='bbox 1030 1699 1306 1768; x_wconf 72' lang='grc' dir='ltr'>παρέλθῃ</span> <span class='ocrx_word' id='word_1_166' title='bbox 1342 1695 1474 1751; x_wconf 84' lang='grc' dir='ltr'>ἐκεῖ</span> <span class='ocrx_word' id='word_1_167' title='bbox 1499 1695 1861 1763; x_wconf 78' lang='grc' dir='ltr'><strong>ἀκάθαρτος,</strong></span> 
     </span>
    </p>
   </div>
   <div class='ocr_carea' id='block_1_24' title="bbox 2037 1323 3559 1397">
    <p class='ocr_par' dir='ltr' id='par_1_24' title="bbox 2037 1323 3559 1397">
     <span class='ocr_line' id='line_1_25' title="bbox 2037 1323 3559 1397; baseline 0.003 -21"><span class='ocrx_word' id='word_1_168' title='bbox 2037 1323 2193 1390; x_wconf 81' lang='lat' dir='ltr'><strong>Quod</strong></span> <span class='ocrx_word' id='word_1_169' title='bbox 2229 1336 2407 1379; x_wconf 85' lang='lat' dir='ltr'><strong>autem</strong></span> <span class='ocrx_word' id='word_1_170' title='bbox 2448 1325 2590 1395; x_wconf 78' lang='lat' dir='ltr'><strong>regis</strong></span> <span class='ocrx_word' id='word_1_171' title='bbox 2637 1325 2876 1393; x_wconf 76' lang='lat' dir='ltr'><strong>gentium</strong></span> <span class='ocrx_word' id='word_1_172' title='bbox 2944 1327 3397 1396; x_wconf 79' lang='lat' dir='ltr'><strong>congregationes</strong></span> <span class='ocrx_word' id='word_1_173' title='bbox 3426 1345 3559 1397; x_wconf 75' lang='lat' dir='ltr'><strong>pure</strong></span> 
     </span>
    </p>
   </div>
   <div class='ocr_carea' id='block_1_25' title="bbox 1966 1419 3560 1493">
    <p class='ocr_par' dir='ltr' id='par_1_25' title="bbox 1966 1419 3560 1493">
     <span class='ocr_line' id='line_1_26' title="bbox 1966 1419 3560 1493; baseline 0.004 -23"><span class='ocrx_word' id='word_1_174' title='bbox 1966 1434 2103 1486; x_wconf 82' lang='lat' dir='ltr'><strong>puro</strong></span> <span class='ocrx_word' id='word_1_175' title='bbox 2138 1419 2475 1486; x_wconf 64' lang='lat' dir='ltr'><strong>adhaereant,</strong></span> <span class='ocrx_word' id='word_1_176' title='bbox 2515 1420 2712 1489; x_wconf 85' lang='lat' dir='ltr'><strong>viaque</strong></span> <span class='ocrx_word' id='word_1_177' title='bbox 2761 1420 2975 1473; x_wconf 86' lang='lat' dir='ltr'><strong>illarum</strong></span> <span class='ocrx_word' id='word_1_178' title='bbox 3002 1435 3141 1490; x_wconf 83' lang='lat' dir='ltr'><strong>pura</strong></span> <span class='ocrx_word' id='word_1_179' title='bbox 3173 1422 3270 1484; x_wconf 87' lang='lat' dir='ltr'><strong>sit,</strong></span> <span class='ocrx_word' id='word_1_180' title='bbox 3311 1425 3560 1493; x_wconf 82' lang='lat' dir='ltr'><strong>quamlu-</strong></span> 
     </span>
    </p>
   </div>
   <div class='ocr_carea' id='block_1_26' title="bbox 1966 1510 3556 1579">
    <p class='ocr_par' dir='ltr' id='par_1_26' title="bbox 1966 1510 3556 1579">
     <span class='ocr_line' id='line_1_27' title="bbox 1966 1510 3556 1579; baseline 0.002 -16"><span class='ocrx_word' id='word_1_181' title='bbox 1966 1510 2184 1578; x_wconf 82' lang='lat' dir='ltr'><strong>quidem</strong></span> <span class='ocrx_word' id='word_1_182' title='bbox 2234 1510 2380 1563; x_wconf 88' lang='lat' dir='ltr'><strong>nulla</strong></span> <span class='ocrx_word' id='word_1_183' title='bbox 2418 1519 2571 1579; x_wconf 81' lang='lat' dir='ltr'><strong>peste</strong></span> <span class='ocrx_word' id='word_1_184' title='bbox 2603 1520 2693 1564; x_wconf 90' lang='lat' dir='ltr'><strong>aut</strong></span> <span class='ocrx_word' id='word_1_185' title='bbox 2732 1510 2942 1565; x_wconf 81' lang='lat' dir='ltr'><strong>macula</strong></span> <span class='ocrx_word' id='word_1_186' title='bbox 2980 1510 3303 1566; x_wconf 81' lang='lat' dir='ltr'><strong>idolicorum</strong></span> <span class='ocrx_word' id='word_1_187' title='bbox 3343 1515 3556 1568; x_wconf 82' lang='lat' dir='ltr'><strong>sacriti-</strong></span> 
     </span>
    </p>
   </div>
   <div class='ocr_carea' id='block_1_27' title="bbox 1964 1598 3556 1671">
    <p class='ocr_par' dir='ltr' id='par_1_27' title="bbox 1964 1598 3556 1671">
     <span class='ocr_line' id='line_1_28' title="bbox 1964 1598 3556 1671; baseline 0.003 -18"><span class='ocrx_word' id='word_1_188' title='bbox 1964 1599 2174 1653; x_wconf 81' lang='lat' dir='ltr'><strong>ciorum</strong></span> <span class='ocrx_word' id='word_1_189' title='bbox 2225 1598 2526 1667; x_wconf 58' lang='lat' dir='ltr'><strong>foedantur,</strong></span> <span class='ocrx_word' id='word_1_190' title='bbox 2562 1600 3002 1656; x_wconf 85' lang='lat' dir='ltr'><strong>animadvertere</strong></span> <span class='ocrx_word' id='word_1_191' title='bbox 3033 1608 3252 1671; x_wconf 81' lang='lat' dir='ltr'><strong>oportet</strong></span> <span class='ocrx_word' id='word_1_192' title='bbox 3280 1602 3409 1655; x_wconf 90' lang='lat' dir='ltr'><strong>dum</strong></span> <span class='ocrx_word' id='word_1_193' title='bbox 3436 1602 3513 1656; x_wconf 87' lang='lat' dir='ltr'><strong>ait</strong></span> <span class='ocrx_word' id='word_1_194' title='bbox 3543 1622 3556 1657; x_wconf 92' lang='lat'><strong>:</strong></span> 
     </span>
    </p>
   </div>
   <div class='ocr_carea' id='block_1_28' title="bbox 1973 1690 3559 1765">
    <p class='ocr_par' dir='ltr' id='par_1_28' title="bbox 1973 1690 3559 1765">
     <span class='ocr_line' id='line_1_29' title="bbox 1973 1690 3559 1765; baseline 0.002 -19"><span class='ocrx_word' id='word_1_195' title='bbox 1973 1690 2100 1747; x_wconf 80' lang='lat' dir='ltr'><strong>Non</strong></span> <span class='ocrx_word' id='word_1_196' title='bbox 2130 1694 2382 1748; x_wconf 82' lang='lat' dir='ltr'><strong>transibit</strong></span> <span class='ocrx_word' id='word_1_197' title='bbox 2414 1694 2543 1747; x_wconf 88' lang='lat' dir='ltr'><strong>illuc</strong></span> <span class='ocrx_word' id='word_1_198' title='bbox 2573 1695 2838 1763; x_wconf 85' lang='lat' dir='ltr'><strong>impurus,</strong></span> <span class='ocrx_word' id='word_1_199' title='bbox 2878 1710 3042 1763; x_wconf 84' lang='lat' dir='ltr'><strong>neque</strong></span> <span class='ocrx_word' id='word_1_200' title='bbox 3075 1696 3180 1748; x_wconf 90' lang='lat' dir='ltr'><strong>erit</strong></span> <span class='ocrx_word' id='word_1_201' title='bbox 3214 1696 3291 1749; x_wconf 85' lang='lat' dir='ltr'><strong>ibi</strong></span> <span class='ocrx_word' id='word_1_202' title='bbox 3320 1696 3559 1765; x_wconf 77' lang='lat' dir='ltr'><strong>impuro-</strong></span> 
     </span>
    </p>
   </div>
   <div class='ocr_carea' id='block_1_29' title="bbox 260 1785 1876 1861">
    <p class='ocr_par' dir='ltr' id='par_1_29' title="bbox 260 1787 1864 1861">
     <span class='ocr_line' id='line_1_30' title="bbox 260 1787 1864 1861; baseline -0.011 -5"><span class='ocrx_word' id='word_1_203' title='bbox 260 1801 417 1858; x_wconf 83' lang='grc' dir='ltr'>οὐδὲ</span> <span class='ocrx_word' id='word_1_204' title='bbox 441 1801 612 1855; x_wconf 78' lang='grc' dir='ltr'>ἔσται</span> <span class='ocrx_word' id='word_1_205' title='bbox 646 1795 776 1851; x_wconf 80' lang='grc' dir='ltr'>ἐκεῖ</span> <span class='ocrx_word' id='word_1_206' title='bbox 803 1794 946 1861; x_wconf 81' lang='grc' dir='ltr'><strong>ὁδὸς</strong></span> <span class='ocrx_word' id='word_1_207' title='bbox 967 1792 1321 1861; x_wconf 75' lang='grc' dir='ltr'><strong>ἀκαθάρτων</strong></span> <span class='ocrx_word' id='word_1_208' title='bbox 1347 1806 1360 1820; x_wconf 89' lang='grc'><strong>·</strong></span> <span class='ocrx_word' id='word_1_209' title='bbox 1392 1792 1445 1843; x_wconf 86' lang='lat' dir='ltr'><strong>ol</strong></span> <span class='ocrx_word' id='word_1_210' title='bbox 1474 1788 1543 1841; x_wconf 81' lang='grc' dir='ltr'><em>δέ</em></span> <span class='ocrx_word' id='word_1_211' title='bbox 1578 1787 1864 1854; x_wconf 82' lang='grc' dir='ltr'>διεσπαρ-</span> 
     </span>
    </p>
   </div>
   <div class='ocr_carea' id='block_1_30' title="bbox 1965 1785 3557 1861">
    <p class='ocr_par' dir='ltr' id='par_1_30' title="bbox 1970 1785 3557 1857">
     <span class='ocr_line' id='line_1_31' title="bbox 1970 1785 3557 1857; baseline 0.002 -17"><span class='ocrx_word' id='word_1_212' title='bbox 1970 1803 2083 1840; x_wconf 88' lang='lat' dir='ltr'><strong>rum</strong></span> <span class='ocrx_word' id='word_1_213' title='bbox 2110 1786 2299 1841; x_wconf 87' lang='lat' dir='ltr'><strong>semita</strong></span> <span class='ocrx_word' id='word_1_214' title='bbox 2321 1800 2341 1850; x_wconf 87' lang='lat'><strong><em>;</em></strong></span> <span class='ocrx_word' id='word_1_215' title='bbox 2380 1785 2608 1855; x_wconf 73' lang='lat' dir='ltr'><strong>dispersi</strong></span> <span class='ocrx_word' id='word_1_216' title='bbox 2630 1795 2810 1841; x_wconf 86' lang='lat' dir='ltr'><strong>autem</strong></span> <span class='ocrx_word' id='word_1_217' title='bbox 2832 1788 2984 1841; x_wconf 84' lang='lat' dir='ltr'><strong>ibunt</strong></span> <span class='ocrx_word' id='word_1_218' title='bbox 3011 1803 3106 1857; x_wconf 84' lang='lat' dir='ltr'><strong>per</strong></span> <span class='ocrx_word' id='word_1_219' title='bbox 3129 1787 3280 1840; x_wconf 76' lang='lat' dir='ltr'><strong>illam</strong></span> <span class='ocrx_word' id='word_1_220' title='bbox 3308 1787 3379 1841; x_wconf 81' lang='lat'><strong>&quot;.</strong></span> <span class='ocrx_word' id='word_1_221' title='bbox 3412 1787 3557 1843; x_wconf 78' lang='lat' dir='ltr'><strong>Tan-</strong></span> 
     </span>
    </p>
   </div>
   <div class='ocr_carea' id='block_1_31' title="bbox 255 1877 1863 1963">
    <p class='ocr_par' dir='ltr' id='par_1_31' title="bbox 255 1877 1863 1963">
     <span class='ocr_line' id='line_1_32' title="bbox 255 1877 1863 1963; baseline -0.011 -15"><span class='ocrx_word' id='word_1_222' title='bbox 255 1894 441 1963; x_wconf 83' lang='grc' dir='ltr'>μένοι</span> <span class='ocrx_word' id='word_1_223' title='bbox 478 1890 886 1959; x_wconf 79' lang='grc' dir='ltr'><strong>πορεύσονται</strong></span> <span class='ocrx_word' id='word_1_224' title='bbox 941 1886 1036 1939; x_wconf 83' lang='grc' dir='ltr'><strong>ἐπ’</strong></span> <span class='ocrx_word' id='word_1_225' title='bbox 1092 1883 1306 1951; x_wconf 80' lang='grc' dir='ltr'>αὐτῆς.</span> <span class='ocrx_word' id='word_1_226' title='bbox 1365 1880 1526 1935; x_wconf 76' lang='grc' dir='ltr'>Οὕτω</span> <span class='ocrx_word' id='word_1_227' title='bbox 1571 1879 1629 1933; x_wconf 84' lang='grc' dir='ltr'>δὲ</span> <span class='ocrx_word' id='word_1_228' title='bbox 1691 1877 1863 1950; x_wconf 80' lang='grc' dir='ltr'>αὐτὴν</span> 
     </span>
    </p>
   </div>
   <div class='ocr_carea' id='block_1_32' title="bbox 259 1972 1865 2055">
    <p class='ocr_par' dir='ltr' id='par_1_32' title="bbox 259 1972 1865 2055">
     <span class='ocr_line' id='line_1_33' title="bbox 259 1972 1865 2055; baseline -0.008 -17"><span class='ocrx_word' id='word_1_229' title='bbox 259 1972 613 2055; x_wconf 81' lang='grc' dir='ltr'>κεκαθάρθαι</span> <span class='ocrx_word' id='word_1_230' title='bbox 652 1980 747 2035; x_wconf 76' lang='grc' dir='ltr'><strong>καὶ</strong></span> <span class='ocrx_word' id='word_1_231' title='bbox 778 1978 1045 2050; x_wconf 77' lang='grc' dir='ltr'>ήγιάσθαι</span> <span class='ocrx_word' id='word_1_232' title='bbox 1095 1978 1124 2029; x_wconf 87' lang='grc' dir='ltr'>ὁ</span> <span class='ocrx_word' id='word_1_233' title='bbox 1160 1975 1270 2039; x_wconf 76' lang='grc' dir='ltr'>τῶν</span> <span class='ocrx_word' id='word_1_234' title='bbox 1317 1973 1490 2028; x_wconf 85' lang='grc' dir='ltr'>ὲθνῶν</span> <span class='ocrx_word' id='word_1_235' title='bbox 1542 1972 1720 2044; x_wconf 69' lang='grc' dir='ltr'>κῆρυξ</span> <span class='ocrx_word' id='word_1_236' title='bbox 1759 1973 1865 2026; x_wconf 83' lang='grc' dir='ltr'><strong>ἀπ-</strong></span> 
     </span>
    </p>
   </div>
   <div class='ocr_carea' id='block_1_33' title="bbox 263 2064 1865 2147">
    <p class='ocr_par' dir='ltr' id='par_1_33' title="bbox 263 2064 1865 2147">
     <span class='ocr_line' id='line_1_34' title="bbox 263 2064 1865 2147; baseline -0.007 -17"><span class='ocrx_word' id='word_1_237' title='bbox 263 2076 637 2147; x_wconf 80' lang='grc' dir='ltr'>ισχυρίζεται,</span> <span class='ocrx_word' id='word_1_238' title='bbox 665 2073 740 2136; x_wconf 79' lang='grc' dir='ltr'><strong>ὡς</strong></span> <span class='ocrx_word' id='word_1_239' title='bbox 763 2072 861 2126; x_wconf 74' lang='grc' dir='ltr'>καὶ</span> <span class='ocrx_word' id='word_1_240' title='bbox 878 2071 1006 2125; x_wconf 73' lang='grc' dir='ltr'>ναὸν</span> <span class='ocrx_word' id='word_1_241' title='bbox 1030 2070 1167 2123; x_wconf 82' lang='grc' dir='ltr'>Θεοῦ</span> <span class='ocrx_word' id='word_1_242' title='bbox 1196 2069 1292 2123; x_wconf 79' lang='grc' dir='ltr'>καὶ</span> <span class='ocrx_word' id='word_1_243' title='bbox 1318 2064 1471 2121; x_wconf 78' lang='grc' dir='ltr'>οἷκον</span> <span class='ocrx_word' id='word_1_244' title='bbox 1498 2065 1865 2138; x_wconf 78' lang='grc' dir='ltr'>χρηματίζειν</span> 
     </span>
    </p>
   </div>
   <div class='ocr_carea' id='block_1_34' title="bbox 260 2157 1865 2234">
    <p class='ocr_par' dir='ltr' id='par_1_34' title="bbox 260 2157 1865 2234">
     <span class='ocr_line' id='line_1_35' title="bbox 260 2157 1865 2234; baseline -0.011 -12"><span class='ocrx_word' id='word_1_245' title='bbox 260 2166 411 2221; x_wconf 83' lang='grc' dir='ltr'>Θεοῦ</span> <span class='ocrx_word' id='word_1_246' title='bbox 435 2208 450 2231; x_wconf 95' lang='grc'><strong>,</strong></span> <span class='ocrx_word' id='word_1_247' title='bbox 482 2168 578 2219; x_wconf 77' lang='grc' dir='ltr'>καὶ</span> <span class='ocrx_word' id='word_1_248' title='bbox 605 2164 667 2218; x_wconf 84' lang='grc' dir='ltr'><strong>τὸ</strong></span> <span class='ocrx_word' id='word_1_249' title='bbox 701 2162 927 2234; x_wconf 85' lang='grc' dir='ltr'>Πνεῦμα</span> <span class='ocrx_word' id='word_1_250' title='bbox 962 2160 1130 2215; x_wconf 81' lang='grc' dir='ltr'>αὑτοῦ</span> <span class='ocrx_word' id='word_1_251' title='bbox 1160 2162 1334 2213; x_wconf 78' lang='grc' dir='ltr'>οἰκεῖν</span> <span class='ocrx_word' id='word_1_252' title='bbox 1379 2160 1437 2213; x_wconf 82' lang='grc' dir='ltr'>ὲν</span> <span class='ocrx_word' id='word_1_253' title='bbox 1465 2158 1654 2222; x_wconf 81' lang='grc' dir='ltr'>αὐτοῖς</span> <span class='ocrx_word' id='word_1_254' title='bbox 1682 2175 1695 2192; x_wconf 78' lang='grc' dir='ltr'><strong><em>ο</em></strong></span> <span class='ocrx_word' id='word_1_255' title='bbox 1716 2157 1865 2229; x_wconf 58' lang='grc' dir='ltr'>φησὶ</span> 
     </span>
    </p>
   </div>
   <div class='ocr_carea' id='block_1_35' title="bbox 259 2251 1861 2331">
    <p class='ocr_par' dir='ltr' id='par_1_35' title="bbox 259 2251 1861 2331">
     <span class='ocr_line' id='line_1_36' title="bbox 259 2251 1861 2331; baseline -0.009 -15"><span class='ocrx_word' id='word_1_256' title='bbox 259 2261 425 2331; x_wconf 70' lang='grc' dir='ltr'>γοῦνο</span> <span class='ocrx_word' id='word_1_257' title='bbox 452 2260 651 2325; x_wconf 85' lang='grc' dir='ltr'><strong>Οὕτως</strong></span> <span class='ocrx_word' id='word_1_258' title='bbox 675 2261 708 2312; x_wconf 87' lang='grc' dir='ltr'><em>ὀ</em></span> <span class='ocrx_word' id='word_1_259' title='bbox 731 2255 990 2325; x_wconf 83' lang='grc' dir='ltr'>Χριστὸς</span> <span class='ocrx_word' id='word_1_260' title='bbox 1014 2253 1297 2323; x_wconf 75' lang='grc' dir='ltr'><strong>ἠγάπησε</strong></span> <span class='ocrx_word' id='word_1_261' title='bbox 1314 2252 1429 2321; x_wconf 81' lang='grc' dir='ltr'><strong>τὴν</strong></span> <span class='ocrx_word' id='word_1_262' title='bbox 1465 2251 1861 2320; x_wconf 71' lang='grc' dir='ltr'>Ἐκκλησίαν,</span> 
     </span>
    </p>
   </div>
   <div class='ocr_carea' id='block_1_36' title="bbox 258 2343 1863 2420">
    <p class='ocr_par' dir='ltr' id='par_1_36' title="bbox 258 2343 1863 2420">
     <span class='ocr_line' id='line_1_37' title="bbox 258 2343 1863 2420; baseline -0.007 -12"><span class='ocrx_word' id='word_1_263' title='bbox 258 2352 371 2408; x_wconf 76' lang='grc' dir='ltr'><strong>καὶ</strong></span> <span class='ocrx_word' id='word_1_264' title='bbox 397 2351 615 2406; x_wconf 76' lang='grc' dir='ltr'>ἑαυτὸν</span> <span class='ocrx_word' id='word_1_265' title='bbox 638 2349 864 2403; x_wconf 77' lang='grc' dir='ltr'>ἔδωκεν</span> <span class='ocrx_word' id='word_1_266' title='bbox 884 2346 1037 2415; x_wconf 80' lang='grc' dir='ltr'><strong>ὑπὲρ</strong></span> <span class='ocrx_word' id='word_1_267' title='bbox 1060 2345 1273 2414; x_wconf 80' lang='grc' dir='ltr'>αὐτῆς,</span> <span class='ocrx_word' id='word_1_268' title='bbox 1298 2346 1400 2398; x_wconf 76' lang='grc' dir='ltr'><strong>ἵνα</strong></span> <span class='ocrx_word' id='word_1_269' title='bbox 1419 2344 1618 2412; x_wconf 75' lang='grc' dir='ltr'>αὐτὴν</span> <span class='ocrx_word' id='word_1_270' title='bbox 1638 2343 1863 2420; x_wconf 74' lang='grc' dir='ltr'>ἁγιάσῃ</span> 
     </span>
    </p>
   </div>
   <div class='ocr_carea' id='block_1_37' title="bbox 262 2438 1862 2514">
    <p class='ocr_par' dir='ltr' id='par_1_37' title="bbox 262 2438 1862 2514">
     <span class='ocr_line' id='line_1_38' title="bbox 262 2438 1862 2514; baseline -0.006 -14"><span class='ocrx_word' id='word_1_271' title='bbox 262 2446 602 2514; x_wconf 81' lang='grc' dir='ltr'>καθαρίσας</span> <span class='ocrx_word' id='word_1_272' title='bbox 621 2443 702 2509; x_wconf 83' lang='grc' dir='ltr'>τῷ</span> <span class='ocrx_word' id='word_1_273' title='bbox 728 2441 966 2510; x_wconf 72' lang='grc' dir='ltr'>λουτρῷ</span> <span class='ocrx_word' id='word_1_274' title='bbox 994 2441 1102 2494; x_wconf 88' lang='grc' dir='ltr'><strong>τοῦ</strong></span> <span class='ocrx_word' id='word_1_275' title='bbox 1126 2439 1347 2503; x_wconf 84' lang='grc' dir='ltr'>ὕδατος</span> <span class='ocrx_word' id='word_1_276' title='bbox 1372 2438 1442 2491; x_wconf 85' lang='grc' dir='ltr'><strong>ἑν</strong></span> <span class='ocrx_word' id='word_1_277' title='bbox 1464 2438 1685 2506; x_wconf 71' lang='grc' dir='ltr'>ῥήματι</span> <span class='ocrx_word' id='word_1_278' title='bbox 1711 2478 1725 2502; x_wconf 92' lang='grc'><strong>,</strong></span> <span class='ocrx_word' id='word_1_279' title='bbox 1762 2439 1862 2491; x_wconf 78' lang='grc' dir='ltr'>καὶ</span> 
     </span>
    </p>
   </div>
   <div class='ocr_carea' id='block_1_38' title="bbox 261 2530 1863 2606">
    <p class='ocr_par' dir='ltr' id='par_1_38' title="bbox 261 2530 1863 2606">
     <span class='ocr_line' id='line_1_39' title="bbox 261 2530 1863 2606; baseline -0.006 -14"><span class='ocrx_word' id='word_1_280' title='bbox 261 2539 375 2593; x_wconf 80' lang='grc' dir='ltr'><strong>ἵνα</strong></span> <span class='ocrx_word' id='word_1_281' title='bbox 400 2534 769 2606; x_wconf 77' lang='grc' dir='ltr'>παραστήσῃ</span> <span class='ocrx_word' id='word_1_282' title='bbox 800 2534 998 2602; x_wconf 78' lang='grc' dir='ltr'>αὐτὴν</span> <span class='ocrx_word' id='word_1_283' title='bbox 1034 2530 1230 2597; x_wconf 78' lang='grc' dir='ltr'><strong>ἐαυτῷ</strong></span> <span class='ocrx_word' id='word_1_284' title='bbox 1268 2530 1547 2596; x_wconf 82' lang='grc' dir='ltr'>ἔνδοξον,</span> <span class='ocrx_word' id='word_1_285' title='bbox 1568 2530 1656 2599; x_wconf 74' lang='grc' dir='ltr'>μὴ</span> <span class='ocrx_word' id='word_1_286' title='bbox 1689 2532 1863 2599; x_wconf 82' lang='grc' dir='ltr'>ἔχου-</span> 
     </span>
    </p>
   </div>
   <div class='ocr_carea' id='block_1_39' title="bbox 262 2620 1863 2693">
    <p class='ocr_par' dir='ltr' id='par_1_39' title="bbox 262 2620 1863 2693">
     <span class='ocr_line' id='line_1_40' title="bbox 262 2620 1863 2693; baseline -0.004 -12"><span class='ocrx_word' id='word_1_287' title='bbox 262 2643 395 2683; x_wconf 86' lang='grc' dir='ltr'><strong>σαν</strong></span> <span class='ocrx_word' id='word_1_288' title='bbox 428 2626 678 2690; x_wconf 75' lang='grc' dir='ltr'>σπῖλον,</span> <span class='ocrx_word' id='word_1_289' title='bbox 712 2625 751 2693; x_wconf 76' lang='grc' dir='ltr'><strong>ἢ</strong></span> <span class='ocrx_word' id='word_1_290' title='bbox 777 2624 1017 2692; x_wconf 77' lang='grc' dir='ltr'><strong>ῥυτίδα,</strong></span> <span class='ocrx_word' id='word_1_291' title='bbox 1064 2622 1103 2690; x_wconf 80' lang='grc' dir='ltr'><em>ἧ</em></span> <span class='ocrx_word' id='word_1_292' title='bbox 1129 2639 1181 2675; x_wconf 90' lang='grc' dir='ltr'><strong>τι</strong></span> <span class='ocrx_word' id='word_1_293' title='bbox 1205 2621 1324 2675; x_wconf 85' lang='grc' dir='ltr'><strong>τῶν</strong></span> <span class='ocrx_word' id='word_1_294' title='bbox 1367 2624 1674 2685; x_wconf 80' lang='grc' dir='ltr'>τοιούτων,</span> <span class='ocrx_word' id='word_1_295' title='bbox 1722 2620 1863 2675; x_wconf 74' lang='grc' dir='ltr'><em>ἀλλ’</em></span> 
     </span>
    </p>
   </div>
   <div class='ocr_carea' id='block_1_40' title="bbox 261 2712 1865 2793">
    <p class='ocr_par' dir='ltr' id='par_1_40' title="bbox 261 2712 1865 2793">
     <span class='ocr_line' id='line_1_41' title="bbox 261 2712 1865 2793; baseline 0.001 -26"><span class='ocrx_word' id='word_1_296' title='bbox 261 2718 373 2773; x_wconf 75' lang='grc' dir='ltr'><strong>ἵνα</strong></span> <span class='ocrx_word' id='word_1_297' title='bbox 398 2713 439 2790; x_wconf 82' lang='grc' dir='ltr'><em>ᾖ</em></span> <span class='ocrx_word' id='word_1_298' title='bbox 462 2717 600 2787; x_wconf 78' lang='grc' dir='ltr'>ἁγία</span> <span class='ocrx_word' id='word_1_299' title='bbox 625 2716 723 2771; x_wconf 81' lang='grc' dir='ltr'>καὶ</span> <span class='ocrx_word' id='word_1_300' title='bbox 754 2716 1017 2793; x_wconf 77' lang='grc' dir='ltr'><strong>ἄμωμος.</strong></span> <span class='ocrx_word' id='word_1_301' title='bbox 1055 2716 1164 2767; x_wconf 74' lang='grc' dir='ltr'><strong>Καὶ</strong></span> <span class='ocrx_word' id='word_1_302' title='bbox 1199 2712 1432 2783; x_wconf 76' lang='grc' dir='ltr'>ἑτέρωθι</span> <span class='ocrx_word' id='word_1_303' title='bbox 1453 2729 1467 2742; x_wconf 74' lang='grc' dir='ltr'><strong>ο</strong></span> <span class='ocrx_word' id='word_1_304' title='bbox 1495 2713 1605 2766; x_wconf 80' lang='grc' dir='ltr'><strong>Καὶ</strong></span> <span class='ocrx_word' id='word_1_305' title='bbox 1637 2713 1865 2769; x_wconf 78' lang='grc' dir='ltr'>ἔδωκεν</span> 
     </span>
    </p>
   </div>
   <div class='ocr_carea' id='block_1_41' title="bbox 259 2800 1862 2879">
    <p class='ocr_par' dir='ltr' id='par_1_41' title="bbox 259 2800 1862 2879">
     <span class='ocr_line' id='line_1_42' title="bbox 259 2800 1862 2879; baseline -0.004 -12"><span class='ocrx_word' id='word_1_306' title='bbox 259 2810 494 2867; x_wconf 81' lang='grc' dir='ltr'>ἑαυτὸν</span> <span class='ocrx_word' id='word_1_307' title='bbox 537 2809 690 2878; x_wconf 79' lang='grc' dir='ltr'>ὑπὲρ</span> <span class='ocrx_word' id='word_1_308' title='bbox 738 2800 929 2879; x_wconf 65' lang='grc' dir='ltr'>ἡμῶν,</span> <span class='ocrx_word' id='word_1_309' title='bbox 972 2809 1075 2861; x_wconf 79' lang='grc' dir='ltr'>ἵνα</span> <span class='ocrx_word' id='word_1_310' title='bbox 1105 2807 1489 2875; x_wconf 78' lang='grc' dir='ltr'>λυτρώσηται</span> <span class='ocrx_word' id='word_1_311' title='bbox 1534 2804 1694 2875; x_wconf 77' lang='grc' dir='ltr'><strong>ἡμᾶς</strong></span> <span class='ocrx_word' id='word_1_312' title='bbox 1739 2807 1862 2861; x_wconf 79' lang='grc' dir='ltr'><strong>ἀπὸ</strong></span> 
     </span>
    </p>
   </div>
   <div class='ocr_carea' id='block_1_42' title="bbox 261 2898 1864 2972">
    <p class='ocr_par' dir='ltr' id='par_1_42' title="bbox 261 2898 1864 2972">
     <span class='ocr_line' id='line_1_43' title="bbox 261 2898 1864 2972; baseline -0.003 -15"><span class='ocrx_word' id='word_1_313' title='bbox 261 2903 478 2972; x_wconf 77' lang='grc' dir='ltr'>πάσης</span> <span class='ocrx_word' id='word_1_314' title='bbox 504 2904 796 2972; x_wconf 77' lang='grc' dir='ltr'><strong>ἀνομίας,</strong></span> <span class='ocrx_word' id='word_1_315' title='bbox 843 2902 943 2955; x_wconf 78' lang='grc' dir='ltr'>καὶ</span> <span class='ocrx_word' id='word_1_316' title='bbox 978 2902 1276 2968; x_wconf 73' lang='grc' dir='ltr'>καθιρίσῃ</span> <span class='ocrx_word' id='word_1_317' title='bbox 1326 2898 1520 2964; x_wconf 83' lang='grc' dir='ltr'>ἐαυτῷ</span> <span class='ocrx_word' id='word_1_318' title='bbox 1560 2900 1718 2953; x_wconf 76' lang='grc' dir='ltr'>λαὸν</span> <span class='ocrx_word' id='word_1_319' title='bbox 1758 2917 1864 2953; x_wconf 81' lang='grc' dir='ltr'>πε-</span> 
     </span>
    </p>
   </div>
   <div class='ocr_carea' id='block_1_43' title="bbox 252 2989 1861 3064">
    <p class='ocr_par' dir='ltr' id='par_1_43' title="bbox 252 2989 1861 3064">
     <span class='ocr_line' id='line_1_44' title="bbox 252 2989 1861 3064; baseline -0.004 -16"><span class='ocrx_word' id='word_1_320' title='bbox 252 2995 543 3064; x_wconf 80' lang='grc' dir='ltr'>ριούσιον</span> <span class='ocrx_word' id='word_1_321' title='bbox 575 2991 848 3060; x_wconf 70' lang='grc' dir='ltr'>ὥιλωτὴν</span> <span class='ocrx_word' id='word_1_322' title='bbox 875 2991 1083 3047; x_wconf 78' lang='grc' dir='ltr'>καλῶν</span> <span class='ocrx_word' id='word_1_323' title='bbox 1115 2990 1324 3060; x_wconf 75' lang='grc' dir='ltr'>ἔργων.</span> <span class='ocrx_word' id='word_1_324' title='bbox 1356 2991 1466 3043; x_wconf 86' lang='grc' dir='ltr'><strong>Καί</strong></span> <span class='ocrx_word' id='word_1_325' title='bbox 1497 3007 1510 3020; x_wconf 75' lang='grc' dir='ltr'><strong><em>ο</em></strong></span> <span class='ocrx_word' id='word_1_326' title='bbox 1533 2989 1596 3042; x_wconf 88' lang='lat'><strong>&#39;0</strong></span> <span class='ocrx_word' id='word_1_327' title='bbox 1623 2990 1861 3058; x_wconf 62' lang='lat' dir='ltr'><strong>ere/pag</strong></span> 
     </span>
    </p>
   </div>
   <div class='ocr_carea' id='block_1_44' title="bbox 262 3082 1861 3155">
    <p class='ocr_par' dir='ltr' id='par_1_44' title="bbox 262 3082 1861 3155">
     <span class='ocr_line' id='line_1_45' title="bbox 262 3082 1861 3155; baseline -0.001 -16"><span class='ocrx_word' id='word_1_328' title='bbox 262 3086 380 3141; x_wconf 81' lang='grc' dir='ltr'>τὸν</span> <span class='ocrx_word' id='word_1_329' title='bbox 413 3086 674 3155; x_wconf 83' lang='grc' dir='ltr'>Χριστὸν</span> <span class='ocrx_word' id='word_1_330' title='bbox 693 3085 760 3139; x_wconf 79' lang='grc' dir='ltr'>ἐκ</span> <span class='ocrx_word' id='word_1_331' title='bbox 777 3083 1030 3153; x_wconf 79' lang='grc' dir='ltr'>νεκρῶν,</span> <span class='ocrx_word' id='word_1_332' title='bbox 1067 3082 1420 3148; x_wconf 78' lang='grc' dir='ltr'><strong>ζωοποιήσει</strong></span> <span class='ocrx_word' id='word_1_333' title='bbox 1450 3083 1549 3136; x_wconf 74' lang='grc' dir='ltr'>καὶ</span> <span class='ocrx_word' id='word_1_334' title='bbox 1574 3084 1645 3136; x_wconf 80' lang='grc' dir='ltr'>τὰ</span> <span class='ocrx_word' id='word_1_335' title='bbox 1672 3086 1861 3149; x_wconf 83' lang='grc' dir='ltr'>θνητὰ</span> 
     </span>
    </p>
   </div>
   <div class='ocr_carea' id='block_1_45' title="bbox 260 3175 1859 3249">
    <p class='ocr_par' dir='ltr' id='par_1_45' title="bbox 260 3175 1859 3249">
     <span class='ocr_line' id='line_1_46' title="bbox 260 3175 1859 3249; baseline -0.001 -17"><span class='ocrx_word' id='word_1_336' title='bbox 260 3180 519 3248; x_wconf 81' lang='grc' dir='ltr'>σώματα</span> <span class='ocrx_word' id='word_1_337' title='bbox 548 3179 735 3249; x_wconf 80' lang='grc' dir='ltr'>ὑμῶν,</span> <span class='ocrx_word' id='word_1_338' title='bbox 761 3178 861 3232; x_wconf 85' lang='grc' dir='ltr'>διὰ</span> <span class='ocrx_word' id='word_1_339' title='bbox 883 3176 988 3231; x_wconf 85' lang='grc' dir='ltr'><strong>τοῦ</strong></span> <span class='ocrx_word' id='word_1_340' title='bbox 1006 3176 1393 3242; x_wconf 78' lang='grc' dir='ltr'>ἐνοικοῦντος</span> <span class='ocrx_word' id='word_1_341' title='bbox 1416 3176 1488 3228; x_wconf 84' lang='grc' dir='ltr'><strong>ἐν</strong></span> <span class='ocrx_word' id='word_1_342' title='bbox 1508 3175 1651 3245; x_wconf 79' lang='grc' dir='ltr'>ὑμῖν</span> <span class='ocrx_word' id='word_1_343' title='bbox 1681 3179 1859 3230; x_wconf 69' lang='lat' dir='ltr'><strong>{Iret}-</strong></span> 
     </span>
    </p>
   </div>
   <div class='ocr_carea' id='block_1_46' title="bbox 252 3268 1863 3352">
    <p class='ocr_par' dir='ltr' id='par_1_46' title="bbox 252 3268 1863 3352">
     <span class='ocr_line' id='line_1_47' title="bbox 252 3268 1863 3352; baseline -0.004 -25"><span class='ocrx_word' id='word_1_344' title='bbox 252 3288 475 3341; x_wconf 79' lang='grc' dir='ltr'>ματος.</span> <span class='ocrx_word' id='word_1_345' title='bbox 502 3270 625 3352; x_wconf 63' lang='lat' dir='ltr'><strong>)(ai</strong></span> <span class='ocrx_word' id='word_1_346' title='bbox 652 3288 666 3302; x_wconf 78' lang='grc' dir='ltr'><strong>ο</strong></span> <span class='ocrx_word' id='word_1_347' title='bbox 697 3270 924 3338; x_wconf 78' lang='grc' dir='ltr'><em>Μωσῆς</em></span> <span class='ocrx_word' id='word_1_348' title='bbox 950 3269 1070 3338; x_wconf 88' lang='grc' dir='ltr'><strong>μὲν</strong></span> <span class='ocrx_word' id='word_1_349' title='bbox 1096 3268 1315 3335; x_wconf 81' lang='grc' dir='ltr'>πιστὸς</span> <span class='ocrx_word' id='word_1_350' title='bbox 1340 3270 1411 3323; x_wconf 82' lang='grc' dir='ltr'><strong>ὲν</strong></span> <span class='ocrx_word' id='word_1_351' title='bbox 1431 3269 1552 3333; x_wconf 78' lang='grc' dir='ltr'><strong>ὅλῳ</strong></span> <span class='ocrx_word' id='word_1_352' title='bbox 1583 3268 1665 3334; x_wconf 87' lang='grc' dir='ltr'>τῷ</span> <span class='ocrx_word' id='word_1_353' title='bbox 1717 3269 1863 3334; x_wconf 72' lang='grc' dir='ltr'>οἴιιῳ</span> 
     </span>
    </p>
   </div>
   <div class='ocr_carea' id='block_1_47' title="bbox 258 3361 1863 3432">
    <p class='ocr_par' dir='ltr' id='par_1_47' title="bbox 258 3361 1863 3432">
     <span class='ocr_line' id='line_1_48' title="bbox 258 3361 1863 3432; baseline -0.001 -15"><span class='ocrx_word' id='word_1_354' title='bbox 258 3365 458 3420; x_wconf 84' lang='grc' dir='ltr'>αὐτοῦ</span> <span class='ocrx_word' id='word_1_355' title='bbox 487 3365 566 3430; x_wconf 84' lang='grc' dir='ltr'><strong>ὡς</strong></span> <span class='ocrx_word' id='word_1_356' title='bbox 596 3364 872 3432; x_wconf 75' lang='grc' dir='ltr'>θεράπων</span> <span class='ocrx_word' id='word_1_357' title='bbox 892 3366 979 3428; x_wconf 88' lang='grc' dir='ltr'><strong>εὶς</strong></span> <span class='ocrx_word' id='word_1_358' title='bbox 1001 3363 1335 3431; x_wconf 80' lang='grc' dir='ltr'>μαρτύριον</span> <span class='ocrx_word' id='word_1_359' title='bbox 1360 3361 1479 3415; x_wconf 87' lang='grc' dir='ltr'>τῶν</span> <span class='ocrx_word' id='word_1_360' title='bbox 1516 3365 1863 3430; x_wconf 77' lang='grc' dir='ltr'>λαληθησο-</span> 
     </span>
    </p>
   </div>
   <div class='ocr_carea' id='block_1_48' title="bbox 253 3448 1858 3527">
    <p class='ocr_par' dir='ltr' id='par_1_48' title="bbox 253 3448 1858 3527">
     <span class='ocr_line' id='line_1_49' title="bbox 253 3448 1858 3527; baseline -0.001 -18"><span class='ocrx_word' id='word_1_361' title='bbox 253 3454 472 3527; x_wconf 67' lang='grc' dir='ltr'><em>μένων</em></span> <span class='ocrx_word' id='word_1_362' title='bbox 497 3471 509 3485; x_wconf 67' lang='grc'><strong><em>⁸</em></strong></span> <span class='ocrx_word' id='word_1_363' title='bbox 533 3454 788 3524; x_wconf 80' lang='grc' dir='ltr'>Χριστὸς</span> <span class='ocrx_word' id='word_1_364' title='bbox 815 3454 885 3507; x_wconf 86' lang='grc' dir='ltr'>δὲ</span> <span class='ocrx_word' id='word_1_365' title='bbox 917 3454 998 3519; x_wconf 83' lang='grc' dir='ltr'><strong>ὡς</strong></span> <span class='ocrx_word' id='word_1_366' title='bbox 1022 3452 1153 3518; x_wconf 69' lang='grc' dir='ltr'><strong>υἱὸς</strong></span> <span class='ocrx_word' id='word_1_367' title='bbox 1184 3453 1279 3507; x_wconf 76' lang='grc' dir='ltr'><strong>ἐπὶ</strong></span> <span class='ocrx_word' id='word_1_368' title='bbox 1314 3451 1424 3505; x_wconf 79' lang='grc' dir='ltr'>τὸν</span> <span class='ocrx_word' id='word_1_369' title='bbox 1453 3448 1625 3506; x_wconf 78' lang='grc' dir='ltr'>οἶκον</span> <span class='ocrx_word' id='word_1_370' title='bbox 1648 3453 1858 3517; x_wconf 81' lang='grc' dir='ltr'>αὑτοῦ,</span> 
     </span>
    </p>
   </div>
   <div class='ocr_carea' id='block_1_49' title="bbox 260 3542 1860 3616">
    <p class='ocr_par' dir='ltr' id='par_1_49' title="bbox 260 3542 1860 3616">
     <span class='ocr_line' id='line_1_50' title="bbox 260 3542 1860 3616; baseline -0.003 -13"><span class='ocrx_word' id='word_1_371' title='bbox 260 3542 342 3604; x_wconf 83' lang='grc' dir='ltr'><strong>οῦ</strong></span> <span class='ocrx_word' id='word_1_372' title='bbox 378 3543 547 3614; x_wconf 76' lang='grc' dir='ltr'>οἶκός</span> <span class='ocrx_word' id='word_1_373' title='bbox 576 3547 767 3616; x_wconf 76' lang='grc' dir='ltr'>ἐσμεν</span> <span class='ocrx_word' id='word_1_374' title='bbox 798 3544 994 3615; x_wconf 76' lang='grc' dir='ltr'>ἡμεῖς.</span> <span class='ocrx_word' id='word_1_375' title='bbox 1029 3545 1141 3598; x_wconf 76' lang='grc' dir='ltr'><strong>Καὶ</strong></span> <span class='ocrx_word' id='word_1_376' title='bbox 1169 3544 1457 3613; x_wconf 79' lang='grc' dir='ltr'>ἀλλαχόθι·</span> <span class='ocrx_word' id='word_1_377' title='bbox 1506 3547 1627 3598; x_wconf 76' lang='grc' dir='ltr'><strong>Οὐκ</strong></span> <span class='ocrx_word' id='word_1_378' title='bbox 1656 3544 1860 3599; x_wconf 80' lang='grc' dir='ltr'>οἴδατε</span> 
     </span>
    </p>
   </div>
   <div class='ocr_carea' id='block_1_50' title="bbox 261 3635 1859 3707">
    <p class='ocr_par' dir='ltr' id='par_1_50' title="bbox 261 3635 1859 3707">
     <span class='ocr_line' id='line_1_51' title="bbox 261 3635 1859 3707; baseline 0 -15"><span class='ocrx_word' id='word_1_379' title='bbox 261 3638 359 3692; x_wconf 79' lang='grc' dir='ltr'>ὅτι</span> <span class='ocrx_word' id='word_1_380' title='bbox 389 3638 531 3704; x_wconf 75' lang='grc' dir='ltr'><strong>ναρς</strong></span> <span class='ocrx_word' id='word_1_381' title='bbox 579 3637 728 3691; x_wconf 86' lang='grc' dir='ltr'>Θεοῦ</span> <span class='ocrx_word' id='word_1_382' title='bbox 759 3638 920 3701; x_wconf 87' lang='grc' dir='ltr'>ἐστε,</span> <span class='ocrx_word' id='word_1_383' title='bbox 959 3635 1150 3691; x_wconf 76' lang='grc' dir='ltr'>καὶτὸ</span> <span class='ocrx_word' id='word_1_384' title='bbox 1180 3637 1423 3707; x_wconf 81' lang='grc' dir='ltr'>Πνεῦμα</span> <span class='ocrx_word' id='word_1_385' title='bbox 1455 3638 1563 3692; x_wconf 86' lang='grc' dir='ltr'><strong>τοῦ</strong></span> <span class='ocrx_word' id='word_1_386' title='bbox 1594 3639 1745 3692; x_wconf 82' lang='grc' dir='ltr'>Θεοῦ</span> <span class='ocrx_word' id='word_1_387' title='bbox 1774 3642 1859 3693; x_wconf 76' lang='grc' dir='ltr'>οι-</span> 
     </span>
    </p>
   </div>
   <div class='ocr_carea' id='block_1_51' title="bbox 260 3718 1857 3801">
    <p class='ocr_par' dir='ltr' id='par_1_51' title="bbox 260 3718 1857 3801">
     <span class='ocr_line' id='line_1_52' title="bbox 260 3718 1857 3801; baseline -0.001 -16"><span class='ocrx_word' id='word_1_388' title='bbox 260 3718 462 3785; x_wconf 4' lang='grc' dir='ltr'>κεῖθεν</span> <span class='ocrx_word' id='word_1_389' title='bbox 500 3729 645 3798; x_wconf 81' lang='grc' dir='ltr'>ὑμῖν</span> <span class='ocrx_word' id='word_1_390' title='bbox 664 3730 779 3795; x_wconf 81' lang='grc' dir='ltr'><strong>;Εἷ</strong></span> <span class='ocrx_word' id='word_1_391' title='bbox 806 3747 897 3794; x_wconf 84' lang='grc' dir='ltr'>τις</span> <span class='ocrx_word' id='word_1_392' title='bbox 946 3728 1056 3785; x_wconf 85' lang='grc' dir='ltr'><strong>τὸν</strong></span> <span class='ocrx_word' id='word_1_393' title='bbox 1085 3731 1240 3785; x_wconf 83' lang='grc' dir='ltr'>ναὸν</span> <span class='ocrx_word' id='word_1_394' title='bbox 1273 3732 1381 3785; x_wconf 87' lang='grc' dir='ltr'><strong>τοῦ</strong></span> <span class='ocrx_word' id='word_1_395' title='bbox 1418 3731 1568 3786; x_wconf 84' lang='grc' dir='ltr'>Θεοῦ</span> <span class='ocrx_word' id='word_1_396' title='bbox 1600 3733 1857 3801; x_wconf 66' lang='grc' dir='ltr'>φθείρει,</span> 
     </span>
    </p>
   </div>
   <div class='ocr_carea' id='block_1_52' title="bbox 258 3823 1862 3895">
    <p class='ocr_par' dir='ltr' id='par_1_52' title="bbox 258 3823 1862 3895">
     <span class='ocr_line' id='line_1_53' title="bbox 258 3823 1862 3895; baseline 0.002 -18"><span class='ocrx_word' id='word_1_397' title='bbox 258 3825 482 3893; x_wconf 72' lang='grc' dir='ltr'>φθείρῃ</span> <span class='ocrx_word' id='word_1_398' title='bbox 505 3824 723 3878; x_wconf 88' lang='grc' dir='ltr'>τοῦτον</span> <span class='ocrx_word' id='word_1_399' title='bbox 744 3826 778 3878; x_wconf 85' lang='grc' dir='ltr'><em>ό</em></span> <span class='ocrx_word' id='word_1_400' title='bbox 807 3823 952 3890; x_wconf 84' lang='grc' dir='ltr'>Θεός</span> <span class='ocrx_word' id='word_1_401' title='bbox 973 3839 988 3854; x_wconf 75' lang='grc' dir='ltr'><strong>ο</strong></span> <span class='ocrx_word' id='word_1_402' title='bbox 1012 3826 1045 3877; x_wconf 84' lang='grc' dir='ltr'><em>ό</em></span> <span class='ocrx_word' id='word_1_403' title='bbox 1068 3825 1177 3893; x_wconf 78' lang='grc' dir='ltr'>γὰρ</span> <span class='ocrx_word' id='word_1_404' title='bbox 1204 3824 1350 3891; x_wconf 80' lang='grc' dir='ltr'><strong>ναὸς</strong></span> <span class='ocrx_word' id='word_1_405' title='bbox 1376 3825 1485 3879; x_wconf 89' lang='grc' dir='ltr'><strong>τοῦ</strong></span> <span class='ocrx_word' id='word_1_406' title='bbox 1512 3825 1660 3880; x_wconf 86' lang='grc' dir='ltr'>Θεοῦ</span> <span class='ocrx_word' id='word_1_407' title='bbox 1694 3826 1862 3895; x_wconf 80' lang='grc' dir='ltr'>ἅγιός</span> 
     </span>
    </p>
   </div>
   <div class='ocr_carea' id='block_1_53' title="bbox 260 3917 1861 3985">
    <p class='ocr_par' dir='ltr' id='par_1_53' title="bbox 260 3917 1861 3985">
     <span class='ocr_line' id='line_1_54' title="bbox 260 3917 1861 3985; baseline 0.002 -16"><span class='ocrx_word' id='word_1_408' title='bbox 260 3917 467 3981; x_wconf 79' lang='grc' dir='ltr'>ἐστιν,</span> <span class='ocrx_word' id='word_1_409' title='bbox 493 3918 715 3984; x_wconf 82' lang='grc' dir='ltr'>οἵτινές</span> <span class='ocrx_word' id='word_1_410' title='bbox 741 3918 883 3971; x_wconf 85' lang='grc' dir='ltr'>ἐστε</span> <span class='ocrx_word' id='word_1_411' title='bbox 930 3917 1124 3985; x_wconf 81' lang='grc' dir='ltr'>ὑμεῖς.</span> <span class='ocrx_word' id='word_1_412' title='bbox 1152 3918 1263 3972; x_wconf 82' lang='grc' dir='ltr'><strong>Καὶ</strong></span> <span class='ocrx_word' id='word_1_413' title='bbox 1297 3919 1488 3973; x_wconf 81' lang='grc' dir='ltr'>πάλιν·</span> <span class='ocrx_word' id='word_1_414' title='bbox 1529 3921 1605 3974; x_wconf 88' lang='grc' dir='ltr'><em>’Ἠ</em></span> <span class='ocrx_word' id='word_1_415' title='bbox 1630 3921 1743 3974; x_wconf 82' lang='grc' dir='ltr'>οὐκ</span> <span class='ocrx_word' id='word_1_416' title='bbox 1772 3919 1861 3973; x_wconf 83' lang='grc' dir='ltr'>οι-</span> 
     </span>
    </p>
   </div>
   <div class='ocr_carea' id='block_1_54' title="bbox 259 4007 1860 4082">
    <p class='ocr_par' dir='ltr' id='par_1_54' title="bbox 259 4007 1860 4082">
     <span class='ocr_line' id='line_1_55' title="bbox 259 4007 1860 4082; baseline 0.002 -19"><span class='ocrx_word' id='word_1_417' title='bbox 259 4009 414 4063; x_wconf 80' lang='grc' dir='ltr'>δατε</span> <span class='ocrx_word' id='word_1_418' title='bbox 441 4009 531 4061; x_wconf 79' lang='grc' dir='ltr'>ὅτι</span> <span class='ocrx_word' id='word_1_419' title='bbox 564 4010 634 4063; x_wconf 85' lang='grc' dir='ltr'>τὰ</span> <span class='ocrx_word' id='word_1_420' title='bbox 660 4008 906 4076; x_wconf 81' lang='grc' dir='ltr'>σώματα</span> <span class='ocrx_word' id='word_1_421' title='bbox 930 4007 1100 4078; x_wconf 84' lang='grc' dir='ltr'>ὑμῶν</span> <span class='ocrx_word' id='word_1_422' title='bbox 1118 4009 1267 4076; x_wconf 84' lang='grc' dir='ltr'>ναὸς</span> <span class='ocrx_word' id='word_1_423' title='bbox 1294 4010 1400 4065; x_wconf 88' lang='grc' dir='ltr'><strong>τοῦ</strong></span> <span class='ocrx_word' id='word_1_424' title='bbox 1420 4011 1490 4065; x_wconf 87' lang='grc' dir='ltr'><strong>ἐν</strong></span> <span class='ocrx_word' id='word_1_425' title='bbox 1511 4010 1653 4081; x_wconf 83' lang='grc' dir='ltr'>ὑμῖν</span> <span class='ocrx_word' id='word_1_426' title='bbox 1685 4011 1860 4082; x_wconf 79' lang='grc' dir='ltr'>ἁγίου</span> 
     </span>
    </p>
   </div>
   <div class='ocr_carea' id='block_1_55' title="bbox 259 4098 1859 4170">
    <p class='ocr_par' dir='ltr' id='par_1_55' title="bbox 259 4098 1859 4170">
     <span class='ocr_line' id='line_1_56' title="bbox 259 4098 1859 4170; baseline 0.003 -16"><span class='ocrx_word' id='word_1_427' title='bbox 259 4102 623 4170; x_wconf 80' lang='grc' dir='ltr'>Πνεύματός</span> <span class='ocrx_word' id='word_1_428' title='bbox 663 4102 837 4155; x_wconf 83' lang='grc' dir='ltr'>ἐστιν</span> <span class='ocrx_word' id='word_1_429' title='bbox 859 4119 877 4165; x_wconf 87' lang='grc'><strong><em>;</em></strong></span> <span class='ocrx_word' id='word_1_430' title='bbox 909 4098 980 4157; x_wconf 87' lang='grc' dir='ltr'>οὗ</span> <span class='ocrx_word' id='word_1_431' title='bbox 1029 4102 1200 4170; x_wconf 84' lang='grc' dir='ltr'>ἔχετε</span> <span class='ocrx_word' id='word_1_432' title='bbox 1245 4102 1365 4156; x_wconf 80' lang='grc' dir='ltr'><strong>ἀπὸ</strong></span> <span class='ocrx_word' id='word_1_433' title='bbox 1398 4104 1579 4168; x_wconf 84' lang='grc' dir='ltr'>Θεοῦ,</span> <span class='ocrx_word' id='word_1_434' title='bbox 1618 4104 1717 4158; x_wconf 76' lang='grc' dir='ltr'>καὶ</span> <span class='ocrx_word' id='word_1_435' title='bbox 1746 4106 1859 4159; x_wconf 80' lang='grc' dir='ltr'><strong>οὐκ</strong></span> 
     </span>
    </p>
   </div>
   <div class='ocr_carea' id='block_1_56' title="bbox 257 4190 1861 4262">
    <p class='ocr_par' dir='ltr' id='par_1_56' title="bbox 257 4190 1861 4262">
     <span class='ocr_line' id='line_1_57' title="bbox 257 4190 1861 4262; baseline 0.002 -19"><span class='ocrx_word' id='word_1_436' title='bbox 257 4190 413 4243; x_wconf 86' lang='grc' dir='ltr'><strong>ἐστὲ</strong></span> <span class='ocrx_word' id='word_1_437' title='bbox 437 4190 671 4245; x_wconf 82' lang='grc' dir='ltr'>ἑαυτῶν</span> <span class='ocrx_word' id='word_1_438' title='bbox 698 4207 712 4222; x_wconf 73' lang='grc'><strong><em>⁸</em></strong></span> <span class='ocrx_word' id='word_1_439' title='bbox 749 4192 1129 4261; x_wconf 71' lang='grc' dir='ltr'>ἠγοράσθητε</span> <span class='ocrx_word' id='word_1_440' title='bbox 1162 4192 1274 4260; x_wconf 76' lang='grc' dir='ltr'>γὰρ</span> <span class='ocrx_word' id='word_1_441' title='bbox 1301 4191 1479 4262; x_wconf 80' lang='grc' dir='ltr'>τιμῆς</span> <span class='ocrx_word' id='word_1_442' title='bbox 1500 4209 1515 4224; x_wconf 85' lang='grc'><strong>·</strong></span> <span class='ocrx_word' id='word_1_443' title='bbox 1557 4192 1861 4257; x_wconf 79' lang='grc' dir='ltr'>δοξάσατε</span> 
     </span>
    </p>
   </div>
   <div class='ocr_carea' id='block_1_57' title="bbox 255 4282 1858 4355">
    <p class='ocr_par' dir='ltr' id='par_1_57' title="bbox 255 4282 1858 4355">
     <span class='ocr_line' id='line_1_58' title="bbox 255 4282 1858 4355; baseline 0.002 -19"><span class='ocrx_word' id='word_1_444' title='bbox 255 4282 345 4351; x_wconf 76' lang='grc' dir='ltr'>δὴ</span> <span class='ocrx_word' id='word_1_445' title='bbox 379 4289 485 4337; x_wconf 79' lang='grc' dir='ltr'><strong>τὸν</strong></span> <span class='ocrx_word' id='word_1_446' title='bbox 515 4283 664 4337; x_wconf 82' lang='grc' dir='ltr'><strong>Θεὸν</strong></span> <span class='ocrx_word' id='word_1_447' title='bbox 693 4283 764 4337; x_wconf 81' lang='grc' dir='ltr'><strong>ἐν</strong></span> <span class='ocrx_word' id='word_1_448' title='bbox 810 4282 890 4350; x_wconf 87' lang='grc' dir='ltr'>τῷ</span> <span class='ocrx_word' id='word_1_449' title='bbox 919 4283 1151 4353; x_wconf 85' lang='grc' dir='ltr'>σώματι</span> <span class='ocrx_word' id='word_1_450' title='bbox 1176 4284 1275 4337; x_wconf 79' lang='grc' dir='ltr'>καὶ</span> <span class='ocrx_word' id='word_1_451' title='bbox 1317 4284 1389 4338; x_wconf 84' lang='grc' dir='ltr'><strong>ἐν</strong></span> <span class='ocrx_word' id='word_1_452' title='bbox 1425 4284 1505 4351; x_wconf 86' lang='grc' dir='ltr'>τῷ</span> <span class='ocrx_word' id='word_1_453' title='bbox 1563 4287 1858 4355; x_wconf 79' lang='grc' dir='ltr'>πνεύματι</span> 
     </span>
    </p>
   </div>
   <div class='ocr_carea' id='block_1_58' title="bbox 258 4373 1856 4448">
    <p class='ocr_par' dir='ltr' id='par_1_58' title="bbox 258 4373 1856 4448">
     <span class='ocr_line' id='line_1_59' title="bbox 258 4373 1856 4448; baseline 0.002 -16"><span class='ocrx_word' id='word_1_454' title='bbox 258 4373 460 4444; x_wconf 83' lang='grc' dir='ltr'>ὑμῶν,</span> <span class='ocrx_word' id='word_1_455' title='bbox 520 4375 699 4429; x_wconf 80' lang='grc' dir='ltr'>ἅτινά</span> <span class='ocrx_word' id='word_1_456' title='bbox 773 4378 909 4430; x_wconf 85' lang='grc' dir='ltr'>ἐστι</span> <span class='ocrx_word' id='word_1_457' title='bbox 978 4377 1086 4430; x_wconf 87' lang='grc' dir='ltr'><strong>τοῦ</strong></span> <span class='ocrx_word' id='word_1_458' title='bbox 1135 4377 1306 4431; x_wconf 84' lang='grc' dir='ltr'>Θεοῦ.</span> <span class='ocrx_word' id='word_1_459' title='bbox 1356 4378 1593 4448; x_wconf 83' lang='grc' dir='ltr'>Φανερὸν</span> <span class='ocrx_word' id='word_1_460' title='bbox 1642 4376 1735 4434; x_wconf 84' lang='grc' dir='ltr'><strong>οῦν</strong></span> <span class='ocrx_word' id='word_1_461' title='bbox 1790 4382 1856 4435; x_wconf 83' lang='grc' dir='ltr'>ὲκ</span> 
     </span>
    </p>
   </div>
   <div class='ocr_carea' id='block_1_59' title="bbox 1969 1879 3558 1949">
    <p class='ocr_par' dir='ltr' id='par_1_59' title="bbox 1969 1879 3558 1949">
     <span class='ocr_line' id='line_1_60' title="bbox 1969 1879 3558 1949; baseline -0.001 -15"><span class='ocrx_word' id='word_1_462' title='bbox 1969 1888 2157 1948; x_wconf 84' lang='lat' dir='ltr'><strong>tepere</strong></span> <span class='ocrx_word' id='word_1_463' title='bbox 2186 1888 2364 1934; x_wconf 83' lang='lat' dir='ltr'><strong>autem</strong></span> <span class='ocrx_word' id='word_1_464' title='bbox 2400 1879 2573 1949; x_wconf 84' lang='lat' dir='ltr'><strong>ipsam</strong></span> <span class='ocrx_word' id='word_1_465' title='bbox 2613 1894 2736 1935; x_wconf 83' lang='lat' dir='ltr'><strong>esse</strong></span> <span class='ocrx_word' id='word_1_466' title='bbox 2789 1880 3133 1948; x_wconf 76' lang='lat' dir='ltr'><strong>purificatam</strong></span> <span class='ocrx_word' id='word_1_467' title='bbox 3165 1888 3221 1933; x_wconf 89' lang='lat' dir='ltr'><strong>et</strong></span> <span class='ocrx_word' id='word_1_468' title='bbox 3249 1879 3558 1934; x_wconf 77' lang='lat' dir='ltr'><strong>sanctiﬁca-</strong></span> 
     </span>
    </p>
   </div>
   <div class='ocr_carea' id='block_1_60' title="bbox 1968 1972 3551 2046">
    <p class='ocr_par' dir='ltr' id='par_1_60' title="bbox 1968 1972 3551 2046">
     <span class='ocr_line' id='line_1_61' title="bbox 1968 1972 3551 2046; baseline -0.003 -15"><span class='ocrx_word' id='word_1_469' title='bbox 1968 1985 2080 2031; x_wconf 90' lang='lat' dir='ltr'><strong>tam</strong></span> <span class='ocrx_word' id='word_1_470' title='bbox 2116 1975 2362 2046; x_wconf 75' lang='lat' dir='ltr'><strong>gentium</strong></span> <span class='ocrx_word' id='word_1_471' title='bbox 2390 1988 2571 2045; x_wconf 75' lang='lat' dir='ltr'><strong>prtem</strong></span> <span class='ocrx_word' id='word_1_472' title='bbox 2594 1974 2852 2038; x_wconf 79' lang='lat' dir='ltr'><strong>afﬁrmat,</strong></span> <span class='ocrx_word' id='word_1_473' title='bbox 2888 1984 2947 2027; x_wconf 92' lang='lat' dir='ltr'><strong>ut</strong></span> <span class='ocrx_word' id='word_1_474' title='bbox 2984 1972 3157 2043; x_wconf 89' lang='lat' dir='ltr'><strong>ipsam</strong></span> <span class='ocrx_word' id='word_1_475' title='bbox 3189 1982 3242 2028; x_wconf 89' lang='lat' dir='ltr'><strong>et</strong></span> <span class='ocrx_word' id='word_1_476' title='bbox 3293 1974 3551 2044; x_wconf 86' lang='lat' dir='ltr'><strong>templum</strong></span> 
     </span>
    </p>
   </div>
   <div class='ocr_carea' id='block_1_61' title="bbox 1965 2063 3555 2141">
    <p class='ocr_par' dir='ltr' id='par_1_61' title="bbox 1965 2063 3555 2141">
     <span class='ocr_line' id='line_1_62' title="bbox 1965 2063 3555 2141; baseline -0.002 -19"><span class='ocrx_word' id='word_1_477' title='bbox 1965 2067 2060 2122; x_wconf 86' lang='lat' dir='ltr'><strong>Dei</strong></span> <span class='ocrx_word' id='word_1_478' title='bbox 2107 2081 2229 2122; x_wconf 79' lang='lat' dir='ltr'><strong>esse</strong></span> <span class='ocrx_word' id='word_1_479' title='bbox 2255 2075 2313 2121; x_wconf 84' lang='lat' dir='ltr'><strong>et</strong></span> <span class='ocrx_word' id='word_1_480' title='bbox 2358 2066 2577 2120; x_wconf 88' lang='lat' dir='ltr'><strong>domum</strong></span> <span class='ocrx_word' id='word_1_481' title='bbox 2619 2065 2738 2130; x_wconf 83' lang='lat' dir='ltr'><strong>Dei,</strong></span> <span class='ocrx_word' id='word_1_482' title='bbox 2786 2063 3054 2141; x_wconf 84' lang='lat' dir='ltr'><strong>Itujttsqtte</strong></span> <span class='ocrx_word' id='word_1_483' title='bbox 3106 2065 3367 2132; x_wconf 88' lang='lat' dir='ltr'><strong>Spiritum</strong></span> <span class='ocrx_word' id='word_1_484' title='bbox 3403 2066 3458 2121; x_wconf 79' lang='lat' dir='ltr'><strong>its</strong></span> <span class='ocrx_word' id='word_1_485' title='bbox 3492 2080 3555 2119; x_wconf 79' lang='lat' dir='ltr'><strong>eu</strong></span> 
     </span>
    </p>
   </div>
   <div class='ocr_carea' id='block_1_62' title="bbox 1965 2157 3559 2229">
    <p class='ocr_par' dir='ltr' id='par_1_62' title="bbox 1965 2157 3559 2229">
     <span class='ocr_line' id='line_1_63' title="bbox 1965 2157 3559 2229; baseline -0.002 -15"><span class='ocrx_word' id='word_1_486' title='bbox 1965 2161 2213 2215; x_wconf 83' lang='lat' dir='ltr'><strong>habitare</strong></span> <span class='ocrx_word' id='word_1_487' title='bbox 2239 2159 2405 2214; x_wconf 85' lang='lat' dir='ltr'><strong>dicat.</strong></span> <span class='ocrx_word' id='word_1_488' title='bbox 2444 2158 2533 2212; x_wconf 86' lang='lat' dir='ltr'><strong>Ita</strong></span> <span class='ocrx_word' id='word_1_489' title='bbox 2565 2157 2807 2213; x_wconf 86' lang='lat' dir='ltr'><strong>Christus</strong></span> <span class='ocrx_word' id='word_1_490' title='bbox 2836 2159 3020 2212; x_wconf 74' lang='lat' dir='ltr'><strong>dilexit</strong></span> <span class='ocrx_word' id='word_1_491' title='bbox 3058 2157 3376 2225; x_wconf 74' lang='lat' dir='ltr'><strong>Ecclesium,</strong></span> <span class='ocrx_word' id='word_1_492' title='bbox 3404 2175 3559 2229; x_wconf 79' lang='lat' dir='ltr'><strong>seque</strong></span> 
     </span>
    </p>
   </div>
   <div class='ocr_carea' id='block_1_63' title="bbox 1965 2251 3557 2323">
    <p class='ocr_par' dir='ltr' id='par_1_63' title="bbox 1965 2251 3557 2323">
     <span class='ocr_line' id='line_1_64' title="bbox 1965 2251 3557 2323; baseline -0.001 -17"><span class='ocrx_word' id='word_1_493' title='bbox 1965 2270 2061 2323; x_wconf 82' lang='lat' dir='ltr'><strong>pro</strong></span> <span class='ocrx_word' id='word_1_494' title='bbox 2090 2252 2186 2305; x_wconf 89' lang='lat' dir='ltr'><strong>illa</strong></span> <span class='ocrx_word' id='word_1_495' title='bbox 2230 2252 2476 2316; x_wconf 85' lang='lat' dir='ltr'><strong>tradidit,</strong></span> <span class='ocrx_word' id='word_1_496' title='bbox 2509 2261 2565 2304; x_wconf 88' lang='lat' dir='ltr'><strong>ut</strong></span> <span class='ocrx_word' id='word_1_497' title='bbox 2602 2267 2717 2305; x_wconf 81' lang='lat' dir='ltr'><strong>eam</strong></span> <span class='ocrx_word' id='word_1_498' title='bbox 2757 2251 3140 2319; x_wconf 69' lang='lat' dir='ltr'><strong>sancti/iamet,</strong></span> <span class='ocrx_word' id='word_1_499' title='bbox 3179 2252 3447 2305; x_wconf 82' lang='lat' dir='ltr'><strong>mttntltms</strong></span> <span class='ocrx_word' id='word_1_500' title='bbox 3474 2252 3557 2304; x_wconf 84' lang='lat' dir='ltr'><strong>la-</strong></span> 
     </span>
    </p>
   </div>
   <div class='ocr_carea' id='block_1_64' title="bbox 1966 2340 3557 2418">
    <p class='ocr_par' dir='ltr' id='par_1_64' title="bbox 1966 2340 3557 2418">
     <span class='ocr_line' id='line_1_65' title="bbox 1966 2340 3557 2418; baseline -0.003 -13"><span class='ocrx_word' id='word_1_501' title='bbox 1966 2365 2120 2405; x_wconf 84' lang='lat' dir='ltr'><strong>vacro</strong></span> <span class='ocrx_word' id='word_1_502' title='bbox 2150 2364 2302 2418; x_wconf 71' lang='lat' dir='ltr'><strong>aqua:</strong></span> <span class='ocrx_word' id='word_1_503' title='bbox 2334 2348 2391 2400; x_wconf 88' lang='lat' dir='ltr'><strong>in</strong></span> <span class='ocrx_word' id='word_1_504' title='bbox 2423 2347 2598 2412; x_wconf 77' lang='lat' dir='ltr'><strong>verba,</strong></span> <span class='ocrx_word' id='word_1_505' title='bbox 2635 2356 2691 2400; x_wconf 90' lang='lat' dir='ltr'><strong>ut</strong></span> <span class='ocrx_word' id='word_1_506' title='bbox 2715 2347 2981 2399; x_wconf 76' lang='lat' dir='ltr'><strong>exhiberet</strong></span> <span class='ocrx_word' id='word_1_507' title='bbox 3014 2340 3179 2414; x_wconf 84' lang='lat' dir='ltr'><strong>ipsam</strong></span> <span class='ocrx_word' id='word_1_508' title='bbox 3206 2346 3306 2400; x_wconf 85' lang='lat' dir='ltr'><strong>sibi</strong></span> <span class='ocrx_word' id='word_1_509' title='bbox 3352 2347 3557 2418; x_wconf 87' lang='lat' dir='ltr'><strong>gloria-</strong></span> 
     </span>
    </p>
   </div>
   <div class='ocr_carea' id='block_1_65' title="bbox 1964 2439 3559 2512">
    <p class='ocr_par' dir='ltr' id='par_1_65' title="bbox 1964 2439 3559 2512">
     <span class='ocr_line' id='line_1_66' title="bbox 1964 2439 3559 2512; baseline -0.001 -15"><span class='ocrx_word' id='word_1_510' title='bbox 1964 2458 2103 2507; x_wconf 85' lang='lat' dir='ltr'><strong>sam,</strong></span> <span class='ocrx_word' id='word_1_511' title='bbox 2148 2457 2252 2494; x_wconf 84' lang='lat' dir='ltr'><strong>non</strong></span> <span class='ocrx_word' id='word_1_512' title='bbox 2299 2439 2573 2494; x_wconf 84' lang='lat' dir='ltr'><strong>habentem</strong></span> <span class='ocrx_word' id='word_1_513' title='bbox 2626 2440 2895 2494; x_wconf 86' lang='lat' dir='ltr'><strong>maculam</strong></span> <span class='ocrx_word' id='word_1_514' title='bbox 2945 2456 3113 2508; x_wconf 79' lang='lat' dir='ltr'><strong>neque</strong></span> <span class='ocrx_word' id='word_1_515' title='bbox 3155 2457 3361 2511; x_wconf 81' lang='lat' dir='ltr'><strong>rugam,</strong></span> <span class='ocrx_word' id='word_1_516' title='bbox 3396 2457 3559 2512; x_wconf 80' lang='lat' dir='ltr'><strong>neque</strong></span> 
     </span>
    </p>
   </div>
   <div class='ocr_carea' id='block_1_66' title="bbox 1965 2531 3555 2602">
    <p class='ocr_par' dir='ltr' id='par_1_66' title="bbox 1965 2531 3555 2602">
     <span class='ocr_line' id='line_1_67' title="bbox 1965 2531 3555 2602; baseline 0 -15"><span class='ocrx_word' id='word_1_517' title='bbox 1965 2533 2172 2602; x_wconf 81' lang='lat' dir='ltr'><strong>aliquid</strong></span> <span class='ocrx_word' id='word_1_518' title='bbox 2196 2531 2520 2601; x_wconf 83' lang='lat' dir='ltr'><strong>hujusmodi,</strong></span> <span class='ocrx_word' id='word_1_519' title='bbox 2543 2533 2635 2586; x_wconf 89' lang='lat' dir='ltr'><strong>sed</strong></span> <span class='ocrx_word' id='word_1_520' title='bbox 2660 2544 2713 2585; x_wconf 91' lang='lat' dir='ltr'><strong>ut</strong></span> <span class='ocrx_word' id='word_1_521' title='bbox 2742 2533 2812 2586; x_wconf 78' lang='lat' dir='ltr'><strong>sit</strong></span> <span class='ocrx_word' id='word_1_522' title='bbox 2838 2543 3025 2586; x_wconf 84' lang='lat' dir='ltr'><strong>sancta</strong></span> <span class='ocrx_word' id='word_1_523' title='bbox 3049 2544 3096 2587; x_wconf 88' lang='lat' dir='ltr'><strong>et</strong></span> <span class='ocrx_word' id='word_1_524' title='bbox 3112 2534 3462 2587; x_wconf 87' lang='lat' dir='ltr'><strong>immaculata</strong></span> <span class='ocrx_word' id='word_1_525' title='bbox 3486 2533 3555 2587; x_wconf 80' lang='grc'><strong>⁸⁸.</strong></span> 
     </span>
    </p>
   </div>
   <div class='ocr_carea' id='block_1_67' title="bbox 1966 2624 3559 2695">
    <p class='ocr_par' dir='ltr' id='par_1_67' title="bbox 1966 2624 3559 2695">
     <span class='ocr_line' id='line_1_68' title="bbox 1966 2624 3559 2695; baseline -0.002 -12"><span class='ocrx_word' id='word_1_526' title='bbox 1966 2627 2037 2683; x_wconf 84' lang='grc' dir='ltr'>Ει</span> <span class='ocrx_word' id='word_1_527' title='bbox 2078 2626 2255 2681; x_wconf 84' lang='lat' dir='ltr'><strong>alibi:</strong></span> <span class='ocrx_word' id='word_1_528' title='bbox 2306 2624 2379 2678; x_wconf 84' lang='lat' dir='ltr'><strong>Et</strong></span> <span class='ocrx_word' id='word_1_529' title='bbox 2421 2626 2569 2679; x_wconf 89' lang='lat' dir='ltr'><strong>dedit</strong></span> <span class='ocrx_word' id='word_1_530' title='bbox 2596 2628 2939 2695; x_wconf 77' lang='lat' dir='ltr'><strong>semetipsum</strong></span> <span class='ocrx_word' id='word_1_531' title='bbox 2985 2642 3081 2694; x_wconf 79' lang='lat' dir='ltr'><strong>pro</strong></span> <span class='ocrx_word' id='word_1_532' title='bbox 3133 2627 3307 2692; x_wconf 82' lang='lat' dir='ltr'><strong>nobis,</strong></span> <span class='ocrx_word' id='word_1_533' title='bbox 3358 2638 3414 2681; x_wconf 89' lang='lat' dir='ltr'><strong>ut</strong></span> <span class='ocrx_word' id='word_1_534' title='bbox 3465 2644 3559 2681; x_wconf 81' lang='lat' dir='ltr'><strong>ttcs</strong></span> 
     </span>
    </p>
   </div>
   <div class='ocr_carea' id='block_1_68' title="bbox 1966 2710 3561 2789">
    <p class='ocr_par' dir='ltr' id='par_1_68' title="bbox 1966 2710 3561 2789">
     <span class='ocr_line' id='line_1_69' title="bbox 1966 2710 3561 2789; baseline 0.002 -18"><span class='ocrx_word' id='word_1_535' title='bbox 1966 2719 2243 2773; x_wconf 81' lang='lat' dir='ltr'><strong>redimeret</strong></span> <span class='ocrx_word' id='word_1_536' title='bbox 2280 2718 2347 2772; x_wconf 90' lang='lat' dir='ltr'><strong>ab</strong></span> <span class='ocrx_word' id='word_1_537' title='bbox 2382 2718 2528 2772; x_wconf 85' lang='lat' dir='ltr'><strong>omni</strong></span> <span class='ocrx_word' id='word_1_538' title='bbox 2572 2710 2881 2789; x_wconf 83' lang='lat' dir='ltr'><strong>iniquitate,</strong></span> <span class='ocrx_word' id='word_1_539' title='bbox 2914 2727 2964 2773; x_wconf 90' lang='lat' dir='ltr'><strong>et</strong></span> <span class='ocrx_word' id='word_1_540' title='bbox 2999 2724 3310 2774; x_wconf 85' lang='lat' dir='ltr'><strong>emundaret</strong></span> <span class='ocrx_word' id='word_1_541' title='bbox 3343 2720 3444 2775; x_wconf 84' lang='lat' dir='ltr'><strong>sibi</strong></span> <span class='ocrx_word' id='word_1_542' title='bbox 3466 2736 3561 2787; x_wconf 72' lang='lat' dir='ltr'><strong>po-</strong></span> 
     </span>
    </p>
   </div>
   <div class='ocr_carea' id='block_1_69' title="bbox 1963 2810 3554 2879">
    <p class='ocr_par' dir='ltr' id='par_1_69' title="bbox 1963 2810 3554 2879">
     <span class='ocr_line' id='line_1_70' title="bbox 1963 2810 3554 2879; baseline 0 -15"><span class='ocrx_word' id='word_1_543' title='bbox 1963 2810 2149 2879; x_wconf 81' lang='lat' dir='ltr'><strong>pulum</strong></span> <span class='ocrx_word' id='word_1_544' title='bbox 2201 2810 2546 2879; x_wconf 79' lang='lat' dir='ltr'><strong>peculiarem,</strong></span> <span class='ocrx_word' id='word_1_545' title='bbox 2587 2819 2905 2863; x_wconf 81' lang='lat' dir='ltr'><strong>sertatorem</strong></span> <span class='ocrx_word' id='word_1_546' title='bbox 2952 2811 3205 2864; x_wconf 85' lang='lat' dir='ltr'><strong>bonorum</strong></span> <span class='ocrx_word' id='word_1_547' title='bbox 3235 2827 3450 2879; x_wconf 85' lang='lat' dir='ltr'><strong>operum</strong></span> <span class='ocrx_word' id='word_1_548' title='bbox 3485 2812 3554 2864; x_wconf 81' lang='lat'><strong>&quot;.</strong></span> 
     </span>
    </p>
   </div>
   <div class='ocr_carea' id='block_1_70' title="bbox 1964 2900 3639 2971">
    <p class='ocr_par' dir='ltr' id='par_1_70' title="bbox 1964 2900 3639 2971">
     <span class='ocr_line' id='line_1_71' title="bbox 1964 2900 3639 2971; baseline -0.001 -12"><span class='ocrx_word' id='word_1_549' title='bbox 1964 2902 2031 2959; x_wconf 76' lang='lat' dir='ltr'><strong>Et</strong></span> <span class='ocrx_word' id='word_1_550' title='bbox 2061 2923 2074 2958; x_wconf 92' lang='lat'>:</span> <span class='ocrx_word' id='word_1_551' title='bbox 2109 2904 2211 2969; x_wconf 81' lang='lat' dir='ltr'><strong>Qui</strong></span> <span class='ocrx_word' id='word_1_552' title='bbox 2259 2903 2536 2956; x_wconf 77' lang='lat' dir='ltr'><strong>suscitauit</strong></span> <span class='ocrx_word' id='word_1_553' title='bbox 2592 2900 2865 2957; x_wconf 78' lang='lat' dir='ltr'><strong>Christum</strong></span> <span class='ocrx_word' id='word_1_554' title='bbox 2908 2920 2940 2955; x_wconf 90' lang='lat' dir='ltr'><strong>a</strong></span> <span class='ocrx_word' id='word_1_555' title='bbox 2973 2905 3221 2966; x_wconf 83' lang='lat' dir='ltr'><strong>mortuis,</strong></span> <span class='ocrx_word' id='word_1_556' title='bbox 3267 2902 3557 2971; x_wconf 78' lang='lat' dir='ltr'><strong>riviﬁcabit</strong></span> <span class='ocrx_word' id='word_1_557' title='bbox 3632 2954 3639 2963; x_wconf 97' lang='lat'><strong>,</strong></span> 
     </span>
    </p>
   </div>
   <div class='ocr_carea' id='block_1_71' title="bbox 1962 2993 3555 3063">
    <p class='ocr_par' dir='ltr' id='par_1_71' title="bbox 1962 2993 3555 3063">
     <span class='ocr_line' id='line_1_72' title="bbox 1962 2993 3555 3063; baseline -0.003 -12"><span class='ocrx_word' id='word_1_558' title='bbox 1962 2996 2125 3051; x_wconf 85' lang='lat' dir='ltr'><strong>etiam</strong></span> <span class='ocrx_word' id='word_1_559' title='bbox 2164 2993 2413 3047; x_wconf 85' lang='lat' dir='ltr'><strong>mortalia</strong></span> <span class='ocrx_word' id='word_1_560' title='bbox 2460 3009 2685 3060; x_wconf 85' lang='lat' dir='ltr'><strong>corpora</strong></span> <span class='ocrx_word' id='word_1_561' title='bbox 2728 3004 2902 3047; x_wconf 81' lang='lat' dir='ltr'><strong>restra</strong></span> <span class='ocrx_word' id='word_1_562' title='bbox 2948 3011 3042 3063; x_wconf 86' lang='lat' dir='ltr'><strong>per</strong></span> <span class='ocrx_word' id='word_1_563' title='bbox 3079 2995 3467 3049; x_wconf 83' lang='lat' dir='ltr'><strong>inhabitantem</strong></span> <span class='ocrx_word' id='word_1_564' title='bbox 3502 2998 3555 3048; x_wconf 83' lang='lat' dir='ltr'><strong>in</strong></span> 
     </span>
    </p>
   </div>
   <div class='ocr_carea' id='block_1_72' title="bbox 1964 3084 3554 3157">
    <p class='ocr_par' dir='ltr' id='par_1_72' title="bbox 1964 3084 3554 3157">
     <span class='ocr_line' id='line_1_73' title="bbox 1964 3084 3554 3157; baseline -0.003 -15"><span class='ocrx_word' id='word_1_565' title='bbox 1964 3088 2107 3143; x_wconf 76' lang='lat' dir='ltr'><strong>tabis</strong></span> <span class='ocrx_word' id='word_1_566' title='bbox 2143 3086 2408 3157; x_wconf 86' lang='lat' dir='ltr'><strong>Spiritum</strong></span> <span class='ocrx_word' id='word_1_567' title='bbox 2441 3086 2509 3139; x_wconf 72' lang='grc' dir='ltr'>θ’.</span> <span class='ocrx_word' id='word_1_568' title='bbox 2544 3084 2609 3139; x_wconf 83' lang='lat' dir='ltr'><strong>Et</strong></span> <span class='ocrx_word' id='word_1_569' title='bbox 2634 3103 2647 3140; x_wconf 88' lang='lat'><strong>:</strong></span> <span class='ocrx_word' id='word_1_570' title='bbox 2676 3084 2885 3156; x_wconf 74' lang='lat' dir='ltr'><strong>Moyses</strong></span> <span class='ocrx_word' id='word_1_571' title='bbox 2908 3086 3119 3155; x_wconf 83' lang='lat' dir='ltr'><strong>quidem</strong></span> <span class='ocrx_word' id='word_1_572' title='bbox 3153 3086 3326 3154; x_wconf 79' lang='lat' dir='ltr'><strong>ﬁdelis</strong></span> <span class='ocrx_word' id='word_1_573' title='bbox 3363 3100 3475 3139; x_wconf 87' lang='lat' dir='ltr'><strong>erat</strong></span> <span class='ocrx_word' id='word_1_574' title='bbox 3502 3088 3554 3138; x_wconf 82' lang='lat' dir='ltr'><strong>in</strong></span> 
     </span>
    </p>
   </div>
   <div class='ocr_carea' id='block_1_73' title="bbox 1964 3177 3552 3247">
    <p class='ocr_par' dir='ltr' id='par_1_73' title="bbox 1964 3177 3552 3247">
     <span class='ocr_line' id='line_1_74' title="bbox 1964 3177 3552 3247; baseline -0.003 -14"><span class='ocrx_word' id='word_1_575' title='bbox 1964 3189 2076 3233; x_wconf 90' lang='lat' dir='ltr'><strong>tota</strong></span> <span class='ocrx_word' id='word_1_576' title='bbox 2129 3177 2288 3234; x_wconf 85' lang='lat' dir='ltr'><strong>domo</strong></span> <span class='ocrx_word' id='word_1_577' title='bbox 2337 3177 2454 3247; x_wconf 84' lang='lat' dir='ltr'><strong>ejus</strong></span> <span class='ocrx_word' id='word_1_578' title='bbox 2505 3188 2756 3247; x_wconf 84' lang='lat' dir='ltr'><strong>tanquam</strong></span> <span class='ocrx_word' id='word_1_579' title='bbox 2810 3177 3046 3246; x_wconf 79' lang='lat' dir='ltr'><strong>famulus</strong></span> <span class='ocrx_word' id='word_1_580' title='bbox 3088 3178 3143 3231; x_wconf 88' lang='lat' dir='ltr'><strong>in</strong></span> <span class='ocrx_word' id='word_1_581' title='bbox 3193 3177 3552 3231; x_wconf 75' lang='lat' dir='ltr'><strong>testimonium</strong></span> 
     </span>
    </p>
   </div>
   <div class='ocr_carea' id='block_1_74' title="bbox 1962 3268 3553 3340">
    <p class='ocr_par' dir='ltr' id='par_1_74' title="bbox 1962 3268 3553 3340">
     <span class='ocr_line' id='line_1_75' title="bbox 1962 3268 3553 3340; baseline -0.004 -14"><span class='ocrx_word' id='word_1_582' title='bbox 1962 3287 2146 3326; x_wconf 87' lang='lat' dir='ltr'><strong>eorum</strong></span> <span class='ocrx_word' id='word_1_583' title='bbox 2178 3286 2296 3340; x_wconf 81' lang='lat' dir='ltr'><strong>qua:</strong></span> <span class='ocrx_word' id='word_1_584' title='bbox 2328 3269 2553 3324; x_wconf 86' lang='lat' dir='ltr'><strong>dicenda</strong></span> <span class='ocrx_word' id='word_1_585' title='bbox 2605 3279 2758 3323; x_wconf 82' lang='lat' dir='ltr'><strong>erant</strong></span> <span class='ocrx_word' id='word_1_586' title='bbox 2795 3284 2815 3323; x_wconf 90' lang='lat'><strong><em>:</em></strong></span> <span class='ocrx_word' id='word_1_587' title='bbox 2849 3268 3092 3324; x_wconf 85' lang='lat' dir='ltr'><strong>Christus</strong></span> <span class='ocrx_word' id='word_1_588' title='bbox 3142 3286 3260 3324; x_wconf 82' lang='lat' dir='ltr'><strong>vero</strong></span> <span class='ocrx_word' id='word_1_589' title='bbox 3300 3280 3553 3336; x_wconf 85' lang='lat' dir='ltr'><strong>tanquam</strong></span> 
     </span>
    </p>
   </div>
   <div class='ocr_carea' id='block_1_75' title="bbox 1962 3360 3556 3434">
    <p class='ocr_par' dir='ltr' id='par_1_75' title="bbox 1962 3360 3556 3434">
     <span class='ocr_line' id='line_1_76' title="bbox 1962 3360 3556 3434; baseline -0.002 -18"><span class='ocrx_word' id='word_1_590' title='bbox 1962 3363 2105 3434; x_wconf 81' lang='lat' dir='ltr'><strong>[ilius</strong></span> <span class='ocrx_word' id='word_1_591' title='bbox 2139 3364 2194 3416; x_wconf 81' lang='lat' dir='ltr'><strong>in</strong></span> <span class='ocrx_word' id='word_1_592' title='bbox 2234 3361 2393 3415; x_wconf 89' lang='lat' dir='ltr'><strong>domo</strong></span> <span class='ocrx_word' id='word_1_593' title='bbox 2438 3362 2587 3431; x_wconf 82' lang='lat' dir='ltr'><strong>ejus,</strong></span> <span class='ocrx_word' id='word_1_594' title='bbox 2618 3377 2739 3433; x_wconf 73' lang='lat' dir='ltr'><strong>quae</strong></span> <span class='ocrx_word' id='word_1_595' title='bbox 2786 3361 2975 3415; x_wconf 88' lang='lat' dir='ltr'><strong>domus</strong></span> <span class='ocrx_word' id='word_1_596' title='bbox 3027 3377 3209 3415; x_wconf 86' lang='lat' dir='ltr'><strong>sumus</strong></span> <span class='ocrx_word' id='word_1_597' title='bbox 3251 3378 3344 3415; x_wconf 80' lang='lat' dir='ltr'><strong>nos</strong></span> <span class='ocrx_word' id='word_1_598' title='bbox 3374 3360 3443 3415; x_wconf 82' lang='grc'><strong>⁸³.</strong></span> <span class='ocrx_word' id='word_1_599' title='bbox 3487 3362 3556 3415; x_wconf 76' lang='lat' dir='ltr'><strong>Et</strong></span> 
     </span>
    </p>
   </div>
   <div class='ocr_carea' id='block_1_76' title="bbox 1966 3440 3553 3524">
    <p class='ocr_par' dir='ltr' id='par_1_76' title="bbox 1966 3440 3553 3524">
     <span class='ocr_line' id='line_1_77' title="bbox 1966 3440 3553 3524; baseline -0.004 -12"><span class='ocrx_word' id='word_1_600' title='bbox 1966 3456 2092 3512; x_wconf 81' lang='lat' dir='ltr'><strong>alibi</strong></span> <span class='ocrx_word' id='word_1_601' title='bbox 2128 3474 2141 3511; x_wconf 90' lang='lat'><strong>:</strong></span> <span class='ocrx_word' id='word_1_602' title='bbox 2177 3455 2411 3510; x_wconf 82' lang='lat' dir='ltr'><strong>Nescitis</strong></span> <span class='ocrx_word' id='word_1_603' title='bbox 2448 3456 2587 3524; x_wconf 87' lang='lat' dir='ltr'><strong>quod</strong></span> <span class='ocrx_word' id='word_1_604' title='bbox 2631 3454 2883 3522; x_wconf 85' lang='lat' dir='ltr'><strong>templum</strong></span> <span class='ocrx_word' id='word_1_605' title='bbox 2922 3440 3022 3509; x_wconf 85' lang='lat' dir='ltr'><strong>Dei</strong></span> <span class='ocrx_word' id='word_1_606' title='bbox 3060 3456 3212 3521; x_wconf 81' lang='lat' dir='ltr'><strong>estis,</strong></span> <span class='ocrx_word' id='word_1_607' title='bbox 3248 3466 3296 3509; x_wconf 86' lang='lat' dir='ltr'><strong>et</strong></span> <span class='ocrx_word' id='word_1_608' title='bbox 3323 3453 3553 3523; x_wconf 76' lang='lat' dir='ltr'><strong>Spiritus</strong></span> 
     </span>
    </p>
   </div>
   <div class='ocr_carea' id='block_1_77' title="bbox 1969 3546 3550 3621">
    <p class='ocr_par' dir='ltr' id='par_1_77' title="bbox 1969 3546 3550 3621">
     <span class='ocr_line' id='line_1_78' title="bbox 1969 3546 3550 3621; baseline -0.004 -17"><span class='ocrx_word' id='word_1_609' title='bbox 1969 3551 2062 3604; x_wconf 85' lang='lat' dir='ltr'><strong>Dei</strong></span> <span class='ocrx_word' id='word_1_610' title='bbox 2096 3552 2302 3604; x_wconf 87' lang='lat' dir='ltr'><strong>habitat</strong></span> <span class='ocrx_word' id='word_1_611' title='bbox 2338 3551 2392 3605; x_wconf 86' lang='lat' dir='ltr'><strong>in</strong></span> <span class='ocrx_word' id='word_1_612' title='bbox 2424 3550 2566 3604; x_wconf 81' lang='lat' dir='ltr'><strong>vobis</strong></span> <span class='ocrx_word' id='word_1_613' title='bbox 2590 3551 2614 3603; x_wconf 88' lang='lat'><strong><em>?</em></strong></span> <span class='ocrx_word' id='word_1_614' title='bbox 2638 3548 2696 3604; x_wconf 88' lang='lat' dir='ltr'><strong>Si</strong></span> <span class='ocrx_word' id='word_1_615' title='bbox 2729 3549 2847 3621; x_wconf 84' lang='lat' dir='ltr'><strong>quis</strong></span> <span class='ocrx_word' id='word_1_616' title='bbox 2892 3548 3146 3618; x_wconf 84' lang='lat' dir='ltr'><strong>templum</strong></span> <span class='ocrx_word' id='word_1_617' title='bbox 3186 3547 3283 3601; x_wconf 90' lang='lat' dir='ltr'><strong>Dei</strong></span> <span class='ocrx_word' id='word_1_618' title='bbox 3320 3546 3550 3601; x_wconf 78' lang='lat' dir='ltr'><strong>uiolare-</strong></span> 
     </span>
    </p>
   </div>
   <div class='ocr_carea' id='block_1_78' title="bbox 1965 3641 3555 3713">
    <p class='ocr_par' dir='ltr' id='par_1_78' title="bbox 1965 3641 3555 3713">
     <span class='ocr_line' id='line_1_79' title="bbox 1965 3641 3555 3713; baseline -0.003 -16"><span class='ocrx_word' id='word_1_619' title='bbox 1965 3645 2058 3709; x_wconf 88' lang='lat' dir='ltr'><strong>rit,</strong></span> <span class='ocrx_word' id='word_1_620' title='bbox 2096 3643 2359 3713; x_wconf 79' lang='lat' dir='ltr'><strong>disperdat</strong></span> <span class='ocrx_word' id='word_1_621' title='bbox 2411 3641 2565 3697; x_wconf 87' lang='lat' dir='ltr'><strong>illum</strong></span> <span class='ocrx_word' id='word_1_622' title='bbox 2600 3642 2765 3697; x_wconf 83' lang='lat' dir='ltr'><strong>Deus.</strong></span> <span class='ocrx_word' id='word_1_623' title='bbox 2800 3641 2940 3695; x_wconf 81' lang='lat' dir='ltr'><strong>Nam</strong></span> <span class='ocrx_word' id='word_1_624' title='bbox 2978 3642 3080 3695; x_wconf 85' lang='lat' dir='ltr'><strong>Dei</strong></span> <span class='ocrx_word' id='word_1_625' title='bbox 3112 3642 3368 3713; x_wconf 77' lang='lat' dir='ltr'><strong>temptant</strong></span> <span class='ocrx_word' id='word_1_626' title='bbox 3399 3658 3555 3695; x_wconf 82' lang='lat' dir='ltr'><strong>sanc-</strong></span> 
     </span>
    </p>
   </div>
   <div class='ocr_carea' id='block_1_79' title="bbox 1962 3729 3553 3803">
    <p class='ocr_par' dir='ltr' id='par_1_79' title="bbox 1962 3729 3553 3803">
     <span class='ocr_line' id='line_1_80' title="bbox 1962 3729 3553 3803; baseline -0.003 -16"><span class='ocrx_word' id='word_1_627' title='bbox 1962 3745 2073 3788; x_wconf 90' lang='lat' dir='ltr'><strong>tum</strong></span> <span class='ocrx_word' id='word_1_628' title='bbox 2120 3741 2235 3800; x_wconf 85' lang='lat' dir='ltr'><strong>est,</strong></span> <span class='ocrx_word' id='word_1_629' title='bbox 2292 3734 2432 3803; x_wconf 85' lang='lat' dir='ltr'><strong>quod</strong></span> <span class='ocrx_word' id='word_1_630' title='bbox 2485 3733 2609 3786; x_wconf 83' lang='lat' dir='ltr'><strong>estis</strong></span> <span class='ocrx_word' id='word_1_631' title='bbox 2649 3749 2739 3785; x_wconf 81' lang='lat' dir='ltr'><strong>vos</strong></span> <span class='ocrx_word' id='word_1_632' title='bbox 2782 3732 2852 3785; x_wconf 67' lang='grc'><strong>⁸⁸.</strong></span> <span class='ocrx_word' id='word_1_633' title='bbox 2905 3731 2973 3785; x_wconf 82' lang='lat' dir='ltr'><strong>Et</strong></span> <span class='ocrx_word' id='word_1_634' title='bbox 3028 3732 3227 3786; x_wconf 87' lang='lat' dir='ltr'><strong>iterum</strong></span> <span class='ocrx_word' id='word_1_635' title='bbox 3264 3748 3279 3785; x_wconf 89' lang='lat'><strong>:</strong></span> <span class='ocrx_word' id='word_1_636' title='bbox 3317 3729 3553 3784; x_wconf 80' lang='lat' dir='ltr'><strong>Nescitis</strong></span> 
     </span>
    </p>
   </div>
   <div class='ocr_carea' id='block_1_80' title="bbox 1959 3816 3552 3893">
    <p class='ocr_par' dir='ltr' id='par_1_80' title="bbox 1959 3816 3552 3893">
     <span class='ocr_line' id='line_1_81' title="bbox 1959 3816 3552 3893; baseline -0.002 -15"><span class='ocrx_word' id='word_1_637' title='bbox 1959 3826 2212 3891; x_wconf 82' lang='lat' dir='ltr'><strong>quoniam</strong></span> <span class='ocrx_word' id='word_1_638' title='bbox 2256 3840 2480 3893; x_wconf 86' lang='lat' dir='ltr'><strong>corpora</strong></span> <span class='ocrx_word' id='word_1_639' title='bbox 2517 3832 2691 3877; x_wconf 68' lang='lat' dir='ltr'><strong>uestra</strong></span> <span class='ocrx_word' id='word_1_640' title='bbox 2726 3816 2979 3893; x_wconf 75' lang='lat' dir='ltr'><strong>templum</strong></span> <span class='ocrx_word' id='word_1_641' title='bbox 3006 3831 3130 3877; x_wconf 85' lang='lat' dir='ltr'><strong>sunt</strong></span> <span class='ocrx_word' id='word_1_642' title='bbox 3181 3822 3299 3892; x_wconf 86' lang='lat' dir='ltr'><strong>ejus</strong></span> <span class='ocrx_word' id='word_1_643' title='bbox 3345 3822 3438 3892; x_wconf 82' lang='lat' dir='ltr'><strong>qui</strong></span> <span class='ocrx_word' id='word_1_644' title='bbox 3496 3823 3552 3875; x_wconf 83' lang='lat' dir='ltr'><strong>iu</strong></span> 
     </span>
    </p>
   </div>
   <div class='ocr_carea' id='block_1_81' title="bbox 1961 3912 3550 3986">
    <p class='ocr_par' dir='ltr' id='par_1_81' title="bbox 1961 3912 3550 3986">
     <span class='ocr_line' id='line_1_82' title="bbox 1961 3912 3550 3986; baseline -0.004 -15"><span class='ocrx_word' id='word_1_645' title='bbox 1961 3917 2104 3972; x_wconf 72' lang='lat' dir='ltr'><strong>vobis</strong></span> <span class='ocrx_word' id='word_1_646' title='bbox 2125 3927 2203 3972; x_wconf 88' lang='lat' dir='ltr'><strong>est</strong></span> <span class='ocrx_word' id='word_1_647' title='bbox 2237 3917 2408 3972; x_wconf 87' lang='lat' dir='ltr'><strong>sancti</strong></span> <span class='ocrx_word' id='word_1_648' title='bbox 2434 3915 2696 3986; x_wconf 85' lang='lat' dir='ltr'><strong>Spiritus,</strong></span> <span class='ocrx_word' id='word_1_649' title='bbox 2725 3916 2868 3986; x_wconf 86' lang='lat' dir='ltr'><strong>quod</strong></span> <span class='ocrx_word' id='word_1_650' title='bbox 2895 3932 2928 3969; x_wconf 87' lang='lat' dir='ltr'><strong>lt</strong></span> <span class='ocrx_word' id='word_1_651' title='bbox 2960 3914 3070 3969; x_wconf 87' lang='lat' dir='ltr'><strong>Dea</strong></span> <span class='ocrx_word' id='word_1_652' title='bbox 3098 3912 3327 3979; x_wconf 84' lang='lat' dir='ltr'><strong>habetis,</strong></span> <span class='ocrx_word' id='word_1_653' title='bbox 3365 3922 3416 3967; x_wconf 91' lang='lat' dir='ltr'><strong>et</strong></span> <span class='ocrx_word' id='word_1_654' title='bbox 3448 3929 3550 3967; x_wconf 83' lang='lat' dir='ltr'><strong>non</strong></span> 
     </span>
    </p>
   </div>
   <div class='ocr_carea' id='block_1_82' title="bbox 1962 4006 3553 4081">
    <p class='ocr_par' dir='ltr' id='par_1_82' title="bbox 1962 4006 3553 4081">
     <span class='ocr_line' id='line_1_83' title="bbox 1962 4006 3553 4081; baseline -0.005 -16"><span class='ocrx_word' id='word_1_655' title='bbox 1962 4011 2096 4065; x_wconf 70' lang='lat' dir='ltr'><strong>estis</strong></span> <span class='ocrx_word' id='word_1_656' title='bbox 2114 4011 2292 4077; x_wconf 82' lang='lat' dir='ltr'><strong>uestri,</strong></span> <span class='ocrx_word' id='word_1_657' title='bbox 2326 4010 2453 4081; x_wconf 89' lang='lat' dir='ltr'><strong>quia</strong></span> <span class='ocrx_word' id='word_1_658' title='bbox 2478 4009 2648 4079; x_wconf 84' lang='lat' dir='ltr'><strong>pretio</strong></span> <span class='ocrx_word' id='word_1_659' title='bbox 2675 4008 2975 4070; x_wconf 82' lang='lat' dir='ltr'><strong>redempti?</strong></span> <span class='ocrx_word' id='word_1_660' title='bbox 3017 4006 3331 4076; x_wconf 74' lang='lat' dir='ltr'><strong>Cleri/irate</strong></span> <span class='ocrx_word' id='word_1_661' title='bbox 3370 4006 3553 4074; x_wconf 82' lang='lat' dir='ltr'><strong>utique</strong></span> 
     </span>
    </p>
   </div>
   <div class='ocr_carea' id='block_1_83' title="bbox 1962 4098 3551 4169">
    <p class='ocr_par' dir='ltr' id='par_1_83' title="bbox 1962 4098 3551 4169">
     <span class='ocr_line' id='line_1_84' title="bbox 1962 4098 3551 4169; baseline -0.004 -15"><span class='ocrx_word' id='word_1_662' title='bbox 1962 4098 2134 4155; x_wconf 84' lang='lat' dir='ltr'><strong>Deum</strong></span> <span class='ocrx_word' id='word_1_663' title='bbox 2161 4102 2218 4155; x_wconf 84' lang='lat' dir='ltr'><strong>in</strong></span> <span class='ocrx_word' id='word_1_664' title='bbox 2241 4115 2460 4169; x_wconf 82' lang='lat' dir='ltr'><strong>corpore</strong></span> <span class='ocrx_word' id='word_1_665' title='bbox 2497 4110 2670 4155; x_wconf 80' lang='lat' dir='ltr'><strong>vestro</strong></span> <span class='ocrx_word' id='word_1_666' title='bbox 2693 4107 2744 4153; x_wconf 85' lang='lat' dir='ltr'><strong>et</strong></span> <span class='ocrx_word' id='word_1_667' title='bbox 2767 4101 2821 4153; x_wconf 83' lang='lat' dir='ltr'><strong>in</strong></span> <span class='ocrx_word' id='word_1_668' title='bbox 2853 4098 3042 4168; x_wconf 81' lang='lat' dir='ltr'><strong>spiritu</strong></span> <span class='ocrx_word' id='word_1_669' title='bbox 3072 4108 3264 4163; x_wconf 75' lang='lat' dir='ltr'><strong>uestro,</strong></span> <span class='ocrx_word' id='word_1_670' title='bbox 3288 4111 3409 4168; x_wconf 74' lang='lat' dir='ltr'><strong>aute</strong></span> <span class='ocrx_word' id='word_1_671' title='bbox 3428 4105 3551 4149; x_wconf 82' lang='lat' dir='ltr'><strong>sunt</strong></span> 
     </span>
    </p>
   </div>
   <div class='ocr_carea' id='block_1_84' title="bbox 1963 4190 3552 4261">
    <p class='ocr_par' dir='ltr' id='par_1_84' title="bbox 1963 4190 3552 4261">
     <span class='ocr_line' id='line_1_85' title="bbox 1963 4190 3552 4261; baseline -0.003 -14"><span class='ocrx_word' id='word_1_672' title='bbox 1963 4192 2063 4248; x_wconf 86' lang='lat' dir='ltr'><strong>Dei</strong></span> <span class='ocrx_word' id='word_1_673' title='bbox 2091 4192 2163 4246; x_wconf 80' lang='grc'><strong>⁸⁸.</strong></span> <span class='ocrx_word' id='word_1_674' title='bbox 2199 4191 2557 4261; x_wconf 73' lang='lat' dir='ltr'><strong>Exploratum</strong></span> <span class='ocrx_word' id='word_1_675' title='bbox 2599 4192 2789 4261; x_wconf 85' lang='lat' dir='ltr'><strong>itaque</strong></span> <span class='ocrx_word' id='word_1_676' title='bbox 2816 4206 2884 4247; x_wconf 79' lang='lat' dir='ltr'><strong>ex</strong></span> <span class='ocrx_word' id='word_1_677' title='bbox 2913 4190 3000 4245; x_wconf 86' lang='lat' dir='ltr'><strong>his</strong></span> <span class='ocrx_word' id='word_1_678' title='bbox 3035 4191 3293 4246; x_wconf 89' lang='lat' dir='ltr'><strong>omnibus</strong></span> <span class='ocrx_word' id='word_1_679' title='bbox 3319 4202 3426 4256; x_wconf 88' lang='lat' dir='ltr'><strong>est,</strong></span> <span class='ocrx_word' id='word_1_680' title='bbox 3456 4205 3552 4244; x_wconf 85' lang='lat' dir='ltr'><strong>eos</strong></span> 
     </span>
    </p>
   </div>
   <div class='ocr_carea' id='block_1_85' title="bbox 1962 4283 3549 4359">
    <p class='ocr_par' dir='ltr' id='par_1_85' title="bbox 1962 4283 3549 4359">
     <span class='ocr_line' id='line_1_86' title="bbox 1962 4283 3549 4359; baseline -0.002 -18"><span class='ocrx_word' id='word_1_681' title='bbox 1962 4287 2054 4359; x_wconf 80' lang='lat' dir='ltr'><strong>qui</strong></span> <span class='ocrx_word' id='word_1_682' title='bbox 2086 4286 2307 4342; x_wconf 87' lang='lat' dir='ltr'><strong>Christo</strong></span> <span class='ocrx_word' id='word_1_683' title='bbox 2341 4285 2719 4351; x_wconf 83' lang='lat' dir='ltr'><strong>crediderunt,</strong></span> <span class='ocrx_word' id='word_1_684' title='bbox 2771 4283 3155 4354; x_wconf 56' lang='lat' dir='ltr'><strong>Spiritumque,</strong></span> <span class='ocrx_word' id='word_1_685' title='bbox 3174 4285 3364 4353; x_wconf 75' lang='lat' dir='ltr'><strong>gratia:</strong></span> <span class='ocrx_word' id='word_1_686' title='bbox 3395 4299 3549 4338; x_wconf 84' lang='lat' dir='ltr'><strong>recc-</strong></span> 
     </span>
    </p>
   </div>
   <div class='ocr_carea' id='block_1_86' title="bbox 1964 4374 3549 4450">
    <p class='ocr_par' dir='ltr' id='par_1_86' title="bbox 1964 4374 3549 4450">
     <span class='ocr_line' id='line_1_87' title="bbox 1964 4374 3549 4450; baseline -0.006 -16"><span class='ocrx_word' id='word_1_687' title='bbox 1964 4387 2165 4450; x_wconf 83' lang='lat' dir='ltr'><strong>perunt</strong></span> <span class='ocrx_word' id='word_1_688' title='bbox 2191 4393 2286 4447; x_wconf 90' lang='lat' dir='ltr'><strong>per</strong></span> <span class='ocrx_word' id='word_1_689' title='bbox 2316 4376 2483 4433; x_wconf 69' lang='lat' dir='ltr'><strong>dit-ini</strong></span> <span class='ocrx_word' id='word_1_690' title='bbox 2520 4376 2726 4431; x_wconf 86' lang='lat' dir='ltr'><strong>lavacri</strong></span> <span class='ocrx_word' id='word_1_691' title='bbox 2762 4378 3257 4446; x_wconf 73' lang='lat' dir='ltr'><strong>regenerationem,</strong></span> <span class='ocrx_word' id='word_1_692' title='bbox 3289 4374 3549 4443; x_wconf 85' lang='lat' dir='ltr'><strong>templum</strong></span> 
     </span>
    </p>
   </div>
   <div class='ocr_carea' id='block_1_87' title="bbox 258 4464 1876 4553">
    <p class='ocr_par' dir='ltr' id='par_1_87' title="bbox 258 4465 1850 4540">
     <span class='ocr_line' id='line_1_88' title="bbox 258 4465 1850 4540; baseline 0.004 -22"><span class='ocrx_word' id='word_1_693' title='bbox 258 4465 477 4519; x_wconf 80' lang='grc' dir='ltr'>τούτων</span> <span class='ocrx_word' id='word_1_694' title='bbox 510 4468 733 4520; x_wconf 77' lang='grc' dir='ltr'>πάντων</span> <span class='ocrx_word' id='word_1_695' title='bbox 764 4467 845 4520; x_wconf 79' lang='grc' dir='ltr'>ὅτι</span> <span class='ocrx_word' id='word_1_696' title='bbox 877 4468 928 4519; x_wconf 79' lang='lat' dir='ltr'><strong>oi</strong></span> <span class='ocrx_word' id='word_1_697' title='bbox 977 4471 1058 4531; x_wconf 80' lang='grc' dir='ltr'><strong>εἰς</strong></span> <span class='ocrx_word' id='word_1_698' title='bbox 1107 4469 1348 4540; x_wconf 85' lang='grc' dir='ltr'>Χριστὸν</span> <span class='ocrx_word' id='word_1_699' title='bbox 1388 4472 1850 4538; x_wconf 77' lang='grc' dir='ltr'>πεπιστευκότες,</span> 
     </span>
    </p>
   </div>
   <div class='ocr_carea' id='block_1_88' title="bbox 1965 4464 3551 4553">
    <p class='ocr_par' dir='ltr' id='par_1_88' title="bbox 1968 4464 3551 4536">
     <span class='ocr_line' id='line_1_89' title="bbox 1968 4464 3551 4536; baseline -0.006 -11"><span class='ocrx_word' id='word_1_700' title='bbox 1968 4470 2061 4525; x_wconf 87' lang='lat' dir='ltr'><strong>Dei</strong></span> <span class='ocrx_word' id='word_1_701' title='bbox 2095 4479 2150 4525; x_wconf 91' lang='lat' dir='ltr'><strong>et</strong></span> <span class='ocrx_word' id='word_1_702' title='bbox 2182 4482 2323 4535; x_wconf 86' lang='lat' dir='ltr'><strong>esse,</strong></span> <span class='ocrx_word' id='word_1_703' title='bbox 2355 4478 2413 4522; x_wconf 91' lang='lat' dir='ltr'><strong>et</strong></span> <span class='ocrx_word' id='word_1_704' title='bbox 2439 4468 2514 4521; x_wconf 87' lang='lat' dir='ltr'><strong>ita</strong></span> <span class='ocrx_word' id='word_1_705' title='bbox 2542 4465 2804 4536; x_wconf 85' lang='lat' dir='ltr'><strong>appellari</strong></span> <span class='ocrx_word' id='word_1_706' title='bbox 2839 4464 3036 4534; x_wconf 84' lang='lat' dir='ltr'><strong>dignos</strong></span> <span class='ocrx_word' id='word_1_707' title='bbox 3073 4483 3088 4519; x_wconf 91' lang='lat'><strong>:</strong></span> <span class='ocrx_word' id='word_1_708' title='bbox 3117 4472 3551 4533; x_wconf 82' lang='lat' dir='ltr'><strong>consequenter-</strong></span> 
     </span>
    </p>
   </div>
   <div class='ocr_carea' id='block_1_89' title="bbox 256 4558 1855 4635">
    <p class='ocr_par' dir='ltr' id='par_1_89' title="bbox 256 4558 1855 4635">
     <span class='ocr_line' id='line_1_90' title="bbox 256 4558 1855 4635; baseline 0.004 -22"><span class='ocrx_word' id='word_1_709' title='bbox 256 4560 362 4613; x_wconf 75' lang='grc' dir='ltr'><strong>καὶ</strong></span> <span class='ocrx_word' id='word_1_710' title='bbox 389 4558 450 4612; x_wconf 79' lang='grc' dir='ltr'>τὸ</span> <span class='ocrx_word' id='word_1_711' title='bbox 482 4558 712 4630; x_wconf 81' lang='grc' dir='ltr'>Πνεῦμα</span> <span class='ocrx_word' id='word_1_712' title='bbox 736 4559 1022 4632; x_wconf 67' lang='grc' dir='ltr'>δεξάμενοι</span> <span class='ocrx_word' id='word_1_713' title='bbox 1047 4562 1109 4615; x_wconf 79' lang='grc' dir='ltr'>τὸ</span> <span class='ocrx_word' id='word_1_714' title='bbox 1133 4563 1231 4631; x_wconf 77' lang='grc' dir='ltr'><strong>τῆς</strong></span> <span class='ocrx_word' id='word_1_715' title='bbox 1261 4563 1487 4635; x_wconf 81' lang='grc' dir='ltr'>χάριτος</span> <span class='ocrx_word' id='word_1_716' title='bbox 1512 4563 1602 4617; x_wconf 75' lang='grc' dir='ltr'><strong>διὰ</strong></span> <span class='ocrx_word' id='word_1_717' title='bbox 1627 4564 1729 4634; x_wconf 84' lang='grc' dir='ltr'><strong>τῆς</strong></span> <span class='ocrx_word' id='word_1_718' title='bbox 1758 4565 1855 4620; x_wconf 87' lang='grc' dir='ltr'><strong>τοῦ</strong></span> 
     </span>
    </p>
   </div>
   <div class='ocr_carea' id='block_1_90' title="bbox 257 4648 1840 4723">
    <p class='ocr_par' dir='ltr' id='par_1_90' title="bbox 257 4648 1840 4723">
     <span class='ocr_line' id='line_1_91' title="bbox 257 4648 1840 4723; baseline 0.002 -17"><span class='ocrx_word' id='word_1_719' title='bbox 257 4650 417 4706; x_wconf 83' lang='grc' dir='ltr'>θείου</span> <span class='ocrx_word' id='word_1_720' title='bbox 452 4651 684 4723; x_wconf 80' lang='grc' dir='ltr'>λουτροῦ</span> <span class='ocrx_word' id='word_1_721' title='bbox 719 4653 1065 4723; x_wconf 75' lang='grc' dir='ltr'>καθάρσεως,</span> <span class='ocrx_word' id='word_1_722' title='bbox 1103 4653 1233 4718; x_wconf 78' lang='grc' dir='ltr'><strong>ναὸς</strong></span> <span class='ocrx_word' id='word_1_723' title='bbox 1267 4651 1406 4707; x_wconf 87' lang='grc' dir='ltr'>Θεοῦ</span> <span class='ocrx_word' id='word_1_724' title='bbox 1440 4655 1535 4708; x_wconf 75' lang='grc' dir='ltr'>καὶ</span> <span class='ocrx_word' id='word_1_725' title='bbox 1563 4648 1708 4710; x_wconf 73' lang='grc' dir='ltr'>εἶναι</span> <span class='ocrx_word' id='word_1_726' title='bbox 1742 4657 1840 4710; x_wconf 76' lang='grc' dir='ltr'>καὶ</span> 
     </span>
    </p>
   </div>
   <div class='ocr_carea' id='block_1_91' title="bbox 254 4743 1861 4820">
    <p class='ocr_par' dir='ltr' id='par_1_91' title="bbox 254 4743 1861 4820">
     <span class='ocr_line' id='line_1_92' title="bbox 254 4743 1861 4820; baseline 0.004 -23"><span class='ocrx_word' id='word_1_727' title='bbox 254 4743 523 4813; x_wconf 77' lang='grc' dir='ltr'>λέγεσθαι</span> <span class='ocrx_word' id='word_1_728' title='bbox 548 4745 812 4814; x_wconf 58' lang='grc' dir='ltr'><strong>⁴ἠξίωνται</strong></span> <span class='ocrx_word' id='word_1_729' title='bbox 828 4761 841 4774; x_wconf 90' lang='grc'><strong>·</strong></span> <span class='ocrx_word' id='word_1_730' title='bbox 865 4745 1007 4800; x_wconf 77' lang='grc' dir='ltr'>ὥστε</span> <span class='ocrx_word' id='word_1_731' title='bbox 1030 4749 1099 4800; x_wconf 81' lang='grc' dir='ltr'>ἐκ</span> <span class='ocrx_word' id='word_1_732' title='bbox 1120 4745 1216 4799; x_wconf 89' lang='grc' dir='ltr'><strong>τοῦ</strong></span> <span class='ocrx_word' id='word_1_733' title='bbox 1239 4746 1630 4813; x_wconf 83' lang='grc' dir='ltr'>ἀκολούθου,οί</span> <span class='ocrx_word' id='word_1_734' title='bbox 1652 4748 1861 4820; x_wconf 81' lang='grc' dir='ltr'>κατάρ-</span> 
     </span>
    </p>
   </div>
   <div class='ocr_carea' id='block_1_92' title="bbox 258 4832 1854 4910">
    <p class='ocr_par' dir='ltr' id='par_1_92' title="bbox 258 4832 1854 4910">
     <span class='ocr_line' id='line_1_93' title="bbox 258 4832 1854 4910; baseline 0.004 -20"><span class='ocrx_word' id='word_1_735' title='bbox 258 4837 459 4903; x_wconf 84' lang='grc' dir='ltr'>ξαντες</span> <span class='ocrx_word' id='word_1_736' title='bbox 495 4833 673 4905; x_wconf 80' lang='grc' dir='ltr'>λέγειν</span> <span class='ocrx_word' id='word_1_737' title='bbox 697 4836 940 4902; x_wconf 79' lang='grc' dir='ltr'>εἰδώλοις</span> <span class='ocrx_word' id='word_1_738' title='bbox 974 4838 1356 4910; x_wconf 77' lang='grc' dir='ltr'>προσκεῖσθαι,</span> <span class='ocrx_word' id='word_1_739' title='bbox 1395 4838 1523 4902; x_wconf 84' lang='grc' dir='ltr'>ναὸς</span> <span class='ocrx_word' id='word_1_740' title='bbox 1554 4832 1854 4909; x_wconf 79' lang='grc' dir='ltr'>δαιμονίων</span> 
     </span>
    </p>
   </div>
   <div class='ocr_carea' id='block_1_93' title="bbox 257 4930 1855 5005">
    <p class='ocr_par' dir='ltr' id='par_1_93' title="bbox 257 4930 1855 5005">
     <span class='ocr_line' id='line_1_94' title="bbox 257 4930 1855 5005; baseline 0.003 -22"><span class='ocrx_word' id='word_1_741' title='bbox 257 4930 570 4999; x_wconf 83' lang='grc' dir='ltr'>πεφήναοιν</span> <span class='ocrx_word' id='word_1_742' title='bbox 608 4944 623 4958; x_wconf 89' lang='grc'><strong>·</strong></span> <span class='ocrx_word' id='word_1_743' title='bbox 655 4932 705 4983; x_wconf 81' lang='grc' dir='ltr'>εἰ</span> <span class='ocrx_word' id='word_1_744' title='bbox 732 4930 790 4983; x_wconf 85' lang='grc' dir='ltr'>δὲ</span> <span class='ocrx_word' id='word_1_745' title='bbox 814 4931 916 4984; x_wconf 80' lang='grc' dir='ltr'><strong>οὐκ</strong></span> <span class='ocrx_word' id='word_1_746' title='bbox 959 4931 1078 4985; x_wconf 73' lang='grc' dir='ltr'>ἔστι</span> <span class='ocrx_word' id='word_1_747' title='bbox 1114 4931 1372 4986; x_wconf 77' lang='grc' dir='ltr'>κοινωνία</span> <span class='ocrx_word' id='word_1_748' title='bbox 1402 4931 1517 5004; x_wconf 82' lang='grc' dir='ltr'><strong>ναῷ</strong></span> <span class='ocrx_word' id='word_1_749' title='bbox 1546 4932 1683 4987; x_wconf 90' lang='grc' dir='ltr'>Θεοῦ</span> <span class='ocrx_word' id='word_1_750' title='bbox 1713 4935 1855 5005; x_wconf 80' lang='grc' dir='ltr'>μετὰ</span> 
     </span>
    </p>
   </div>
   <div class='ocr_carea' id='block_1_94' title="bbox 254 5016 1856 5091">
    <p class='ocr_par' dir='ltr' id='par_1_94' title="bbox 254 5016 1856 5091">
     <span class='ocr_line' id='line_1_95' title="bbox 254 5016 1856 5091; baseline -0.001 -17"><span class='ocrx_word' id='word_1_751' title='bbox 254 5018 524 5085; x_wconf 79' lang='grc' dir='ltr'>εἰδώλων,</span> <span class='ocrx_word' id='word_1_752' title='bbox 555 5019 716 5090; x_wconf 84' lang='grc' dir='ltr'>δῆλον</span> <span class='ocrx_word' id='word_1_753' title='bbox 747 5019 824 5084; x_wconf 80' lang='grc' dir='ltr'><strong>ὡς</strong></span> <span class='ocrx_word' id='word_1_754' title='bbox 857 5021 905 5073; x_wconf 77' lang='lat' dir='ltr'><strong>ei</strong></span> <span class='ocrx_word' id='word_1_755' title='bbox 937 5020 1033 5073; x_wconf 90' lang='grc' dir='ltr'><strong>νῦν</strong></span> <span class='ocrx_word' id='word_1_756' title='bbox 1072 5020 1173 5091; x_wconf 80' lang='grc' dir='ltr'><strong>τῆς</strong></span> <span class='ocrx_word' id='word_1_757' title='bbox 1206 5019 1497 5085; x_wconf 84' lang='grc' dir='ltr'>ἀπειθείας</span> <span class='ocrx_word' id='word_1_758' title='bbox 1524 5023 1655 5089; x_wconf 74' lang='grc' dir='ltr'>υἱοὶ,</span> <span class='ocrx_word' id='word_1_759' title='bbox 1687 5023 1747 5076; x_wconf 81' lang='grc' dir='ltr'>ὲν</span> <span class='ocrx_word' id='word_1_760' title='bbox 1772 5016 1856 5086; x_wconf 74' lang='grc' dir='ltr'><strong>οἷς</strong></span> 
     </span>
    </p>
   </div>
   <div class='ocr_carea' id='block_1_95' title="bbox 252 5112 1853 5186">
    <p class='ocr_par' dir='ltr' id='par_1_95' title="bbox 252 5112 1853 5186">
     <span class='ocr_line' id='line_1_96' title="bbox 252 5112 1853 5186; baseline 0.002 -20"><span class='ocrx_word' id='word_1_761' title='bbox 252 5112 323 5167; x_wconf 73' lang='grc' dir='ltr'>τὸ</span> <span class='ocrx_word' id='word_1_762' title='bbox 349 5112 574 5182; x_wconf 85' lang='grc' dir='ltr'>πνεῦμα</span> <span class='ocrx_word' id='word_1_763' title='bbox 604 5112 666 5166; x_wconf 78' lang='grc' dir='ltr'>τὸ</span> <span class='ocrx_word' id='word_1_764' title='bbox 697 5115 943 5167; x_wconf 75' lang='grc' dir='ltr'>ἐναντίον</span> <span class='ocrx_word' id='word_1_765' title='bbox 975 5115 1213 5186; x_wconf 85' lang='grc' dir='ltr'>ἐνεργεῖ,</span> <span class='ocrx_word' id='word_1_766' title='bbox 1266 5115 1368 5183; x_wconf 83' lang='grc' dir='ltr'><strong>τῆς</strong></span> <span class='ocrx_word' id='word_1_767' title='bbox 1394 5113 1659 5179; x_wconf 84' lang='grc' dir='ltr'>ἀληθείας</span> <span class='ocrx_word' id='word_1_768' title='bbox 1716 5116 1853 5170; x_wconf 64' lang='grc' dir='ltr'>καθ’</span> 
     </span>
    </p>
   </div>
   <div class='ocr_carea' id='block_1_96' title="bbox 256 5206 1856 5280">
    <p class='ocr_par' dir='ltr' id='par_1_96' title="bbox 256 5206 1856 5280">
     <span class='ocr_line' id='line_1_97' title="bbox 256 5206 1856 5280; baseline 0.001 -19"><span class='ocrx_word' id='word_1_769' title='bbox 256 5206 587 5277; x_wconf 76' lang='grc' dir='ltr'>υλακτοῦσι,</span> <span class='ocrx_word' id='word_1_770' title='bbox 611 5206 689 5277; x_wconf 79' lang='grc' dir='ltr'>τῷ</span> <span class='ocrx_word' id='word_1_771' title='bbox 715 5207 857 5279; x_wconf 84' lang='grc' dir='ltr'>ἁγίῳ</span> <span class='ocrx_word' id='word_1_772' title='bbox 885 5207 1275 5278; x_wconf 81' lang='grc' dir='ltr'>ἁνθιστάμενοι</span> <span class='ocrx_word' id='word_1_773' title='bbox 1317 5208 1622 5280; x_wconf 79' lang='grc' dir='ltr'>Πνεῦματι,</span> <span class='ocrx_word' id='word_1_774' title='bbox 1659 5209 1856 5263; x_wconf 78' lang='grc' dir='ltr'>εἴδωλα</span> 
     </span>
    </p>
   </div>
   <div class='ocr_carea' id='block_1_97' title="bbox 253 5297 1851 5369">
    <p class='ocr_par' dir='ltr' id='par_1_97' title="bbox 253 5297 1851 5369">
     <span class='ocr_line' id='line_1_98' title="bbox 253 5297 1851 5369; baseline 0.002 -18"><span class='ocrx_word' id='word_1_775' title='bbox 253 5297 568 5368; x_wconf 78' lang='grc' dir='ltr'>φάσκοντες</span> <span class='ocrx_word' id='word_1_776' title='bbox 599 5298 969 5368; x_wconf 78' lang='grc' dir='ltr'>Χριστιανοὺς</span> <span class='ocrx_word' id='word_1_777' title='bbox 1023 5297 1360 5369; x_wconf 78' lang='grc' dir='ltr'>σεϐασθῆναι</span> <span class='ocrx_word' id='word_1_778' title='bbox 1388 5341 1405 5367; x_wconf 91' lang='grc'><strong>,</strong></span> <span class='ocrx_word' id='word_1_779' title='bbox 1454 5300 1550 5353; x_wconf 76' lang='grc' dir='ltr'><strong>καὶ</strong></span> <span class='ocrx_word' id='word_1_780' title='bbox 1582 5300 1673 5352; x_wconf 77' lang='grc' dir='ltr'><strong>τὸν</strong></span> <span class='ocrx_word' id='word_1_781' title='bbox 1723 5301 1851 5354; x_wconf 83' lang='grc' dir='ltr'>ναὸν</span> 
     </span>
    </p>
   </div>
   <div class='ocr_carea' id='block_1_98' title="bbox 253 5386 1847 5461">
    <p class='ocr_par' dir='ltr' id='par_1_98' title="bbox 253 5386 1847 5461">
     <span class='ocr_line' id='line_1_99' title="bbox 253 5386 1847 5461; baseline 0.001 -19"><span class='ocrx_word' id='word_1_782' title='bbox 253 5386 564 5459; x_wconf 83' lang='grc' dir='ltr'>δαιμονίων</span> <span class='ocrx_word' id='word_1_783' title='bbox 598 5388 1368 5461; x_wconf 56' lang='grc' dir='ltr'>γεγενῆσθαιίτολμήσαντες</span> <span class='ocrx_word' id='word_1_784' title='bbox 1407 5391 1807 5459; x_wconf 64' lang='grc' dir='ltr'>ἀποφαίνεσθαι</span> <span class='ocrx_word' id='word_1_785' title='bbox 1834 5407 1847 5421; x_wconf 81' lang='lat'>&#39;</span> 
     </span>
    </p>
   </div>
   <div class='ocr_carea' id='block_1_99' title="bbox 252 5474 1853 5627">
    <p class='ocr_par' dir='ltr' id='par_1_99' title="bbox 252 5474 1853 5627">
     <span class='ocr_line' id='line_1_100' title="bbox 252 5474 1853 5553; baseline 0.001 -19"><span class='ocrx_word' id='word_1_786' title='bbox 252 5474 343 5544; x_wconf 77' lang='grc' dir='ltr'><strong>οἷς</strong></span> <span class='ocrx_word' id='word_1_787' title='bbox 377 5483 460 5543; x_wconf 81' lang='grc' dir='ltr'>είς</span> <span class='ocrx_word' id='word_1_788' title='bbox 489 5479 713 5551; x_wconf 71' lang='grc' dir='ltr'>ἔλεγχον</span> <span class='ocrx_word' id='word_1_789' title='bbox 743 5480 812 5534; x_wconf 80' lang='grc' dir='ltr'>τὰ</span> <span class='ocrx_word' id='word_1_790' title='bbox 857 5480 981 5551; x_wconf 84' lang='grc' dir='ltr'>ἱερὰ</span> <span class='ocrx_word' id='word_1_791' title='bbox 1010 5480 1184 5551; x_wconf 77' lang='grc' dir='ltr'>πρόκε</span> <span class='ocrx_word' id='word_1_792' title='bbox 1212 5498 1332 5537; x_wconf 86' lang='grc' dir='ltr'>νται</span> <span class='ocrx_word' id='word_1_793' title='bbox 1376 5483 1582 5551; x_wconf 85' lang='grc' dir='ltr'>Λόγια,</span> <span class='ocrx_word' id='word_1_794' title='bbox 1616 5483 1853 5553; x_wconf 75' lang='grc' dir='ltr'>φοϐερὰν</span> 
     </span>
     <span class='ocr_line' id='line_1_101' title="bbox 256 5500 1851 5627; baseline 0.001 -1"><span class='ocrx_word' id='word_1_795' title='bbox 256 5552 449 5627; x_wconf 76' lang='grc' dir='ltr'>αὐτῶν</span> <span class='ocrx_word' id='word_1_796' title='bbox 491 5573 591 5627; x_wconf 79' lang='grc' dir='ltr'>τὴν</span> <span class='ocrx_word' id='word_1_797' title='bbox 627 5572 786 5627; x_wconf 81' lang='grc' dir='ltr'>δίκην</span> <span class='ocrx_word' id='word_1_798' title='bbox 842 5573 1000 5627; x_wconf 78' lang='grc' dir='ltr'>παρὰ</span> <span class='ocrx_word' id='word_1_799' title='bbox 1051 5500 1212 5627; x_wconf 44' lang='grc' dir='ltr'>Θεοὲ</span> <span class='ocrx_word' id='word_1_800' title='bbox 1249 5573 1641 5627; x_wconf 71' lang='grc' dir='ltr'>καθοοίίοντα·</span> <span class='ocrx_word' id='word_1_801' title='bbox 1708 5575 1851 5627; x_wconf 80' lang='grc' dir='ltr'>οὕτω</span> 
     </span>
    </p>
   </div>
   <div class='ocr_carea' id='block_1_100' title="bbox 256 5572 1851 5648">
    <p class='ocr_par' dir='ltr' id='par_1_100' title="bbox 256 5572 1851 5648">
     <span class='ocr_line' id='line_1_102' title="bbox 256 5572 1851 5648; baseline 0.003 -22"><span class='ocrx_word' id='word_1_802' title='bbox 256 5572 449 5627; x_wconf 76' lang='grc' dir='ltr'>αὐτῶν</span> <span class='ocrx_word' id='word_1_803' title='bbox 491 5573 591 5645; x_wconf 86' lang='grc' dir='ltr'><strong>τὴν</strong></span> <span class='ocrx_word' id='word_1_804' title='bbox 627 5572 786 5645; x_wconf 81' lang='grc' dir='ltr'>δίκην</span> <span class='ocrx_word' id='word_1_805' title='bbox 842 5573 1000 5648; x_wconf 79' lang='grc' dir='ltr'>παρὰ</span> <span class='ocrx_word' id='word_1_806' title='bbox 1051 5572 1209 5627; x_wconf 64' lang='grc' dir='ltr'>Θεοῦ</span> <span class='ocrx_word' id='word_1_807' title='bbox 1249 5573 1641 5644; x_wconf 71' lang='grc' dir='ltr'>καθορίζοντα·</span> <span class='ocrx_word' id='word_1_808' title='bbox 1708 5575 1851 5630; x_wconf 80' lang='grc' dir='ltr'>οὕτω</span> 
     </span>
    </p>
   </div>
   <div class='ocr_carea' id='block_1_101' title="bbox 337 5772 2133 5846">
    <p class='ocr_par' dir='ltr' id='par_1_101' title="bbox 337 5772 2133 5846">
     <span class='ocr_line' id='line_1_103' title="bbox 337 5772 2133 5846; baseline 0.004 -21"><span class='ocrx_word' id='word_1_809' title='bbox 337 5772 575 5846; x_wconf 70' lang='lat' dir='ltr'><strong>’°__Psal.</strong></span> <span class='ocrx_word' id='word_1_810' title='bbox 610 5790 758 5846; x_wconf 65' lang='lat' dir='ltr'><strong>uix,</strong></span> <span class='ocrx_word' id='word_1_811' title='bbox 792 5774 878 5827; x_wconf 74' lang='grc' dir='ltr'>Μ.</span> <span class='ocrx_word' id='word_1_812' title='bbox 956 5774 1009 5846; x_wconf 45' lang='lat'><strong>_&#39;”</strong></span> <span class='ocrx_word' id='word_1_813' title='bbox 1044 5773 1148 5846; x_wconf 86' lang='lat' dir='ltr'><strong>lsa.</strong></span> <span class='ocrx_word' id='word_1_814' title='bbox 1198 5791 1361 5829; x_wconf 63' lang='lat' dir='ltr'><strong>xxxv.</strong></span> <span class='ocrx_word' id='word_1_815' title='bbox 1401 5776 1451 5827; x_wconf 90' lang='lat'><strong>8.</strong></span> <span class='ocrx_word' id='word_1_816' title='bbox 1531 5774 1578 5809; x_wconf 77' lang='grc' dir='ltr'><strong>⁸ο</strong></span> <span class='ocrx_word' id='word_1_817' title='bbox 1620 5776 2008 5846; x_wconf 65' lang='grc' dir='ltr'>Ειι1ι85.ν,ῗι5,</span> <span class='ocrx_word' id='word_1_818' title='bbox 2041 5779 2133 5833; x_wconf 71' lang='grc'><strong>26.</strong></span> 
     </span>
    </p>
   </div>
   <div class='ocr_carea' id='block_1_102' title="bbox 278 5843 1730 5933">
    <p class='ocr_par' dir='ltr' id='par_1_102' title="bbox 278 5843 1730 5933">
     <span class='ocr_line' id='line_1_104' title="bbox 278 5843 1730 5933; baseline -0.003 -34"><span class='ocrx_word' id='word_1_819' title='bbox 278 5858 365 5909; x_wconf 86' lang='grc' dir='ltr'>ιιι,</span> <span class='ocrx_word' id='word_1_820' title='bbox 396 5843 450 5901; x_wconf 85' lang='grc'>5.</span> <span class='ocrx_word' id='word_1_821' title='bbox 527 5843 576 5875; x_wconf 69' lang='grc'><strong>⁸⁵</strong></span> <span class='ocrx_word' id='word_1_822' title='bbox 611 5845 789 5901; x_wconf 70' lang='grc' dir='ltr'>ιευν.</span> <span class='ocrx_word' id='word_1_823' title='bbox 835 5859 917 5911; x_wconf 85' lang='grc' dir='ltr'>ιιι,</span> <span class='ocrx_word' id='word_1_824' title='bbox 952 5843 1016 5899; x_wconf 79' lang='lat' dir='ltr'><strong>i6</strong></span> <span class='ocrx_word' id='word_1_825' title='bbox 1113 5845 1157 5876; x_wconf 79' lang='grc'><strong>⁸⁵</strong></span> <span class='ocrx_word' id='word_1_826' title='bbox 1202 5846 1219 5898; x_wconf 93' lang='lat' dir='ltr'><strong>l</strong></span> <span class='ocrx_word' id='word_1_827' title='bbox 1259 5847 1388 5899; x_wconf 72' lang='lat' dir='ltr'><strong>(lor.</strong></span> <span class='ocrx_word' id='word_1_828' title='bbox 1416 5863 1487 5912; x_wconf 76' lang='grc' dir='ltr'>γι,</span> <span class='ocrx_word' id='word_1_829' title='bbox 1520 5847 1730 5933; x_wconf 32' lang='grc' dir='ltr'>ις’,ιξοη</span> 
     </span>
    </p>
   </div>
   <div class='ocr_carea' id='block_1_103' title="bbox 1962 4556 3547 4631">
    <p class='ocr_par' dir='ltr' id='par_1_103' title="bbox 1962 4556 3547 4631">
     <span class='ocr_line' id='line_1_105' title="bbox 1962 4556 3547 4631; baseline -0.004 -18"><span class='ocrx_word' id='word_1_830' title='bbox 1962 4577 2069 4631; x_wconf 84' lang='lat' dir='ltr'><strong>que</strong></span> <span class='ocrx_word' id='word_1_831' title='bbox 2103 4561 2224 4616; x_wconf 88' lang='lat' dir='ltr'><strong>illos</strong></span> <span class='ocrx_word' id='word_1_832' title='bbox 2272 4561 2366 4629; x_wconf 88' lang='lat' dir='ltr'><strong>qui</strong></span> <span class='ocrx_word' id='word_1_833' title='bbox 2411 4560 2509 4613; x_wconf 85' lang='lat' dir='ltr'><strong>hos</strong></span> <span class='ocrx_word' id='word_1_834' title='bbox 2548 4557 2871 4612; x_wconf 69' lang='lat' dir='ltr'><strong>idololatrias</strong></span> <span class='ocrx_word' id='word_1_835' title='bbox 2918 4557 3104 4612; x_wconf 87' lang='lat' dir='ltr'><strong>dicere</strong></span> <span class='ocrx_word' id='word_1_836' title='bbox 3142 4556 3547 4618; x_wconf 83' lang='lat' dir='ltr'><strong>instituerunt,</strong></span> 
     </span>
    </p>
   </div>
   <div class='ocr_carea' id='block_1_104' title="bbox 1961 4648 3549 4721">
    <p class='ocr_par' dir='ltr' id='par_1_104' title="bbox 1961 4648 3549 4721">
     <span class='ocr_line' id='line_1_106' title="bbox 1961 4648 3549 4721; baseline -0.007 -9"><span class='ocrx_word' id='word_1_837' title='bbox 1961 4657 2264 4712; x_wconf 66' lang='lat' dir='ltr'><strong>daemonum</strong></span> <span class='ocrx_word' id='word_1_838' title='bbox 2317 4667 2439 4708; x_wconf 87' lang='lat' dir='ltr'><strong>esse</strong></span> <span class='ocrx_word' id='word_1_839' title='bbox 2495 4651 2692 4720; x_wconf 86' lang='lat' dir='ltr'><strong>templa</strong></span> <span class='ocrx_word' id='word_1_840' title='bbox 2745 4661 2990 4721; x_wconf 84' lang='lat' dir='ltr'><strong>apparet.</strong></span> <span class='ocrx_word' id='word_1_841' title='bbox 3054 4648 3208 4717; x_wconf 85' lang='lat' dir='ltr'><strong>Quod</strong></span> <span class='ocrx_word' id='word_1_842' title='bbox 3238 4650 3283 4703; x_wconf 91' lang='lat' dir='ltr'><strong>si</strong></span> <span class='ocrx_word' id='word_1_843' title='bbox 3325 4664 3433 4702; x_wconf 91' lang='lat' dir='ltr'><strong>non</strong></span> <span class='ocrx_word' id='word_1_844' title='bbox 3464 4659 3549 4702; x_wconf 87' lang='lat' dir='ltr'><strong>est</strong></span> 
     </span>
    </p>
   </div>
   <div class='ocr_carea' id='block_1_105' title="bbox 1959 4742 3550 4811">
    <p class='ocr_par' dir='ltr' id='par_1_105' title="bbox 1959 4742 3550 4811">
     <span class='ocr_line' id='line_1_107' title="bbox 1959 4742 3550 4811; baseline -0.003 -7"><span class='ocrx_word' id='word_1_845' title='bbox 1959 4748 2272 4805; x_wconf 90' lang='lat' dir='ltr'><strong>communio</strong></span> <span class='ocrx_word' id='word_1_846' title='bbox 2296 4745 2391 4801; x_wconf 90' lang='lat' dir='ltr'><strong>Dei</strong></span> <span class='ocrx_word' id='word_1_847' title='bbox 2420 4761 2544 4801; x_wconf 90' lang='lat' dir='ltr'><strong>cum</strong></span> <span class='ocrx_word' id='word_1_848' title='bbox 2575 4746 2757 4811; x_wconf 84' lang='lat' dir='ltr'><strong>idolis,</strong></span> <span class='ocrx_word' id='word_1_849' title='bbox 2787 4754 3006 4799; x_wconf 89' lang='lat' dir='ltr'><strong>constat</strong></span> <span class='ocrx_word' id='word_1_850' title='bbox 3036 4742 3332 4798; x_wconf 86' lang='lat' dir='ltr'><strong>hodiernos</strong></span> <span class='ocrx_word' id='word_1_851' title='bbox 3361 4743 3550 4800; x_wconf 74' lang='lat' dir='ltr'><strong>inobo-</strong></span> 
     </span>
    </p>
   </div>
   <div class='ocr_carea' id='block_1_106' title="bbox 1959 4836 3547 4909">
    <p class='ocr_par' dir='ltr' id='par_1_106' title="bbox 1959 4836 3547 4909">
     <span class='ocr_line' id='line_1_108' title="bbox 1959 4836 3547 4909; baseline -0.004 -13"><span class='ocrx_word' id='word_1_852' title='bbox 1959 4842 2181 4897; x_wconf 71' lang='lat' dir='ltr'><strong>dientia:</strong></span> <span class='ocrx_word' id='word_1_853' title='bbox 2213 4840 2376 4906; x_wconf 85' lang='lat' dir='ltr'><strong>ﬁlios,</strong></span> <span class='ocrx_word' id='word_1_854' title='bbox 2408 4840 2460 4894; x_wconf 91' lang='lat' dir='ltr'><strong>in</strong></span> <span class='ocrx_word' id='word_1_855' title='bbox 2497 4842 2703 4909; x_wconf 89' lang='lat' dir='ltr'><strong>quibus</strong></span> <span class='ocrx_word' id='word_1_856' title='bbox 2750 4839 3064 4895; x_wconf 88' lang='lat' dir='ltr'><strong>contrarius</strong></span> <span class='ocrx_word' id='word_1_857' title='bbox 3098 4836 3327 4909; x_wconf 88' lang='lat' dir='ltr'><strong>spiritus</strong></span> <span class='ocrx_word' id='word_1_858' title='bbox 3350 4852 3547 4906; x_wconf 85' lang='lat' dir='ltr'><strong>opera-</strong></span> 
     </span>
    </p>
   </div>
   <div class='ocr_carea' id='block_1_107' title="bbox 1959 4928 3547 5001">
    <p class='ocr_par' dir='ltr' id='par_1_107' title="bbox 1959 4928 3547 5001">
     <span class='ocr_line' id='line_1_109' title="bbox 1959 4928 3547 5001; baseline -0.004 -14"><span class='ocrx_word' id='word_1_859' title='bbox 1959 4943 2072 5001; x_wconf 92' lang='lat' dir='ltr'><strong>tur,</strong></span> <span class='ocrx_word' id='word_1_860' title='bbox 2110 4933 2396 4988; x_wconf 87' lang='lat' dir='ltr'><strong>veritatem</strong></span> <span class='ocrx_word' id='word_1_861' title='bbox 2423 4932 2684 4987; x_wconf 84' lang='lat' dir='ltr'><strong>allatrare</strong></span> <span class='ocrx_word' id='word_1_862' title='bbox 2719 4943 2915 4989; x_wconf 87' lang='lat' dir='ltr'><strong>sancto</strong></span> <span class='ocrx_word' id='word_1_863' title='bbox 2945 4931 3268 4988; x_wconf 88' lang='lat' dir='ltr'><strong>resistentes</strong></span> <span class='ocrx_word' id='word_1_864' title='bbox 3292 4928 3547 4998; x_wconf 84' lang='lat' dir='ltr'><strong>Spiritui,</strong></span> 
     </span>
    </p>
   </div>
   <div class='ocr_carea' id='block_1_108' title="bbox 1960 5022 3551 5093">
    <p class='ocr_par' dir='ltr' id='par_1_108' title="bbox 1960 5022 3551 5093">
     <span class='ocr_line' id='line_1_110' title="bbox 1960 5022 3551 5093; baseline -0.001 -17"><span class='ocrx_word' id='word_1_865' title='bbox 1960 5022 2089 5076; x_wconf 93' lang='lat' dir='ltr'><strong>dum</strong></span> <span class='ocrx_word' id='word_1_866' title='bbox 2147 5022 2301 5077; x_wconf 89' lang='lat' dir='ltr'><strong>aiunt</strong></span> <span class='ocrx_word' id='word_1_867' title='bbox 2349 5023 2697 5079; x_wconf 83' lang='lat' dir='ltr'><strong>Christianos</strong></span> <span class='ocrx_word' id='word_1_868' title='bbox 2745 5022 2888 5079; x_wconf 81' lang='lat' dir='ltr'><strong>idola</strong></span> <span class='ocrx_word' id='word_1_869' title='bbox 2950 5024 3134 5080; x_wconf 85' lang='lat' dir='ltr'><strong>colere</strong></span> <span class='ocrx_word' id='word_1_870' title='bbox 3162 5068 3177 5093; x_wconf 91' lang='lat'><strong>,</strong></span> <span class='ocrx_word' id='word_1_871' title='bbox 3221 5022 3551 5091; x_wconf 82' lang='lat' dir='ltr'><strong>eosdemque</strong></span> 
     </span>
    </p>
   </div>
   <div class='ocr_carea' id='block_1_109' title="bbox 1961 5113 3542 5186">
    <p class='ocr_par' dir='ltr' id='par_1_109' title="bbox 1961 5113 3542 5186">
     <span class='ocr_line' id='line_1_111' title="bbox 1961 5113 3542 5186; baseline -0.001 -18"><span class='ocrx_word' id='word_1_872' title='bbox 1961 5113 2140 5170; x_wconf 79' lang='lat' dir='ltr'><strong>factos</strong></span> <span class='ocrx_word' id='word_1_873' title='bbox 2171 5128 2295 5171; x_wconf 87' lang='lat' dir='ltr'><strong>esse</strong></span> <span class='ocrx_word' id='word_1_874' title='bbox 2326 5115 2636 5171; x_wconf 68' lang='lat' dir='ltr'><strong>daemonum</strong></span> <span class='ocrx_word' id='word_1_875' title='bbox 2673 5118 2957 5186; x_wconf 87' lang='lat' dir='ltr'><strong>templum,</strong></span> <span class='ocrx_word' id='word_1_876' title='bbox 2992 5117 3280 5173; x_wconf 85' lang='lat' dir='ltr'><strong>criminari</strong></span> <span class='ocrx_word' id='word_1_877' title='bbox 3324 5115 3542 5170; x_wconf 82' lang='lat' dir='ltr'><strong>audent.</strong></span> 
     </span>
    </p>
   </div>
   <div class='ocr_carea' id='block_1_110' title="bbox 1968 5206 3547 5277">
    <p class='ocr_par' dir='ltr' id='par_1_110' title="bbox 1968 5206 3547 5277">
     <span class='ocr_line' id='line_1_112' title="bbox 1968 5206 3547 5277; baseline -0.002 -15"><span class='ocrx_word' id='word_1_878' title='bbox 1968 5206 2049 5262; x_wconf 85' lang='lat' dir='ltr'><strong>Ad</strong></span> <span class='ocrx_word' id='word_1_879' title='bbox 2096 5222 2335 5277; x_wconf 89' lang='lat' dir='ltr'><strong>quorum</strong></span> <span class='ocrx_word' id='word_1_880' title='bbox 2383 5206 2766 5263; x_wconf 71' lang='lat' dir='ltr'><strong>refutationem</strong></span> <span class='ocrx_word' id='word_1_881' title='bbox 2827 5210 3011 5264; x_wconf 80' lang='lat' dir='ltr'><strong>divina</strong></span> <span class='ocrx_word' id='word_1_882' title='bbox 3052 5216 3272 5264; x_wconf 81' lang='lat' dir='ltr'><strong>exstant</strong></span> <span class='ocrx_word' id='word_1_883' title='bbox 3302 5207 3547 5273; x_wconf 83' lang='lat' dir='ltr'><strong>oracula,</strong></span> 
     </span>
    </p>
   </div>
   <div class='ocr_carea' id='block_1_111' title="bbox 1960 5298 3548 5372">
    <p class='ocr_par' dir='ltr' id='par_1_111' title="bbox 1960 5298 3548 5372">
     <span class='ocr_line' id='line_1_113' title="bbox 1960 5298 3548 5372; baseline 0 -19"><span class='ocrx_word' id='word_1_884' title='bbox 1960 5301 2260 5356; x_wconf 86' lang='lat' dir='ltr'><strong>terribilem</strong></span> <span class='ocrx_word' id='word_1_885' title='bbox 2300 5302 2432 5372; x_wconf 87' lang='lat' dir='ltr'><strong>ipsis</strong></span> <span class='ocrx_word' id='word_1_886' title='bbox 2461 5317 2491 5356; x_wconf 89' lang='lat' dir='ltr'><strong>a</strong></span> <span class='ocrx_word' id='word_1_887' title='bbox 2520 5302 2630 5357; x_wconf 89' lang='lat' dir='ltr'><strong>Deo</strong></span> <span class='ocrx_word' id='word_1_888' title='bbox 2675 5302 2969 5358; x_wconf 83' lang='lat' dir='ltr'><strong>vindictam</strong></span> <span class='ocrx_word' id='word_1_889' title='bbox 3027 5300 3397 5357; x_wconf 75' lang='lat' dir='ltr'><strong>decernentis.</strong></span> <span class='ocrx_word' id='word_1_890' title='bbox 3456 5298 3548 5355; x_wconf 88' lang='lat' dir='ltr'><strong>Sic</strong></span> 
     </span>
    </p>
   </div>
   <div class='ocr_carea' id='block_1_112' title="bbox 1960 5393 3549 5466">
    <p class='ocr_par' dir='ltr' id='par_1_112' title="bbox 1960 5393 3549 5466">
     <span class='ocr_line' id='line_1_114' title="bbox 1960 5393 3549 5466; baseline 0.003 -21"><span class='ocrx_word' id='word_1_891' title='bbox 1960 5408 2092 5461; x_wconf 82' lang='lat' dir='ltr'><strong>ergo</strong></span> <span class='ocrx_word' id='word_1_892' title='bbox 2124 5393 2380 5450; x_wconf 69' lang='lat' dir='ltr'><strong>Ecclesia:</strong></span> <span class='ocrx_word' id='word_1_893' title='bbox 2414 5396 2844 5466; x_wconf 78' lang='lat' dir='ltr'><strong>paranymphus,</strong></span> <span class='ocrx_word' id='word_1_894' title='bbox 2891 5396 3031 5449; x_wconf 91' lang='lat' dir='ltr'><strong>hanc</strong></span> <span class='ocrx_word' id='word_1_895' title='bbox 3080 5393 3423 5464; x_wconf 80' lang='lat' dir='ltr'><strong>coniungens</strong></span> <span class='ocrx_word' id='word_1_896' title='bbox 3456 5408 3549 5449; x_wconf 89' lang='lat' dir='ltr'><strong>co-</strong></span> 
     </span>
    </p>
   </div>
   <div class='ocr_carea' id='block_1_113' title="bbox 1961 5484 3546 5554">
    <p class='ocr_par' dir='ltr' id='par_1_113' title="bbox 1961 5484 3546 5554">
     <span class='ocr_line' id='line_1_115' title="bbox 1961 5484 3546 5554; baseline 0.001 -20"><span class='ocrx_word' id='word_1_897' title='bbox 1961 5484 2262 5553; x_wconf 79' lang='lat' dir='ltr'><strong>pulnnsque</strong></span> <span class='ocrx_word' id='word_1_898' title='bbox 2297 5484 2624 5540; x_wconf 85' lang='lat' dir='ltr'><strong>mirabiliter</strong></span> <span class='ocrx_word' id='word_1_899' title='bbox 2651 5486 2873 5540; x_wconf 90' lang='lat' dir='ltr'><strong>Christo</strong></span> <span class='ocrx_word' id='word_1_900' title='bbox 2900 5498 3124 5553; x_wconf 84' lang='lat' dir='ltr'><strong>sponso,</strong></span> <span class='ocrx_word' id='word_1_901' title='bbox 3167 5484 3331 5554; x_wconf 82' lang='lat' dir='ltr'><strong>idque</strong></span> <span class='ocrx_word' id='word_1_902' title='bbox 3358 5486 3546 5539; x_wconf 67' lang='lat' dir='ltr'><strong>vincu-</strong></span> 
     </span>
    </p>
   </div>
   <div class='ocr_carea' id='block_1_114' title="bbox 1962 5576 3545 5649">
    <p class='ocr_par' dir='ltr' id='par_1_114' title="bbox 1962 5576 3545 5649">
     <span class='ocr_line' id='line_1_116' title="bbox 1962 5576 3545 5649; baseline 0.002 -21"><span class='ocrx_word' id='word_1_903' title='bbox 1962 5576 2070 5629; x_wconf 84' lang='lat' dir='ltr'><strong>lum</strong></span> <span class='ocrx_word' id='word_1_904' title='bbox 2100 5587 2155 5631; x_wconf 81' lang='lat' dir='ltr'><strong>et</strong></span> <span class='ocrx_word' id='word_1_905' title='bbox 2187 5579 2437 5648; x_wconf 82' lang='lat' dir='ltr'><strong>copulam</strong></span> <span class='ocrx_word' id='word_1_906' title='bbox 2487 5580 2821 5649; x_wconf 78' lang='lat' dir='ltr'><strong>astringens,</strong></span> <span class='ocrx_word' id='word_1_907' title='bbox 2872 5592 3070 5647; x_wconf 85' lang='lat' dir='ltr'><strong>corpus</strong></span> <span class='ocrx_word' id='word_1_908' title='bbox 3107 5593 3230 5634; x_wconf 87' lang='lat' dir='ltr'><strong>esse</strong></span> <span class='ocrx_word' id='word_1_909' title='bbox 3260 5578 3464 5632; x_wconf 82' lang='lat' dir='ltr'><strong>Christi</strong></span> <span class='ocrx_word' id='word_1_910' title='bbox 3496 5590 3545 5631; x_wconf 77' lang='lat' dir='ltr'><strong>et</strong></span> 
     </span>
    </p>
   </div>
   <div class='ocr_carea' id='block_1_115' title="bbox 2211 5778 3526 5845">
    <p class='ocr_par' dir='ltr' id='par_1_115' title="bbox 2211 5778 3526 5845">
     <span class='ocr_line' id='line_1_117' title="bbox 2211 5778 3526 5845; baseline -0.002 -12"><span class='ocrx_word' id='word_1_911' title='bbox 2211 5779 2252 5811; x_wconf 78' lang='grc'><strong>⁸³</strong></span> <span class='ocrx_word' id='word_1_912' title='bbox 2297 5778 2403 5833; x_wconf 89' lang='lat' dir='ltr'><strong>Tit.</strong></span> <span class='ocrx_word' id='word_1_913' title='bbox 2439 5794 2498 5844; x_wconf 86' lang='grc' dir='ltr'><strong>ιι,</strong></span> <span class='ocrx_word' id='word_1_914' title='bbox 2532 5778 2614 5833; x_wconf 70' lang='grc'><strong>14.</strong></span> <span class='ocrx_word' id='word_1_915' title='bbox 2693 5781 2738 5811; x_wconf 82' lang='grc'>⁶’</span> <span class='ocrx_word' id='word_1_916' title='bbox 2779 5779 2938 5833; x_wconf 82' lang='lat' dir='ltr'><strong>Rom.</strong></span> <span class='ocrx_word' id='word_1_917' title='bbox 2975 5796 3095 5845; x_wconf 80' lang='lat' dir='ltr'><strong>\‘lll,</strong></span> <span class='ocrx_word' id='word_1_918' title='bbox 3130 5781 3215 5836; x_wconf 84' lang='lat' dir='ltr'><strong>ll.</strong></span> <span class='ocrx_word' id='word_1_919' title='bbox 3292 5779 3339 5812; x_wconf 76' lang='grc'><strong>⁸³</strong></span> <span class='ocrx_word' id='word_1_920' title='bbox 3381 5778 3526 5834; x_wconf 77' lang='lat' dir='ltr'><strong>llebr</strong></span> 
     </span>
    </p>
   </div>
  </div>
