3994 6458
492 400 596 465 695
1494 397 1551 461 S.
1597 398 2012 462 NICEPHORI
2051 399 2559 464 PATRIARCH/E
2595 401 2704 462 CP.
3649 401 3738 463 696

498 524 744 578 membra
794 537 860 576 ex
911 529 1090 589 parte,
1138 533 1416 589 unumque
1474 535 1672 587 corpus
1725 534 1846 573 esse
1889 518 2075 573 inultos

2188 516 2368 570 τοίνυν
2397 515 2497 585 τῆς
2535 514 2870 586 Ἑκκλησίας
2893 517 2921 569 ό
2950 515 3343 585 νυμφαγωγὸς,
3382 512 3737 571 ὲπισυνάπτων

497 616 717 681 deﬂuit;
777 614 1225 684 quandoquidem
1271 629 1436 666 unum
1485 611 1846 679 eamdemque
1889 627 2074 678 pam-m

2184 609 2354 676 αὐτὴν
2386 607 2480 660 καὶ
2507 606 2742 660 συνδέων
2768 605 2846 676 τῷ
2870 609 3148 678 μνηστῆρι
3169 605 3389 678 Χριστῷ
3410 605 3734 674 ὲνθεέστατα,

498 706 884 776 mysteriorum
917 705 1317 760 benedictionis
1370 704 1786 773 participamus,
1823 703 2075 756 unitatem

2185 699 2396 753 καὶτὸν
2453 697 2753 767 σύνδεσμον
2788 698 3134 767 ὲπισφίγγων
3177 699 3271 752 καὶ
3301 698 3398 767 τὴν
3443 697 3735 766 συνάφειαν,

496 813 619 852 cum
653 798 776 869 ipso
807 814 902 867 per
929 798 1090 852 fidem
1126 799 1326 867 adepti.
1355 797 1588 866 Moxque
1613 796 1832 850 sublimi
1859 798 2073 850 eximia

2184 791 2350 861 σῶμα
2387 785 2530 844 εἶναι
2572 789 2815 860 Χριστοῦ
2856 792 2951 844 καὶ
2991 791 3127 861 μέλη
3182 791 3245 843 ἐκ
3287 790 3488 862 μέρους
3514 831 3529 855 ,
3577 791 3664 842 καὶ
3693 791 3739 844 ἓν

497 905 604 958 que
638 891 884 945 doctrina
934 891 1224 945 declarans
1272 891 1695 958 illuaiinansque
1742 890 2074 958 mysterium,

2185 885 2347 956 σῶμα
2382 881 2681 948 εἶναιτοὺς
2726 883 2959 946 πολλοὺς
2988 881 3283 954 διορίζεται
3305 899 3316 910 ·
3353 882 3646 952 ἐπειδήπερ
3691 884 3738 948 ἐξ

497 982 601 1037 sub
649 983 871 1036 humani
909 984 1144 1053 conjugii
1199 982 1452 1052 imagine,
1489 982 1602 1035 haec
1649 982 1823 1048 pergit
1855 980 2035 1033 dicere
2070 997 2074 1032 :

2186 978 2303 1040 ἑνὸς
2333 975 2547 1030 καὶτοῦ
2581 975 2748 1030 αὑτοῦ
2779 975 2946 1045 ἄρτου
2986 975 3097 1028 τῶν
3123 975 3222 1045 τῆς
3256 973 3508 1042 εὐλογίας
3542 975 3740 1043 μετέχο-

501 1073 585 1127 lta
611 1075 712 1127 viri
741 1076 930 1128 debent
957 1091 1148 1129 uxores
1182 1092 1309 1129 suas
1348 1074 1588 1144 diligere,
1619 1085 1672 1126 ut
1712 1088 1931 1138 corpora
1963 1089 2078 1126 sua.

2188 1087 2290 1139 μεν
2338 1069 2680 1139 μυστηρίων,
2737 1067 2969 1137 ἑνότητα
3007 1067 3107 1138 τήν
3138 1067 3280 1137 πρὸς
3308 1066 3473 1120 αὐτὸν
3505 1065 3738 1136 λαχόντες

498 1163 605 1230 Qui
642 1181 796 1219 suam
849 1181 1067 1219 uxorem
1118 1165 1318 1235 diligit,
1359 1181 1414 1217 se
1452 1166 1625 1232 ipsum
1667 1163 1865 1230 diligit.
1915 1160 2075 1213 Nemo

2181 1159 2270 1213 διὰ
2293 1160 2529 1222 πίστεως
2547 1175 2560 1188 ⁸
2593 1159 2688 1213 καὶ
2707 1159 2784 1221 ὡς
2809 1160 2868 1212 ὲν
2891 1159 3124 1230 θεωρίας
3151 1159 3368 1229 ὑψηλῆς
3389 1159 3486 1211 καὶ
3503 1157 3739 1221 θεοειδοῦς

496 1256 635 1307 enim
668 1272 899 1324 unquam
943 1273 1158 1309 carnem
1205 1272 1356 1309 suam
1397 1255 1518 1308 odio
1555 1253 1758 1315 habuit,
1789 1253 1881 1305 sed
1917 1251 2073 1303 nutrit

2182 1250 2367 1320 τρόπῳ
2396 1250 2678 1319 διασαφῶν
2709 1250 2801 1304 καὶ
2838 1250 3057 1321 τρανῶν
3086 1251 3147 1303 τὸ
3191 1251 3514 1320 μυστήριον,
3546 1247 3628 1300 διὰ
3659 1247 3739 1316 τῆς

495 1357 541 1399 et
575 1347 714 1413 foret
740 1365 877 1413 eam,
904 1351 1042 1402 sicut
1068 1359 1115 1402 et
1147 1348 1390 1403 Christus
1417 1347 1744 1410 Ecclesium;
1769 1345 1894 1415 quia
1928 1360 2072 1396 ment-

2181 1343 2323 1396 κατὰ
2361 1343 2451 1394 τὸν
2479 1342 2768 1412 ἄνθρωπον
2801 1343 3086 1410 συζυγίας,
3117 1342 3297 1396 τοιάδε
3331 1341 3454 1394 τινὰ
3482 1341 3737 1404 διέξεισιν·

497 1438 590 1491 bra
621 1456 804 1493 sumus
835 1442 1072 1508 cariioris
1101 1441 1242 1510 ejus,
1275 1451 1323 1494 et
1355 1440 1421 1494 de
1448 1440 1654 1493 ossibus
1681 1439 1822 1507 ejus.
1863 1435 2074 1504 Propm

2190 1435 2388 1500 Οὕτως
2415 1436 2771 1504 ὀφείλουσιν
2793 1439 2844 1489 οί
2883 1435 3100 1505 ἄνδρες
3138 1434 3381 1505 ἀγαπᾶν
3414 1437 3520 1498 τὰς
3539 1431 3741 1488 ἑαυτῶν

496 1531 592 1583 hoc
626 1530 878 1602 relinquet
930 1535 1084 1587 homo
1131 1542 1336 1602 patrem
1365 1541 1415 1586 et
1445 1512 1610 1600 212
1642 1538 1864 1581 matrem
1897 1530 2073 1593 'suam,

2185 1527 2499 1596 γυναῖκας,
2527 1529 2607 1594 ὡς
2624 1529 2698 1582 τὰ
2725 1528 2956 1583 ἑαυτῶν
2992 1529 3276 1597 σώματα·
3310 1531 3342 1582 ό
3371 1526 3616 1596 ἀγαπῶν
3650 1529 3743 1592 τὴν

495 1630 544 1671 et
576 1619 868 1676 adhwrebit
900 1624 1056 1677 uxori
1087 1632 1294 1688 manu
1320 1632 1472 1678 erunt
1520 1622 1626 1675 duo
1665 1621 1720 1673 in
1749 1635 1908 1672 carne
1949 1633 2072 1671 una.

2183 1621 2404 1675 ἑαυτοῦ
2432 1621 2691 1690 γυναῖκα
2731 1623 2952 1676 ἑαυτιῗν·
2979 1620 3184 1692 ἀγαπᾷ
3207 1639 3219 1651 ⁸
3253 1621 3460 1686 οὐδεὶς
3491 1619 3598 1688 γάρ
3626 1635 3744 1672 ποτε

497 1711 902 1770 Sacramentum
946 1717 1045 1770 hoc
1078 1733 1328 1785 magnum
1374 1724 1484 1781 est;
1529 1731 1622 1784 ego
1663 1722 1840 1767 autem
1879 1712 2000 1764 dico
2028 1712 2074 1765 in

2183 1713 2298 1779 τὴν
2326 1713 2544 1768 ἑαυτοῦ
2573 1713 2782 1782 σάρκα
2808 1715 3128 1784 ἐμίσησεν,
3157 1713 3320 1768 ἀλλὰ
3351 1711 3625 1780 ἐκτρέφει
3663 1710 3743 1763 καί

497 1800 710 1859 Christo
738 1817 789 1861 et
830 1808 888 1861 in
918 1805 1158 1862 Ecclesia
1187 1809 1254 1861 ⁸⁸.

2182 1804 2400 1858 θάλπει
2457 1806 2674 1874 αὐτὴν,
2724 1807 2922 1874 καθὼς
2972 1807 3139 1860 καὶὸ
3174 1805 3436 1876 Χριστὸς
3470 1803 3583 1872 τὴν
3634 1804 3743 1856 Ἕκα

493 1897 766 1963 πλησίον
789 1916 804 1931 ⁸
827 1897 916 1952 ὅτι
942 1899 1102 1968 μέλη
1131 1899 1323 1969 ἐσμὲν
1346 1899 1452 1953 τοῦ
1477 1898 1752 1969 σώματος
1775 1894 1964 1952 αὐτοῦ
1986 1937 2002 1960 ,
2032 1894 2102 1949 ἐκ
2141 1895 2255 1963 τῆς
2318 1897 2549 1965 σαρκὸς
2592 1899 2782 1954 αὑτοῦ
2845 1899 2942 1953 καὶ
2966 1900 3036 1953 ἐκ
3081 1897 3201 1962 τῶν
3243 1897 3477 1951 ὀστέων
3547 1893 3743 1949 αὑτοῦ·

491 1991 628 2046 ἀντί
664 1993 882 2048 τούτου
927 1995 1285 2064 καταλείψει
1343 1993 1658 2063 ἅνθρωπος
1693 1992 1802 2046 τὸν
1857 1991 2084 2060 πατέρα
2156 1990 2346 2044 αὑτοῦ
2395 1991 2498 2045 καί
2523 1991 2640 2059 τὴν
2689 1993 2940 2062 μητέρα,
3009 1993 3108 2045 καὶ
3159 1988 3745 2061 προσκολληθήσεται

493 2084 646 2152 πρὸς
676 2083 792 2153 τὴν
812 2084 1072 2155 γυναῖκα
1109 2085 1300 2142 αὐτοῦ
1328 2127 1344 2152 ,
1368 2085 1467 2140 καί
1495 2085 1744 2140 ἔσονται
1771 2086 1826 2138 οἱ
1851 2083 1962 2138 δύο
1993 2084 2082 2148 εις
2121 2081 2321 2152 σάρκα
2340 2084 2518 2154 μίαν·
2545 2084 2610 2138 τὸ
2624 2084 2968 2154 μυστήριον
3020 2084 3197 2139 τοῦτο
3217 2083 3376 2154 μέγα
3439 2081 3626 2141 ἐστὶν,
3655 2079 3746 2148 ἐγὼ

491 2179 563 2234 δὲ
584 2179 741 2250 λέγω
767 2183 856 2246 είς
877 2181 1140 2251 Χριστὸν
1164 2183 1264 2237 καί
1294 2185 1392 2249 εἰς
1419 2183 1536 2251 τὴν
1583 2181 1974 2250 Ἐκκλησίαν.
2449 2189 2457 2196 ·

565 2272 658 2328 4⁸7.
697 2273 932 2329 Veniant
987 2291 1131 2330 nunc
1178 2276 1484 2344 iniquitatis
1545 2285 1862 2345 operatorcs
1919 2284 2082 2342 atque
2113 2277 2142 2334 Ε

2261 2272 2368 2343 μζ.
2425 2274 2742 2329 Ἠκὲτωσαν
2772 2269 2868 2329 οῦν
2899 2276 2948 2328 oi
2982 2278 3082 2347 τῆς
3116 2275 3346 2346 ἀνομίας
3385 2271 3639 2340 ἐργάται,
3672 2271 3745 2323 καὶ

497 2367 876 2423 demonstrent
910 2367 1188 2436 quomodo
1211 2375 1265 2421 et
1292 2369 1620 2438 quibusnam
1653 2367 1942 2438 inspiratie
1962 2381 2066 2421 ora

2189 2362 2557 2419 δεικνύτωσαν
2592 2365 2758 2419 πόθεν
2800 2366 2900 2438 τήν
2947 2366 3279 2437 Ἐκκλησίαν
3309 2405 3323 2428 ,
3361 2365 3461 2418 καὶ
3512 2365 3575 2416 ἐκ
3606 2361 3745 2416 ποίων

498 2460 640 2516 culis
689 2459 994 2516 Ecclesiam
1041 2463 1111 2516 ab
1149 2461 1356 2518 unione
1399 2476 1520 2516 cum
1571 2461 1790 2518 Christo
1851 2461 2075 2516 sceleste

2192 2455 2567 2511 θεοπνεύστων
2620 2459 2818 2528 λογίων
2845 2500 2860 2525 ,
2903 2459 3004 2529 τῆς
3040 2462 3179 2513 κατὰ
3215 2458 3460 2528 Χριστὸν
3535 2454 3745 2516 ἑνώσεως

498 2548 794 2605 divellant?
851 2552 1128 2620 quomodo
1199 2549 1516 2607 cohaeredes
1559 2560 1614 2606 et
1669 2550 2075 2620 concorporalct

2189 2548 2466 2620 ἀθεμίτως
2485 2551 2809 2622 διορίζουσι;
2840 2551 2956 2615 πῶς
2984 2554 3033 2604 οἱ
3059 2551 3504 2623 συγκληρονόμοι
3529 2549 3616 2602 καὶ
3643 2546 3744 2600 σύσ-

497 2643 707 2698 Christi
769 2643 1067 2699 simulacra
1134 2645 1203 2700 ab
1251 2645 1567 2702 inﬁdelibus
1626 2645 1772 2700 culta
1823 2643 2074 2699 adoranti

2192 2656 2367 2714 σωμοι
2392 2645 2629 2717 Χριστοῦ
2666 2644 2875 2709 ξοάνοις
2903 2648 3016 2708 τοῖς
3043 2645 3154 2698 τῶν
3190 2645 3439 2697 ἀπίστων
3474 2641 3744 2712 σεδάσμασι

499 2736 785 2802 Quomodo
815 2751 949 2806 ergo
979 2752 1166 2791 verum
1207 2737 1418 2801 dicant,
1457 2738 1549 2808 qui
1583 2737 1810 2793 falsitati
1848 2737 2076 2807 patroci‘

2191 2736 2619 2807 λελατρεύκασις
2654 2737 2822 2791 Πόθεν
2869 2737 2963 2792 οῦν
3009 2739 3070 2792 τὸ
3111 2737 3308 2807 ἀληθὲς
3359 2737 3743 2802 ἁπενέγκοιντο,

500 2825 1003 2883 nantur?Videant
1045 2828 1230 2899 igitur,
1265 2829 1371 2885 nisi
1408 2829 1549 2885 [orte
1589 2831 1767 2900 ipsum
1808 2830 2077 2884 Christum

2191 2830 2239 2882 oi
2271 2829 2346 2900 τῷ
2375 2829 2564 2899 ψεύδει
2603 2828 3061 2901 συναγορεύοντες
3085 2847 3098 2896 ;
3122 2827 3514 2882 Σκοπείτωσαν
3539 2826 3589 2878 δὲ
3621 2827 3660 2878 εἰ
3689 2823 3743 2893 μή

501 2917 790 2986 profanum
847 2919 980 2989 quid
1040 2931 1094 2976 et
1149 2921 1421 2991 impurum
1483 2933 1706 2992 propter
1759 2933 1982 2978 vocatos
2033 2923 2078 2977 in

2193 2922 2287 2973 acati.
2309 2919 2544 2991 Χριστὸν
2562 2918 2744 2984 αὐτὸν,
2778 2919 2957 2972 κοινόν
2979 2919 3030 2971 τί
3060 2918 3155 2972 καὶ
3180 2916 3523 2987 ἀκάθαρτον,
3553 2913 3633 2966 διὰ
3646 2913 3745 2972 τούς

499 3011 740 3082 ejusdem
790 3021 998 3068 sortem
1049 3021 1104 3069 et
1147 3015 1592 3085 concorporalem
1645 3017 2076 3077 communionem

2196 3012 2780 3083 συγκληρονομοόντας
2817 3013 2913 3066 καὶ
2943 3011 3042 3082 τήν
3075 3010 3217 3065 κατὰ
3248 3010 3308 3063 τὺ
3335 3009 3621 3078 σύσσωμον
3650 3021 3743 3057 κοι-

501 3104 857 3172 existimant;
899 3105 1141 3173 videant,
1193 3109 1440 3178 inquam,
1482 3123 1550 3164 ne
1582 3106 1934 3178 blasphemiae
1968 3106 2078 3162 cul-

2194 3105 2391 3159 νωνίαν
2411 3105 2730 3176 ήγήσαιντο,
2758 3103 2854 3157 καὶ
2884 3103 2944 3156 τὸ
2961 3102 3082 3156 ὅλον
3111 3101 3212 3171 τῆς
3241 3099 3595 3173 βλασφημίας
3622 3092 3746 3149 αὐτοὶ

502 3211 627 3253 men
655 3195 1162 3268 attiiigant.Verum
1187 3198 1241 3252 hi
1277 3213 1454 3268 neque
1487 3213 1545 3254 se
1576 3199 1756 3265 obrui,
1799 3212 1995 3268 neque,
2033 3207 2079 3250 ιιι

2195 3195 2738 3268 κληρονομείτωσαν·
2798 3195 2914 3250 ἀλλ’
2975 3196 3077 3247 οὐκ
3133 3192 3610 3261 ὲγκαλύπτονται,
3652 3185 3745 3240 οὐδὲ

501 3289 577 3342 ita
609 3287 814 3353 dicam,
853 3287 1035 3343 defodi
1075 3289 1319 3344 sentiunt
1343 3289 1564 3359 propria
1606 3289 1929 3358 ignominia,
1961 3289 2078 3343 dum

2195 3289 2554 3343 καταδύονται
2593 3290 2687 3341 ἐπὶ
2712 3291 2776 3362 τῇ
2830 3288 3044 3343 ἑαυτῶν
3077 3285 3312 3357 αἰσχύνῃ
3336 3327 3353 3352 ,
3385 3287 3517 3348 τοὺς
3551 3282 3640 3352 μὲν
3665 3281 3743 3331 lae

501 3381 790 3448 loquentes
823 3379 876 3434 in
911 3377 1120 3449 Spiritu
1173 3381 1268 3436 Dei
1311 3391 1533 3437 sanctos
1579 3381 1876 3451 prOphetas
1925 3391 2078 3450 atque

2194 3383 2420 3448 λοῦντας
2449 3385 2507 3437 ὲν
2527 3374 2960 3456 ΠνεύματιΘεοῦ
2982 3383 3263 3454 μυστήρια
3283 3381 3574 3450 προφήτας
3592 3377 3745 3446 ἁγίους

502 3469 786 3541 apostolos
826 3469 1118 3540 abrogant,
1168 3485 1374 3535 eosque
1414 3471 1678 3540 profanos
1718 3471 1884 3527 veluti
1923 3482 2079 3542 atque

2195 3477 2292 3532 κα)⁸
2319 3477 2654 3541 ἀποστόλους
2675 3475 3170 3548 παραγραφόμενοί
3198 3491 3257 3527 τε
3287 3475 3382 3527 καὶ
3410 3469 3745 3540 διωθούμενοι,

505 3563 706 3633 impios
762 3571 918 3618 vates
971 3563 1256 3618 clamitant
1301 3576 1357 3619 ct
1408 3567 1701 3634 magistros
1755 3581 1822 3620 ex
1871 3567 2082 3636 proprio

2195 3569 2410 3640 ἐναγεῖς
2453 3570 2509 3623 δέ
2539 3588 2694 3636 τινας
2725 3572 2819 3624 καὶ
2851 3569 3106 3632 ἀνοσίους
3140 3569 3436 3639 προφήτας
3488 3562 3745 3636 αὐχοῦντες

505 3661 697 3709 ventre
718 3653 1032 3724 loquentes.
1059 3652 1304 3720 Quorum
1328 3655 1584 3710 vitandos
1610 3669 1947 3726 spurcosque
1974 3669 2082 3709 ser-

2204 3624 2692 3725 xai'oto'aoxdiougv
2713 3664 2777 3715 ὲκ
2803 3661 2905 3732 τῆς
2941 3624 3625 3728 ίδίαςνάποφθεγγομένοῖις
3658 3669 3747 3706 κοι·

507 3759 700 3800 mones
726 3745 794 3800 ad
827 3745 912 3799 sui
948 3745 1158 3800 erroris
1203 3746 1680 3801 conﬁrmationem
1719 3747 2046 3816 pertrahunt
2076 3764 2084 3800 :

2202 3754 2324 3818 λίας
2351 3771 2366 3785 ⁸
2404 3750 2480 3810 ὧν
2528 3755 2588 3808 τὸ
2637 3753 2876 3824 φευκτὸν
2910 3754 3004 3821 καὶ
3033 3753 3270 3815 δυσῶδες
3302 3751 3415 3805 τῶν
3449 3749 3612 3818 λόγων
3633 3789 3644 3809 ,
3671 3745 3746 3812 τῆς

510 3836 785 3903 Particeps
836 3835 1107 3891 idolorum
1140 3834 1402 3905 Epitraim
1437 3838 1612 3903 posuit
1661 3838 1763 3892 sibi
1792 3838 2087 3894 scandala:

2207 3846 2344 3909 ιδίας
2379 3845 2560 3899 αὐτῶν
2614 3845 2831 3915 ἀπάτης
2884 3842 3021 3914 πρὸς
3081 3841 3347 3896 πίστωσιν
3384 3839 3743 3908 ἐπισύρονται·

505 3930 734 3984 irritavit
762 3928 1120 3994 Chananwos,
1153 3929 1384 4002 legimus
1407 3931 1452 3962 ⁸⁷
1477 3948 1492 3997 ;
1522 3941 1578 3985 at
1608 3931 1952 3989 Christianos
1980 3933 2082 3988 idos

2205 3939 2478 4007 Μέτοχος
2512 3937 2775 3992 εἰδώλων
2817 3936 3071 4006 Ἐφραίμ
3102 3934 3324 4002 ἔθηκεν
3363 3931 3556 3998 ἑαυτῷ
3590 3926 3745 3984 σκάνο

507 4021 683 4076 lorum
721 4022 1021 4093 participes
1075 4025 1253 4093 iisque
1294 4024 1775 4082 communicantes
1826 4040 2084 4096 nusquam

2207 4029 2364 4086 δαλα
2383 4046 2398 4061 ⁸
2440 4029 2680 4100 ᾐρέτισε
2703 4027 3104 4092 Χαναναίους,
3132 4027 3456 4096 ἀνέγνωμεν
3481 4042 3494 4055 ⁸
3527 4025 3748 4095 Χριστια-

507 4130 682 4184 usque
705 4116 772 4170 ad
800 4115 944 4171 hanc
973 4116 1118 4170 diem
1149 4132 1178 4169 a
1209 4117 1467 4187 quapiam
1489 4117 1597 4172 dici
1629 4119 1957 4184 audivimus,
1989 4120 2084 4176 nisi

2206 4129 2331 4188 νοὺς
2377 4125 2434 4179 δὲ
2483 4123 2721 4177 είδώλων
2776 4121 3036 4192 μετόχους
3095 4118 3190 4172 καὶ
3230 4117 3533 4179 κοινωνοὺς
3573 4112 3748 4167 οὐδέπω

506 4209 578 4262 ab
611 4210 678 4264 iis
709 4219 939 4276 tantum,
971 4211 1063 4280 qui
1088 4211 1352 4267 adversus
1386 4210 1593 4268 Christi
1627 4213 1857 4284 gloriam
1883 4223 1939 4270 et
1964 4230 2083 4270 con-

2209 4217 2306 4270 καὶ
2339 4217 2582 4286 σήμερον
2613 4213 2748 4282 παρ’
2773 4209 2994 4265 ὁτουοῦν
3019 4208 3362 4277 ἀκηκόαμεν,
3394 4207 3479 4261 ὅτι
3508 4206 3578 4276 μὴ
3604 4202 3750 4273 μόνων

507 4312 590 4356 tra
645 4311 795 4358 recte
849 4315 976 4357 eum
1041 4301 1292 4358 colentes
1358 4313 1524 4373 atque
1587 4305 1879 4360 adorantes
1945 4305 2084 4362 rabie

2207 4307 2317 4361 τῶν
2351 4295 2493 4360 κατᾶ
2527 4305 2626 4374 τῆς
2657 4304 2817 4372 δόξης
2849 4300 3092 4372 Χριστοῦ
3124 4301 3218 4352 καλ⁸
3250 4299 3361 4351 τῶν
3397 4297 3570 4370 ὀρθῶς
3596 4293 3747 4348 σεϐόν-

508 4395 808 4450 insaniunt.
840 4392 1099 4464 Nequeid
1130 4396 1350 4452 mirum.
1379 4395 1493 4452 Mos
1521 4407 1606 4452 est
1627 4399 1772 4453 enim
1804 4399 2085 4468 impiorum

2208 4418 2314 4453 των
2369 4401 2464 4452 καὶ
2505 4396 2960 4469 προσκυνούντων
3016 4391 3167 4463 αὐτῷ
3215 4390 3640 4462 λελυττηκότων·
3674 4384 3747 4437 καὶ

507 4487 833 4543 adversandi
864 4486 1205 4552 melioribus,
1239 4495 1297 4540 et
1326 4487 1614 4542 veritatem
1648 4488 2002 4558 depravandi,
2042 4503 2084 4545 ω

2211 4491 2532 4562 θαυμαστόν
2561 4507 2625 4558 γε
2656 4489 2810 4544 οὐδέν
2837 4505 2850 4520 ⁸
2892 4487 3014 4550 ἔθος
3053 4486 3164 4559 γὰρ
3210 4489 3323 4549 τοῖς
3359 4484 3637 4539 ἀσεϐοῦσιν
3659 4480 3749 4530 ὲπι-

508 4579 796 4634 sententiae
820 4593 934 4634 suae
962 4577 1370 4647 improbitatem
1394 4578 1580 4634 velare
1602 4589 1826 4649 queant.
1856 4580 2085 4634 Dictum-

2210 4583 2493 4637 δουλεύειν
2519 4583 2637 4643 τοῖς
2673 4580 2974 4652 κρείττοσι,
3008 4579 3104 4631 καὶ
3147 4577 3338 4631 δολοῦν
3377 4577 3475 4647 τὴν
3504 4573 3744 4642 ἀλήθειαν.

510 4687 618 4743 que
653 4686 681 4724 a
718 4673 940 4727 sanctis
966 4672 1100 4726 viris
1145 4684 1300 4728 recte
1357 4671 1477 4738 fuit,
1520 4671 1778 4728 latentem
1836 4671 2087 4726 malitiam

2213 4679 2299 4731 ἵνα
2323 4675 2421 4748 τὴν
2450 4674 2661 4728 ἑαυτῶν
2685 4673 2888 4726 κακίαν
2917 4671 3242 4742 δεδογμένον
3268 4671 3452 4733 αὐτοῖς
3486 4661 3744 4722 κατασκιά·

510 4765 848 4835 proclamata
888 4779 1010 4820 esse
1039 4765 1351 4820 noxiorem.

2211 4769 2324 4834 ζειν
2356 4767 2710 4839 κρατύνωσι⁸
2769 4766 2864 4817 καὶ
2915 4763 3097 4828 καλῶς
3148 4780 3213 4832 γε
3263 4764 3480 4834 εἴρηται
3531 4757 3746 4830 ἀνδράσιν

2217 4863 2415 4930 ἁγίοις,
2449 4861 2539 4913 ὅτι
2568 4859 2919 4913 λανθάνουσα
2953 4856 3190 4928 πονηρία
3211 4895 3226 4917 ,
3263 4857 3362 4928 τῆς
3409 4863 3748 4927 προκεκηρυγ-

2137 4990 2182 5046 D
2219 4954 2392 5046 μένης
2425 4953 2588 5046 βλαὸε
2598 4953 2835 5046 ρωτέρα.

582 5035 674 5091 ιθ.
709 5034 774 5090 Hi
802 5034 1011 5106 quippe
1037 5035 1215 5105 palam
1260 5035 1543 5106 propriam
1577 5035 1910 5105 impietatem
1963 5053 2105 5091 nun-
2138 5032 2159 5046 ⁵

2166 5032 2178 5043 ’
2288 5045 2401 5118 μη’.
2431 5036 2598 5100 Οὗτοι
2634 5044 2746 5117 γὰρ
2784 5046 2849 5097 ὲκ
2904 5042 2999 5099 τοῦ
3047 5041 3366 5114 προφανοῦς
3415 5032 3743 5111 «apprimin

511 5141 680 5197 quam
715 5135 999 5182 ostentare
1033 5125 1326 5192 audentes,
1377 5141 1598 5195 gravem
1637 5142 1790 5182 suam
1841 5128 2088 5183 adversa:

2215 5139 2341 5193 σθαι
2376 5137 2631 5208 οὐδαμῶς
2668 5136 3030 5207 ὑφιστάμενοι
3052 5137 3152 5207 τὴν
3186 5131 3539 5195 ἀσέϐειαν,τὸ
3571 5127 3658 5196 τῆς
3688 5122 3744 5180 εἰς

513 5220 719 5275 cultum
756 5230 1018 5274 nostrum
1058 5217 1315 5287 injuriam
1367 5219 1752 5286 subverentes,
1800 5220 2090 5290 multosqut

2210 5231 2311 5300 τὴν
2334 5228 2639 5301 θρησκείαν
2669 5226 2830 5298 ήμῶν
2848 5226 3063 5298 ὓϐρεως
3087 5226 3397 5295 ὑπέρογκον
3428 5217 3744 5301 ὑπειδόμενοῇ

515 5313 687 5368 latere
728 5321 1006 5381 putantes,
1040 5312 1197 5380 quasi
1229 5310 1508 5366 Christum
1535 5326 1641 5365 non
1673 5311 1951 5368 offendant
1975 5314 2092 5368 dum

2212 5321 2500 5376 λανθάνειν
2547 5337 2608 5373 τε
2643 5320 2770 5382 τοὺς
2807 5318 3040 5381 πολλοὺς
3089 5316 3350 5386 οἰόμενοι,
3387 5315 3567 5381 ὥσπερ
3598 5308 3650 5360 οὒ
3687 5297 3745 5368 τῷ

516 5402 634 5472 ejus
665 5403 861 5457 divinae
889 5402 1116 5474 imagini
1145 5402 1533 5458 contumeliam
1565 5403 1794 5470 iaciunt,
1823 5407 1951 5476 quid
1991 5421 2093 5462 mo~

2213 5413 2439 5488 Χριστῷ
2474 5412 2909 5484 προσκρούουσι,
2946 5411 3008 5463 τὸ
3046 5410 3190 5463 θεῖον
3239 5408 3405 5461 αὑτοῦ
3438 5395 3744 5471 καθυϐρίζοψ

518 5496 764 5551 liuntur?
787 5496 922 5562 Quia
961 5497 1145 5552 sciunt
1175 5506 1371 5550 natura
1405 5509 1785 5567 comparatum
1819 5515 1925 5555 non
1955 5515 2095 5567 esse,

2215 5522 2304 5571 τες
2327 5507 2722 5576 ἀπεικόνισμα,
2753 5504 2806 5557 τί
2837 5501 3192 5574 μηχανῶνται
3217 5518 3231 5566 ;
3261 5501 3336 5564 ὡς
3358 5499 3462 5553 τῶν
3488 5496 3577 5567 μὲν
3599 5501 3742 5559 πραγ-

513 5597 697 5644 utres
731 5587 861 5657 ipsa:
906 5597 1207 5656 mutentur,
1248 5591 1466 5644 nomina
1494 5601 1678 5647 autem
1711 5608 1853 5665 szepe
1891 5594 2090 5650 indiﬂ‘e-

2221 5601 2411 5673 μάτων
2453 5598 2659 5661 εἰδότες
2698 5597 2758 5650 τὸ
2798 5594 3158 5668 μεταϐάλλειν
3199 5594 3260 5647 οὐ
3315 5590 3636 5663 πεφυκότων,
3661 5578 3743 5673 τῷν

521 5681 753 5736 rentiam
787 5696 898 5751 pra:
927 5697 988 5736 se
1033 5682 1202 5748 ferre,
1235 5686 1300 5737 ad
1338 5686 1800 5744 denominationis
1849 5687 2098 5745 dili'eren-

2219 5669 2503 5764 όνομάτων
2533 5692 2588 5746 δὲ
2617 5692 2692 5755 ὡς
2719 5691 2785 5744 τὰ
2818 5689 2987 5746 πολλὰ
3011 5688 3072 5743 τὸ
3101 5688 3413 5757 ἀδιαφορεῖν
3444 5669 3737 5741 ἐνδεικνυμέ-

588 5860 633 5893 ¹¹⁶
676 5861 877 5930 Εριιρδ.
905 5878 952 5928 v,
987 5859 1176 5918 “28-52.
1253 5862 1298 5894 ⁸⁷
1337 5862 1475 5919 Osee
1502 5880 1574 5931 tv,
1614 5866 1683 5920 l7.
