3994 6456
353 407 463 472 (97

1200 411 1774 474 APOLOGETICUS
1813 415 1960 474 PRO
2001 413 2269 475 SACRIS
2308 416 2785 480 IMAGINIBUS.

3528 410 3656 479 698‘

358 532 494 582 νων,
530 517 627 569 ἐπὶ
665 516 764 588 τὴν
791 521 892 590 τῆς
931 524 1314 593 προσηγορίας
1361 526 1602 597 χωροῦσι
1643 527 1942 594 διαφορὰν,

2059 531 2182 582 liam
2215 539 2566 598 procurrunt,
2598 539 2654 584 et
2676 529 2962 585 diabolicis
2991 528 3339 600 religimiibus
3362 528 3634 584 addictam

362 607 462 661 καὶ
497 607 560 661 τὸ
622 611 736 673 τοῖς
795 610 1134 680 δαιμονικοῖς
1184 611 1530 687 σεϐάσμασιν
1586 619 1949 688 ἀνακείμενον

355 699 560 770 ὄνομα,
585 703 653 772 τῇ
677 702 773 755 τοῦ
805 703 1060 774 Σωτῆρος
1095 705 1257 777 ήμῶν
1291 708 1533 779 Χριστοῦ
1568 711 1663 764 καὶ
1693 711 1829 765 Θεοῦ
1863 729 1951 763 σε-

359 789 577 859 ϐασμία
606 791 797 852 εἰκόνι,
814 793 865 843 οἱ
891 794 969 862 τῷ
989 795 1104 847 δντι
1139 795 1249 847 τῶν
1270 795 1507 850 εἰδώλων
1531 797 1760 868 ἐρασταὶ
1780 799 1950 869 ἀπορ-

362 881 522 951 ρίψαι
548 879 610 936 οὐ
658 886 1178 956 καταπεφρίκασιν,
1223 888 1446 942 εἴδωλον
1478 890 1686 962 ταύτην
1735 890 1950 944 ἀποκα-

355 971 643 1040 λέσαντες,
677 974 773 1028 καὶ
799 977 921 1041 τοὺς
961 977 1243 1048 τιμῶντας
1267 980 1438 1052 αὐτὴν
1460 981 1535 1045 ὡς
1568 981 1790 1052 θεμιτὸν
1815 983 1950 1053 Χρι-

360 1067 640 1129 στιανοῖς,
697 1067 1096 1140 εἰδωλολάτραις
1160 1073 1676 1144 κατονομάσαντεςο
1739 1075 1826 1129 ἵνα
1875 1075 1950 1139 ὼς

331 1159 894 1244 ι’διταρακεκινημένην
927 1162 1084 1232 ἡμῶν
1108 1163 1270 1234 δῆθεν
1295 1166 1398 1235 τὴν
1437 1165 1623 1231 πίστιν
1655 1167 1949 1236 φωράσαν-

353 1267 477 1314 τες,
505 1249 568 1304 τὸ
601 1251 838 1321 βεϐηκὸς
872 1254 964 1306 καὶ
993 1254 1208 1325 ἑδραῖον
1237 1257 1442 1327 ταύτης
1470 1257 1532 1311 τό
1556 1275 1619 1327 γε
1649 1259 1736 1312 ἐπ’
1765 1259 1951 1322 αὐτοῖς

359 1343 849 1413 παρασαλεύσειαν
869 1361 884 1375 ⁸
912 1346 1137 1416 ἔκδηλον
1164 1347 1415 1401 ἐντεῦθεν
1446 1351 1862 1423 ἀποκνήσαντες
1891 1352 1952 1406 τὸ

363 1437 648 1507 ἀνόμημα,
683 1439 783 1510 τήν
809 1455 870 1492 τε
904 1440 986 1503 είς
1017 1441 1252 1510 Χριστὸν
1285 1441 1633 1514 βλασφημίαν
1661 1445 1952 1516 ἀναισχύν-

359 1545 477 1592 τως
503 1531 1035 1599 κατασκευάζοντες,
1071 1535 1168 1613 καὶ
1202 1535 1302 1606 τῆς
1343 1537 1511 1607 ὀρθῆς
1557 1539 1653 1592 καὶ
1683 1539 1950 1608 ἀψευδοῦς

359 1621 528 1692 ήμῶν
570 1622 730 1695 δόξης
767 1624 940 1689 ἀδεῶς
993 1627 1087 1681 καὶ
1128 1629 1667 1701 ἀπηρυθριασμένως
1707 1647 1948 1700 καταγο-

361 1711 617 1788 ρεύοντες
635 1730 652 1746 ο
677 1715 816 1772 ἀλλά
843 1719 915 1772 τὰ
943 1719 1043 1789 μὲν
1069 1720 1197 1791 ἔθνη
1233 1721 1377 1793 ὑπὲρ
1409 1721 1596 1787 ἐλέους
1617 1721 1830 1788 δοξάζει
1857 1724 1949 1778 τὸν

2052 621 2520 676 nomenelaturam
2552 623 2876 682 veneranda:
2893 619 3206 676 Servaloris
3237 622 3408 676 nostri
3427 622 3635 678 Christi

2051 728 2113 766 ac
2148 713 2240 767 Dei
2280 714 2526 784 imagini,
2559 715 2612 769 hi
2651 717 2741 785 qui
2778 731 2970 771 revera
3007 724 3135 770 sunt
3168 714 3434 770 idolorum
3481 731 3638 771 ama-

2055 813 2220 871 tores,
2263 805 2682 861 accommodare
2738 807 2880 861 haud
2931 807 3374 876 perhorrescunt,
3428 806 3641 860 idolum-

2051 895 2191 952 hanc
2231 897 2604 967 appellantes;
2633 909 2687 954 et
2710 898 2952 953 colentes
2978 914 3099 952 eam
3139 899 3242 952 rite
3287 897 3636 952 Christianos

2051 986 2364 1043 idololatras
2395 992 2700 1046 vocitantes
2737 1009 2749 1044 :
2781 1000 2859 1056 ιιι,
2890 1006 2987 1046 ceu
3014 996 3058 1045 si
3089 1005 3402 1060 perversam
3434 990 3634 1044 abhinc

2054 1080 2212 1136 ﬁdem
2248 1091 2485 1137 nostram
2524 1085 2854 1149 invenerint,
2893 1084 3253 1140 stabilitatem
3280 1083 3443 1152 hujus
3472 1093 3636 1152 atque

2051 1175 2440 1237 constantiam,
2474 1186 2738 1244 quantum
2781 1176 2836 1230 in
2880 1176 3014 1246 ipsis
3049 1186 3156 1240 est,
3190 1182 3478 1240 evertant;
3515 1190 3633 1228 ma-

2053 1265 2309 1319 nifestam
2347 1265 2475 1325 hinc
2514 1268 2791 1337 parientes
2843 1268 3218 1335 iniquitatem,
3259 1282 3453 1334 nempe
3487 1276 3540 1320 et
3578 1265 3634 1320 in

2050 1355 2327 1410 Christum
2369 1356 2739 1412 irreverenter
2786 1357 3182 1426 blasphemiam
3223 1355 3543 1421 conﬂantes,
3578 1365 3634 1411 et

2051 1458 2260 1502 rectum
2291 1448 2677 1518 sincerumque
2713 1449 2907 1519 dogma
2944 1459 3190 1503 nostrum
3224 1459 3426 1503 temere
3459 1447 3632 1516 impu-

2049 1537 2352 1606 denterqne
2392 1550 2735 1593 accusantes.
2770 1538 2936 1608 Atqui
2974 1551 3167 1608 gentes
3212 1537 3432 1606 quidem
3465 1533 3632 1592 mise-

2051 1628 2339 1684 ricordiam
2393 1626 2488 1682 Dei
2539 1627 2888 1693 collaudant,
2955 1641 3270 1697 quanquam
3348 1639 3521 1694 nuper
3562 1639 3632 1680 ex

2053 1723 2369 1779 inﬁdelitate
2401 1722 2748 1789 exsilierunt,
2786 1721 3088 1793 gratiaeque
3133 1720 3437 1775 doctrinam
3481 1731 3633 1772 rece-

354 1803 518 1876 Θεὸν,
551 1809 644 1862 καὶ
667 1809 861 1876 ταῦτα,
889 1812 1000 1867 τῶν
1031 1815 1157 1886 ἄρτι
1180 1814 1281 1884 τῆς
1305 1815 1564 1879 ἀπιστίας
1598 1816 1948 1887 ὑπερκυψάν⁹

2059 1823 2272 1888 perunt.
2314 1815 2406 1871 Isti
2449 1825 2629 1869 autem
2675 1815 2770 1884 qui
2790 1789 2961 1869 vnunc
2999 1789 3266 1866 dicuntur
3311 1809 3630 1875 Christiani,

355 1915 496 1964 των,
535 1903 628 1955 καὶ
663 1902 756 1956 τὸν
795 1904 954 1973 λόγον
998 1907 1492 1979 παραδεδεγμένων
1537 1907 1638 1978 τῆς
1683 1910 1943 1980 χάριτος⁹

353 1981 514 2043 οῦτοι
556 1989 613 2045 δὲ
654 1995 702 2046 οί
747 1993 842 2050 νῦν
887 1995 1174 2068 λεγόμενοι
1226 1999 1565 2070 Χριστιανοὶ,
1609 1999 1701 2053 καὶ
1742 2000 1948 2054 τούτων

358 2080 608 2149 μάλιστα
641 2079 724 2148 οἷς
754 2086 956 2153 τὸ,τῆς
985 2090 1291 2162 ἱερωσύνης
1323 2090 1764 2164 ὲπικεκηρύχθαι
1800 2091 1950 2146 δοκεῖ

355 2170 606 2244 ἀξίωμα,
633 2175 692 2229 ού
748 2179 1034 2248 φρίττουσι
1067 2181 1168 2252 τὴν
1204 2180 1402 2251 ψυχὴν,
1433 2183 1496 2235 ού
1541 2181 1948 2252 καταδεσμοῦν-

353 2280 456 2317 ται
474 2264 571 2336 τὴν
592 2265 864 2332 γλῶσσαν,
892 2271 952 2323 οὐ
978 2270 1184 2326 δεδίασι
1219 2278 1317 2345 τῆς
1349 2274 1666 2346 δυσφημίας
1691 2276 1753 2329 τὸ
1777 2277 1949 2346 ὑπέρ-

354 2373 551 2424 ογκον,
597 2359 826 2426 ἑαυτούς
887 2380 947 2415 τε
1000 2365 1095 2418 καὶ
1159 2367 1290 2430 τοὺς
1343 2367 1538 2431 ἄλλους
1587 2370 1950 2440 Χριστιανοὺς

357 2447 634 2516 ἅπαντας,
685 2452 785 2523 τὴν
839 2454 1036 2525 μερίδα
1085 2453 1183 2509 τοῦ
1240 2455 1379 2511 Θεοῦ
1434 2459 1529 2512 καὶ
1581 2460 1950 2532 κληρονομίαν

355 2540 632 2610 Χριστοῦ,
654 2543 948 2614 δαιμονίων
974 2545 1308 2618 ἀκαθάρτων
1333 2549 1706 2622 κληρονομίαν
1734 2569 1952 2606 κατονο-

361 2630 533 2701 μάζει
584 2650 598 2662 ·
634 2635 729 2688 καὶ
775 2638 826 2690 εί
857 2638 958 2708 μὲν
999 2640 1212 2703 ἑαυτοῖς
1249 2641 1435 2709 μόνοις
1471 2641 1570 2712 τὴν
1609 2643 1950 2697 ἀποστασίαν

356 2725 465 2778 καὶ
522 2727 778 2782 ἀσέϐειαν
832 2732 1197 2803 ἐπεφήμιζον,
1250 2735 1471 2787 πάντων
1524 2734 1592 2787 ἂν
1641 2734 1951 2807 ἀνθρώπων

357 2817 722 2891 ἐλεεινότεροι
753 2823 846 2875 καλ⁵
879 2822 1286 2896 βδελυκτότεροι
1323 2826 1694 2897 ἐνομίσθησαν
1717 2845 1731 2858 ο
1769 2827 1865 2883 νῦν
1893 2830 1952 2885 δὲ

303 2937 324 2950 --
358 2911 514 2964 κατὰ
544 2913 765 2967 πάντων
790 2913 1001 2980 ἁπλῶς,
1037 2916 1146 2971 τῶν
1176 2917 1279 2987 τῆς
1307 2919 1637 2987 ἀξιαγάστου
1669 2919 1828 2990 ἡμῶν
1858 2922 1953 2974 καὶ

358 3004 632 3076 ἀληθινῆς
660 3005 962 3079 θρησκείας
994 3011 1358 3080 μετεχόντων,
1383 3012 1481 3074 τὰς
1504 3011 1753 3076 ἀνοσίους
1773 3013 1950 3081 γλώσ·

362 3113 470 3160 σας
502 3098 844 3168 κινήσαντες,
878 3099 996 3164 πῶς
1019 3101 1088 3155 τὰ
1130 3103 1194 3154 ἐκ
1239 3103 1340 3172 τῆς
1376 3101 1525 3165 θείας
1571 3104 1670 3156 οὐκ
1711 3104 1952 3159 οἴσουσιν
1978 3132 2022 3190 C

357 3189 562 3259 ὀργῆς.
586 3190 769 3254 δίκαις
799 3193 1162 3264 πικροτάταις
1201 3193 1641 3264 ύποφερόμενοι;
1676 3197 1820 3250 Ἀλλ’
1858 3198 1953 3251 ἐπὶ

356 3279 468 3345 τὰς
494 3282 847 3352 προφητικάς
897 3285 1082 3351 φωνὰς
1124 3285 1464 3339 ὲπανακτέον
1489 3286 1791 3354 τὸνλόγον·
1827 3288 1954 3352 τοὺς

359 3367 465 3425 οὖν
511 3374 572 3424 ὲκ
621 3373 842 3426 πάντων
889 3373 1062 3426 ἐθνῶν
1105 3391 1166 3426 τε
1199 3374 1294 3427 καὶ¹
1332 3374 1599 3444 γλωσσῶν
1645 3375 1740 3428 καὶ⁵
1765 3375 1954 3428 πασῶν

358 3464 595 3533 γενεῶν,
621 3467 750 3528 τοὺς
790 3465 849 3530 ἐξ
878 3467 1097 3536 ἁπάσης
1141 3466 1248 3536 γῆς
1291 3483 1349 3519 τε
1391 3468 1486 3520 καὶ
1524 3469 1704 3537 νήσων
1738 3468 1831 3521 καὶ⁸
1861 3467 1955 3520 θα-

359 3555 575 3624 λάσσης
606 3555 697 3624 ὑφ’
721 3555 802 3608 ἐνὶ
837 3556 1053 3625 βασιλεῖ
1080 3555 1454 3626 τεθειμένους,
1494 3557 1589 3611 καὶ¹
1624 3556 1720 3610 ἕνα
1748 3556 1954 3628 Κύριον

263 3711 274 3716 _
361 3646 467 3701 καὶ
488 3646 622 3701 Θεὸν
655 3649 750 3701 καὶ
778 3649 1059 3719 Δεσπότην
1085 3647 1292 3709 εἰδότας
1322 3666 1380 3701 τε
1404 3649 1499 3701 καὶ
1534 3646 1834 3708 καλοῦντας
1863 3649 1955 3700 καὶ

362 3737 651 3801 σέϐοντας,
681 3737 948 3809 ἑπόμενον
975 3738 1042 3791 ἂν
1073 3737 1157 3810 εἴη
1186 3739 1265 3791 ἑνί
1287 3755 1351 3807 γε
1377 3739 1626 3810 ὀνόματι,
1656 3740 1751 3792 καὶ
1782 3741 1957 3808 τούτῳ

360 3829 451 3901 τῷ
492 3830 585 3882 ἀπ’
631 3828 840 3884 ἐκείνου
881 3829 1244 3900 ὀνομάζεσθαι
1280 3831 1373 3884 καὶ
1420 3830 1829 3900 γνωρίζεσθαι·
1876 3831 1958 3884 διό

362 3935 573 3988 φησιν·
633 3918 760 3985 Τοῖς
801 3918 1174 3974 δουλεύουσί
1207 3938 1310 3989 μοι
1355 3923 1726 3988 κληθήσεται
1770 3919 1959 3990 ὄνομα

361 4011 607 4075 καινὸν,
641 4009 672 4064 ὃ
713 4011 1196 4081 εὐλογηθήσεται
1225 4013 1324 4066 ἐπὶ
1366 4011 1478 4081 τῆς
1511 4012 1625 4084 γῆς
1645 4029 1658 4042 ·
1700 4014 1958 4083 εὐλογή-

357 4117 559 4158 σουσι
587 4103 696 4179 γὰρ
721 4104 828 4157 τὸν
855 4104 1005 4158 Θεὸν
1041 4104 1150 4157 τὸν
1179 4107 1496 4172 ἀληθινόν.

443 4197 509 4248 Τί
539 4197 677 4267 πρὸς
701 4196 878 4250 ταῦτα
922 4199 1080 4266 φαῖεν
1114 4198 1164 4250 οἱ
1198 4199 1547 4270 ἁναίσθητοις
1572 4199 1624 4252 τί
1671 4199 1726 4252 δὲ
1763 4201 1957 4270 ἡμεῖς;

364 4290 497 4342 ’Ότι
519 4290 755 4360 Χριστὸς
784 4291 810 4342 ὁ
840 4289 1050 4361 Κύριος
1072 4291 1165 4344 καὶ
1183 4290 1314 4353 Θεὸς
1353 4289 1533 4359 ἡμῶν,
1553 4291 1839 4361 ἄνθρωπος
1870 4308 1961 4359 γε-

362 4378 569 4449 γονὼς,
611 4381 1059 4451 προσηγόρευται
1085 4380 1262 4450 δνομα
1291 4380 1488 4450 δηλοῦν
1514 4381 1650 4451 ὁμοῦ
1686 4381 1794 4435 τῶν
1835 4398 1960 4433 συν-

2049 1910 2394 1979 maximeque
2443 1908 2476 1962 ii
2534 1908 2733 1978 quibus
2801 1905 3094 1961 sacerdotii
3153 1904 3351 1958 tradita
3417 1901 3633 1955 videtur

2050 2000 2305 2068 dignitas,
2341 2013 2446 2052 non
2472 1998 2702 2053 horrent
2734 1997 2939 2061 animo,
2973 2011 3080 2050 non
3111 1995 3295 2066 lingua
3329 1993 3628 2064 rigescunt,

2048 2091 2400 2159 blasphemiae
2433 2105 2714 2145 excessum
2749 2104 2856 2144 non
2893 2100 3174 2153 verentur,
3213 2087 3340 2141 dum
3373 2101 3431 2140 se
3461 2084 3631 2138 alios-

2049 2202 2154 2257 que
2197 2186 2541 2241 Christianos
2586 2199 2803 2249 omnes,
2857 2185 2949 2238 Dei
2983 2182 3291 2252 portionem
3323 2191 3378 2236 et
3420 2179 3623 2237 Christi

2049 2279 2460 2342 haereditatem,
2512 2278 2814 2333 daemonum
2867 2276 3206 2346 impumrum
3253 2272 3628 2334 hmreditatem

2051 2368 2347 2439 appellant.
2389 2366 2508 2422 Jam
2546 2367 2761 2422 etiamsi
2791 2365 2895 2420 sibi
2928 2365 3062 2420 solis
3092 2363 3380 2432 apostasia
3413 2370 3469 2417 et
3494 2361 3633 2415 irre-

2053 2462 2267 2533 ligionis
2301 2460 2502 2513 famam
2535 2459 2900 2527 imponerent,
2930 2458 3171 2511 omnium
3195 2469 3328 2512 sane
3351 2452 3631 2509 hominum

2051 2551 2348 2608 miserrimi
2383 2559 2436 2605 et
2472 2550 2721 2620 apprime
2761 2550 3110 2605 detestabiles
3159 2549 3632 2603 existimarentur.

2052 2645 2212 2700 Nunc
2259 2658 2389 2698 vero
2444 2658 2568 2697 cum
2622 2644 2887 2696 adversus
2934 2656 3128 2695 omnes
3179 2640 3404 2693 omnino
3457 2637 3632 2691 admi-

2053 2738 2234 2792 tandm
2263 2744 2463 2791 nostrae
2497 2749 2750 2802 veraeque
2782 2732 3060 2802 religionis
3099 2741 3407 2797 consortes,
3440 2728 3635 2795 impias

2053 2831 2267 2900 linguas
2313 2828 2735 2890 commoverim,
2781 2825 2872 2893 qui
2923 2824 3040 2878 ﬁeri
3093 2830 3273 2892 potest
3299 2831 3357 2874 ut
3393 2821 3633 2874 divinam

2054 2921 2189 2975 iram
2210 2933 2320 2973 non
2337 2916 2693 2986 experiantur
2709 2913 2992 2982 suppliciis
3007 2910 3382 2966 acerbissimis
3395 2904 3641 2963 addicti?

2056 3013 2161 3066 Sed
2218 3011 2363 3066 enim
2425 2999 2516 3063 ad'
2552 3008 2867 3077 prophetica
2938 3005 3159 3061 oracula
3235 3003 3637 3059 convertendus

2059 3114 2242 3156 sermo
2288 3108 2392 3152 est.
2431 3094 2601 3167 Igitur
2652 3095 2900 3150 homines
2927 3109 2992 3149 ex
3021 3093 3233 3148 cunctis
3277 3091 3526 3163 gentibus
3573 3105 3640 3146 ac

2057 3188 2254 3258 linguis
2284 3188 2609 3254 cunctisque
2654 3183 2937 3252 stirpibus,
2990 3180 3248 3235 mortales
3276 3195 3340 3234 ex
3377 3179 3636 3233 universo

2056 3291 2328 3338 terrarum
2357 3278 2512 3342 orbe,
2557 3276 2752 3330 insulis
2801 3285 2964 3341 atque
3024 3273 3158 3326 mari
3211 3273 3314 3327 sub
3347 3287 3458 3327 uno
3511 3286 3640 3341 rege

2055 3375 2405 3438 constitutos,
2431 3386 2709 3440 unumque
2744 3370 3034 3425 Dominum
3065 3385 3129 3424 ac
3161 3368 3326 3422 Deum
3352 3376 3405 3422 et
3436 3366 3643 3436 princi-

2055 3485 2176 3541 pem
2213 3477 2597 3539 agnoscentes,
2639 3467 2960 3521 invocantcs
2985 3476 3151 3534 atque
3178 3464 3442 3524 colentes,
3478 3458 3640 3529 213

2057 3571 2480 3617 consentaneum
2507 3558 2706 3627 utique
2755 3556 2861 3610 erit
2891 3556 3050 3611 unico
3093 3555 3315 3609 nomine
3342 3563 3396 3606 et
3423 3553 3640 3620 quidem

2058 3656 2245 3710 abillo
2291 3653 2534 3724 principe
2583 3651 2832 3706 derivato
2875 3649 3137 3718 appellari
3176 3657 3338 3716 atque
3371 3642 3637 3700 denotari.

2056 3747 2265 3800 Idcirco
2295 3745 2557 3814 prOpheta
2595 3742 2671 3795 ait
2703 3759 2716 3794 :
2755 3739 2934 3794 Servis
2973 3739 3100 3792 meis
3149 3737 3424 3792 vocabitur
3457 3749 3643 3786 nomen

2057 3852 2268 3900 novum,
2312 3834 2452 3904 quod
2501 3833 2600 3886 erit
2650 3831 2705 3884 in
2743 3841 2886 3884 terra
2921 3828 3296 3892 benedictum;
3341 3823 3644 3878 benedicent

2058 3929 2196 3983 enim
2235 3925 2398 3980 Deum
2431 3941 2607 3979 verum
2643 3925 2712 3977 ⁸⁸.

2136 4197 2273 4265 Quid
2305 4196 2394 4251 isti
2423 4195 2490 4249 ad
2524 4195 2641 4249 [nec
2669 4192 2849 4248 stolidi
2882 4191 3094 4246 dicent?
3126 4185 3264 4255 Quid
3295 4193 3476 4263 autem
3510 4182 3649 4236 nos?

2063 4291 2266 4361 Nempe
2295 4290 2437 4359 quod
2463 4287 2718 4342 Christus
2741 4286 3003 4340 Dominus
3035 4300 3098 4337 ac
3127 4283 3266 4337 Deus
3297 4288 3502 4341 noster,
3537 4274 3650 4328 fac~

2068 4394 2152 4438 tus
2183 4384 2369 4446 homo,
2430 4381 2655 4434 nomine
2707 4377 3012 4447 appellatus
3056 4376 3129 4428 sit
3183 4372 3326 4442 quod
3365 4380 3648 4436 utramque

364 4469 651 4524 ελθονσῶν
705 4469 922 4539 φύσεων
963 4469 1026 4523 τὸ
1066 4470 1502 4541 συναμφότερον,
1531 4471 1633 4539 τῆς
1669 4489 1728 4524 τε
1760 4473 1958 4542 χρισά-

2065 4475 2267 4528 unitam
2301 4482 2550 4526 naturam
2577 4470 2782 4539 pariter
2806 4467 3158 4538 signiﬁcaret,
3192 4477 3388 4530 nempe
3404 4469 3456 4514 et
3478 4459 3649 4512 deita-

368 4580 477 4634 σης
525 4562 814 4632 θεότητος,
863 4562 961 4631 τῆς
1003 4577 1062 4613 τε
1116 4561 1436 4632 χρισθείσης
1490 4559 1958 4632 ἀνθρωπότητος·

365 4653 518 4708 ὥστε
557 4655 657 4725 μιᾷ
703 4655 857 4723 φωνῇ
902 4653 996 4705 καὶ
1037 4652 1147 4705 τῶν
1188 4653 1620 4721 συνδραμουσῶν
1661 4653 1860 4706 οὐσιῶν
1901 4653 1963 4706 τὸ

366 4745 626 4808 διπλοῦν,
657 4747 755 4799 καὶ
791 4745 892 4816 τὴν
935 4746 1000 4797 ὲκ
1029 4744 1238 4797 τούτων
1277 4744 1371 4797 τοῦ
1416 4743 1620 4796 ἐνιαίου
1665 4744 1963 4813 προσώπου

369 4838 503 4894 καθ’
551 4838 855 4891 ὑπόστασιν
899 4836 1116 4900 ἕνωσιν,
1163 4835 1422 4906 ἀσφαλῶς
1467 4836 1960 4903 διαγινώσκεσθαι·

345 4903 600 5000 κεὔλογον
625 4925 718 4984 οῦν
737 4931 862 4994 τοὺς
893 4930 972 4992 είς
1002 4929 1063 4981 τὸ
1097 4928 1268 4998 ὄνομα
1295 4928 1455 4982 τοῦτο
1495 4927 1966 4998 βεϐαπτισμένους

368 5042 435 5077 τε
465 5025 561 5078 καὶ
590 5022 1087 5096 ἐσφραγισμένους,
1107 5021 1202 5075 ἀπ’
1228 5020 1392 5075 αὐτοῦ
1430 5021 1714 5074 καλεῖσθαί
1745 5037 1805 5072 τε
1824 5037 1964 5088 παρ-

367 5113 652 5184 ωνύμως,
710 5111 807 5165 καὶ
883 5111 1248 5182 χρηματίζειν
1322 5109 1728 5181 Χριστιανοὺς,
1785 5105 1968 5177 ταυτῷ

372 5207 592 5268 πάντας
636 5202 1081 5276 γνωριζομένους
1124 5202 1221 5254 καὶ
1276 5201 1651 5272 καλουμένους
1698 5200 1967 5270 ὀνόματι,

369 5298 633 5371 καθάπερ
670 5299 721 5350 οἱ
753 5297 866 5350 τῶν
901 5295 1267 5367 συνθημάτων
1295 5295 1362 5349 τὰ
1403 5294 1783 5364 ἐπισημότερα
1826 5310 1965 5360 γνω-

373 5392 620 5466 ρίσματα
665 5392 943 5460 φέροντες·
987 5390 1268 5444 καὶτοῦτο
1301 5389 1434 5457 ἡμῖν
1481 5386 1542 5440 τὸ
1585 5385 1877 5439 ίδιαίτατόν
1907 5402 1966 5438 τε

371 5486 474 5546 καὶ
516 5484 855 5537 οίκειότατον
893 5481 1187 5554 γνώρισμά
1215 5499 1273 5534 τε
1313 5481 1409 5534 καὶ
1449 5480 1643 5549 δνομα,
1671 5478 1777 5532 κᾶν
1815 5480 1866 5531 οἱ
1898 5481 1964 5549 τῇ

373 5575 523 5648 μέθῃ
565 5575 664 5644 τῆς
712 5573 972 5637 ἀσεϐείας
1011 5572 1445 5644 βεϐαπτισμένοι
1495 5569 1569 5640 μὴ
1618 5569 1962 5639 ἀνέχωνταιο

369 5665 571 5719 τούτου
613 5681 677 5732 γε
714 5665 925 5716 εἵνεκεν
977 5665 1072 5716 καὶ
1113 5663 1253 5731 ἄγαν
1295 5659 1623 5729 θεοπρεπῶς
1666 5660 1965 5730 Ἐκκλησία

454 5847 500 5878 ⁸⁵
531 5848 633 5904 lsa.
666 5863 727 5902 ιχ
755 5864 790 5911 ι,
822 5845 874 5898 9..

2065 4576 2168 4619 teut
2207 4574 2496 4630 ungentetn
2538 4570 2594 4616 et
2626 4569 2847 4614 unctam
2886 4557 3318 4618 humanitatem;
3356 4553 3426 4606 ita
3461 4557 3518 4604 ut
3545 4564 3652 4601 uno

2063 4657 2328 4713 vocabulo
2361 4665 2414 4708 et
2449 4653 2890 4708 concurrentium
2941 4649 3371 4704 substantiarum
3421 4641 3651 4712 duplici-

2065 4759 2165 4815 tas,
2201 4759 2255 4802 et
2285 4749 2428 4802 facta
2452 4761 2517 4800 ex
2546 4745 2630 4799 his
2653 4743 2827 4798 unica:
2853 4756 3100 4813 persona:
3132 4737 3471 4810 hypustatica
3502 4733 3651 4798 unio,

2066 4841 2185 4894 sine
2211 4839 2553 4894 dubitatione
2583 4838 3024 4906 dignosceretur.
3064 4830 3508 4885 Consentaneum
3548 4827 3653 4880 ita-

2067 4947 2173 5001 que
2218 4941 2360 4998 erat,
2391 4929 2563 5000 utqui
2609 4930 2662 4983 in
2706 4929 2809 4982 hoc
2841 4927 3062 4981 nomine
3113 4921 3372 4993 baptizati
3413 4929 3572 4975 erant
3601 4926 3658 4971 et

2070 5022 2398 5093 consignati,
2439 5023 2507 5076 ab
2532 5021 2726 5075 eodem
2777 5031 3081 5088 cognomen
3129 5030 3286 5070 suum
3323 5011 3654 5073 derivarent,

2070 5126 2126 5171 et
2173 5115 2470 5171 Christiani
2552 5113 2909 5174 dicerentur,
2969 5125 3078 5164 uno
3137 5107 3440 5174 eodemque
3503 5101 3658 5155 titulo

2075 5208 2322 5263 distincti
2366 5201 2558 5262 omnes
2607 5219 2770 5274 atque
2812 5201 3093 5273 appellati,
3138 5199 3287 5254 velut
3323 5197 3358 5250 ii
3389 5195 3481 5265 qui
3513 5191 3657 5263 pacti

2075 5297 2304 5365 alicujus
2353 5297 2657 5353 certissima
2695 5297 2845 5366 signa
2875 5310 2984 5364 prae
3023 5308 3083 5349 se
3111 5291 3313 5346 ferunt.
3354 5287 3530 5355 Atque
3557 5285 3660 5338 hoc

2077 5390 2235 5444 nobis
2281 5389 2520 5443 maxime
2575 5389 2850 5457 proprium
2898 5400 2963 5438 ac
2996 5382 3272 5454 peculiare
3317 5375 3659 5449 signaculum

2075 5495 2387 5550 nomenque
2433 5488 2539 5546 est,
2590 5476 2946 5548 quantumvis
2977 5475 3028 5529 hi
3063 5470 3396 5542 irreligionis
3434 5470 3659 5538 crapula

2075 5573 2238 5627 mersi
2269 5572 2460 5627 audire
2491 5587 2598 5625 non
2644 5570 2946 5640 patiantur.
2983 5565 3154 5636 llojus
3183 5563 3262 5619 rei
3287 5577 3452 5617 causa
3492 5561 3648 5614 mira—

2075 5668 2258 5724 biliter
2308 5669 2598 5724 admodum
2633 5663 2834 5722 Christi
2881 5660 3120 5719 Ecclesia
3148 5669 3204 5716 et
3241 5666 3326 5714 est
3353 5667 3410 5714 et
3435 5654 3660 5721 dicitur,
