3994 6484
425 396 531 462 609

1418 393 1484 457 S.
1523 391 1947 454 NICEPIIORI
1991 391 2505 452 PATRIARCHAS
2544 391 2659 452 CP.

3611 385 3739 447 me

428 504 768 575 populusque
800 500 1202 572 acquisitiOnis,
1250 514 1379 571 gens
1409 513 1619 568 sancta,
1651 518 1823 571 genus
1863 502 2009 557 elcc-

2117 500 2356 572 Χριστοῦ
2380 500 2496 553 ἐστι
2529 515 2587 552 τε
2625 497 2720 552 καὶ
2745 497 2992 566 λέγεται,
3027 498 3123 552 καὶ
3149 498 3276 562 λαὸς
3300 496 3387 562 είς
3418 497 3723 568 περιποίη-

425 606 578 661 tmu,
627 592 807 663 regale
852 592 1252 656 sacerdotium,
1306 591 1593 647 hmreditas
1634 594 1832 665 inclyta
1885 594 2014 661 Dei,

428 686 607 753 portio
665 683 906 750 Domini,
955 682 1231 737 funiculus
1278 682 1621 739 baereditatis
1674 685 1837 755 ejus,
1886 688 2016 742 vitis

433 776 643 831 Domini
674 776 939 841 Sabaoth,
976 774 1068 828 filii
1108 774 1316 839 dilecti,
1339 773 1540 830 fratres
1573 776 1843 846 germani,
1872 778 2014 832 servi

434 868 867 934 t‘amiliarissimi,
920 868 1177 935 templum
1223 867 1341 933 Dei,
1372 867 1523 935 regni
1559 868 1825 933 heredes,
1856 884 2018 926 voca—

435 960 597 1016 tionis
629 959 870 1016 ccclestis
918 960 1237 1029 participes,
1293 959 1588 1015 rationales
1645 975 1776 1016 oves
1817 962 2016 1017 summi

430 1053 687 1122 pastoris.
730 1052 914 1119 Quare
945 1062 999 1104 et.
1026 1052 1257 1106 virtutes
1300 1050 1416 1119 ejus
1463 1054 1877 1120 annuntiatuus,
1924 1055 2016 1125 qui

430 1144 648 1198 vocavit
679 1159 776 1198 nos
820 1159 850 1198 e
900 1142 1141 1198 tenebris
1174 1143 1227 1196 in
1256 1144 1580 1198 admirabile
1608 1144 1791 1201 lumen
1833 1160 2016 1212 suum,

433 1232 709 1302 Demnque
731 1246 784 1287 et
810 1231 1013 1304 Regem
1036 1244 1090 1288 et
1126 1233 1439 1301 Dominum,
1456 1231 1799 1301 Creatorem,
1829 1235 2020 1290 Serva-

434 1333 605 1378 torem
636 1323 1167 1394 Redemptoremque
1205 1325 1550 1385 nominamus
1580 1335 1636 1381 et
1669 1326 2033 1391 confitemur,

432 1424 487 1467 et
513 1416 773 1486 quidquid
836 1426 1099 1486 praeterea
1135 1433 1164 1470 a
1198 1419 1355 1471 nobis
1410 1419 1463 1472 in
1513 1418 1736 1489 hymnis
1797 1419 2016 1474 dicitur.

436 1507 529 1562 Sic
575 1508 690 1563 veri
743 1506 1032 1562 Trinitatis
1082 1510 1400 1565 adoratores
1446 1511 1636 1579 agniti,
1691 1509 2016 1566 diabolicam

433 1613 650 1653 omnem
703 1599 942 1654 fraudem
978 1602 1306 1669 proterimus
1339 1618 1403 1656 ac
1433 1603 1771 1673 despuimus,
1803 1617 2017 1657 omnem

436 1690 689 1744 idolicum
736 1706 979 1747 errorem
1037 1694 1253 1748 odimus
1308 1705 1471 1764 atque
1521 1695 1928 1758 abominamur,
1961 1701 2018 1748 et

430 1779 525 1850 qui
562 1795 668 1836 non
713 1782 787 1837 ita
828 1798 887 1839 se
928 1783 1131 1838 habent
1163 1795 1217 1840 et
1244 1787 1595 1851 confitentur,
1648 1786 2019 1842 anathemati-

432 1872 532 1927 bus
581 1874 923 1943 suhjicimus.
959 1875 1156 1933 Nostra
1214 1878 1397 1947 itaque
1446 1877 1718 1933 confessio
1743 1878 2015 1948 ejusmodi

429 1972 533 2018 est.
572 1963 676 2019 Sed
694 1966 805 2035 jam
839 1968 905 2022 ad
947 1969 1091 2024 illam
1123 1981 1315 2045 contra
1349 1966 1683 2042 irreligiosos
1711 1971 2016 2027 orationem

427 2069 458 2107 a
488 2071 590 2125 qua
623 2056 973 2115 discessimus
1009 2064 1372 2116 revertamur.

2120 612 2227 658 σιν,
2260 594 2355 647 καὶ
2381 593 2538 656 ἔθνος
2578 591 2759 660 ἅγιον,
2793 591 2891 644 καὶ
2919 591 3081 659 γένος
3114 590 3393 655 ἐκλεκτὸν,
3427 591 3527 643 καὶ
3568 589 3724 659 βασί-

2116 685 2262 739 λειον
2296 686 2621 757 ἱεράτευμα,
2666 682 2763 736 καὶ
2795 682 3137 752 κληρονομία
3178 682 3314 735 Θεοῦ
3349 681 3594 746 ἔνδοξος,
3628 680 3725 733 καὶ

2121 778 2279 849 μερὶς
2324 777 2565 847 Κυρίου,
2610 775 2706 829 καὶ
2755 775 3049 844 σχοίνισμα
3097 774 3471 845 κληρονομίας
3522 773 3722 837 αὐτοῦ,

2119 871 2213 923 καὶ
2241 869 2503 939 ἀμπελὼν
2536 867 2742 936 Κυρίου
2766 865 3021 929 Σαϐαὼθ,
3045 869 3140 920 καὶ
3154 867 3323 920 τέκνα
3350 864 3724 936 ἡγαπημένα,

2118 960 2216 1014 καὶ
2248 958 2468 1026 ἀδελφοὶ
2494 958 2832 1020 πιστότατοι,
2866 957 2960 1011 καὶ
2998 957 3182 1009 δοῦλοι
3216 956 3586 1018 οίκειότατοι,
3631 956 3727 1008 καὶ

2119 1052 2244 1113 ναὸς
2283 1048 2444 1115 Θεοῦ,
2484 1050 2579 1103 καὶ
2610 1049 2893 1121 βασιλείας
2921 1049 3280 1121 κληρονόμοι,
3328 1049 3427 1102 καὶ
3464 1048 3728 1119 κλήσεως

2118 1141 2451 1212 ἐπουρανίου
2488 1142 2736 1212 μέτοχοι,
2763 1144 2858 1195 καὶ
2890 1140 3145 1212 πρόϐατα
3181 1140 3382 1210 λογικὰ
3422 1140 3523 1193 τοῦ
3561 1141 3728 1211 ἀρχιο

2120 1233 2417 1303 ποιμένοςο
2449 1232 2532 1285 διὸ
2567 1218 2787 1295 καὶτὰς
2830 1232 3036 1304 ἀρετὰς
3080 1231 3250 1286 αὐτοῦ
3289 1231 3740 1301 ἐξαγγέλλομεν,

2117 1324 2214 1378 τοῦ
2244 1325 2575 1389 καλέσαντος
2619 1326 2772 1395 ἡμᾶς
2814 1326 2880 1377 ὲκ
2920 1324 3149 1388 σκότους
3177 1325 3261 1387 είς
3302 1324 3364 1377 τὸ
3402 1322 3728 1393 θαυμαστὸν

2120 1415 2287 1470 αὑτοῦ
2335 1415 2473 1484 φῶς,
2515 1415 2652 1469 Θεόν
2695 1432 2757 1469 τε
2798 1415 2896 1468 καὶ
2915 1414 3175 1481 Βασιλέα,
3219 1415 3316 1468 καὶ
3363 1414 3608 1486 Κύριον,
3634 1412 3729 1465 καὶ

2121 1507 2379 1579 Ποιητὴν,
2402 1509 2499 1562 καὶ
2538 1508 2796 1579 Σωτῆρα,
2822 1508 2919 1561 καὶ
2967 1508 3268 1579 Λυτρωτὴν
3294 1507 3730 1579 ὲπιγραφόμεθα

2123 1601 2218 1653 καὶ
2234 1600 2631 1669 ὁμολογοῦμεν,
2657 1600 2756 1653 καὶ
2773 1599 2827 1653 εἴ
2841 1616 2893 1652 τι
2904 1598 2992 1654 ’ἐτε
3000 1616 3094 1669 ρον
3116 1598 3253 1670 πρὸς
3271 1601 3432 1670 ἡμῶν
3451 1599 3728 1667 ἀνυμνεῖ-

2118 1710 2210 1746 ται
2230 1709 2244 1724 ’
2270 1692 2415 1746 οὕτω
2441 1692 2821 1763 προσκυνηταὶ
2851 1692 2953 1762 τῆς
2979 1691 3212 1762 Τριάδος
3240 1689 3492 1760 ἀληθινοὶ
3519 1705 3729 1759 γνωρι-

2122 1784 2373 1854 ζόμενοι,
2419 1786 2605 1839 πᾶσαν
2648 1784 2972 1855 δαιμονικὴν
3028 1784 3240 1853 πλάνην
3283 1779 3729 1850 καταπατοῦμεν

2124 1877 2216 1931 καὶ
2242 1877 2605 1947 διαπτύομεν,
2638 1879 2825 1931 πᾶσαν
2857 1875 3149 1947 είδωλικὴν
3178 1875 3399 1944 ἀπάτην
3441 1873 3726 1944 μυσαττό-

2129 1969 2271 2041 μεθα
2302 1969 2399 2022 καὶ
2429 1967 2859 2039 βδελυσσόμεθα,
2895 1964 2991 2021 καῖ
3019 1968 3149 2031 τοὺς
3181 1965 3257 2036 μὴ
3289 1966 3466 2028 οὓτως
3497 1964 3728 2034 ἔχοντας

2126 2063 2222 2115 καὶ⁵
2261 2059 2659 2131 ὁμολογοῦντας
2710 2062 2823 2123 τοῖς
2855 2058 3167 2129 ἁναθέμασι
3213 2055 3722 2126 καταζευγνύομεν.

441 2149 506 2203 Ἦ
543 2152 641 2219 μὲν
681 2148 774 2207 οὖν
814 2153 939 2207 καθ’
986 2154 1133 2224 ἡμᾶς
1178 2154 1445 2225 ὁμολογία
1476 2154 1703 2227 τοιαύτη
1745 2155 1843 2211 καὶ⁹
1879 2155 2056 2220 οὕτως
2093 2155 2327 2227 ἔχουσαο
2365 2154 2460 2208 ἐπὶ
2496 2154 2554 2208 δὲ
2591 2154 2685 2207 τὸν
2748 2154 2886 2220 πρὸς
2930 2153 3061 2215 τοὺς
3102 2152 3321 2214 ἀσεϐεῖς
3365 2151 3551 2219 λόγον,
3600 2148 3727 2203 ὅθεν

428 2244 592 2313 ὲξέὸη
602 2262 721 2315 μεν,
756 2245 922 2299 πάλιν
953 2246 1206 2318 μέτιμεν.
1854 2313 1860 2321 _

500 2334 593 2389 49.
629 2336 767 2403 Quid
796 2352 927 2407 ergo
956 2339 1173 2394 dicitis?
1215 2339 1325 2394 Rex
1380 2341 1466 2395 hic
1507 2357 1737 2411 magnus
1767 2342 2019 2413 magnifi-

430 2440 561 2490 cus,
630 2426 783 2495 cujus
852 2429 1259 2499 magnificentia
1324 2431 1492 2486 caelos
1552 2442 1883 2499 exsuperat,
1934 2433 2018 2486 cui

430 2519 679 2574 omnium
714 2535 896 2575 rerum
926 2532 1169 2591 potestas
1194 2533 1297 2591 est,
1331 2526 1537 2593 quique
1561 2526 1848 2595 imperium
1880 2516 2021 2582 sex‘n-

432 2612 707 2681 piternum
755 2616 1011 2683 obtinet;
1075 2632 1244 2688 regno
1298 2619 1443 2673 enim
1477 2621 1599 2689 ejus
1638 2621 1848 2677 nullum
1900 2638 2028 2697 esse,

434 2705 596 2758 tinem
654 2705 980 2761 confitemur
1034 2709 1314 2777 quatidie;
1368 2712 1680 2780 angelorum
1736 2712 2015 2777 Dominus,

374 2854 383 2861 ,
430 2796 758 2864 cmlestium,
794 2800 1160 2868 terrestrium,
1198 2810 1360 2870 atque
1391 2802 1726 2858 infcrnorum
1775 2805 2017 2875 impera-

433 2901 542 2951 tor,
573 2890 842 2946 universa:
894 2901 1159 2947 creatura:
1212 2904 1426 2960 auctor,
1472 2895 1675 2966 quique
1723 2898 1916 2952 omnia
1947 2913 2015 2953 ex

430 2994 537 3034 non
564 2983 907 3038 exstantibus
931 2985 998 3038 ad
1025 2985 1397 3039 exsistendum
1430 2988 1716 3056 produxit;
1746 2992 2017 3059 quomodo

2192 2340 2300 2410 μθ’.
2341 2337 2406 2392 Τί
2447 2332 2540 2390 οὖν
2577 2354 2746 2407 (pars;
2785 2339 2813 2390 6
2843 2335 3101 2407 βασιλεὺς
3145 2327 3324 2398 οὗτος,
3367 2336 3397 2388 ὁ
3442 2334 3645 2404 μέγας,
3694 2337 3722 2387 6

2121 2430 2575 2504 μεγαλοπρεπὴς,
2604 2423 2667 2484 οὗ
2695 2431 2728 2499 ἡ
2771 2428 3229 2499 μεγαλοπρέπεια
3270 2427 3399 2489 τοὺς
3449 2425 3720 2497 οὐρανοὺς

2118 2521 2508 2594 ὑπεράλλεται,
2541 2522 2569 2574 6
2601 2521 2746 2574 κατὰ
2778 2520 3000 2574 πάντων
3053 2518 3373 2591 ἀνημμένος
3398 2517 3462 2570 τὸ
3488 2517 3716 2587 κράτος,

2116 2616 2213 2670 καὶ
2238 2617 2338 2685 τὴν
2367 2614 2545 2686 ἀρχὴν
2579 2613 2922 2684 κεκτημένος
2949 2610 3255 2683 ἀπέραντον
3280 2624 3294 2639 °
3337 2611 3437 2680 τῆς
3461 2611 3573 2680 γὰρ
3619 2610 3717 2680 βα-

2129 2707 2330 2770 σιλείας
2359 2704 2525 2759 αὑτοῦ
2555 2705 2629 2776 μὴ
2649 2700 2793 2758 εἶναι
2823 2705 2976 2767 τέλος
3004 2700 3384 2772 ὁμολογοῦμεν
3418 2700 3712 2770 ὁσημέραι,

2124 2800 2153 2852 6
2172 2799 2276 2852 τῶν
2292 2797 2538 2866 ἀγγέλων
2569 2796 2796 2867 Κύριος,
2815 2796 2843 2848 6
2864 2795 2974 2847 τῶν
2997 2793 3293 2865 οὐρανίων,
3316 2793 3412 2846 καὶ
3431 2792 3709 2860 ἐπιγείων,

2127 2890 2223 2944 καὶ
2252 2888 2625 2960 καταχθονίων
2653 2888 2955 2952 δεσπόζων,
2977 2887 3005 2939 ὀ
3028 2887 3207 2955 πάσης
3238 2884 3589 2955 Δημιουργὸς
3611 2884 3713 2953 τῆς

2127 2981 2381 3045 κτίσεως,
2428 2981 2524 3034 καὶ
2573 2980 2836 3049 παράγων
2880 2980 3059 3032 πάντα
3110 2974 3171 3041 ἐξ
3211 2977 3314 3031 οὐκ
3356 2975 3529 3030 ὄντων
3576 2976 3712 3043 πρὸς

422 3072 537 3140 jam
588 3072 670 3127 vel
718 3074 913 3129 saltem
961 3076 1236 3145 aliquihus
1289 3078 1693 3134 dominabitur?
1740 3080 1946 3137 Deiecit
1984 3101 2013 3135 ιι

2121 3071 2387 3143 ὓπαρξιν,
2444 3070 2562 3134 πῶς
2609 3070 2690 3122 ἔτι
2742 3069 3056 3139 βασιλεύσει
3102 3068 3135 3138 ἢ
3189 3067 3457 3137 κατάρξει
3509 3066 3706 3130 τινῶνς

429 3174 580 3219 tanto
617 3180 742 3237 rege
771 3168 1021 3237 populus,
1060 3185 1219 3238 quem
1248 3174 1313 3226 de
1346 3173 1737 3240 perduellionis
1785 3175 2017 3230 crimine

428 3259 626 3312 merito
648 3259 773 3328 quis
804 3246 1108 3326 accusabit,
1139 3277 1308 3316 vacua
1343 3273 1470 3318 sunt
1494 3263 1605 3333 jam
1634 3267 1779 3335 regia
1812 3267 2013 3336 palatia

424 3359 479 3402 et
506 3349 742 3415 deserta,
775 3351 996 3408 alterius
1018 3355 1161 3424 regis
1188 3365 1373 3424 partes
1394 3366 1718 3425 sequuntur.
1750 3356 2014 3426 Hujusce-

426 3440 569 3495 modi
613 3450 696 3495 est
739 3444 1121 3498 seditiosorum
1173 3445 1366 3499 horum
1412 3446 1613 3511 oratio,
1663 3448 1757 3516 qui
1808 3449 2014 3504 Christi

426 3544 594 3596 regno
644 3529 766 3584 ideo
813 3530 1051 3587 fortasse
1104 3548 1211 3588 non
1272 3533 1592 3601 subjacent,
1650 3537 1777 3605 quia
1833 3552 2012 3608 regem

427 3620 631 3674 habent
659 3620 981 3677 Mamonam.
1017 3624 1128 3694 Age
1160 3626 1317 3695 nobis
1347 3625 1534 3682 dicant
1563 3626 1889 3691 defectionis
1917 3631 2018 3683 hu-

416 3710 511 3778 jus
545 3711 799 3780 modum;
835 3726 1117 3785 qmeratnr
1155 3733 1408 3788 quaenam
1443 3718 1614 3775 fuerit
1640 3721 2018 3777 conversionis

424 3802 587 3857 istius
618 3818 779 3859 causa
808 3823 822 3873 ;
855 3806 899 3861 si
933 3816 1127 3875 sponte
1161 3810 1379 3877 quidem
1410 3825 1439 3864 a
1474 3810 1805 3866 dominantis
1854 3828 2015 3867 manu

427 3892 658 3963 populus
692 3910 752 3949 se
789 3898 1069 3963 subduxit,
1114 3909 1372 3954 utrumne
1415 3901 1542 3970 quia
1594 3901 1683 3957 ille
1747 3903 2013 3958 dominari

426 3985 699 4052 nesciret,
740 4002 807 4040 an
853 3988 981 4058 quia
1035 3992 1173 4045 tueri
1210 4005 1306 4046 eos
1356 4004 1461 4046 non
1501 4001 1702 4063 posset.
1767 3996 1931 4064 Atqui
1969 3997 2015 4051 is

372 4084 379 4089 '
423 4086 509 4129 est
537 4076 629 4144 qui
659 4076 711 4130 in
740 4093 904 4148 regno
930 4095 1031 4136 suo
1056 4081 1371 4137 dominatur
1395 4100 1423 4138 a
1449 4085 1671 4150 saeculo,
1698 4087 1789 4155 qui
1813 4087 2011 4142 caelum

425 4178 737 4239 terramque
762 4171 966 4241 implet,
988 4173 1144 4242 cujus
1164 4175 1217 4230 in
1244 4191 1406 4230 manu
1431 4192 1623 4231 omnes
1650 4178 1784 4233 lines
1812 4189 2009 4246 terrm;

424 4260 519 4329 qui
547 4259 781 4317 Deus‘ad
805 4263 1121 4325 salvandnm
1165 4267 1399 4335 dicitur;
1438 4278 1493 4321 et
1519 4268 1658 4322 Deus
1691 4270 2011 4326 salutarium

424 4365 770 4427 nostrorum;
804 4368 857 4415 et
882 4360 996 4430 ipse
1029 4370 1187 4417 natus
1214 4371 1300 4418 est
1324 4363 1483 4420 nobis
1516 4363 1776 4421 Servator
1822 4367 2009 4422 Domi-

423 4465 560 4517 nus;
591 4460 647 4506 et
677 4453 765 4522 qui
796 4454 994 4514 salvet.
1027 4464 1225 4524 praeter
1254 4456 1424 4523 illum,
1458 4475 1621 4515 nemo
1643 4470 1746 4515 est.
1775 4459 1856 4514 An
1884 4461 2011 4530 quia

423 4554 527 4593 non
553 4542 822 4610 providet,
850 4559 950 4599 nec
979 4544 1086 4601 Deo
1109 4546 1266 4617 digne
1295 4557 1476 4602 nostra
1498 4549 1613 4606 haec
1636 4551 2008 4617 administrat,

422 4629 567 4685 hunc
601 4638 901 4689 recusant?
931 4638 1091 4706 Atqui
1120 4638 1238 4707 ipse
1267 4650 1349 4693 est
1377 4640 1466 4709 qui
1517 4642 1649 4697 oriri
1680 4643 1811 4697 facit
1842 4642 2009 4699 solem

423 4735 579 4775 suum
633 4738 797 4792 supra
854 4726 1024 4781 malos
1055 4738 1109 4783 et
1152 4729 1344 4793 bonos,
1374 4740 1429 4786 et
1461 4730 1596 4799 pluit
1639 4745 1802 4801 super
1831 4731 2011 4800 justos

423 4822 585 4883 atque
634 4813 899 4882 injustos;
950 4819 1041 4887 qui
1089 4821 1177 4874 dat
1209 4830 1371 4876 terra:
1402 4821 1632 4877 imbrem
1677 4825 2005 4878 matutinum

420 4912 478 4958 et
510 4905 829 4968 serotinum,
859 4909 954 4975 qui
981 4910 1072 4962 dat
1093 4924 1272 4964 escam
1326 4912 1474 4966 omni
1501 4913 1675 4967 carni.
1708 4912 1813 4980 Et,
1848 4912 2014 4969 Pater

424 5011 591 5060 mem,
625 4996 821 5066 inquit,
847 5016 1011 5068 usque
1041 5000 1194 5055 modo
1217 5012 1490 5072 operatur,
1515 5014 1566 5058 et
1600 5020 1694 5073 ego
1726 5022 1915 5072 operor
1938 5007 2006 5061 ⁸⁹.

425 5086 633 5153 Quibus
671 5090 851 5147 verbis
886 5107 1071 5147 curam
1109 5092 1200 5150 Dei
1232 5095 1301 5151 de
1332 5095 1498 5170 214
1525 5098 1682 5154 nobis
1714 5101 2011 5168 providen-

423 5178 664 5249 tiamque
693 5183 905 5237 suadet.
938 5187 1016 5239 An
1050 5202 1239 5242 rursus
1259 5202 1357 5244 ceu
1388 5206 1492 5245 non
1524 5205 1777 5261 magnum
1811 5203 2012 5263 negant

420 5270 746 5329 admittere?
794 5276 957 5347 Atqui
1016 5294 1109 5333 rex
1166 5296 1392 5352 magnus
1458 5298 1623 5351 super
1694 5285 2007 5341 universam

423 5370 624 5418 terram
672 5374 777 5431 est,
809 5380 863 5423 ct
897 5373 1289 5441 magnitudinis
1318 5375 1437 5445 ejus
1472 5391 1580 5431 non
1621 5385 1704 5431 est
1749 5378 1893 5433 finis.
1927 5380 2006 5431 An

423 5455 636 5510 demum
665 5461 817 5527 quasi
848 5464 1076 5532 partiale
1100 5474 1152 5522 et
1170 5466 1649 5537 circumscriptum
1684 5470 1881 5524 habent
1908 5471 2006 5525 iut-

424 5548 656 5615 perium,
688 5553 773 5608 vel
807 5555 990 5624 aliquo
1023 5568 1270 5629 tempore
1298 5561 1623 5617 definitum?
1652 5564 1814 5632 Atqui
1842 5579 2008 5631 regno

420 5640 536 5699 eius
593 5658 697 5697 non
747 5647 851 5701 erit
897 5652 1051 5716 linis;
1094 5662 1149 5708 et
1188 5654 1290 5722 ipsi
1329 5655 1585 5726 ﬂectitur
1638 5672 1801 5711 omne
1860 5673 2003 5726 εειιυ

491 5794 535 5827 ⁸³
575 5795 731 5857 10am.
776 5819 826 5870 ν,
862 5805 939 5858 l7.

2132 3164 2544 3235 Ἀπέστραπται
2589 3165 2617 3216 6
2645 3161 2739 3215 τοῦ
2784 3160 3112 3231 τηλικούτου
3149 3160 3417 3231 βασιλέως
3461 3159 3618 3225 λαὸς,
3649 3150 3708 3212 οὗ

2117 3257 2180 3327 δὴ
2209 3256 2552 3321 λειποταξίου
2592 3254 2815 3325 γραφὴν
2844 3256 2923 3317 εἰς
2961 3252 3082 3307 δέον
3117 3270 3202 3315 τις
3257 3252 3544 3322 καταχέοι,
3579 3252 3709 3305 κενᾶ

2116 3347 2305 3401 λοιπὸν
2329 3348 2400 3401 τὰ
2433 3346 2682 3418 βασίλεια
2715 3347 2812 3400 καὶ
2840 3346 3023 3416 ἔρημα
3049 3345 3508 3409 καταλέλειπται,
3537 3346 3708 3416 ἑτέρῳ

2119 3440 2446 3509 προσέθεντο
2471 3440 2701 3511 βασιλεῖ·
2737 3438 2987 3502 τοιοῦτος
3009 3438 3120 3511 γὰρ
3143 3442 3170 3492 6
3197 3440 3309 3492 τῶν
3334 3439 3705 3492 ἁϐασιλεύτων

2117 3535 2298 3600 λόγος,
2330 3534 2379 3587 οἳ
2404 3534 2502 3603 ούχ
2543 3534 2648 3586 ὑπὸ
2682 3532 2782 3604 τὴν
2819 3532 3066 3602 Χριστοῦ
3114 3532 3395 3602 βασιλείαν
3431 3534 3574 3602 τάχα
3598 3532 3709 3586 κεί·

2120 3644 2325 3692 σονται,
2366 3626 2636 3696 ἑτέρωθεν
2676 3642 2739 3695 γε
2785 3626 2883 3679 καὶ
2925 3624 3065 3696 πρὸς
3107 3622 3203 3677 τοῦ
3260 3626 3520 3695 Μαμωνᾶ
3557 3625 3706 3697 βασι·

2117 3720 2430 3789 λευόμενοι·
2483 3718 2800 3787 λεγέτωσαν
2847 3717 2905 3771 δὲ
2957 3718 3059 3786 τῆς
3113 3717 3563 3787 ὲγκαταλείψεως
3616 3710 3707 3770 τὶν

2117 3810 2318 3880 τρόπον
2341 3826 2353 3839 ·
2385 3807 2660 3879 ζητείσθω
2688 3809 2774 3873 τίς
2816 3810 2850 3881 ἡ
2893 3809 3045 3863 αἰτία
3089 3810 3189 3879 τῆς
3242 3810 3591 3879 μεταθέσεως
3612 3826 3626 3840 °
3655 3811 3703 3863 εί

2119 3903 2220 3974 μὲν
2247 3902 2389 3955 ἑκὼν
2424 3904 2452 3955 ὁ
2488 3902 2620 3965 λαὸς
2647 3902 2748 3971 τῆς
2775 3901 2961 3973 χειρὸς
2993 3902 3204 3974 ἀπέδρα
3233 3901 3330 3956 τοῦ
3364 3902 3703 3969 ἐξουσιάζον-

2116 4011 2227 4060 τος,
2274 3995 2510 4066 πότερον
2552 3994 2627 4057 ὡς
2668 3994 2766 4049 τοῦ
2801 3995 2994 4065 ἄρχειν
3040 3996 3139 4049 οὐκ
3189 3995 3503 4066 ἰσχύοντος,
3538 3996 3571 4068 ἢ
3608 3994 3701 4049 τοῦ

2118 4086 2313 4152 σώζειν
2339 4088 2398 4140 οὐ
2440 4086 2743 4151 σθένοντος.
2766 4089 2877 4141 Καὶ
2926 4087 3034 4159 μὴν
3060 4090 3088 4141 6
3115 4088 3399 4152 δεσπόζων
3440 4089 3498 4141 ὲν
3524 4091 3587 4160 τῇ
3610 4089 3699 4141 δυ-

2116 4179 2340 4250 ναστείᾳ
2385 4178 2549 4232 αὐτοῦ
2598 4179 2693 4234 τοῦ
2729 4180 2946 4248 αἰῶνος,
2992 4180 3156 4244 αὐτός
3200 4182 3351 4233 ἐστιν
3392 4183 3422 4234 6
3481 4180 3699 4251 πληρῶν

2115 4271 2207 4324 τὸν
2245 4271 2476 4342 οὐρανὸν
2499 4272 2595 4325 καὶ
2623 4272 2721 4343 τὴν
2760 4260 2886 4343 γῆν,
2917 4273 3011 4327 καὶ
3052 4274 3111 4326 ὲν
3139 4275 3205 4345 τῇ
3245 4273 3392 4343 χειρὶ
3426 4273 3592 4327 αὐτοῦ
3634 4271 3699 4325 τὰ

2118 4363 2332 4434 πέρατα
2360 4365 2457 4434 τῆς
2480 4363 2585 4434 γῆς
2606 4380 2619 4395 ο
2657 4365 2751 4417 καὶ
2773 4364 2907 4429 Θεὸς
2946 4363 3039 4419 τοῦ
3086 4363 3283 4428 σώζειν
3330 4365 3574 4434 λέγεται,
3609 4366 3700 4420 καὶ

2115 4457 2247 4520 Θεὸς
2273 4457 2381 4510 τῶν
2427 4456 2716 4526 σωτηριῶν
2755 4457 2949 4526 ἡμῶν
2983 4457 3082 4511 καὶ
3130 4458 3296 4522 αὐτὸς
3334 4458 3534 4532 ἐτέχθη
3571 4461 3699 4528 ἡμῖν

2111 4548 2305 4621 Σωτὴρ
2334 4547 2562 4620 Κύριος,
2589 4549 2684 4601 καὶ
2712 4547 2901 4612 σώζων
2926 4548 3026 4602 οὐκ
3058 4548 3136 4602 ἔτι
3172 4550 3315 4621 πλὴν
3342 4550 3536 4603 αὐτοῦ’
3567 4551 3698 4621 ἣὸτι

2110 4645 2170 4696 οὐ
2196 4645 2417 4714 προνοεῖ
2443 4641 2539 4695 καὶ
2570 4640 2810 4709 διεξάγει
2856 4644 2922 4695 τὰ
2956 4643 3083 4714 τῇδε
3135 4643 3482 4712 θεοπρεπῶς,
3516 4644 3698 4712 τοῦτον

2109 4736 2488 4805 άπήρνηνται;
2518 4733 2637 4787 ἀλλ’
2668 4734 2835 4798 αὐτός
2860 4736 3008 4788 ἐστιν
3037 4737 3065 4789 6
3091 4736 3405 4790 ἀνατέλλων
3436 4737 3527 4789 τὸν
3554 4737 3699 4807 ἣλιον

2111 4826 2278 4881 αὐτοῦ
2323 4827 2415 4878 ἐπὶ
2462 4826 2736 4897 πονηροὺς
2783 4827 2879 4879 καὶ
2922 4826 3184 4895 ἀγαθοὺς,
3220 4830 3315 4881 καὶ
3356 4828 3571 4899 βρέχων
3611 4830 3698 4882 ἐπὶ

2110 4919 2360 4983 δικαίους
2390 4920 2487 4972 καὶ
2510 4918 2748 4983 ἀδίκους·
2782 4920 2811 4972 6
2837 4919 3015 4982 διδοὺς
3053 4923 3119 4991 τῇ
3153 4925 3221 4991 γῇ
3252 4922 3407 4975 ὑετὸν
3450 4923 3698 4993 πρὼῖμον

2111 5012 2208 5065 καὶ
2233 5010 2454 5082 ὄψιμον,
2490 5011 2584 5063 καὶ
2606 5010 2783 5086 διδους
2807 5010 3017 5083 τροεὴν
3052 5014 3200 5085 πάσῃ
3236 5014 3422 5085 σαρκί.
3456 5016 3592 5080 Καὶ,
3640 5016 3698 5069 ’0

2110 5103 2315 5173 Πατήρ
2346 5122 2488 5173 μου.
2538 5105 2705 5173 φησιν
2729 5145 2742 5169 ,
2779 5104 2893 5172 ἕως
2932 5106 3040 5160 τοῦ
3087 5108 3206 5160 νῦν
3235 5107 3572 5178 ἐργάζεται,
3607 5109 3696 5165 καὶ

2107 5193 2222 5262 ἐγὼ
2246 5193 2559 5265 ἐργάζομαι
2578 5210 2592 5224 °
2624 5195 2750 5258 τοὺς
2777 5196 2877 5266 τῆς
2917 5196 3047 5267 περὶ
3087 5199 3239 5268 ἡμᾶς
3277 5199 3609 5270 κηδεμονίας
3637 5217 3694 5253 τε

2108 5288 2202 5340 καὶ
2251 5287 2508 5357 προνοίας
2554 5287 2792 5354 εἰσάγων
2848 5288 3105 5342 ἐντεῦθεν
3156 5290 3367 5355 λόγους.
3415 5288 3496 5345 Ἦ
3531 5293 3607 5357 ὡς
3636 5293 3693 5346 οὗ

2111 5377 2288 5448 μέγαν
2314 5378 2376 5430 οὐ
2412 5378 2764 5448 προσίενται;
2793 5380 2930 5435 ἀλλὰ
2970 5382 3225 5451 βασιλεὺς
3261 5383 3437 5454 μέγας
3476 5387 3568 5438 ἐπὶ
3591 5387 3693 5438 πᾶ-

2058 5534 2059 5537 ,
2110 5486 2209 5522 σαν
2238 5470 2338 5539 τὴν
2371 5469 2476 5539 γῆν
2505 5472 2653 5524 ἐστι’
2693 5472 2789 5525 καὶ
2821 5472 2920 5543 τῆς
2958 5474 3351 5546 μεγαλωσύνης
3395 5477 3564 5530 αὐτοῦ
3597 5478 3690 5531 οὐκ

2105 5561 2224 5614 ἐστι
2270 5561 2468 5632 πέρας.
2509 5562 2650 5616 Ἀλλ’
2692 5563 2768 5627 ὡς
2820 5566 3060 5639 μερικὴν
3090 5567 3123 5633 ἦ
3167 5570 3690 5640 περιγεγραμμένην

2115 5651 2584 5722 περιϐεϐλημένον
2612 5652 2711 5723 τὴν
2759 5654 2955 5725 ἀρχὴν,
2992 5655 3226 5726 ῆχρόνῳ
3269 5658 3692 5729 πεπερασμένην
