3994 6426
347 366 459 431 τοι

1206 374 1774 437 APOLOGETICUS
1807 378 1961 438 PRO
1999 379 2266 438 SACRIS
2306 378 2791 443 IMAGINIBUS.

3524 377 3634 443 702

349 481 494 548 τινες
543 479 702 558 ξΔλλά
744 479 844 552 τῆς
887 480 1167 552 βασιλείας
1211 484 1376 539 αὐτοῦ
1422 485 1524 538 οὐκ
1572 485 1730 540 ἔσται
1763 486 1939 550 τέλος,
1973 537 1976 547 ,

2065 489 2376 556 :mlestitttn,
2411 491 2752 546 terrestrium
2781 499 2836 544 et
2857 489 3219 546 infernorunt.
3245 490 3326 544 Att
3359 499 3632 558 postremo

348 573 450 626 καὶ
483 570 634 641 αὑτῷ
661 571 908 642 κάμπτει
941 573 1050 626 πᾶν
1085 575 1216 643 γόνυ
1247 576 1594 647 ἐπουρανίων
1619 593 1678 630 τε
1706 579 1800 630 καὶ
1824 579 1944 630 ἐπι-

349 663 522 730 γείων
549 663 644 717 καὶ
668 663 1064 734 καταχθονίων.
1091 665 1164 718 ’Ἡ
1185 665 1262 728 ὡς
1281 666 1380 720 τοῦ
1401 667 1641 723 συνιέναι
1665 667 1940 735 ὲνδέοντα;

363 754 529 810 ’Λλλά
559 755 658 826 τῆς
697 755 968 818 συνέσεως
1008 753 1175 808 αὐτοῦ
1210 755 1313 810 οὐκ
1335 757 1482 812 ἐστιν
1515 759 1789 831 ἀριθμός*
1823 759 1945 812 οὐδὲ

349 846 500 916 ἔγνω
528 863 614 910 τις
657 845 786 900 νοῦν
814 846 1025 916 Κυρίου
1047 861 1061 874 '
1097 848 1148 900 εί
1187 847 1246 901 δὲ
1277 848 1356 912 ὡς
1381 850 1482 903 οὐκ
1515 851 1946 922 ὲπιστρεπτικδν

351 939 386 1010 ἢ
439 938 825 1008 κηδεμονικὸν,
870 940 966 992 καὶ
1012 939 1098 1004 τίς
1137 941 1287 994 ἐστιν
1330 943 1359 994 6
1396 941 1571 1010 λέγων
1619 943 1710 997 διὰ
1761 945 1946 1014 φωνῆς

350 1031 549 1098 ἁγίων,
611 1030 694 1084 ὅτι
747 1030 823 1082 Οὐ
873 1028 1141 1100 βούλομαι
1164 1031 1258 1086 τὸν
1289 1031 1525 1087 θάνατον
1563 1033 1658 1087 τοῦ
1705 1033 1948 1106 ἀποθνή-

361 1140 606 1188 σκοντος,
641 1123 718 1186 ὡς
747 1127 807 1179 τὸ
845 1124 1178 1196 ἐπιστρέψαι
1207 1125 1370 1180 αὑτὸν
1416 1126 1528 1181 ἀπὸ
1553 1127 1656 1197 τῆς
1692 1128 1817 1182 ὀδοῦ
1851 1128 1950 1182 αὖ·

358 1214 474 1280 τοῦ,
499 1216 596 1268 καὶ
630 1213 732 1286 ζῇν
760 1215 858 1286 τὴν
881 1215 1059 1288 ψυχὴν
1090 1215 1259 1272 αὑτοῦ
1279 1233 1294 1250 ο
1339 1218 1435 1271 καὶ
1475 1220 1534 1271 ὲν
1564 1221 1642 1291 τῷ
1675 1235 1743 1290 με
1774 1222 1948 1274 εἰπεῖν

351 1305 433 1379 τῷ
463 1307 671 1374 ἀσεϐεῖ,
689 1305 920 1378 Θανάτῳ
950 1308 1336 1383 θανατωθήσῃ,
1357 1310 1454 1364 καὶ⁸
1476 1311 1815 1382 ἀποστρέψει
1842 1313 1950 1366 ἀπὸ

350 1403 456 1470 τῆς
487 1400 606 1455 ὀδοῦ
637 1400 830 1466 αὐτοῦ,
861 1401 958 1481 καὶ
987 1403 1212 1474 ποιήσει
1241 1405 1420 1474 κρῖμα
1455 1403 1551 1457 καλ⁸
1577 1403 1949 1476 δικαιοσύνην,

353 1495 454 1548 καὶ
483 1496 540 1546 ἐν
569 1492 957 1564 προστάγμασι
985 1493 1132 1563 ζωῆς
1160 1492 1604 1564 διαπορεύσεται,
1633 1494 1756 1566 ζωῇ
1789 1495 1954 1568 ζήσε-

352 1602 471 1651 ται,
504 1586 601 1638 καὶ
636 1585 698 1638 ού
731 1585 809 1655 μὴ
839 1583 1092 1656 ἀποθάνῃ
1117 1602 1132 1617 ·
1176 1586 1352 1638 πᾶσαι
1397 1587 1454 1640 αί
1495 1585 1950 1658 ἁμαρτίαιιαύτοῦ

350 1679 421 1744 ἃς
458 1679 738 1750 ἥμαρτεν,
789 1678 849 1732 οὐ
903 1682 978 1750 μὴ
1025 1677 1489 1750 ἅναμνησθῶσιν;
1529 1681 1600 1732 Ἢ
1642 1680 1716 1744 ὡς
1758 1679 1952 1749 σοφίας

2046 583 2172 649 quia
2228 581 2510 637 intellectu
2565 581 2850 652 indigeat?
2898 581 3062 650 Atqui
3106 581 3476 651 intelligentiae
3515 580 3636 648 ejus

2041 673 2152 730 'ttun
2211 687 2294 732 est
2343 693 2631 744 numerus;
2685 693 2784 733 nec
2841 679 3130 746 quisquam
3189 676 3339 730 novit
3395 686 3638 730 mentem

2049 771 2290 826 Domini.
2335 769 2488 838 Quod
2536 771 2581 826 si
2630 770 2770 825 forte
2820 771 2987 824 Deum
3033 768 3255 822 minime
3303 766 3635 822 exorabilem

2048 878 2147 918 nec
2166 863 2337 916 nostri
2367 862 2659 918 sollicitum
2687 861 3022 927 existimant,
3047 861 3191 928 quis,
3225 860 3466 928 inquam,
3495 872 3636 928 prae-

2051 965 2134 1010 ter
2169 954 2348 1022 illttttt,
2402 965 2716 1010 sanctorum
2763 970 2895 1009 voce
2942 954 3186 1020 loquitur
3237 953 3318 1007 sic
3351 970 3365 1005 :
3399 949 3536 1004 Nolo
3576 958 3638 1004 ut

2049 1047 2213 1103 homo
2248 1056 2422 1102 morte
2455 1049 2740 1113 moriatur,
2777 1046 2872 1102 sed
2900 1055 3257 1100 convertatur
3280 1044 3461 1114 potius
3489 1057 3517 1095 a
3551 1041 3635 1094 via

2051 1154 2171 1206 303»
2199 1139 2454 1210 Vivatque
2485 1141 2671 1194 anima
2701 1139 2818 1207 ejus
2845 1157 2858 1203 ;
2901 1155 3112 1209 egoque
3134 1139 3270 1208 ipse,
3305 1136 3396 1206 qui
3422 1137 3508 1190 aio
3532 1135 3629 1187 im-

2051 1230 2162 1300 pio,
2194 1229 2368 1285 Morte
2401 1231 2676 1296 morieris,
2697 1231 2836 1286 idem
2867 1231 3013 1297 dico,
3038 1233 3182 1298 quod
3211 1230 3255 1286 si
3285 1234 3637 1285 convertetur

2052 1341 2082 1380 a
2109 1326 2195 1380 via
2228 1339 2346 1388 sua,
2385 1334 2639 1393 recteque
2665 1334 2718 1378 et
2740 1322 2889 1392 juste
2919 1331 3063 1393 aget,
3091 1335 3147 1377 et
3175 1324 3228 1377 itt
3260 1324 3381 1378 vitae
3417 1319 3638 1376 mundae

2054 1417 2124 1472 tis
2147 1415 2466 1480 ambulabit,
2512 1416 2622 1469 vita
2652 1416 2800 1470 vivet
2829 1425 2884 1470 et
2915 1431 3018 1468 non
3057 1416 3321 1470 morietur
3349 1432 3363 1468 :
3393 1411 3635 1467 omnium

2051 1509 2540 1584 peccatorumoejus
2563 1508 2878 1564 obliviscar.
2905 1506 3170 1578 Superest
3199 1517 3258 1560 ut
3283 1505 3456 1560 Deum
3481 1510 3638 1573 parte

2055 1601 2234 1672 aliqua
2280 1599 2564 1671 sapientia:
2604 1600 2688 1656 vel
2725 1599 2956 1668 iustitiae
2995 1598 3320 1654 destitutum
3367 1595 3639 1650 arbitren-

2055 1704 2164 1750 tur.
2195 1693 2360 1764 Atqui
2393 1695 2647 1764 abyssum
2679 1690 2963 1762 sapientia:
2996 1689 3115 1758 ejus
3143 1689 3226 1744 vel
3257 1689 3640 1744 conuaturalis

354 1772 490 1842 γοῦν
522 1773 618 1826 καὶ
647 1771 1002 1838 δικαιοσύνης
1033 1771 1179 1826 κατά
1204 1789 1258 1824 τι
1291 1769 1427 1840 γοῦν
1470 1770 1945 1842 ἀπολειπόμενον;

2065 1787 2232 1855 :otius
2284 1785 2529 1840 scientia:
2575 1783 2702 1850 quis
2756 1782 3050 1838 metietur?
3101 1781 3315 1836 Etenim
3368 1781 3637 1851 sapientia

354 1867 455 1924 καὶ
479 1867 561 1933 τίς
609 1865 1054 1938 ἐξαριθμήσαιτο
1093 1865 1196 1938 τὴν
1238 1864 1485 1919 ἄϐυσσον
1522 1865 1624 1935 τῆς
1679 1864 1873 1932 σοφίας
1913 1863 1946 1934 ἢ

359 1957 564 2029 μᾶλλον
594 1956 964 2027 αὐτοσοφίαςς
996 1957 1062 2028 τῇ
1109 1955 1222 2028 γὰρ
1263 1956 1432 2026 σοφίᾳ
1475 1953 1714 2022 ἐξέτεινε
1742 1954 1836 2008 τὸν
1863 1954 1953 2007 οὐ-

358 2049 547 2120 ρανὸν,
579 2052 682 2120 τὴν
727 2049 834 2120 γῆν
877 2047 1214 2118 ἐθεμελίωσε
1255 2047 1351 2102 καὶ
1388 2045 1732 2112 ἁπαξαπλῶς
1773 2047 1953 2100 πάντα

354 2144 420 2194 ἐν
475 2140 641 2212 σοφίᾳ
680 2139 968 2210 ἐποίησεν.
993 2139 1230 2209 Ἀγαθὸς
1274 2139 1322 2192 δ’
1361 2138 1443 2192 ὅτι
1471 2140 1622 2202 ἐστὶ,
1666 2139 1761 2192 καὶ
1783 2138 1952 2193 τᾶλλα

358 2234 543 2289 πάντα
580 2230 661 2297 οἷς
700 2232 854 2303 παρά
899 2231 1122 2286 πάντων
1151 2231 1470 2301 ἐξυμνεῖταί
1508 2247 1566 2283 τε
1599 2231 1696 2285 καὶ
1729 2229 1952 2296 δοξάζε-

360 2344 490 2380 ταιο
523 2327 575 2380 τί
611 2326 694 2380 δεῖ
730 2324 839 2380 τῶν
887 2323 1030 2396 ὑπὲρ
1070 2324 1284 2378 ἔννοιαν
1321 2324 1417 2378 καὶ
1466 2323 1627 2391 λόγον
1665 2323 1759 2376 τοῦ
1817 2323 1953 2376 Θεοῦ

360 2417 675 2489 μεγαλείων
717 2417 1087 2487 ἐφάπτεσθαι,
1139 2417 1235 2492 καὶ
1277 2415 1386 2469 τῶν
1428 2398 1742 2484 ἀνεφίκτων
1782 2431 1956 2468 κατα-

353 2511 605 2582 τολμᾷν;
632 2511 865 2581 Μήποτε
897 2508 1157 2579 λάθοιμεν
1191 2508 1422 2570 ἑαυτοὺς
1445 2507 1678 2579 ἀπονοίᾳ
1703 2508 1797 2561 καὶ⁸
1827 2507 1953 2560 δυσ-

358 2603 558 2676 δουλίᾳ
582 2607 698 2668 τοῖς
729 2604 983 2658 ἀσεϐέσιν
1035 2601 1300 2665 ὡσαύτως
1337 2599 1678 2670 ἀνοητότατα
1730 2599 1958 2670 περιπί-

359 2714 616 2762 πτοντες.

437 2789 558 2843 Τίνι
601 2788 695 2843 οὖν
723 2790 752 2841 ὁ
781 2785 1125 2859 ἡθετημένος
1174 2785 1488 2856 ἠλάττωται
1543 2785 1639 2837 καὶ
1682 2783 1954 2854 δεδέηται,

357 2879 899 2949 γλωσσαλγείτωσαν
939 2879 1034 2934 καὶ
1071 2877 1386 2946 λεγέτωσαν
1411 2893 1424 2909 ·
1456 2876 1544 2929 ἵνα
1590 2875 1830 2939 ὀκλάσας
1863 2876 1958 2928 καὶ

359 2971 622 3034 ἀπειπὼν
647 2971 788 3044 πρὸς
817 2971 916 3045 τὴν
965 2971 1214 3042 σπουδὴν·
1245 2968 1693 3041 καταπροΐξηται
1732 2968 1830 3038 τὴν
1861 2969 1952 3038 ἀρ-

359 3067 503 3138 χὴνο
555 3066 758 3136 μᾶλλον
802 3065 882 3133 δὲ,
941 3065 1018 3130 ὡς
1056 3067 1086 3118 ό
1121 3063 1396 3136 ἡμέτερος
1447 3047 1640 3132 λόγος,
1674 3062 1820 3115 τίσιν
1858 3061 1957 3130 οὐχ

485 3134 683 3230 ρῆρται
711 3159 808 3212 καὶ
823 3134 1310 3228 ὑπεραναϐἐόηκε;
1331 3159 1484 3219 ποῖος
1507 3155 1666 3222 λόγος
1695 3153 1756 3206 τὸ
1787 3153 1956 3222 ύπερ-
1984 3134 2026 3190 C

365 3253 526 3322 οῖρον
583 3251 1004 3322 παραστήσεται
1084 3249 1188 3318 τῆς
1252 3246 1676 3317 μεγαλειότητος
1718 3245 1814 3298 καὶ
1859 3243 1960 3313 τῆς

368 3341 654 3412 ἰυνάμεως
687 3341 749 3396 τὸ
791 3343 1114 3414 ἀπρόσιτον,
1149 3340 1183 3410 ἢ
1207 3339 1308 3410 τῆς
1337 3337 1594 3404 ἔξουσίας
1631 3337 1694 3390 τὸ
1719 3336 1964 3407 ἀμέτρη-

363 3453 488 3504 τον,
515 3437 610 3490 καὶ
651 3433 747 3490 τοῦ
781 3435 926 3489 κατά
961 3435 1184 3488 πάντων
1219 3433 1456 3504 κράτους
1486 3429 1960 3500 ἀπειροδύναμον;

366 3530 471 3583 καὶ
507 3529 596 3583 ἵνα
631 3528 704 3600 μὴ
749 3529 862 3592 τοῖς
893 3527 1177 3590 ταπεινοῖς
1215 3523 1430 3589 τούτοις
1467 3522 1870 3593 ἀποσεμνύνειν
1904 3518 1964 3571 τὸ

369 3624 584 3696 ὑψηλὸν
629 3622 925 3687 δόξαντες,
978 3617 1528 3690 κατασμικρύνοιμεν
1580 3613 1682 3686 τῆς
1739 3611 1967 3682 κυρείας

367 3715 632 3772 ἁπάντων
663 3717 760 3769 καὶ
800 3711 1126 3773 δεσποτείας
1173 3709 1236 3762 τὸ
1271 3707 1686 3778 ἀνέκφραστον,
1722 3703 1756 3774 ἦ
1789 3705 1966 3757 πάντα

373 3809 786 3882 ἁπαραϐλήτως
811 3823 873 3860 τε
908 3805 1005 3860 καὶ
1045 3801 1404 3872 ἀσυγκρίτως
1455 3797 1844 3870 ὑπερθρώσκει
1874 3797 1968 3848 καὶ

489 3900 758 3974 ρίδρυται,
797 3898 894 3952 καὶ
939 3897 1106 3950 πᾶσιν
1144 3893 1347 3964 ὁμοίως
1392 3889 1596 3954 ἄσατός
1624 3888 1686 3940 τέ
1730 3885 1968 3974 ἐστικαὶ

371 3970 643 4064 ἄληπτος,
673 3992 768 4048 καὶ
793 3987 1226 4058 ἀποκέκρυπται
1257 3983 1336 4054 νῷ
1363 3982 1458 4036 καὶ
1487 3981 1632 4050 λόγῳ
1662 3978 1848 4041 παντὶ,
1879 3970 1968 4030 οἶα

373 4085 444 4156 δὴ
480 4085 700 4139 πάντων
727 4079 1050 4152 ἐξῃρημένη
1079 4076 1294 4149 ὁρατῶν
1335 4090 1397 4128 τε
1440 4071 1534 4125 καὶ
1563 4069 1842 4142 ἀοράτων,
1874 4070 1968 4120 καὶ

371 4177 583 4240 παντὸς
613 4174 882 4244 ὀνόματος
915 4173 974 4224 ὲν
1003 4169 1082 4240 τῷ
1107 4167 1266 4222 αἰῶνι
1313 4165 1488 4234 τούτῳ
1520 4157 1970 4228 κατονομαζομέ-

377 4282 473 4318 νου
504 4264 601 4318 καὶ
627 4263 687 4316 ἐν
714 4260 792 4333 τῷ
824 4261 1102 4332 μέλλοντι,
1121 4257 1230 4311 τῶν
1260 4255 1522 4310 τοιούτων
1547 4252 1622 4316 ὡς
1648 4251 1790 4321 ὑπὲρ
1821 4249 1970 4319 ἡμᾶς

373 4355 743 4429 ἀφεξώμεθα·
785 4352 914 4408 εἰδὲ
949 4352 1050 4423 οὐχ
1075 4350 1218 4404 ἑκὼν
1248 4351 1277 4402 ό
1306 4343 1713 4418 ὲκκεχωρηκὼς
1760 4343 1822 4395 τὸ
1867 4341 1972 4394 ὑπ-

375 4452 545 4521 ήκοον
579 4447 646 4519 δὴ
679 4445 842 4498 τοῦτο
887 4443 1241 4516 μετετάξατο,
1277 4438 1560 4510 βεϐίασται
1589 4437 1808 4496 πάντως
1829 4472 1844 4498 ,
1873 4431 1970 4484 καὶ

377 4545 445 4597 τὸ
478 4537 788 4612 ἡγεμονοῦν
833 4538 1262 4608 τετυράννηταιι
1294 4533 1389 4587 καὶ
1419 4531 1506 4596 τίς
1533 4533 1561 4584 ό
1597 4531 1663 4601 τῇ
1691 4525 1969 4598 τυραννίδι

379 4635 726 4704 ἐπιθέμενος,
770 4631 866 4685 καὶ
895 4631 954 4683 τὸ
989 4630 1217 4700 κρατεῖν
1268 4624 1644 4696 ἀφελόμενοςς
1678 4620 1773 4673 καὶ
1814 4617 1969 4672 ἔσται

377 4729 412 4782 ὁ
439 4724 785 4796 τυραννήσας
824 4719 1250 4791 εὐσθενέστερός
1291 4735 1348 4772 τε
1391 4717 1486 4770 καὶ
1527 4711 1966 4782 ἐπικλεέστερος,

379 4822 482 4876 καὶ
517 4817 768 4872 τοσοῦτον
797 4817 920 4870 ὅσον
951 4814 1048 4866 καὶ
1078 4814 1138 4866 τὸ
1165 4812 1265 4884 τῆς
1293 4811 1454 4881 νίκης
1479 4804 1841 4880 ὑπερτεροῦν,
1873 4803 1970 4857 καὶ

377 4914 455 4967 τὰ
485 4911 554 4966 δι’
584 4903 660 4964 ὧν
681 4909 748 4964 ἂν
778 4910 811 4980 ἡ
842 4907 968 4978 νίκη
1003 4907 1064 4959 τὸ
1090 4904 1282 4975 περιὸν
1312 4902 1455 4974 ἔχοιο
1492 4900 1550 4955 ἐν
1583 4899 1681 4970 μὲν
1715 4898 1824 4969 γὰρ
1857 4899 1971 4960 τοῖς

379 5003 691 5076 ὁρωμένοις
717 5001 812 5055 καὶ
837 4998 1222 5071 ἀνθρωπίνοις,
1251 4995 1492 5065 ὁπηνίκα
1522 4993 1581 5046 τὸ
1611 4991 1855 5044 ἐναντίον
1879 4989 1972 5042 καὶ

387 5098 634 5170 μάχιμον
668 5093 738 5148 τὰ
784 5091 924 5162 πρὸς
967 5091 1059 5144 τὸν
1089 5087 1332 5158 πόλεμον
1371 5083 1726 5156 ἐξαρτύηται,
1757 5081 1852 5134 καὶ
1891 5079 1974 5143 εἰς

383 5187 638 5260 ἀλλήλων
669 5188 861 5258 χεῖρας
901 5184 1170 5255 ἧκωνται,
1205 5179 1359 5242 τέλος
1385 5177 1496 5235 τῶν
1533 5176 1712 5230 ὃπλων
1743 5174 1838 5226 καὶ
1863 5171 1976 5225 τῶν

386 5280 570 5335 πόνων
607 5279 657 5333 οἱ
682 5277 745 5331 τὸ
784 5279 1036 5346 κρεῖττον
1061 5273 1506 5342 ἀπενεγκάμενοι
1537 5271 1802 5339 ἴσχουσιν,
1843 5266 1876 5339 ἢ
1917 5268 1977 5320 ὲν

383 5361 636 5447 τῇμάχῃ
673 5371 1075 5443 κρατήσαντες,
1116 5365 1490 5438 χειρώσασθαι
1515 5363 1853 5436 τρεψάμενοι
1887 5360 1980 5414 τὸν

388 5465 710 5530 ἀντίπαλον,
742 5462 802 5529 ἐξ
831 5457 892 5516 οὗ
928 5461 1220 5532 συμϐαίνει
1252 5457 1469 5511 σκύλων
1499 5474 1561 5510 τε
1597 5456 1694 5510 καὶ⁹
1717 5453 1980 5524 λαφύρων

389 5559 562 5631 πόρον
589 5558 672 5611 ὅτι
705 5558 962 5610 πλεῖστον
992 5551 1343 5622 ἐνέγκασθαι,
1367 5551 1548 5604 ὃπλων
1584 5566 1643 5602 τε
1687 5549 1881 5618 κτῆσιν
1904 5545 1980 5612 ὡς

395 5651 665 5724 μεγίστην
709 5646 1135 5720 περιϐαλέσθαι,
1184 5646 1218 5715 ἢ
1251 5645 1439 5716 χώραν
1480 5643 1834 5716 καταδῃῶσαι
1883 5642 1982 5712 τὴν

393 5744 836 5816 πολεμιωτάτην,
862 5741 959 5794 καὶ
983 5739 1168 5810 σφίσιν
1203 5739 1389 5802 αὐτοῖς
1417 5737 1688 5807 κατήκοον
1746 5736 1982 5806 ποιήσα-

399 5839 554 5908 σθαι,
577 5836 668 5892 καὶ
693 5835 1062 5907 δασμοφορεῖν
1087 5833 1168 5898 είς
1189 5817 1457 5886 τόλοιπὲν
1487 5829 1612 5893 τοὺς
1633 5825 1982 5900 κεκρατημέ-

2053 1877 2255 1934 εωΙιιηι
2278 1876 2547 1940 extendit,
2569 1885 2772 1929 terram
2797 1874 3066 1942 fundavit,
3082 1885 3390 1942 cunctaque
3411 1873 3638 1928 omnino

2055 1970 2108 2024 in
2160 1968 2426 2039 sapientia
2480 1965 2632 2022 fecit.
2683 1965 2948 2036 Quodque
3003 1967 3180 2022 bonus
3233 1966 3326 2034 sit,
3358 1976 3415 2022 et
3456 1967 3638 2023 omnia

2055 2063 2273 2126 habeat,
2297 2063 2367 2116 ob
2397 2075 2518 2132 quae
2545 2060 2612 2115 ab
2656 2059 2915 2114 omnibus
2961 2059 3276 2114 celebratur
3323 2060 3545 2130 hymnis
3579 2071 3636 2115 et

2055 2155 2414 2226 gloriﬁcatur,
2449 2168 2546 2208 cur
2575 2168 2714 2223 opus
2741 2161 2824 2206 est
2851 2166 3014 2218 supra
3047 2151 3248 2205 mentis
3293 2161 3458 2220 atque
3500 2166 3641 2205 ora-

2059 2245 2224 2301 tionis
2272 2246 2378 2300 vim
2409 2246 2502 2300 Dei
2545 2245 2818 2316 magnalia
2869 2245 3162 2314 attingere,
3191 2252 3247 2298 et
3281 2243 3640 2312 impossibilia
3687 2307 3702 2316 μ

2057 2337 2298 2394 audere?
2324 2335 2402 2392 Ne
2431 2336 2570 2392 forte
2615 2337 2816 2390 incauti
2854 2336 3024 2391 stulto
3068 2335 3300 2390 consilio
3325 2345 3380 2388 et
3406 2334 3640 2401 insania,

2057 2448 2212 2501 atque
2242 2447 2308 2486 ac
2338 2431 2424 2486 isti
2469 2431 2644 2502 impii,
2687 2432 2738 2484 itt
2791 2429 3117 2500 insipientia
3171 2427 3382 2483 foveam
3434 2427 3644 2484 incida-

2059 2526 2210 2582 must
3334 2521 3337 2524 ’

2135 2792 2232 2851 llic
2269 2807 2397 2862 ergo
2449 2790 2766 2859 repudiatus
2827 2789 2970 2842 Deus
3013 2800 3250 2854 quanam
3281 2776 3340 2839 re
3368 2783 3439 2838 sit
3465 2783 3646 2839 immi-

2061 2897 2226 2940 nutus
2255 2894 2348 2938 aut
2387 2889 2566 2952 egeat,
2603 2879 2655 2934 lti
2685 2867 2994 2932 blaterones
3023 2877 3242 2940 dicant;
3274 2885 3333 2928 ut
3355 2875 3448 2928 hic
3491 2874 3648 2943 igna-

2061 2990 2155 3030 rus
2198 2983 2254 3030 et
2303 2971 2591 3042 languidus
2632 2969 2700 3022 ad
2744 2967 3004 3033 oflicium,
3057 2965 3279 3034 abjiciat
3327 2965 3646 3033 imperium.

2061 3066 2202 3134 Quin
2243 3065 2442 3136 potius,
2477 3073 2534 3116 ut
2572 3079 2668 3116 nos
2717 3060 2976 3122 dicimus,
3028 3059 3360 3129 quibusnam
3411 3072 3517 3110 non
3563 3062 3651 3110 est

2061 3157 2311 3226 superior
2356 3167 2409 3207 et
2447 3153 2720 3208 excelsior
2777 3149 2958 3204 Deus?
3019 3148 3150 3214 Quae
3209 3146 3388 3212 oratio
3433 3145 3646 3200 culmen

2062 3248 2451 3304 demonstrabit
2492 3242 2881 3314 magnitudinis
2925 3241 3066 3310 ejus,
3114 3239 3446 3308 virtutisque
3473 3237 3638 3290 finem

2064 3339 2439 3400 interminum,
2495 3335 2576 3390 vel
2623 3343 2949 3402 potestatem
3023 3328 3549 3393 itnutensurabilem,
3594 3337 3651 3380 et

2063 3433 2326 3488 adversus
2370 3445 2559 3485 omnes
2623 3427 2964 3482 fortitudinis
2997 3425 3104 3478 vim
3139 3421 3460 3478 infinitam?
3487 3419 3552 3474 Et
3583 3436 3651 3474 ne

2067 3527 2152 3582 his
2177 3523 2470 3578 humilibus
2499 3520 2676 3575 verbis
2720 3531 2991 3572 exornare
3042 3515 3321 3570 excelsum
3375 3521 3648 3582 putantes,

2067 3625 2426 3672 exlenttetttus
2483 3611 2662 3680 potius
2714 3606 3040 3662 universalis
3095 3605 3407 3660 dominatus
3462 3612 3653 3672 poten-

2069 3715 2325 3772 tatusque
2358 3699 2686 3756 ittcﬂ'abilettt
2713 3697 3064 3764 dignitatem,
3099 3711 3219 3764 qua:
3251 3691 3656 3762 incomparabi-

2069 3799 2194 3853 liter
2215 3807 2270 3850 et
2302 3795 2507 3861 absque
2535 3791 2640 3843 ulla
2679 3789 2910 3859 paritate
2935 3789 3128 3861 omnia
3158 3783 3398 3842 transilit
3423 3793 3475 3838 et
3501 3796 3657 3837 exceo

2069 3889 2170 3949 dit.
2197 3860 2518 3953 cunctisque
2555 3884 2835 3937 inaccessa
2867 3889 2922 3934 et
2945 3860 3516 3947 tucotn'preltensibilis
3545 3883 3653 3934 est,

2069 3979 2327 4048 omnique
2355 3977 2520 4030 tuenti
2553 3991 2615 4028 ac
2651 3973 2889 4029 sermoni
2921 3969 3208 4039 impervia,
3227 3982 3327 4023 ceu
3352 3982 3473 4038 quae
3495 3975 3654 4021 extra

2069 4085 2288 4126 Otttttettt
2354 4057 2619 4120 visibilem
2680 4061 3126 4131 invisibilentqtte
3187 4073 3298 4112 rem
3352 4065 3439 4111 est
3491 4063 3656 4123 atque

2071 4177 2232 4218 Omne
2265 4174 2462 4213 nomen
2499 4157 2613 4212 sive
2637 4155 2688 4210 in
2726 4153 2980 4225 prmsenti
3013 4152 3130 4205 sive
3159 4149 3213 4204 in
3247 4147 3432 4202 futuro
3456 4147 3658 4202 saeculo

2070 4254 2494 4317 nominandum;
2535 4250 2640 4310 his,
2679 4248 2924 4317 inquam,
2959 4242 3226 4302 dicendis,
3261 4257 3358 4295 ceu
3397 4239 3657 4294 facultate

2073 4355 2260 4402 nostra
2349 4343 2682 4412 tttajoribus,
2757 4339 3156 4393 abstineamus.
3224 4333 3380 4399 Quod
3423 4331 3468 4387 si
3518 4332 3660 4385 haud

2001 4477 2046 4533 Β
2073 4450 2267 4509 sponte
2312 4437 2481 4508 gradu
2515 4451 2612 4489 suo
2645 4433 2869 4498 cedens,
2905 4429 3053 4483 dicto
3080 4427 3310 4480 audiens
3339 4423 3514 4479 factus
3549 4435 3657 4486 est,

2076 4535 2266 4602 utique
2299 4532 2377 4584 vis
2419 4529 2467 4582 ei
2501 4527 2645 4581 illata
2695 4523 2790 4578 fttit
2819 4541 2833 4589 ;
2867 4533 2920 4576 et
2959 4521 3050 4591 qui
3089 4521 3343 4590 princeps
3377 4526 3516 4580 erat,
3561 4516 3662 4569 sub

2077 4625 2422 4698 tyrannidem
2467 4619 2692 4676 decidit.
2748 4615 2882 4684 Quis
2927 4629 3091 4684 porro
3131 4613 3270 4665 hanc
3310 4609 3660 4682 tyrannidem

2077 4717 2330 4788 arripuit,
2361 4727 2416 4770 et
2451 4711 2754 4784 imperium
2787 4709 2862 4763 illi
2893 4705 3156 4762 abstulit?
3188 4705 3321 4760 Siue
3366 4702 3532 4757 dubio
3571 4703 3660 4770 qui

2081 4824 2344 4884 tyrannus
2383 4815 2470 4862 est
2503 4806 2706 4868 factus,
2739 4801 2934 4857 fortior
2968 4799 3286 4868 I'eliciorque
3323 4804 3427 4862 est,
3465 4805 3664 4864 quate-

2079 4919 2184 4960 nus
2216 4901 2434 4972 quidem
2469 4897 2646 4950 vietor
2669 4891 2974 4964 praevaluit,
2999 4900 3052 4946 et
3085 4887 3464 4957 comparanda:
3491 4886 3667 4942 vieto-

2081 4999 2178 5054 ria:
2229 4995 2379 5050 vires
2433 4991 2641 5047 habuit.
2675 4986 2809 5042 Nam
2862 4997 3014 5042 certe
3053 4985 3106 5038 in
3153 4983 3240 5038 his
3276 4980 3578 5036 visibilibus
3611 4985 3666 5032 et
3700 5027 3715 5032 _

2079 5074 2359 5152 humanis,
2396 5101 2519 5140 (‘tllll
2549 5085 2614 5138 ad
2649 5097 2886 5154 pugnam
2921 5079 3206 5146 aciemque
3236 5089 3338 5130 res,
3355 5071 3481 5128 belli
3505 5071 3667 5126 deve-

2081 5183 2184 5242 nit,
2217 5189 2268 5236 et
2290 5192 2488 5236 manus
2512 5181 2900 5235 conseruntur,
2927 5167 3163 5222 fructum
3197 5175 3472 5216 armorum
3499 5166 3665 5228 atque

2085 5271 2332 5325 laborum
2365 5267 2416 5324 hi
2449 5265 2541 5336 qui
2575 5261 2890 5334 superiores
2920 5254 3206 5314 discedunt
3233 5249 3500 5315 referunt,
3536 5248 3663 5304 dum

2084 5364 2297 5420 hostem
2345 5358 2542 5428 prtelio
2596 5355 2800 5410 victum
2847 5352 2902 5406 itt
2940 5347 3312 5420 captivitatem
3367 5342 3664 5412 redigunt;

2085 5457 2230 5512 unde
2262 5453 2516 5524 sequitur
2545 5449 2742 5516 praedae.
2776 5455 2833 5502 et
2863 5441 3242 5499 manubiarum
3273 5435 3494 5506 copiosa
3529 5433 3660 5488 ade-

2087 5551 2223 5622 ptio,
2257 5560 2534 5601 armorum
2569 5555 2786 5612 quoque
2808 5535 3044 5609 plurima
3079 5529 3346 5592 accessio,
3374 5526 3456 5578 vel
3490 5525 3633 5580 hosti
3654 5551 3670 5562 -

2087 5619 2157 5696 iis
2183 5639 2422 5711 regionis
2445 5631 2793 5704 depopulatio
2821 5638 2985 5698 atque
3011 5627 3064 5682 itt
3097 5623 3374 5695 propriam
3408 5619 3666 5672 ditionem

2091 5708 2356 5793 reductio,
2388 5725 2782 5798 stipendiorum
2808 5722 2860 5776 in
2887 5728 3166 5791 posterum
3198 5725 3411 5784 tempus
3436 5708 3668 5763 violenta

2090 5824 2314 5879 indictio
2360 5797 2615 5890 tanquam
2657 5814 2812 5870 vit-tis
2854 5821 2908 5870 et
2949 5811 3005 5866 itt
3047 5807 3364 5866 servitutem
3407 5797 3666 5858 redactis.
