3994 6484
390 398 496 466 703

1362 385 1423 446 S.
1466 381 1888 446 NICEPHORI
1928 371 2448 440 PATRIARCHJE‘
2477 370 2587 434 ει).

3550 354 3662 423 τοι

392 507 546 574 Quod
576 501 769 560 ante’m
805 502 873 555 ab
902 496 1273 555 invisibilibus
1309 494 1674 565 potestatibus
1718 505 1965 548 commo-
1994 538 1999 548 η

2103 503 2195 551 ους
2224 484 2299 550 ὡς
2341 482 2743 554 δουλουμένους
2794 476 3238 535 καταδιάσασθάι
3265 476 3342 574 ’.ὁ
3388 473 3446 529 δὲ
3507 469 3662 574 παρ-ὰ

396 613 510 653 tum
554 596 755 652 bellum
781 602 887 660 est,
918 607 949 645 a
982 590 1183 661 quibus
1222 587 1378 643 nobis
1418 587 1532 642 haec
1571 594 1761 641 contra
1808 582 1967 637 tidem

394 689 627 762 pmcella
657 687 1040 758 permiscetur,
1076 681 1212 737 nihil
1245 682 1439 735 horum
1473 688 1660 747 sperat
1701 677 1804 731 sibi
1834 677 1973 731 bene

391 792 737 839 eventurum.
790 777 906 833 Non
956 766 1127 831 enim'
1155 788 1252 843 par
1286 780 1372 827 cst
1418 770 1566 825 illius
1612 778 1776 836 atque
1812 767 1973 836 huj'us

397 873 522 929 belli
556 881 734 926 motus
772 883 789 923 :
822 883 998 938 neque
1034 874 1094 920 ut
1128 865 1363 934 aliquam
1396 876 1510 915 rem
1558 869 1842 916 externam
1875 874 1974 914 no-

397 975 568 1020 stram
602 962 775 1019 hostis
806 960 1080 1029 acquirat,
1123 956 1384 1010 adversus
1415 969 1514 1008 uos
1547 954 1850 1023 consurgit,
1881 952 1977 1006 sed

401 1067 462 1113 ut
489 1073 589 1114 nos
633 1055 848 1127 penitus
902 1062 1069 1117 totos,
1120 1049 1170 1103 id
1207 1056 1292 1103 est
1340 1046 1635 1101 rationales
1685 1046 1900 1099 animas
1925 1051 1981 1099 et

402 1148 686 1205 rectricem
750 1144 987 1200 hominis
1045 1150 1280 1197 mentem
1339 1138 1697 1210 depopuletur
1768 1137 1982 1205 sibique

398 1237 687 1306 subjiciat,
741 1233 1178 1305 persuadeatque
1217 1239 1276 1284 ut
1305 1245 1485 1299 regem
1537 1227 1700 1297 215
1748 1226 1983 1298 appelle-

399 1345 541 1396 mus,
579 1327 861 1397 Deumque
894 1325 1258 1380 conliteamur
1290 1320 1443 1377 illum
1471 1322 1563 1391 qui
1593 1320 1687 1374 Dei
1723 1320 1984 1374 adversa-

401 1419 518 1476 rius
553 1429 658 1483 est,
692 1418 919 1486 ejusque
965 1413 1350 1471 abominandis
1393 1414 1704 1481 animaeque
1734 1410 1987 1467 exitiosis

396 1511 644 1582 jussihus
674 1508 1153 1578 obtemperemus;
1179 1514 1235 1562 ct
1276 1521 1343 1562 ne
1382 1506 1501 1576 ipse
1529 1505 1679 1560 solus
1724 1505 1987 1573 gehenna

404 1604 479 1658 sit
504 1602 779 1667 addictus,
818 1601 914 1658 sed
952 1601 1118 1657 etiam
1150 1608 1435 1655 consortes
1472 1612 1602 1652 suos
1637 1597 1689 1650 in
1724 1606 1985 1653 aeternum

404 1694 588 1767 ignem
630 1709 815 1750 secum
859 1693 1139 1763 conjiciat.
1182 1688 1238 1747 Id
1271 1694 1416 1748 enim
1462 1689 1696 1748 oﬂicium
1725 1688 1796 1744 ab
1828 1688 1987 1745 initio

405 1785 508 1839 fuit
540 1783 707 1839 invidi
741 1784 1008 1840 daemonis
1039 1793 1092 1839 et
1116 1780 1397 1853 ﬂagitiosi,
1430 1794 1623 1851 nempe
1656 1787 1716 1835 ut
1756 1794 1855 1834 nos
1886 1793 1983 1848 pa-

2075 580 2185 633 τῶν
2214 578 2466 650 ἀοράτων
2495 574 2818 645 κινούμενος
2848 572 3107 643 πόλεμος,
3158 568 3248 638 ὑφ’
3280 560 3358 622 ὧν
3393 567 3531 637 ήμϊν
3572 561 3669 616 νῦν

2074 673 2103 725 6
2150 669 2292 725 κατά
2340 670 2443 740 τῆς
2489 668 2731 732 πίστεως
2777 665 2940 730 σάλος
2978 661 3409 725 ἐπανασείεται,
3452 656 3672 712 τούτων

2076 763 2227 819 οὐδὲν
2255 764 2312 817 ἐν
2340 760 2524 816 ἐλπίσι
2546 757 3077 830 κατορθωθήσεσθαι
3101 755 3351 810 τίθεται·
3376 753 3439 807 οὐ
3464 751 3583 824 γὰρ
3607 750 3672 821 δή

2080 872 2185 909 που
2220 855 2380 908 τοῦτο
2419 853 2773 925 τηλικοῦτον,
2817 850 3006 922 ἡλίκον
3031 848 3245 903 ἐκείνου
3283 844 3381 899 τοῦ
3424 843 3673 913 πολέμου

2078 947 2141 1001 τὸ
2188 946 2433 1017 κίνημα·
2483 946 2583 1016 οὐχ
2627 946 2778 1008 ὅπως
2825 945 2938 1016 γάρ
2988 959 3045 997 τι
3084 940 3196 995 τῶν
3241 938 3541 1010 ἡμετέρων
3578 935 3678 989 καὶ

2081 1040 2258 1104 ἐκτὸς,
2283 1042 2313 1094 6
2341 1038 2534 1110 ἐχθρὸς
2566 1038 2980 1110 σφετερίσηται,
3011 1035 3136 1091 καθ’
3168 1032 3331 1105 ἡμῶν
3352 1028 3677 1100 ἐπιφύεται,

2081 1132 2198 1188 ἀλλ’
2226 1133 2377 1195 ὅπως
2417 1130 2579 1195 ὅλους
2618 1131 2773 1202 ἡμᾶς
2811 1130 3034 1193 αὐτοὺς,
3079 1126 3260 1198 ψυχὰς
3302 1122 3537 1192 λογικάς
3582 1121 3681 1173 xui.

2081 1224 2172 1278 τὸν
2196 1223 2445 1294 ἡγεμόνα
2463 1221 2589 1276 νοῦν
2610 1221 3005 1293 καταληϊσαιτο
3024 1220 3120 1274 καὶ
3142 1219 3252 1272 ὑπὸ
3272 1219 3435 1287 χεῖρα
3448 1213 3679 1282 ἀγάγοι,

2083 1314 2357 1386 ἀναπείσῃ
2391 1331 2453 1367 τε
2483 1312 2710 1384 βασιλέα
2739 1312 2945 1375 καλεῖν,
2980 1311 3072 1365 καὶ
3106 1309 3242 1364 θεὸν
3277 1308 3569 1379 ὁμολογεῖν
3592 1304 3682 1358 τὸν

2084 1406 2350 1471 ἀντίθεον,
2380 1406 2612 1470 καὶτοῖς
2648 1404 3018 1477 ψυχοφθόροις
3044 1402 3141 1458 καὶ
3166 1401 3479 1472 βδελυκτοίς
3508 1398 3683 1453 εἴκειν

2086 1478 2507 1569 προστάγμασιν
2531 1515 2547 1530 ο
2577 1497 2668 1552 ἵνα
2696 1497 2763 1568 δή
2799 1495 2875 1568 μὴ
2901 1495 3063 1559 αὐτὸς
3099 1494 3259 1564 μόνος
3285 1492 3484 1563 γεέννῃ
3509 1504 3686 1543 κατα-

2084 1590 2381 1657 δικάζοιτο,
2421 1590 2524 1663 ήδη
2556 1590 2615 1646 δὲ
2651 1590 2748 1646 καὶ
2776 1590 2905 1654 τοὺς
2945 1585 3579 1658 συγκληρονομήσοντας
3609 1579 3687 1651 τῷ

2087 1685 2226 1754 ιιτυρλ⁵
2266 1682 2345 1755 τῷ
2383 1683 2592 1756 αίωνίῳ
2629 1682 3099 1751 ωνεπαγάγοιτο·
3147 1677 3306 1732 τοῦτο
3358 1675 3471 1747 γὰρ
3520 1673 3687 1745 ἔργον

2090 1774 2151 1840 ἐξ
2185 1774 2363 1846 ἀρχῆς
2402 1774 2483 1847 τῷ
2524 1773 2785 1846 βασκάνῳ
2832 1773 2927 1827 καὶ
2972 1770 3242 1842 ἀλιτηρίῳ
3285 1768 3531 1839 δαίμονι,
3577 1765 3687 1818 τῶν

410 1873 542 1929 ratis
568 1875 756 1943 gencrl
781 1881 969 1929 nostro
992 1874 1151 1929 bonis
1166 1887 1290 1928 cum
1317 1869 1489 1925 livore
1515 1870 1735 1925 irruens
1764 1869 1984 1938 spoliet,

2103 1844 2551 1940 qbrpsntcpévmv
2578 1866 2802 1937 ἀγαθῶν
2820 1866 2904 1937 ,τῷ
2928 1864 3077 1935 γένει
3116 1862 3194 1934 τῷ
3226 1860 3352 1916 καθ’
3376 1860 3533 1931 ἡμᾶς
3554 1856 3685 1928 φθο-

404 1976 461 2021 et
489 1980 600 2022 suae
630 1967 800 2021 ruinae
833 1966 1015 2021 socios
1060 1964 1242 2020 faciat.
1267 1961 1386 2018 lam
1412 1977 1543 2017 vero
1579 1963 1625 2017 is
1657 1963 1745 2017 cui
1784 1960 1989 2016 subditi

405 2055 580 2127 erepti
639 2062 788 2120 sunt,
850 2056 1164 2125 principatu
1218 2053 1484 2123 spoliatus
1538 2061 1647 2119 est,
1704 2061 1760 2107 et
1810 2049 1990 2121 digni-

409 2157 519 2203 tate
568 2148 837 2218 privatus,
900 2155 1070 2217 atque
1118 2146 1342 2202 omnino
1395 2154 1667 2216 potestate
1720 2143 1992 2201 seclusus.

341 2293 361 2311 ε
408 2236 624 2295 Nudum
659 2240 736 2295 illi
767 2249 1019 2309 superest
1059 2254 1288 2307 nomen;
1329 2238 1414 2294 vel
1446 2240 1548 2293 hoc
1577 2237 1778 2308 ipsum,
1812 2244 1871 2290 ut
1898 2249 1997 2306 par

408 2339 514 2395 est,
544 2346 769 2399 prorsus
795 2338 1110 2386 evanescat.
1146 2326 1291 2399 Ergo
1323 2328 1481 2397 hujus
1524 2327 1695 2400 gloria
1729 2326 1795 2381 ad
1830 2327 1996 2381 mise-

414 2422 552 2477 riam
588 2421 1106 2491 deformitatemque
1143 2421 1372 2476 recidet.
1423 2419 1529 2477 Ubi
1577 2420 1726 2476 enim
1761 2434 1866 2475 non
1913 2426 1999 2473 est

410 2513 688 2573 subditus.
720 2510 792 2569 ibi
824 2529 892 2569 ne
938 2528 1119 2585 regem
1155 2514 1374 2584 quidem
1428 2512 1734 2568 consistere
1772 2525 2001 2569 necesse

412 2610 523 2657 est.
561 2600 706 2657 Cur?
755 2602 883 2673 quia
928 2602 1019 2658 hic
1069 2602 1267 2672 quibus
1324 2603 1557 2672 imperet
1605 2616 1709 2657 non
1756 2596 1997 2669 habebit.

416 2689 511 2746 Sic
539 2690 628 2746 isti
656 2690 967 2746 calamitosi
1001 2691 1228 2746 daemoni
1266 2690 1491 2760 largiter
1510 2688 1780 2755 faventes,
1809 2698 2002 2759 putant

414 2783 678 2839 adversus
722 2783 927 2840 Christi
959 2798 1184 2853 regnum
1224 2782 1445 2838 fortiter
1485 2796 1695 2854 gerere.
1727 2791 2002 2837 nostram-

414 2888 524 2947 que
575 2876 734 2932 fidem
791 2877 1021 2931 viriliter
1079 2889 1417 2947 oppugnare,
1478 2889 1684 2946 nosque
1730 2889 1758 2929 a
1805 2872 2002 2929 divinis

413 2964 685 3034 depellere
710 2965 1078 3035 dogmatibus.
1115 2965 1371 3021 Attamen
1414 2966 1676 3022 divinitus
1711 2965 2002 3035 iuspiratas

416 3056 642 3111 audiant
678 3071 839 3113 voces
868 3075 882 3112 :
913 3055 1120 3113 Stultus
1159 3056 1326 3113 stulta
1380 3056 1647 3129 loquetur,
1677 3066 1724 3113 et
1758 3073 1851 3113 cor
1884 3056 2001 3127 ejus

414 3161 552 3202 vana
577 3147 829 3219 cogitabit
864 3149 933 3203 ".
974 3169 984 3177 ·

489 3410 581 3470 50'.
617 3411 974 3480 Q‘uid‘autem
1012 3415 1114 3470 hoc
1140 3414 1391 3471 insanius
1429 3412 1814 3470 aut‘stult'ius?
1852 3405 2003 3470 vana

420 3520 550 3563 vere
604 3507 868 3561 adversus
901 3507 1180 3563 Christum
1233 3509 1486 3563 meditati
1542 3518 1689 3573 sunt,
1728 3509 2008 3581 stultaque

421 3597 666 3666 ipsorum
700 3596 931 3651 consilia
983 3597 1200 3652 fuerunt
1249 3608 1305 3652 et
1359 3599 1738 3671 cogitationes,
1778 3602 2009 3657 mentis-

420 3698 531 3754 que
580 3684 793 3741 ratione
827 3686 1067 3742 carentis
1108 3694 1165 3742 et
1214 3688 1465 3744 absurda;
1512 3700 1723 3761 partus,
1758 3707 2011 3761 veraeque

424 3770 713 3838 fatuitatis,
751 3774 862 3829 imo
892 3774 1101 3829 malitia
1150 3777 1423 3831 at‘heismo
1459 3761 1789 3849 summaque
1810 3781 2010 3849 impie-

427 3871 536 3919 tate
563 3863 740 3935 major
772 3884 786 3921 :
823 3879 1059 3936 quorum
1097 3867 1303 3922 nullam
1327 3878 1565 3938 partem,
1600 3886 1670 3926 ne
1694 3870 1749 3925 in
1771 3880 2007 3927 mentem

422 3954 644 4025 quidem
690 3956 919 4025 homini,
971 3959 1215 4029 recipere
1260 3960 1421 4027 licet,
1452 3961 1528 4015 ita
1580 3970 1642 4017 ut
1683 3962 2009 4018 stultissime

423 4052 596 4115 putet,
634 4055 691 4102 et
714 4047 1102 4104 scelestissime
1125 4051 1456 4111 committat,
1492 4051 1558 4105 ad
1598 4060 1802 4106 tantam
1855 4052 2010 4107 inllr-

336 4160 357 4187 \
426 4138 668 4193 unitatem
700 4148 758 4193 et
789 4140 1026 4195 dedecus
1050 4156 1366 4212 supremum
1402 4142 1493 4197 Dei
1541 4142 1882 4198 dominatum
1911 4146 2010 4197 de-

426 4231 682 4303 primere.
727 4231 842 4299 Qua
872 4235 1089 4304 quidem
1121 4249 1178 4289 re
1202 4235 1335 4305 quid
1362 4236 1653 4290 absurdius
1682 4251 1805 4293 esse
1836 4246 2014 4306 potest

426 4334 590 4395 atque
617 4326 1144 4397 irreligiosiusised
1187 4343 1325 4382 nova
1351 4328 1624 4398 quaedam,
1664 4338 1724 4383 ut
1769 4330 2012 4395 videtur,

425 4419 691 4475 adversus
714 4420 926 4499 'Christi
952 4436 1175 4491 regnum
1205 4422 1273 4478 ab
1306 4422 1391 4477 his
1411 4422 1617 4493 iniquis
1637 4424 1811 4477 oritur
1847 4440 2013 4479 accu-

2092 1958 2268 2030 νερῶς
2297 1959 2508 2014 ἐπιόντι
2536 1960 2959 2031 ἀποστερήσειν,
2977 1956 3187 2011 καὶτοῦ
3212 1952 3409 2009 ἑαυτοῦ
3435 1948 3691 2024 συμμεθ-

2092 2051 2236 2120 έξειν
2268 2050 2567 2123 πτώματος
2589 2068 2605 2085 ο
2631 2052 2661 2105 6
2701 2052 2884 2105 τοίνυν
2929 2047 3288 2121 ἀφῃρημένος
3315 2046 3377 2100 τὸ
3405 2045 3689 2114 ὑπήκοον,

2093 2143 2448 2214 γεγύμνωται
2488 2143 2590 2214 τῆς
2622 2143 2801 2216 ἀρχῆς
2841 2143 2935 2197 καὶ
2976 2139 3353 2211 ἀπεστέρηται
3390 2136 3490 2191 τοῦ
3522 2135 3690 2200 ἀξιώ-

2098 2251 2290 2307 ματος,
2339 2234 2438 2289 καὶ
2478 2234 2580 2305 τῆς
2621 2234 2873 2301 ἐξουσίας
2922 2231 3286 2303 ἐκδέὸληται·
3329 2228 3488 2298 ψιλὸν
3540 2224 3691 2294 αὐτῴ

2100 2325 2264 2399 μόνον
2296 2325 2802 2396 ἐπιφημισθήσεται
2831 2324 3090 2396 τοῠνομα,
3119 2324 3152 2396 ἢ
3178 2323 3273 2376 καὶ
3295 2322 3431 2376 αὐτὸ
3458 2319 3608 2375 κατά
3633 2319 3693 2372 τὸ

2098 2417 2246 2481 είκδς
2276 2416 2510 2487 πάμπαν
2553 2417 2876 2487 οἰχήσεται·
2929 2414 3382 2485 συνενεχθήσεται
3434 2412 3493 2466 δὲ
3542 2410 3692 2481 αὐτῷ

2099 2507 2353 2562 ἐντεῦθεν
2382 2509 2463 2571 είς
2495 2507 2557 2561 τὸ
2601 2507 2854 2579 πενιχρὸν
2883 2508 2976 2560 καὶ
3000 2504 3234 2568 ἀκαλλὲς
3284 2504 3348 2557 τὸ
3388 2506 3490 2576 τῆς
3532 2502 3692 2572 665m;

2100 2598 2537 2671 περιστήσεσθαι
2563 2614 2577 2628 ο
2620 2591 2682 2652 οὗ
2716 2598 2824 2670 γάρ
2865 2597 2941 2669 μὴ
2971 2598 3205 2669 ὑπάρχει
3259 2596 3561 2668 κατήκοον,
3594 2594 3692 2647 οὐκ

2102 2690 2169 2745 ἂν
2206 2690 2438 2762 συσταίη
2471 2690 2533 2745 τὸ
2578 2689 2894 2762 βασιλευθὲν
2932 2689 3206 2760 οὐδαμῶςο
3238 2688 3439 2756 πόθεν;
3478 2686 3543 2740 οὐ
3585 2685 3693 2756 γάρ

2099 2797 2186 2835 τοι
2213 2780 2326 2846 ἕξει
2364 2773 2441 2835 ὧν
2480 2780 2547 2835 ἂν
2575 2780 2901 2852 κατάρξειεν
2919 2797 2933 2811 ·
2961 2778 3184 2834 τοιαῦτα
3211 2778 3263 2832 oi
3292 2777 3693 2848 κακοδαίμονες

2100 2871 2182 2944 τῷ
2209 2872 2427 2944 δαίμονι
2459 2871 2814 2946 χαριζόμενοι
2835 2872 3155 2943 φιλοτίμως,
3187 2870 3392 2925 οἴονται
3425 2869 3528 2940 τῆς
3557 2870 3692 2937 Χρι-

2104 2959 2234 3019 στοῦ
2263 2963 2719 3037 κατανδρίζεσθαι
2759 2965 3040 3038 βασιλείας
3059 3007 3074 3034 ,
3105 2963 3200 3018 καὶ
3241 2962 3344 3033 τῆς
3375 2962 3500 3017 καθ’
3549 2963 3693 3032 ἡμᾶς

2102 3056 2617 3112 κατανεανιεύεσθαι
2650 3060 2913 3123 πίστεως,
2942 3058 3039 3111 καὶ
3066 3055 3173 3111 τῶν
3216 3055 3380 3128 ἱερῶν
3406 3055 3568 3126 ήμῶν
3594 3072 3689 3109 κα-

2104 3142 2320 3197 ταθέειν
2340 3144 2629 3216 δογμάτων
2644 3161 2658 3175 ·
2676 3144 2811 3199 ἀλλά
2832 3144 2940 3200 τῶν
2961 3145 3264 3200 θεολέκτων
3285 3144 3482 3215 φωνῶν
3504 3146 3695 3198 ἀκουέ-

2105 3251 2306 3301 τωσαν,
2351 3237 2433 3290 ὅτι
2478 3234 2541 3290 '0
2563 3236 2763 3306 μωρὸς
2774 3237 2944 3307 μωρὰ
2988 3237 3274 3306 λαλήσει,
3294 3238 3394 3292 καὶ
3421 3237 3458 3306 ἠ
3486 3237 3697 3307 καρδία

2105 3326 2295 3383 αὐτοῦ
2327 3325 2548 3396 μάταια
2582 3328 2821 3395 νοήσει.

2178 3415 2241 3472 ν’.
2271 3417 2383 3470 Καὶ
2435 3417 2488 3470 τί
2539 3416 2747 3471 τούτων
2801 3416 3235 3490 ἀνοητότερονή
3286 3417 3692 3488 ματαιότερονς

2107 3509 2241 3563 κενὰ
2264 3508 2372 3582 γὰρ
2387 3507 2464 3580 τῷ
2489 3508 2603 3562 ὄντι
2635 3509 2777 3563 κατά
2807 3508 3049 3580 Χριστοῦ
3075 3508 3438 3579 ἐμελέτησαν,
3471 3508 3564 3561 καὶ
3592 3508 3695 3578 μά-

2108 3616 2242 3652 ταια
2268 3598 2449 3653 αὐτῶν
2464 3599 2536 3652 τὰ
2558 3598 2908 3670 βουλεύματα
2936 3600 3032 3652 καὶ⁵
3062 3599 3425 3671 διανοήματα,
3452 3599 3545 3652 καὶ
3564 3615 3695 3669 φρε-

2109 3688 2200 3751 νὸς
2225 3688 2423 3758 ἀλόγου
2460 3689 2556 3742 καὶ
2588 3689 2881 3742 ἀλλοκότου
2915 3689 3201 3759 κυήματα,
3235 3688 3330 3742 καὶ
3377 3688 3602 3760 μωρίας“
3623 3688 3695 3752 ὡς

2110 3778 2328 3848 ἀληθῶς
2354 3779 2451 3832 καὶ
2496 3779 2838 3851 σκαιότητος,
2885 3779 3086 3851 μᾶλλον
3123 3780 3181 3832 δὲ
3215 3768 3407 3844 ἀθεῒας
3455 3782 3550 3835 καὶ
3576 3783 3697 3834 ἀσε-

2112 3870 2263 3934 ϐείας
2295 3870 2396 3941 τῆς
2430 3871 2659 3927 ἀπασῶν
2695 3871 2936 3944 ἐσχάτης
2967 3872 3248 3939 ἐπέκεινα,
3279 3867 3354 3926 ὧν
3392 3874 3452 3926 οὐ
3480 3873 3696 3944 θεμιτόν

2111 3978 2163 4015 τι
2193 3962 2299 4015 κᾶν
2338 3961 2473 4031 γοῦν
2515 3963 2677 4033 μόνον
2715 3964 2794 4027 εἰς
2827 3962 2954 4017 νοῦν
2991 3958 3205 4017 ἐπιέναι
3238 3964 3516 4037 ἀνθρώπῳ
3545 3965 3696 4033 δοξά-

2113 4052 2227 4117 ζειν
2249 4055 2609 4124 ἀνοητότατα,
2641 4055 2736 4109 καὶ
2773 4056 2906 4127 δρᾷν
2934 4056 3000 4110 τά
3028 4055 3390 4123 ἀνοσιώτατα,
3423 4060 3505 4122 είς
3546 4058 3698 4111 τοῦτο

2116 4144 2396 4209 ἀσθενείας
2430 4145 2527 4198 καὶ
2569 4145 2825 4210 ἀκλειῖας
2872 4146 2972 4215 τὴν
3011 4147 3121 4201 τῶν
3163 4147 3301 4201 ὅλων
3341 4148 3697 4215 ὐποὸιϐάξειν

2114 4238 2292 4308 ἀρχήν
2314 4254 2326 4267 ·
2356 4230 2417 4291 οὗ
2455 4237 2508 4290 τί
2535 4237 2600 4291 ἂν
2641 4238 2852 4307 γένοιτο
2889 4238 3239 4311 ἀτοπώτερον
3276 4241 3311 4311 ἢ
3355 4240 3695 4313 ἁθεώτερον;

2128 4319 2290 4382 vim
2312 4329 2474 4400 καινή
2490 4329 2685 4395 τις,ώς
2704 4330 2870 4396 ἔοικε,
2887 4330 3030 4384 κατά
3048 4331 3149 4403 τῆς
3165 4332 3406 4404 Χριστοῦ
3427 4333 3697 4403 βασιλείας

2118 4420 2267 4491 παρὰ
2289 4420 2395 4473 τῶν
2423 4421 2770 4491 ἀνομούντων
2794 4423 2963 4493 ἀνέφυ
2991 4426 3177 4496 γραφὴ
3197 4440 3213 4456 ·
3246 4425 3370 4479 δέον
3396 4430 3509 4499 γὰρ
3537 4428 3698 4499 αὐτὴν

426 4511 587 4566 satio.
627 4509 766 4567 Cum
804 4515 951 4569 enim
996 4518 1051 4567 in
1097 4512 1377 4570 Christum
1430 4525 1705 4584 oporteret
1752 4516 1999 4572 celsiore:

2118 4514 2237 4575 ταῖς
2264 4511 2494 4566 ἀπασῶν
2527 4512 2890 4584 ὑψηλοτέραις
2918 4517 3349 4588 καταγεραίρειν
3385 4520 3594 4589 τιμαῖς,
3623 4520 3697 4583 εἰς

426 4619 672 4675 quosque
719 4621 1017 4676 congerere
1076 4607 1334 4673 honores,
1384 4606 1437 4660 in
1484 4617 1785 4663 extremam
1835 4611 1999 4678 potius

2118 4604 2347 4675 ἔσχατον
2376 4604 2591 4669 ἀδοξίας
2632 4604 2729 4658 καὶ
2782 4606 3061 4672 εὐτελείας
3104 4610 3415 4681 περιέλκειν
3464 4612 3526 4665 οὗ
3570 4630 3698 4665 κατ-

430 4696 781 4766 ignominiam
831 4714 896 4754 ac
941 4699 1205 4752 vilitatem
1252 4699 1502 4752 eumdem
1548 4699 1841 4754 detrahere
1905 4717 2014 4756 non

430 4787 783 4852 erubescunt,
811 4799 872 4842 ut
900 4788 952 4843 ei
982 4788 1224 4844 detracta
1249 4803 1369 4858 qua:
1398 4788 1506 4843 Deo
1551 4791 1805 4859 congruit
1836 4791 2017 4861 digiti-

432 4886 566 4943 tate,
607 4878 875 4934 minorem
935 4880 1671 4953 demonstrent,divinisque
1723 4883 2015 4952 qualitati-

433 4973 535 5027 bus
558 4970 1254 5041 spolient,simplicemque
1298 4973 1575 5028 hominem
1619 4990 1899 5044 unumque
1948 4976 2018 5031 de

431 5062 590 5118 nobis
609 5075 733 5117 esse
753 5048 1015 5129 statuant,
1045 5071 1210 5133 atque
1237 5064 1531 5119 universali
1564 5080 1684 5135 quae
1728 5065 1831 5130 ipsi
1875 5066 2017 5121 inest

434 5162 702 5224 potestate
729 5153 1023 5224 depellant.
1047 5153 1106 5209 In
1132 5164 1338 5210 tantam
1360 5155 1572 5212 scilicet
1601 5157 2012 5236 improbitatem

337 5311 346 5321 ⁸
432 5255 597 5316 atque
622 5245 1085 5317 irreligiositatem
1112 5249 1341 5303 istorum
1374 5248 1625 5319 dogmata
1650 5259 2013 5305 consectaneo

435 5350 598 5391 cursu
639 5338 1009 5396 devenerunt!
1050 5339 1157 5397 Sed
1198 5340 1252 5395 hi
1301 5341 1466 5396 rudes
1498 5352 1663 5413 atque
1698 5343 1878 5398 stolidi
1914 5358 2019 5397 non

434 5429 764 5498 cogitarunt,
796 5433 1069 5502 quomodo
1105 5434 1220 5488 haec
1249 5432 1341 5488 ille
1370 5434 1443 5488 sit
1467 5448 1751 5503 passurus,
1785 5434 1878 5506 qui
1910 5433 2022 5491 for-

436 5526 542 5571 tem
567 5517 829 5590 alligavit,
866 5523 1089 5596 ejusque
1114 5540 1242 5580 vasa
1274 5524 1534 5594 diripuit,
1570 5535 1733 5597 atque
1777 5542 1805 5582 a
1838 5525 2024 5583 furore

437 5618 626 5665 contra
672 5628 769 5668 nos
813 5617 1169 5688 compescuit.
1197 5615 1489 5682 Quomodo
1540 5617 1630 5688 qui
1692 5618 2021 5676 invisibilem

513 5792 560 5823 "
592 5793 660 5849 ls.
703 5810 874 5863 xxxn,
904 5796 937 5850 6

2114 4696 2469 4768 ερυθριῶσιν,
2501 4697 2589 4750 ἵνα
2619 4697 2679 4750 τὸ
2715 4699 2916 4769 προσὸν
2949 4698 3022 4759 ὡς
3056 4699 3177 4772 Θεῷ
3200 4701 3422 4773 ἀξίωμα
3463 4703 3699 4776 περιελό-

2119 4806 2289 4860 μενοι,
2323 4790 2629 4861 ἡττημένον
2655 4791 2816 4844 αὐτὸν
2844 4791 3215 4863 παραδείξωσι
3240 4833 3256 4858 ,
3288 4795 3518 4850 καὶτῶν
3549 4780 3697 4851 θείων

2117 4879 2613 4950 πλεονεκτημάτων
2656 4879 3137 4950 ἀπογυμνώσωσι,
3188 4882 3285 4935 καὶ
3334 4884 3489 4953 ψιλὸν
3547 4883 3698 4938 αὐτὸν

2117 4971 2403 5040 ἄνθρωπον
2441 4972 2538 5025 καὶ
2570 4973 2679 5025 τῶν
2704 4974 2827 5025 καθ’
2866 4973 3016 5044 ἡμᾶς
3052 4973 3183 5027 ὄντα
3221 4977 3696 5047 καταστήσωνται,

2122 5064 2218 5118 καὶ
2249 5064 2345 5136 τῆς
2374 5063 2603 5135 ἐνούσης
2635 5064 2784 5136 αὐτῷ
2833 5065 2976 5119 κατά
3007 5066 3226 5121 πάντων
3255 5066 3508 5133 ἐξουσίας
3540 5071 3699 5138 ὑπερο

2123 5157 2384 5226 ορίσωσιν
2408 5170 2419 5181 ·
2450 5157 2535 5219 είς
2577 5156 2836 5227 τοιαύτην
2879 5157 3115 5212 ἀτοπίαν
3146 5158 3243 5210 καὶ
3265 5158 3458 5212 ἀθεῒαν
3486 5159 3556 5213 τὰ
3578 5177 3683 5230 παρ

2121 5250 2303 5312 dinei;
2334 5247 2799 5319 δογματιξόμενα,
2826 5249 2968 5302 κατὰ
2997 5249 3057 5302 τὸ
3090 5249 3384 5303 ἀκόλουθον
3415 5251 3697 5323 περιέστη-

2122 5357 2219 5393 σαν
2237 5358 2251 5371 ο
2276 5341 2414 5394 ἀλλὰ.
2442 5339 2559 5403 πῶς
2587 5338 2763 5393 ταῦτα
2791 5341 3063 5406 πείσεται,
3105 5341 3165 5393 οὐ
3208 5341 3449 5405 συνῆκαν
3473 5344 3521 5396 oi
3561 5343 3694 5412 ἀμα-

2121 5430 2234 5495 θεῖς
2266 5427 2367 5487 κοιλ.¹
2385 5432 2602 5502 ἀνόητοι
2622 5449 2637 5463 ο
2659 5434 2687 5486 ὁ
2711 5431 2803 5488 τὸν
2836 5434 3057 5504 ίσχυηρὶιν
3080 5432 3249 5503 δήσας
3278 5432 3376 5487 καὶ
3398 5434 3694 5505 διαρπάσας

2121 5525 2285 5579 αὑτοῦ
2319 5525 2389 5580 τά
2423 5525 2616 5598 σκεύη,
2651 5524 2874 5596 καὶτῆς
2908 5525 3035 5579 καθ’
3075 5524 3235 5595 ἡμῶν
3274 5524 3483 5596 λύσσης
3516 5524 3692 5595 άπείρ⁹

2125 5618 2241 5685 ξας,
2290 5618 2409 5684 πῶς
2442 5619 2472 5672 6
2505 5616 2596 5672 τὸν
2637 5617 2868 5690 ἀόρατον
2920 5616 3379 5689 αἱχμαλωτεύσας
3423 5617 3689 5690 τύραννον,
3768 5639 3781 5647 ο
