3994 6484
349 436 452 496 707

1342 426 1411 487 Β.
1452 422 1872 485 NICEPHORI
1908 420 2417 482 PATRIARCH/E
2455 421 2566 481 ΕΡ.

3511 420 3625 482 708

351 545 482 608 rapit
526 558 615 596 eas
638 541 700 594 de
733 554 892 592 manu
931 553 1043 590 mea
1064 536 1154 589 9‘?
1200 534 1269 589 Ει
1313 535 1458 603 quod
1512 531 1674 587 Pater
1718 531 1928 586 dederit

2039 545 2087 581 re
2117 527 2153 581 ἂ
2183 527 2293 581 οὐδ’
2332 527 2400 581 ἂν
2442 526 2741 598 βαρϐάροις
2772 526 2804 598 ἢ
2840 526 3070 598 Ἕλλησι
3118 529 3397 600 τολμητέα
3440 528 3625 584 εἶναι·

349 637 396 692 ei
429 644 746 705 potestatem
776 632 830 686 in
859 645 1074 686 omnem
1108 642 1331 685 carnem
1352 626 1439 681 "?
1464 625 1549 689 Et,
1582 625 1763 679 omnia
1805 637 1925 694 qua

2039 618 2078 672 τί
2101 620 2364 689 φήσουσιν
2385 619 2677 683 ἀκούοντες
2704 612 2791 673 οἷα
2823 621 2882 671 ὲν
2913 620 3267 689 Εὑαγγελίοις
3287 623 3317 674 6
3346 623 3631 694 ἡμέτερος

349 730 511 784 habet
545 726 723 789 Pater,
750 722 910 779 habet
933 731 989 778 et
1015 720 1186 776 Filius
1213 721 1258 753 ”
1278 721 1301 773 ?
1323 718 1457 773 Nam
1479 734 1592 770 mea
1610 717 1807 782 omnia,
1845 715 1929 770 in-

348 822 488 889 quit,
537 830 629 873 tua
670 828 821 880 sum;
883 825 934 870 et
982 827 1094 877 tua,
1135 829 1273 876 mea,
1304 820 1353 865 et
1390 812 1443 862 in
1491 808 1574 885 Itis
1605 807 1926 876 clariﬁcatus

348 927 463 965 sum
491 909 559 963 “.
599 906 841 975 Namque
869 904 1212 973 Uuigenitum
1236 908 1431 955 cuncta
1459 897 1539 950 sui
1564 894 1745 951 Patris
1760 897 1930 964 parti-

347 1004 533 1070 cipare
579 1001 875 1056 credimus.
918 990 1198 1063 Quomodo
1249 1005 1382 1061 ergo
1435 986 1767 1050 clariﬁcatus
1822 997 1927 1055 est,

346 1093 394 1149 si
412 1093 584 1147 victus
614 1107 677 1146 ac
707 1091 1005 1144 minoratus
1024 1088 1047 1140 ?
1063 1083 1343 1152 Quomodo
1376 1089 1647 1153 potestate
1666 1079 1929 1150 spoliatus

348 1185 534 1248 fuerit,
565 1182 656 1252 qui
691 1181 867 1235 Patris
898 1177 1183 1245 majestate
1205 1185 1453 1240 ornatur,
1479 1185 1816 1241 consorsqne
1843 1178 1930 1225 est

345 1278 619 1332 universae
646 1272 901 1342 potentia:
942 1269 1095 1338 ejus?
1145 1267 1269 1322 llaec
1324 1266 1540 1322 Domini
1584 1267 1767 1320 hostes
1818 1277 1928 1317 non

350 1369 735 1429 considerant,
789 1364 913 1432 quia
962 1362 1063 1417 sub
1128 1361 1236 1416 alio
1273 1360 1477 1431 degunt
1540 1358 1723 1414 saeculi
1769 1354 1930 1424 hujus

346 1460 613 1531 principe.
649 1457 763 1512 Hoc
813 1456 959 1510 enim
990 1453 1124 1523 ipsis
1156 1453 1299 1507 valet
1342 1452 1611 1507 idolorum
1661 1450 1927 1515 adoratio,

352 1552 673 1621 netbpejam
708 1549 832 1603 inde
862 1549 928 1602 ab
959 1547 1114 1600 initio
1160 1555 1414 1615 suscepta
1445 1542 1773 1612 evangelica:
1798 1542 1930 1596 doc-

352 1642 510 1695 trina:
545 1637 926 1693 contradictio.
951 1634 1061 1689 Nos
1092 1650 1221 1689 vero
1264 1649 1539 1703 nunquam
1571 1632 1932 1703 defatigemur

353 1736 595 1801 ipsorum
631 1730 906 1783 vesaniam
940 1736 1102 1795 atque
1132 1724 1489 1780 stoliditatem
1522 1723 1820 1778 debellare.

2027 709 2323 782 διαρρήδην
2341 710 2597 779 βασιλεὺς
2626 711 2722 764 καὶ
2748 712 2954 781 ποιμὴν
2977 712 3316 784 διακέκραγε
3336 732 3347 742 ·
3379 717 3457 769 Τὰ
3472 716 3630 783 πρό-

2030 802 2178 855 6am
2214 802 2287 856 τὰ
2313 801 2425 869 ἐμὰ
2467 802 2578 868 τῆς
2614 801 2822 871 φωνῆς
2849 820 2970 872 μου
3007 805 3244 868 ἀκούει,
3281 806 3379 860 καί
3420 807 3633 874 οὐδεὶς

2029 893 2291 961 ἁρπάσει
2314 892 2466 947 αὐτὰ
2484 893 2559 946 -ἐκ
2589 895 2699 962 τῆς
2729 896 2932 963 χειρός
2948 912 3104 964 μου;
3130 895 3242 950 Καὶ
3260 898 3343 951 ὅτι
3372 899 3401 951 6
3434 898 3633 969 Πατὴρ

2030 986 2261 1039 δέδωκεν
2311 987 2459 1058 αύτῷ
2504 985 2755 1052 ἐξουσίαν
2809 988 2953 1042 κατὰ
3006 990 3189 1060 πάσης
3246 991 3481 1061 σαρκός·
3526 993 3628 1046 καὶ

2034 1078 2215 1132 πάντα
2248 1080 2348 1133 ὅσα
2384 1079 2499 1150 ἔχει
2533 1082 2561 1134 6
2593 1080 2802 1151 Πατὴρ,
2849 1081 2963 1151 ἔχει
2995 1083 3093 1136 καὶ
3126 1085 3156 1137 ὁ
3194 1084 3357 1149 Υἱός·
3400 1084 3482 1139 Τὰ
3507 1084 3629 1156 γὰρ

2032 1170 2149 1238 ἐμὰ
2185 1169 2406 1237 πάντα,
2440 1172 2595 1243 φησι,
2629 1170 2714 1226 σά
2736 1173 2890 1238 ἐστι,
2911 1174 3010 1228 καὶ
3042 1175 3113 1230 τὰ
3136 1175 3219 1228 σὰ
3240 1177 3375 1245 ἐμὰ,
3403 1178 3499 1230 καὶ
3530 1177 3633 1231 δε-

2033 1262 2334 1333 δόξασμαι
2367 1265 2438 1318 ἐν
2475 1264 2702 1332 αὐτοῖς.
2748 1267 3008 1321 Μετείναι
3054 1268 3162 1340 γὰρ
3208 1269 3287 1339 τῷ
3328 1271 3637 1339 Μονογενεῖ

2033 1354 2249 1408 πάντων
2281 1355 2389 1408 τῶν
2436 1355 2530 1409 τοῦ
2581 1357 2797 1429 Πατρὺς
2842 1359 3335 1431 πεπιστεύκαμεν·
3384 1360 3501 1425 πῶς
3526 1358 3633 1415 οῦν

2028 1445 2364 1513 δεδόξασται,
2400 1448 2450 1499 εί
2494 1448 2779 1519 νενίκηται
2822 1450 2915 1503 καὶ
2962 1451 3226 1522 ἥττηται;
3265 1452 3382 1517 πῶς
3425 1454 3483 1507 δὲ
3524 1455 3633 1524 τῆς

2030 1537 2278 1605 ἐξουσίας
2315 1537 2617 1609 ἀφῄρηται,
2641 1542 2670 1594 6
2708 1543 2767 1595 ὲν
2795 1543 2910 1605 τοῖς
2960 1547 3253 1614 πατρικοῖς
3301 1545 3629 1614 ὲναγλαῖζό-

2034 1645 2194 1699 μενος
2240 1627 2536 1700 ἀξιώμασι,
2572 1631 2668 1685 καὶ
2703 1632 3062 1703 συμμετέχων
3090 1633 3194 1704 τῆς
3226 1635 3371 1689 κατὰ
3403 1638 3631 1703 πάντων

2030 1722 2448 1794 ἐνυπαρχούσης
2482 1722 2732 1788 ἐξουσίας
2768 1724 2952 1795 aii-tif);
2993 1726 3165 1780 ταῦτα
3193 1728 3246 1779 oi.
3289 1726 3383 1781 τοῦ
3414 1729 3629 1799 Κυρίου

350 1819 536 1890 ἐχθροὶ
564 1819 623 1871 οὐ
649 1817 978 1886 λογίζονται*
1013 1816 1102 1885 ὑφ’
1131 1814 1304 1887 ἑτέρῳ
1336 1816 1445 1886 γὰρ
1483 1813 1697 1868 τελοῦσι
1730 1812 1808 1883 τῷ
1872 1812 1967 1866 τοῦ
2007 1811 2204 1875 αἰῶνος
2232 1812 2425 1866 τούτου
2508 1814 2733 1885 ἄρχοντι
2755 1830 2768 1844 ·
2805 1814 2966 1869 τοῦτο
2993 1817 3102 1888 γὰρ
3147 1819 3334 1884 αὐτοῖς
3375 1814 3629 1889 βούλεται

350 1915 412 1968 τὸ
440 1912 677 1975 εἰδώλοις
702 1910 1246 1983 προσκεκυνηκέναι,
1272 1908 1333 1962 τὸ
1365 1907 1425 1973 ἐξ
1478 1909 1653 1979 ἀρχῆς
1724 1906 1973 1960 ὠδίνουσι
2011 1905 2154 1959 κατὰ
2201 1904 2293 1959 τοῦ
2358 1906 2713 1975 εύαγγελικοῦ
2750 1908 2913 1977 λόγου
2958 1907 3056 1972 τὰς
3097 1910 3435 1975 ἀντιθέσεις·
3463 1913 3629 1982 ἡμεῖς

348 2011 403 2064 δὲ
426 2010 528 2064 οὐκ
564 2007 629 2063 ἄν
667 2024 795 2061 ποτε
819 2007 1235 2077 ἀποκνήσαιμεν
1268 2004 1626 2076 θριαμϐεύειν
1659 2003 1840 2057 αὐτῶν
1873 2003 1934 2056 τὺ
1966 2003 2211 2074 ἐμμανὲς
2246 2002 2341 2056 καὶ
2368 2002 2430 2057 τὸ
2459 2002 2851 2075 ἐμϐρόντητον.

424 2142 561 2209 Quid
593 2155 724 2210 ergo
773 2140 849 2194 ait.
888 2140 1187 2194 Servatur?
1213 2138 1317 2203 Qui
1367 2155 1459 2203 per
1484 2138 1709 2206 januam
1741 2137 1930 2203 intrat,

2105 2138 2171 2191 Τί
2197 2133 2292 2190 οῦν
2323 2155 2487 2208 φησιν
2514 2140 2541 2191 6
2573 2139 2799 2210 Σωτήρ;
2837 2140 2901 2193 Ὀ
2928 2143 3351 2211 εἰσερχόμενος
3383 2143 3483 2198 διὰ
3512 2145 3630 2214 τῆς

352 2245 534 2304 pastor
559 2243 655 2287 est.
688 2229 895 2285 Etcum
928 2246 1043 2284 oves
1072 2232 1318 2299 proni-ias
1357 2230 1613 2293 emiserit,
1644 2238 1764 2282 ante
1795 2228 1936 2297 ipsas

354 2327 520 2390 vadit,
546 2336 595 2378 et
637 2341 752 2378 oves
783 2340 899 2377 eum
925 2335 1231 2393 sequuntur,
1260 2325 1385 2391 quia
1412 2323 1580 2375 sciunt
1606 2338 1776 2375 vocem
1798 2321 1933 2388 ejus.

358 2421 601 2472 Alienum
631 2427 934 2490 autemnon
964 2424 1276 2490 sequuntur,
1296 2415 1417 2483 quia
1451 2430 1625 2468 vocem
1652 2413 1800 2468 illius
1834 2429 1937 2467 non

357 2502 640 2571 noverunt;
671 2506 786 2561 ideo
811 2506 1039 2561 alienum
1090 2521 1191 2559 non
1222 2484 1511 2569 iet-tantur,
1542 2507 1632 2559 sed
1657 2506 1720 2558 ab
1745 2521 1804 2558 eo
1849 2505 1939 2572 fu-

357 2603 527 2672 giunt,
561 2602 685 2671 quia
717 2615 818 2652 non
868 2608 1121 2651 noverunt
1154 2613 1326 2651 uocem
1381 2598 1676 2651 alienorum
1703 2599 1769 2650 ⁸⁵.
1802 2596 1936 2652 Dein

358 2708 577 2747 rursus:
608 2689 718 2759 Ego
736 2672 851 2742 ,ςιιηὶ
870 2690 1091 2750 ostium;
1112 2702 1203 2753 per
1226 2702 1304 2739 me
1323 2687 1368 2740 si
1384 2688 1499 2757 quis
1522 2687 1801 2750 introierit,
1833 2685 1937 2739 sal-

357 2783 581 2846 vabitur,
636 2790 686 2834 et
728 2780 1011 2848 procedet,
1048 2786 1100 2831 et.
1152 2794 1350 2846 pascua
1413 2778 1639 2831 inveniet
1687 2777 1753 2831 ’⁸.
1798 2776 1937 2843 Quid

356 2886 539 2929 autem
572 2876 625 2928 hi
662 2872 849 2927 vesani
876 2871 899 2924 ?
930 2871 1212 2925 Pastorem
1234 2870 1559 2938 hujusmodi,
1585 2880 1846 2938 :vgrotum
1874 2884 1939 2923 ac

357 2967 613 3027 debilem,
646 2974 698 3017 et
727 2962 1014 3032 pastoralis
1041 2961 1177 3015 artis
1216 2962 1528 3030 imperitum
1560 2975 1685 3015 esse
1722 2961 1932 3026 volunt,

358 3059 443 3114 vel
503 3058 733 3111 inﬁrmis
777 3057 842 3110 ad
892 3056 1205 3126 dirigendas
1227 3069 1354 3107 oves
1391 3055 1620 3117 viribus.
1650 3063 1707 3108 et
1746 3053 1829 3107 vel
1870 3068 1937 3108 eo

359 3153 528 3205 invito
561 3160 654 3203 aut
699 3149 863 3202 etiam
919 3147 1186 3217 prodente
1239 3161 1456 3217 gregem
1504 3162 1533 3199 a
1568 3146 1693 3217 lupo
1728 3147 1935 3201 discer-

359 3254 509 3313 ptqu
536 3241 725 3296 fuisse.
759 3239 984 3295 Frustra
1029 3250 1207 3293 autem
1237 3239 1435 3307 opponi
1471 3237 1669 3293 ostium
1696 3238 1933 3304 videtur,

358 3331 499 3399 quod
534 3329 735 3385 nullam
768 3340 985 3398 praestet
1026 3329 1382 3384 securitatem
1411 3369 1427 3393 ,
1464 3330 1574 3383 sive
1619 3329 1745 3398 quis
1772 3329 1938 3382 intret.

360 3428 476 3479 sive
510 3432 691 3487 exeat,
728 3422 861 3475 nihil
913 3421 1155 3487 ejusdem
1192 3422 1359 3475 Snluli
1422 3420 1733 3475 conferens.
1772 3420 1936 3489 Atqui

2039 2228 2243 2296 θύρας,
2286 2230 2514 2299 ποιμήν
2554 2232 2713 2283 ἐστι·
2750 2232 2846 2284 καὶ
2896 2232 3043 2286 ὅταν
3083 2233 3157 2287 τὰ
3197 2234 3319 2288 ἴδια
3360 2238 3629 2304 πρόϐατα

2036 2318 2287 2390 ἐκϐάλῃ,
2317 2321 2660 2391 ἔμπροσθεν
2686 2322 2885 2376 αὐτῶν
2903 2326 3238 2393 πορεύεται,
3268 2327 3368 2381 καὶ
3385 2329 3458 2384 τὰ
3479 2333 3626 2398 πρέ-

2041 2412 2186 2464 ϐατα
2215 2411 2375 2477 αὐτῷ
2399 2413 2740 2479 ἀκολουθεῖ,
2766 2411 2856 2467 ὅτι
2890 2415 3093 2470 οῖδασι
3115 2416 3232 2485 τὴν
3271 2417 3486 2494 φωνὴν
3512 2422 3626 2474 αὐ·

2040 2502 2182 2556 τοῦ·
2223 2503 2524 2571 ἀλλοτρίῳ
2561 2503 2629 2556 δὲ
2667 2506 2738 2557 οὐ
2774 2504 2862 2574 μὴ
2906 2506 3433 2577 άκολουθήσωσιν,
3464 2511 3627 2565 ἀλλὰ

2039 2593 2365 2660 φεύξονται
2400 2595 2502 2649 ἀπ’
2542 2595 2750 2661 αὐτοῦ,
2781 2594 2871 2649 ὅτι
2896 2599 3010 2651 οὐκ
3049 2598 3254 2653 οἴδασι
3288 2599 3409 2654 τῶν
3442 2603 3625 2657 ἀλλο·

2039 2685 2218 2752 τρίων
2242 2685 2358 2753 τὴν
2383 2686 2615 2755 φωνήν.
2646 2683 2777 2741 Εἶτα
2812 2689 3010 2743 πάλιν·
3054 2691 3207 2762 Ἐγώ
3228 2695 3347 2762 ειμι
3375 2696 3415 2763 ἡ
3448 2696 3619 2762 θύρα·

2036 2774 2114 2828 δι’
2131 2775 2278 2846 ἐμοῦ
2294 2777 2404 2831 ἐάν
2423 2794 2514 2843 τις
2532 2779 2801 2849 εἰσέλθῃ,
2825 2782 3166 2849 σωθήσεται
3187 2784 3284 2838 καὶ
3306 2785 3624 2850 ἐξελεύσε-

2039 2883 2132 2919 ται
2160 2866 2254 2921 καὶ
2288 2869 2487 2938 νομὴν
2509 2871 2784 2939 εὑρήσει.
2815 2873 2880 2925 Τί
2908 2874 2965 2926 δὲ
3004 2876 3051 2927 oi
3099 2876 3491 2947 παράφρονες;
3534 2880 3625 2933 τὸν

2041 2960 2140 3028 μὲν
2173 2962 2417 3017 τοιοῦτον
2447 2963 2700 3033 ποιμένα,
2734 2965 3133 3037 ἡρῤωστηκότα
3164 2971 3259 3022 καὶ
3291 2970 3500 3037 ἄτονον,
3533 2973 3625 3026 καὶ

2040 3051 2288 3123 ἀπείρως
2309 3054 2408 3124 τῆς
2437 3057 2803 3127 ποιμαντικῆς
2825 3059 3138 3128 εἰσάγουσιν
3168 3061 3382 3131 ἔχοντα,
3409 3064 3442 3133 ἢ
3469 3064 3630 3118 ἀσθε-

2038 3143 2157 3215 νείᾳ
2215 3133 2311 3197 τοῦ
2371 3146 2579 3199 διέπειν
2624 3149 2690 3201 τὰ
2726 3149 2996 3221 πρόϐατα,
3026 3151 3060 3222 ἦ
3095 3152 3367 3223 ἀκουσίως
3393 3155 3625 3228 διηρπά-

2041 3236 2163 3290 σθαι
2202 3237 2308 3291 ύπδ
2350 3238 2444 3292 τοῦ
2488 3238 2738 3312 λύκου,ῆ
2788 3241 3073 3312 ἐθελοντὴν
3107 3247 3523 3317 καταπροέσθαι
3568 3250 3629 3300 τὸ

2040 3330 2294 3401 ποίμνιον
2318 3349 2333 3364 ·
2370 3333 2549 3403 μάτην
2572 3333 2652 3401 δὲ,
2679 3335 2755 3399 ὡς
2784 3334 2981 3399 ἔοικεν,
3010 3337 3040 3406 ἡ
3065 3336 3205 3409 θύρα
3232 3339 3624 3411 προϐέϐληται,

2038 3423 2340 3492 οὐδαμόθεν
2377 3423 2438 3477 τὸ
2479 3426 2716 3493 ἀσφαλὲς
2760 3428 2988 3498 ἔχουσα·
3035 3430 3157 3484 οὔτε
3187 3432 3242 3485 ετ
3269 3450 3355 3495 τις
3393 3434 3630 3488 εἰσελεύ-

359 3518 433 3570 ita
468 3514 655 3584 nugari
688 3522 745 3565 et
806 3511 974 3578 loqui,
1012 3512 1228 3580 qualem
1279 3526 1493 3579 pcrnam
1546 3504 1937 3581 suppliciumve

2044 3528 2195 3567 σεται
2221 3514 2289 3567 δι’
2318 3515 2492 3585 αὐτῆς
2526 3516 2557 3586 ἢ
2600 3500 2969 3585 ἐξελεύσεται,
3002 3521 3082 3585 είς
3119 3522 3180 3575 τὸ
3225 3521 3421 3586 σώζειν
3456 3524 3542 3577 οἵα
3569 3541 3627 3577 τε

362 3620 468 3660 non
510 3600 787 3656 meretur?
817 3599 1016 3652 Deinde
1056 3616 1071 3652 :
1115 3597 1228 3667 Ego
1267 3614 1384 3651 sum
1442 3609 1624 3667 pastor
1670 3598 1853 3657 bonus.
1890 3606 1941 3650 et

359 3707 615 3763 cognosco
655 3705 774 3743 oves
805 3704 968 3750 meas,
1005 3695 1052 3740 et
1076 3697 1446 3756 recognoscant
1468 3704 1545 3740 me
1571 3703 1719 3751 meaz,
1744 3696 1793 3740 et
1821 3688 1941 3740 ani-

360 3797 503 3835 mam
526 3794 691 3832 meam
716 3793 851 3848 pono
882 3792 973 3844 pro
999 3776 1178 3829 ovibus
1220 3774 1289 3829 ³⁷.
1324 3776 1420 3830 llis
1454 3785 1634 3831 autem
1684 3777 1940 3846 utrinque

364 3873 715 3944 blasphemiae
768 3868 1041 3925 defoditur
1077 3869 1252 3943 fovea,
1282 3870 1373 3941 qui
1408 3877 1465 3923 et
1516 3868 1721 3925 Christi
1753 3879 1939 3940 pasto-

364 3970 441 4022 ris
492 3966 674 4031 simul,
705 3974 762 4020 et
814 3966 996 4019 ovium
1038 3964 1425 4034 ignorantiam,
1455 3964 1621 4018 stulte
1657 3975 1938 4018 accusant.

372 4061 691 4115 Discredent
740 4057 886 4111 enim
929 4070 1157 4125 prorsus
1185 4053 1282 4116 illi,
1315 4053 1550 4107 animam
1613 4034 1712 4122 [iro
1749 4054 1941 4109 ovibus

364 4168 567 4224 ponere
593 4167 652 4207 se
684 4151 906 4211 dicenti,
945 4156 1004 4202 ut
1032 4146 1116 4202 vel
1151 4146 1373 4200 omnino
1396 4145 1593 4198 nullam
1620 4145 1789 4200 luisse
1816 4161 1941 4213 pas-

364 4243 572 4297 sionem
597 4238 712 4307 ejus
741 4235 902 4307 217
923 4244 1189 4299 statuant,
1221 4234 1305 4289 vel
1338 4234 1647 4288 simulatam
1684 4244 1738 4288 et
1770 4235 1941 4304 phan-

367 4333 613 4388 tasticam
639 4343 983 4399 ;vanumqne
1012 4327 1201 4381 (lt-ama
1233 4326 1299 4381 ab
1336 4326 1757 4397 Evangelio‘rum
1808 4344 1941 4384 auc-

368 4425 577 4479 toribus
604 4422 962 4491 compositum
1009 4418 1374 4474 alﬁrmabum.
1403 4418 1469 4473 Hi
1512 4430 1691 4475 autem
1722 4420 1940 4475 nonnisi

366 4516 577 4571 illorum
599 4514 888 4571 dementiae
923 4523 1087 4583 atque
1116 4513 1424 4583 impietatis
1456 4511 1663 4569 fructus
1706 4523 1853 4569 sunt.
1877 4514 1941 4568 Et

363 4610 613 4664 Christus
634 4608 854 4678 quidem
880 4607 955 4660 ait
986 4624 1001 4661 :
1032 4605 1100 4660 Et
1127 4606 1263 4661 alias
1312 4621 1428 4661 oves
1466 4605 1650 4673 habeo,
1680 4625 1796 4677 qua:
1824 4604 1940 4664 non

363 4710 482 4755 sunt
516 4716 580 4754 ea:
606 4702 704 4753 hoc
748 4699 908 4762 ovili;
939 4706 986 4750 et
1039 4695 1162 4750 illas
1199 4705 1401 4766 Oportet
1451 4714 1530 4750 me
1568 4699 1851 4765 adducere,
1890 4709 1962 4755 ετ·

363 4807 537 4845 vocem
594 4805 762 4843 meam
820 4789 1062 4852 audient,
1090 4798 1138 4841 et
1184 4788 1274 4856 ﬁet
1330 4804 1495 4842 unum
1544 4790 1676 4844 ovile
1707 4802 1753 4843 et
1805 4808 1941 4845 unus

2045 3605 2401 3676 ὑπάρχουσα·
2430 3607 2492 3660 τὸ
2530 3608 2587 3661 δὲ
2625 3612 2798 3663 ταῦτα
2819 3611 3081 3683 φλυαρεῖν
3107 3614 3213 3685 καὶ*
3231 3613 3433 3682 λέγειν,
3468 3616 3629 3679 ποίας

2041 3686 2319 3761 κολάσεως
2349 3698 2444 3750 καὶ
2474 3698 2755 3763 ἀπωλείας
2780 3702 2882 3754 οὑκ
2907 3704 3044 3755 οἴσει
3073 3686 3262 3777 δίκην;
3289 3700 3423 3759 Εἶτα
3442 3722 3459 3736 ·
3487 3707 3629 3775 Ἐγώ

2041 3791 2157 3857 ειμι
2184 3791 2217 3842 ό
2238 3788 2465 3856 ποιμὴν
2500 3792 2533 3843 ό
2573 3789 2784 3855 καλός,
2814 3791 2913 3844 καὶ
2945 3791 3219 3861 γινώσκω
3251 3793 3326 3848 τὰ
3349 3794 3483 3864 ἐμὰ,
3524 3795 3624 3849 καὶ

2042 3876 2409 3946 γινώσκομιιι
2444 3877 2562 3931 ὑπὸ
2602 3877 2722 3932 τῶν
2745 3879 2927 3947 ἐμῶν,
2961 3881 3058 3934 καὶ
3092 3882 3209 3951 τὴν
3248 3884 3462 3953 ψυχήν
3506 3903 3624 3955 μου

2041 3970 2240 4037 τίθημι
2264 3969 2418 4037 ὑπὲρ
2443 3969 2562 4022 τῶν
2588 3969 2922 4037 προϐάτων.
2950 3973 3074 4037 Τοῖς
3098 3974 3157 4027 δέ
3188 3992 3252 4043 γε
3285 3977 3628 4046 ἑκατέρωθεν

2043 4063 2102 4113 ὲν
2136 4059 2346 4123 τούτοις
2367 4063 2396 4113 ὁ
2421 4061 2521 4130 τῆς
2547 4060 2901 4132 βλασφημίας
2941 4064 3385 4136 περιορώρυκται
3415 4068 3627 4139 βόθρος,

2040 4152 2177 4224 ὁμοῦ
2200 4170 2259 4206 τε
2286 4152 2379 4206 τοῦ
2409 4153 2664 4224 ποιμένος
2692 4155 2927 4227 Χριστοῦ
2952 4157 3048 4210 καὶ
3071 4158 3182 4211 τῶν
3213 4158 3504 4228 προϐάτων
3530 4163 3629 4234 τὴν

2042 4248 2268 4314 ἄγνοιαν
2294 4247 2540 4315 ἀνοήτως
2588 4247 3164 4320 καταψηφιζομένοις·
3212 4253 3630 4324 διαπιστήσουσι

2046 4337 2103 4390 δέ
2139 4355 2240 4390 που
2270 4338 2484 4400 πάντως
2519 4338 2687 4409 αὐτῷ,
2726 4339 2822 4392 καὶ
2846 4339 2942 4409 τὴν
2973 4339 3155 4412 ψυχὴν
3185 4343 3326 4413 ὑπὲρ
3354 4343 3465 4399 τῶν
3492 4363 3629 4418 προ-

2045 4429 2226 4483 ϐάτων
2267 4429 2478 4484 τιθέναι
2518 4430 2769 4498 λέγοντι·
2816 4431 2962 4503 ἴναῆ
3010 4433 3258 4504 μηδόλως
3294 4438 3628 4507 γεγενῆσθαι

2041 4524 2103 4577 τὸ
2132 4518 2399 4596 σωτήριον
2429 4524 2669 4595 Χριστοῦ
2697 4524 2866 4589 πάθος
2888 4526 3313 4595 δογματίσωσιν,
3346 4530 3378 4600 ἢ
3406 4531 3481 4595 ὡς
3520 4550 3626 4586 πα-

2047 4617 2508 4689 ραπεπλασμένον
2558 4621 2653 4670 καὶ
2714 4618 3082 4688 φασματῶδες
3127 4624 3482 4694 παραφανὲν,
3536 4627 3629 4680 καὶ

2046 4709 2172 4779 είκῆ
2225 4707 2598 4762 συντεθεῖσθαι
2658 4709 3279 4781 δραματουργούμενονγ
3313 4715 3467 4786 παρὰ
3520 4719 3629 4774 τῶν

2047 4800 2476 4873 ἐξηγησαμένων
2521 4803 2652 4872 ἡμῖν
2690 4801 2759 4854 τὰ
2808 4802 3141 4871 Εὐαγγέλια,
3189 4807 3624 4879 είσηγήσωνται·

362 4878 931 4951 pastor“.Hicontra,
963 4878 1083 4933 illas
1129 4880 1291 4934 etiam
1350 4895 1470 4950 qua:
1524 4879 1573 4934 ei
1612 4882 1842 4950 cognitae
1888 4892 1937 4937 et

2049 4871 2222 4949 ταῦτα
2260 4893 2316 4947 δὲ
2360 4895 2518 4948 τίνων
2545 4871 2759 4958 γάλλων,
2809 4896 2842 4966 ἦ
2888 4897 2987 4968 τῆς
3033 4898 3259 4954 ἐκείνων
3301 4871 3493 4967 dvitiae;
3535 4906 3629 4959 xui

365 4979 705 5042 congregata}
764 4979 912 5034 sunt,
966 4970 1034 5024 ab
1079 4970 1319 5040 ejusdem
1367 4972 1572 5027 ditione
1610 4980 1663 5027 et
1710 4972 1943 5027 fatuilia-

366 5067 527 5121 ritate
575 5078 766 5119 arcere
813 5064 1079 5130 nituntur,
1122 5073 1177 5119 et
1234 5065 1299 5118 ad
1356 5062 1560 5119 erroris
1605 5065 1688 5119 sui
1748 5066 1939 5121 ducem

364 5158 640 5213 diabolum
698 5158 1005 5211 traducere.
1070 5157 1282 5211 Diceret
1343 5167 1525 5210 autem
1576 5158 1660 5213 his
1729 5174 1946 5228 quoque

362 5249 637 5315 Christus,
686 5249 776 5319 qui
830 5246 1140 5303 Iudaeorum
1197 5248 1421 5302 vesania
1473 5248 1722 5304 laborant
1778 5268 1791 5305 :
1840 5249 1946 5305 Vos

365 5357 467 5394 non
502 5342 739 5406 creditis,
767 5343 892 5411 quia
944 5358 1048 5396 non
1096 5342 1220 5396 estis
1248 5342 1311 5396 de
1357 5343 1536 5396 ovibus
1599 5344 1745 5397 meis.
1813 5344 1945 5400 Oves

365 5449 491 5487 mea:
520 5450 690 5486 vocem
709 5436 1139 5500 meamaudiunt,
1167 5446 1216 5489 et
1244 5450 1501 5505 cognosco
1516 5452 1627 5502 eas,
1647 5447 1695 5492 et
1716 5453 1946 5507 sequun-

367 5531 454 5573 tur
484 5539 583 5576 me.
617 5522 679 5576 Et
725 5538 818 5592 ego
850 5526 1006 5577 vitam
1051 5536 1302 5578 (sternam
1334 5524 1492 5592 dabo,
1518 5537 1565 5580 et
1600 5528 1653 5581 in
1690 5542 1946 5583 (sternam

434 5719 477 5789 97‘
509 5715 660 5772 Juztn.
697 5735 749 5780 κ,
788 5719 877 5771 9.7.
957 5722 1002 5751 "
1034 5721 1190 5775 Juan.
1221 5738 1350 5789 XVII,
1383 5726 1435 5778 οὶ,

370 5784 563 5842 "ibid.
609 5790 694 5841 14.
771 5790 815 5820 ’³
842 5789 997 5843 Joan.
1038 5808 1088 5854 κ,
1127 5795 1210 5846 ili.

1543 5729 1588 5759 "
1622 5727 1777 5783 Joan.
1818 5746 1926 5798 xu,
1960 5731 2022 5785 l5

2051 4985 2307 5049 ἀσεϐείας
2333 4986 2490 5052 ἄξιας
2527 4989 2622 5040 καὶ
2649 4988 2677 5040 6
2719 4988 2818 5058 μὲν
2852 4990 3086 5061 Χριστὸς
3114 4990 3296 5059 λέγει·
3329 4994 3439 5048 Kal
3467 4994 3627 5050 ἄλλα

2049 5076 2314 5144 πρόϐατα
2346 5076 2480 5147 ἔχω,
2508 5075 2545 5131 d
2570 5080 2681 5131 οὐκ
2701 5078 2874 5132 ἐστιν
2896 5079 2964 5132 ἐκ
2998 5070 3109 5147 τῆς
3145 5081 3346 5151 αὐλῆς
3374 5086 3625 5152 ταύτης·

2060 5166 2307 5222 κάκεῖνά
2322 5185 2398 5237 με
2425 5167 2517 5222 δεῖ
2531 5168 2800 5238 ἀγαγεῖν,
2820 5169 3050 5237 καὶτῆς
3078 5172 3285 5241 φωνῆς
3307 5191 3428 5244 μου
3452 5176 3631 5231 ἁκού-

2044 5273 2264 5322 σουσι,
2299 5259 2397 5312 καὶ
2446 5256 2767 5329 γενήσεται
2805 5261 2916 5329 μία
2958 5264 3201 5331 ποίμνη,
3249 5261 3336 5331 εἷς
3381 5267 3629 5339 ποιμήν.

2046 5350 2109 5404 υἱ
2141 5349 2198 5402 δὲ
2230 5352 2324 5404 καὶ
2354 5350 2462 5421 τῷν
2505 5350 2607 5423 ἤδη
2640 5350 2707 5404 δι’
2755 5351 3106 5420 ἐπιγνώσεως
3145 5356 3243 5425 τῆς
3287 5358 3426 5428 πρὸς
3470 5359 3631 5412 αὑτὸν

2051 5445 2429 5513 συνηγμένων,
2456 5443 2552 5513 τῆς
2588 5443 2836 5510 ἐξουσίας
2867 5446 2963 5498 καὶ
2997 5447 3329 5519 οἰκειότητος
3366 5450 3629 5522 ἐξείργειν

2049 5532 2435 5602 φιλονεικοῦσι,
2467 5534 2559 5588 καὶ
2584 5534 2659 5605 τῷ
2677 5535 2778 5606 τῆς
2806 5536 3013 5608 πλάνης
3042 5538 3222 5592 αὐτῶν
3252 5540 3481 5613 ἀρχηγῷ
3512 5542 3630 5596 δια-

2155 5734 2200 5765 “
2230 5733 2386 5788 Juan.
2423 5750 2553 5802 am,
2590 5734 2674 5789 10.
2779 5737 2823 5769 ⁸³⁸
2859 5736 3012 5791 Juan.
3074 5755 3123 5800 χ,
3176 5739 3231 5793 2.
3333 5740 3378 5772 9°
3409 5740 3538 5796 ibid.
3576 5742 3625 5799 θλ
