3994 6430
288 402 399 467 709

1170 394 1739 458 APOLOGETICUS
1775 395 1925 455 PRO
1961 395 2227 456 SACRIS
2265 395 2743 457 IMAGINIBUS.

3465 399 3570 465 710

292 508 438 580 (Ζὸλῳ
485 505 938 580 περιποιούμενοι
991 502 1368 575 μετοχετεύειν
1392 517 1405 533 ·
1439 501 1573 572 φαίη
1602 501 1648 555 δ’
1687 500 1754 556 ἂν
1796 501 1889 557 καὶ

1993 519 2096 557 non
2144 504 2424 572 peribunt;
2462 521 2626 574 neque
2672 522 2761 560 eas
2792 506 3063 577 quisquam
3094 510 3256 578 rapiet
3286 509 3350 564 de
3410 528 3568 566 manu

293 600 435 672 πρὸς
464 599 661 662 αὐτοὺς
690 601 718 652 ὁ
745 595 979 669 Χριστὸς
1008 595 1112 667 τὴν
1157 594 1430 649 Ἰουδαίων
1467 593 1759 657 νοσοῦντας
1786 612 1892 664 μα-

290 689 415 743 νίαν
439 705 453 719 ·
499 687 700 757 ’Υμεῖς
741 690 812 740 οὐ
841 686 1161 741 πιστεύετε
1189 701 1204 715 ·
1239 688 1312 739 οὺ
1344 688 1456 756 γάρ
1496 686 1639 739 ἐστε
1666 686 1736 739 ἐκ
1776 684 1894 739 τῶν

290 777 609 846 προϐάτων
657 777 778 831 τῶν
825 776 1021 846 ἐμῶν·
1076 776 1150 831 τὰ
1199 762 1464 844 πρόϐατα
1502 777 1576 830 τὰ
1622 777 1732 846 ἐμὰ
1782 775 1893 845 τῆς

288 866 501 936 φωνῆς
530 884 650 936 μου
689 867 917 928 ἀκούει,
942 865 1045 920 καὶ
1092 865 1367 936 γινώσκω
1404 869 1582 932 αὐτὰ,
1619 868 1717 922 καί
1753 866 1892 921 duo-

288 956 591 1012 λουθοῦσί
618 975 716 1024 μοι
740 972 754 987 ⁸
794 956 957 1024 κάγὼ
982 954 1139 1025 ζωὴν
1163 956 1409 1010 αἰώνιον
1430 955 1640 1025 δίδωμι
1664 936 1889 1021 αὐτοῖς,

288 1050 391 1104 καὶ
437 1051 511 1103 οὺ
543 1032 639 1119 tui)
683 1049 1030 1103 ἀπόλωνται
1071 1050 1159 1114 είς
1206 1048 1315 1102 τὸν
1358 1046 1583 1115 αἰῶνα,
1627 1046 1728 1100 καί
1766 1048 1881 1114 οὐχ

288 1140 553 1209 ἁρπάσει
584 1157 676 1205 τις
719 1139 872 1194 αὐτὰ
911 1139 981 1193 ὲκ
1018 1137 1123 1207 τῆς
1161 1140 1363 1208 χειρός
1402 1155 1523 1207 μου
1547 1155 1562 1171 ·
1607 1139 1641 1191 ὁ
1677 1138 1883 1206 Πατήρ

281 1253 407 1303 μου
430 1234 500 1301 ὃς
537 1234 760 1289 δέδωκέ
783 1252 887 1304 μοι
906 1276 919 1300 ,
947 1233 1164 1304 μείζων
1195 1234 1440 1288 πάντων
1466 1233 1620 1301 ἐστὶ,
1653 1235 1751 1289 καὶ
1781 1237 1886 1289 οὑ-

287 1325 421 1391 δείς
459 1326 709 1380 δύναται
739 1324 1021 1394 ἁρπάζειν
1046 1326 1115 1379 ἐκ
1143 1325 1253 1394 τῆς
1284 1326 1482 1393 χειρὸς
1516 1327 1622 1380 τοῦ
1656 1327 1887 1394 Πατρός

204 1472 215 1475 -
281 1434 431 1488 μου.
474 1417 616 1486 Ἐγὼ
644 1418 742 1470 καὶ
769 1420 801 1470 ό
824 1415 1030 1485 Πατὴρ
1056 1416 1125 1469 ἓν
1145 1417 1353 1484 ἐσμεν.
1386 1409 1546 1469 Οὗτοι
1568 1415 1625 1469 δὲ
1656 1415 1722 1467 τὰ
1758 1415 1883 1467 Ἰουε

285 1505 458 1560 δαίων
485 1507 657 1568 ὅντως
707 1505 801 1558 καὶ¹
854 1504 1182 1577 φρονοῦντες
1229 1505 1325 1558 καὶ
1370 1506 1732 1574 πράσσοντες,
1766 1505 1884 1566 τοῖς

1990 610 2123 648 mea.
2152 593 2317 649 Pater
2334 612 2479 650 meus
2511 598 2604 667 qui
2636 597 2766 651 mihi
2789 598 2952 662 dedit,
2985 600 3162 668 major
3199 603 3441 657 omnibus
3469 616 3566 663 est,

1989 696 2038 740 et
2075 703 2222 741 nemo
2246 704 2426 756 rapere
2456 691 2521 742 de
2547 705 2705 743 manu
2742 688 2924 743 Patris
2973 691 3076 743 mei
3104 701 3293 761 potest.
3348 692 3464 763 Ego
3518 705 3567 747 et

1992 775 2158 831 Pater
2184 795 2345 832 unum
2367 796 2547 833 sumus
2587 781 2658 834 ".
2704 780 2768 834 lii
2798 796 2927 839 vero
2949 780 3262 836 Iudaeorum
3299 784 3558 854 dogmata

1989 878 2043 922 et
2063 882 2229 937 Opera
2257 883 2449 938 reapse
2493 870 2777 938 habentes,
2815 871 3279 941 blasphemiarum
3339 888 3564 929 suarum

1990 966 2246 1026 tanquam
2289 959 2557 1028 lapidibus
2589 960 2866 1016 Christum
2906 964 3196 1032 impetum.
3250 964 3341 1019 Sic
3395 967 3565 1031 enim,

1989 1057 2247 1117 quantum
2270 1049 2323 1103 in
2348 1051 2478 1119 ipsis
2499 1060 2601 1116 est,
2625 1051 2897 1107 Christum
2915 1054 3255 1120 deminuunt,
3279 1065 3333 1110 et
3349 1059 3569 1113 univer-

1989 1138 2088 1193 εειιί
2114 1150 2383 1207 potestate
2439 1143 2697 1212 spoliarunt,
2728 1156 2782 1199 et
2824 1146 2935 1215 jam
2971 1146 3141 1215 gradu
3174 1147 3439 1216 deiectum
3468 1151 3567 1204 de-

1981 1241 2237 1298 cernunt,
2287 1236 2598 1303 evangelica
2656 1252 2893 1305 quoque,
2930 1240 3071 1295 inter
3130 1241 3257 1305 alia,
3296 1244 3565 1297 mendacii

1982 1320 2367 1379 insimulantes
2417 1326 2636 1380 oracula
2685 1346 2698 1381 :
2750 1330 2893 1398 patri
2931 1342 3108 1385 autem
3136 1333 3374 1402 ipsorum
3406 1334 3566 1389 Anti-

1981 1413 2188 1466 christo
2218 1412 2448 1482 gloriam
2470 1415 2719 1469 tribuunt
2759 1425 2813 1470 et
2840 1418 3148 1485 victoriam,
3180 1422 3367 1490 tropaei
3396 1422 3568 1477 instar

1981 1501 2270 1570 splendidi,
2295 1504 2577 1573 proprium
2602 1505 2652 1557 ei
2682 1515 2984 1562 statuentes
3013 1509 3264 1561 exitium.

284 1599 400 1653 τῶν
426 1597 753 1668 δυσφημιῶν
776 1596 957 1666 λόγοις
992 1592 1081 1651 οἷα
1114 1597 1282 1661 λίθοις
1330 1596 1716 1662 καταλείουσι,
1749 1596 2037 1667 βάλλοντες
2099 1595 2192 1648 τὸν
2244 1596 2481 1666 Χριστόν
2507 1614 2520 1626 ·
2576 1597 2720 1652 οὕτω
2789 1599 2920 1669 γὰρ,
2988 1602 3050 1654 τό
3088 1618 3153 1669 γε
3205 1602 3292 1671 ἐφ’
3328 1602 3563 1667 ἑαυτοῖς,

284 1694 672 1765 κατεψέλωσαν
709 1693 809 1765 μὲν
832 1691 928 1744 τὸν
952 1691 1212 1762 Χριστὸν,
1241 1690 1460 1744 καὶτοῦ
1488 1692 1632 1744 κατὰ
1660 1692 1877 1745 πάντων
1918 1688 2201 1755 ἀφείλοντο
2262 1690 2523 1758 κράτους,
2557 1692 2650 1745 καὶ
2693 1692 2756 1745 τὸ
2822 1687 2988 1762 ἦττον
3022 1693 3434 1761 ἀπενέγκασθαι
3464 1696 3567 1769 ἤδη

283 1786 758 1857 κατεψηφίσαντο,
787 1782 859 1836 τά
884 1800 944 1835 τε
981 1782 1118 1843 ἄλλα
1148 1783 1243 1834 καὶ
1272 1783 1341 1837 τὰ
1380 1783 1490 1837 τῶν
1521 1783 1874 1853 Εύαγγελίων
1910 1782 2083 1853 ψευδῆ
2112 1780 2385 1851 τιθέμενοι
2419 1783 2606 1850 λόγια·
2638 1783 2717 1854 τῷ
2779 1783 2838 1837 δὲ
2902 1785 3077 1854 Πατρὶ
3110 1782 3289 1838 αὐτῶν
3330 1786 3409 1858 τῷ
3449 1788 3566 1843 Ἂν-

282 1880 557 1952 τιχρίστῳ
579 1878 640 1931 τὸ
663 1877 819 1940 κλέος
841 1874 1046 1929 διδόασι
1072 1876 1168 1928 καὶ
1193 1874 1264 1928 τὰ
1290 1878 1604 1947 νικητήρια,
1622 1878 1881 1948 τρόπαιον
1919 1874 2069 1945 αύτῷ
2100 1874 2351 1945 λαμπρὸν
2414 1876 2503 1928 τὸν
2540 1876 2670 1929 ἴδιον
2704 1878 3037 1946 στησάμενοι
3075 1877 3317 1949 ὄλεθρον.

357 1973 467 2028 val.
499 1972 638 2043 Ἤδη
672 1971 728 2025 δὲ
755 1970 849 2025 καὶ
889 1970 983 2023 τὸν
1020 1970 1242 2040 Πατέρα
1275 1971 1371 2024 καὶ
1406 1972 1516 2024 τῶν
1548 1972 1685 2025 ὃλὶυν
1716 1972 1873 2035 Θεὸν,

2055 1970 2144 2024 5l.
2176 1969 2280 2024 Sed
2308 1971 2421 2039 jam
2472 1969 2571 2038 ipsi
2606 1984 2823 2037 quoque
2864 1969 3010 2023 Patri
3053 1980 3107 2023 et
3147 1972 3389 2025 onminm
3424 1972 3563 2036 Deo,

282 2065 433 2119 κατὰ
457 2064 519 2118 τὸ
539 2062 710 2129 εἰκὸς,
744 2060 1030 2132 βεϐιάσθαι
1064 2062 1473 2131 ἀποφανοῦνται
1492 2105 1505 2125 ,
1533 2065 1746 2133 καὶτῆς
1772 2064 1880 2117 τῶν

285 2156 551 2210 ἁπάντων
600 2154 916 2216 δεσποτείας
957 2151 1407 2223 ἀλλοτριὼσουσι,
1448 2154 1879 2227 συνδιηρπάσθαι

282 2249 368 2318 τῷ
395 2247 511 2318 Υἱῷ
543 2248 644 2318 τῆς
683 2245 936 2312 ἐξουσίας
985 2245 1149 2298 αὑτὸν
1186 2246 1601 2317 εἰσηγούμενον
1648 2248 1808 2318 εἴπερ
1852 2250 1906 2300 ὁ·

287 2340 421 2404 Υἱός
446 2356 636 2409 φησιν,
678 2335 825 2407 Ἐγὼ
851 2336 949 2391 καί
991 2339 1023 2389 ὁ
1070 2335 1275 2405 Πατὴρ
1300 2336 1370 2390 ἓν
1412 2338 1637 2407 super.
1661 2338 1881 2408 Συμὸα·

287 2432 499 2486 σιλεύει
531 2431 591 2485 δὲ
620 2429 697 2501 τῷ
738 2429 914 2500 Πατρὶ
942 2430 1023 2492 είς
1046 2420 1172 2491 τοὺς
1198 2428 1422 2493 αἰῶνας·
1451 2432 1545 2485 καὶ
1573 2429 1633 2483 τὸ
1659 2430 1881 2500 Πνεῦμα

286 2525 556 2595 ἐψεῦσθαι
596 2526 659 2579 τὸ
704 2527 857 2595 ἅγιον
911 2529 974 2580 τὸ
1021 2528 1081 2581 ὲν
1124 2526 1442 2591 ἀποστόλοις
1487 2526 1877 2598 φθεγγόμενον,

283 2619 416 2671 ἐπεὶ
438 2618 517 2688 τῷ
550 2618 650 2689 μὲν
676 2619 970 2671 ἐνέπνευσε
998 2618 1179 2687 λέγειν
1200 2634 1213 2647 ·
1241 2619 1368 2672 Ὅτι
1391 2620 1689 2686 ἐρρύσατο
1722 2618 1881 2688 ἡμᾶς

283 2710 358 2763 ἐκ
401 2709 514 2777 τῆς
546 2709 834 2776 ἐξουσίας
874 2710 983 2764 τοῦ
1021 2712 1317 2776 σκότους,
1366 2710 1463 2764 καὶ
1500 2710 1870 2779 μετέστησεν

276 2804 379 2867 -εῐς
411 2801 528 2868 τὴν
556 2802 891 2881 ,ϐασιλείαν
934 2800 1041 2855 τοῦ
1080 2802 1216 2856 Υἱοῦ
1247 2801 1357 2870 τῆς
1396 2801 1638 2869 ἀγάπης
1668 2801 1877 2866 αὐτοῦ,

266 2895 360 2946 ,ἐν
461 2893 681 2961 ἔχομεν
714 2893 833 2960 τὴν
869 2894 1301 2961 ἀπολύτρωσιν
1322 2936 1335 2958 ,
1368 2894 1481 2960 τὴν
1509 2893 1733 2963 ἄφεσιν
1759 2894 1881 2946 τῶν

285 2984 729 3054 ἁμαρτημάτων
748 3001 761 3014 ·
795 2985 865 3052 ὅς
896 2987 1068 3040 ἐστιν
1101 2985 1280 3039 εἰκὼν
1317 2987 1423 3039 τοῦ
1468 2987 1617 3040 Θεοῦ
1645 2987 1751 3040 τοῦ
1781 2988 1881 3041 do-

274 3073 476 3141 ρὰτου
494 3114 507 3138 ,
542 3075 918 3141 πρωτότοκος
937 3076 1144 3143 πάσης
1165 3078 1418 3143 κτίσεως
1436 3093 1450 3105 ’
1466 3078 1546 3148 τῷ
1565 3079 1620 3131 δὲ
1643 3080 1877 3149 ἐνήχησε

288 3166 559 3237 γράφειν’
620 3167 819 3235 Ὑμεῖς
861 3168 929 3221 δὲ
966 3168 1145 3238 γένος
1193 3170 1509 3234 ἐκλεκτὸν,
1553 3172 1879 3235 βασίλειον

286 3260 630 3329 ἱεράτευμα,
674 3262 850 3326 ἔθνος
890 3262 1083 3330 ἅγιον,
1129 3263 1280 3328 λαὸς
1321 3266 1409 3328 εὶς
1464 3265 1871 3332 περιποίησιν,
1903 3308 1957 3332 η

285 3352 452 3416 ὅπως
495 3354 601 3417 τὰς
651 3353 867 3419 ἀρετὰς
918 3354 1307 3423 ἐξαγγείλητε
1352 3354 1459 3407 τοῦ
1500 3356 1568 3407 ἐκ
1612 3357 1877 3421 σκότους

285 3442 447 3513 ὑμᾶς
481 3445 862 3509 καλέσαντος
896 3448 982 3511 είς
1019 3448 1087 3499 τὸ
1117 3447 1467 3515 θαυμαστὸν
1495 3447 1680 3501 αὑτοῦ
1711 3446 1837 3515 φῶς
1863 3463 1879 3479 ο

289 3540 346 3591 al
378 3535 527 3589 ποτὲ
553 3539 626 3591 οὐ
652 3537 827 3603 λαὸς,
870 3537 989 3591 νῦν
1020 3537 1088 3590 δὲ
1129 3539 1280 3604 λαὸς
1326 3539 1502 3592 Θεοῦ’
1546 3540 1643 3593 καὶ
1677 3542 1728 3593 ol
1771 3543 1881 3595 οὐκ

289 3628 638 3698 ἠλεημένοι,
667 3629 787 3683 νῦν
814 3629 884 3683 δὲ
913 3629 1289 3698 ἐλεηθέντες.
1321 3630 1455 3684 Μεθ’
1490 3624 1563 3685 ὧν
1592 3632 1619 3682 ὁ
1662 3633 1884 3699 εὐαγγε-

288 3720 444 3785 λικδς
469 3722 626 3790 λόγος
646 3762 661 3784 ,
686 3724 816 3776 ’Ότι
841 3724 908 3777 τὸ
940 3721 1065 3791 φῶς
1084 3722 1155 3775 ἐν
1181 3721 1256 3790 τῇ
1288 3724 1502 3788 σκοτίᾳ
1531 3724 1751 3791 φαίνει,
1780 3724 1881 3777 καὶ

287 3814 329 3881 ἡ
359 3816 579 3869 σκοτία
621 3816 771 3869 αὐτὸ
810 3816 883 3868 οὐ
913 3813 1229 3877 κατέλαϐε,
1266 3814 1388 3885 βοᾷ.
1423 3816 1485 3867 Οἱ
1531 3815 1589 3867 δὲ
1617 3814 1712 3867 τοῦ
1758 3816 1881 3867 σκό-

289 3924 422 3968 τους
457 3906 624 3972 ἄξιοι,
653 3906 729 3969 ὡς
754 3906 979 3970 οἴονται,
1015 3906 1109 3959 καὶ
1141 3905 1375 3975 ἐδιώχθη
1415 3907 1509 3959 καὶ
1538 3907 1877 3976 κατελήφθη*

290 3997 418 4065 είκῆ
452 3997 628 4051 ταῦτα
659 3998 877 4070 εἴρηται
897 3999 1036 4061 ,καὶ
1079 3996 1361 4067 ἁδολεσχεῖ
1387 3998 1415 4049 ὁ
1446 3997 1619 4065 λέγων
1661 4000 1788 4061 τοὺς
1814 4000 1881 4053 ἐκ

289 4088 387 4143 τοῦ
431 4089 658 4152 σκότους
687 4090 770 4152 είς
813 4089 876 4142 τὸ
917 4088 1062 4141 θεῖον
1095 4089 1191 4141 καὶ
1236 4088 1549 4157 θαυμαστὸν
1583 4090 1881 4159 κεκλῆσθαι

289 4182 442 4251 φῶςο
486 4183 583 4236 καὶ
631 4181 722 4236 τὸν
751 4183 812 4235 οὐ
865 4183 995 4236 ποτὲ
1034 4182 1164 4236 λαὸν
1199 4181 1295 4235 νῦν
1346 4182 1473 4235 λαὸν
1516 4182 1881 4252 χρηματίζειν

290 4273 461 4327 Θεοῦο
495 4275 591 4327 καὶ
622 4276 745 4338 τοὺς
770 4275 871 4328 οὐκ
905 4273 1267 4345 ἠλεημένους,
1297 4274 1431 4344 ὴλεη
1443 4273 1668 4344 μένους·
1704 4275 1880 4344 μάτην

292 4364 424 4435 ἄρα,
460 4365 534 4426 ὡς
564 4363 737 4426 ἔοικε,
767 4364 828 4417 τὸ
856 4364 951 4417 τοῦ
985 4362 1226 4435 Χριστοῦ
1268 4358 1409 4433 αἷμα
1451 4362 1877 4433 καταϐέϐληται,

293 4456 385 4508 καὶ
422 4454 619 4523 λύτρον
651 4453 795 4525 ὑπὲρ
829 4453 989 4524 ἡμῶν
1014 4454 1415 4525 εἰσενήνεκται,
1450 4452 1597 4505 καθὰ
1627 4452 1881 4505 πιστεύο-

294 4561 397 4616 μεν
430 4545 528 4598 καὶ.
556 4544 909 4614 κηρύσσομεν
937 4559 950 4572 ·
981 4542 1155 4605 οὕτως
1194 4541 1391 4606 αὐτοὺς
1422 4542 1506 4605 εἰς
1556 4540 1719 4611 βυθὸν
1773 4543 1879 4594 ἀπ-

1984 2073 2140 2130 prout
2177 2061 2469 2116 verisimile
2489 2070 2596 2125 est,
2619 2062 2723 2114 vim
2754 2059 2957 2115 inferre
2997 2072 3307 2125 cernentur,
3327 2078 3565 2134 eumque

1981 2154 2220 2222 generali
2285 2161 2568 2223 potentatu
2624 2153 2762 2207 velle
2800 2154 3054 2219 dejicere,
3104 2154 3229 2208 dum
3285 2171 3388 2210 tina
3435 2173 3558 2212 cum

1983 2245 2126 2301 Filio
2154 2246 2443 2316 spoliatum
2503 2246 2743 2315 potentia
2792 2255 3063 2300 asserent.
3099 2247 3154 2299 Si
3212 2248 3433 2317 quidem
3472 2246 3567 2303 FF

1983 2340 2085 2394 lius
2134 2340 2209 2392 ait
2245 2359 2258 2394 :
2300 2339 2411 2408 Ego
2480 2350 2525 2392 et
2578 2338 2736 2392 Pater
2777 2354 2938 2391 unum
2966 2354 3148 2392 sumus
3214 2356 3228 2405 ;
3265 2350 3565 2410 regnatquc

1982 2446 2102 2485 eum
2131 2429 2294 2485 Patre
2325 2431 2376 2483 in
2419 2431 2638 2484 szeeula.
2673 2431 2862 2483 υῐρινιιι
2907 2428 3072 2483 etiam
3108 2430 3369 2497 Spiritum
3405 2430 3565 2485 sanc-

1984 2529 2097 2575 tum
2160 2522 2498 2574 mendaciter
2529 2521 2792 2589 apostolis
2844 2536 2968 2573 esse
3013 2520 3283 2588 locutum;
3315 2523 3439 2578 dum
3471 2523 3560 2577 alii

1982 2608 2198 2678 quidem
2226 2610 2510 2678 inspiravit
2536 2612 2750 2663 dicere:
2777 2602 3036 2675 Quoniam
3055 2614 3243 2680 eripuit
3271 2629 3363 2665 nos
3386 2618 3450 2667 de
3469 2629 3565 2683 ρο·

1978 2704 2163 2753 testate
2185 2702 2538 2763 tenebrarum,
2565 2711 2610 2751 et
2645 2699 2911 2751 transtulit
2934 2701 2987 2752 in
3016 2717 3228 2768 regnum
3256 2699 3386 2754 Filii
3410 2702 3577 2765 ἀξίως,

1976 2788 2138 2841 tionis
2163 2805 2293 2849 sine,
2316 2789 2368 2840 in
2395 2806 2498 2856 quo
2525 2789 2776 2842 habemus
2835 2790 3238 2857 redemptionem
3276 2803 3323 2844 et
3380 2794 3566 2847 remis-

1985 2881 2181 2935 sionem
2203 2890 2576 2946 peccatorum;
2601 2881 2690 2949 qui
2712 2889 2788 2932 est
2813 2881 2981 2950 imago
3006 2880 3103 2934 Dei
3135 2881 3430 2949 invisibilis,
3454 2884 3566 2951 pri-

1982 2972 2274 3039 mogenitus
2300 2971 2469 3023 omnis
2503 2975 2761 3025 creatura:
2797 2971 2849 3035 ¹;
2883 2972 3110 3026 alterius
3141 2985 3320 3026 autem
3345 2976 3568 3030 auribus

1980 3060 2222 3116 insonuit
2252 3062 2440 3115 dicens
2477 3079 2491 3116 :
2538 3060 2634 3114 Vos
2656 3078 2818 3129 genus
2849 3062 3093 3126 electum,
3116 3064 3288 3133 regale
3319 3066 3566 3119 sacerdo-

1981 3154 2133 3217 tium,
2153 3169 2275 3221 gens
2295 3161 2500 3216 sancta,
2526 3153 2745 3221 populus
2763 3154 3149 3224 acquisitionis,
3166 3167 3218 3209 ut
3240 3158 3453 3210 virtutes
3468 3174 3567 3212 an-

1982 3248 2233 3300 nuntictis
2250 3246 2362 3315 ejus
2384 3248 2470 3316 qui
2500 3246 2563 3298 de
2588 3246 2809 3299 tenebris
2839 3263 2927 3300 vos
2952 3249 3152 3300 vocavit
3184 3251 3234 3301 in
3254 3251 3568 3304 admirabile

1984 3338 2156 3390 luuien
2175 3354 2349 3391 suum.
2379 3336 2482 3401 Qui
2514 3335 2637 3387 olim
2660 3352 2761 3389 non
2790 3337 3030 3403 populus,
3051 3355 3189 3391 nunc
3205 3348 3378 3392 autem
3397 3358 3565 3408 popu-

1985 3429 2064 3483 lus
2095 3428 2207 3482 Dei.
2229 3426 2417 3495 Et,qui
2441 3428 2567 3481 olim
2580 3438 2732 3481 extra
2752 3430 3196 3491 misericordiam,
3224 3448 3361 3484 nunc
3389 3444 3563 3486 autem

1982 3521 2395 3575 misericordiam
2419 3520 2593 3588 adepti
2626 3520 2671 3573 ’.
2698 3518 2905 3584 Quibus
2935 3532 3200 3573 consonat
3221 3521 3568 3587 evangelicns

1982 3627 2164 3666 sermo
2182 3611 2451 3664 (lanians:
2484 3608 2621 3673 Quia
2644 3609 2736 3661 lux
2764 3609 2815 3660 in
2838 3609 3059 3663 tenebris
3087 3609 3245 3674 lueet,
3271 3620 3317 3662 et
3342 3610 3568 3663 tenebrat

1981 3719 2096 3756 eam
2117 3719 2222 3755 non
2269 3700 2766 3767 comprehenderunt
2808 3699 2848 3752 ³.
2876 3697 3079 3753 Verum
3117 3701 3168 3754 hi
3206 3703 3295 3770 qui
3331 3703 3568 3757 tenebris

1983 3795 2129 3863 digiti
2158 3802 2303 3855 sunt,
2341 3792 2513 3845 lucem
2547 3792 2786 3862 fugatam
2820 3788 2987 3846 fuisse
3008 3801 3197 3861 putant
3231 3803 3283 3847 et
3311 3809 3565 3862 compre-

1984 3888 2227 3940 hensam.
2250 3883 2486 3958 ‘Erustra
2517 3884 2632 3937 hinc
2657 3885 2799 3939 dicta
2833 3883 3005 3948 fuere,
3036 3883 3225 3950 aiunt;
3259 3896 3307 3938 et
3334 3896 3566 3955 nugatur

1982 3978 2072 4047 qui
2098 3976 2229 4029 dicit
2270 3990 2365 4029 eos
2417 3976 2508 4043 qui
2554 3976 2607 4030 in
2654 3975 2894 4029 tenebris
2934 3984 3110 4041 erant,
3135 3975 3187 4029 in
3247 3977 3569 4033 admirabile

1982 4072 2166 4126 lumen
2212 4068 2384 4123 fuisse
2437 4077 2697 4133 vocatos;
2734 4076 2790 4121 et
2833 4066 2981 4120 illum
3042 4068 3133 4135 qui
3184 4068 3411 4136 populus
3458 4086 3563 4124 non

1980 4171 2122 4223 erat,
2157 4175 2301 4215 nuitc
2339 4159 2600 4228 pepuluin
2631 4173 2756 4213 esse
2791 4158 2881 4211 Dei
2910 4167 3006 4221 ;et
3035 4160 3124 4225 qui
3155 4157 3309 4229 longe
3334 4171 3493 4214 erant
3531 4176 3562 4215 a

1984 4253 2367 4309 misericordia
2390 4294 2405 4317 ,
2438 4248 2610 4304 factos
2636 4251 2686 4304 ei
2718 4249 3017 4319 proximos.
3051 4249 3297 4316 Frustra,
3330 4262 3387 4304 ut
3422 4253 3567 4307 video

1984 4359 2091 4413 tur,
2128 4344 2336 4401 Christi
2369 4342 2597 4412 sanguis
2622 4340 2777 4396 {usus
2812 4350 2917 4404 est,
2942 4350 2995 4395 et
3027 4343 3259 4409 pretium
3284 4357 3384 4411 pro
3409 4344 3565 4398 nobis

1981 4443 2190 4503 datum,
2217 4438 2378 4492 sicuti
2410 4435 2685 4489 credimus
2711 4443 2763 4487 et
2810 4432 3194 4501 praedicaturus.
3238 4430 3328 4486 Sic
3360 4448 3457 4488 eos
3508 4435 3561 4487 in

1980 4530 2302 4602 perditionis
2331 4524 2984 4592 barathrom‘blasphema
3019 4531 3074 4576 et
3108 4523 3414 4593 irreligiosa
3442 4525 3567 4579 doc-

293 4635 496 4698 ωλείας
534 4636 564 4688 ὁ
611 4635 714 4704 τῆς
764 4634 1119 4704 βλασφημίας
1145 4634 1240 4688 καὶ
1277 4632 1596 4696 δυσσεὸείας
1642 4631 1880 4686 κατωθεϊ

1983 4628 2123 4681 trina
2170 4621 2475 4693 praecipites
2516 4620 2628 4674 dat.
2662 4618 2930 4672 Praeterea
2977 4618 3354 4687 deiloquorum
3406 4618 3561 4684 alter,

291 4728 451 4796 λόγος
473 4742 489 4757 ο
519 4726 612 4779 ἐπὶ
647 4726 864 4789 τούτοις
913 4726 1023 4779 τῶν
1064 4724 1343 4797 θεηγόρων
1395 4724 1575 4790 ἄλλος,
1617 4726 1698 4789 είς
1732 4726 1884 4779 τόνδε

292 4819 383 4872 τὸν
414 4818 579 4874 πόνον
608 4816 1021 4880 συνεισολὰσας,
1055 4816 1388 4888 συλλήψεταί
1418 4834 1481 4887 γε
1503 4812 1563 4871 εὖ
1595 4817 1740 4888 μάλα
1770 4819 1886 4881 τοῖς

294 4910 842 4983 προκεκηρυγμένοις
862 4949 877 4972 ,
908 4909 1092 4963 τοιάδε
1119 4911 1243 4962 τινὰ
1287 4908 1494 4973 λέξειεν
1519 4925 1533 4940 ⁸
1569 4910 1784 4963 Ἔσται
1814 4910 1883 4964 ἐν

294 5002 428 5070 ταῖς
451 5000 702 5072 ἡμέραις
746 5002 1011 5065 ἐκείναις
1058 5000 1156 5055 καὶ
1203 5002 1273 5053 ἐν
1303 5000 1383 5066 τῷ
1414 4999 1601 5068 καιρῷ
1645 5002 1878 5069 ἐκείνῳ,

288 5076 633 5149 ’καλέσουσι
670 5093 785 5163 τὴν
829 5094 1232 5162 Ἰερουσαλὴμ
1262 5095 1482 5161 θρόνον
1506 5094 1750 5161 Κυρίου,
1778 5093 1877 5148 καὶ

291 5185 798 5257 συναχθήσονται
853 5185 941 5240 ἔτι
993 5186 1188 5240 ὀπίσω
1242 5183 1362 5239 τῶν
1417 5184 1878 5256 ἐπιθυμημάτων

290 5278 408 5348 τῆς
434 5277 689 5347 καρδίας
731 5276 934 5332 αὐτῶν
961 5275 1075 5345 τῆς
1097 5274 1391 5345 πονηρᾶς.
1428 5274 1668 5330 Τοιαῦτα
1710 5277 1807 5346 μὲν
1851 5276 1882 5328 δ

292 5373 436 5453 θεῖος
460 5373 749 5443 προφήτης
770 5389 783 5402 ·
815 5364 1078 5433 πολλάιιις
1105 5370 1160 5423 δὲ
1188 5370 1297 5423 τῶν
1318 5368 1538 5423 τοιῶνδε
1560 5369 1734 5437 λόγων
1756 5387 1886 5441 προ-

288 5463 787 5536 διηυκρινημένων,
829 5464 929 5515 ούκ
956 5462 1134 5531 ἔγωγε
1178 5457 1333 5532 οἶμαι
1376 5460 1882 5531 παλινοστήσαντας

291 5558 387 5611 ἐπὶ
412 5555 512 5618 τὰς
541 5555 711 5618 αὐτὰς
754 5554 1044 5625 ἐξηγήσεις
1081 5553 1256 5608 ίεσθαι
1279 5570 1292 5582 ·
1325 5552 1461 5607 ἀλλὰ
1491 5551 1562 5605 τά
1602 5569 1665 5618 γε
1708 5555 1788 5615 είς
1819 5553 1881 5606 τὸ

291 5649 490 5702 ἔπειτα
522 5648 673 5718 αύτῷ
726 5647 1100 5718 ῥηθησόμενα,
1126 5648 1227 5700 οὐκ
1260 5646 1329 5701 ἂν
1374 5645 1517 5700 ἑκὼν
1568 5644 1879 5718 ὑπερϐήσο-

366 5800 667 5870 "learns,
698 5799 889 5855 26-50.
971 5800 985 5830 ¹
1018 5798 1230 5855 Caloss.
1266 5823 1327 5870 η,
1354 5800 1554 5856 l5-l5’.

1984 4719 2112 4775 huic
2156 4717 2284 4771 item
2313 4713 2487 4768 labori
2538 4711 2929 4773 interveniens,
2969 4710 3042 4764 ita
3083 4710 3358 4779 praedictis
3405 4727 3561 4781 opem

1980 4813 2161 4868 feret:
2196 4808 2314 4864 Erit
2353 4806 2537 4860 diebus
2581 4804 2690 4859 illis
2746 4815 2793 4858 et
2847 4812 3079 4872 tempore
3126 4803 3249 4869 illo,
3306 4804 3563 4858 vocabunt

1978 4903 2281 4960 Jerusalem
2319 4901 2506 4956 solium
2546 4898 2781 4962 Domini,
2813 4906 2860 4950 et
2903 4896 3360 4965 congregabuntur
3391 4896 3565 4948 adhuc

1979 5008 2093 5067 post
2132 4997 2396 5050 desideria
2446 4993 2597 5061 pravi
2642 4991 2817 5045 cordis
2870 4992 3104 5059 ipsorum
3136 4991 3179 5043 ⁵.
3230 4988 3358 5043 Ila'c
3408 4989 3561 5042 divus

1984 5092 2270 5161 propheta.
2304 5087 2409 5142 Sed
2445 5100 2566 5140 cum
2604 5098 2975 5152 saepenumero
3005 5083 3116 5151 jam
3159 5079 3421 5151 ejusmodi
3478 5078 3559 5131 lo-

1983 5184 2227 5239 cntiones
2262 5175 2760 5248 explanaverimus,
2797 5175 2937 5229 haud
2967 5174 3220 5229 existimo
3246 5173 3310 5225 ad
3342 5170 3557 5223 easdem

1977 5274 2376 5345 explicationes
2422 5283 2545 5325 esse
2590 5269 2949 5323 redeundum.
2988 5266 3308 5334 Quanquam
3339 5278 3400 5316 ea
3438 5277 3559 5330 qua:

1978 5366 2210 5422 inferius
2257 5364 2324 5418 ab
2379 5378 2447 5418 eo
2489 5360 2763 5424 dicentur,
2783 5361 2923 5433 haud
2972 5358 3247 5427 pra-terire
3286 5355 3477 5417 velim;
3512 5353 3555 5405 si

1976 5459 2195 5529 quidem
2224 5471 2290 5510 ea
2315 5455 2472 5510 nobis
2524 5453 2752 5509 multam
2807 5449 3023 5521 pariunt
3052 5448 3334 5502 veritatem
3360 5459 3557 5514 prOpn-

1977 5552 2082 5608 sito
2122 5558 2443 5617 argumento
2505 5546 2778 5611 idoneam,
2826 5556 3037 5595 necnon
3094 5538 3393 5592 naturalem
3469 5550 3561 5589 co-

1979 5645 2291 5716 gnationem
2325 5650 2381 5697 et
2424 5639 2776 5696 concordiam
2803 5635 3164 5695 demonstrat,
3197 5646 3314 5702 qua:
3344 5629 3557 5700 quidem

1652 5803 1671 5831 ²
1704 5801 1724 5852 l
1752 5799 1897 5853 l’etr.
1926 5814 1988 5864 ιι,
2021 5797 2073 5863 9,
2112 5798 2196 5852 l0.
2275 5798 2295 5829 ³
2336 5794 2494 5851 Joan.
2522 5809 2560 5861 I,
2587 5792 2638 5847 5.
2718 5791 2739 5823 ⁸
2764 5790 2963 5848 Jerem.
2996 5806 3081 5855 ιιι,
3113 5791 3191 5848 t‘l.
