3994 6448
440 380 550 448 7H

1430 381 1504 443 :S.
1547 382 1967 443 NICEPHORI
2041 385 2550 444 l’A'I‘RIARCH/E
2585 385 2695 444 Cl".

3619 380 3716 444 712

436 491 720 548 :suhtiliter
750 489 1238 544 animadvertendo
1283 506 1677 560 cnguoscemus
1707 511 1722 547 :
1767 505 2036 562 quatenus

2158 513 2276 550 ιαι·
2307 498 2444 551 πολὺ
2489 498 2598 568 γὰρ
2642 498 2776 567 ἡμῖν
2817 493 3000 549 ὼδίνει
3049 492 3277 564 ταυτηνὶ
3319 494 3424 566 τὴν
3475 494 3719 566 ἀλήθειαν

441 599 647 654 nempe
669 581 835 652 218
878 580 1042 646 Deus,
1067 591 1122 635 et
1171 583 1496 653 quibusnam
1539 600 1633 654 per
1672 597 1913 656 tempora
1941 603 2040 642 cu-

441 689 566 728 ram
598 688 749 728 suam
783 672 1108 741 peculiarem
1166 674 1590 743 itupeuderit,-et
1619 693 1867 745 quamam
1889 681 2041 733 novi-

442 776 537 818 :tas
596 780 689 818 seu
733 765 1056 817 instauratio
1107 761 1462 818 ferendarum
1515 767 1770 837 deinceps
1817 769 2040 838 legum,

451 871 572 923 qua:
602 855 880 909 veteribus
917 854 1188 908 ﬁrmiores
1220 866 1376 908 erant
1405 855 1622 922 futurae,
1645 859 1923 927 multoque
1949 875 2043 929 po-

445 947 648 999 .tiorem
701 947 892 1001 latura:
940 947 1251 1014 utilitatem,
1289 952 1585 1006 ctubinam
1638 953 1930 1023 aliquando
1963 957 2045 1010 hac

455 1037 602 1104 leges
643 1037 1014 1106 signiﬁcanda:
1061 1038 1256 1100 forent,
1312 1042 1575 1112 qualique
1619 1045 1826 1099 virtute
1874 1048 2045 1116 magi-

453 1131 682 1184 sterium
705 1130 945 1198 ipsarum
981 1141 1123 1185 esset
1150 1136 1544 1204 peragendum.

517 1425 618 1479 .52.
653 1423 745 1477 Sic.
779 1434 958 1477 autem
992 1438 1049 1477 se
1090 1425 1252 1477 habet
1295 1423 1443 1478 locus
1485 1426 1838 1496 propheticus
1867 1446 1879 1481 :
1913 1428 2047 1484 Ecce

458 1517 570 1568 dies
608 1517 845 1578 venient,
883 1516 952 1566 ait
982 1515 1255 1578 Dominus,
1275 1527 1319 1569 et
1346 1517 1532 1584 feriam
1550 1521 1730 1573 domui
1764 1519 1978 1576 Israelis
1999 1533 2047 1576 et

459 1607 812 1662 domuiJudw
829 1608 998 1676 [cedas
1025 1625 1216 1661 novum
1243 1623 1259 1671 ;
1289 1625 1400 1684 non
1419 1612 1705 1662 secundum
1726 1611 1895 1678 foedus
1910 1617 2050 1681 quod

459 1702 630 1770 pepigi
649 1718 763 1754 cum
790 1712 900 1771 pati
917 1704 1028 1754 ibus
1049 1719 1251 1762 corum,
1273 1703 1357 1754 die
1377 1719 1480 1770 qua
1498 1704 1816 1770 apprehendi
1838 1722 2049 1756 manuni

459 1809 640 1844 eorum
668 1832 682 1853 ,
718 1785 774 1845 αὶ
811 1793 1079 1846 educerem
1123 1810 1208 1845 eos
1257 1795 1322 1846 de
1355 1805 1500 1845 terra
1541 1793 1784 1863 1Egypti.
1844 1795 1906 1847 Et
1952 1798 2050 1861 ipsi

461 1899 563 1935 non
588 1888 988 1950 permanserunt
1021 1886 1074 1936 in
1100 1885 1295 1952 [crdere
1321 1902 1473 1950 meo;
1500 1895 1548 1939 et
1576 1903 1668 1953 ego
1700 1901 1789 1939 eos
1818 1887 2044 1955 neglexi,

459 1972 531 2023 ait
569 1969 844 2026 Dominus.
892 1974 1028 2038 Quia
1073 1973 1168 2027 hoc
1202 1987 1275 2027 est
1317 1977 1488 2040 [trdus
1527 1977 1668 2045 quod
1702 1977 1897 2046 feriant
1927 1995 2047 2032 cum

459 2063 614 2117 domo
655 2061 876 2118 Israelis
917 2079 1030 2132 post
1084 2067 1196 2120 dies
1245 2068 1387 2129 illos,
1417 2069 1545 2122 dicit
1599 2070 1880 2134 Dominus,
1913 2071 2046 2123 dans

461 2155 595 2223 leges
649 2169 792 2206 meas
820 2154 872 2205 in
899 2166 1120 2210 mentem
1157 2175 1360 2219 eorum,
1390 2169 1439 2213 et
1476 2161 1530 2212 in
1565 2163 1723 2214 corde
1745 2163 2050 2215 earumdem

460 2245 685 2298 scribant
726 2245 849 2298 illa:
885 2262 904 2299 :
935 2255 983 2301 et
1005 2264 1092 2302 ero
1120 2251 1193 2302 eis
1221 2251 1274 2302 in
1313 2251 1498 2315 Deum,
1533 2263 1576 2304 et
1605 2253 1705 2319 ipsi
1741 2264 1893 2306 erunt
1922 2255 2050 2305 mihi

462 2337 516 2387 in
547 2336 820 2404 papulum.
858 2334 1040 2405 Neque
1067 2354 1221 2391 suum
1248 2339 1465 2408 quisque
1498 2341 1658 2392 civem
1695 2343 1921 2403 docebit,
1961 2359 2052 2394 ne-

460 2443 562 2498 que
608 2429 732 2480 item
765 2431 986 2498 quisque
1021 2429 1238 2497 fratrem
1291 2447 1467 2492 suum,
1518 2435 1696 2484 dicem
1731 2449 1748 2486 :
1785 2432 2053 2502 Cognosce

465 2518 800 2582 Dominum;
835 2535 1012 2572 omnes
1039 2520 1181 2573 enim
1231 2533 1546 2590 cognoscent
1591 2540 1690 2586 me,
1737 2542 1766 2576 α
1799 2541 1958 2591 parra
1983 2526 2053 2579 ad

465 2622 715 2676 magnum
746 2621 766 2661 :
809 2608 934 2676 quia
985 2608 1314 2676 pwpitiabor
1347 2610 1720 2679 iniquitatibus
1771 2627 1977 2676 eorum,
2004 2626 2050 2668 et

469 2698 669 2772 peccati
701 2699 939 2767 ipsorum
983 2701 1205 2751 ulterius
1264 2715 1367 2753 non
1416 2704 1737 2756 recordabar
1783 2705 1826 2758 '.
1859 2704 2056 2758 lini-tn.

465 2804 570 2843 nus
587 2789 823 2859 Spiritus
850 2790 1027 2844 sancti
1052 2789 1347 2858 interpres.
1375 2791 1506 2857 Quis
1540 2809 1703 2862 porro
1727 2795 1842 2850 haec
1883 2797 2055 2863 inspi-

465 2892 586 2938 rata
619 2897 723 2936 non
748 2884 921 2936 audiit
960 2885 1216 2938 oracula?
1256 2883 1466 2955 Ubique
1493 2897 1758 2940 terrarum
1797 2903 1858 2942 ac
1883 2889 2054 2958 pelagi

467 2971 800 3029 deil'erorum
855 2975 1096 3028 virorum
1155 2977 1402 3030 cernitur
1455 2978 1772 3048 praedicatio
1828 2979 2050 3038 diﬂ'usa.

466 3063 600 3130 Quis
629 3064 701 3117 ita
731 3064 994 3132 insipiens
1039 3077 1094 3119 et
1142 3065 1397 3130 stolidus,
1436 3077 1495 3120 ut
1553 3066 1791 3138 Spiritus
1832 3070 2052 3125 oracula

465 3155 621 3226 pensi
658 3169 763 3210 non
816 3155 1034 3220 habeat,
1070 3157 1206 3211 artis
1249 3168 1432 3212 autem
1484 3159 1764 3216 diabolicae
1819 3161 2055 3218 inventis

466 3247 756 3303 attendat?
789 3246 1000 3314 Quanta
1034 3250 1459 3317 reprehensione
1489 3266 1552 3306 ac
1597 3253 1878 3322 punitione
1909 3255 2053 3324 digni

469 3341 602 3403 sint,
643 3340 789 3394 dicat
845 3339 1044 3409 aliquis
1084 3356 1271 3395 eorum
1313 3343 1406 3410 qui
1447 3355 1596 3397 recte
1625 3343 1877 3413 loquendi
1929 3357 2058 3400 sunt

470 3433 722 3487 studiosi.
772 3433 911 3499 Quid
956 3433 1041 3487 his
1092 3434 1254 3488 dictis
1292 3435 1496 3489 rectius
1556 3443 1666 3488 θυι.
1708 3436 2057 3492 evidentius?

469 3522 662 3579 Nonne
709 3525 832 3577 hinc
883 3525 1198 3592 coarguitur
1244 3526 1534 3580 stultorum
1565 3526 1816 3580 vanitas?
1870 3524 2059 3580 Nonne

470 3617 721 3670 (lout-ina
793 3623 1004 3678 nostra,
1062 3626 1120 3670 ut
1179 3626 1338 3670 recta:
1393 3617 1581 3686 pietati
1631 3619 2059 3684 consoua,'hinc

473 3705 915 3762 demonstratur?
960 3705 1149 3760 Nonne
1212 3723 1410 3762 novum
1481 3705 1660 3762 foedus
1705 3709 1866 3763 nobis
1934 3719 2061 3763 ante

472 3798 883 3869 proclamavit,
951 3800 1092 3866 quod
1158 3799 1393 3854 snlutare
1465 3800 1698 3854 Verbum
1773 3802 2062 3857 visibiliter

475 3906 750 3960 apparens
799 3890 1059 3944 tradidit?
1103 3889 1294 3944 Nonne
1340 3893 1465 3946 vita:
1525 3894 1822 3946 secundum
1889 3893 2058 3948 Deum

473 3985 696 4052 agendae
733 3984 998 4036 rationem
1049 3983 1101 4036 in
1133 3993 1478 4039 antecessum
1509 3985 1798 4054 exposuit;
1833 3996 1888 4038 et
1918 3986 2061 4053 quod

471 4091 595 4129 eam
659 4074 1466 4151 suscipientiumillustrandae
1516 4087 1726 4132 mentes
1779 4076 1957 4131 forent
2011 4090 2066 4131 et

477 4163 889 4230 illuminandae;
926 4174 982 4217 et
1026 4165 1172 4232 quod
1215 4165 1446 4234 denique
1475 4164 1543 4219 ad
1589 4167 1748 4220 fidem
1801 4167 2066 4220 acceden-

476 4257 613 4310 tium
642 4255 805 4309 corda
831 4266 1014 4310 vetere
1028 4257 1237 4324 peccati
1264 4256 1474 4311 macula
1510 4258 1818 4312 mundanda
1843 4257 2067 4312 essent?

476 4348 528 4402 in
554 4349 753 4416 quihus
771 4347 935 4401 etiam
967 4347 1203 4402 divinam
1231 4349 1400 4419 legem
1428 4349 1692 4415 scriptum
1718 4351 1782 4403 iri
1813 4364 2068 4418 praenun-

476 4440 650 4494 tiavit.
709 4436 902 4496 Nonne
953 4450 1194 4494 veterem
1250 4441 1528 4494 hominem
1579 4441 1889 4509 depositum
1946 4440 2014 4494 iri
2050 4479 2064 4502 ,

475 4533 776 4600 spirituque
805 4535 1178 4586 renovandum
1209 4532 1582 4601 praescripsit?
1605 4531 1792 4587 Nonne
1820 4542 2062 4586 nostram

2143 588 2276 658 πρὸς
2311 589 2406 659 τὴν
2429 589 2538 641 τῶν
2559 587 2934 657 προκειμένων
2966 585 3246 646 ὑπόθεσιν.
3273 585 3332 638 τὸ
3361 584 3610 656 συμφυὶς
3639 588 3722 641 καὶ

2143 682 2493 752 ὁμόγνωμον,
2535 681 2571 734 ἃ
2613 680 2678 747 δὴ
2721 681 2816 734 καὶ
2868 679 3065 749 ἰσχνῶς
3111 676 3548 742 κατοπτεύοντες
3593 680 3724 734 εἰσό-

2147 774 2308 844 μεθα.
2337 772 2402 826 Τί
2436 789 2566 825 ποτε
2605 772 2712 840 ἄρα
2740 771 2893 834 Θεὸς.
2922 770 3014 824 καὶ
3051 773 3162 823 τίσι
3188 769 3332 823 κατὰ
3362 771 3592 840 καιροὺς
3619 771 3719 826 διά·

2145 863 2311 936 θοιτο,
2344 865 2438 918 καὶ
2466 864 2518 916 τί
2547 865 2656 916 τῶν
2680 863 3092 932 ὲκκεισομένων
3123 863 3305 933 νόμων
3328 862 3394 915 τὸ
3432 862 3622 917 καινὸν
3642 865 3725 918 καὶ

2145 955 2586 1023 ἀπεξενωμένον,
2621 954 2716 1006 καὶ
2771 954 2882 1006 τῶν
2942 952 3115 1006 πάλαι
3165 951 3576 1020 νενομισμένων
3618 953 3727 1004 ἑπι-

2146 1047 2531 1117 κρατὲστερον,
2564 1047 2658 1100 καὶ
2686 1045 2823 1098 πολὺ
2855 1045 2912 1098 δὲ
2943 1044 3168 1096 πλείονα
3202 1043 3370 1112 φέρον
3399 1041 3501 1112 τὴν
3533 1043 3723 1112 δνησιν,

2149 1139 2241 1188 καὶ
2275 1137 2401 1189 ὅποι
2434 1137 2563 1187 ποτὲ
2604 1137 2672 1188 τὰ
2715 1134 2824 1186 τῶν
2867 1134 3050 1204 νόμων
3085 1132 3591 1204 ὲνσημανθὴσεται,
3642 1135 3725 1186 καὶ

2147 1229 2309 1300 ὁποίᾳ
2355 1229 2420 1298 δὴ
2476 1227 2703 1298 δυνάμει
2751 1226 2812 1280 τὸ
2857 1227 2948 1279 ὑπ’
2997 1226 3178 1279 αὐτῶν
3223 1224 3568 1278 διδασκάλων
3609 1225 3728 1296 πρό-

2149 1337 2288 1372 εισιν
2313 1337 2327 1383 ;

2221 1410 2316 1478 νβ’.
2353 1407 2506 1478 Ἔχει
2535 1408 2592 1461 δὲ
2619 1401 2750 1460 ὦδεο
2799 1407 2956 1464 Ἰδοὺ
2994 1406 3211 1476 ἡμέραι
3243 1405 3550 1475 ἔρχονται,
3587 1405 3726 1474 φησι

2151 1501 2386 1566 Κύριος,
2429 1499 2526 1552 καὶ
2565 1499 2928 1569 διαθήσομαι
2966 1497 3046 1564 τῷ
3083 1498 3230 1564 οἴκῳ
3264 1496 3511 1566 Ἰσραὴλ
3541 1497 3633 1550 καί
3659 1497 3728 1564 τῷ

2151 1592 2293 1655 οἴκῳ
2333 1591 2527 1644 Ἰούδα
2557 1591 2855 1657 διαθήκην
2893 1589 3135 1657 καινὴν,
3171 1591 3244 1643 οὐ
3279 1589 3437 1643 κατὰ
3476 1588 3591 1656 τὴν
3621 1591 3730 1643 δια-

2153 1685 2354 1750 θήκην
2401 1681 2481 1750 ἢν
2535 1683 2819 1752 διεθέμην
2864 1681 2989 1748 τοῖς
3035 1681 3338 1750 πατράσιν
3401 1678 3622 1744 αὐτῶν,
3670 1681 3730 1734 ἐν

2154 1775 2346 1845 ἡμέρᾳ
2381 1774 2824 1846 ἐπιλαϐομένου
2859 1794 2981 1844 μου
3012 1775 3122 1841 τῆς
3173 1773 3378 1844 χειρὸς
3414 1771 3615 1827 αὐτῶν
3648 1773 3731 1835 ἐξ·

2148 1865 2396 1937 αγαγεῖν
2423 1865 2648 1933 αὐτοὺς
2681 1866 2747 1919 ἐκ
2780 1865 2895 1936 γῆς
2934 1867 3274 1936 Αἰγύπτου·
3300 1865 3402 1919 καί
3435 1864 3607 1920 αὐτοὶ
3632 1867 3730 1919 οὐκ

2082 1939 2122 1991 Β
2151 1958 2470 2030 ἐνέμειναν
2494 1957 2568 2026 τῇ
2598 1957 2853 2026 διαθήκῃ
2880 1975 3022 2027 μου,
3063 1957 3163 2013 καὶ
3185 1957 3303 2028 ἐγὼ
3330 1958 3617 2027 ἠμέλησα
3641 1960 3733 2012 αὐ·

2153 2049 2292 2116 τῶν,
2326 2050 2483 2120 φησι
2508 2051 2744 2118 Κύριος.
2782 2049 2913 2102 ’Ὅτι
2949 2049 3103 2116 αὕτη
3144 2051 3182 2118 η
3213 2049 3482 2118 διαθήκη
3515 2047 3595 2116 ἢν
3622 2049 3733 2101 δια-

2155 2145 2416 2212 θήσομαι
2441 2143 2521 2206 τῷ
2545 2143 2690 2207 οἴκῳ
2742 2140 2993 2210 Ἰσραὴλ
3015 2143 3167 2211 μετὰ
3199 2143 3308 2206 τὰς
3345 2141 3575 2212 ἡμέρας
3599 2141 3734 2194 ἐκεί-

2155 2254 2288 2302 νας,
2329 2236 2483 2305 φησι
2534 2236 2774 2303 Κύριος,
2814 2234 3022 2300 διδοὺς
3062 2235 3289 2304 νόμους
3324 2251 3451 2304 μου
3501 2236 3589 2300 εἷς
3635 2233 3734 2299 τὴν

2157 2329 2431 2384 διάνοιαν
2459 2326 2684 2392 αὐτῶν,
2719 2327 2814 2381 καὶ
2858 2326 2961 2380 ἐπὶ
3005 2327 3259 2394 καρδίας
3302 2325 3511 2381 αὐτῶν
3546 2325 3734 2394 γράψω

2157 2421 2404 2487 αὐτοὺς,
2445 2421 2546 2474 καὶ
2582 2420 2798 2488 ἔσομαι
2843 2417 3051 2483 αὐτοῖς
3095 2420 3183 2484 είς
3225 2418 3413 2483 Θεὸν,
3447 2417 3546 2470 καὶ
3583 2415 3734 2470 αὐτοί

2155 2513 2403 2566 ἔσονταί
2426 2528 2530 2580 μοι
2563 2513 2651 2576 εις
2677 2507 2834 2563 λαὸν
2855 2549 2870 2572 ,
2903 2508 3004 2562 καὶ
3038 2511 3110 2562 οὐ
3133 2507 3220 2577 μὴ
3256 2507 3592 2573 διδάξωσιν
3615 2506 3734 2559 ἕκα-

2155 2621 2304 2669 στος
2329 2602 2439 2656 τὸν
2469 2601 2732 2668 πολίτην
2762 2599 2973 2664 αὑτοῦ,
3007 2599 3106 2652 καὶ
3141 2598 3408 2666 ἕκαστος
3433 2599 3544 2653 τὸν
3577 2597 3733 2652 ἁδελ-

2155 2697 2276 2764 φὸν
2297 2693 2485 2748 αὐτοῦ
2515 2691 2739 2761 λέγων·
2772 2691 2966 2744 Γνῶθι
2999 2691 3109 2745 τὸν
3133 2692 3386 2760 Κύριονθ
3412 2691 3504 2744 ὅτι
3532 2693 3733 2754 πάντες

2155 2787 2477 2856 εἰδήσουσὶ
2496 2802 2574 2856 με
2597 2785 2718 2838 ἀπὸ
2752 2784 2972 2854 μικροῦ
2997 2782 3199 2839 αὐτῶν
3220 2783 3466 2866 καὶοέως
3485 2781 3731 2853 μεγάλου

2155 2878 2385 2933 αὐτῶνθ
2411 2879 2502 2932 ὅτι
2528 2878 2708 2944 ἵλεως
2729 2877 2946 2946 ἔσομαι
2971 2875 3103 2942 ταῖς
3121 2875 3388 2942 ἀδικίαις
3407 2874 3628 2938 αὐτῶν,
3648 2872 3730 2930 καί

2157 2972 2277 3027 τῶν
2316 2969 2621 3042 ἁμαρτιῶν
2670 2968 2873 3024 αὐτῶν
2921 2970 2995 3023 οὐ
3027 2969 3114 3039 μὴ
3146 2968 3410 3038 μνησθῶ
3441 2970 3550 3024 ἔτι.
3585 2967 3682 3020 Καὶ
3705 2967 3732 3016 ό

2161 3063 2260 3133 μὲν
2301 3060 2395 3113 τοῦ
2432 3060 2754 3127 [Ινεύματος
2789 3059 3078 3130 ὑποφήτης
3119 3058 3368 3115 τοιαῦτα.
3416 3059 3515 3122 Τίς
3559 3057 3613 3110 δὲ
3639 3055 3729 3108 τῶν

2160 3153 2537 3207 θεοπνεύστων
2587 3152 2785 3217 λογίων
2825 3150 3029 3204 τούτων
3074 3154 3351 3222 ἁνήκοος;
3409 3147 3728 3220 Ἀπανταχοῠ

2084 3285 2126 3342 C
2160 3247 2268 3316 γὰρ
2318 3245 2421 3315 γῆς
2455 3245 2551 3297 καὶ
2583 3243 2881 3313 θαλάσσης,
2904 3319 2906 3324 _
2929 3244 3036 3297 τῶν
3071 3243 3354 3316 θεοφόρων
3385 3243 3594 3316 ἀνδρῶν
3618 3243 3732 3312 ὁρᾶ-

2157 3355 2251 3391 ται
2275 3335 2612 3389 κατεσκεδασ
2622 3335 2784 3406 μένον
2806 3337 2866 3388 τὸ
2889 3319 3154 3406 κήρυγμα
3175 3351 3186 3366 ·
3213 3335 3298 3400 τίς
3315 3337 3376 3401 δὲ
3397 3336 3572 3398 οὕτως
3597 3333 3732 3387 ἀσύν-

2159 3446 2281 3492 ετος
2327 3428 2422 3482 καὶ
2455 3427 2694 3497 ἠλίθιος,
2726 3426 2869 3481 ὥστε
2915 3431 3048 3500 παρ’
3075 3430 3230 3484 οὐδὲν
3275 3430 3382 3500 μὲν
3412 3427 3651 3482 τίθεσθαι
3674 3423 3730 3477 τὰ

2159 3522 2251 3576 τοῦ
2289 3519 2607 3590 Πνεύματος
2635 3520 2826 3588 λόγια,
2868 3522 2980 3581 τοῖς
3011 3523 3074 3574 ὲκ
3100 3521 3202 3591 τῆς
3249 3521 3540 3592 μεθοδείας
3573 3518 3628 3571 δὲ
3651 3513 3728 3569 τοῦ

2161 3614 2412 3668 διαϐόλου
2461 3613 2855 3684 ὲξευρημένοις
2889 3613 3312 3684 προστίθεσθαι;
3345 3613 3510 3675 ποίας
3555 3611 3647 3664 οὐκ
3672 3608 3729 3662 ἄν

2163 3705 2274 3764 εἷεν
2307 3707 2644 3778 κατηγορίας
2672 3708 2766 3759 καὶ
2796 3707 3070 3770 κολάσεως
3104 3706 3263 3773 ἄξιοι,
3295 3707 3505 3775 λεγέτω
3527 3721 3606 3768 τις
3636 3701 3730 3754 τῶν

2163 3803 2418 3872 ἐρώντων
2441 3802 2540 3871 τῆς
2571 3799 2666 3852 τοῦ
2710 3799 2871 3867 λόγου
2907 3799 3204 3869 εὐθύτητος
3229 3815 3242 3828 ·
3272 3799 3324 3851 τί
3361 3799 3568 3853 τούτων
3591 3793 3729 3849 εὐθύ-

2162 3904 2322 3959 τερον
2350 3887 2383 3958 ἣ
2408 3887 2886 3957 τηλαυγέστερον;
2923 3883 3014 3956 ἆρ’
3060 3888 3162 3940 οὐκ
3205 3888 3423 3959 ἐλέγχει
3449 3887 3558 3941 τῶν
3591 3885 3730 3954 ἀνοή-

2166 3999 2278 4035 των
2305 3981 2406 4051 τὴν
2450 3981 2833 4050 ματαιότητα,
2866 3975 2974 4050 ἆρα
3011 3981 3103 4034 τὸν
3134 3983 3258 4035 καθ’
3288 3971 3444 4052 ἡμᾶς
3494 3981 3642 4049 λόγον
3667 3978 3731 4039 ὡς

2165 4072 2453 4136 εὐσεϐείας
2499 4071 2764 4142 ἐχόμενον
2809 4071 2871 4124 οὐ
2925 4071 3279 4143 συνίστησιν;
3316 4077 3391 4155 ,οὐ
3424 4075 3522 4147 τὴν
3563 4070 3732 4140 καινὴν

2165 4163 2434 4236 διαθήκην
2469 4167 2600 4236 ἡμῖν
2633 4165 3067 4234 προανεδόησεν,
3098 4165 3166 4236 ἢν
3209 4168 3238 4219 ό
3267 4169 3540 4240 σωτήριος
3581 4165 3730 4231 Λόγος

2167 4259 2460 4326 ἐπιφανεὶς
2493 4256 2885 4327 παραδέδωκεν
2906 4275 2920 4322 ;
2942 4257 3002 4310 οὐ
3028 4257 3128 4326 τῆς
3163 4259 3305 4312 κατὰ
3329 4261 3468 4314 Θεὸν
3485 4254 3731 4316 πολιτείας

2166 4350 2297 4412 τοὺς
2327 4349 2526 4419 νόμους
2567 4348 3020 4420 προυποτίθεται,
3068 4350 3178 4402 τῶν
3219 4368 3280 4404 τε
3326 4353 3620 4421 δεξομένων
3648 4346 3730 4408 τὰς

2168 4442 2413 4506 διανοίας
2439 4441 2999 4512 καταυγασθήσεσθαι
3039 4444 3137 4495 καὶ
3161 4445 3619 4515 φωτισθήσεσθαι,
3653 4439 3733 4494 καὶ

2170 4538 2278 4590 τῶν
2325 4536 2852 4606 προσελευσομένων
2907 4536 3010 4600 τὰς
3067 4537 3320 4607 καρδίας,
3373 4537 3467 4592 τοῦ
3523 4529 3728 4593 παλαιοῦ

478 4638 600 4675 cum
653 4623 762 4676 Deo
832 4623 1259 4677 ﬂuniliaritatem
1315 4623 1883 4691 propinquitatemque
1926 4623 2056 4675 deli-

2176 4627 2350 4698 ῥύπου
2388 4628 2482 4681 καὶ
2529 4627 2630 4696 τῆς
2674 4627 2950 4700 ἁμαρτίας
2993 4629 3581 4700 ἀποκαθαρθήσεσθαις
3624 4620 3728 4679 καθ’

481 4722 625 4777 neat,
664 4714 736 4766 ita
768 4723 827 4766 ut
855 4714 1027 4768 simus
1056 4715 1175 4781 ejus
1197 4715 1423 4783 populus
1453 4723 1508 4768 et
1535 4723 1723 4768 sancta
1751 4714 2064 4777 litereditas,

482 4809 709 4863 liberam
731 4817 786 4863 et
813 4825 906 4876 per
941 4810 1542 4879 semetipsamoblatam
1569 4809 1660 4862 Dei
1702 4810 2065 4878 cognitionem

485 4898 763 4953 habituri?
797 4898 984 4954 Nonne
1011 4901 1231 4954 exhibet
1260 4899 1426 4952 Deum
1472 4900 1641 4970 gratis
1693 4899 2064 4969 indulgentem

482 4989 719 5057 peceatis
747 4988 970 5052 nosu'is,
1003 4998 1057 5041 et
1093 4988 1443 5056 iniquitatum
1490 4997 1800 5040 nostrarum
1848 4987 2069 5043 oblivio.

483 5094 604 5133 nem
643 5079 1177 5134 demonstraturum?
1206 5077 1394 5133 Nonne
1433 5078 1856 5133 misericordiam
1889 5089 1944 5134 et
1975 5081 2070 5134 be-

483 5173 798 5242 nignitatem
828 5189 989 5242 quam
1015 5175 1066 5226 iu
1103 5188 1199 5227 nos
1229 5173 1390 5244 gerit,
1417 5172 1822 5242 proclamavit?
1854 5171 2066 5235 Nonne,

485 5265 626 5333 quod
679 5267 753 5319 rei
813 5268 990 5320 orums
1052 5276 1214 5335 caput
1256 5275 1360 5330 est,
1397 5275 1454 5318 ut
1508 5265 1820 5320 summatim
1868 5265 2069 5328 dicam,

489 5369 659 5408 sacra:
696 5367 896 5411 nostra:
949 5356 1068 5411 ﬁdei
1098 5355 1449 5413 fundamenta
1475 5370 1526 5411 et
1560 5354 1729 5416 fulcra
1763 5355 2072 5412 stabilivit?

392 5448 402 5466 ‘
490 5445 584 5500 liis
607 5447 881 5516 plaudere,
916 5460 971 5505 et
992 5449 1239 5505 felicibus
1267 5453 1452 5505 eadem
1480 5465 1748 5506 coronare
1772 5447 2068 5517 sulTragiis,

487 5537 846 5609 justiSSimutn
881 5544 970 5596 sit.
994 5544 1239 5613 Namque
1268 5546 1379 5598 haec
1411 5545 1710 5612 impietatis
1759 5544 2073 5611 deprimunt

490 5631 858 5699 supercilium,
887 5645 940 5688 et
979 5637 1378 5707 impudentium
1427 5651 1522 5691 ora
1573 5640 1888 5690 obstruunt.
1924 5632 2070 5688 Vere

576 5801 806 5866 'Jeretu.
838 5827 983 5876 xui,
1022 5814 1190 5870 5l~54

2173 4718 2241 4782 ἃς
2274 4719 2369 4771 καὶ
2399 4719 2857 4789 ἐγγραφήσεσθαι
2887 4719 2979 4773 τὸν
3010 4720 3155 4773 θεῖον
3183 4719 3350 4790 νόμον
3372 4716 3727 4792 προανεκήρυο

2177 4809 2300 4875 ξενο
2349 4810 2412 4863 οὑ
2449 4811 2540 4864 τὸν
2589 4810 2825 4864 παλαιὸν
2877 4810 3170 4881 ἄνθρωπον
3213 4811 3612 4884 ἀποθήσεσθαι,
3650 4804 3728 4860 καὶ

2175 4903 2269 4956 τὸν
2294 4903 2414 4954 νὲον
2468 4903 2558 4954 τὸν
2602 4901 3078 4972 ἀνακαινούμενον
3109 4905 3168 4956 ὲν
3215 4904 3491 4973 πνεύματι
3543 4902 3725 4971 7:905?!-

2174 4993 2418 5063 ἔγραψεν
2439 5011 2453 5056 ;
2472 4993 2534 5045 οὺ
2552 4993 2650 5062 τὴν
2674 4992 2809 5063 πρὸς
2839 4992 2972 5046 Θεὸν
3004 4994 3138 5063 ἡμῖν
3171 4996 3484 5066 οἰκειότητα
3506 4986 3728 5047 Gratum!

2175 5087 2268 5139 καὶ
2291 5084 2604 5153 ὲγγύτητας
2640 5073 2716 5146 ὡς
2735 5079 2876 5137 εἶναι
2899 5084 3048 5153 αὐτῷ
3078 5085 3207 5138 λαὸν
3238 5089 3332 5140 καὶ
3355 5087 3552 5158 κλῆρον
3571 5082 3720 5148 ἅγιον,

2175 5177 2478 5246 αὐτόνομον
2527 5176 2624 5228 καὶ
2680 5175 3131 5243 αὑτεπάγγελτον
3183 5177 3284 5244 τὴν
3340 5178 3489 5232 θείαν
3549 5171 3728 5242 γνῶσιν

2176 5266 2319 5333 ἕξειν
2357 5267 2824 5335 προῦποφαξνωνς
2858 5267 2920 5318 οὐ
2955 5269 3159 5337 προῖκα
3197 5270 3620 5340 χρηστευόμενον
3646 5256 3724 5312 ἐπὶ

2171 5361 2293 5422 ταῖς
2317 5359 2614 5428 ἁμαρτίαις
2650 5358 2833 5429 ἡμῶν,
2874 5360 2968 5411 καὶ
3013 5361 3325 5432 ἀμνηστίαν
3357 5363 3449 5416 ἐπὶ
3488 5359 3599 5419 ταῖς
3623 5353 3725 5424 prof

2177 5448 2332 5518 μίαις
2379 5448 2539 5516 ἡμῶν
2591 5448 2993 5519 ὲνδειξόμενον,
3047 5450 3142 5503 τόν
3201 5469 3259 5504 τε
3314 5452 3461 5505 ἔλεον
3511 5447 3595 5501 καὶ
3643 5440 3720 5506 τὴν

2173 5539 2588 5610 φιλανθρωπίαν
2619 5541 2685 5611 ἢν
2715 5541 2845 5612 περὶ
2875 5543 3020 5611 ἡμᾶς
3051 5541 3315 5612 κέκτηται
3346 5535 3720 5614 προανακέκρα·

2173 5649 2304 5700 γεν;
2339 5632 2398 5684 οὐ
2432 5632 2492 5685 τὺ
2521 5633 2821 5703 κεφάλαιον
2853 5636 3100 5694 πάντων.
3136 5637 3213 5702 ὡς
3245 5637 3527 5691 συνελόντα
3549 5626 3714 5684 εἰπεῖν,
