3994 6420
265 391 362 460 713
1106 374 1679 439 APOLOGETICUS
1715 375 1868 435 PRO
1908 376 2175 436 SACRiS
2214 377 2698 439 IMAGINIBUS.
3407 337 3512 450 71-6

268 503 356 573 τῆς
387 495 534 568 Ξερᾶς
565 491 726 564 ἡμῶν
757 490 997 554 πίστεως
1024 488 1096 543 τά
1127 506 1189 542 τε
1239 487 1417 559 βάθρα
1448 486 1544 540 καὶ
1564 484 1662 555 τὴν
1699 503 1849 568 κρηέ

1953 487 2120 541 Jecuit
2165 488 2509 542 oraculorum
2560 491 2747 544 horum
2795 493 3146 550 mediatorem
3199 512 3320 552 esse
3353 507 3513 566 atque

270 591 388 646 τ.ἴδα
439 582 914 656 προῦπεστὴριξες
945 580 1122 635 ταῦτα
1169 579 1535 650 κατακρατεῖν
1572 577 1670 630 καὶ
1713 579 1832 640 ταῖς

1953 579 2270 644 ministrum,
2305 594 2427 634 eum
2481 583 2574 650 qui
2625 593 2771 638 recte
2813 585 3085 655 digneque
3122 591 3512 657 prophetarum

269 679 500 753 ἀμείνοσι
533 674 834 740 στεφανοῦν
857 674 1082 743 ψήφοις,
1108 671 1326 726 πάντων
1363 671 1428 725 ἂν
1450 672 1534 741 εἵη
1563 671 1830 724 δικαιότε-

1954 671 2113 725 lictus
2153 682 2238 726 est
2262 673 2745 731 miserantissimns
2779 689 3000 746 propter
3034 695 3186 734 suam
3220 683 3284 734 ad
3313 682 3514 736 luctum

270 790 382 846 ρονο
408 771 502 839 τῆς
536 769 644 838 γὰρ
675 766 934 830 ἀσεϐείας
961 765 1220 836 καθαιρεῖ
1244 763 1342 832 τὴν
1365 762 1560 832 ὀφρὺν,
1590 763 1684 816 καὶ
1727 761 1836 814 τῶν

1958 776 2317 833 acrymasque
2374 765 2773 832 proclivitatem
2805 769 2937 835 ;qui
3007 769 3115 823 Deo
3148 771 3363 840 agnitus
3414 770 3514 824 fuit

271 861 758 933 ἀναισχυντοῦντων
805 859 1150 930 ἀποφράττει
1202 859 1272 911 τὰ
1331 856 1614 925 στόματα·
1668 853 1838 916 ὅντως

271 952 367 1005 ἔδει
394 953 600 1014 τούτοις
635 949 727 1002 καὶ
768 946 1230 1020 ὑπηρετήσασθαι
1261 948 1360 1000 καὶ
1387 944 1836 1015 διακονήσασθαι,

271 1047 352 1098 τὸν
393 1042 574 1104 καλῶς
623 1044 718 1096 καὶ
757 1042 923 1106 ἀξίως
960 1041 1070 1094 τῶν
1115 1039 1412 1112 προφητῶν
1465 1054 1840 1108 προσαγορευ-

1939 864 2075 909 ante-
2113 856 2275 908 etiam
2313 858 2751 926 conceptionem,
2782 869 2836 914 et
2869 859 2921 914 in
2956 860 3074 925 ipsa
3114 864 3266 914 vulva
3313 862 3512 916 sancti-

1941 945 2149 1000 licatns.
2184 947 2322 1013 Quid
2373 951 2516 1002 enim
2560 964 2712 1003 sacra
2760 949 2848 1004 illa
2899 951 3080 1006 anima
3119 952 3443 1006 clementius
3467 961 3520 1005 et

1941 1038 2166 1103 purius?

271 1137 420 1191 θέντα
460 1133 551 1187 τὸν
609 1127 1084 1204 συμπαθέστατον,
1135 1131 1229 1203 ἀφ’
1269 1127 1344 1186 ὧν
1388 1130 1737 1185 ἐπεδείκνυτο
1772 1129 1834 1182 τὸ
1906 1129 2243 1195 πολυπενθὲς
2282 1132 2376 1185 καὶ
2442 1131 2734 1205 φιλόδακρυ
2761 1153 2774 1166 ·
2805 1135 2864 1200 ὃς
2904 1135 3148 1204 ἔγνωστο
3181 1136 3254 1208 τῷ
3284 1135 3404 1209 Θεῷ
3428 1138 3521 1191 καὶ

273 1233 366 1302 πρδ
407 1227 675 1292 πλάσεως,
709 1227 806 1280 καὶ
857 1229 922 1282 ἐκ
978 1227 1196 1298 μήτρας
1247 1225 1421 1296 αὐτῆς
1470 1224 1738 1296 ήγίαστο·
1789 1223 1842 1275 τί
1878 1223 1986 1294 γάρ
2023 1226 2123 1296 τῆς
2178 1225 2334 1298 ἱερᾶς
2377 1226 2593 1298 ἐκείνης
2660 1227 2841 1298 ψυχῆς
2884 1229 3522 1300 συμπαθέστερονῆκα-

275 1323 469 1397 θαρώτε
480 1343 568 1396 ρον
590 1344 604 1388 ;

348 1419 481 1472 Ἀλλ’
535 1417 628 1468 ἐπὶ
669 1411 768 1486 τὴν
816 1408 925 1466 τῶν
977 1409 1480 1483 προηγορευμένων
1520 1407 1843 1473 ἀνάπτυξίνν

273 1510 530 1580 εὐκαίρως
566 1506 661 1559 καὶ
690 1505 755 1575 δὴ
781 1499 1119 1576 τρεψώμεθα
1142 1517 1154 1530 ·
1201 1500 1357 1555 Ἰδοὺ
1389 1499 1602 1569 ἡμέραι
1632 1497 1846 1567 ἔρχον-

273 1622 377 1665 ται,
394 1598 539 1670 φησί
565 1599 800 1664 Κύριος,
821 1595 918 1648 καὶ
943 1592 1303 1662 διαθήσομαι
1325 1591 1406 1656 τῷ
1429 1591 1572 1656 οἴκῳ
1609 1588 1846 1656 Ἰσραὴλ

273 1696 361 1750 καί
387 1693 461 1758 τῷ
488 1689 636 1756 οἴκῳ
673 1687 870 1744 Ἰούδα
907 1685 1202 1753 διαθήκην
1239 1683 1481 1752 καινήν.
1530 1682 1766 1752 Ἡμέραι
1791 1680 1848 1733 δὲ

273 1791 361 1841 οὐκ
394 1785 456 1838 ἂν
501 1780 692 1855 ἕτεραι
729 1779 1118 1850 ὑποληφθεῖεν,
1157 1779 1190 1850 ἦ
1235 1778 1413 1847 ἇσπερ
1456 1777 1690 1846 ἐσχάτας
1735 1771 1842 1826 τῶν

277 1879 553 1955 προφητῶν
607 1879 788 1949 ἕτεροι
819 1876 1270 1939 ἐκδιδάσκουσιν,
1302 1874 1351 1926 εί
1385 1873 1481 1926 καὶ
1522 1869 1842 1942 ἀδιορίστως

275 1967 492 2026 ἐνταῦθα
533 1969 775 2040 εἴρηται,
813 1966 938 2020 καθ’
958 1965 1030 2029 ’ἃς
1059 1968 1088 2019 6
1110 1964 1204 2018 τοῦ
1255 1962 1389 2018 Θεοῦ
1425 1961 1600 2029 Λόγος
1637 1957 1845 2030 ἀνθρώ-

280 2079 385 2124 ποις
412 2057 582 2130 σαρκὶ
629 2056 1088 2128 προσωμίλησεν·
1119 2054 1214 2106 ἐπὶ
1265 2051 1544 2122 συντελείᾳ
1581 2050 1692 2122 γὰρ
1736 2049 1844 2102 τῶν

280 2153 470 2209 αἰώνων
514 2148 584 2204 τδ
639 2149 733 2203 τοῦ
786 2147 1025 2220 Χριστοῦ
1075 2146 1377 2217 μυστήριον
1425 2143 1840 2214 πεφανέρωται·

281 2246 386 2309 τούς
414 2261 470 2298 τε
518 2242 726 2313 νόμους
773 2241 867 2295 καὶ
908 2239 1008 2308 τὴν
1035 2237 1306 2308 διαθήκην
1339 2237 1471 2306 ἡμῖν
1520 2233 1619 2304 τὴν
1651 2232 1846 2302 καινὴν

285 2337 600 2408 εἰσηγήσατο
622 2350 636 2365 ο
664 2333 791 2386 ἐπεὶ
817 2330 1240 2402 γνωριζέτωσαν
1269 2330 1400 2399 ἡμῖν
1431 2328 1480 2380 oi
1515 2325 1847 2387 ἀπεναντίας

283 2431 394 2500 ἡμῖν
437 2430 530 2483 καὶ
563 2429 636 2498 τῇ
682 2425 912 2496 ἀληθείᾳ
955 2422 1270 2492 ἱστάμενοι,
1307 2421 1497 2492 χρόνον
1533 2418 1722 2489 ἓτερον
1752 2419 1849 2471 καὶ

281 2521 360 2575 τοῦ
388 2517 735 2592 προφητικοῦ
765 2515 982 2570 τουτουῒ
1037 2514 1196 2582 λόγου
1236 2512 1724 2583 μεταγενέστερον,
1754 2509 1850 2564 καὶ

281 2613 526 2683 διαθήκην
559 2611 734 2681 ἄλλην
762 2595 1236 2679 ἐμφανιζέτωσαν,
1250 2605 1344 2658 καὶ
1365 2606 1529 2674 ἡμεῖς
1550 2619 1614 2671 γε
1636 2605 1848 2672 σιωπή-

284 2722 448 2775 σεμεν.
479 2703 626 2765 Ἕως
655 2702 700 2754 δ’
724 2703 792 2755 ἂν
818 2698 1257 2770 παραδεῖξαιοὺκ
1293 2695 1588 2767 ἰσχύσωσιν
1625 2693 1706 2762 (οὐ
1739 2695 1849 2764 γάρ

282 2815 352 2850 τοι
373 2796 729 2866 δυνήσοιντο),
751 2794 818 2847 τά
850 2793 1099 2862 ἡμέτερα
1128 2790 1526 2861 κρατείτωσαν,
1558 2787 1650 2842 καὶ
1697 2787 1724 2838 6
1749 2787 1850 2857 τῆς

282 2888 519 2959 ἀληθείας
572 2886 738 2955 λόγος
785 2883 1267 2955 παρρησιάσαιτοο
1308 2878 1456 2944 οἶκος
1507 2880 1564 2933 δὲ
1628 2877 1850 2950 Ἰσραὴλ

282 2979 365 3031 καὶ
400 2977 587 3041 Ἰούδα,
623 2976 766 3038 τίνες
788 2975 852 3028 ἂν
879 2971 987 3026 είεν
1012 2973 1211 3043 ἕτεροι,
1242 2972 1274 3042 ἦ
1307 2972 1362 3024 οῖ
1387 2988 1448 3039 γε
1482 2971 1559 3041 τῷ
1591 2971 1849 3039 καθαρω-

281 3071 412 3140 tit-up
441 3069 514 3140 νῷ
544 3068 793 3138 καθορᾷν
827 3066 902 3130 ώς
925 3066 1146 3134 ἐφικτὸν
1174 3064 1448 3135 ἀνθρώπῳ
1482 3064 1614 3116 Θεὸν
1643 3064 1850 3118 δύναιν-

2015 1405 2121 1463 Sed
2169 1409 2234 1462 ad
2294 1408 2697 1479 propositorum
2755 1410 3028 1466 dictorum
3080 1413 3520 1483 explanationem

1946 1508 2157 1568 tempus
2183 1510 2269 1555 est
2296 1511 2358 1554 ut
2404 1511 2808 1557 convertamur.
2843 1501 2978 1558 Ecce
3009 1505 3123 1558 dies
3160 1507 3375 1559 veniunt
3402 1546 3416 1570 ,
3449 1510 3522 1560 ait

1948 1588 2224 1656 Dominus,
2268 1599 2320 1646 et
2367 1592 2560 1662 feriant
2608 1593 2790 1646 domui
2819 1591 3063 1660 lsrneiis,
3087 1605 3132 1648 et
3164 1595 3342 1648 domui
3368 1596 3524 1651 Iuda:

1946 1683 2114 1752 [trdus
2168 1701 2357 1739 novum
2391 1684 2434 1740 ⁸.
2471 1685 2596 1740 Dies
2659 1685 2787 1739 nulli
2857 1687 2949 1740 alii
3016 1686 3242 1756 intelligi
3295 1688 3522 1748 debent.

1876 1815 1916 1868 Β
1949 1777 2048 1830 ηἰκί
2109 1792 2246 1846 quos
2294 1779 2478 1832 caeteri
2526 1779 2802 1848 prephetre
2847 1788 3124 1834 extremos
3172 1777 3290 1834 fore
3329 1781 3522 1836 docent

1947 1869 2182 1937 (etiamsi
2220 1869 2501 1925 indeﬁnite
2533 1869 2621 1924 hlc
2645 1873 2846 1925 dictum
2882 1871 2985 1942 est)
3021 1872 3219 1940 quibus
3263 1871 3354 1926 Dei
3392 1873 3496 1927 Ver

1945 1960 2069 2015 bum
2104 1962 2241 2018 inter
2269 1963 2521 2019 homines
2552 1980 2674 2020 cum
2705 1978 2870 2018 carne
2907 1974 3176 2018 versatum
3205 1974 3308 2018 est.
3341 1965 3394 2019 ln
3425 1981 3528 2020 δευ-

1947 2051 2190 2108 culorum
2215 2055 2358 2108 enim
2384 2053 2512 2120 ﬁne,
2537 2055 2740 2110 Christi
2765 2055 3084 2125 mysterium
3117 2055 3521 2110 manifestatum

1947 2156 2047 2212 est,
2068 2146 2320 2217 legesque
2373 2149 2440 2202 ab
2487 2164 2552 2203 eo
2605 2149 2762 2203 nobis
2787 2133 2907 2202 cum
2957 2163 3096 2202 novo
3128 2145 3332 2204 {cedere
3354 2149 3527 2204 allata:

1948 2239 2124 2294 fuere.
2144 2239 2359 2308 Alioqui
2391 2241 2680 2295 ostendant
2702 2238 2866 2310 219
2884 2241 3042 2294 nobis
3079 2241 3380 2294 adversarii
3410 2247 3524 2295 tum

1949 2331 2122 2386 nostri
2151 2341 2261 2385 tum
2277 2331 2546 2398 veritatis,
2575 2341 2786 2400 tempus
2811 2332 2978 2395 aliud,
3001 2341 3055 2386 et
3086 2331 3190 2387 hoc
3216 2331 3532 2401 prOphetico

1949 2423 2171 2480 oracqu
2227 2425 2517 2493 posterius,
2543 2433 2597 2480 et
2652 2423 2830 2478 fuadus
2879 2423 3023 2479 aliud
3072 2425 3530 2495 ostendant;qun

1951 2515 2117 2582 facto,
2143 2532 2242 2572 nos
2294 2517 2615 2573 tacebimus.
2646 2515 2752 2571 Sed
2792 2517 3032 2584 quandiu
3065 2517 3116 2570 id
3151 2517 3528 2571 deu20tt8lt‘am

1951 2619 2222 2678 nequeunt
2253 2613 2456 2681 (neque
2485 2623 2617 2663 sane
2660 2623 2894 2676 unquam
2931 2607 3206 2678 poterunt)
3259 2612 3528 2662 sententia

1951 2712 2137 2756 nostra
2189 2706 2335 2766 stet,
2391 2711 2445 2755 et
2500 2699 2746 2754 veritatis
2805 2699 3056 2754 doctrina
3109 2714 3230 2754 sese
3275 2699 3534 2754 alacrin-r

1952 2793 2181 2850 attollat.
2217 2795 2417 2848 Domus
2445 2808 2574 2848 vero
2628 2792 2842 2848 lsraelis
2882 2803 3048 2862 atque
3091 2791 3262 2858 .ludte,
3307 2794 3530 2864 quinam

1951 2885 2042 2939 alii
2071 2895 2248 2950 erunt,
2273 2901 2439 2954 quam
2485 2885 2576 2956 qui
2627 2897 2806 2940 mente
2858 2886 3154 2953 purissima
3197 2888 3363 2942 Deum
3403 2902 3530 2957 per-

1950 2976 2153 3040 videre,
2213 2985 2474 3044 quantum
2547 2976 2748 3028 homini
2817 2975 2960 3036 licet,
3013 2986 3285 3044 poterunt,
3323 2985 3527 3031 etcum

1952 3083 2083 3137 pura
2115 3067 2436 3135 sinceraque
2467 3066 2587 3120 ﬁdei
2623 3065 2960 3121 confessione
2985 3068 3046 3120 ad
3075 3082 3194 3121 eum
3227 3067 3532 3124 accedere?

281 3179 350 3226 το,
379 3164 464 3216 καὶ
488 3162 714 3232 καθαρᾷ
742 3161 834 3214 καὶ
865 3159 1152 3229 εἰλικρινεῖ
1188 3157 1578 3228 ἐξομολογήσει
1626 3157 1714 3210 διὰ
1754 3157 1847 3210 πί-

1955 3157 2044 3213 Sic
2071 3159 2211 3214 enim
2241 3159 2460 3228 pr0prie
2485 3158 2646 3213 Israel
2679 3167 2843 3228 atque
2867 3156 3038 3213 Judas
3065 3159 3529 3228 designabuntur;

283 3269 433 3316 στεως
453 3252 608 3323 αὑτῷ
644 3251 1095 3322 προσερχόμενοι;
1127 3249 1268 3302 οὕτω
1299 3250 1407 3320 γὰρ
1435 3249 1499 3301 ἂν
1521 3249 1850 3320 οἰκειότερον

292 3345 490 3414 Ἰσραὴλ
536 3344 638 3397 καὶ
697 3343 898 3405 Ἰούδας
957 3341 1284 3411 ἀποδοθείηο
1339 3343 1388 3394 εί
1432 3341 1527 3394 καὶ
1576 3344 1703 3414 περὶ
1740 3341 1850 3394 τῶν

281 3436 445 3503 ψιλαῖς
477 3435 884 3507 προσηγορίαις
913 3434 1052 3496 τέως
1089 3432 1712 3504 ἐπικεχρεωστημένων,
1749 3450 1848 3504 τη-

281 3532 450 3584 νικάδε
480 3532 508 3583 6
539 3530 702 3597 λόγος
747 3528 1181 3596 προενήνεκται,
1216 3526 1292 3590 ώς
1330 3527 1404 3595 μὴ
1442 3525 1594 3590 δόξαι
1635 3525 1705 3578 τὰ
1751 3525 1852 3594 τῆς

284 3623 604 3691 ἐπαγγελίας
637 3618 1015 3674 διαπεσεῖσθαι
1036 3618 1136 3688 τῆς
1160 3617 1295 3688 πρὸς
1317 3618 1444 3680 τοὺς
1467 3617 1712 3689 πατέρας
1738 3619 1851 3680 τοῖς

286 3715 358 3766 ἔτι
383 3714 684 3784 σαρκικοῖς,
717 3710 812 3763 καὶ
836 3709 912 3779 τῷ
931 3708 1029 3778 τῆς
1047 3707 1351 3778 περιτομῆς
1378 3705 1852 3775 φιλοτιμουμένοις

285 3806 483 3877 σημείῳ
501 3823 514 3836 ·
549 3804 701 3858 καθά
728 3803 826 3856 καὶ
853 3803 880 3853 6
905 3799 1098 3871 Σωτὴρ
1117 3802 1182 3870 τῇ
1204 3799 1424 3867 γυναικὶ
1452 3801 1519 3868 τῇ
1533 3798 1850 3870 Φοινικίσσῃ

289 3898 691 3968 προσδιελέγετο
716 3909 728 3924 ’
753 3896 873 3948 Οὐκ
905 3889 1285 3957 ἀπεστάλην,
1313 3892 1364 3943 εί
1389 3887 1469 3957 μὴ
1493 3890 1583 3954 εἰς
1603 3889 1677 3943 τὰ
1706 3890 1852 3956 πρό-

281 3994 413 4044 ϐατα
441 3991 511 4045 τὰ
545 3988 908 4044 ἀπολωλότα
940 3985 1113 4039 οἴκου
1163 3981 1423 4052 Ἰσραήλ.
1453 3977 1554 4035 Ὧν
1581 3983 1849 4052 ἀπογνόν-

279 4101 397 4147 των,
425 4084 515 4136 ἐπὶ
553 4082 628 4135 τὰ
649 4080 778 4150 έθνη
818 4079 1025 4142 λοιπὸν,
1063 4076 1198 4148 πρὸς
1225 4076 1321 4140 οὒς
1353 4077 1386 4146 ἠ
1413 4075 1718 4145 ἐπαγγελία
1742 4075 1850 4129 τῶν

285 4176 527 4247 πατέρων
557 4175 652 4228 καὶ
681 4176 715 4244 ἡ
754 4172 979 4240 εὐλογία
1010 4170 1493 4241 μετακεχώρηκεν.

343 4269 404 4322 El
430 4268 580 4320 δοκεῖ
610 4265 669 4320 δὲ
715 4265 808 4318 καὶ
846 4263 1115 4327 εἰσαῦθις,
1149 4263 1177 4314 6
1211 4262 1311 4332 τῆς
1344 4261 1540 4330 καινῆς
1584 4259 1850 4332 διαθήκης

276 4361 603 4427 λειτουργὸς,
638 4358 664 4409 6
696 4356 974 4427 βαστάσας
1005 4357 1065 4407 τὸ
1107 4353 1202 4406 τοῦ
1243 4352 1485 4424 Χριστοῦ
1527 4352 1700 4421 ὄνομα
1757 4353 1849 4404 ἐν·

280 4449 438 4502 ώπιον
469 4450 643 4504 ἐθνῶν
685 4450 776 4502 καὶ
803 4446 1090 4518 βασιλέων,
1122 4446 1181 4509 ὃς
1213 4445 1277 4514 δὴ
1305 4444 1448 4512 ἄγαν
1482 4442 1699 4513 εὐφυῶς
1755 4442 1850 4496 καὶ

281 4539 541 4610 εὐκαίρως
580 4540 674 4593 καὶ
701 4539 782 4601 είς
815 4538 957 4600 δέον,
985 4539 1099 4598 τοῖς
1133 4535 1302 4596 θείοις
1334 4535 1546 4596 τούτοις
1583 4535 1855 4604 χρησμοῖς

289 4629 549 4702 Ἑϐραίοις
579 4631 831 4703 γράφων,
882 4629 1075 4691 αὑταῖς
1119 4627 1295 4692 λέξεσι
1329 4629 1722 4696 συνεχρήσατο,
1753 4642 1854 4678 κα-

279 4721 627 4777 λείσθω-καὶ
696 4721 794 4775 νῦν
853 4721 1299 4791 χρειωδέστατα,
1361 4719 1458 4772 καὶ
1519 4719 1601 4781 εὶς
1657 4719 1855 4788 μέσους

281 4815 508 4881 ἀγέσθω,
540 4815 638 4868 καὶ⁵
679 4817 886 4884 ἀμφοῖν
916 4815 1037 4867 ταῖν
1080 4811 1369 4882 διαθήκαιν
1402 4809 1731 4879 συμϐάλλων
1762 4809 1856 4864 καὶ

275 4903 577 4974 δοκιμάζων
616 4906 716 4977 τὴν
752 4905 1008 4975 δύναμιν,
1050 4904 1288 4970 λεγέτω·
1330 4905 1398 4958 ει
1427 4904 1539 4972 γὰρ
1576 4902 1614 4970 ἠ
1651 4899 1851 4971 πρώτη

277 4995 468 5066 ἐκείνη
507 4993 589 5068 ἦν
623 4995 958 5066 ἄμεμπτος,
994 4996 1106 5048 οὐκ
1140 4993 1218 5047 ἂν
1271 4993 1555 5062 δευτέρας
1602 4991 1856 5057 ἐζητεῖτο

277 5089 448 5154 τόπος
469 5106 484 5119 ·
515 5089 635 5152 πῶς
669 5087 765 5142 οὖν
799 5088 901 5141 οὐκ
945 5087 1235 5156 ἄμεμπτος
1264 5087 1297 5155 ἡ
1323 5083 1514 5156 πρώτη
1542 5102 1557 5147 ;
1587 5084 1707 5137 Ὅτι
1740 5100 1852 5145 τοι,

279 5185 456 5250 φησιν,
483 5185 517 5237 ό
546 5183 732 5251 νόμος
753 5179 938 5235 οὐδὲν
976 5179 1353 5246 ἐτελείωσεν,
1379 5175 1759 5245 ἐπεισαγωγῇ
1787 5175 1855 5230 δὲ

281 5273 615 5340 κρείττονος
661 5273 931 5339 ἐλπίδος,
984 5270 1059 5326 δι’
1107 5266 1183 5351 ἧς
1224 5268 1530 5351 cry-(@1187
1577 5266 1657 5333 τῷ
1707 5266 1848 5333 Θεῷ.

283 5352 486 5418 Οὐκοῦν
510 5365 602 5419 διά
633 5365 791 5419 τοῦτο
833 5364 1092 5436 δευτέρας
1119 5349 1309 5433 ἐδέησε
1329 5349 1431 5416 καὶ
1464 5362 1565 5432 τῆς
1605 5362 1854 5432 κρείττο-

280 5472 386 5521 νος,
419 5454 485 5532 ἧς
533 5458 674 5514 πάνυ
708 5458 770 5512 τὸ
803 5457 1064 5528 χρειῶδες
1099 5459 1194 5522 καὶ
1222 5457 1522 5525 ἀναγκαῖον
1547 5458 1626 5518 εις
1649 5456 1711 5509 τὸ
1747 5453 1854 5508 σώ-

279 5547 386 5613 ζειν
425 5551 517 5604 τὸν
556 5550 876 5622 ἄνθρωπον,
919 5552 1015 5604 καὶ
1054 5547 1304 5605 δικαιοῦν
1344 5549 1436 5602 τὸν
1483 5548 1573 5602 διὰ
1615 5548 1853 5610 πίστεως

285 5645 736 5722 τρθσιρχόμενον,
771 5645 862 5697 καὶ
912 5642 1021 5696 τῶν
1065 5641 1311 5712 ἀρχαίων
1361 5637 1856 5710 πλημμελημάτων

347 5797 593 5854 ‘Jerrm.
662 5819 776 5862 xu.
813 5801 901 5854 5|.
947 5800 969 5830 '
1000 5797 1190 5852 Matth.
1265 5813 1355 5862 xv,
1385 5796 1476 5850 1i.
1534 5795 1555 5825 ⁸
1583 5791 1746 5850 llebr.
1781 5807 1876 5846 rm
1902 5831 1916 5858 ,
1959 5792 2010 5845 7.

691 5898 954 5954 PATROL.
995 5891 1110 5951 Gtt.
1146 5890 1216 5955 C.

1951 3250 2164 3306 etiamsi
2211 3250 2490 3304 hominum
2569 3250 2727 3304 nudis
2789 3260 2998 3304 tantum
3073 3250 3531 3320 appellationibus

1951 3343 2312 3404 addietorum,
2355 3341 2457 3396 hoc
2507 3341 2627 3396 loco
2673 3357 2852 3397 sermo
2907 3341 3037 3396 fecit
3079 3343 3433 3410 mentionem,
3465 3363 3533 3398 ne

1953 3435 2094 3491 forte
2126 3435 2516 3505 promissiones
2567 3435 2814 3504 patribus
2865 3433 3021 3490 factae
3060 3436 3330 3492 excidisse
3385 3440 3533 3493 vide-

1955 3537 2146 3584 rentur
2166 3526 2233 3584 iis
2252 3528 2340 3596 qui
2360 3526 2534 3580 adhuc
2557 3526 2802 3582 carnales
2821 3534 2998 3593 erant,
3024 3537 3078 3582 et
3099 3527 3532 3584 circumcisionis

1954 3619 2326 3691 gloriabantur
2374 3627 2601 3672 tessera.
2634 3617 2788 3672 Sicut
2837 3619 3004 3672 etiam
3058 3617 3317 3674 Servator
3366 3618 3531 3674 Phat-

1956 3709 2116 3764 nissae
2142 3707 2354 3762 mulieri
2401 3707 2571 3762 dicit:
2607 3705 2730 3760 Non
2774 3725 2889 3760 sum
2937 3711 3129 3763 missus
3162 3711 3270 3764 nisi
3296 3711 3366 3764 ad
3419 3729 3533 3767 oves

1953 3819 2072 3872 qua:
2101 3801 2366 3868 perierunt
2409 3801 2596 3854 domus
2625 3797 2845 3852 [arae/is
2873 3800 2915 3854 ⁷.
2953 3801 3157 3866 Quibus
3185 3803 3528 3858 detrectanti-

1957 3894 2077 3956 bus,
2109 3902 2296 3962 postea
2333 3892 2398 3945 ad
2439 3901 2653 3960 gentes,
2691 3892 2756 3944 ad
2793 3906 2928 3959 quas
2963 3902 3175 3962 patrum
3243 3897 3533 3962 promissiu

1955 3995 2010 4037 et
2039 3983 2342 4038 benedictio
2368 3981 2669 4052 spectabat,
2703 3981 2939 4035 transiit.

2024 4253 2153 4317 Sed,
2194 4253 2239 4308 si
2298 4251 2495 4322 placet,
2538 4267 2724 4307 rursus
2803 4253 2922 4307 novi
2979 4252 3200 4308 foederis
3249 4254 3532 4319 minister,

1956 4347 2046 4415 qui
2083 4344 2284 4400 Christi
2325 4359 2520 4399 nomen
2558 4359 2740 4400 coram
2786 4347 3037 4414 gentibus
3086 4346 3411 4417 regibusque
3443 4359 3526 4402 tu-

1961 4439 2042 4506 lit,
2079 4438 2280 4508 quique
2312 4437 2530 4507 egregie
2565 4437 2762 4508 oppido
2793 4447 2850 4492 et
2887 4438 3210 4508 tempestive
3247 4448 3301 4492 et
3326 4453 3395 4495 ex
3454 4439 3531 4493 rei

1957 4546 2082 4595 usu,
2119 4530 2200 4585 his
2233 4529 2362 4599 ipsis
2401 4529 2656 4596 oraculis,
2689 4530 2814 4584 dum
2851 4529 2918 4584 ad
2947 4529 3205 4585 Hebraeos
3244 4532 3534 4596 scriberet,

1954 4624 2019 4677 ad
2058 4624 2292 4677 litteram
2325 4637 2456 4676 usus
2486 4631 2603 4688 esr;
2637 4622 2705 4688 is,
2737 4623 2983 4694 inquam,
3017 4639 3159 4679 nunc
3191 4639 3407 4695 quoque
3431 4639 3533 4695 op-

1956 4715 2345 4785 portunissime
2395 4714 2699 4779 invocetur,
2730 4725 2894 4785 atque
2938 4716 2991 4769 in
3023 4717 3260 4771 medium
3293 4718 3534 4773 adduca-

1957 4816 2064 4870 tur,
2090 4810 2215 4859 dtnn
2252 4805 2537 4875 utriusque
2568 4804 2791 4860 hederis
2809 4807 2917 4860 vim
2952 4807 3097 4863 inter
3143 4823 3203 4864 se
3254 4821 3537 4880 comparat

1951 4907 2007 4951 et
2035 4897 2319 4966 dijudicat,
2341 4898 2526 4952 dicens
2559 4914 2574 4953 :
2613 4893 2755 4950 Nam
2806 4898 2851 4952 si
2897 4899 3046 4968 prius
3079 4899 3218 4955 illud
3245 4902 3405 4971 culpa
3439 4919 3532 4957 va-

1964 5002 2156 5055 casset,
2189 5006 2292 5044 non
2323 4991 2500 5059 utique
2525 4991 2746 5044 iactandi
2761 4989 2907 5044 locus
2936 4991 3342 5062 inquirerctur'.
3371 4994 3534 5060 Quid-

1954 5083 2009 5137 ni
2049 5097 2177 5148 vero
2202 5084 2468 5152 culpabile
2499 5082 2630 5137 illud
2663 5083 2852 5152 prius?
2885 5085 3048 5152 Quia,
3082 5086 3281 5155 inquit,
3313 5087 3443 5140 nihil
3465 5086 3535 5140 ad

1951 5175 2236 5244 perfectum
2279 5176 2503 5227 adduxit
2549 5173 2634 5228 (ea:
2663 5174 2684 5206 ⁸
2715 5190 2729 5226 :
2768 5175 3093 5230 introductio
3135 5191 3263 5232 vero
3296 5176 3535 5230 melioris

1958 5269 2098 5338 spei,
2151 5279 2244 5337 per
2283 5281 2444 5338 quam
2483 5265 2854 5334 proximamus
2907 5267 2974 5320 ad
3036 5267 3224 5322 Deum.
3251 5267 3416 5343 Igitur
3447 5279 3536 5322 sev

1955 5363 2134 5414 eundo
2164 5357 2388 5424 fcedere,
2423 5366 2476 5411 et
2503 5357 2719 5426 quidem
2755 5358 3001 5425 meliore,
3029 5373 3164 5429 Opus
3203 5359 3333 5424 fuit;
3378 5360 3538 5430 cujus

1955 5453 2224 5522 praecipua
2259 5450 2465 5504 utilitas
2498 5458 2552 5502 et
2609 5449 2908 5505 necessitas
2965 5463 3047 5506 est
3101 5452 3170 5507 ad
3223 5451 3538 5506 salvandum

1956 5545 2250 5607 hominem,
2278 5551 2332 5595 et
2360 5541 2508 5594 illum
2530 5538 2941 5608 justiﬁeandum
2974 5543 3064 5613 qui
3091 5559 3214 5604 cum
3253 5543 3358 5599 [ide
3393 5558 3544 5600 acce-

1953 5637 2056 5701 dit,
2099 5646 2153 5691 et
2200 5644 2442 5693 veterum
2485 5635 2803 5691 deliCtornm
2844 5635 3150 5690 donandum
3197 5633 3542 5693 emundatio'

2085 5791 2105 5823 ⁹
2141 5789 2304 5848 Hebr.
2334 5805 2431 5852 vn,
2470 5790 2555 5844 l9.

3103 5884 3186 5948 23
