3994 6460
421 411 529 475 715

1427 411 1486 470 S.
1530 407 1949 471 NICEPHOBI
1988 403 2495 466 PATRIARCH/E
2531 403 2641 464 ΕΡ.

3598 392 3709 456 716

421 544 567 585 netu.
611 527 741 582 Erat
770 534 951 590 autem
983 527 1101 597 tunc
1147 525 1473 596 evangeiica:
1521 523 1877 595 legislationis
1907 538 2007 577 nu-

2119 517 2436 590 χαρίζεσθαι
2465 516 2565 588 τὴν
2591 515 2850 586 ἀπόνιψιν
2870 531 2885 548 ο
2906 509 2975 587 ἦν
3000 513 3045 568 δ’
3084 511 3197 586 ἄρα
3224 510 3360 584 αὕτη
3390 509 3493 581 τῆς
3536 509 3711 577 εὐαγ-

422 637 519 688 per
547 622 721 692 gratia
763 618 1132 675 elllorescens.
1168 620 1340 673 Porro
1393 631 1574 673 rerum
1623 617 1708 670 his
1766 616 2006 669 interveo

423 714 689 768 nieutium
731 725 934 782 quanta
983 722 1068 767 est
1101 710 1426 765 diversitas!
1474 707 1590 764 lllic
1635 707 1779 762 enim
1826 720 2008 762 sacer-

421 810 579 862 dotes
604 820 832 859 munera
866 805 1185 869 oﬂ'erebant,
1230 814 1596 871 cruentasque
1652 815 1750 872 pro
1775 816 1835 856 se
1874 800 2009 870 ipsis

422 909 477 953 et
511 914 609 968 pro
633 899 957 968 ignorantiis
988 896 1169 966 papuli
1210 897 1485 959 victimas,
1512 910 1633 964 quae
1661 904 1881 963 peccata
1914 893 2008 947 do-

427 991 536 1044 lere
567 991 893 1059 nequibant;
946 1004 1179 1058 namque
1209 989 1262 1041 iu
1301 988 1551 1057 exemplo
1578 989 1753 1042 adhuc
1784 997 1836 1041 ct
1893 1004 2010 1042 um-

428 1083 541 1135 bris
588 1081 972 1135 ministrabant
1019 1079 1323 1134 ccelestium
1383 1094 1589 1144 rerum,
1637 1079 1799 1132 sicuti
1838 1077 2009 1149 Moysi

423 1173 705 1227 oraculum
747 1171 852 1226 l'uit
895 1170 1125 1225 editum.
1175 1171 1283 1225 Hic
1329 1180 1511 1225 autem
1541 1171 1816 1225 diversum
1851 1171 2011 1224 mini-

424 1266 650 1319 sterium
685 1265 1001 1328 intervenit,
1038 1275 1200 1334 atque
1246 1266 1750 1333 incomparabiliter
1793 1265 2006 1330 melius,

428 1368 578 1413 tanto
636 1358 954 1413 melioribus
1002 1374 1126 1412 cum
1184 1358 1659 1426 promissionibns,
1695 1369 1902 1427 quanto
1938 1359 2009 1412 ab

426 1450 614 1505 umbra
640 1449 840 1504 veritas
862 1451 1049 1505 distat.
1076 1450 1288 1505 Etenim
1315 1461 1502 1505 noster
1522 1449 1789 1520 pontifex,
1817 1460 2010 1506 auctor

427 1540 824 1611 apostolusque
874 1542 1238 1598 confessionis
1304 1553 1504 1598 nostra:
1564 1543 1817 1599 Christus
1867 1545 2010 1600 Deus

428 1645 634 1699 noster,
668 1635 837 1690 semel
868 1650 966 1706 pro
1000 1636 1342 1703 peccantium
1399 1637 1577 1691 salute
1605 1643 1845 1707 seipsum
1873 1634 2009 1690 olle-

426 1743 554 1783 rens
581 1728 951 1782 sacriticatnm
981 1728 1433 1800 immolatumque
1469 1729 1523 1783 in
1577 1745 1763 1792 carne,
1824 1739 2009 1783 manet

213 1841 221 1851 ι
326 1868 333 1873 .
424 1821 479 1874 in
516 1830 777 1874 aeternum
815 1821 1080 1890 pontifex,
1124 1824 1384 1892 sedetque
1429 1823 1495 1876 ad
1540 1821 1633 1877 Dei
1667 1824 1945 1878 dexteram
1990 1839 2005 1876 :

2111 612 2337 682 γελικῆς
2372 608 2793 681 θεσμοθεσίαςή
2833 596 3191 678 ἐπανθήσασα
3237 605 3418 677 χάρις,
3452 603 3552 657 καὶ
3598 600 3713 655 τῶν

2115 704 2176 757 ὲν
2204 703 2432 766 ταύταις
2469 702 2912 773 μεσιτευσάντων
2934 698 2997 754 τὸ
3038 698 3325 767 διενέγκαν
3359 695 3563 750 ὁπόσον
3585 709 3603 724 ο
3628 694 3716 748 ὅτι

2112 799 2229 853 ἐκεῖ
2268 798 2367 868 μὲν
2406 798 2456 849 ot
2499 798 2667 868 ἱερεῖς
2721 793 3067 865 προσέφερον
3112 795 3183 848 τὰ
3228 792 3417 863 δῶρα,
3468 790 3565 844 καὶ
3611 787 3714 851 τὰς

2112 892 2375 961 ὲναίμους
2408 890 2599 953 θυσίας
2639 891 2779 960 ὑπέρ
2822 906 2883 942 τε
2912 889 3147 950 ἑαυτῶν,
3179 886 3273 940 καὶ
3300 885 3428 965 τῶν.
3443 883 3539 937 τοῦ
3574 878 3715 935 λαοῦ

2111 985 2478 1056 ἀγνοημάτων
2499 1002 2511 1014 ·
2544 985 2712 1054 αἴπερ
2758 984 2858 1037 οὐκ
2894 983 3163 1055 ἠδύναντο
3216 977 3493 1049 περιελεῖν
3524 977 3716 1045 ἀμαρ-

2110 1079 2232 1143 τίας
2255 1096 2269 1109 ·
2299 1081 2356 1132 ὲν
2388 1078 2755 1148 ὑποδείγματι
2801 1078 2911 1146 γάρ
2946 1075 3028 1128 ἔτι
3056 1075 3151 1128 καὶ
3197 1074 3381 1134 σκιαῖς
3410 1069 3716 1139 ὲλάτρευον

2110 1173 2219 1228 τῶν
2269 1172 2629 1243 ἐπουρανίων,
2679 1170 2821 1225 καθὰ
2857 1170 3053 1223 Μωσεί
3100 1164 3586 1237 κεχρημάτισται·
3624 1162 3717 1212 ὲν-

2110 1267 2285 1321 ταῦθα
2330 1267 2386 1320 δὲ
2434 1266 2845 1337 διαφορωτέρας
2889 1263 3162 1333 τετύχηκε
3209 1258 3564 1331 λειτουργίας
3616 1255 3717 1310 καὶ

2111 1358 2463 1429 ἀσυγκρίτως
2505 1357 2792 1426 ἀμείνονος
2829 1357 2923 1408 ἐπὶ
2968 1354 3244 1426 κρείττοσι
3291 1355 3415 1415 ταῖς
3466 1352 3717 1418 ἐπαγγε-

2109 1450 2291 1515 λίαις,
2333 1450 2455 1503 καθ’
2493 1451 2619 1504 ὅσον
2659 1450 2819 1511 σκιᾶς
2851 1450 2884 1520 ή
2932 1448 3179 1517 ἀλήθεια.
3218 1446 3276 1500 Ὀ
3301 1446 3411 1517 γάρ
3440 1463 3521 1498 τοι
3568 1442 3715 1513 ήμέ-

2109 1560 2267 1613 τερος
2296 1543 2586 1613 ἀρχιερεὺς
2604 1583 2617 1607 ,
2645 1544 2673 1595 ό
2714 1541 2947 1612 ἔξαρχος
2983 1542 3078 1595 καὶ
3105 1539 3409 1602 ἀπόστολος
3437 1537 3542 1607 τῆς
3576 1539 3715 1607 όμο-

2110 1636 2298 1705 λογίας
2328 1635 2485 1706 ἡμῶν
2513 1635 2748 1706 Χριστὸς
2777 1637 2805 1688 ό
2845 1634 2979 1697 Θεὸς
3009 1632 3165 1703 ἡμῶν
3189 1673 3202 1693 ,
3234 1630 3385 1696 ἆπαξ
3432 1629 3578 1700 ὑπὲρ
3610 1624 3715 1699 τῆς

2111 1729 2219 1781 τῶν
2246 1726 2589 1799 ἁμαρτωλῶν
2616 1727 2892 1799 σωτηρίας
2921 1726 3115 1780 ἑαυτὸν
3146 1724 3451 1792 ἀνενέγκας
3473 1765 3487 1783 .
3525 1724 3714 1792 ίερευ-
3820 1752 3825 1753 ν

2114 1822 2278 1875 θέντα
2307 1839 2368 1874 τε
2397 1821 2492 1875 καὶ
2539 1819 2769 1873 τυθέντα
2820 1818 3028 1887 σαρκὶ,
3073 1819 3227 1887 μένει
3270 1819 3353 1880 είς
3390 1815 3483 1869 τὸν
3531 1812 3716 1867 αἰῶνα

424 1911 681 1979 deinceps
734 1923 1076 1980 exspectans,
1112 1913 1285 1967 donec
1331 1923 1604 1983 ponantur
1660 1914 1866 1968 inimici
1890 1914 2008 1982 ejus

2119 1911 2409 1984 ἀρχιερεὺς
2428 1952 2445 1977 ,
2473 1910 2696 1966 ἐκάθισέ
2722 1927 2781 1963 τε
2812 1911 2870 1963 ὲν
2900 1886 3053 1980 δεξιᾷ
3076 1886 3182 1961 τοῦ
3210 1905 3350 1960 Θεοῦ
3368 1946 3383 1969 ,
3412 1905 3476 1959 τό
3514 1903 3716 1959 λοιπὸν

422 2001 719 2058 scabellum
753 2005 947 2074 pedum
976 2004 1168 2073 ipsius.
1203 2004 1371 2060 Unica
1404 2006 1549 2059 enim
1583 2004 2011 2074 oblationeper-

426 2093 555 2153 fecit
575 2095 628 2149 in
658 2106 975 2164 perpetuum
1003 2096 1399 2154 sanctiﬁcatos.
1421 2096 1598 2154 Testis
1623 2114 1786 2168 porro
1826 2098 2007 2162 nobis,

424 2189 620 2257 inquit,
655 2189 887 2259 Spiritus
921 2202 1163 2246 sanctus.

495 2388 603 2446 Sed
649 2390 703 2446 lii
764 2391 961 2463 impuri
1027 2400 1193 2463 atque
1246 2392 1487 2465 profani,
1514 2394 1752 2464 Spiritus
1790 2394 2007 2449 oracula

423 2484 614 2538 audire
662 2500 767 2539 non
825 2485 1142 2553 sustinent,
1206 2487 1545 2557 multamque
1604 2489 2007 2543 immunditiam

423 2585 589 2643 atque
612 2573 840 2629 fetorem
858 2588 924 2630 ex
953 2576 1322 2632 abominando
1348 2580 1514 2633 corde
1538 2593 1639 2634 suo
1672 2590 2006 2645 ernctantes,

423 2668 638 2722 veritati
682 2679 992 2737 occentant,
1027 2685 1097 2726 ne
1136 2668 1415 2726 Christum
1454 2672 1673 2742 quidem
1708 2674 2006 2743 quidquam

424 2757 743 2826 perlecisse,
780 2774 957 2829 neque
998 2775 1093 2816 eos
1125 2776 1251 2816 esse
1281 2763 1656 2817 sanctilicatos
1690 2764 1779 2832 qui
1832 2763 2008 2835 gratia

423 2852 571 2921 digni
609 2850 849 2906 fuerunt.
882 2851 974 2907 Sic
1009 2868 1141 2909 sane
1185 2854 1453 2923 judicent,
1487 2864 1539 2909 et
1566 2855 1781 2924 quidem
1818 2858 2008 2910 admo-

423 2941 550 2996 dmn
588 2953 753 3005 recte,
792 2945 917 2997 dum
947 2960 1011 2998 ex
1049 2960 1148 2999 suo
1180 2945 1393 3016 impuro
1422 2945 1615 3014 spiritu
1655 2946 2004 3017 eloquuntur,

426 3051 529 3088 non
552 3036 715 3104 juxta
748 3036 918 3106 [trdus
946 3037 1088 3108 quod
1122 3039 1296 3108 pepigi
1329 3055 1443 3093 cum
1482 3040 1698 3093 illorum
1744 3041 2005 3110 patribus,

424 3144 528 3197 quo
556 3142 785 3199 tempore
818 3147 977 3184 ntanu
1029 3135 1384 3202 apprehenso:
1421 3135 1605 3201 eduxi,
1664 3134 1860 3203 inquit,
1919 3148 2008 3186 eos

423 3220 489 3270 de
509 3228 650 3270 terra
686 3216 909 3289 1Egyptt'
955 3221 1023 3275 ιο.
1059 3219 1186 3277 Hinc
1215 3223 1543 3293 antiquitus,
1596 3225 1768 3279 tacite
1819 3224 2009 3290 veluti,

426 3311 628 3365 Veteris
660 3311 881 3367 leaderis
915 3315 1277 3369 cessationem
1305 3315 1621 3382 innuebant,
1659 3318 1803 3385 quod
1830 3318 2008 3386 ipsum

428 3403 734 3457 tabularum
773 3419 990 3474 quoque
1027 3407 1283 3461 contritio
1317 3407 1673 3473 signiﬁcavit.
1701 3406 1819 3474 Quo
1864 3417 2008 3463 tem-

426 3510 561 3564 pore
587 3498 729 3550 enim
763 3495 1088 3569 Egyptiaca
1120 3502 1409 3571 tyrannide
1436 3499 1603 3555 lsracl
1640 3512 1861 3570 ereptus
1892 3499 2011 3556 lue-

429 3598 534 3657 rat,
558 3588 786 3660 lapideis
818 3593 1019 3649 tabulis
1067 3593 1153 3649 lex
1192 3595 1555 3662 incidebatur,
1587 3611 1742 3651 mons
1791 3596 2015 3651 fumans

428 3683 752 3754 apparebat,
794 3693 1146 3757 terroresque
1206 3689 1430 3744 maximi
1484 3690 1720 3760 desuper
1781 3688 2015 3760 objicie-

428 3778 666 3844 bantur;
700 3779 1001 3849 cuiusmodi
1042 3798 1178 3852 opus
1211 3793 1330 3838 erat
1356 3797 1485 3853 erga
1533 3788 1720 3841 rudem
1753 3786 2012 3857 pOpttlum

424 3879 482 3923 et
515 3869 599 3924 his
640 3870 1205 3927 terriculamentorum
1241 3874 1407 3945 220
1434 3875 1725 3932 elementis
1758 3876 2011 3945 indigen-

430 3971 577 4025 tem;
633 3960 705 4014 ita
745 3962 923 4031 utqui
954 3976 1127 4032 nuper
1164 3965 1447 4034 peregi-ina
1484 3964 1703 4034 regione
1756 3979 2015 4019 excesse-

430 4060 574 4117 rant,
606 4066 636 4105 a
672 4052 954 4105 barbarica
981 4067 1193 4108 morum
1224 4055 1585 4122 perversitate
1608 4066 2011 4119 averterentur,

430 4153 594 4213 atque
622 4145 688 4198 ad
724 4145 814 4198 Dei
846 4146 1212 4216 cognitionem
1255 4147 1644 4217 dirigerentur,
1676 4147 1895 4202 ethnica
1924 4163 2015 4201 su-

433 4237 752 4306 perstitione
795 4236 1064 4307 deposita.
1095 4237 1159 4292 Et
1183 4239 1491 4294 tabularum
1535 4241 1754 4309 quidem
1782 4240 2016 4309 lapidea-

434 4342 553 4382 rum
582 4343 703 4392 usu,
728 4329 876 4384 saxei
913 4328 1129 4384 illorum
1149 4332 1331 4387 cordis
1355 4347 1514 4386 sacer
1544 4347 1727 4387 sermo
1758 4332 2013 4386 duritiem

435 4417 776 4488 rigoremque
806 4418 1121 4477 denotahat.
1158 4419 1368 4477 Idcirco
1401 4421 1546 4476 enim
1579 4433 1634 4477 et
1661 4424 1808 4477 dura:
1840 4422 2018 4477 cervi-

430 4508 510 4562 cis
530 4509 779 4578 populus,
806 4511 1066 4579 nervique
1091 4511 1255 4568 ferrei
1275 4515 1448 4568 instar
1474 4529 1568 4568 cor
1589 4515 1817 4581 habens,
1852 4522 2017 4585 atque

430 4603 578 4654 omni
612 4605 970 4657 contumacia!
998 4612 1055 4658 et
1076 4609 1395 4669 pervicacia:
1422 4608 1634 4663 deditus
1663 4611 2000 4679 iucrepatnr.

2115 2005 2479 2076 ἐκδεχόμενος
2499 2044 2514 2068 ,
2562 2003 2670 2066 ἓως
2702 2002 2768 2057 ἃν
2795 2001 3029 2056 τεθῶσιν
3060 2002 3109 2055 ot
3147 2000 3333 2072 ἐχθροὶ
3362 1999 3534 2053 αὑτοῦ
3570 2000 3716 2054 ὑπο-

2116 2098 2301 2152 πόδιον
2344 2097 2457 2150 τῶν
2492 2097 2672 2151 ποδῶν
2716 2094 2885 2148 αὐτοῦ
2912 2111 2926 2125 ·
2971 2095 3073 2166 μιᾷ
3109 2095 3219 2165 γὰρ
3252 2092 3545 2162 προσφορᾷ
3589 2092 3712 2144 ἓτε-

2114 2191 2341 2244 λείωσεν
2372 2193 2453 2255 εἰς
2479 2190 2541 2243 τὸ
2568 2190 2821 2259 διηνεκὲς
2853 2188 2978 2252 τοὺς
3021 2186 3444 2256 ἁγιαζομένους.
3482 2186 3717 2257 Μαρτυ-

2119 2286 2203 2356 ρεῖ
2234 2283 2291 2336 δὲ
2321 2285 2479 2353 ἡμῖν,
2512 2284 2647 2353 φησὶ
2668 2322 2683 2347 ,
2711 2282 2772 2336 τὸ
2803 2280 3031 2351 Πνεῦμα
3059 2280 3119 2333 τδ
3147 2280 3324 2349 ἆγιον.

2198 2394 2339 2450 Ἀλλ’
2370 2396 2425 2450 οἴ
2461 2412 2525 2465 γε
2564 2397 2785 2463 ἐναγεῖς
2824 2395 2921 2447 καὶ
2958 2393 3215 2465 βέϐηλοι,
3263 2393 3376 2447 τῶν
3405 2392 3501 2446 τοῦ
3537 2391 3715 2446 Πνεῦ-

2118 2506 2290 2561 ματος
2342 2487 2598 2557 οὐδαμῶς
2653 2487 2940 2558 ἀνέχονται
2988 2485 3210 2554 λογίων,
3257 2485 3461 2552 πολλὴν
3503 2485 3562 2539 δὲ
3606 2485 3711 2556 τὴν

2116 2579 2461 2651 ἀκαθαρσίαν
2486 2581 2581 2634 καὶ
2607 2580 2667 2633 τὸ
2692 2579 2930 2642 δυσῶδες
2952 2579 3016 2631 ὲκ
3043 2577 3145 2648 τῆς
3179 2576 3445 2650 βδελυρᾶς
3474 2576 3712 2644 καρδίας

2116 2672 2588 2745 ἀπερευγόμενοι,
2659 2669 3161 2744 καταρραψῳδοῦσι
3239 2670 3337 2739 τῆς
3406 2669 3706 2740 ἀληθείας,

2118 2766 2260 2836 μήτε
2294 2763 2530 2833 Χριστὸν
2563 2761 2978 2816 τετελειωκέναι
3018 2759 3185 2831 μηδὲν
3208 2799 3221 2823 ,
3265 2759 3405 2830 μήτε
3435 2758 3710 2829 καθηγιά-

2116 2857 2243 2911 σθαι
2272 2858 2400 2920 τοὺς
2420 2854 2761 2926 ἠξιωμένους
2783 2856 2883 2923 τῆς
2909 2853 3132 2925 χάριτος
3149 2868 3163 2883 ⁸
3181 2851 3355 2915 οὕτως
3382 2848 3479 2904 οὖν
3502 2855 3711 2905 νοοϊντο

2115 2953 2211 3004 καὶ
2251 2948 2375 3003 λίαν
2415 2948 2714 3018 εὐστόχως,
2768 2949 2834 3000 ὲκ
2861 2946 2955 3001 τοῦ
2997 2946 3314 3015 ἀκαθάρτου
3355 2944 3709 3013 ἀποφθεγγό-

2120 3060 2272 3115 μενοι
2310 3041 2659 3111 πνεύματος.
2694 3031 2767 3095 οὐ
2806 3039 2957 3094 κατὰ
2992 3041 3109 3108 τὴν
3137 3038 3435 3105 διαθήκην
3494 3037 3576 3106 ’ἣν
3615 3037 3705 3091 δι-

2116 3135 2336 3205 εθέμην
2367 3134 2492 3200 τοῖς
2524 3132 2826 3203 πατράσιν
2854 3132 3073 3205 αὐτῶν,
3104 3133 3175 3187 ἐν
3200 3131 3394 3201 ’ἡμέρᾳ
3428 3131 3708 3185 ἐπιλαϐο-

2104 3225 2301 3296 μένου
2323 3244 2444 3296 μου
2476 3224 2585 3293 τῆς
2626 3225 2826 3294 χειρός
2860 3223 3090 3287 αὐτῶν,
3123 3223 3445 3293 ἐξαγαγεῖν
3481 3223 3706 3290 αὐτοὺς

2111 3318 2182 3372 ἐκ
2216 3316 2327 3386 γῆς
2371 3318 2695 3385 Αἰγύπτου.
2746 3316 2936 3371 Ταῦτα
2965 3315 3175 3370 ἀνωθεν
3208 3316 3395 3387 ἡρέμα
3429 3332 3573 3379 πως,
3604 3314 3705 3384 τῆς

2113 3411 2357 3475 παλαιᾶς
2419 3409 2688 3480 διαθήκης
2770 3409 2871 3480 τὴν
2927 3407 3145 3462 παῦλαν
3225 3408 3700 3479 προῦπῃνίσσετοδ

2114 3502 2367 3577 καθάπερ
2398 3503 2491 3556 καὶ
2518 3502 2629 3556 τῶν
2662 3501 2889 3557 πλακῶν
2917 3502 2979 3556 τὸ
3009 3501 3245 3556 παλαιὸν
3276 3500 3468 3573 ἐδήλου
3494 3501 3555 3553 τὸ
3577 3499 3703 3553 σύν-

2112 3612 2329 3668 τριμμα
2352 3612 2365 3626 ·
2397 3595 2486 3649 ὅτε
2525 3594 2625 3664 μὲν
2652 3594 2770 3663 ⁴γάρ
2804 3593 2909 3665 τῆς
2942 3595 3330 3663 Αἰγυπτιακῆς
3380 3591 3699 3663 τυραννίδος

2110 3689 2142 3742 ὁ
2184 3682 2844 3759 ’1σραὴλ.ἀπηλλάττετο,,
2874 3686 3041 3753 πλαξὶ⁸
3071 3686 3305 3749 λιθίναις
3335 3687 3365 3739 ὁ
3398 3687 3567 3756 νόμος
3616 3687 3701 3740 ὲν-

2116 3780 2475 3851 εχαράττετο,
2519 3779 2614 3832 καὶ
2664 3778 2791 3851 ὅρος
2836 3779 3118 3832 ἐδείκνυτο
3145 3777 3574 3849 καπνιζόμενον.
3610 3777 3702 3829 καὶ

2113 3869 2349 3939 δείματα
2373 3870 2589 3937 ἐξαίσια
2622 3869 2970 3938 διεφαίνοντο
2999 3868 3210 3925 ἀνωθεν
3234 3886 3247 3900 ·
3286 3863 3377 3921 οἶα
3405 3869 3556 3931 εἰκὸς
3578 3868 3704 3931 τοὺς

2116 3962 2198 4015 ἔτι
2230 3962 2556 4034 νηπιώδεις,
2588 3963 2683 4017 καὶ
2721 3963 3006 4033 στοιχείων
3035 3960 3126 4015 διὰ
3152 3961 3313 4014 τοῦτο
3345 3961 3704 4030 δεδεημὲνονς

2121 4059 2645 4133 μορμολυττόμεναη·
2682 4058 2758 4121 ὡς
2793 4059 2920 4121 τοὺς
2944 4058 3070 4127 ἄρτι
3103 4057 3204 4128 τῆς
3245 4056 3555 4123 ἀλλοδαπῆς
3605 4057 3706 4109 ἀπ-

2114 4152 2537 4222 ανισταμένους,
2566 4151 2664 4220 τῆς
2696 4149 3043 4220 βαρϐαρικῆς
3075 4149 3556 4220 μεταπὶάττεσθαι
3581 4149 3706 4203 δυσ-

2116 4245 2387 4322 τροπίας,
2441 4244 2538 4296 καὶ
2580 4243 2720 4313 πρὸς
2756 4241 3093 4310 θεογνωσίαν
3129 4240 3705 4313 μεταρρυθμίζεσθαι.

2119 4335 2217 4407 τὴν
2280 4334 2502 4405 ὲθνικὴν
2558 4334 2995 4404 δεισιδαιμονίαν
3053 4334 3590 4405 ἀποδιδράσκονταςο
3640 4337 3706 4405 τῇ

2119 4428 2228 4482 τῶν
2262 4427 2487 4482 πλακῶν
2526 4427 2689 4498 τυχὸν
2729 4426 3081 4498 παραλήψει,
3129 4428 3229 4498 τῆς
3267 4427 3482 4498 λιθίνης
3525 4428 3709 4482 αὐτῶν

2122 4522 2351 4594 καρδίας
2395 4521 2693 4585 τυποῦντος
2730 4521 2825 4575 τοῦ
2868 4521 3029 4591 λόγου
3080 4521 3141 4575 τὸ
3180 4523 3420 4595 σκληρὸν
3459 4523 3557 4578 καὶ
3594 4522 3713 4578 ἀτί-

2111 4613 2347 4667 θασσον·
2391 4612 2567 4685 ταύτῃ
2618 4611 2730 4682 γὰρ
2759 4611 2857 4666 καὶ
2902 4612 3030 4676 λαὸς
3074 4612 3583 4701 σκληροπράχηλος,
3616 4615 3714 4672 καὶ

434 4696 623 4766 νεῦρον
687 4696 944 4767 σιδηροῦν
1004 4697 1142 4768 ἔχων
1202 4700 1291 4753 τὸν
1354 4700 1660 4773 τράχηλον,
1727 4704 1822 4758 καὶ
1876 4705 2016 4776 πρὸς
2088 4710 2273 4763 πᾶσαν
2313 4708 2602 4767 ἀπείθειαν
2660 4707 2754 4762 καὶ
2840 4696 3160 4779 τραχύτητα
3203 4708 3590 4782 εύπαράφορος
3637 4706 3712 4764 ὢν

1912 4782 1945 4793 I—

433 4785 758 4850 ὠνειδίζετο.

504 4899 642 4957 Cum
672 4910 853 4956 antem
895 4918 992 4958 nos
1036 4903 1296 4959 Dominus
1341 4921 1405 4960 ac
1440 4904 1582 4962 Dens
1628 4910 1695 4964 de
1744 4919 2018 4979 potestate
2050 4917 2099 4976 1)

438 4990 654 5066 tyranni
686 4988 916 5064 improbi
948 4994 1279 5051 liberaturus
1304 5001 1546 5067 advenit,
1586 5012 1642 5055 et
1667 5014 2016 5071 peccatorum

437 5090 749 5145 nostrorum
771 5087 963 5160 jugum
988 5091 1332 5163 depulsuros,
1379 5095 1512 5152 nihil
1562 5095 1871 5165 huiusmodi
1898 5105 2017 5152 ter-

438 5182 745 5262 riculorum'
762 5181 1077 5241 intervenit.
1111 5183 1316 5243 Salutis
1344 5189 1547 5259 quippe
1586 5198 1782 5245 nostra:
1822 5207 2021 5261 opera-

440 5285 543 5343 tor,
574 5284 776 5332 terram
803 5275 1184 5349 obambulans,
1216 5280 1365 5337 mitis
1384 5281 1473 5337 ille
1495 5294 1550 5337 et
1588 5283 1807 5339 humilis
1835 5285 2026 5350 corde,

439 5368 558 5424 sine
598 5367 709 5424 ullo
766 5370 1003 5427 tumultu
1051 5388 1115 5428 ac
1148 5388 1371 5445 pavore,
1407 5376 1879 5434 mansuetudinem
1913 5379 2026 5434 imo

442 5475 554 5530 pra:
582 5476 642 5517 se
673 5462 859 5519 ferens
882 5476 937 5520 et
968 5464 1370 5534 allabilitatem,
1421 5469 1718 5524 salutarem
1762 5470 1816 5524 in
1852 5486 2025 5542 syna-

444 5554 595 5625 gogis
615 5555 917 5613 doctrinam
951 5556 1485 5631 dictabat,omniqne
1509 5560 1896 5617 beneﬁciorum
1932 5576 2025 5632 ge-

445 5659 572 5700 nere
596 5661 690 5711 eos
722 5647 812 5718 qui
844 5662 904 5704 se
930 5653 1119 5707 audire
1154 5651 1356 5708 vellent
1404 5655 1739 5719 cumulabat,
1778 5671 1886 5708 non
1944 5653 2026 5709 leo

522 5847 564 5889 -“
592 5844 790 5901 Jerem.
817 5858 965 5909 xxxx,
1001 5845 1071 5899 32

2195 4914 2326 4968 Ὅτε
2357 4913 2416 4967 δὶ
2463 4915 2494 4967 ὁ
2521 4911 2729 4985 Κύριος
2767 4911 2933 4984 ἡμῶν
2981 4913 3078 4967 καὶ
3108 4912 3274 4982 Θεὸς,
3315 4915 3414 4985 τῆς
3455 4914 3715 4983 ἐξουσίας

2124 5005 2219 5061 τοῦ
2251 5003 2500 5076 πονηροῦ
2538 5004 2806 5075 τυράννου
2837 5003 3168 5077 ἐλευθεροῦν
3200 5006 3432 5078 ήμελλε,
3480 5009 3580 5062 καὶ
3616 5008 3711 5064 τοῦ

2127 5095 2294 5166 ζυγοῦ
2318 5096 2418 5167 τῆς
2441 5095 2724 5168 ἁμαρτίας
2741 5096 2894 5168 ἡμᾶς
2921 5095 3319 5168 ἐξαιρήσεσθαι
3339 5136 3355 5162 ,
3380 5097 3538 5154 οὐδὲν
3560 5098 3711 5153 exet:

2128 5206 2234 5245 νων
2270 5189 2429 5261 ὤφθη
2462 5188 3007 5265 τερατουργούμενον
3032 5206 3049 5224 ο
3083 5190 3113 5243 ό
3155 5187 3265 5261 γὰρ
3298 5189 3399 5261 τήν
3435 5191 3712 5263 σωτηρίαν

2127 5282 2486 5355 πρυτανεύων
2530 5282 2632 5354 τὴν
2659 5268 2982 5355 ἡμετέραν,
3016 5282 3322 5354 ὲκπσριιὼν
3369 5283 3471 5355 τὴν
3495 5284 3645 5355 γῆν,
3683 5287 3713 5338 ό

2127 5375 2303 5445 πρᾶος
2329 5373 2426 5427 καὶ
2454 5373 2711 5438 ταπεινὸς
2733 5373 2835 5447 τὴν
2861 5372 3116 5445 καρδίαν,
3138 5371 3394 5445 θορύὸων
3426 5372 3526 5425 καὶ
3555 5372 3710 5435 δέους

2127 5467 2330 5531 παντὸς
2368 5468 2498 5522 ἄνευ
2517 5508 2533 5532 ,
2566 5467 2628 5521 τὸ
2669 5466 2917 5532 ἐπιεικὲς
2955 5467 3013 5521 δὲ
3042 5465 3248 5538 μᾶλλον
3272 5464 3585 5530 ἐπιδεικνὺς
3615 5464 3711 5517 καὶ

2122 5560 2480 5632 εὐπρόσιτον,
2509 5562 2570 5615 ὲν
2593 5562 2716 5626 ταῖς
2745 5542 3093 5629 συναγωγαῖς
3119 5557 3213 5614 τὸν
3252 5558 3425 5626 λόγον⁴
3460 5556 3708 5612 ἐδίδασκε

2122 5653 2213 5708 τὸν
2267 5654 2538 5725 σωτήριον
2562 5695 2579 5723 ,
2648 5653 2745 5709 καὶ
2813 5650 3180 5709 παντοδαπῶν
3248 5647 3707 5715 εὐεργετημάτων
