3994 6418
334 403 447 470 717

1206 393 1776 459 APOLOGETICUS
1809 398 1962 458 PRO
2000 398 2268 460 SACRIS
2304 398 2787 462 IMAGINIBUS.

3514 382 3620 462 718

336 522 702 594 κατεπίμπλα
745 520 872 586 τοὺς
914 517 1228 576 εἰσακούειν
1264 518 1552 582 ἐθέλοντας
1577 561 1591 583 ,
1633 518 1694 572 ού
1731 517 1931 588 νόμους

2038 533 2134 589 ges
2161 519 2395 589 scriptas
2430 490 2698 580 tradebat,
2733 529 2835 569 non
2867 523 3025 569 terra:
3067 514 3227 584 hujus
3253 516 3484 572 visibilis
3519 534 3616 590 pe-

335 615 627 683 γραπτοὺς
673 614 939 668 διετίθετο
959 657 972 681 ,
1014 613 1077 667 ού
1119 616 1223 685 γῆς
1246 611 1349 683 τῆς
1377 610 1668 682 ὁρωμένης
1701 610 1795 664 καὶ
1828 627 1934 664 πα-

334 704 615 776 τουμένης
664 705 918 777 ὲκνέμων
978 705 1377 778 σχοινίσματα,
1425 704 1547 757 ούδὲ
1586 720 1636 758 τι
1670 703 1782 757 τῶν
1811 704 1934 757 ἐπι-

337 796 534 867 κήρων
564 812 625 850 τε
652 795 749 850 καὶ
782 797 1020 868 ῥεόντων
1065 795 1415 869 κληροδοτῶν
1446 798 1526 860 είς
1567 796 1931 867 κατάσχεσιν,

336 886 485 940 ἀλλὰ
509 886 791 958 βασιλείαν
817 888 1091 961 ἐκήρυσσε
1124 888 1226 956 τὴν
1258 888 1513 959 οὐράνιον
1531 930 1545 953 ,
1573 888 1671 942 καὶ
1702 886 1933 942 πλοῦτον

339 979 716 1051 ἀναφαίρετον
778 980 1108 1053 ἐχαρίζετο,
1163 981 1257 1036 καὶ
1311 981 1488 1053 χαρὰν
1545 980 1935 1051 εὐηγγελίζετο

337 1070 714 1141 ἀνεκλάλητον
738 1108 754 1135 ,
803 1071 987 1125 πᾶσάν
1013 1089 1073 1127 τε
1104 1071 1262 1128 νόσον
1311 1074 1408 1147 καὶ
1462 1073 1736 1145 μαλακίαν
1766 1074 1824 1127 ὲν
1855 1072 1934 1144 τῷ

336 1160 459 1233 λαῷ
486 1162 812 1234 ἐθεράπευε,
845 1165 939 1218 καὶ
965 1165 1147 1221 πάντα
1174 1165 1415 1237 πορίζων
1443 1167 1545 1221 ὅσα
1568 1162 1634 1240 ἦν
1659 1167 1759 1238 τῆς
1784 1166 1935 1231 θείας

337 1253 764 1325 φιλανθρωπίας
806 1257 923 1320 τοῖς
974 1257 1160 1311 πίστει
1210 1258 1727 1330 προσερχομένοις,
1786 1274 1933 1330 παρ-

338 1346 569 1418 έχεσθαι
604 1346 750 1412 ἄξια.
794 1346 859 1402 Τί
905 1348 1014 1421 χρὴ
1057 1349 1273 1420 λέγειν;
1316 1351 1642 1421 Πνεύματος
1670 1349 1937 1423 χορηγίαν

334 1439 576 1508 ἄφθονον
605 1437 956 1511 ὲπιδαψιλευό
969 1458 1163 1511 μενον,
1201 1442 1269 1496 δι’
1303 1436 1378 1497 ὧν
1411 1443 1672 1498 ἁπάντων
1700 1445 1733 1514 ἡ
1772 1443 1936 1514 χάρις

337 1533 438 1588 καὶ
483 1533 718 1604 δύναμις
765 1532 862 1587 τοῦ
893 1534 1251 1608 ἐνεργοῦντος
1281 1537 1379 1590 καὶ
1406 1536 1758 1609 δωρουμένου
1795 1534 1936 1590 ἐδεί-

336 1647 528 1686 κνυτο.
571 1634 663 1687 Διδ
705 1632 801 1687 καὶ
822 1630 1266 1705 προηγορεύετο’
1305 1632 1387 1686 Οὐ
1414 1630 1567 1684 κατὰ
1595 1627 1710 1699 τὴν
1725 1627 1936 1695 διαθή-

334 1741 461 1793 κην
493 1723 574 1794 ἦν
617 1724 899 1795 διεθέμην
944 1725 1070 1792 τοῖς
1098 1723 1400 1792 πατράσιν
1431 1720 1649 1776 αὐτῶν.
1686 1721 1768 1774 Τὰ
1830 1721 1936 1791 γάρ

331 1833 425 1870 τοι
475 1818 577 1888 τῆς
618 1818 994 1890 εύαγγελικῆς
1048 1816 1374 1888 νομοθεσίας
1412 1814 1539 1887 ἑξῆς
1577 1814 1805 1883 ἐπάγει,
1840 1815 1934 1866 Διυ

2036 611 2304 680 dtbusque
2350 609 2571 666 calcatm
2644 608 2926 679 portiones
2993 607 3248 665 funiculis
3293 610 3619 677 dividebat.

2008 692 2173 757 ἰιίιιὶι
2200 700 2498 772 temporale
2537 708 2592 756 et
2645 699 2847 754 ﬂuxum
2898 701 2966 753 ad
3010 701 3393 770 possidendum
3440 703 3622 759 trade-

2034 794 2149 859 bat,
2177 797 2273 850 sed
2319 794 2540 850 cmleste
2572 793 2908 864 praedicabat
2961 810 3209 866 regnum,
3252 805 3309 852 et
3347 796 3623 854 inamissi-

2036 888 2176 943 biles
2231 903 2361 957 opes
2410 888 2768 960 largiebatur,
2796 888 3053 960 gaudium
3106 887 3379 945 ineﬂ‘abile
3409 905 3625 944 annun-

2037 980 2230 1047 tiabat,
2301 995 2629 1051 omnemque
2700 983 2949 1036 morbum
2991 990 3157 1053 atque
3202 980 3519 1053 languorem
3570 983 3622 1036 in

2011 1060 2236 1145 'populo
2257 1073 2524 1141 curabat;
2560 1073 2739 1130 omnia
2782 1074 3001 1131 demum
3032 1076 3332 1146 praestabat
3366 1091 3624 1145 quaecun-

2036 1182 2201 1238 quea
2226 1167 2409 1223 divina
2446 1167 2784 1238 benignitate
2819 1167 2887 1223 iis
2929 1168 3022 1238 qui
3051 1156 3118 1223 ad
3157 1168 3320 1225 ﬁdem
3355 1172 3623 1226 accessis-

2036 1270 2159 1316 sent
2185 1259 2415 1333 praeberi
2452 1261 2674 1331 dignum
2700 1272 2842 1318 erat.
2866 1261 3009 1329 Quid
3042 1263 3219 1318 dicam
3248 1262 3488 1332 Spiritus
3524 1280 3624 1318 ro-

2038 1353 2249 1426 piosam
2293 1354 2856 1411 subministrationem
2892 1356 2961 1409 ab
2986 1371 3053 1412 eo
3093 1357 3313 1411 datam?
3336 1359 3537 1429 quibus
3559 1375 3623 1413 ex

2036 1448 2289 1503 omnibus
2312 1448 2490 1519 gratia
2540 1448 2824 1518 virtusque
2866 1452 3142 1519 operantis
3171 1461 3335 1521 atque
3370 1454 3626 1508 donantis

2037 1541 2537 1607 demonstrabatur.
2585 1540 2796 1598 Idcirco
2845 1543 3011 1598 etiam
3070 1546 3439 1616 praedicebat:
3501 1546 3627 1600 Non

2030 1631 2190 1702 juxta
2213 1632 2385 1702 [tedas
2417 1636 2559 1701 quod
2582 1635 2755 1704 pepigi
2781 1651 2900 1689 cum
2927 1636 3143 1691 illorum
3164 1639 3424 1706 patribus.
3452 1637 3628 1697 Nam-

2038 1739 2143 1794 que
2168 1725 2539 1796 evangelicum
2588 1725 2992 1796 legislationem
3045 1728 3245 1784 deinde
3298 1729 3568 1785 subinl'ert
3611 1749 3624 1785 :

2041 1817 2186 1871 Dans
2231 1819 2368 1888 leges
2425 1835 2566 1872 nicas
2627 1819 2681 1872 in
2727 1829 2953 1874 mentem
2986 1836 3204 1886 eorum,
3256 1833 3304 1876 et
3359 1822 3417 1876 in
3468 1828 3626 1878 corde

332 1909 490 1979 δοὺς
534 1913 762 1980 νόμους
800 1929 931 1981 μου
962 1913 1052 1976 εἰς
1088 1908 1365 1964 διάνοιαν
1412 1905 1648 1974 αὐτῶν,
1695 1905 1796 1961 καί
1833 1905 1934 1961 ἐπὶ

2036 1913 2336 1965 earumdem
2383 1910 2613 1966 scribam
2656 1911 2807 1966 illas.
2855 1911 3061 1968 Gratiae
3091 1913 3240 1983 leges
3268 1929 3375 1968 non
3416 1927 3544 1972 sunt
3572 1919 3624 1968 in

334 2001 593 2071 καρδίας
639 2002 838 2059 αὐτῶν
893 2002 1205 2075 ἐπιγράψω
1243 2000 1484 2067 αὐτούς.
1532 2000 1595 2053 0i
1644 1999 1799 2068 νόμοι
1832 1999 1934 2069 τῆς

334 2097 600 2167 χάριτος,
638 2097 740 2150 οὒκ
777 2098 834 2149 ὲν
873 2096 1052 2175 χάρτῃ
1107 2095 1202 2148 καὶ
1260 2093 1487 2165 μέλανί’
1532 2085 1644 2145 οἷόν
1680 2107 1732 2144 τι
1779 2091 1876 2145 καὶ
1907 2091 1937 2144 ὁ

348 2189 682 2253 Ἀπόστολος
732 2188 1035 2244 αἰνίττεται
1061 2188 1235 2256 λέγων
1259 2204 1275 2218 ο
1323 2186 1397 2242 Ἦ
1436 2183 1735 2254 ἐπιστολὴ
1765 2182 1938 2254 ἡμῶν

341 2280 513 2352 ὑμεῖς
585 2280 728 2337 ἐστε
750 2321 765 2346 ,
831 2279 1281 2352 ἐνγεγραμμένη
1337 2278 1408 2333 ἐν
1474 2276 1608 2344 ταῖς
1662 2274 1937 2345 καρδίαις

340 2374 511 2446 ὑμῶν
529 2391 544 2407 °
576 2373 677 2429 καί
703 2374 1141 2444 φανερούμενοι
1170 2371 1259 2427 ὄτι
1293 2370 1437 2425 ἐστὲ
1460 2368 1759 2438 ἐπιστολὴ
1802 2371 1937 2439 Χρι-

334 2466 526 2528 στοῦ.
575 2465 1010 2535 διακονηθεῖσα
1067 2463 1171 2534 ὑφ’
1228 2461 1434 2533 ὑμῶν,
1487 2460 1937 2533 ἐνγεγραμμένη

2034 2004 2221 2057 charta
2244 2013 2408 2072 atque
2431 2012 2761 2069 atramento,
2781 2004 2926 2060 sient
2948 2004 3110 2060 etiam
3134 2004 3428 2074 Apostolus
3448 2008 3627 2062 innuit

2035 2095 2223 2151 dicens
2262 2113 2276 2150 ε
2316 2093 2562 2165 Epistola
2590 2106 2775 2151 nostra
2817 2113 2905 2152 vos
2941 2099 3090 2163 estis,
3123 2100 3329 2169 scripta
3359 2101 3413 2155 in
3442 2104 3627 2156 cordi-

2035 2184 2130 2240 bus
2161 2187 2381 2251 vestris;
2413 2185 2746 2263 manifesta“
2801 2187 2943 2258 quod
2981 2187 3096 2241 sitis
3137 2185 3338 2244 Christi
3375 2191 3624 2260 epistola,

2035 2279 2341 2334 ministrata
2374 2295 2407 2333 a
2435 2280 2611 2345 nobis,
2656 2282 2863 2349 scripta
2898 2296 3000 2334 non
3033 2290 3353 2347 atramenta,
3379 2288 3472 2337 sed
3503 2283 3630 2349 Spi-

2039 2372 2145 2424 ritu
2176 2370 2274 2426 Dei
2302 2372 2423 2437 vivi,
2481 2389 2587 2427 non
2612 2371 2666 2427 in
2711 2372 2910 2428 tabulis
2946 2372 3194 2444 lapideis,
3245 2377 3337 2430 sed
3372 2378 3427 2430 in
3465 2378 3629 2430 tubu-

2038 2463 2104 2517 lis
2161 2464 2337 2518 cordis
2392 2464 2601 2518 carneis
2635 2464 2699 2517 “.
2738 2461 2859 2519 Non
2914 2466 3059 2521 enim
3114 2466 3169 2520 in
3222 2467 3453 2524 inanimi
3511 2487 3629 2522 tnu-

338 2560 418 2614 οὐ
448 2558 694 2630 μέλανι,
721 2557 887 2613 ἀλλὰ
928 2556 1231 2626 Πνεύματι
1252 2553 1400 2610 Θεοῦ
1426 2551 1679 2620 ζῶντοςο
1726 2555 1837 2607 οὐκ
1870 2552 1942 2606 ἐν

2043 2557 2178 2612 teria
2215 2556 2551 2622 scribuntur,
2583 2559 2676 2612 sed
2702 2557 2797 2612 Dei
2829 2557 3021 2628 digito,
3054 2569 3111 2615 et
3148 2559 3386 2630 Spiritus
3418 2563 3632 2617 caluum

334 2648 533 2714 πλαξὶ
559 2648 843 2716 λιθίναις,
863 2646 1005 2702 ἀλλ’
1028 2646 1095 2701 ἐν
1118 2645 1308 2711 πλαξὶ
1326 2634 1938 2714 καρδίας-σαρκίναις.

338 2744 420 2799 Οὐ
448 2744 555 2816 γὰρ
585 2745 643 2797 ὲν
666 2741 898 2814 ἀψύχοις
921 2740 1075 2806 ὕλαις
1102 2739 1475 2810 ἐγγράφονται
1495 2776 1511 2801 ,
1551 2735 1668 2791 ἀλλ’
1696 2735 1789 2789 ἐπὶ
1813 2737 1934 2798 ταῖς

334 2834 604 2900 διανοίαις
640 2834 750 2890 τῶν
782 2832 1018 2905 λογικῶν
1066 2831 1315 2900 δακτύλῳ
1363 2828 1499 2883 Θεοῦ
1555 2830 1650 2882 καὶ
1705 2827 1936 2899 καλάμῳ

336 2928 642 2984 τυποῦνται
664 2926 742 3001 τῷ
773 2926 1051 2998 Πνεύματι
1073 2943 1087 2959 ·
1119 2926 1229 2979 τῶν
1252 2927 1310 2979 ὲν
1327 2922 1560 2994 ἀληθείᾳ
1587 2924 1682 2976 καὶ
1708 2921 1936 2994 εἰλικρι-

338 3024 465 3095 νείᾳ
483 3021 691 3077 τούτων
716 3020 1149 3093 περιεχομένων,
1169 3019 1263 3074 καὶ
1288 3017 1470 3089 ψυχὴν
1493 3017 1586 3070 καὶ
1605 3014 1730 3070 νοῦν
1746 3013 1939 3070 ἐκκαθ-

340 3116 597 3186 αίροντες
617 3130 631 3145 ’
664 3114 818 3169 οὐδὲν
845 3114 958 3184 γὰρ
1004 3113 1283 3184 ἔγγραφον
1325 3113 1354 3164 ὁ
1388 3109 1660 3183 ἡμέτερος
1693 3107 1936 3181 παραδέ-

2042 2648 2458 2719 imprimuntur,
2505 2651 2558 2704 in
2604 2651 2955 2707 rationalinm
2989 2652 3278 2710 hominum
3334 2657 3627 2720 mentibus.

2041 2740 2275 2796 veritate
2300 2754 2364 2796 ac
2386 2741 2704 2798 sinceritate
2744 2742 3112 2813 imbutorum;
3152 2760 3338 2816 eaeque
3388 2748 3627 2803 animum

2043 2846 2110 2888 ac
2149 2841 2386 2889 mentem
2412 2832 2723 2904 puriﬁcant.
2764 2833 2911 2891 Nihil
2945 2837 3092 2892 enim
3122 2839 3391 2910 scriptum
3417 2839 3629 2912 legisla-

2046 2936 2131 2983 tor
2158 2936 2347 2983 noster
2373 2928 2631 2995 tradidit;
2674 2944 2800 2983 nam
2839 2928 3021 2994 lactis,
3056 2945 3162 2985 non
3197 2931 3418 2998 litteris,
3454 2936 3631 2989 virtu-

2044 3020 2210 3085 tibus,
2229 3035 2341 3076 non
2363 3020 2796 3087 characteribus,
2831 3012 3030 3079 divinae
3053 3023 3202 3094 leges
3227 3039 3325 3078 ceu
3349 3026 3416 3080 ad
3441 3037 3629 3080 osten-

2046 3113 2255 3169 sionem
2291 3113 2528 3183 Spiritus
2563 3115 2617 3169 in
2676 3115 2966 3171 animabus
3022 3115 3398 3172 stabiliuntur.
3447 3117 3540 3172 Sic
3573 3120 3628 3173 in

338 3208 486 3263 δωκε
515 3209 819 3281 νομοθέτης
839 3225 853 3241 ο
904 3207 1197 3281 πράγμασι
1231 3205 1363 3276 γὰρ,
1393 3204 1456 3258 οὐ
1485 3203 1801 3275 γράμμασι,
1844 3200 1942 3255 καὶ⁵

2048 3203 2155 3260 illis
2180 3204 2493 3275 evangelica
2519 3205 3096 3276 prmsigniﬁcabantur
3123 3208 3481 3264 charismata.

337 3300 659 3373 δυνάμεσιν,
691 3301 753 3355 ού
779 3299 1157 3373 χαράγμασιν,
1188 3299 1239 3351 oi.
1274 3296 1412 3352 θεῖοι
1436 3295 1598 3367 νόμοι
1627 3294 1703 3360 ὼς
1723 3296 1784 3348 ὲν
1809 3292 2085 3360 ἀποδείξει
2123 3295 2444 3367 Πνεύματος
2489 3298 2614 3361 ταῖς
2641 3296 2844 3369 ψυχαῖς
2878 3298 3300 3373 ὲγκαθίδρυνται
3324 3319 3339 3334 ο
3361 3303 3538 3367 οὕτως
3568 3305 3628 3355 ἐν

341 3396 578 3461 ἐκείνοις
606 3394 675 3451 τὰ
700 3394 1033 3465 εύαγγελικὰ
1068 3390 1564 3466 προδιεσημαίνετο
1587 3389 1928 3461 χαρίσματα.

419 3534 493 3587 Ἦ
530 3534 652 3605 οὐχὶ
695 3531 873 3587 ταῦτά
898 3534 1048 3587 ὲστιν
1075 3535 1109 3605 ἡ
1148 3532 1289 3604 καλή
1324 3547 1387 3585 τε
1430 3531 1522 3587 καὶ
1556 3529 1785 3600 γόνιμος⁵
1816 3526 1888 3599 γῆ
1911 3565 1928 3591 ι

2111 3527 2298 3582 Nonne
2350 3528 2464 3582 haec
2503 3537 2586 3582 est
2637 3527 2863 3597 pulchra
2914 3523 2966 3583 et
3013 3529 3208 3587 fertilis
3245 3541 3412 3600 terra,
3454 3537 3621 3604 pulm.

341 3628 379 3699 ἡ
430 3626 670 3696 εὐθαλὴς
712 3643 775 3680 τε
829 3625 928 3680 καὶ
979 3625 1261 3696 εῦκαρπος
1290 3625 1539 3696 ἄρουρα,
1574 3624 1607 3693 ἡ
1649 3620 1742 3675 τὸν
1790 3620 1935 3673 θεῖον

342 3719 728 3791 ὑποδεξαμένη
768 3719 1006 3790 σπόρον,
1063 3717 1304 3791 ὁπηνίκα
1354 3718 1384 3771 ὁ
1444 3715 1687 3788 σπείρων
1743 3712 1935 3785 ἐξῆλθε

342 3811 685 3867 καταδαλεῖν
729 3811 824 3866 τοῦ
873 3810 1034 3881 λόγου
1083 3811 1152 3865 τὰ
1186 3810 1515 3882 σπέρματα,
1562 3809 1595 3878 ἡ
1641 3821 1934 3878 καρποφο-

345 3904 519 3976 ροῦσα
573 3904 656 3968 είς
699 3905 998 3976 τριάκοντα
1038 3904 1131 3958 καὶ
1161 3902 1451 3975 ἐξήκοντα,
1494 3901 1591 3954 καὶ
1626 3899 1693 3971 δὴ
1726 3899 1821 3953 καὶ
1851 3899 1933 3962 είς

344 3997 577 4061 ἑκατὸν,
614 3995 643 4049 ὃ
682 3997 940 4067 μέγιστον
989 3997 1085 4050 καὶ
1134 3996 1482 4067 ἀκρότατον;
1528 3994 1736 4049 τούτων
1775 3996 1934 4065 ἀκρι-

343 4088 463 4154 ϐεῖς
513 4087 625 4143 τῶν
677 4088 863 4158 νόμων
922 4089 1265 4159 ὑπογραφεῖς
1300 4089 1394 4141 καὶ
1437 4087 1676 4159 μύσται,
1711 4088 1759 4142 oi
1798 4087 1933 4141 θεῖοι

342 4181 638 4236 ἀπόστολοι
666 4180 966 4252 ὤφθησαν,
1000 4182 1310 4253 κρείττονος
1347 4182 1379 4252 ἦ
1411 4181 1554 4235 κατὰ
1589 4181 1797 4235 Μωσέα
1833 4181 1933 4252 τῆς

343 4275 606 4339 θεοπτίας
648 4292 707 4328 τε
738 4276 834 4328 καὶ
875 4274 1184 4346 ὑπηρεσίας
1209 4274 1582 4345 τετυχηκότες
1607 4291 1620 4304 ·
1651 4274 1700 4329 οἳ
1731 4273 1796 4347 δὴ
1837 4274 1933 4328 καὶ

343 4367 638 4440 θαρραλέῳ
660 4368 1075 4439 φιλοτιμοῦνται
1098 4368 1176 4438 τῷ
1204 4369 1521 4441 φρονήματι
1548 4368 1749 4437 λέγειν’
1781 4366 1932 4422 Θεοῦ

340 4462 533 4531 ἐσμεν
557 4461 844 4532 συνεργοὶ
874 4460 1002 4528 τοῖς
1024 4464 1384 4517 πιστεύουσι
1400 4478 1415 4492 ο
1451 4460 1600 4516 Θεοῦ
1625 4460 1929 4530 γεώργιον,

344 4551 498 4607 Θεοῦ
528 4552 816 4623 οικοδομή
864 4554 1027 4609 ἐστε.
1068 4554 1132 4608 Et
1160 4551 1253 4609 οὖν
1280 4555 1456 4609 ταῦτα
1495 4553 1706 4626 ἀληθῆ,
1740 4553 1931 4625 ὥσπερ

341 4643 407 4715 δὴ
432 4646 530 4698 καὶ
559 4644 689 4710 εἰσὶ,
720 4645 839 4710 πὼς
871 4646 931 4699 ού
974 4646 1380 4718 κατερυθριῶσι
1411 4646 1521 4700 τῶν
1553 4646 1933 4701 ἀποστολικῶν

344 4737 441 4791 καὶ
492 4735 850 4808 προφητικῶν
889 4737 1087 4806 φωνῶν
1119 4737 1527 4810 καταφλυαρεῖν
1556 4737 1606 4792 οἱ
1637 4737 1930 4808 παράφρο-

342 4846 457 4894 νες,
490 4828 566 4894 ὡς
595 4830 695 4900 τὴν
720 4829 818 4883 τοῦ
850 4829 989 4883 Θεοῦ
1028 4829 1322 4903 οἰκοδομὴν
1350 4829 1783 4899 κατασκάψαντα
1813 4847 1928 4900 χειο

342 4921 626 4994 ρὼσασθαι
647 4897 741 4976 τὸν
762 4921 1013 4976 ἀντίθεον
1029 4963 1044 4989 ,
1070 4924 1167 4977 καὶ
1193 4897 1630 4993 καταληῖσασθαι
1663 4922 1724 4976 ab
1748 4897 1927 4994 γεῶρ·
1963 4897 2006 4952 D

337 5027 497 5080 γιον,
568 5012 664 5064 καὶ
726 5011 930 5066 διδόναι
983 5011 1064 5083 τῷ
1123 5012 1440 5084 ἐνεργοῦντι
1501 5013 1573 5067 δι’
1624 5011 1816 5094 αὐτῶν.
1860 5011 1931 5066 τά

224 5118 233 5124 ·
340 5106 674 5175 νικητήριας
711 5106 881 5168 ὅντως
911 5105 1021 5159 τῶν
1062 5105 1283 5160 οἰκείων
1324 5105 1612 5177 γεωργίων
1650 5105 1929 5176 ἁμήσουσι

337 5198 409 5251 τὰ
438 5199 732 5269 δράγματα
767 5200 819 5253 οἱ
851 5199 1080 5254 δείλαιοι
1103 5214 1118 5229 ⁶
1152 5197 1274 5256 εἶτα
1295 5238 1308 5263 ,
1351 5200 1484 5254 Ἐπὶ
1529 5198 1779 5268 καρδίας
1819 5200 1930 5253 αὺ-
1960 5198 1971 5201 ’

337 5288 460 5341 τῶν
492 5288 801 5358 ἐπιγράψω
849 5289 1094 5357 αὐτούς.
1142 5287 1413 5343 Ἐνταῦθα
1443 5287 1554 5342 τῶν
1585 5292 1651 5341 τὰ
1688 5290 1927 5358 εὐαγγε-

336 5376 470 5432 λικὰ
494 5378 834 5450 δεδεγμένων
872 5380 1220 5452 ἐντάλματα,
1265 5381 1387 5434 ἀντὶ
1436 5379 1663 5433 πλακῶν
1700 5378 1923 5434 λιθίνων

336 5472 439 5538 τὰς
468 5473 718 5543 καρδίας,
752 5474 1008 5547 καθάπερ
1037 5476 1193 5538 τινας
1214 5473 1486 5545 λαμπρὰς
1510 5474 1607 5528 καὶ
1636 5473 1922 5545 διαφανεῖς

339 5565 550 5635 στήλας
585 5565 839 5629 ὑπέθετο,
873 5566 997 5620 καθ’
1027 5566 1095 5630 ἃς
1131 5569 1179 5619 oi
1223 5566 1357 5619 θεῖοι
1388 5552 1544 5637 νόμοι
1575 5566 1675 5619 οὐκ
1708 5567 1768 5632 ἐξ
1802 5569 1926 5620 επι-

339 5656 514 5727 πολής
568 5659 1036 5729 ὲγχαράσσονται,
1071 5657 1209 5712 ἀλλὰ
1248 5657 1337 5712 διὰ
1369 5656 1573 5728 βάθους
1622 5659 1925 5713 εἰσδύονται

412 5866 455 5898 ¹¹
491 5864 531 5920 ll
563 5863 688 5920 Cor.
730 5880 809 5930 ιιι,
843 5866 898 5920 2.
978 5865 1019 5896 "
1052 5863 1071 5918 1
1109 5864 1233 5923 Cor.
1272 5881 1354 5934 ιιι,
1385 5864 1437 5920 9.

2042 3635 2203 3675 scens
2233 3630 2289 3674 et
2311 3618 2647 3673 fructuosum
2698 3634 2912 3682 arvum,
2961 3619 3106 3689 quod
3132 3620 3378 3677 divinum
3414 3628 3630 3695 excepit

2039 3726 2260 3778 semen;
2300 3727 2423 3764 cum
2477 3721 2626 3765 sator
2655 3711 2791 3766 exiit
2822 3712 2888 3766 ail
2937 3710 3333 3781 projiciendum
3362 3715 3628 3771 ιίοςιιὶιιειι

2037 3803 2284 3859 semina?
2317 3810 2460 3858 terra
2513 3804 2628 3857 haec
2672 3804 2894 3873 triginta
2950 3815 3004 3860 et
3033 3806 3312 3878 sesaginta
3340 3848 3355 3871 .
3414 3810 3524 3864 itno
3574 3824 3628 3864 (ιι

2036 3905 2253 3949 centum
2286 3894 2482 3961 reddit,
2516 3895 2606 3963 qui
2629 3904 2712 3949 est
2738 3896 3008 3950 maximus
3032 3905 3085 3951 et
3114 3912 3363 3955 summus
3389 3898 3618 3957 fructus.

2036 3986 2238 4041 Harum
2270 3987 2513 4041 accurali
2550 3986 2726 4055 legum
2751 3987 3054 4057 scriptores
3077 4004 3140 4043 ac
3174 3991 3412 4045 ministri
3444 3998 3615 4048 exsti—

2036 4088 2221 4134 terunt
2252 4079 2357 4134 divi
2390 4078 2649 4149 apostoli,
2698 4079 2764 4133 ad
2794 4080 3063 4148 potiorem
3093 4096 3259 4151 quam
3291 4083 3500 4156 Moyses
3532 4088 3623 4141 lini

2034 4171 2544 4242 contemplationem
2589 4180 2645 4225 et
2694 4171 3054 4226 ministerium
3116 4174 3275 4239 elati;
3314 4178 3407 4246 qui
3455 4180 3620 4233 etiam

2035 4263 2280 4318 animosa
2341 4265 2610 4317 sententia
2666 4264 2966 4333 gloriantur
3024 4266 3259 4321 dicere:
3304 4267 3405 4323 Dei
3438 4288 3622 4325 sumus

2034 4356 2304 4425 adjutores
2365 4357 2509 4420 apud
2583 4354 2903 4409 credentes:
2950 4355 3046 4410 Dei
3096 4360 3468 4429 agricultura,
3522 4364 3621 4418 Ι)μί

2032 4445 2318 4514 α’ίίὶβσαιίο
2356 4446 2481 4499 estis
2513 4447 2579 4498 ¹².
2616 4445 2770 4511 Quod
2812 4448 2856 4501 si
2904 4446 3026 4501 hinc
3077 4464 3203 4504 vera
3243 4461 3392 4518 sunt,
3455 4455 3619 4511 εἰιοιιιὶ

2034 4550 2225 4608 reapse
2280 4546 2426 4601 sunt,
2484 4538 2759 4608 quomodo
2818 4552 2925 4591 nou
2975 4539 3306 4598 erubescunt
3347 4546 3618 4605 adversus

2032 4628 2361 4700 apostolicae
2396 4629 2862 4701 prophetieasque
2892 4645 3051 4687 voces
3086 4636 3275 4703 nugari
3321 4636 3376 4693 hi
3406 4644 3617 4706 vesani,

2030 4724 2189 4794 quasi
2222 4722 2319 4779 Dei
2357 4724 2646 4780 aedilicium
2676 4724 3047 4781 Antichristus
3088 4728 3399 4787 subfossum
3450 4748 3615 4790 occu-

2031 4818 2264 4887 paverit,
2315 4817 2582 4888 pratdium
2648 4820 2967 4882 vastaverit,
3036 4823 3319 4880 virtoriam
3354 4839 3478 4881 cum
3511 4828 3618 4882 illis

2031 4925 2265 4979 operans
2292 4910 2583 4966 retulerit?
2611 4910 2814 4968 Deinde
2845 4931 2858 4967 :
2895 4912 2958 4968 In
2993 4920 3152 4970 corde
3172 4933 3353 4972 eorum
3386 4919 3623 4974 scribam

2032 5004 2175 5059 illas.
2211 5002 2309 5059 llic
2341 5005 2576 5068 illorum,
2612 5005 2704 5077 qui
2732 5006 3041 5077 evangelica
3090 5020 3357 5080 przeccpta
3390 5026 3617 5083 recepea

2018 5107 2181 5163 ,rnnt,
2240 5112 2339 5168 pro
2383 5098 2582 5153 tabulis
2643 5098 2891 5170 lapideis,
2930 5101 3094 5154 rorila
3148 5116 3247 5156 ceu
3299 5103 3614 5173 splendidus

2032 5191 2296 5262 quosdam
2332 5183 2695 5262 Iiinpidosque
2734 5194 2920 5262 cippos
2957 5195 3261 5263 proposuit,
3311 5197 3363 5251 in
3420 5197 3616 5267 quibus

2031 5285 2224 5340 divinae
2256 5284 2402 5356 leges
2438 5285 2578 5339 haud
2621 5285 2672 5338 in
2703 5284 2863 5355 221
2897 5282 3182 5353 superﬁcie
3222 5287 3613 5355 charaxantnr,

2032 5377 2125 5431 sed
2159 5377 2267 5432 alte
2293 5385 2602 5447 penetrant.
2629 5372 2694 5430 ad
2729 5393 2902 5445 usque
2936 5378 3156 5433 intimas
3182 5380 3362 5435 cordis
3384 5382 3617 5453 plicatu-

2037 5487 2126 5526 ras
2156 5483 2420 5535 meantes,
2452 5479 2510 5525 ut
2537 5470 2851 5527 indelebilos
2875 5471 3254 5542 diutor-meque
3285 5490 3616 5530 conserven-

2037 5575 2145 5631 tur,
2181 5573 2241 5619 et
2294 5565 2346 5620 in
2382 5580 2543 5620 omne
2585 5580 2760 5620 terum
2817 5564 3117 5620 incolumes
3160 5579 3438 5625 maneant.
3481 5568 3620 5626 lliuc

2037 5658 2349 5729 unicuique,
2377 5660 2422 5714 si
2453 5657 2613 5714 modo
2641 5658 2791 5724 velit,
2823 5658 3130 5729 intelligere
3159 5660 3283 5717 licet
3309 5675 3508 5732 quanta
3534 5675 3619 5718 est.
