3994 6460
416 396 526 463 719
1411 394 1473 457 S.
1512 391 1934 456 NICEPHOR-I
1972 390 2483 452 PATRIARCHJE
2511 391 2629 452 ει).
3575 394 3675 459 720

414 509 596 580 legum
623 506 936 571 diversitas,
966 513 1177 561 tantum
1214 505 1547 577 asseclarum
1587 505 1790 562 distare
1822 502 1996 572 digni-

2099 501 2464 573 διικνούμενοι
2498 504 2577 566 εἰς
2608 501 2675 556 τὰ
2706 501 3013 572 μυχαίτατα
3042 503 3144 575 τῆς
3187 504 3424 576 καρδίας
3453 510 3675 572 πυκτία,

417 608 603 655 tatem.
642 597 697 653 lu
736 600 838 653 hoc
879 598 1043 668 igitur
1086 612 1184 653 nos
1226 597 1436 652 foedere
1475 594 1780 659 constituti,
1831 604 1995 664 atque

2099 595 2157 648 ἐν
2180 587 2263 658 οἷς
2285 593 2647 658 ἀνεξάλειπτα
2676 596 3026 663 συντηρεῖται
3051 593 3455 661 διαιωνίζοντα,
3484 598 3577 650 καὶ
3604 599 3676 671 τῷ

414 693 470 745 in
507 690 625 761 ipso
655 690 967 745 conﬁrmari
1003 698 1057 744 ct
1089 689 1351 744 custodiri
1388 687 1713 742 liducialiter
1751 687 1990 761 creden-

2099 688 2257 740 παντὶ
2308 686 2487 757 χρόνῳ
2542 684 2792 738 ἀνάλωτα
2844 685 3201 755 διαμένονταο
3258 686 3395 741 ἔνθα
3454 689 3676 746 συνιδεῖν

419 791 520 847 tes,
562 781 653 835 Dei
687 780 919 851 populus
941 795 1063 836 esse
1085 779 1398 850 gloriamur,
1426 789 1483 833 et
1526 776 1696 831 Deum
1737 786 1990 846 tauquam

2099 781 2356 852 πρόσεστι
2402 779 2479 850 τῷ
2535 779 2849 849 βουλομένῳ
2898 781 3096 844 παντὶ,
3130 782 3212 834 ὅτι
3264 782 3513 851 παρόσον
3573 783 3676 838 τῶν

412 887 606 942 reapse
627 874 793 927 Deum
820 886 1064 926 nostrum
1092 871 1247 926 nobis
1270 870 1569 925 inscribere
1585 879 1637 924 ct
1662 869 1887 922 tidentcr
1916 867 1963 921 [τι
1979 898 1994 907 -

2099 872 2273 942 νόμων
2324 872 2386 926 τὸ
2417 873 2675 942 διάφορον
2697 914 2713 938 ,
2752 872 2907 944 παρά
2956 873 3213 927 τοσοῦτον
3264 876 3368 929 καὶ
3404 874 3515 929 τῶν
3553 894 3680 930 κατ-

415 965 542 1030 teri,
594 976 652 1020 et
706 964 940 1019 revelata
969 963 1128 1029 facie,
1179 976 1316 1032 puro
1366 962 1552 1027 corde,
1608 976 1713 1015 non
1766 969 1993 1015 nutante

2099 963 2387 1032 ῃχημένων
2419 962 2481 1015 τὸ
2528 963 2771 1032 ἀξίωμα.
2799 964 3109 1035 διενήνοχε·
3146 965 3305 1020 ,κατά
3344 966 3563 1037 παύτην
3592 964 3683 1022 ’.ὗν

414 1058 712 1123 sententia,
753 1057 928 1127 palam
963 1053 1382 1126 proclamamus.

2092 1051 2251 1120 ἡμεῖς
2298 1052 2594 1122 ἑστηκότες
2635 1052 2736 1123 τὴν
2769 1052 3074 1125 διαθήκην,
3118 1055 3214 1108 καὶ
3245 1059 3306 1107 ἐν
3335 1057 3477 1127 αὐτῇ
3524 1058 3683 1127 ἐστη-

412 1150 597 1221 ρίχθαι
626 1149 720 1202 καὶ
743 1146 1099 1220 φρουρεῖσθαι
1133 1144 1507 1208 πιστεύοντες,
1540 1142 1667 1208 λαὸς
1699 1141 1837 1197 Θεοῦ
1901 1143 2263 1214 χρηματίζειν
2308 1143 2622 1214 ἡξιώμεθα,
2660 1144 2752 1197 καὶ
2796 1145 2933 1199 Θεὸν
2996 1147 3096 1201 τὸν
3139 1146 3277 1200 θεὸν
3336 1147 3502 1219 ἡμῶν
3571 1150 3683 1203 ἐπι-

408 1241 720 1314 γράφεσθαι
801 1241 897 1294 καὶ
987 1238 1271 1310 ὁμολογεῖν
1330 1236 1679 1309 θαρρούντως
1762 1235 1855 1289 καὶ
1909 1235 2418 1307 ἀνακεκαλυμμένῳ
2478 1236 2791 1308 προσώπῳ,
2856 1238 2953 1292 καὶ
3007 1239 3240 1310 οιαθαρᾷ
3312 1240 3519 1312 καρδίᾳ
3595 1243 3687 1297 καὶ

409 1335 814 1406 ἁναμφηρίστῳ
847 1334 915 1404 τῇ
950 1330 1143 1403 γνώμῃ
1183 1329 1622 1400 ἀποφαινόμεθα.

487 1430 543 1483 Si
581 1443 711 1497 ergo
748 1426 900 1497 prius
951 1426 1084 1480 illud
1140 1426 1320 1479 fmdus
1355 1440 1461 1479 non
1494 1424 1673 1479 caruit
1713 1424 1781 1478 ob
1822 1423 1996 1478 dictas

415 1535 612 1577 causas
650 1519 1097 1589 reprehensione,
1130 1518 1376 1587 profecto
1396 1527 1610 1588 Oportet
1650 1516 1998 1585 irreprehen-

417 1614 574 1669 sibile
602 1620 657 1667 et
689 1612 915 1666 omnino
963 1610 1313 1680 inculpabile,
1356 1610 1465 1663 imo
1508 1609 1707 1664 illustri
1755 1610 1894 1662 fama
1935 1622 2000 1663 ac

416 1704 722 1769 nobilitate,
752 1716 1086 1770 summaeque
1124 1701 1310 1771 gloria!
1344 1716 1544 1756 corona
1579 1710 1861 1765 ornatum,
1889 1715 1999 1755 no-

416 1809 542 1848 vum
578 1792 751 1848 ftedus
774 1801 896 1862 post
926 1789 1058 1845 illud
1087 1799 1239 1844 vetus
1268 1790 1464 1855 videri,
1499 1806 1597 1845 ceu
1632 1792 1774 1859 quod
1813 1790 1995 1844 omnia

416 1881 758 1934 innovaverit
788 1893 852 1933 ac
894 1876 1208 1948 perfecerit,
1242 1879 1499 1949 quodque
1532 1880 1802 1934 bonorum
1836 1890 1997 1947 caput

414 1981 521 2037 est,
554 1970 824 2040 justitiam
849 1979 1012 2041 atque
1034 1970 1262 2025 salutem
1336 1971 1491 2026 nobis
1533 1971 1855 2028 asseruerit.
1893 1971 1997 2027 Fa-

416 2070 638 2117 cessant
694 2061 878 2130 itaque
916 2061 971 2116 hi
1019 2062 1110 2131 qui
1163 2060 1367 2117 frustra
1423 2072 1675 2133 peccant,
1733 2072 1898 2134 atque
1927 2065 1997 2119 ab

414 2155 563 2208 omni
596 2153 930 2222 blasphemia
986 2152 1313 2223 ineptiisque
1361 2153 1650 2219 desinant,
1688 2169 1860 2224 osque
1893 2152 1995 2209 ob-

416 2254 662 2301 struatur
701 2244 914 2298 illorum
939 2244 1323 2315 quiadversus
1363 2245 1592 2301 Salutem
1635 2258 1876 2319 nostram
1912 2246 1997 2301 in-

412 2336 559 2406 iusta
594 2335 906 2405 loquuntur.
954 2334 1108 2400 Quod
1143 2334 1188 2389 si
1224 2349 1253 2387 a
1301 2333 1569 2389 calumnia
1620 2350 1734 2390 non
1778 2341 1998 2390 cessant

418 2428 637 2496 pietatis
674 2427 881 2493 hostes,
907 2434 1153 2495 quaerant
1172 2424 1298 2480 huic
1320 2432 1526 2480 sectam
1555 2425 1999 2491 contrariam.et

421 2534 603 2575 secum
632 2516 807 2587 capita
841 2514 1148 2581 conferant,
1177 2523 1337 2583 atque
1374 2517 1530 2582 hujus
1561 2516 1893 2569 inventorem
1934 2527 1999 2569 ac

418 2612 788 2681 legislatorem
833 2608 937 2663 sibi
984 2616 1241 2672 cernant,
1283 2623 1314 2660 a
1361 2622 1468 2676 quo
1508 2607 1716 2662 erroris
1774 2605 1996 2660 areanis

419 2706 721 2768 initientur,
751 2702 842 2771 qui
876 2700 991 2755 fere
1033 2709 1119 2755 est
1150 2699 1500 2770 hnjusmodi:
1537 2700 1640 2766 Qui
1684 2702 1999 2754 adversatur

417 2803 469 2850 et
493 2794 766 2849 extollitur
797 2808 961 2863 supra
984 2807 1137 2846 omne
1159 2794 1298 2860 quod
1331 2791 1527 2844 dicitur
1545 2790 1708 2857 Deus,
1738 2801 1830 2844 aut
1858 2789 1997 2860 quod

420 2887 632 2941 colitur.
666 2886 834 2954 tiujus
867 2892 947 2939 est
1003 2888 1258 2937 adventus
1301 2886 1590 2936 secundum
1637 2886 1995 2951 operationem

422 2978 663 3044 Satanas,
691 2978 748 3031 in
778 2976 925 3031 omni
942 2978 1157 3040 uirtute,
1190 2975 1351 3044 signis
1384 2985 1539 3044 atque
1567 2974 1823 3044 prodigiis
1853 2989 1999 3027 men-

421 3074 665 3140 dacibus,
721 3080 773 3126 et
825 3072 881 3124 in
924 3070 1065 3125 omni
1122 3068 1423 3121 seductioue
1459 3066 1758 3136 iniquitatis
1812 3068 1879 3119 iis
1904 3065 1997 3135 qui

2162 1420 2228 1474 Εί
2263 1419 2445 1474 τοίνυν
2484 1419 2908 1492 ούκάμεμπτος
2944 1422 3052 1475 τῶν
3083 1422 3367 1494 διαθηκῶν
3402 1425 3437 1494 ὴ
3476 1423 3680 1498 πρώτη,

2093 1512 2163 1566 δι’
2202 1512 2267 1576 ἃς
2302 1514 2516 1584 είρηται
2570 1515 2779 1577 αἰτίας,
2811 1514 2917 1584 χρὴ
2948 1513 3123 1585 δήπου
3163 1514 3559 1586 τδάμεμπτον
3593 1520 3683 1571 καὶ

2094 1605 2236 1658 κατά
2260 1605 2439 1657 πάντα
2464 1602 3046 1682 τρόπνὶάδιάϐλητον,
3072 1606 3273 1675 μᾶλλον
3290 1607 3356 1659 δὲ
3376 1605 3443 1660 τὸ
3468 1607 3684 1675 εὐκλεὲς

2096 1694 2192 1748 καὶ
2245 1695 2549 1766 ἐπίσημον,
2599 1695 2696 1748 καὶ
2742 1695 2809 1747 τὸ
2851 1695 2978 1767 δόξῃ
3009 1698 3420 1764 κατεστέφθαι,
3456 1702 3523 1769 τῇ
3555 1704 3683 1754 ἀνωο

2029 1785 2285 1891 Βτάτω’
2333 1786 2434 1887 την
2485 1786 2605 1857 μετ’
2652 1786 2871 1859 ἐκείνην
2926 1789 3339 1860 ἀποφέρεσθαι.
3383 1789 3461 1853 ὡς
3505 1791 3683 1846 λοιπὸν

2099 1875 2522 1930 καινοποιοῦσαν
2570 1878 2664 1931 καὶ.
2717 1876 3075 1943 τελειοῦσαν,
3129 1881 3223 1933 καὶ
3272 1879 3338 1933 τὸ
3393 1880 3682 1947 κεφάλαων

2099 1968 2211 2023 τῶν
2266 1967 2489 2036 ἀγαθῶν
2513 2010 2527 2034 ,
2561 1969 2661 2039 τὴν
2704 1969 3059 2042 δικαιοσύνην
3096 1971 3190 2025 καὶ
3230 1973 3517 2043 σωτηρίαν
3558 1975 3683 2045 ἡμῖν

2101 2061 2480 2133 βραϐεύουσαν
2502 2077 2516 2092 ’
2567 2062 2882 2135 ὲῤῥέτωσαν
2906 2060 3000 2117 οὖν
3044 2064 3097 2117 oi
3138 2064 3481 2135 ἀνομοῦντες
3515 2065 3683 2121 διακε-

2096 2156 2219 2226 νῆς,
2265 2155 2361 2209 καὶ
2391 2154 2743 2226 βλασφημίας
2785 2158 2964 2228 πάσης
3007 2158 3105 2211 καὶ
3135 2156 3435 2231 τερθρείας
3481 2160 3683 2214 παυσά-

2099 2248 2350 2315 σθωσαν,
2386 2248 2483 2301 καὶ
2524 2248 2922 2318 ὲμφραττέσθω
2953 2250 3063 2302 πᾶν
3100 2248 3279 2320 στόμα
3313 2250 3682 2306 λαλοῦνκατά

2098 2337 2197 2407 τῆς
2234 2337 2511 2408 σωτηρίας
2545 2337 2703 2407 ἡμῶν
2736 2338 2897 2393 ἄδικα
2918 2356 2931 2370 ·
2964 2341 3015 2392 εί
3040 2338 3096 2393 δὲ
3121 2339 3327 2410 ταύτην
3360 2342 3464 2395 οὐκ
3493 2343 3681 2410 ἀφιᾶτι

2101 2428 2366 2499 μέμψεως
2409 2431 2456 2482 oi
2502 2431 2602 2499 τῆς
2656 2430 2942 2493 εὐσεϐείας
2991 2430 3276 2503 πολέμιοι,
3346 2433 3679 2505 ζητείτωσαν

2098 2522 2293 2593 ἑτέραν
2323 2520 2532 2593 ταύτην
2576 2521 2886 2585 ἀντίθετον,
2923 2523 3022 2575 καὶ
3064 2522 3150 2592 ἐφ’
3181 2525 3403 2588 ἑαυτοῖς
3439 2525 3674 2579 cumet.

2097 2628 2302 2676 τωσαν,
2328 2612 2423 2666 καὶ
2452 2612 2544 2665 τὸν
2584 2616 2794 2685 ταύτης
2837 2612 3071 2684 εὑρέτην
3102 2615 3198 2668 καὶ
3237 2616 3543 2687 νομοθέτην
3570 2616 3680 2670 δια·-

2100 2706 2498 2768 σκοπείτωσαν,
2537 2708 2595 2773 ἐξ
2629 2692 2796 2762 οὖτά
2823 2708 2922 2778 τῆς
2965 2707 3180 2779 πλάνης
3213 2709 3512 2782 ἀπόρρητα
3545 2728 3679 2782 μυη-

2099 2796 2395 2868 θήσονται·
2425 2798 2573 2861 ὅστις
2605 2799 2735 2852 ποτέ
2767 2799 2915 2851 ἐστιν
2962 2793 3138 2863 οὗτος,
3182 2800 3245 2853 '0
3273 2801 3680 2868 ἀντικείμενος

2099 2888 2198 2941 καί
2230 2889 2696 2957 ὑπεραιρόμενος
2732 2890 2832 2943 ἐπὶ
2871 2889 3069 2944 πάντα
3102 2880 3619 2961 λεγόμενον’Θεὸν
3641 2893 3675 2959 ἢ

2100 2979 2377 3051 σέϐασμα
2398 2996 2411 3009 ·
2464 2976 2536 3036 οὗ
2592 2982 2630 3050 ἠ
2687 2982 2991 3050 παρουσία
3036 2982 3166 3036 κατ’
3222 2982 3538 3053 ἐνέργειαν
3578 2981 3675 3036 τοῦ

2102 3072 2338 3127 Σατανᾶ
2361 3112 2375 3137 ,
2416 3074 2486 3127 ἐν
2522 3073 2688 3141 πάσῃ
2718 3072 2989 3143 δυνάμει,
3024 3075 3302 3144 σημείοις
3331 3077 3434 3129 καί
3482 3074 3676 3143 τέρασι

419 3179 661 3238 pereunt.
705 3164 874 3231 Quem
913 3160 1168 3217 Dominus
1203 3160 1478 3229 interﬁt-iet
1517 3159 1708 3227 spiritu
1752 3159 1858 3213 oris
1890 3161 1994 3224 sui,

2100 3164 2400 3232 ψεύδους,
2446 3163 2547 3219 καί
2592 3166 2662 3217 ὲν
2706 3162 2876 3235 πάσῃ
2927 3164 3130 3234 ἀπάτῃ
3165 3165 3275 3235 τῆς
3327 3166 3566 3231 ἀδικίας
3612 3166 3678 3218 ἐν

422 3270 473 3315 et
500 3263 726 3313 aduentu
760 3272 857 3311 suo
896 3256 1126 3310 destruet
1160 3253 1226 3307 ¹³.
1262 3251 1374 3308 Nos
1405 3262 1586 3306 autem
1642 3252 1777 3306 adeo
1826 3250 1999 3305 abun-

432 3352 648 3412 danter,
692 3349 802 3404 imo
867 3348 1252 3410 redundanter,
1308 3345 1487 3401 divina
1545 3334 1771 3399 scientia
1831 3344 2001 3414 gratis

422 3442 641 3509 ditavit,
698 3440 773 3495 ita
839 3449 900 3493 ut
953 3437 1282 3492 ﬁducialiter
1329 3435 1491 3491 sicuti
1546 3437 1864 3501 przedictum
1893 3445 1999 3501 est,

421 3534 671 3590 dicamus
703 3549 718 3586 :
751 3528 877 3585 Non
903 3529 1161 3584 docebunt
1212 3528 1569 3598 unusquisque
1618 3529 1779 3583 civem
1822 3544 1998 3597 suum,

422 3641 517 3680 nec
556 3624 749 3694 singuli
778 3622 1002 3694 fratrem
1041 3638 1215 3687 suum,
1257 3620 1487 3674 dicentes
1525 3636 1544 3675 :
1577 3620 1849 3690 Cognosce
1890 3619 2001 3674 Do-

422 3724 622 3775 minum
657 3719 720 3772 ".
760 3718 822 3772 Et
852 3716 992 3771 unde
1015 3716 1116 3771 hoc
1144 3712 1360 3787 scient?
1401 3712 1539 3778 Quia
1562 3714 1764 3779 cuncti,
1800 3714 1996 3782 inquit,

422 3826 571 3869 erunt
640 3810 893 3867 docibiles
943 3809 1039 3863 Dei
1096 3809 1160 3863 ¹⁵.
1217 3809 1280 3863 Et
1334 3825 1349 3862 :
1404 3806 1743 3877 Quwcuuque
1794 3808 1995 3876 facilia,

424 3908 600 3961 oniuia
639 3908 706 3960 ad
743 3904 836 3958 Dei
855 3902 1081 3974 gloriam
1109 3901 1271 3971 facite
1304 3900 1368 3954 ⁸⁸.
1415 3899 1480 3952 Et
1515 3914 1580 3953 en
1604 3914 1768 3954 causa
1802 3917 1818 3955 :
1853 3899 1998 3964 Quia

424 4002 586 4053 scient
620 4016 649 4050 a
689 4012 851 4068 parvo
890 3996 1123 4064 ipsorum
1155 4007 1316 4061 usque
1339 3989 1408 4044 ad
1441 4005 1690 4060 magnum
1723 3990 1791 4048 ¹⁷,

2098 3255 2222 3321 τοῖς
2278 3255 2724 3325 ἀπολλυμένοις
2748 3272 2763 3288 ·
2798 3256 2877 3310 ’ὃν
2923 3259 2958 3312 ὁ
3003 3258 3220 3327 Κύριος
3258 3258 3563 3312 ἀναλώσει
3606 3259 3676 3321 τῷ

2106 3348 2399 3416 πνεύματι
2425 3347 2531 3401 τοῦ
2570 3350 2869 3417 στόματος
2907 3349 3134 3414 αὐτοῦ,
3175 3350 3273 3403 καί
3317 3349 3675 3419 καταργήσει

2098 3437 2177 3508 τῇ
2214 3440 2532 3508 ἐπιφανείᾳ
2567 3439 2777 3494 αὐτοῦ.
2839 3439 3020 3509 Ἠμᾶς
3061 3441 3117 3494 δὲ
3146 3441 3407 3496 τοσοῦτον
3453 3444 3486 3513 ή
3527 3441 3675 3513 χάρις

2102 3531 2401 3602 φιλοτίμως
2428 3531 2523 3585 καὶ
2550 3533 2614 3585 ἐκ
2644 3532 2986 3602 περιουσίας,
3017 3533 3117 3602 τῆς
3145 3532 3299 3596 θείας
3330 3531 3676 3603 ἐπιγνώσεως

2102 3624 2199 3695 τὴν
2221 3624 2432 3694 δωρεὰν
2465 3624 2918 3690 κατεπλούτισεν,
2959 3623 3102 3677 ὥστε
3130 3625 3508 3695 θαρρούντως.
3540 3622 3676 3677 καθά

2107 3716 2199 3769 καὶ
2261 3716 2755 3788 προκεκήρυκται,
2812 3716 2996 3783 λέγειν
3025 3732 3038 3747 ο
3072 3717 3154 3770 Οὐ
3214 3716 3300 3785 μὴ
3360 3715 3675 3780 διδάξωσιν⁴

2102 3806 2363 3874 ἕκαστος
2403 3807 2512 3861 τὸν
2557 3811 2818 3877 πολίτην
2852 3809 3078 3870 αὐτοῦ.
3108 3809 3207 3863 καί
3260 3809 3521 3875 ἕκαστος
3574 3805 3675 3860 τὸν

2102 3898 2374 3969 ἀδελφὸν
2417 3892 2632 3967 αὐτοῦ,
2667 3900 2865 3970 ,λέγων
2888 3915 2903 3931 ·
2929 3899 3123 3955 Γνῶθι
3156 3902 3264 3955 τὸν
3297 3905 3539 3970 Κύριον.
3575 3896 3674 3951 Καὶ

2102 3989 2267 4043 πόθεν
2303 3991 2463 4044 τοῦτο
2499 3991 2772 4056 εἰσονταις
2820 3991 2971 4057 "Ott,
3010 3993 3198 4062 φησὶν,
3245 3992 3496 4047 ἔσονται
3529 3987 3671 4043 πάν-

422 4109 524 4158 τες
572 4089 839 4144 διδακτοὶ
889 4087 1058 4141 Θεοῦ.
1106 4086 1255 4152 Καὶ,
1318 4081 1448 4140 Πᾶν
1501 4083 1534 4136 ὅ
1571 4100 1627 4137 τι
1670 4080 1747 4137 ἂν
1785 4081 2034 4152 ποιῆτε,
2074 4083 2271 4141 πάντα
2316 4088 2404 4151 είς
2460 4084 2652 4149 δόξαν
2710 4085 2859 4139 Θεοῦ
2915 4084 3155 4140 ποιεῖτε.
3196 4088 3306 4140 Καὶ
3348 4088 3411 4140 τὸ
3450 4087 3618 4140 αῖτιον
3654 4094 3671 4112 ⁸

426 4191 557 4240 Ὀτι
587 4183 812 4249 πάντες
839 4180 1158 4247 είδήσουσί
1196 4195 1271 4245 με
1304 4176 1424 4234 ἀπὸ
1444 4176 1663 4247 μικροῦ
1691 4177 1805 4243 ἕως
1825 4177 2095 4247 μεγάλου
2122 4177 2341 4234 αὐτῶν.

494 4277 772 4333 Edormite
795 4273 1094 4343 crapulam,
1112 4273 1269 4339 ebrii,
1286 4287 1315 4325 a
1331 4271 1457 4326 vino
1479 4271 1771 4339 impietatis
1783 4281 1998 4336 vestras,

433 4382 491 4427 et
527 4368 830 4425 auscultate
865 4367 1143 4436 propheta:
1182 4362 1360 4418 valide
1388 4362 1641 4431 clareque
1684 4360 1942 4416 clamanti
1980 4377 1996 4415 :

2190 4269 2518 4341 Ἐκνήψατε,
2551 4272 2601 4324 οί
2631 4271 2946 4343 μεθύοντες,
2990 4272 3049 4338 ἐξ
3088 4276 3238 4329 οῖνου
3266 4274 3370 4345 τῆς
3420 4272 3670 4336 ἀσεϐείας

2105 4363 2291 4433 ὑμῶν,
2358 4363 2452 4416 καὶ
2512 4364 2843 4417 ἐνωτίσασθε
2906 4364 3000 4419 τοῦ
3047 4367 3335 4437 προφήτου
3391 4364 3672 4425 ἀκούοντες

429 4461 560 4534 quia
611 4475 718 4515 non
773 4471 913 4513 unus
958 4467 1052 4509 aut
1087 4454 1215 4520 duo,
1239 4453 1322 4508 vel
1356 4468 1549 4508 servus
1595 4461 1687 4507 aut
1731 4451 1887 4518 liber,
1917 4450 1998 4506 vel

2106 4455 2249 4525 μέγα
2283 4456 2378 4509 καὶ
2422 4454 2676 4527 λαμπρὸν
2731 4454 3035 4519 ἐκϐοῶντος
3057 4475 3071 4490 ο
3121 4459 3202 4510 ὅτι
3229 4458 3328 4528 οὐχ
3366 4451 3446 4523 εἷς
3479 4458 3510 4527 ἢ
3548 4454 3668 4517 δύου,

433 4557 586 4610 dives
609 4562 698 4606 aut
725 4565 950 4621 pauper,
984 4546 1069 4603 vel
1098 4546 1351 4615 princeps
1369 4556 1463 4599 ant
1493 4544 1768 4610 subditus,
1805 4544 1888 4597 vel
1912 4558 2006 4599 rex

431 4660 522 4702 tua
566 4649 830 4716 privatus,
877 4641 963 4696 vel
994 4640 1217 4695 omnino
1262 4638 1352 4694 hic
1385 4646 1479 4692 aut
1512 4637 1621 4703 illc,
1666 4638 1761 4692 sed
1793 4651 2006 4700 omnes,

427 4739 625 4809 inquit,
665 4743 1005 4807 cognoscent
1033 4748 1139 4797 me,
1169 4746 1198 4786 a
1229 4745 1397 4801 parvo
1427 4744 1598 4799 usque
1624 4729 1689 4783 ad
1723 4743 2003 4798 maguum.

426 4830 598 4898 Quem
655 4843 786 4883 vero
845 4822 1208 4895 cognoscent?
1253 4823 1571 4877 Creatorem
1607 4818 2005 4889 Dominumque

426 4924 695 4986 omnium,
730 4919 820 4992 qui
852 4919 1000 4975 dedit
1024 4918 1157 4989 ipsis
1210 4917 1462 4987 spiritum
1507 4914 1646 4978 vitae,
1690 4922 1999 4968 curatorem

426 5022 978 5081 conservatoremque
1025 5011 1294 5073 omnium,
1346 5002 1749 5061 benefactoretu
1777 5001 1869 5072 qui
1913 5015 2003 5056 sa-

425 5104 626 5178 pientia
663 5117 759 5159 sua
794 5099 1057 5172 gubernat
1086 5099 1272 5155 omnia
1297 5112 1363 5154 ac
1384 5095 1593 5165 dirigit,
1617 5093 1712 5165 qui
1748 5091 2000 5148 omnibus

423 5196 799 5256 exsistentiam
834 5204 890 5251 et
924 5193 1353 5249 incolumitatem
1407 5189 1736 5259 suppeditat.
1783 5181 1999 5255 Nequa-

423 5306 585 5362 quam
640 5289 849 5357 alienos‘
879 5285 1011 5340 deos
1068 5288 1423 5355 cognoscent,
1466 5293 1722 5355 manuum
1769 5291 1994 5332 suarum

420 5382 637 5453 opiﬁcis
663 5396 768 5437 non
807 5381 1130 5443 adorabunt,
1159 5390 1264 5430 non
1291 5375 1473 5431 dicent
1496 5370 1660 5441 lapidi
1684 5378 1779 5425 aut
1808 5369 1952 5442 ligno
1979 5386 1993 5423 :

422 5474 626 5533 Turres
652 5473 850 5530 creasti
884 5488 900 5527 :
926 5471 1022 5526 sed
1052 5484 1140 5525 me
1160 5481 1353 5523 omnes
1378 5472 1744 5536 cognoscent;
1769 5477 1799 5517 a
1832 5476 1998 5532 parvo

421 5570 488 5623 ad
512 5580 763 5636 magunum
789 5579 872 5619 me
893 5570 1248 5635 c0gnoscent,
1284 5574 1390 5615 non
1417 5568 1600 5613 autem
1631 5554 1997 5626 ignorabunt:

426 5675 599 5734 neque
639 5657 910 5716 diabolum
968 5656 1318 5719 adorabunt,
1371 5666 1548 5724 neque
1593 5661 1856 5707 creaturae
1883 5648 1999 5705 loco

503 5818 548 5850 “
590 5814 634 5870 ιι
662 5814 850 5871 Thess.
888 5829 948 5877 ll,
985 5815 1010 5866 Δ
1047 5814 1099 5868 9.
1182 5810 1226 5843 “‘
1258 5810 1457 5867 Jcrem.
1498 5824 1645 5873 xm,
1678 5808 1771 5863 51.
1849 5808 1890 5838 ”‘
1918 5804 2080 5859 Joan.
2118 5801 2304 5871 “,45.

2102 4545 2135 4617 ἢ
2175 4545 2361 4611 δοῦλος
2398 4545 2774 4618 ⁴ἢὲλεύθερος,
2809 4548 2843 4618 ἢ
2895 4547 3149 4612 πλούσιος
3187 4548 3221 4620 ἢ
3259 4552 3465 4622 πένης,
3496 4547 3529 4619 ἢ
3576 4544 3669 4616 ἀρ-

2101 4656 2212 4711 χων
2242 4640 2274 4710 ἢ
2306 4639 2613 4711 ἀρχόμενος
2634 4678 2649 4703 ,
2697 4638 2731 4710 ἢ
2764 4639 3018 4709 βασιλεὺς
3067 4640 3099 4710 ἢ
3145 4641 3394 4713 ίδιώτης,
3428 4641 3462 4712 ἢ
3492 4637 3668 4699 ἀπλῶς

2099 4732 2128 4783 ὁ
2165 4731 2317 4785 δεῖνα
2348 4732 2441 4783 καὶ
2469 4733 2497 4784 ὁ
2529 4731 2698 4797 δεῖνα,
2745 4732 2880 4786 ἀλλὰ
2908 4733 3135 4796 πάντες,
3176 4735 3367 4804 φησὶν,
3403 4727 3666 4803 εἰδήσουσί

2103 4839 2192 4895 με,
2224 4823 2332 4876 ἀπὸ
2377 4824 2578 4896 μικροῦ
2607 4824 2788 4879 αὐτῶν
2820 4825 2922 4889 ἕως
2973 4825 3214 4896 μεγάλου
3261 4827 3461 4881 αὐτῶν.
3508 4824 3666 4888 Τίνας

2103 4912 2197 4965 τὸν
2229 4912 2465 4984 Ποιητὴν
2495 4912 2592 4967 καὶ
2621 4913 2901 4986 Δεσπότην
2930 4914 3111 4969 αὐτῶν
3130 4954 3146 4978 ,
3179 4918 3271 4969 τὸν
3301 4916 3461 4971 δόντα
3494 4911 3667 4971 αὐτοῖς

2106 5004 2276 5077 πνοὴν
2304 5005 2473 5077 ζωῆς,
2489 5004 2588 5060 τὸν
2616 5006 2921 5078 κηδεμόνα,
2942 5008 3037 5063 τὸν
3066 5007 3301 5079 συνοχὲα
3329 5007 3423 5063 τοῦ
3457 5003 3663 5065 παντὸς,

2103 5098 2196 5151 τὸν
2225 5097 2525 5169 εὐεργέτην
2549 5138 2566 5164 ,
2612 5097 2706 5152 τὸν
2740 5094 2799 5152 ἐν
2833 5101 2898 5171 τῇ
2932 5099 3097 5171 σοφίᾳ
3126 5098 3293 5155 αύτοῦ
3335 5096 3664 5172 κυϐερνῶντα

2103 5190 2173 5244 τά
2213 5190 2395 5245 πάντα
2421 5193 2518 5245 καὶ
2543 5190 2864 5261 διεξάγοντα
2884 5232 2899 5257 ,
2932 5193 3026 5246 τὸν
3061 5194 3196 5247 πᾶσι
3225 5194 3286 5248 τὸ
3321 5190 3471 5248 εἶναι
3494 5190 3584 5245 καὶ
3612 5186 3665 5239 τδ

2097 5279 2157 5338 εὖ
2194 5279 2335 5336 εἶναι
2372 5282 2723 5355 δωρούμενον
2745 5299 2759 5314 ·
2797 5284 2861 5337 οὐ
2896 5282 3054 5347 θεοὺς
3080 5284 3398 5357 ἀλλοτρίους
3420 5278 3664 5354 γνωριοῦ-

2100 5389 2216 5439 σιν,
2263 5373 2325 5425 οὐ
2378 5374 2493 5436 τοῖς
2537 5370 2722 5442 ἔργοις
2761 5372 2871 5426 τῶν
2907 5374 3109 5445 χειρῶν
3143 5375 3329 5429 αὐτῶν
3372 5370 3661 5447 προσκυνή-

2102 5477 2311 5526 σουσιν.
2335 5460 2400 5514 οὐ
2426 5459 2503 5531 μὴ
2527 5459 2727 5515 εἴπωσι
2751 5461 2830 5532 τῷ
2859 5462 2993 5533 λίθῳ
3015 5465 3111 5517 καὶ
3139 5463 3217 5535 τῷ
3240 5463 3414 5537 ξύλῳο
3437 5463 3506 5517 Σὺ
3525 5457 3660 5531 ἡμᾶς

2099 5554 2368 5623 ἐποίησας
2390 5569 2407 5586 ο
2448 5553 2564 5608 ἀλλ’
2598 5554 2701 5624 ἐμὲ
2726 5554 2930 5619 πάντες
2957 5556 3266 5628 εἰδήσουσιν
3289 5599 3304 5623 ,
3343 5557 3448 5612 ἀπὸ
3478 5547 3658 5626 μικροῦ

2100 5647 2206 5710 ἕως
2244 5645 2480 5719 μεγάλου
2520 5647 2703 5702 αὐτῶν
2738 5648 2840 5719 ἐμὲ
2876 5648 3206 5721 είδήσουσιν,
3239 5652 3341 5706 οὐκ
3375 5648 3656 5720 ἀγνοήσον-

2413 5805 2457 5838 ¹⁶
2497 5802 2674 5859 lCor.
2711 5819 2766 5870 τ,
2807 5804 2899 5859 51.
2981 5806 3022 5837 ¹⁷
3045 5805 3506 5869 Jercm.xxx1,35.
