3994 6438
314 363 404 435 721

1157 370 1727 437 APOLOGETICUS
1764 377 1913 439 PRO
1951 380 2216 443 SACRIS
2256 386 2742 449 IMAGINIBUS.‘

3459 380 3566 445 722

306 499 384 535 σιν
404 521 420 547 ν
453 477 571 534 οὑδὲ
616 475 695 548 τῷ
719 473 951 548 διαϐόλῳ
980 486 1479 551 προσκυνήσουσιν,
1514 485 1635 539 οὐδὲ
1669 488 1736 556 τῇ
1764 485 1886 540 κτί-

1993 494 2269 551 Creatoris
2316 494 2522 551 cultum
2555 494 2891 550 exhibebunt
2921 512 2936 548 :
2973 495 3067 548 sed
3117 492 3213 566 qui
3248 507 3346 563 per
3397 494 3567 550 mini-

314 590 391 626 σει
417 573 566 642 παρὰ.
605 570 694 624 τὶν
723 568 983 624 κτίσαντα
1013 570 1073 624 τὸ
1104 571 1266 636 σέὸας
1296 575 1653 647 ἀπονείμαιεν
1673 592 1687 608 ο
1710 576 1828 631 ἀλλ’
1853 579 1882 633 ό

320 662 546 734 ἐνεργῶν
567 661 659 715 διὰ
678 662 788 715 τῶν
817 662 1236 736 ὑπηρετούντων
1262 667 1412 738 αύτῷ
1444 671 1880 740 ἀποφθέγγεται,

321 752 402 806 ίνα
432 754 543 817 τοῖς
571 752 712 806 οὕτω
742 753 1016 825 λαμπροῖς
1041 756 1137 809 καὶ
1162 757 1450 828 διαφανέσι
1492 761 1590 831 τῆς
1624 762 1885 834 ἀληθείας

319 844 522 912 λόγοις,
556 844 654 916 τὴν
695 845 905 898 οἰκείαν
943 845 1311 920 ψευδηγορίαν
1358 851 1452 904 καὶ
1490 852 1703 924 πλάνην
1760 857 1887 909 ἀντ-

320 938 657 1009 αναστήσωσι
681 953 696 969 ·
741 937 863 1003 πῶς
900 940 1010 1011 γὰρ
1062 940 1190 1012 ἐξῆν
1225 944 1352 1007 τοὺς
1379 945 1479 1017 τὴν
1511 947 1705 1015 καινὴν
1752 942 1903 1001 ταυέ

318 1028 435 1098 τηνί
487 1028 750 1100 διαθήκην
815 1031 999 1104 πολλῷ
1061 1033 1164 1104 τῆς
1217 1036 1494 1106 προτέρας
1545 1038 1885 1110 ὑψηλοτέραν

319 1120 656 1187 δεξαμένους,
677 1123 768 1175 ἐπὶ
797 1123 897 1194 τὴν
920 1123 1031 1177 τῶν
1051 1127 1297 1196 ματαὲων
1327 1128 1884 1200 ἀπολισθῆσαιπροσ-

320 1209 534 1281 κύνησιν
558 1228 571 1277 ;
599 1212 827 1280 τιῙάντες
878 1210 972 1269 οὖν
1009 1216 1282 1288 εἰδήσουσί
1338 1237 1406 1290 με
1428 1261 1441 1285 ,
1478 1222 1643 1292 φησίν
1663 1237 1675 1252 ο
1703 1220 1891 1291 ὥσπερ

317 1305 418 1375 γὰρ
445 1304 473 1356 ό
500 1304 761 1375 αἰσθητὸς
791 1299 948 1372 οὗτος
972 1308 1124 1378 ἣλιος
1157 1310 1339 1365 πᾶσαν
1358 1311 1490 1382 ὅσην
1520 1315 1692 1385 ἐφορᾷ
1716 1331 1890 1367 κατα-

318 1392 531 1465 φωτίζει
575 1397 716 1466 γῆν,
762 1397 935 1462 οὕτως
982 1401 1010 1454 ὁ
1038 1401 1140 1471 τῆς
1169 1401 1527 1471 δικαιοσύνης
1567 1405 1719 1475 ἥλιος
1751 1402 1888 1476 Χριὲ

319 1489 435 1552 στὸς
475 1490 503 1542 ό
524 1488 657 1553 Θεὸς
686 1490 845 1561 ήμῶν
884 1494 1019 1545 πᾶσι
1043 1494 1149 1558 τὰς·
1169 1494 1269 1564 τῆς
1299 1494 1642 1564 θεογνωσίας
1664 1497 1891 1560 ἀκτῖνας

1990 596 2135 644 stros
2164 602 2295 644 suos
2317 596 2599 659 operatur,
2640 589 2687 642 is
2716 587 2968 656 loquetur
2994 602 3010 652 ;
3046 597 3104 640 nt
3133 597 3245 640 tam
3274 586 3570 656 splendidis

1990 679 2335 751 limpidisque
2372 680 2619 736 veritatis
2670 678 3019 735 sermonibus
3064 677 3358 733 falsitatem
3412 694 3566 732 suam

1992 781 2156 840 atque
2193 785 2437 825 errorem
2464 779 2763 840 opponant.
2801 767 2902 836 Qui
2933 767 3078 823 enim
3129 766 3246 822 lieri
3279 777 3486 837 posset,
3511 776 3570 821 ut

1992 863 2084 933 qui
2104 879 2299 918 novqu
2325 862 2425 919 hoc
2450 861 2628 918 Iunius
2666 860 2835 916 multo
2870 857 3139 915 excelsius
3173 858 3356 927 priore
3387 858 3566 912 admi-

1994 959 2206 1014 serunt,
2240 950 2307 1004 ad
2356 951 2656 1004 vanitatum
2711 949 3060 1003 revolvantur
3082 947 3334 1003 cultum?
3365 946 3569 1007 Omnes

1993 1038 2175 1107 itaque
2200 1055 2286 1094 me
2314 1049 2671 1111 cognoscent,
2704 1039 2901 1108 inquit.
2944 1039 3098 1092 Sit-ut
3130 1038 3276 1093 enim
3328 1034 3565 1091 sensibi-

1993 1130 2059 1185 lis
2103 1131 2194 1185 hic
2241 1131 2322 1185 sol
2371 1131 2682 1185 universam
2723 1145 2885 1200 quant
2932 1137 3148 1198 spectat
3201 1138 3403 1182 terram
3437 1126 3565 1180 illu-

1990 1222 2181 1284 minat,
2213 1223 2285 1277 ita
2306 1222 2536 1293 justitia:
2564 1222 2644 1277 sol
2670 1220 2921 1276 Christus
2953 1220 3093 1274 Dens
3120 1230 3311 1274 noster
3344 1219 3562 1273 cunctis

1989 1314 2186 1369 divinae
2242 1314 2453 1369 notitia:
2501 1314 2685 1368 radios
2744 1328 2837 1380 per
2875 1310 3229 1380 Evangelium
3287 1310 3555 1373 incendit,

1992 1415 2350 1481 nostrumque
2377 1407 2618 1461 omnium
2652 1414 2860 1459 mentes
2896 1404 3246 1468 illuminavit,
3277 1412 3333 1458 et
3375 1401 3561 1457 divina

1991 1498 2220 1553 scientia
2261 1500 2544 1569 gratiaque
2579 1498 2893 1568 complevit.

317 1576 397 1631 διὰ
422 1578 511 1631 τοῦ
550 1579 895 1649 [εὐαγγελίου
923 1583 1215 1655 ἐξέλαμψε,
1254 1584 1350 1637 καὶ
1392 1585 1492 1650 τὰς
1547 1585 1790 1651 διανοίας
1829 1586 2050 1642 πάντων
2082 1586 2243 1660 ἡμῶν
2315 1587 2635 1660 κατηύγασε
2659 1629 2676 1657 ,
2712 1588 2811 1660 τῆς
2857 1587 3009 1653 θείας
3049 1584 3387 1659 ὲμπιμπλῶν
3427 1580 3573 1653 γνῶ-

320 1670 446 1736 σεώς
469 1689 525 1726 τε
551 1672 648 1726 καί
674 1668 917 1744 χάριτος.

380 1734 531 1824 Τίνες
556 1760 617 1815 δὲ
642 1734 924 1818 είένόὖτοι
944 1806 958 1829 ,
993 1764 1310 1820 εἰπάτωσαν
1343 1768 1533 1820 αὐτοίσ
1565 1769 1613 1821 εἰ
1646 1768 1745 1838 μέν
1773 1768 1882 1839 γάρ

2060 1767 2291 1835 Quinam
2322 1782 2456 1822 vero
2481 1767 2589 1823 sint
2623 1767 2698 1833 bi,
2728 1766 2916 1821 dicant
2956 1765 3080 1836 ipsi.
3105 1763 3240 1818 Nam
3272 1765 3316 1821 si
3351 1766 3402 1819 in
3444 1781 3569 1835 par-

315 1853 403 1924 τὴν
429 1852 708 1925 ἡμετέραν
744 1853 971 1919 ἔλθοιεν,
1008 1859 1074 1926 τῇ
1113 1857 1340 1929 ἀληθείᾳ
1373 1859 1467 1912 καὶ
1495 1859 1627 1930 ἡμῖν
1664 1859 1882 1930 συμφή-

318 1958 489 2005 σαιεν,
523 1941 601 2007 ὡς
639 1941 795 2014 οἰτῷ
836 1943 929 1998 τοῦ
963 1944 1202 2016 Χριστοῦ
1234 1947 1326 2000 καὶ
1368 1946 1502 2001 Θεοῦ
1532 1946 1689 2019 ήμῶν
1748 1963 1883 2002 κατ-

325 2035 742 2105 εσφραγισμένοι
768 2036 861 2090 καὶ
891 2038 1317 2109 ἐπικεκλημένοι
1339 2039 1591 2110 όνὸματιι
1629 2041 1754 2095 εἰδὲ
1783 2042 1884 2110 τὴν

320 2126 544 2181 ἐναντίαν
573 2127 970 2200 πορεύσονται,
1008 2131 1197 2199 σαφῶς
1242 2133 1337 2185 τοῦ
1374 2133 1687 2205 ἀκαθάρτου
1723 2133 1887 2187 πνεύ-

326 2235 471 2289 ματος
502 2220 534 2289 ἡ
584 2222 850 2292 ἐνέργεια
870 2238 884 2251 ο
916 2221 1320 2278 διδασκέτωσαν
1356 2206 1482 2290 τοὺς
1528 2227 1761 2296 ἀμαθεῖς
1791 2226 1887 2281 καὶ

327 2311 666 2376 ἀπαιδεύτους
695 2315 743 2367 οἰ
788 2316 844 2367 ἐν
883 2313 961 2385 τῷ
1014 2314 1145 2386 ἰερῷ
1187 2317 1409 2381 παῖδες,
1452 2319 1887 2389 αὐτεπάγγελτοι

322 2403 520 2474 ἥκοντες
549 2406 643 2474 ἐφ’
690 2400 773 2470 οἷς
815 2406 990 2461 ταῦτα
1035 2410 1486 2480 συνεπεραίνετο,
1522 2411 1786 2467 Ὡσαννὰ
1818 2413 1888 2467 ἐν

319 2496 426 2563 τοῖς
455 2499 777 2567 ὑψίστοις,
813 2500 1120 2564 ἐκϐοῶντες
1143 2518 1158 2534 ο
1212 2503 1621 2572 εὐλογημένος
1652 2506 1685 2558 ὁ
1721 2505 1889 2575 ἐρχό-

313 2607 478 2660 μενος
507 2593 575 2646 ἐν
622 2594 870 2662 ὀνόματι
911 2595 1156 2664 Κυρίου.
1206 2596 1739 2666 Καταισχυνέτωσαν
1785 2599 1887 2651 αύ-

316 2685 429 2751 τοὺς
470 2683 744 2758 Ἑλλήνων
776 2687 987 2753 παῖδες,
1013 2688 1042 2742 ὂ
1072 2689 1165 2743 καί
1210 2687 1512 2759 θαυμάζειν
1552 2689 1702 2757 ἄξιον
1723 2730 1737 2756 ,
1769 2691 1887 2745 οἵαν

319 2776 534 2848 σπουδὴν
570 2778 884 2846 ἐποιοῦντο,
915 2780 1016 2851 τῆς
1053 2778 1229 2849 Ἰησοῦ
1258 2779 1476 2850 ὁμιλίας
1501 2778 1757 2852 ἐρῶντες,
1793 2780 1889 2835 καί

318 2873 429 2934 τοὺς
466 2871 654 2936 ,αὑτοῦ
699 2872 951 2944 μαθητὰς
1005 2874 1159 2942 ἄγειν
1197 2873 1274 2937 ὡς
1307 2874 1474 2926 αὑτὸν
1505 2871 1846 2938 ἱκετεύοντες
1868 2888 1883 2903 ο

318 2967 398 3017 τὸν
442 2965 537 3036 μέν
569 2962 674 3020 οὖν
718 2967 1008 3020 Ἰουδαϊκὸν
1041 2967 1213 3038 δῆμον
1246 2966 1335 3021 διὰ
1374 2970 1561 3038 φωνῆς
1591 2967 1888 3039 προφητῶν
1914 3004 1960 3065 c

317 3058 343 3110 ό
366 3058 466 3111 τῶν
504 3060 652 3113 ὅλων
699 3059 832 3125 Θεὸς
865 3061 923 3114 ἐν
960 3060 1165 3122 αἰτίαις
1206 3061 1493 3130 μεγίσταις
1529 3061 1769 3113 ἐποιεῖτο
1797 3059 1887 3113 λέ-

317 3166 437 3218 γων’
472 3152 671 3221 Ἔγνω
697 3151 857 3217 ,βοῦς
882 3152 989 3205 τὸν
1024 3150 1430 3221 κτησάμενον,
1464 3152 1560 3205 καί
1594 3152 1734 3219 ὄνος
1773 3153 1888 3221 τὴν

317 3241 539 3311 φάτνην
558 3242 674 3298 τοῦ
688 3244 899 3312 κυρίου
911 3243 1116 3298 αὐτοῦ’
1147 3243 1396 3311 Ἰσραὴλ
1418 3243 1486 3297 δέ
1495 3261 1569 3313 με
1585 3246 1695 3298 οὐκ
1710 3245 1884 3313 ἔγνω,

317 3333 402 3387 καί
424 3336 455 3388 ό
480 3334 638 3402 ,λαός
659 3351 736 3405 με
760 3335 832 3389 οὐ
857 3331 1131 3400 συνῆκεν
1152 3348 1166 3364 ’
1184 3332 1259 3396 ὡς
1274 3334 1342 3401 δὴ
1359 3334 1459 3405 τὴν
1486 3334 1701 3402 ἀλόγοις
1726 3334 1888 3399 ζώοις

320 3424 642 3495 κτηνωδίαν,
702 3426 802 3496 τὴν
853 3424 1078 3479 ἐκείνων
1129 3424 1451 3495 ἀϐελτερίαν
1508 3425 1603 3479 καὶ
1665 3425 1888 3494 ἀλογίαν

319 3514 564 3587 ἑωρακὼς
612 3516 1106 3589 παρελαύνουσαν’
1146 3519 1295 3589 ἡμᾶς
1333 3517 1391 3570 δὲ
1425 3518 1508 3587 ἐφ’
1544 3516 1637 3597 oi);
1676 3516 1887 3572 ἄνωθεν

317 3606 492 3680 τὸτῆς
523 3608 790 3678 γνώσεως
826 3608 999 3681 δῶρον
1032 3606 1547 3680 καταπεφοίτηκεν,
1579 3610 1639 3663 ἐν
1687 3609 1891 3681 εὐκλη-

324 3697 451 3769 piat;
490 3716 551 3754 τε
583 3700 682 3754 καὶ
716 3699 990 3769 εὐλογίαις
1023 3699 1197 3765 τιθεὶς
1218 3742 1232 3765 ,
1272 3700 1335 3754 τὸ
1362 3698 1620 3755 ἀσύνετον
1662 3701 1890 3757 ἐκείνων

320 3793 407 3846 καί
434 3792 708 3861 ἀλογῶδες
738 3793 1134 3863 διωσαμένους,
1170 3794 1409 3864 εἰδήσειν
1454 3794 1616 3847 αὐτὸν
1645 3795 1894 3865 ἐναργῶς

320 3883 749 3953 προτεθέσπικε·
796 3883 892 3936 καὶ
939 3882 1153 3954 βεϐαιοῖ
1182 3882 1277 3937 τοῦ
1306 3882 1472 3951 λόγου
1511 3882 1572 3935 τὸ
1611 3883 1889 3952 ἀσφαλὲς,

318 3967 415 4037 τῆς
447 3968 708 4039 ἀληθείας
733 3970 1144 4042 ἐμφαινομένης
1174 3972 1289 4035 τοῖς
1328 3971 1653 4043 πράγμασιν
1705 3973 1892 4036 αὐτοῖς

319 4059 376 4111 τὸ
414 4063 895 4133 ἀπαράγραπτονθ
951 4062 1397 4133 αἰσχυνέσθωσαν
1444 4062 1632 4116 λοιπὸν
1682 4063 1732 4116 οἰ
1775 4066 1893 4128 τοῖς

320 4148 558 4217 ψευδέσιν
604 4150 1012 4224 ἐπερειδόμενοι
1039 4190 1054 4215 ,
1107 4153 1204 4205 καὶ
1246 4150 1480 4214 ἀνοσίως
1524 4152 1617 4205 καὶ
1662 4151 1894 4221 ἀμαθῶς

321 4240 412 4313 τῆς
438 4243 548 4297 τῶν
578 4243 926 4314 Χριστιανῶν
965 4242 1445 4315 κατακεκραγότες
1473 4241 1643 4314 ὀρθῆς
1674 4243 1886 4314 ὑπολή-

1987 1866 2071 1913 tes
2101 1866 2313 1913 nostras
2337 1859 2658 1919 concedent,
2690 1872 2813 1912 cum
2849 1857 3084 1911 veritate
3106 1856 3372 1925 nobisque
3401 1856 3563 1909 simul

1986 1940 2355 2013 censentient,
2390 1948 2589 2019 quippe
2632 1948 2723 2018 qui
2755 1948 2963 2003 Christi
3000 1945 3094 2000 Dei
3155 1947 3328 2001 nostri
3384 1936 3565 2013 sigilla

1986 2040 2207 2109 signati,
2239 2038 2402 2109 222
2437 2039 2661 2108 ejusque
2688 2037 2907 2092 nomine
2950 2036 3211 2106 appellati
3257 2052 3466 2091 sumus.
3506 2035 3563 2091 Si

1986 2146 2115 2185 vero
2147 2131 2200 2186 in
2224 2131 2556 2187 contrariam
2592 2139 2803 2202 partem
2849 2130 3070 2197 abeant,
3118 2130 3234 2184 haec
3262 2138 3346 2184 est
3385 2129 3556 2183 mani-

1987 2223 2124 2280 festa
2163 2224 2361 2293 impuri
2407 2223 2631 2293 spiritus
2673 2223 2941 2293 operatio.
2981 2223 3224 2276 Doceant
3264 2222 3362 2277 hos
3405 2221 3561 2291 igna-

1990 2331 2080 2370 ros
2117 2315 2388 2386 rudeSque
2415 2315 2468 2369 in
2525 2314 2725 2384 templo
2765 2313 2940 2384 pueri,
2999 2312 3328 2367 naturaliter
3387 2311 3559 2366 veluti

1988 2407 2206 2474 eruditi,
2248 2409 2375 2461 dum
2409 2422 2473 2462 ea
2522 2407 2752 2462 flerent:
2791 2403 3046 2459 Hosanna
3073 2405 3128 2457 in
3149 2404 3392 2469 excelsis,
3447 2402 3561 2459 cla-

1990 2511 2239 2570 mantes;
2264 2501 2560 2556 benedictus
2592 2501 2682 2571 qui
2716 2501 2851 2555 venit
2900 2500 2955 2552 in
2997 2497 3209 2552 nomine
3248 2496 3460 2550 Domini
3493 2496 3566 2551 ⁸³.

1990 2591 2259 2649 Pndorem
2297 2591 2434 2663 ipsis
2467 2592 2737 2647 incutiant
2765 2590 3114 2645 ethnicorum
3143 2588 3318 2657 pueri,
3347 2587 3438 2656 qui
3466 2587 3569 2641 ini-

1991 2694 2107 2739 rum
2141 2694 2225 2740 est
2253 2696 2520 2754 quantum
2553 2683 2790 2738 studium
2824 2696 2937 2752 pra:
2966 2696 3025 2736 se
3058 2679 3279 2734 tulerint
3326 2679 3552 2748 loquen-

1992 2773 2305 2832 temJesum
2339 2776 2614 2842 audiendi,
2669 2777 2743 2830 ita
2774 2785 2833 2829 ut
2863 2773 3156 2844 discipulos
3196 2785 3417 2842 quoque
3444 2769 3562 2837 ejus

1991 2877 2246 2939 rogarent
2277 2875 2336 2922 ut
2366 2883 2427 2924 se
2456 2869 2523 2921 ad
2573 2867 2726 2922 illum
2759 2867 3117 2922 deducerent.
3146 2863 3432 2919 Judaicum
3462 2862 3572 2915 ita-

1993 2973 2099 3027 que
2121 2957 2375 3029 populum
2412 2961 2741 3016 universalis
2790 2960 2934 3015 Deus
2981 2960 3305 3030 gravissime
3347 2973 3571 3011 acru-a—

1990 3051 2082 3105 bat
2139 3050 2375 3105 dicens:
2439 3052 2691 3122 Cognovit
2733 3052 2824 3106 bos
2878 3065 3235 3120 possessorem
3285 3064 3465 3113 suum,
3520 3056 3568 3100 es

1989 3143 2171 3196 asinus
2232 3158 2462 3213 pt'wsepe
2512 3144 2710 3197 domini
2733 3143 2854 3207 sui;
2916 3141 3090 3196 Israel
3121 3150 3294 3195 autem
3339 3155 3421 3194 me
3466 3155 3568 3192 non

1989 3236 2245 3302 cognovit,
2275 3246 2323 3289 et
2371 3236 2595 3304 papulas
2632 3252 2713 3289 me
2746 3236 2957 3289 nescivit
2983 3235 3065 3300 ¹⁰;
3116 3234 3269 3304 quasi
3312 3233 3567 3286 nimirum

1989 3335 2242 3380 cerneret
2286 3325 2691 3380 irrationalium
2739 3325 3104 3380 anitnantium
3144 3323 3384 3378 belluino
3417 3321 3569 3388 iugc-

1992 3415 2104 3478 nio,
2141 3415 2413 3470 inscitiam
2483 3416 2677 3470 horum
2737 3427 2900 3486 atque
2951 3414 3260 3469 vecordiam
3287 3426 3411 3492 esse
3444 3424 3571 3480 gra-

1990 3506 2222 3561 viorem.
2254 3505 2364 3561 Nos
2386 3516 2588 3572 autem,
2610 3507 2808 3577 quibus
2825 3520 3063 3575 superne
3094 3506 3296 3560 donum
3320 3503 3563 3558 scientiae

1990 3597 2327 3666 supervenit,
2355 3598 2405 3650 in
2426 3597 2581 3651 beata
2610 3607 2758 3651 sorte
2788 3612 2850 3650 ac
2869 3596 3246 3650 benedictione
3270 3608 3560 3664 reponens,

1990 3693 2115 3762 quia
2178 3677 2462 3746 stultitiam
2517 3691 2733 3746 illorum
2776 3691 3085 3761 mentisque
3155 3686 3560 3743 aberrationem

1993 3784 2310 3856 repulitnus,
2355 3799 2474 3849 nos,
2532 3785 2777 3856 inquam,
2812 3785 2991 3855 ipsum
3050 3783 3387 3853 cognituros,
3448 3794 3573 3847 per-

1991 3880 2177 3949 spicue
2215 3879 2480 3950 praedixit.
2510 3877 2720 3934 Firmat
2750 3888 2932 3935 autem
2959 3879 3250 3934 verborum
3307 3877 3576 3933 indelebi-

1992 3971 2060 4028 lis
2089 3972 2292 4027 veritas
2316 3986 2436 4042 quae
2471 3971 2614 4026 facta
2664 3972 2779 4040 ipsa
2813 3971 3133 4024 comitatur.
3169 3969 3373 4023 Pudeat
3411 3970 3568 4023 dein-

1993 4076 2124 4131 ceps
2157 4060 2285 4117 illos
2312 4065 2405 4132 qui
2443 4062 2666 4116 falsitati
2726 4062 3055 4128 innituntur,
3095 4063 3369 4133 impieque
3403 4073 3570 4130 atque

1994 4153 2288 4207 inscienter
2314 4151 2761 4208 Christianorum
2815 4153 3077 4208 allatrant
3116 4165 3319 4209 rectam
3355 4165 3572 4209 senten-

1997 4245 2149 4302 tiam.
2183 4243 2351 4299 Plena
2380 4246 2524 4300 enim
2557 4253 2636 4298 est
2669 4246 2918 4299 universa
2948 4254 3091 4299 terra
3128 4247 3430 4317 cognitione
3458 4246 3570 4300 ου·-

320 4334 456 4400 eam;
478 4351 494 4367 ·
533 4333 924 4403 Ἐνεπλήσθη
950 4336 1068 4406 γάρ
1093 4335 1133 4403 ἠ
1161 4337 1459 4405 σύμπασα
1490 4334 1568 4404 γῆ
1596 4334 1705 4390 τοῦ
1740 4333 1891 4404 γνῶ-

1995 4339 2125 4392 mini
2154 4338 2221 4391 ¹⁶.
2247 4335 2312 4390 Et
2340 4354 2353 4391 :
2385 4333 2603 4390 Plenum
2626 4347 2701 4390 est
2721 4336 2909 4391 caelum
2932 4354 2995 4390 ac
3017 4348 3157 4390 terra
3174 4340 3345 4407 gloria
3362 4338 3481 4405 ejus
3500 4338 3565 4393 ".

321 4443 412 4481 ναι
444 4430 552 4483 τόν
573 4431 829 4498 Κύριονο
865 4430 964 4484 καί
982 4429 1235 4497 ’πλήρης
1271 4431 1304 4482 ὁ
1328 4426 1587 4498 οὐρανὸς
1609 4426 1705 4480 καί
1741 4427 1781 4493 ἡ
1810 4426 1906 4499 τῆ

321 4520 423 4589 τῆς
458 4523 647 4592 δόξης
684 4523 892 4579 αὐτοῦ.
935 4524 1217 4595 Πανταχού
1257 4522 1366 4594 γὰρ
1411 4521 1512 4590 τῆς
1561 4521 1889 4593 οἰκουμένης

323 4613 624 4687 ἁπάσηςητά
649 4615 748 4686 τῆς
774 4615 1007 4685 εὐαγοῦς
1037 4617 1070 4687 ή
1080 4616 1197 4686 μῶν
1224 4613 1410 4686 ᾄδεται
1433 4613 1692 4678 πίστεως.

385 4705 464 4760 Τά
498 4708 556 4761 δέ
603 4706 697 4760 ἐπὶ
725 4706 935 4771 τούτοις
982 4706 1060 4779 τῷ
1110 4690 1365 4778 προφήτῃ
1412 4705 1750 4776 ἐπαγόμενα,
1787 4705 1888 4778 τὴν

321 4795 578 4850 τοῧρῶοῦ
614 4797 992 4867 ἀνέκφραστον
1023 4795 1460 4866 φιλανθρωπίαν,
1499 4794 1597 4850 καὶ
1654 4795 1747 4849 τὸν
1788 4797 1917 4849 άν-’

321 4884 653 4956 εξιχνίαστον
699 4887 928 4941 πλοῦτον
975 4887 1077 4957 τῆς
1109 4886 1483 4959 χρηστότητος
1534 4885 1702 4940 αὑτοῦ
1756 4889 1891 4957 ἡμῖν

324 4979 641 5050 προμηνύει.
677 4980 888 5047 Ἶλεως
937 4980 1154 5049 ἔσομαι
1197 4979 1330 5047 ταῖς
1361 4979 1624 5047 ἀδικίαις
1664 4977 1888 5035 αὐτῶν.

323 5068 385 5122 Τί
414 5072 617 5126 τούτων
645 5071 976 5143 ὑψηλότερον
1010 5071 1044 5142 ἢ
1076 5069 1554 5142 σεδασμιὼτερον;
1588 5071 1655 5125 Τί
1680 5070 1888 5125 τούτων

323 5159 462 5229 ἣδιον
516 5163 969 5235 ἢχαριέστερον;
1027 5163 1210 5236 Παρὺν
1258 5165 1369 5236 γάρ
1399 5162 1652 5228 κολάζειν
1689 5164 1784 5217 καὶ
1828 5162 1891 5216 τὸ

324 5252 542 5326 γεέννης
578 5255 907 5328 άπευρύνειν
943 5255 1141 5326 στόμα,
1189 5255 1395 5326 μυρίας⁸
1419 5273 1478 5310 τε
1517 5256 1612 5309 καὶ
1660 5254 1890 5309 ἀνυποί-

329 5360 479 5411 στους
519 5348 746 5419 ἐπάγειν
787 5348 1003 5420 πληγὰς
1026 5387 1042 5414 ,
1085 5348 1349 5411 θανάτους
1384 5365 1446 5403 τε
1489 5348 1766 5416 ἐξαισίους
1796 5346 1894 5401 καὶ

328 5440 677 5511 παραδόξους,
701 5444 795 5497 ἐπὶ
822 5442 1038 5515 μυρίοις
1060 5442 1427 5513 καῖὰπείροις
1452 5445 1566 5507 τοῖς
1589 5439 1902 5513 παραπτώ-

330 5545 487 5603 μασιν
517 5536 635 5590 οὐδε
659 5536 987 5609 ἠπείλησεν,
1022 5541 1139 5591 οὐκ·
1161 5537 1448 5603 ἐκόλασεν,
1482 5537 1543 5591 οὺ
1590 5533 1892 5608 προσέταξε

332 5624 467 5695 μέγα
493 5626 770 5701 διαστῆναι
802 5630 904 5703 τὴν
929 5629 1036 5701 γῆν
1061 5631 1156 5684 καὶ
1182 5629 1352 5701 ἄρδην
1385 5630 1680 5684 καταπιεῖν
1714 5626 1892 5682 ᾶπαν-

401 5800 444 5833 ¹⁸
467 5801 653 5861 Μλιιιι.
691 5824 802 5873 XXI,
838 5809 869 5863 9

972 5810 1012 5839 ³ο
1056 5807 1158 5865 lsa.
1200 5826 1239 5876 ι,
1274 5810 1328 5865 5.
1407 5811 1451 5840 ³ο
1490 5805 1595 5862 lsa.
1626 5802 1781 5872 st,9.
1859 5805 1900 5835 ¹¹
1939 5804 2139 5860 llabac.
2183 5818 2263 5868 ut,
2295 5803 2347 5857 5.

2002 4429 2216 4501 Ubique
2242 4430 2386 4485 enim
2420 4430 2471 4483 in
2522 4430 2724 4485 mundo
2770 4440 2957 4486 salicta
3021 4440 3209 4486 nostra
3258 4430 3569 4484 celebratur

1995 4521 2149 4579 ﬁdes.

2067 4699 2182 4771 Age
2209 4714 2339 4754 vero
2365 4715 2483 4769 qua:
2508 4698 2783 4768 praedictis
2821 4700 3085 4770 propheta
3107 4698 3318 4769 adjicit,
3345 4717 3407 4756 ea
3440 4705 3572 4758 inef-

1996 4793 2343 4850 fabilem‘Dei
2382 4792 2793 4863 benignitatem,
2825 4803 2882 4847 et
2910 4794 3296 4852 inscrutabiles
3343 4796 3567 4852 divitias

1997 4887 2256 4943 bonitatis
2294 4886 2412 4957 ejus
2438 4887 2765 4958 signiﬁcant.
2816 4886 3163 4959 Propitiabor
3198 4890 3571 4959 iniquitatibus

1998 4996 2181 5036 eorum
2209 4981 2279 5036 ”.
2313 4980 2454 5048 Quid
2506 4981 2589 5037 his
2640 4982 2824 5038 verbis
2855 4983 3131 5038 excelsius
3155 4991 3251 5037 aut
3286 4984 3570 5047 venerabi-

1996 5071 2102 5128 lius
2123 5072 2314 5144 [Quid
2344 5071 2565 5128 dulcius
2599 5080 2692 5128 aut
2727 5073 3062 5144 gratiosius?
3104 5072 3241 5129 Nam
3273 5090 3397 5129 cum
3441 5090 3567 5145 pos-

1995 5162 2066 5219 sit
2100 5164 2310 5234 punire,
2342 5173 2399 5219 et
2421 5163 2686 5234 gehennae
2712 5179 2777 5221 os
2813 5163 3067 5233 dilatare,
3103 5166 3479 5235 plurimasque
3512 5178 3568 5223 et

1993 5254 2368 5312 intolerabiles
2420 5256 2603 5328 plagas
2658 5256 2964 5327 imponere,
3019 5267 3225 5314 mortes
3261 5258 3565 5314 horrendas

1993 5357 2156 5420 atque
2182 5349 2529 5420 improvisae,
2556 5360 2780 5420 propter
2808 5358 3088 5417 sescenta,
3110 5349 3220 5405 imo
3248 5350 3568 5409 innumera-

1992 5443 2120 5497 bilia
2173 5451 2426 5511 permuta;
2474 5451 2711 5495 attamen
2739 5455 2845 5496 non
2877 5450 2961 5497 est
3013 5443 3404 5510 comminatus,
3457 5457 3566 5499 non

1991 5532 2229 5604 punivit,
2253 5547 2362 5587 non
2395 5532 2680 5601 imperavit
2707 5541 2868 5588 terra:
2899 5540 2959 5588 ut
2974 5532 3284 5590 dehisceret
3308 5542 3566 5591 cunctos-

1991 5640 2098 5695 que
2137 5623 2364 5681 omnino
2401 5624 2757 5690 absorberet;
2807 5624 2903 5679 sed
2958 5624 3075 5695 eius
3131 5639 3260 5698 erga
3320 5624 3568 5683 homines

2426 5804 2470 5832 ³⁸
2499 5799 2699 5856 Jcretn.
2744 5817 2894 5865 xxxii,
2926 5800 3016 5857 54.
