3994 6448
420 324 530 389 723

1419 323 1480 384 S.
1517 323 1935 385 NICEPHORI
1975 324 2487 386 P.»\'l'Rl.\[iCll.'E
2528 328 2639 387 ΕΡ.

3577 336 3676 401 ’τὲῑ

412 432 723 521 benignitas
745 430 1052 506 praevaluit.
1087 430 1430 500 Propitiubor
1467 433 1628 497 enim,
1657 432 1854 503 inquit,
1890 432 1995 485 ini-

2110 452 2218 497 τας,
2266 434 2400 487 ἀλλὰ
2428 436 2552 505 νικᾷ
2588 436 2647 488 τὸ
2686 433 3090 508 φιλάνθρωπον.
3150 437 3358 504 "Lictor;
3407 438 3516 508 γὰρ
3549 439 3675 498 ἐσο-

411 527 703 591 quimtibus
729 539 934 578 eorum.
973 521 1084 578 Nos
1113 537 1243 594 vero
1278 522 1369 592 qui
1406 522 1533 577 talia
1558 522 1772 594 experti
1802 538 1994 577 smnus

2110 542 2237 590 μαι,
2285 528 2455 596 φησὶ,
2491 524 2624 593 ταῖς
2677 525 2942 592 ἀδικίαις
2992 527 3215 581 αὐτῶν.
3261 528 3378 583 Καὶ
3430 531 3589 600 ἡμεῖς
3630 534 3677 589 οι

413 619 818 685 c-tcrcdimus,
877 615 1160 673 victoriale
1219 616 1387 671 simul
1445 626 1498 671 et
1568 615 1994 671 eucharisticum

414 715 676 784 hymnum
742 710 1024 767 Servatori
1069 723 1257 764 nostro
1308 708 1580 773 canimus,
1605 717 1657 764 et
1693 709 1995 781 gratiarum

416 807 689 859 actionem
718 803 963 872 quotidie
993 799 1298 863 offerimus,
1345 807 1628 855 cantantes
1662 808 1825 867 atque
1850 797 1997 867 psal-

414 898 593 954 lentes
641 917 655 953 :
711 897 843 964 Qui:
898 896 1146 968 loquetur
1208 894 1475 962 potentias
1512 891 1749 954 Domini,
1784 891 1998 945 auditas

416 991 576 1061 faciet
613 1006 791 1045 omnes
825 988 1011 1042 laudes
1045 988 1159 1057 ejus
1182 987 1227 1019 "
1258 985 1281 1039 ?
1313 985 1445 1054 Quis
1476 983 1804 1037 annuntiare
1834 976 2008 1038 miseJ

418 1084 689 1138 ricordias
720 1082 839 1152 ejus
876 1096 938 1136 ac
972 1080 1240 1135 mirabilia
1286 1080 1428 1134 satis
1477 1075 1692 1132 valeat?
1727 1076 1859 1144 Quae
1890 1075 2000 1129 lin-

420 1192 523 1247 gua
556 1174 986 1244 magnitudinem
1019 1172 1413 1227 beneﬁciorum
1437 1170 1556 1238 ejus
1579 1171 1740 1241 digne
1759 1168 1999 1239 eloqua-

420 1268 565 1324 tur?
609 1282 732 1338 quae
801 1268 981 1321 oratio
1039 1263 1337 1337 excogitari
1401 1263 1579 1333 possit
1635 1260 1999 1334 magnitudini

418 1362 668 1415 datorum
699 1364 768 1416 ab
820 1376 887 1417 eo
930 1360 1201 1416 bonorum
1258 1357 1392 1428 par?
1438 1356 1601 1427 Atqui
1669 1370 1775 1410 non
1824 1348 2003 1409 solum

420 1464 528 1503 non
555 1449 769 1521 punivit
802 1462 979 1519 neque
1014 1449 1280 1520 gehennae
1304 1447 1552 1512 tradidit,
1587 1446 1680 1500 sed
1714 1443 2002 1514 indulgens

419 1542 526 1597 fuit
555 1541 935 1612 iniquitatibus
970 1542 1205 1605 nostris;
1239 1541 1351 1596 imo
1373 1541 1517 1611 quod
1541 1545 1740 1592 cuncta
1762 1538 2000 1603 excedit,

419 1635 795 1690 etorationem
828 1649 1047 1690 omnem
1080 1641 1396 1704 exsuperat,
1425 1631 1747 1703 mysterium
1786 1629 1994 1686 saluta-

422 1727 498 1783 ris
529 1726 928 1783 incarnationis
953 1725 1109 1781 nobis
1139 1733 1400 1795 operatus
1425 1732 1528 1779 est.
1567 1723 1680 1779 Cur
1709 1732 1892 1777 autem
1920 1721 2002 1777 vel

2097 620 2271 674 ταῦτα
2303 622 2396 674 καὶ
2444 621 2710 684 παθόντες
2752 622 2848 674 καὶ
2902 620 3338 687 πιστεύσαντες,
3381 626 3476 677 τδν
3517 627 3680 681 ἐπινί-

2098 730 2216 768 κιον
2265 715 2402 785 ὁμοῦ
2434 715 2529 768 καὶ
2577 717 2936 791 χαριστήριον
2971 715 3049 787 τῷ
3086 717 3356 778 σεσωκότι
3407 714 3555 772 αἶνον
3590 722 3677 777 καὶ

2099 805 2197 876 τὴν
2249 806 2605 876 εὐχαριστίαν
2653 808 3045 878 προσφέρομεν
3102 809 3410 872 ἑκάστοτε,
3472 809 3679 881 ᾅδοντες

2100 897 2195 949 καὶ
2261 896 2591 965 ψάλλοντες·
2644 898 2742 965 Τίς
2805 897 3071 966 λαλήσει
3148 900 3257 967 τὰς
3322 900 3679 972 δυναστείας

2100 990 2325 1057 Κυρίου
2346 1031 2361 1055 ,
2409 990 2723 1056 ἀκουστὰς
2750 992 2994 1058 ποιήσει
3042 992 3250 1059 πάσας
3285 993 3398 1060 τὰς
3430 995 3682 1063 αίνέσεις

2100 1079 2329 1146 αὐτοῦ;
2369 1081 2467 1145 Τίς
2502 1083 2686 1145 ἱκανὸς
2727 1084 3054 1154 ἀναγγεῖλαι
3097 1087 3168 1138 τὰ
3217 1086 3346 1156 ἐλέη
3391 1085 3558 1141 αὑτοῦ
3596 1090 3683 1142 καί⁵

2100 1171 2168 1225 τὰ
2209 1171 2530 1245 θαυμάσιας
2573 1175 2703 1229 ποία
2738 1175 2965 1244 γλῶσσα
2999 1175 3243 1242 ἐπαξίως
3278 1178 3379 1231 τοῦ
3430 1179 3684 1248 μεγέθους

2102 1264 2212 1318 τῶν
2247 1267 2709 1338 εὐεργετημάτων
2758 1269 3090 1338 φθέγξαιτος
3131 1274 3285 1336 ποῖος
3330 1270 3495 1340 λόγος
3544 1272 3684 1339 ὲξευ·

2107 1358 2288 1430 ρεθείη
2313 1362 2378 1431 τῇ
2396 1346 2787 1432 μεγαλειότητι
2815 1362 2926 1415 τῶν
2954 1351 3376 1434 κεχαρισμένων
3402 1366 3538 1434 ἡμῖν
3558 1365 3685 1432 ἀγα-

2104 1447 2214 1501 θῶν
2270 1449 2710 1520 παρισούμενος;
2764 1451 2872 1521 ἄρα
2928 1452 3040 1524 γὰρ
3093 1453 3196 1506 οὐκ
3243 1452 3483 1506 ἐκόλασε
3534 1454 3683 1525 μόνον

2102 1539 2224 1592 οὐδὲ
2261 1541 2458 1612 γεέννῃ
2510 1542 2938 1613 παραδέδωκεν,
2981 1544 3143 1608 ἵλεως
3191 1544 3248 1598 δὲ
3296 1545 3519 1613 ἐγένετο
3572 1548 3684 1610 ταῖς

2103 1631 2343 1696 ἀδικίαις
2375 1632 2535 1702 ἡμῶν
2557 1674 2570 1697 ,
2608 1634 2640 1704 ἦ
2676 1634 2858 1688 καὶτὸ
2881 1635 3100 1688 πάντων
3131 1636 3521 1705 ἐπέκεινακαὶ
3554 1636 3683 1709 πέρα

2104 1722 2263 1792 λόγου
2294 1724 2519 1789 παντὸς,
2571 1728 2875 1797 μυστήριον
2910 1726 3010 1798 τῆς
3058 1728 3337 1798 σωτηρίου
3382 1729 3684 1798 οἰκονομίας

420 1815 733 1880 quomodo?
760 1814 878 1871 Non
917 1810 1147 1886 punivit,
1180 1815 1274 1870 sed
1304 1815 1531 1884 punitus
1559 1824 1683 1880 est;
1738 1828 1845 1868 non
1889 1812 2004 1884 pla-

2110 1818 2243 1886 ἠμῖν
2292 1815 2684 1888 ἐξειργάσατο·
2722 1818 2842 1882 πῶς
2883 1818 2961 1884 δέ,
3007 1820 3103 1873 καὶ
3142 1819 3265 1873 τίνα
3298 1820 3548 1893 τρόπον;
3594 1822 3685 1875 οὐκ

417 1923 540 1974 gum
578 1904 779 1973 intulit,
808 1907 902 1961 sed
941 1905 1187 1977 plagatus
1233 1914 1315 1960 est
1351 1905 1468 1975 ipse
1496 1904 1549 1959 in
1577 1904 1778 1959 dilecta
1814 1905 2000 1959 domo;

420 1999 648 2053 Dorsum
680 2013 839 2052 suum
874 1999 1023 2054 dedit
1073 2000 1124 2053 in
1173 1996 1429 2063 verbera,
1464 2005 1520 2051 et
1552 2011 1724 2067 genas
1757 2011 1889 2053 suas
1930 1998 1998 2050 ad

418 2088 629 2160 alapas.
659 2089 948 2147 Postremo
986 2090 1359 2161 turpissimam
1394 2090 1574 2146 crucis
1608 2103 1796 2153 necem
1838 2104 2003 2145 exce-

419 2185 520 2253 pit,
564 2182 857 2254 ignominia
921 2194 1255 2255 contempta,
1288 2198 1474 2240 secum
1514 2183 1664 2238 cruci
1722 2182 2004 2253 eonﬁgens

417 2277 684 2343 scriptum
725 2278 990 2333 adversus
1026 2291 1126 2333 nos
1154 2276 1602 2346 chirographum,
1656 2283 1717 2329 ut
1742 2289 1839 2329 nos
1877 2288 2000 2344 pec-

418 2377 548 2423 cato
575 2367 832 2437 eriperet,
860 2378 917 2423 et
944 2368 1010 2423 de
1036 2375 1307 2437 potestate
1334 2368 1681 2421 tenebrarum
1719 2365 2001 2420 liberaret.

420 2459 566 2516 idem
618 2462 799 2530 itaque
837 2461 1105 2517 sacerdos
1135 2470 1189 2516 et
1229 2460 1477 2526 victima,
1531 2460 1676 2515 idem
1712 2458 2004 2514 immolaus

421 2550 595 2605 nostri
617 2564 808 2617 causa,
833 2551 1182 2606 sacrilicatus
1216 2549 1378 2605 simul
1410 2558 1465 2604 et
1490 2547 1726 2604 offerens
1757 2546 1869 2603 Deo
1898 2547 2004 2601 Pa-

419 2644 489 2698 tri
515 2645 768 2714 populum
800 2644 1158 2714 peculiarem.
1185 2641 1325 2699 Hine
1356 2657 1459 2698 nos
1481 2643 1548 2698 de
1577 2641 1858 2697 dominatu
1899 2640 2006 2695 ini-

419 2737 547 2793 mici
613 2737 883 2809 redempti
942 2737 1187 2803 luimus,
1251 2735 1578 2807 Patremque
1640 2750 1738 2806 per
1805 2732 2002 2789 Filium

418 2830 763 2901 agnovimus,
804 2840 860 2885 et
877 2829 1110 2902 genuini
1155 2826 1448 2885 Trinitatis
1480 2827 1802 2883 adoratores
1834 2826 2006 2882 exsti—

421 2924 607 2978 timus.
640 2924 711 2978 At
740 2924 886 2979 enim
912 2924 1005 2994 qui
1031 2925 1101 2978 ab
1128 2922 1402 2995 ejusmodi
1442 2921 1617 2991 gratia
1650 2928 1776 2975 sunt
1811 2920 2001 2987 alieni,

420 3017 619 3071 horum
654 3017 897 3071 omnium
949 3015 1129 3081 obliti,
1152 3030 1423 3084 auresque
1478 3022 1534 3068 et
1581 3013 1763 3069 cordis
1816 3012 2006 3069 oculos

420 3109 491 3164 ad
539 3118 646 3164 tatu
706 3107 1047 3165 venerandus
1100 3107 1475 3178 amabilesque
1537 3120 1626 3161 res
1663 3104 2003 3170 claudentes,

2110 1909 2405 1975 ἐκόλασεν,
2454 1910 2569 1964 ἀλλ’
2603 1910 2908 1983 ἐκολάσθη,
2956 1912 3057 1966 ούκ
3098 1912 3377 1982 ἐπήνεγκε
3424 1910 3523 1982 τὴν
3562 1912 3687 1980 πλη-

2109 2002 2246 2073 γὴν,
2280 2002 2394 2057 ἀλλ’
2421 2002 2637 2074 ἐπλήγη
2672 2004 2731 2056 ἐν
2760 2003 2837 2074 τῷ
2866 2003 3001 2074 οἴκῳ
3028 2002 3107 2073 τῷ
3131 2002 3410 2075 ἀγαπητῷ
3433 2019 3448 2036 ·
3474 2003 3564 2057 τὸν
3592 2004 3686 2057 νῶ-

2109 2110 2202 2147 τον
2230 2095 2395 2148 αὑτοῦ
2438 2093 2639 2148 ἔδωκεν
2683 2096 2764 2158 εἰς
2811 2093 3117 2164 μάστιγας,
3165 2092 3397 2156 καὶτὰς
3440 2092 3685 2161 σιαγόνας

2110 2183 2277 2237 αὑτοῦ
2326 2185 2406 2247 είς
2460 2184 2802 2253 ῥαπίσματα.
2857 2183 2967 2236 Καὶ
3000 2182 3155 2246 τέλος
3192 2182 3283 2235 τὸν
3314 2182 3406 2236 διὰ
3460 2179 3684 2252 σταυροῦ

2111 2278 2390 2349 αἴσχιστον
2417 2276 2590 2331 είλετο
2624 2276 2853 2331 θάνατον
2875 2316 2890 2339 ,
2930 2274 3191 2346 αἰσχύνης
3230 2274 3682 2346 καταφρονήσας,

2111 2370 2169 2422 ἐν
2199 2366 2349 2438 αύτῷ
2385 2365 2758 2439 ,προσηλώσας
2800 2366 2862 2419 τὸ
2916 2367 3036 2420 καθ’
3082 2366 3243 2437 ἡμῶν
3294 2365 3687 2438 χειρόγραφον.

2113 2458 2200 2511 ἵνα
2230 2459 2378 2530 ἡμᾶς
2413 2445 2659 2529 ἐξέληται
2692 2457 2794 2527 τῆς
2827 2456 3136 2529 ἁμαρτίας,
3168 2457 3266 2511 καὶ
3303 2457 3407 2528 τῆς
3450 2453 3685 2521 ἐξουσίας

2111 2550 2206 2606 τοῦ
2262 2551 2486 2614 σκότους
2534 2548 2880 2620 ἐλευθερώσῃ
2908 2564 2923 2578 °
2980 2540 3146 2612 αὐτὸς
3192 2545 3329 2617 γοῦν
3368 2545 3468 2599 καὶ
3514 2544 3682 2616 ἱερεὺς

2112 2644 2209 2698 καὶ⁸
2238 2645 2454 2713 ἱερεῖον,
2488 2641 2650 2704 αὐτὸς
2671 2640 2768 2693 καὶ
2790 2638 2933 2694 θύων
2959 2639 3057 2697 καὶ
3086 2637 3531 2709 σφαγιαζόμενος
3557 2634 3686 2709 ὺπέρ

2112 2736 2272 2809 ἡμῶν
2290 2778 2305 2803 ,
2330 2739 2429 2790 καὶ
2462 2735 2720 2803 θυόμενος
2751 2734 2847 2791 καὶ
2878 2732 3172 2803 προσάγων
3199 2730 3278 2802 τῷ
3307 2729 3433 2800 Θεῷ
3464 2730 3560 2782 καὶ
3584 2729 3685 2782 Πα-

2110 2833 2202 2902 τρὶ
2249 2829 2378 2883 λαδν
2422 2827 2778 2898 περιούσιον’
2820 2825 3074 2880 ἐντεῦθεν
3108 2826 3272 2897 ἡμεῖς
3319 2822 3427 2893 τῆς
3458 2820 3683 2877 καταδυ·

2112 2924 2369 2986 ναστείας
2405 2921 2500 2975 τοῦ
2536 2918 2769 2991 Ἐχθροῦ
2791 2917 3202 2989 λελυτρὼμεθα,
3222 2916 3318 2969 καὶ
3350 2915 3444 2970 τδν
3478 2913 3683 2984 Πατέρα

2113 3016 2181 3070 δι’
2219 3014 2349 3069 Υίοῦ
2385 3013 2740 3084 ἐπέγνωμεν,
2772 3012 2866 3065 καὶ
2906 3008 3284 3081 προσκυνηταὶ
3337 3008 3557 3079 γνήσιοι
3596 3005 3682 3074 τῆς

2114 3109 2344 3182 Τριάδος
2373 3106 2832 3176 ἁναδεδείγμεθαο
2873 3104 2923 3159 oi
2967 3104 3024 3158 δὲ
3058 3102 3272 3172 δωρεᾶς
3294 3101 3507 3172 ταύτης
3545 3098 3683 3154 una

420 3197 687 3268 quidquid
745 3197 963 3254 demum
1010 3198 1202 3253 volunt
1252 3199 1480 3254 adorent
1537 3207 1591 3253 et
1618 3197 1821 3253 colant.
1851 3196 2005 3265 Quod

2110 3222 2251 3276 τριοι
2273 3204 2550 3269 ,πάντων
2576 3200 2781 3255 τούτων
2816 3197 2989 3271 λήθην
3032 3196 3312 3260 λαϐόντες,
3349 3194 3446 3248 καὶ
3483 3191 3549 3246 τὰ
3580 3188 3684 3243 ὦτα

422 3291 691 3362 deinceps
719 3289 894 3346 deiter
937 3290 1201 3361 prepheta
1232 3290 1481 3360 subiicit,
1514 3288 1674 3360 quale
1714 3298 2009 3359 quantum-

2110 3297 2202 3351 καὶ
2261 3297 2390 3359 τοὺς
2445 3293 2762 3365 ὀφθαλμοὺς
2817 3293 2918 3364 τῆς
2971 3290 3201 3362 καρδίας
3256 3288 3401 3360 πρὸς
3455 3285 3522 3341 τὰ
3554 3282 3683 3338 οὕτω

421 3400 527 3455 que
554 3385 675 3439 est!
715 3381 783 3437 Et
833 3393 1172 3454 peccatorum
1198 3398 1382 3437 eorum
1434 3381 1661 3436 ulterius
1693 3397 1799 3436 non
1832 3397 2007 3435 recor-

2110 3389 2285 3444 σεπτὰ
2315 3390 2412 3444 καὶ
2440 3387 2752 3457 ἀξιάγαστα
2797 3384 2987 3449 κακῶς
3017 3381 3441 3454 ἁπομύσαντες,
3467 3380 3495 3433 ὅ
3523 3395 3573 3431 τι
3601 3376 3684 3429 καὶ
3736 3392 3745 3397 ’

421 3477 591 3530 dabor
627 3474 695 3529 “.
749 3475 863 3531 Hoc
909 3478 1028 3530 loco
1064 3489 1219 3530 mens
1252 3474 1412 3545 223
1444 3474 1684 3539 vacillat,
1734 3473 2010 3543 multaque

2110 3482 2397 3553 βούλονται
2444 3480 2928 3553 προσκυνείτωσαν
2972 3479 3068 3532 καὶ
3112 3474 3507 3529 σεϐέσθωσαψ
3539 3470 3597 3523 τὸ
3632 3467 3682 3521 δέ

420 3567 784 3639 perplexitate
835 3567 1083 3636 laborat,
1126 3577 1444 3636 mutumque
1496 3566 1679 3640 potius
1723 3566 2006 3622 silentium

2110 3573 2239 3644 ἑξῆς
2290 3573 2371 3645 τῷ
2420 3573 2666 3645 θεοφόρῳ
2702 3554 3103 3645 προσκείμενον
3153 3567 3347 3640 ἡλίκον
3398 3566 3494 3619 καὶ
3531 3565 3680 3624 ὅσον;

424 3669 716 3731 pra-optat,
747 3661 875 3732 quia
912 3660 982 3715 ad
1038 3659 1473 3741 inextricabilem
1505 3659 1814 3714 divinorum
1862 3656 2011 3724 judic

426 3754 637 3809 ciorum
682 3753 1059 3825 labyrinthum
1118 3753 1357 3809 devenit.
1411 3752 1648 3810 Unicum
1706 3767 1834 3807 vero
1880 3766 2012 3823 per.

426 3845 673 3915 plexitati
722 3860 837 3901 suae
868 3846 1076 3902 exitum
1108 3846 1333 3914 reperit,
1367 3856 1425 3900 ut
1481 3860 1674 3914 nempe
1713 3861 1834 3900 cum
1879 3844 2014 3898 inef-

426 3938 676 3995 fabilium
709 3955 888 3995 rerum
938 3948 1249 4010 spectatore
1275 3950 1329 3995 ct
1366 3949 1540 4011 mysta
1566 3940 1711 3995 dicat
1741 3955 1756 3994 :
1802 3937 1848 3995 0
1879 3937 2037 3993 alti-.

428 4032 556 4087 tudo
588 4032 898 4088 divitiarum
931 4042 981 4087 et
1023 4033 1300 4101 sapientia
1340 4042 1389 4089 et
1411 4033 1644 4087 scientiae
1675 4031 1812 4087 Dei!
1848 4022 2011 4101 quani

423 4124 799 4178 inscrutabilia
836 4133 961 4178 sunt
981 4124 1197 4194 judicia
1224 4123 1363 4194 ejus,
1394 4133 1441 4179 et
1479 4123 1863 4195 investigabilu
1914 4122 2016 4179 ria!

428 4216 543 4286 ejus
578 4215 628 4248 “
647 4217 663 4271 ί

2115 3669 2222 3722 Καὶ
2254 3667 2375 3721 τῶν
2399 3665 2699 3737 ἁμαρτιῶν
2731 3662 2929 3718 αὐτῶν
2951 3665 3022 3718 οὺ
3051 3660 3136 3733 μὴ
3160 3659 3418 3730 μνησθῶ
3445 3658 3551 3713 ἔτι.
3604 3652 3682 3706 Ἐν

2115 3758 2330 3820 τούτοις
2367 3758 2675 3828 ἰλιγγιάσας
2704 3760 2731 3811 ό
2768 3755 2915 3820 νοῦς,
2940 3755 3034 3810 καὶ
3059 3754 3266 3826 ἀπορίᾳ
3301 3751 3474 3821 πολλῇ
3504 3762 3681 3817 συσχε-

2115 3852 2260 3917 θεὶς,
2309 3852 2403 3905 καὶ
2443 3848 2745 3922 ἁφθεγξίαν
2785 3849 2989 3921 μᾶλλον
3021 3848 3119 3902 καὶ
3156 3844 3371 3916 σιωπὴν
3425 3838 3682 3915 προτιμή-

2116 3961 2247 4010 σας,
2268 3946 2405 4016 πρὸς
2427 3944 2488 3997 τὸ
2510 3940 2847 4013 ἀδιεξίτητον
2870 3940 2979 3995 τῶν
3000 3939 3160 3994 θείων
3186 3954 3279 4009 κρι
3287 3937 3475 4008 μάτων
3495 3934 3680 4004 ἣκιστα

2115 4038 2506 4107 ἐφικνούμενος
2530 4052 2544 4067 ⁸
2592 4036 2724 4107 μίαν
2755 4035 2819 4105 δὴ
2847 4033 3054 4105 ταύτην
3088 4032 3185 4085 καὶ
3216 4030 3387 4102 μόνην
3412 4027 3519 4081 τῶν
3555 4020 3678 4078 ἀπό-

2117 4146 2226 4201 ρων
2251 4128 2465 4211 ἐξεύροι
2511 4129 2578 4183 ἂν
2607 4128 2854 4199 μηχανὴν
2875 4167 2890 4194 ,
2920 4126 2998 4198 τῷ
3033 4123 3143 4179 τῶν
3169 4124 3500 4195 ἀπορρήτων
3530 4112 3679 4211 θεατῇ

2114 4222 2211 4276 καὶ
2243 4204 2420 4293 μύστῃ
2450 4220 2961 4291 συμφθεγγόμενος·
2991 4219 3060 4273 ’Ὠ
3086 4216 3283 4285 βάθος
3309 4213 3575 4272 πλούτου
3596 4204 3680 4258 καὶ

421 4310 669 4380 σοφίας.
702 4308 897 4380 λέγων,
928 4310 1027 4366 καί
1056 4307 1335 4381 γνώσεως
1367 4310 1515 4366 Θεοῦ
1538 4311 1559 4366 .'
1586 4310 1667 4377 ὡς
1726 4310 2171 4384 ἀνεξερεύνητα
2222 4317 2295 4375 τὰ
2364 4317 2620 4386 κρίματα
2659 4315 2888 4382 αὑτοῦ,
2926 4312 3027 4368 καί
3109 4311 3563 4381 ἀνεξιχνίαστοι
3608 4303 3682 4393 ναί

423 4401 553 4456 ὁδοί
584 4401 773 4459 αὑτοῦ
792 4403 815 4458 1

497 4499 586 4554 55.
613 4497 740 4553 Haec
766 4496 925 4553 nobis
960 4494 1220 4553 Servator
1248 4510 1347 4567 per
1392 4494 1632 4550 divinam
1673 4493 1817 4551 sacri
1853 4493 2005 4548 lava-
2038 4497 2086 4554 ι)

423 4592 504 4648 eri
537 4591 942 4660 generationem
972 4588 1200 4659 largitus
1232 4596 1340 4651 est,
1380 4587 1433 4640 in
1465 4600 1575 4654 quo
1608 4585 1768 4655 plena
1805 4599 2006 4655 purga-

426 4683 504 4737 tio
544 4681 899 4749 lustratioque
937 4680 1241 4734 animarum
1273 4676 1355 4743 lit,
1389 4686 1445 4733 et
1469 4692 1499 4730 a
1533 4676 1774 4747 peccatis
1804 4674 2008 4731 libera-

427 4772 525 4831 tio.
563 4773 676 4828 llas
701 4786 803 4843 ego
831 4786 996 4826 voces
1032 4769 1249 4841 plurimi
1287 4768 1455 4834 facio,
1491 4768 1589 4822 has
1625 4766 1926 4835 amplector
1954 4773 2011 4821 et

424 4880 587 4931 amo;
635 4864 764 4935 quia
829 4863 965 4920 mihi
1015 4863 1174 4920 dulce
1228 4876 1312 4919 est
1344 4872 1510 4931 atque
1540 4860 1846 4929 jucundum
1908 4860 2009 4916 bas

424 4967 610 5015 mente
637 4958 942 5023 revolvere,
970 4966 1023 5012 et
1057 4957 1142 5012 his
1171 4955 1476 5028 cogitandis
1505 4953 1790 5010 alacritate
1821 4953 2011 5021 reple-

427 5052 497 5117 ri,
533 5059 586 5125 et
614 5048 1043 5105 consolatoriam
1076 5056 1429 5118 peccatorum
1467 5045 1716 5101 invenire
1751 5046 2009 5115 pharma-

425 5160 573 5209 cum,
620 5153 675 5199 et
701 5142 766 5198 ad
814 5143 1012 5197 bonam
1046 5156 1198 5212 spem
1252 5140 1413 5211 erigi,
1463 5148 1521 5195 et
1572 5139 2029 5211 desperationem,

424 5237 681 5307 abjicere,
728 5236 936 5308 Deique
985 5235 1382 5307 benignitatem
1447 5249 1512 5289 ac
1568 5232 2002 5287 misericordiam

426 5346 779 5403 cognoscere.
840 5329 1056 5386 Etenim
1115 5329 1438 5385 delictorum
1481 5326 1814 5382 oblivionem
1849 5326 2009 5381 nobis

424 5432 839 5494 repraesentant,
890 5435 944 5480 et
988 5421 1399 5478 misericordem
1431 5431 1597 5491 atque
1630 5418 2003 5490 indulgentem

423 5516 718 5575 Dominum
782 5519 1213 5588 Creatoremque
1272 5519 1691 5583 demonstrant;
1752 5523 1918 5585 atque
1953 5522 2012 5568 ut

428 5610 671 5671 breviter
704 5613 884 5670 dicam
940 5613 1134 5670 salutis
1163 5610 1322 5668 nobis
1355 5610 1601 5669 datorem
1625 5608 1855 5667 suadent
1888 5623 2008 5664 esse

2183 4499 2285 4562 νγ’.
2317 4491 2503 4547 Ταῦτα
2532 4492 2621 4547 διὰ
2656 4494 2757 4561 τῆς
2785 4488 3132 4561 θεογενεσίας
3165 4487 3257 4543 τοῦ
3291 4487 3440 4541 θείου
3470 4483 3678 4556 λουτροῦ

2106 4588 2137 4641 ό
2175 4584 2370 4657 Σωτὴρ
2400 4586 2533 4655 ἡμῖν
2553 4583 2869 4656 ἐχαρίσατο.
2904 4580 3067 4654 ρύψιν
3102 4580 3345 4649 παντελῆ
3375 4581 3468 4634 καὶ
3493 4576 3682 4646 κάθαρ-

2109 4691 2195 4729 σιν
2217 4674 2329 4728 τῶν
2352 4673 2541 4745 ψυχῶν
2560 4671 2794 4744 ἔχοντος,
2821 4673 2914 4726 καὶ
2933 4671 3039 4725 τῶν
3052 4669 3470 4742 ἁμαρτημάτων
3487 4664 3681 4721 ἐλευθε-

2112 4770 2234 4841 ρίαν
2257 4767 2603 4840 είσφέροντος
2622 4783 2637 4798 ·
2661 4765 2863 4830 ταύτας
2886 4765 3063 4834 ἔγωγε
3084 4766 3183 4828 τὰς
3203 4763 3407 4832 φωνὰς,
3435 4758 3620 4824 πολλοῦ
3632 4769 3685 4821 γε

2110 4859 2177 4916 ἂν
2213 4857 2589 4930 τιμησαίμην,
2619 4857 2821 4920 ταύτας
2852 4853 3296 4927 περιπτύσσομαι
3338 4854 3434 4906 καὶ
3463 4846 3678 4910 ἀσπάζο-

2117 4970 2238 5026 μαι,
2256 4952 2332 5016 ὼς
2351 4951 2451 5023 ἡδύ
2472 4950 2674 5023 μοικαὶ
2701 4948 2890 5020 χαρίεν
2909 4950 2988 5011 εἰς
3014 4948 3237 5017 μνήμην
3264 4947 3471 4999 τούτων
3489 4938 3673 4994 ἵεσθαι.

2117 5047 2212 5101 καὶ
2244 5046 2453 5110 ταύτας
2483 5042 2945 5113 ἀναλαμϐάνοντα
2973 5038 3290 5110 προθυμίας
3334 5030 3673 5109 πληροῦσθαι,

2117 5142 2213 5195 καὶ
2263 5137 2619 5214 παραμυθίας
2647 5135 2756 5189 τῶν
2790 5133 3200 5206 ἡμαρτημένων
3235 5129 3510 5202 εὑρίσκειν
3549 5122 3674 5192 φάρο

2120 5249 2327 5305 μακον,
2355 5231 2451 5285 καὶ
2482 5229 2618 5301 πρὸς
2644 5227 2890 5301 χρηστὰς
2920 5223 3296 5294 ἐπανάγεσθαι
3324 5221 3422 5285 τὰς
3451 5216 3671 5305 ἐλπίδας,

2116 5303 2213 5382 καὶ
2251 5324 2615 5394 καταφρονεῖν
2660 5318 3061 5389 ἀπογνώσεως,
3100 5318 3197 5371 καὶ
3231 5313 3518 5386 μανθάνειν
3552 5303 3673 5360 Θεοῦ

2119 5416 2537 5490 φιλανθρωπίαν
2570 5417 2665 5470 καὶ
2709 5414 2894 5470 ἔλεον·
2948 5412 3255 5485 ἀμνηστίαν
3292 5409 3403 5483 γὰρ
3449 5404 3552 5460 τῶν
3586 5416 3674 5452 πε·

2118 5509 2605 5583 πλημμελημένων
2660 5510 2792 5580 ἡμῖν
2845 5506 3226 5577 ὑποτίθενται,
3284 5502 3442 5567 ίλεών
3486 5515 3541 5554 τε
3588 5491 3674 5547 καὶ

2122 5600 2483 5677 συγγνώμονα
2532 5605 2621 5675 τὺν
2681 5600 2960 5673 Δεσπότην
3034 5601 3126 5656 καὶ
3196 5594 3436 5669 Ποιητὴν
3495 5586 3671 5644 διαδει·

498 5770 545 5806 ’³
579 5769 722 5830 Psal.
754 5784 841 5839 ev,
870 5771 927 5825 2.
1005 5769 1051 5802 ”
1084 5768 1285 5827 Jerem.
1323 5783 1472 5835 xxxi,
1504 5769 1592 5824 54.
1672 5768 1715 5799 ’⁸
1755 5765 1914 5823 Rom.
1940 5782 2018 5835 Xl,
2051 5766 2141 5821 55.
