  <div class='ocr_page' id='page_1' title='image "/cluster/home/n/w/nwhite01/storage/ocr_20150623/100/coo.31924054870047/367.png"; bbox 0 0 3994 6484; ppageno 0'>
   <div class='ocr_carea' id='block_1_1' title="bbox 394 358 503 422">
    <p class='ocr_par' dir='ltr' id='par_1_1' title="bbox 394 358 503 422">
     <span class='ocr_line' id='line_1_1' title="bbox 394 358 503 422; baseline -0.009 0"><span class='ocrx_word' id='word_1_1' title='bbox 394 358 503 422; x_wconf 77' lang='grc'><strong>727</strong></span> 
     </span>
    </p>
   </div>
   <div class='ocr_carea' id='block_1_2' title="bbox 1387 366 2602 434">
    <p class='ocr_par' dir='ltr' id='par_1_2' title="bbox 1387 366 2602 434">
     <span class='ocr_line' id='line_1_2' title="bbox 1387 366 2602 434; baseline 0.005 -6"><span class='ocrx_word' id='word_1_2' title='bbox 1387 366 1450 428; x_wconf 87' lang='lat' dir='ltr'><strong>S.</strong></span> <span class='ocrx_word' id='word_1_3' title='bbox 1489 366 1907 430; x_wconf 78' lang='lat' dir='ltr'><strong>NlCEl’HORI</strong></span> <span class='ocrx_word' id='word_1_4' title='bbox 1948 370 2454 433; x_wconf 63' lang='lat' dir='ltr'><strong>PATRIARCHA‘I</strong></span> <span class='ocrx_word' id='word_1_5' title='bbox 2492 372 2602 434; x_wconf 91' lang='lat' dir='ltr'><strong>CP.</strong></span> 
     </span>
    </p>
   </div>
   <div class='ocr_carea' id='block_1_3' title="bbox 3575 366 3678 437">
    <p class='ocr_par' dir='ltr' id='par_1_3' title="bbox 3575 366 3678 437">
     <span class='ocr_line' id='line_1_3' title="bbox 3575 366 3678 437; baseline 0.019 -3"><span class='ocrx_word' id='word_1_6' title='bbox 3575 366 3678 437; x_wconf 67' lang='lat'><strong>728</strong></span> 
     </span>
    </p>
   </div>
   <div class='ocr_carea' id='block_1_4' title="bbox 397 474 1993 557">
    <p class='ocr_par' dir='ltr' id='par_1_4' title="bbox 397 474 1970 552">
     <span class='ocr_line' id='line_1_4' title="bbox 397 474 1970 552; baseline 0.004 -22"><span class='ocrx_word' id='word_1_7' title='bbox 397 476 468 530; x_wconf 85' lang='lat' dir='ltr'><strong>sti</strong></span> <span class='ocrx_word' id='word_1_8' title='bbox 530 474 773 533; x_wconf 72' lang='lat' dir='ltr'><strong>Ecclesia</strong></span> <span class='ocrx_word' id='word_1_9' title='bbox 813 487 975 548; x_wconf 98' lang='lat' dir='ltr'><strong>prout</strong></span> <span class='ocrx_word' id='word_1_10' title='bbox 1026 478 1137 535; x_wconf 88' lang='lat' dir='ltr'><strong>Deo</strong></span> <span class='ocrx_word' id='word_1_11' title='bbox 1188 480 1416 551; x_wconf 82' lang='lat' dir='ltr'><strong>dignum</strong></span> <span class='ocrx_word' id='word_1_12' title='bbox 1475 492 1563 536; x_wconf 88' lang='lat' dir='ltr'><strong>est</strong></span> <span class='ocrx_word' id='word_1_13' title='bbox 1617 482 1970 552; x_wconf 74' lang='lat' dir='ltr'><strong>intelligetur,</strong></span> 
     </span>
    </p>
   </div>
   <div class='ocr_carea' id='block_1_5' title="bbox 2095 474 3684 557">
    <p class='ocr_par' dir='ltr' id='par_1_5' title="bbox 2095 476 3684 557">
     <span class='ocr_line' id='line_1_5' title="bbox 2095 476 3684 557; baseline 0.003 -20"><span class='ocrx_word' id='word_1_14' title='bbox 2095 486 2155 548; x_wconf 83' lang='lat' dir='ltr'><strong>:l;</strong></span> <span class='ocrx_word' id='word_1_15' title='bbox 2178 485 2278 556; x_wconf 81' lang='grc' dir='ltr'>τὴν</span> <span class='ocrx_word' id='word_1_16' title='bbox 2309 488 2414 556; x_wconf 77' lang='grc' dir='ltr'><strong>γῆν</strong></span> <span class='ocrx_word' id='word_1_17' title='bbox 2448 485 2690 555; x_wconf 82' lang='grc' dir='ltr'>Ἰσραὴλ,</span> <span class='ocrx_word' id='word_1_18' title='bbox 2724 483 2848 554; x_wconf 67' lang='grc' dir='ltr'>ητις</span> <span class='ocrx_word' id='word_1_19' title='bbox 2871 483 2905 553; x_wconf 79' lang='grc' dir='ltr'><strong>ἡ</strong></span> <span class='ocrx_word' id='word_1_20' title='bbox 2948 476 3251 555; x_wconf 82' lang='grc' dir='ltr'>Ἐκκλησία</span> <span class='ocrx_word' id='word_1_21' title='bbox 3274 477 3529 557; x_wconf 76' lang='grc' dir='ltr'><strong>Χριστοῦ</strong></span> <span class='ocrx_word' id='word_1_22' title='bbox 3564 485 3684 542; x_wconf 79' lang='grc' dir='ltr'>θεο-</span> 
     </span>
    </p>
   </div>
   <div class='ocr_carea' id='block_1_6' title="bbox 397 568 1975 644">
    <p class='ocr_par' dir='ltr' id='par_1_6' title="bbox 397 568 1975 644">
     <span class='ocr_line' id='line_1_6' title="bbox 397 568 1975 644; baseline 0.006 -24"><span class='ocrx_word' id='word_1_23' title='bbox 397 568 746 635; x_wconf 80' lang='lat' dir='ltr'><strong>coadunavit,</strong></span> <span class='ocrx_word' id='word_1_24' title='bbox 780 571 1167 641; x_wconf 74' lang='lat' dir='ltr'><strong>montibusque</strong></span> <span class='ocrx_word' id='word_1_25' title='bbox 1214 572 1325 628; x_wconf 89' lang='lat' dir='ltr'><strong>alte</strong></span> <span class='ocrx_word' id='word_1_26' title='bbox 1354 573 1579 628; x_wconf 88' lang='lat' dir='ltr'><strong>structis</strong></span> <span class='ocrx_word' id='word_1_27' title='bbox 1605 589 1670 629; x_wconf 85' lang='lat' dir='ltr'><strong>ac</strong></span> <span class='ocrx_word' id='word_1_28' title='bbox 1703 575 1975 644; x_wconf 73' lang='lat' dir='ltr'><strong>mysticis,</strong></span> 
     </span>
    </p>
   </div>
   <div class='ocr_carea' id='block_1_7' title="bbox 398 660 1980 733">
    <p class='ocr_par' dir='ltr' id='par_1_7' title="bbox 398 660 1980 733">
     <span class='ocr_line' id='line_1_7' title="bbox 398 660 1980 733; baseline 0.004 -21"><span class='ocrx_word' id='word_1_29' title='bbox 398 660 743 731; x_wconf 76' lang='lat' dir='ltr'><strong>dogmatibus</strong></span> <span class='ocrx_word' id='word_1_30' title='bbox 776 662 984 717; x_wconf 76' lang='lat' dir='ltr'><strong>scilicet</strong></span> <span class='ocrx_word' id='word_1_31' title='bbox 1029 661 1313 733; x_wconf 72' lang='lat' dir='ltr'><strong>theologite</strong></span> <span class='ocrx_word' id='word_1_32' title='bbox 1350 663 1693 732; x_wconf 80' lang='lat' dir='ltr'><strong>sublimibus,</strong></span> <span class='ocrx_word' id='word_1_33' title='bbox 1734 680 1980 720; x_wconf 89' lang='lat' dir='ltr'><strong>commn-</strong></span> 
     </span>
    </p>
   </div>
   <div class='ocr_carea' id='block_1_8' title="bbox 332 753 1980 829">
    <p class='ocr_par' dir='ltr' id='par_1_8' title="bbox 332 753 1980 829">
     <span class='ocr_line' id='line_1_8' title="bbox 332 753 1980 829; baseline 0.003 -22"><span class='ocrx_word' id='word_1_34' title='bbox 332 774 341 783; x_wconf 77' lang='grc' dir='ltr'><strong><em>ο</em></strong></span> <span class='ocrx_word' id='word_1_35' title='bbox 398 755 554 809; x_wconf 83' lang='lat' dir='ltr'><strong>nivit.</strong></span> <span class='ocrx_word' id='word_1_36' title='bbox 582 753 713 823; x_wconf 67' lang='lat' dir='ltr'><strong>Quae</strong></span> <span class='ocrx_word' id='word_1_37' title='bbox 736 756 939 811; x_wconf 85' lang='lat' dir='ltr'><strong>clarius</strong></span> <span class='ocrx_word' id='word_1_38' title='bbox 958 756 1013 811; x_wconf 90' lang='lat' dir='ltr'><strong>in</strong></span> <span class='ocrx_word' id='word_1_39' title='bbox 1044 757 1405 827; x_wconf 83' lang='lat' dir='ltr'><strong>sequentibus</strong></span> <span class='ocrx_word' id='word_1_40' title='bbox 1434 759 1683 813; x_wconf 86' lang='lat' dir='ltr'><strong>docebit:</strong></span> <span class='ocrx_word' id='word_1_41' title='bbox 1708 758 1779 813; x_wconf 83' lang='lat' dir='ltr'><strong>Et</strong></span> <span class='ocrx_word' id='word_1_42' title='bbox 1823 760 1980 829; x_wconf 86' lang='lat' dir='ltr'><strong>prin-</strong></span> 
     </span>
    </p>
   </div>
   <div class='ocr_carea' id='block_1_9' title="bbox 399 848 1983 921">
    <p class='ocr_par' dir='ltr' id='par_1_9' title="bbox 399 848 1983 921">
     <span class='ocr_line' id='line_1_9' title="bbox 399 848 1983 921; baseline 0.002 -20"><span class='ocrx_word' id='word_1_43' title='bbox 399 865 517 918; x_wconf 71' lang='lat' dir='ltr'><strong>seps</strong></span> <span class='ocrx_word' id='word_1_44' title='bbox 567 865 728 912; x_wconf 85' lang='lat' dir='ltr'><strong>unus,</strong></span> <span class='ocrx_word' id='word_1_45' title='bbox 762 848 958 918; x_wconf 89' lang='lat' dir='ltr'><strong>inquit,</strong></span> <span class='ocrx_word' id='word_1_46' title='bbox 992 850 1091 904; x_wconf 86' lang='lat' dir='ltr'><strong>erit</strong></span> <span class='ocrx_word' id='word_1_47' title='bbox 1120 849 1333 905; x_wconf 83' lang='lat' dir='ltr'><strong>illorum</strong></span> <span class='ocrx_word' id='word_1_48' title='bbox 1361 852 1597 906; x_wconf 82' lang='lat' dir='ltr'><strong>omnium</strong></span> <span class='ocrx_word' id='word_1_49' title='bbox 1654 868 1782 917; x_wconf 74' lang='lat' dir='ltr'><strong>rex;</strong></span> <span class='ocrx_word' id='word_1_50' title='bbox 1815 868 1983 921; x_wconf 84' lang='lat' dir='ltr'><strong>neque</strong></span> 
     </span>
    </p>
   </div>
   <div class='ocr_carea' id='block_1_10' title="bbox 398 941 1981 1015">
    <p class='ocr_par' dir='ltr' id='par_1_10' title="bbox 398 941 1981 1015">
     <span class='ocr_line' id='line_1_10' title="bbox 398 941 1981 1015; baseline 0.003 -22"><span class='ocrx_word' id='word_1_51' title='bbox 398 949 552 994; x_wconf 81' lang='lat' dir='ltr'><strong>erunt</strong></span> <span class='ocrx_word' id='word_1_52' title='bbox 580 941 779 996; x_wconf 81' lang='lat' dir='ltr'><strong>diutius</strong></span> <span class='ocrx_word' id='word_1_53' title='bbox 808 942 927 997; x_wconf 71' lang='lat' dir='ltr'><strong>dua</strong></span> <span class='ocrx_word' id='word_1_54' title='bbox 961 951 1157 1014; x_wconf 79' lang='lat' dir='ltr'><strong>gentes,</strong></span> <span class='ocrx_word' id='word_1_55' title='bbox 1190 958 1357 1015; x_wconf 79' lang='lat' dir='ltr'><strong>neque</strong></span> <span class='ocrx_word' id='word_1_56' title='bbox 1399 942 1640 1013; x_wconf 81' lang='lat' dir='ltr'><strong>deinceps</strong></span> <span class='ocrx_word' id='word_1_57' title='bbox 1676 944 1981 998; x_wconf 79' lang='lat' dir='ltr'><strong>scindentur</strong></span> 
     </span>
    </p>
   </div>
   <div class='ocr_carea' id='block_1_11' title="bbox 399 1031 876 1104">
    <p class='ocr_par' dir='ltr' id='par_1_11' title="bbox 399 1031 876 1104">
     <span class='ocr_line' id='line_1_11' title="bbox 399 1031 876 1104; baseline 0.006 -21"><span class='ocrx_word' id='word_1_58' title='bbox 399 1031 456 1085; x_wconf 84' lang='lat' dir='ltr'><strong>in</strong></span> <span class='ocrx_word' id='word_1_59' title='bbox 483 1047 642 1104; x_wconf 80' lang='lat' dir='ltr'><strong>regna</strong></span> <span class='ocrx_word' id='word_1_60' title='bbox 677 1033 783 1087; x_wconf 82' lang='lat' dir='ltr'><strong>duo</strong></span> <span class='ocrx_word' id='word_1_61' title='bbox 807 1035 876 1086; x_wconf 75' lang='grc'><strong>’⁷.</strong></span> 
     </span>
    </p>
   </div>
   <div class='ocr_carea' id='block_1_12' title="bbox 471 1234 1981 1307">
    <p class='ocr_par' dir='ltr' id='par_1_12' title="bbox 471 1234 1981 1307">
     <span class='ocr_line' id='line_1_12' title="bbox 471 1234 1981 1307; baseline 0.003 -18"><span class='ocrx_word' id='word_1_62' title='bbox 471 1234 560 1289; x_wconf 82' lang='lat'><strong>55.</strong></span> <span class='ocrx_word' id='word_1_63' title='bbox 593 1234 727 1301; x_wconf 92' lang='lat' dir='ltr'><strong>Quis</strong></span> <span class='ocrx_word' id='word_1_64' title='bbox 770 1235 911 1292; x_wconf 86' lang='lat' dir='ltr'><strong>adeo</strong></span> <span class='ocrx_word' id='word_1_65' title='bbox 967 1236 1119 1293; x_wconf 82' lang='lat' dir='ltr'><strong>rudis</strong></span> <span class='ocrx_word' id='word_1_66' title='bbox 1168 1247 1225 1294; x_wconf 85' lang='lat' dir='ltr'><strong>et</strong></span> <span class='ocrx_word' id='word_1_67' title='bbox 1260 1236 1544 1307; x_wconf 84' lang='lat' dir='ltr'><strong>insipiens,</strong></span> <span class='ocrx_word' id='word_1_68' title='bbox 1579 1237 1669 1305; x_wconf 91' lang='lat' dir='ltr'><strong>qui</strong></span> <span class='ocrx_word' id='word_1_69' title='bbox 1704 1252 1811 1292; x_wconf 92' lang='lat' dir='ltr'><strong>non</strong></span> <span class='ocrx_word' id='word_1_70' title='bbox 1845 1252 1981 1293; x_wconf 86' lang='lat' dir='ltr'><strong>cou-</strong></span> 
     </span>
    </p>
   </div>
   <div class='ocr_carea' id='block_1_13' title="bbox 400 1329 1979 1400">
    <p class='ocr_par' dir='ltr' id='par_1_13' title="bbox 400 1329 1979 1400">
     <span class='ocr_line' id='line_1_13' title="bbox 400 1329 1979 1400; baseline 0.003 -19"><span class='ocrx_word' id='word_1_71' title='bbox 400 1342 662 1382; x_wconf 82' lang='lat' dir='ltr'><strong>sensnrus</strong></span> <span class='ocrx_word' id='word_1_72' title='bbox 691 1331 763 1383; x_wconf 90' lang='lat' dir='ltr'><strong>sit</strong></span> <span class='ocrx_word' id='word_1_73' title='bbox 794 1339 852 1383; x_wconf 91' lang='lat' dir='ltr'><strong>et</strong></span> <span class='ocrx_word' id='word_1_74' title='bbox 883 1329 1262 1396; x_wconf 77' lang='lat' dir='ltr'><strong>confessurus,</strong></span> <span class='ocrx_word' id='word_1_75' title='bbox 1318 1331 1607 1400; x_wconf 85' lang='lat' dir='ltr'><strong>perspicue</strong></span> <span class='ocrx_word' id='word_1_76' title='bbox 1630 1332 1750 1386; x_wconf 72' lang='lat' dir='ltr'><strong>inec</strong></span> <span class='ocrx_word' id='word_1_77' title='bbox 1773 1343 1826 1385; x_wconf 91' lang='lat' dir='ltr'><strong>et</strong></span> <span class='ocrx_word' id='word_1_78' title='bbox 1854 1331 1979 1386; x_wconf 91' lang='lat' dir='ltr'><strong>lim-</strong></span> 
     </span>
    </p>
   </div>
   <div class='ocr_carea' id='block_1_14' title="bbox 404 1420 1982 1494">
    <p class='ocr_par' dir='ltr' id='par_1_14' title="bbox 404 1420 1982 1494">
     <span class='ocr_line' id='line_1_14' title="bbox 404 1420 1982 1494; baseline 0.007 -24"><span class='ocrx_word' id='word_1_79' title='bbox 404 1422 527 1487; x_wconf 77' lang='lat' dir='ltr'><strong>pitie</strong></span> <span class='ocrx_word' id='word_1_80' title='bbox 556 1420 608 1477; x_wconf 91' lang='lat' dir='ltr'><strong>in</strong></span> <span class='ocrx_word' id='word_1_81' title='bbox 636 1432 782 1476; x_wconf 86' lang='lat' dir='ltr'><strong>statu</strong></span> <span class='ocrx_word' id='word_1_82' title='bbox 838 1436 1029 1478; x_wconf 82' lang='lat' dir='ltr'><strong>IIOSU&#39;O</strong></span> <span class='ocrx_word' id='word_1_83' title='bbox 1068 1422 1385 1479; x_wconf 87' lang='lat' dir='ltr'><strong>Christiano</strong></span> <span class='ocrx_word' id='word_1_84' title='bbox 1408 1424 1764 1481; x_wconf 80' lang='lat' dir='ltr'><strong>elucescere?</strong></span> <span class='ocrx_word' id='word_1_85' title='bbox 1795 1423 1982 1494; x_wconf 86' lang='lat' dir='ltr'><strong>Neque</strong></span> 
     </span>
    </p>
   </div>
   <div class='ocr_carea' id='block_1_15' title="bbox 403 1513 1980 1588">
    <p class='ocr_par' dir='ltr' id='par_1_15' title="bbox 403 1513 1980 1588">
     <span class='ocr_line' id='line_1_15' title="bbox 403 1513 1980 1588; baseline 0.003 -20"><span class='ocrx_word' id='word_1_86' title='bbox 403 1513 725 1571; x_wconf 82' lang='lat' dir='ltr'><strong>Zorobabeli</strong></span> <span class='ocrx_word' id='word_1_87' title='bbox 781 1517 1154 1586; x_wconf 83' lang='lat' dir='ltr'><strong>propheticam</strong></span> <span class='ocrx_word' id='word_1_88' title='bbox 1213 1519 1648 1573; x_wconf 83' lang='lat' dir='ltr'><strong>accommodabit</strong></span> <span class='ocrx_word' id='word_1_89' title='bbox 1693 1519 1980 1588; x_wconf 81' lang='lat' dir='ltr'><strong>quisquam</strong></span> 
     </span>
    </p>
   </div>
   <div class='ocr_carea' id='block_1_16' title="bbox 404 1604 1980 1669">
    <p class='ocr_par' dir='ltr' id='par_1_16' title="bbox 404 1604 1980 1669">
     <span class='ocr_line' id='line_1_16' title="bbox 404 1604 1980 1669; baseline 0.004 -12"><span class='ocrx_word' id='word_1_90' title='bbox 404 1604 724 1669; x_wconf 66' lang='lat' dir='ltr'><strong>dictionem‘,</strong></span> <span class='ocrx_word' id='word_1_91' title='bbox 754 1608 800 1661; x_wconf 87' lang='lat' dir='ltr'><strong>si</strong></span> <span class='ocrx_word' id='word_1_92' title='bbox 829 1607 989 1661; x_wconf 90' lang='lat' dir='ltr'><strong>modo</strong></span> <span class='ocrx_word' id='word_1_93' title='bbox 1042 1607 1329 1663; x_wconf 85' lang='lat' dir='ltr'><strong>meliorum</strong></span> <span class='ocrx_word' id='word_1_94' title='bbox 1370 1610 1570 1665; x_wconf 87' lang='lat' dir='ltr'><strong>sectari</strong></span> <span class='ocrx_word' id='word_1_95' title='bbox 1617 1608 1980 1664; x_wconf 77' lang='lat' dir='ltr'><strong>volelsull&#39;ra-</strong></span> 
     </span>
    </p>
   </div>
   <div class='ocr_carea' id='block_1_17' title="bbox 404 1696 1978 1768">
    <p class='ocr_par' dir='ltr' id='par_1_17' title="bbox 404 1696 1978 1768">
     <span class='ocr_line' id='line_1_17' title="bbox 404 1696 1978 1768; baseline 0.002 -18"><span class='ocrx_word' id='word_1_96' title='bbox 404 1696 577 1763; x_wconf 79' lang='lat' dir='ltr'><strong>ginm.</strong></span> <span class='ocrx_word' id='word_1_97' title='bbox 601 1696 692 1752; x_wconf 90' lang='lat' dir='ltr'><strong>ille</strong></span> <span class='ocrx_word' id='word_1_98' title='bbox 727 1697 873 1751; x_wconf 91' lang='lat' dir='ltr'><strong>enim</strong></span> <span class='ocrx_word' id='word_1_99' title='bbox 907 1707 1029 1768; x_wconf 78' lang='lat' dir='ltr'><strong>post</strong></span> <span class='ocrx_word' id='word_1_100' title='bbox 1057 1700 1420 1768; x_wconf 86' lang='lat' dir='ltr'><strong>captivorum,</strong></span> <span class='ocrx_word' id='word_1_101' title='bbox 1449 1701 1500 1754; x_wconf 91' lang='lat' dir='ltr'><strong>id</strong></span> <span class='ocrx_word' id='word_1_102' title='bbox 1538 1709 1623 1756; x_wconf 87' lang='lat' dir='ltr'><strong>est</strong></span> <span class='ocrx_word' id='word_1_103' title='bbox 1644 1698 1978 1768; x_wconf 64' lang='lat' dir='ltr'><strong>Iudaeorum,</strong></span> 
     </span>
    </p>
   </div>
   <div class='ocr_carea' id='block_1_18' title="bbox 405 1787 2059 1884">
    <p class='ocr_par' dir='ltr' id='par_1_18' title="bbox 405 1787 2059 1884">
     <span class='ocr_line' id='line_1_18' title="bbox 405 1787 2059 1884; baseline 0.005 -43"><span class='ocrx_word' id='word_1_104' title='bbox 405 1787 681 1859; x_wconf 74' lang='lat' dir='ltr'><strong>Babylone</strong></span> <span class='ocrx_word' id='word_1_105' title='bbox 712 1792 965 1857; x_wconf 82' lang='lat' dir='ltr'><strong>reditum,</strong></span> <span class='ocrx_word' id='word_1_106' title='bbox 996 1791 1230 1847; x_wconf 81' lang='lat' dir='ltr'><strong>nonfuit</strong></span> <span class='ocrx_word' id='word_1_107' title='bbox 1270 1792 1485 1875; x_wconf 83' lang='lat' dir='ltr'><strong>liberati</strong></span> <span class='ocrx_word' id='word_1_108' title='bbox 1511 1808 1687 1864; x_wconf 85' lang='lat' dir='ltr'><strong>nuper</strong></span> <span class='ocrx_word' id='word_1_109' title='bbox 1716 1794 1982 1849; x_wconf 80' lang='lat' dir='ltr'><strong>servitute</strong></span> <span class='ocrx_word' id='word_1_110' title='bbox 2019 1830 2059 1884; x_wconf 70' lang='grc' dir='ltr'><strong>Β</strong></span> 
     </span>
    </p>
   </div>
   <div class='ocr_carea' id='block_1_19' title="bbox 406 1871 1982 1955">
    <p class='ocr_par' dir='ltr' id='par_1_19' title="bbox 406 1871 1982 1955">
     <span class='ocr_line' id='line_1_19' title="bbox 406 1871 1982 1955; baseline 0.004 -21"><span class='ocrx_word' id='word_1_111' title='bbox 406 1883 593 1952; x_wconf 82' lang='lat' dir='ltr'><strong>populi</strong></span> <span class='ocrx_word' id='word_1_112' title='bbox 619 1885 950 1939; x_wconf 88' lang='lat' dir='ltr'><strong>constitutus</strong></span> <span class='ocrx_word' id='word_1_113' title='bbox 970 1900 1089 1952; x_wconf 78' lang='lat' dir='ltr'><strong>res,</strong></span> <span class='ocrx_word' id='word_1_114' title='bbox 1121 1885 1215 1939; x_wconf 87' lang='lat' dir='ltr'><strong>sed</strong></span> <span class='ocrx_word' id='word_1_115' title='bbox 1241 1871 1551 1955; x_wconf 31' lang='lat' dir='ltr'><strong>dux-populi</strong></span> <span class='ocrx_word' id='word_1_116' title='bbox 1588 1892 1795 1940; x_wconf 84' lang='lat' dir='ltr'><strong>tantum</strong></span> <span class='ocrx_word' id='word_1_117' title='bbox 1836 1887 1982 1955; x_wconf 90' lang='lat' dir='ltr'><strong>genti</strong></span> 
     </span>
    </p>
   </div>
   <div class='ocr_carea' id='block_1_20' title="bbox 403 1977 1989 2047">
    <p class='ocr_par' dir='ltr' id='par_1_20' title="bbox 403 1977 1989 2047">
     <span class='ocr_line' id='line_1_20' title="bbox 403 1977 1989 2047; baseline 0.004 -18"><span class='ocrx_word' id='word_1_118' title='bbox 403 1991 515 2031; x_wconf 77' lang='lat' dir='ltr'><strong>sua:</strong></span> <span class='ocrx_word' id='word_1_119' title='bbox 546 1985 774 2047; x_wconf 64' lang='lat' dir='ltr'><strong>praeerat</strong></span> <span class='ocrx_word' id='word_1_120' title='bbox 807 1993 872 2032; x_wconf 90' lang='lat' dir='ltr'><strong>ac</strong></span> <span class='ocrx_word' id='word_1_121' title='bbox 895 1977 1298 2034; x_wconf 77' lang='lat' dir='ltr'><strong>moderabatur.</strong></span> <span class='ocrx_word' id='word_1_122' title='bbox 1329 1978 1690 2045; x_wconf 86' lang='lat' dir='ltr'><strong>Quamobrem</strong></span> <span class='ocrx_word' id='word_1_123' title='bbox 1713 1980 1765 2035; x_wconf 86' lang='lat' dir='ltr'><strong>ei</strong></span> <span class='ocrx_word' id='word_1_124' title='bbox 1794 1981 1989 2036; x_wconf 89' lang='lat' dir='ltr'><strong>dictio-</strong></span> 
     </span>
    </p>
   </div>
   <div class='ocr_carea' id='block_1_21' title="bbox 405 2071 1982 2136">
    <p class='ocr_par' dir='ltr' id='par_1_21' title="bbox 405 2071 1982 2136">
     <span class='ocr_line' id='line_1_21' title="bbox 405 2071 1982 2136; baseline 0.006 -15"><span class='ocrx_word' id='word_1_125' title='bbox 405 2084 529 2125; x_wconf 86' lang='lat' dir='ltr'><strong>nem</strong></span> <span class='ocrx_word' id='word_1_126' title='bbox 565 2071 705 2125; x_wconf 84' lang='lat' dir='ltr'><strong>hanc</strong></span> <span class='ocrx_word' id='word_1_127' title='bbox 735 2075 1170 2136; x_wconf 87' lang='lat' dir='ltr'><strong>accommodare,</strong></span> <span class='ocrx_word' id='word_1_128' title='bbox 1213 2088 1319 2127; x_wconf 83' lang='lat' dir='ltr'><strong>non</strong></span> <span class='ocrx_word' id='word_1_129' title='bbox 1354 2072 1462 2129; x_wconf 91' lang='lat' dir='ltr'><strong>erit</strong></span> <span class='ocrx_word' id='word_1_130' title='bbox 1496 2074 1838 2129; x_wconf 83' lang='lat' dir='ltr'><strong>rationabile.</strong></span> <span class='ocrx_word' id='word_1_131' title='bbox 1866 2072 1982 2131; x_wconf 79' lang='lat' dir='ltr'><strong>Rex</strong></span> 
     </span>
    </p>
   </div>
   <div class='ocr_carea' id='block_1_22' title="bbox 409 2162 1984 2233">
    <p class='ocr_par' dir='ltr' id='par_1_22' title="bbox 409 2162 1984 2233">
     <span class='ocr_line' id='line_1_22' title="bbox 409 2162 1984 2233; baseline 0.003 -18"><span class='ocrx_word' id='word_1_132' title='bbox 409 2175 571 2229; x_wconf 87' lang='lat' dir='ltr'><strong>porro</strong></span> <span class='ocrx_word' id='word_1_133' title='bbox 632 2176 795 2217; x_wconf 87' lang='lat' dir='ltr'><strong>verus</strong></span> <span class='ocrx_word' id='word_1_134' title='bbox 842 2162 1253 2231; x_wconf 79' lang='lat' dir='ltr'><strong>principaliter</strong></span> <span class='ocrx_word' id='word_1_135' title='bbox 1301 2179 1538 2233; x_wconf 83' lang='lat' dir='ltr'><strong>vereque</strong></span> <span class='ocrx_word' id='word_1_136' title='bbox 1602 2174 1687 2220; x_wconf 89' lang='lat' dir='ltr'><strong>est</strong></span> <span class='ocrx_word' id='word_1_137' title='bbox 1741 2167 1984 2221; x_wconf 80' lang='lat' dir='ltr'><strong>Omnium</strong></span> 
     </span>
    </p>
   </div>
   <div class='ocr_carea' id='block_1_23' title="bbox 407 2256 1985 2325">
    <p class='ocr_par' dir='ltr' id='par_1_23' title="bbox 407 2256 1985 2325">
     <span class='ocr_line' id='line_1_23' title="bbox 407 2256 1985 2325; baseline 0.003 -16"><span class='ocrx_word' id='word_1_138' title='bbox 407 2264 656 2309; x_wconf 86' lang='lat' dir='ltr'><strong>nostrum</strong></span> <span class='ocrx_word' id='word_1_139' title='bbox 724 2266 981 2325; x_wconf 82' lang='lat' dir='ltr'><strong>regnator</strong></span> <span class='ocrx_word' id='word_1_140' title='bbox 1042 2270 1107 2311; x_wconf 89' lang='lat' dir='ltr'><strong>ac</strong></span> <span class='ocrx_word' id='word_1_141' title='bbox 1163 2256 1476 2310; x_wconf 83' lang='lat' dir='ltr'><strong>dominator</strong></span> <span class='ocrx_word' id='word_1_142' title='bbox 1537 2256 1792 2311; x_wconf 80' lang='lat' dir='ltr'><strong>Christus</strong></span> <span class='ocrx_word' id='word_1_143' title='bbox 1841 2256 1985 2313; x_wconf 90' lang='lat' dir='ltr'><strong>Deus</strong></span> 
     </span>
    </p>
   </div>
   <div class='ocr_carea' id='block_1_24' title="bbox 364 2346 1987 2418">
    <p class='ocr_par' dir='ltr' id='par_1_24' title="bbox 364 2346 1987 2418">
     <span class='ocr_line' id='line_1_24' title="bbox 364 2346 1987 2418; baseline 0.002 -17"><span class='ocrx_word' id='word_1_144' title='bbox 364 2356 618 2413; x_wconf 75' lang='lat' dir='ltr'><strong>,noster,</strong></span> <span class='ocrx_word' id='word_1_145' title='bbox 655 2347 747 2417; x_wconf 87' lang='lat' dir='ltr'><strong>qui</strong></span> <span class='ocrx_word' id='word_1_146' title='bbox 782 2346 1276 2401; x_wconf 79' lang='lat' dir='ltr'><strong>incommutabilem</strong></span> <span class='ocrx_word' id='word_1_147' title='bbox 1313 2349 1474 2403; x_wconf 82' lang='lat' dir='ltr'><strong>habet</strong></span> <span class='ocrx_word' id='word_1_148' title='bbox 1512 2347 1903 2418; x_wconf 82' lang='lat' dir='ltr'><strong>principatum,</strong></span> <span class='ocrx_word' id='word_1_149' title='bbox 1932 2361 1987 2404; x_wconf 87' lang='lat' dir='ltr'><strong>ct</strong></span> 
     </span>
    </p>
   </div>
   <div class='ocr_carea' id='block_1_25' title="bbox 406 2438 1984 2511">
    <p class='ocr_par' dir='ltr' id='par_1_25' title="bbox 406 2438 1984 2511">
     <span class='ocr_line' id='line_1_25' title="bbox 406 2438 1984 2511; baseline 0.003 -17"><span class='ocrx_word' id='word_1_150' title='bbox 406 2440 636 2511; x_wconf 75' lang='lat' dir='ltr'><strong>gloriam</strong></span> <span class='ocrx_word' id='word_1_151' title='bbox 676 2455 795 2509; x_wconf 76' lang='lat' dir='ltr'><strong>quze</strong></span> <span class='ocrx_word' id='word_1_152' title='bbox 833 2438 1033 2493; x_wconf 79' lang='lat' dir='ltr'><strong>auferri</strong></span> <span class='ocrx_word' id='word_1_153' title='bbox 1085 2455 1189 2494; x_wconf 89' lang='lat' dir='ltr'><strong>non</strong></span> <span class='ocrx_word' id='word_1_154' title='bbox 1229 2450 1445 2510; x_wconf 87' lang='lat' dir='ltr'><strong>potest;</strong></span> <span class='ocrx_word' id='word_1_155' title='bbox 1479 2443 1622 2495; x_wconf 89' lang='lat' dir='ltr'><strong>sicut</strong></span> <span class='ocrx_word' id='word_1_156' title='bbox 1673 2444 1984 2511; x_wconf 82' lang='lat' dir='ltr'><strong>prophetica</strong></span> 
     </span>
    </p>
   </div>
   <div class='ocr_carea' id='block_1_26' title="bbox 408 2529 1990 2603">
    <p class='ocr_par' dir='ltr' id='par_1_26' title="bbox 408 2529 1990 2603">
     <span class='ocr_line' id='line_1_26' title="bbox 408 2529 1990 2603; baseline 0.001 -19"><span class='ocrx_word' id='word_1_157' title='bbox 408 2544 512 2584; x_wconf 81' lang='lat' dir='ltr'><strong>\ox</strong></span> <span class='ocrx_word' id='word_1_158' title='bbox 543 2530 621 2584; x_wconf 91' lang='lat' dir='ltr'><strong>ait</strong></span> <span class='ocrx_word' id='word_1_159' title='bbox 648 2547 661 2584; x_wconf 89' lang='lat'><strong>:</strong></span> <span class='ocrx_word' id='word_1_160' title='bbox 693 2532 768 2584; x_wconf 84' lang='lat' dir='ltr'><strong>Tu</strong></span> <span class='ocrx_word' id='word_1_161' title='bbox 798 2530 852 2584; x_wconf 86' lang='lat' dir='ltr'><strong>in</strong></span> <span class='ocrx_word' id='word_1_162' title='bbox 879 2531 1251 2600; x_wconf 78' lang='lat' dir='ltr'><strong>sempiternum</strong></span> <span class='ocrx_word' id='word_1_163' title='bbox 1301 2529 1468 2599; x_wconf 74' lang='lat' dir='ltr'><strong>sedes,</strong></span> <span class='ocrx_word' id='word_1_164' title='bbox 1506 2548 1600 2585; x_wconf 88' lang='lat' dir='ltr'><strong>nos</strong></span> <span class='ocrx_word' id='word_1_165' title='bbox 1637 2542 1814 2585; x_wconf 87' lang='lat' dir='ltr'><strong>autem</strong></span> <span class='ocrx_word' id='word_1_166' title='bbox 1870 2548 1990 2603; x_wconf 84' lang='lat' dir='ltr'><strong>per-</strong></span> 
     </span>
    </p>
   </div>
   <div class='ocr_carea' id='block_1_27' title="bbox 405 2621 1990 2692">
    <p class='ocr_par' dir='ltr' id='par_1_27' title="bbox 405 2621 1990 2692">
     <span class='ocr_line' id='line_1_27' title="bbox 405 2621 1990 2692; baseline 0.003 -17"><span class='ocrx_word' id='word_1_167' title='bbox 405 2625 545 2677; x_wconf 82' lang='lat' dir='ltr'><strong>imus</strong></span> <span class='ocrx_word' id='word_1_168' title='bbox 579 2622 637 2676; x_wconf 86' lang='lat' dir='ltr'><strong>in</strong></span> <span class='ocrx_word' id='word_1_169' title='bbox 657 2637 765 2676; x_wconf 71' lang='grc' dir='ltr'>ανυο</span> <span class='ocrx_word' id='word_1_170' title='bbox 783 2622 851 2677; x_wconf 78' lang='grc'><strong>⁸⁸.</strong></span> <span class='ocrx_word' id='word_1_171' title='bbox 881 2621 1082 2677; x_wconf 88' lang='lat' dir='ltr'><strong>Sumus</strong></span> <span class='ocrx_word' id='word_1_172' title='bbox 1111 2631 1289 2677; x_wconf 84' lang='lat' dir='ltr'><strong>autem</strong></span> <span class='ocrx_word' id='word_1_173' title='bbox 1319 2623 1366 2679; x_wconf 88' lang='lat' dir='ltr'><strong>ei</strong></span> <span class='ocrx_word' id='word_1_174' title='bbox 1399 2639 1497 2679; x_wconf 90' lang='lat' dir='ltr'><strong>nos</strong></span> <span class='ocrx_word' id='word_1_175' title='bbox 1527 2624 1782 2692; x_wconf 82' lang='lat' dir='ltr'><strong>subjecti,</strong></span> <span class='ocrx_word' id='word_1_176' title='bbox 1804 2634 1857 2679; x_wconf 90' lang='lat' dir='ltr'><strong>et</strong></span> <span class='ocrx_word' id='word_1_177' title='bbox 1887 2624 1990 2680; x_wconf 89' lang='lat' dir='ltr'><strong>sub</strong></span> 
     </span>
    </p>
   </div>
   <div class='ocr_carea' id='block_1_28' title="bbox 410 2716 1989 2787">
    <p class='ocr_par' dir='ltr' id='par_1_28' title="bbox 410 2716 1989 2787">
     <span class='ocr_line' id='line_1_28' title="bbox 410 2716 1989 2787; baseline 0.003 -18"><span class='ocrx_word' id='word_1_178' title='bbox 410 2718 574 2773; x_wconf 87' lang='lat' dir='ltr'><strong>unico</strong></span> <span class='ocrx_word' id='word_1_179' title='bbox 604 2732 732 2786; x_wconf 84' lang='lat' dir='ltr'><strong>rege</strong></span> <span class='ocrx_word' id='word_1_180' title='bbox 757 2716 939 2772; x_wconf 88' lang='lat' dir='ltr'><strong>cuncti</strong></span> <span class='ocrx_word' id='word_1_181' title='bbox 982 2716 1259 2787; x_wconf 86' lang='lat' dir='ltr'><strong>degimns;</strong></span> <span class='ocrx_word' id='word_1_182' title='bbox 1292 2716 1467 2771; x_wconf 89' lang='lat' dir='ltr'><strong>solum</strong></span> <span class='ocrx_word' id='word_1_183' title='bbox 1512 2718 1692 2787; x_wconf 88' lang='lat' dir='ltr'><strong>ipsum</strong></span> <span class='ocrx_word' id='word_1_184' title='bbox 1752 2719 1989 2775; x_wconf 84' lang='lat' dir='ltr'><strong>revelata</strong></span> 
     </span>
    </p>
   </div>
   <div class='ocr_carea' id='block_1_29' title="bbox 410 2810 1990 2878">
    <p class='ocr_par' dir='ltr' id='par_1_29' title="bbox 410 2810 1990 2878">
     <span class='ocr_line' id='line_1_29' title="bbox 410 2810 1990 2878; baseline 0.001 -14"><span class='ocrx_word' id='word_1_185' title='bbox 410 2810 570 2878; x_wconf 82' lang='lat' dir='ltr'><strong>l&#39;acie,</strong></span> <span class='ocrx_word' id='word_1_186' title='bbox 615 2819 669 2866; x_wconf 91' lang='lat' dir='ltr'><strong>et</strong></span> <span class='ocrx_word' id='word_1_187' title='bbox 697 2819 983 2866; x_wconf 85' lang='lat' dir='ltr'><strong>constante</strong></span> <span class='ocrx_word' id='word_1_188' title='bbox 1013 2810 1177 2865; x_wconf 84' lang='lat' dir='ltr'><strong>corde</strong></span> <span class='ocrx_word' id='word_1_189' title='bbox 1207 2811 1374 2864; x_wconf 88' lang='lat' dir='ltr'><strong>Dcum</strong></span> <span class='ocrx_word' id='word_1_190' title='bbox 1409 2825 1473 2866; x_wconf 90' lang='lat' dir='ltr'><strong>ac</strong></span> <span class='ocrx_word' id='word_1_191' title='bbox 1502 2810 1791 2867; x_wconf 87' lang='lat' dir='ltr'><strong>Dominum</strong></span> <span class='ocrx_word' id='word_1_192' title='bbox 1818 2812 1990 2867; x_wconf 76' lang='lat' dir='ltr'><strong>conti-</strong></span> 
     </span>
    </p>
   </div>
   <div class='ocr_carea' id='block_1_30' title="bbox 412 2898 1991 2972">
    <p class='ocr_par' dir='ltr' id='par_1_30' title="bbox 412 2898 1991 2972">
     <span class='ocr_line' id='line_1_30' title="bbox 412 2898 1991 2972; baseline 0.002 -18"><span class='ocrx_word' id='word_1_193' title='bbox 412 2911 591 2957; x_wconf 88' lang='lat' dir='ltr'><strong>tentes</strong></span> <span class='ocrx_word' id='word_1_194' title='bbox 661 2902 1151 2972; x_wconf 72' lang='lat' dir='ltr'><strong>prtedicatitesque.</strong></span> <span class='ocrx_word' id='word_1_195' title='bbox 1227 2898 1523 2971; x_wconf 86' lang='lat' dir='ltr'><strong>Propterea</strong></span> <span class='ocrx_word' id='word_1_196' title='bbox 1587 2918 1657 2957; x_wconf 89' lang='lat' dir='ltr'><strong>ne</strong></span> <span class='ocrx_word' id='word_1_197' title='bbox 1708 2903 1991 2958; x_wconf 90' lang='lat' dir='ltr'><strong>distinctio</strong></span> 
     </span>
    </p>
   </div>
   <div class='ocr_carea' id='block_1_31' title="bbox 408 2993 1989 3065">
    <p class='ocr_par' dir='ltr' id='par_1_31' title="bbox 408 2993 1989 3065">
     <span class='ocr_line' id='line_1_31' title="bbox 408 2993 1989 3065; baseline 0.001 -18"><span class='ocrx_word' id='word_1_198' title='bbox 408 2996 629 3065; x_wconf 69' lang='lat' dir='ltr'><strong>quidem</strong></span> <span class='ocrx_word' id='word_1_199' title='bbox 660 3004 755 3049; x_wconf 92' lang='lat' dir='ltr'><strong>aut</strong></span> <span class='ocrx_word' id='word_1_200' title='bbox 803 2993 1096 3049; x_wconf 81' lang='lat' dir='ltr'><strong>diversitas</strong></span> <span class='ocrx_word' id='word_1_201' title='bbox 1123 2993 1495 3063; x_wconf 83' lang='lat' dir='ltr'><strong>subjectorum</strong></span> <span class='ocrx_word' id='word_1_202' title='bbox 1513 2996 1560 3049; x_wconf 88' lang='lat' dir='ltr'><strong>ei</strong></span> <span class='ocrx_word' id='word_1_203' title='bbox 1600 2994 1708 3049; x_wconf 90' lang='lat' dir='ltr'><strong>ulla</strong></span> <span class='ocrx_word' id='word_1_204' title='bbox 1732 3006 1850 3062; x_wconf 87' lang='lat' dir='ltr'><strong>est;</strong></span> <span class='ocrx_word' id='word_1_205' title='bbox 1875 2995 1989 3064; x_wconf 82' lang='lat' dir='ltr'><strong>jam</strong></span> 
     </span>
    </p>
   </div>
   <div class='ocr_carea' id='block_1_32' title="bbox 408 3086 1994 3159">
    <p class='ocr_par' dir='ltr' id='par_1_32' title="bbox 408 3086 1994 3159">
     <span class='ocr_line' id='line_1_32' title="bbox 408 3086 1994 3159; baseline -0.001 -18"><span class='ocrx_word' id='word_1_206' title='bbox 408 3090 557 3142; x_wconf 81' lang='lat' dir='ltr'><strong>enim</strong></span> <span class='ocrx_word' id='word_1_207' title='bbox 620 3087 762 3142; x_wconf 88' lang='lat' dir='ltr'><strong>haud</strong></span> <span class='ocrx_word' id='word_1_208' title='bbox 816 3087 960 3142; x_wconf 87' lang='lat' dir='ltr'><strong>alius</strong></span> <span class='ocrx_word' id='word_1_209' title='bbox 989 3086 1081 3142; x_wconf 87' lang='lat' dir='ltr'><strong>alii</strong></span> <span class='ocrx_word' id='word_1_210' title='bbox 1140 3087 1251 3159; x_wconf 81' lang='lat' dir='ltr'><strong>regi</strong></span> <span class='ocrx_word' id='word_1_211' title='bbox 1288 3087 1672 3156; x_wconf 86' lang='lat' dir='ltr'><strong>obtemperat,</strong></span> <span class='ocrx_word' id='word_1_212' title='bbox 1732 3102 1799 3141; x_wconf 91' lang='lat' dir='ltr'><strong>ne</strong></span> <span class='ocrx_word' id='word_1_213' title='bbox 1864 3088 1994 3142; x_wconf 89' lang='lat' dir='ltr'><strong>hinc</strong></span> 
     </span>
    </p>
   </div>
   <div class='ocr_carea' id='block_1_33' title="bbox 2082 575 3683 650">
    <p class='ocr_par' dir='ltr' id='par_1_33' title="bbox 2082 575 3683 650">
     <span class='ocr_line' id='line_1_33' title="bbox 2082 575 3683 650; baseline 0 -17"><span class='ocrx_word' id='word_1_214' title='bbox 2082 579 2309 650; x_wconf 83' lang='grc' dir='ltr'>πρεπῶς</span> <span class='ocrx_word' id='word_1_215' title='bbox 2340 578 2691 650; x_wconf 82' lang='grc' dir='ltr'>νοηθήσεται,</span> <span class='ocrx_word' id='word_1_216' title='bbox 2729 575 3095 647; x_wconf 78' lang='grc' dir='ltr'>συνεισήγαγε</span> <span class='ocrx_word' id='word_1_217' title='bbox 3124 615 3137 639; x_wconf 93' lang='grc'><strong>,</strong></span> <span class='ocrx_word' id='word_1_218' title='bbox 3194 576 3300 629; x_wconf 75' lang='grc' dir='ltr'>καὶ</span> <span class='ocrx_word' id='word_1_219' title='bbox 3363 575 3558 645; x_wconf 81' lang='grc' dir='ltr'>δρεσιν</span> <span class='ocrx_word' id='word_1_220' title='bbox 3587 578 3683 633; x_wconf 86' lang='grc' dir='ltr'><strong>ἀν-</strong></span> 
     </span>
    </p>
   </div>
   <div class='ocr_carea' id='block_1_34' title="bbox 2080 667 3685 744">
    <p class='ocr_par' dir='ltr' id='par_1_34' title="bbox 2080 667 3685 744">
     <span class='ocr_line' id='line_1_34' title="bbox 2080 667 3685 744; baseline -0.001 -19"><span class='ocrx_word' id='word_1_221' title='bbox 2080 673 2407 744; x_wconf 80' lang='grc' dir='ltr'>ῳκισμένοις</span> <span class='ocrx_word' id='word_1_222' title='bbox 2428 673 2522 725; x_wconf 72' lang='grc' dir='ltr'>καὶ</span> <span class='ocrx_word' id='word_1_223' title='bbox 2552 671 2860 741; x_wconf 79' lang='grc' dir='ltr'>μυστικοῖς,</span> <span class='ocrx_word' id='word_1_224' title='bbox 2894 671 3008 729; x_wconf 83' lang='grc' dir='ltr'>τοῖς</span> <span class='ocrx_word' id='word_1_225' title='bbox 3032 668 3276 738; x_wconf 78' lang='grc' dir='ltr'>δόγμασι</span> <span class='ocrx_word' id='word_1_226' title='bbox 3306 668 3430 731; x_wconf 77' lang='grc' dir='ltr'>τοῖς</span> <span class='ocrx_word' id='word_1_227' title='bbox 3457 667 3685 739; x_wconf 76' lang='grc' dir='ltr'><strong>ὑψηλοῖς</strong></span> 
     </span>
    </p>
   </div>
   <div class='ocr_carea' id='block_1_35' title="bbox 2079 759 3682 836">
    <p class='ocr_par' dir='ltr' id='par_1_35' title="bbox 2079 759 3682 836">
     <span class='ocr_line' id='line_1_35' title="bbox 2079 759 3682 836; baseline -0.002 -19"><span class='ocrx_word' id='word_1_228' title='bbox 2079 764 2180 836; x_wconf 83' lang='grc' dir='ltr'>τῆς</span> <span class='ocrx_word' id='word_1_229' title='bbox 2213 764 2518 831; x_wconf 73' lang='grc' dir='ltr'><strong>θεολογίας,</strong></span> <span class='ocrx_word' id='word_1_230' title='bbox 2544 761 2972 832; x_wconf 83' lang='grc' dir='ltr'>διησφαλίσατο·</span> <span class='ocrx_word' id='word_1_231' title='bbox 3007 761 3362 831; x_wconf 81' lang='grc' dir='ltr'>σαφέστερον</span> <span class='ocrx_word' id='word_1_232' title='bbox 3403 759 3682 825; x_wconf 77' lang='grc' dir='ltr'>δὲταῦτα,</span> 
     </span>
    </p>
   </div>
   <div class='ocr_carea' id='block_1_36' title="bbox 2079 846 3682 924">
    <p class='ocr_par' dir='ltr' id='par_1_36' title="bbox 2079 846 3682 924">
     <span class='ocr_line' id='line_1_36' title="bbox 2079 846 3682 924; baseline -0.002 -15"><span class='ocrx_word' id='word_1_233' title='bbox 2079 857 2149 909; x_wconf 71' lang='grc' dir='ltr'><strong>τὰ</strong></span> <span class='ocrx_word' id='word_1_234' title='bbox 2203 855 2525 924; x_wconf 78' lang='grc' dir='ltr'>ὲπαγόμενα</span> <span class='ocrx_word' id='word_1_235' title='bbox 2591 852 2833 917; x_wconf 73' lang='grc' dir='ltr'>διδάξειο</span> <span class='ocrx_word' id='word_1_236' title='bbox 2898 853 3008 906; x_wconf 72' lang='grc' dir='ltr'><strong>Καὶ</strong></span> <span class='ocrx_word' id='word_1_237' title='bbox 3058 851 3267 921; x_wconf 76' lang='grc' dir='ltr'>ἄρχων</span> <span class='ocrx_word' id='word_1_238' title='bbox 3327 846 3448 916; x_wconf 81' lang='grc' dir='ltr'>εἷς,</span> <span class='ocrx_word' id='word_1_239' title='bbox 3491 853 3682 923; x_wconf 83' lang='grc' dir='ltr'>φησὶν,</span> 
     </span>
    </p>
   </div>
   <div class='ocr_carea' id='block_1_37' title="bbox 2078 943 3682 1011">
    <p class='ocr_par' dir='ltr' id='par_1_37' title="bbox 2078 943 3682 1011">
     <span class='ocr_line' id='line_1_37' title="bbox 2078 943 3682 1011; baseline -0.002 -10"><span class='ocrx_word' id='word_1_240' title='bbox 2078 947 2251 1002; x_wconf 77' lang='grc' dir='ltr'>ἔσται</span> <span class='ocrx_word' id='word_1_241' title='bbox 2274 946 2519 1000; x_wconf 71' lang='grc' dir='ltr'><strong>πάντων</strong></span> <span class='ocrx_word' id='word_1_242' title='bbox 2545 944 2746 1000; x_wconf 78' lang='grc' dir='ltr'>αὐτῶν</span> <span class='ocrx_word' id='word_1_243' title='bbox 2769 946 2857 1011; x_wconf 80' lang='grc' dir='ltr'><strong>είς</strong></span> <span class='ocrx_word' id='word_1_244' title='bbox 2884 944 3174 1009; x_wconf 77' lang='grc' dir='ltr'><strong>βασιλέα,</strong></span> <span class='ocrx_word' id='word_1_245' title='bbox 3211 943 3318 996; x_wconf 72' lang='grc' dir='ltr'>καὶ</span> <span class='ocrx_word' id='word_1_246' title='bbox 3357 946 3475 998; x_wconf 81' lang='grc' dir='ltr'>οὐκ</span> <span class='ocrx_word' id='word_1_247' title='bbox 3504 943 3682 999; x_wconf 72' lang='grc' dir='ltr'>ἔσοι’·</span> 
     </span>
    </p>
   </div>
   <div class='ocr_carea' id='block_1_38' title="bbox 2079 1032 3685 1106">
    <p class='ocr_par' dir='ltr' id='par_1_38' title="bbox 2079 1032 3685 1106">
     <span class='ocr_line' id='line_1_38' title="bbox 2079 1032 3685 1106; baseline -0.002 -14"><span class='ocrx_word' id='word_1_248' title='bbox 2079 1054 2173 1092; x_wconf 82' lang='grc' dir='ltr'><strong>ται</strong></span> <span class='ocrx_word' id='word_1_249' title='bbox 2202 1037 2291 1092; x_wconf 76' lang='grc' dir='ltr'>ἔτι</span> <span class='ocrx_word' id='word_1_250' title='bbox 2313 1038 2401 1102; x_wconf 89' lang='grc' dir='ltr'><strong>είς</strong></span> <span class='ocrx_word' id='word_1_251' title='bbox 2428 1036 2539 1090; x_wconf 81' lang='grc' dir='ltr'><strong>δύο</strong></span> <span class='ocrx_word' id='word_1_252' title='bbox 2575 1035 2741 1103; x_wconf 67' lang='grc' dir='ltr'>ἔθνη,</span> <span class='ocrx_word' id='word_1_253' title='bbox 2769 1034 2914 1090; x_wconf 73' lang='grc' dir='ltr'>οὐδὲ</span> <span class='ocrx_word' id='word_1_254' title='bbox 2936 1034 3026 1106; x_wconf 75' lang='grc' dir='ltr'>μὴ</span> <span class='ocrx_word' id='word_1_255' title='bbox 3050 1032 3450 1103; x_wconf 73' lang='grc' dir='ltr'><strong>διαιρεθῶσιν</strong></span> <span class='ocrx_word' id='word_1_256' title='bbox 3478 1032 3685 1090; x_wconf 77' lang='grc' dir='ltr'>οὐκέτι</span> 
     </span>
    </p>
   </div>
   <div class='ocr_carea' id='block_1_39' title="bbox 2080 1129 2694 1197">
    <p class='ocr_par' dir='ltr' id='par_1_39' title="bbox 2080 1129 2694 1197">
     <span class='ocr_line' id='line_1_39' title="bbox 2080 1129 2694 1197; baseline -0.003 -13"><span class='ocrx_word' id='word_1_257' title='bbox 2080 1132 2169 1197; x_wconf 78' lang='grc' dir='ltr'><strong>είς</strong></span> <span class='ocrx_word' id='word_1_258' title='bbox 2206 1130 2317 1184; x_wconf 85' lang='grc' dir='ltr'><strong>δύο</strong></span> <span class='ocrx_word' id='word_1_259' title='bbox 2342 1129 2694 1196; x_wconf 79' lang='grc' dir='ltr'>βασιλείας.</span> 
     </span>
    </p>
   </div>
   <div class='ocr_carea' id='block_1_40' title="bbox 2155 1236 3685 1314">
    <p class='ocr_par' dir='ltr' id='par_1_40' title="bbox 2155 1236 3685 1314">
     <span class='ocr_line' id='line_1_40' title="bbox 2155 1236 3685 1314; baseline -0.003 -16"><span class='ocrx_word' id='word_1_260' title='bbox 2155 1243 2247 1299; x_wconf 79' lang='grc' dir='ltr'><strong>νε’.</strong></span> <span class='ocrx_word' id='word_1_261' title='bbox 2281 1245 2379 1309; x_wconf 87' lang='grc' dir='ltr'><strong>Τίς</strong></span> <span class='ocrx_word' id='word_1_262' title='bbox 2416 1243 2591 1307; x_wconf 79' lang='grc' dir='ltr'>οὕτως</span> <span class='ocrx_word' id='word_1_263' title='bbox 2621 1242 2841 1314; x_wconf 76' lang='grc' dir='ltr'>ἀμαθὴς</span> <span class='ocrx_word' id='word_1_264' title='bbox 2873 1242 2970 1296; x_wconf 60' lang='grc' dir='ltr'><strong>καὶ¹</strong></span> <span class='ocrx_word' id='word_1_265' title='bbox 3015 1240 3273 1311; x_wconf 87' lang='grc' dir='ltr'>ἀνόητος,</span> <span class='ocrx_word' id='word_1_266' title='bbox 3311 1236 3378 1304; x_wconf 77' lang='grc' dir='ltr'>ὃς</span> <span class='ocrx_word' id='word_1_267' title='bbox 3431 1239 3498 1292; x_wconf 81' lang='grc' dir='ltr'>οὐ</span> <span class='ocrx_word' id='word_1_268' title='bbox 3562 1257 3685 1293; x_wconf 84' lang='grc' dir='ltr'>συν-</span> 
     </span>
    </p>
   </div>
   <div class='ocr_carea' id='block_1_41' title="bbox 2082 1331 3685 1409">
    <p class='ocr_par' dir='ltr' id='par_1_41' title="bbox 2082 1331 3685 1409">
     <span class='ocr_line' id='line_1_41' title="bbox 2082 1331 3685 1409; baseline -0.006 -17"><span class='ocrx_word' id='word_1_269' title='bbox 2082 1339 2309 1409; x_wconf 80' lang='grc' dir='ltr'>θήσοιτο·</span> <span class='ocrx_word' id='word_1_270' title='bbox 2346 1335 2442 1390; x_wconf 76' lang='grc' dir='ltr'>καὶ</span> <span class='ocrx_word' id='word_1_271' title='bbox 2487 1335 3003 1405; x_wconf 74' lang='grc' dir='ltr'>συνομολογήσειεν,</span> <span class='ocrx_word' id='word_1_272' title='bbox 3046 1331 3309 1403; x_wconf 75' lang='grc' dir='ltr'><strong>ἐμφανῶς</strong></span> <span class='ocrx_word' id='word_1_273' title='bbox 3354 1331 3541 1385; x_wconf 76' lang='grc' dir='ltr'>ταῦτα</span> <span class='ocrx_word' id='word_1_274' title='bbox 3592 1332 3685 1384; x_wconf 77' lang='grc' dir='ltr'><strong>καὶ</strong></span> 
     </span>
    </p>
   </div>
   <div class='ocr_carea' id='block_1_42' title="bbox 2080 1423 3681 1500">
    <p class='ocr_par' dir='ltr' id='par_1_42' title="bbox 2080 1423 3681 1500">
     <span class='ocr_line' id='line_1_42' title="bbox 2080 1423 3681 1500; baseline -0.006 -16"><span class='ocrx_word' id='word_1_275' title='bbox 2080 1429 2496 1500; x_wconf 81' lang='grc' dir='ltr'>ἀπεξεσμὲνως,</span> <span class='ocrx_word' id='word_1_276' title='bbox 2524 1429 2622 1481; x_wconf 65' lang='grc' dir='ltr'><strong>ἐπὶ</strong></span> <span class='ocrx_word' id='word_1_277' title='bbox 2651 1428 2751 1496; x_wconf 84' lang='grc' dir='ltr'>τῆς</span> <span class='ocrx_word' id='word_1_278' title='bbox 2776 1426 2897 1481; x_wconf 82' lang='grc' dir='ltr'>καθ’</span> <span class='ocrx_word' id='word_1_279' title='bbox 2932 1427 3078 1497; x_wconf 68' lang='grc' dir='ltr'>ἡμᾶς</span> <span class='ocrx_word' id='word_1_280' title='bbox 3108 1423 3461 1497; x_wconf 70' lang='grc' dir='ltr'><strong>διαπρέπειν</strong></span> <span class='ocrx_word' id='word_1_281' title='bbox 3510 1437 3681 1476; x_wconf 82' lang='grc' dir='ltr'>κατα-</span> 
     </span>
    </p>
   </div>
   <div class='ocr_carea' id='block_1_43' title="bbox 2083 1516 3680 1591">
    <p class='ocr_par' dir='ltr' id='par_1_43' title="bbox 2083 1516 3680 1591">
     <span class='ocr_line' id='line_1_43' title="bbox 2083 1516 3680 1591; baseline -0.008 -14"><span class='ocrx_word' id='word_1_282' title='bbox 2083 1523 2363 1587; x_wconf 74' lang='grc' dir='ltr'>στάσεωςς</span> <span class='ocrx_word' id='word_1_283' title='bbox 2396 1524 2458 1575; x_wconf 79' lang='grc' dir='ltr'><strong>ού</strong></span> <span class='ocrx_word' id='word_1_284' title='bbox 2495 1520 2604 1591; x_wconf 82' lang='grc' dir='ltr'><strong>γὰρ</strong></span> <span class='ocrx_word' id='word_1_285' title='bbox 2634 1520 2729 1573; x_wconf 73' lang='grc' dir='ltr'><strong>ὲπὶ</strong></span> <span class='ocrx_word' id='word_1_286' title='bbox 2750 1519 2844 1572; x_wconf 72' lang='grc' dir='ltr'>τὸν</span> <span class='ocrx_word' id='word_1_287' title='bbox 2887 1516 3198 1590; x_wconf 76' lang='grc' dir='ltr'>Ζοροϐάϐελ</span> <span class='ocrx_word' id='word_1_288' title='bbox 3231 1516 3344 1586; x_wconf 81' lang='grc' dir='ltr'>τὴν</span> <span class='ocrx_word' id='word_1_289' title='bbox 3401 1529 3680 1587; x_wconf 77' lang='grc' dir='ltr'>προφητι-</span> 
     </span>
    </p>
   </div>
   <div class='ocr_carea' id='block_1_44' title="bbox 2082 1606 3681 1685">
    <p class='ocr_par' dir='ltr' id='par_1_44' title="bbox 2082 1606 3681 1685">
     <span class='ocr_line' id='line_1_44' title="bbox 2082 1606 3681 1685; baseline -0.006 -18"><span class='ocrx_word' id='word_1_290' title='bbox 2082 1615 2188 1685; x_wconf 79' lang='grc' dir='ltr'>κὴν</span> <span class='ocrx_word' id='word_1_291' title='bbox 2230 1612 2693 1685; x_wconf 74' lang='grc' dir='ltr'>μεταρρυθμίσειε</span> <span class='ocrx_word' id='word_1_292' title='bbox 2739 1612 2920 1683; x_wconf 76' lang='grc' dir='ltr'>ῥῆσιν,</span> <span class='ocrx_word' id='word_1_293' title='bbox 2978 1612 3139 1679; x_wconf 75' lang='grc' dir='ltr'>εἴπερ</span> <span class='ocrx_word' id='word_1_294' title='bbox 3197 1607 3316 1662; x_wconf 83' lang='grc' dir='ltr'><strong>τῶν</strong></span> <span class='ocrx_word' id='word_1_295' title='bbox 3373 1606 3681 1676; x_wconf 78' lang='grc' dir='ltr'><strong>ἀμεινόνων</strong></span> 
     </span>
    </p>
   </div>
   <div class='ocr_carea' id='block_1_45' title="bbox 2081 1698 3683 1778">
    <p class='ocr_par' dir='ltr' id='par_1_45' title="bbox 2081 1698 3683 1778">
     <span class='ocr_line' id='line_1_45' title="bbox 2081 1698 3683 1778; baseline -0.007 -16"><span class='ocrx_word' id='word_1_296' title='bbox 2081 1709 2201 1771; x_wconf 86' lang='grc' dir='ltr'>ταῖς</span> <span class='ocrx_word' id='word_1_297' title='bbox 2229 1706 2433 1776; x_wconf 78' lang='grc' dir='ltr'>ψήφοις</span> <span class='ocrx_word' id='word_1_298' title='bbox 2465 1705 2771 1778; x_wconf 69' lang='grc' dir='ltr'><strong>ἐθελήσειεν</strong></span> <span class='ocrx_word' id='word_1_299' title='bbox 2799 1702 3029 1758; x_wconf 78' lang='grc' dir='ltr'>ἕπεσθαι</span> <span class='ocrx_word' id='word_1_300' title='bbox 3054 1719 3068 1733; x_wconf 91' lang='grc'><strong>·</strong></span> <span class='ocrx_word' id='word_1_301' title='bbox 3104 1702 3323 1764; x_wconf 69' lang='grc' dir='ltr'>ἐκεῖνος</span> <span class='ocrx_word' id='word_1_302' title='bbox 3372 1698 3489 1770; x_wconf 72' lang='grc' dir='ltr'><strong>γὰρ</strong></span> <span class='ocrx_word' id='word_1_303' title='bbox 3545 1698 3683 1769; x_wconf 69' lang='grc' dir='ltr'>μετὰ</span> 
     </span>
    </p>
   </div>
   <div class='ocr_carea' id='block_1_46' title="bbox 2083 1789 3682 1872">
    <p class='ocr_par' dir='ltr' id='par_1_46' title="bbox 2083 1789 3682 1872">
     <span class='ocr_line' id='line_1_46' title="bbox 2083 1789 3682 1872; baseline -0.009 -17"><span class='ocrx_word' id='word_1_304' title='bbox 2083 1802 2181 1872; x_wconf 85' lang='grc' dir='ltr'>τὴν</span> <span class='ocrx_word' id='word_1_305' title='bbox 2210 1804 2274 1854; x_wconf 80' lang='grc' dir='ltr'>ὲκ</span> <span class='ocrx_word' id='word_1_306' title='bbox 2305 1800 2407 1870; x_wconf 84' lang='grc' dir='ltr'>τῆς</span> <span class='ocrx_word' id='word_1_307' title='bbox 2432 1797 2785 1860; x_wconf 77' lang='grc' dir='ltr'>Βαϐυλωνίας</span> <span class='ocrx_word' id='word_1_308' title='bbox 2842 1796 2953 1849; x_wconf 85' lang='grc' dir='ltr'><strong>τῶν</strong></span> <span class='ocrx_word' id='word_1_309' title='bbox 2986 1792 3369 1866; x_wconf 85' lang='grc' dir='ltr'>δοριαλώτων,</span> <span class='ocrx_word' id='word_1_310' title='bbox 3429 1789 3682 1843; x_wconf 77' lang='grc' dir='ltr'><strong>τουτέστι</strong></span> 
     </span>
    </p>
   </div>
   <div class='ocr_carea' id='block_1_47' title="bbox 2088 1879 3680 1969">
    <p class='ocr_par' dir='ltr' id='par_1_47' title="bbox 2088 1879 3680 1969">
     <span class='ocr_line' id='line_1_47' title="bbox 2088 1879 3680 1969; baseline -0.009 -21"><span class='ocrx_word' id='word_1_311' title='bbox 2088 1895 2197 1948; x_wconf 75' lang='grc' dir='ltr'>τῶν</span> <span class='ocrx_word' id='word_1_312' title='bbox 2240 1892 2527 1958; x_wconf 80' lang='grc' dir='ltr'>Ἰουδαίων,</span> <span class='ocrx_word' id='word_1_313' title='bbox 2553 1892 2647 1946; x_wconf 76' lang='grc' dir='ltr'>ἐπὶ</span> <span class='ocrx_word' id='word_1_314' title='bbox 2681 1890 2777 1969; x_wconf 60' lang='grc' dir='ltr'><strong>εὴν</strong></span> <span class='ocrx_word' id='word_1_315' title='bbox 2803 1888 3015 1944; x_wconf 81' lang='grc' dir='ltr'>ἑαυτῶν</span> <span class='ocrx_word' id='word_1_316' title='bbox 3047 1885 3402 1956; x_wconf 73' lang='grc' dir='ltr'>ἀναδρομὴν,</span> <span class='ocrx_word' id='word_1_317' title='bbox 3428 1879 3527 1935; x_wconf 84' lang='grc' dir='ltr'>τοῦ</span> <span class='ocrx_word' id='word_1_318' title='bbox 3557 1882 3680 1951; x_wconf 76' lang='grc' dir='ltr'>ἄρτι</span> 
     </span>
    </p>
   </div>
   <div class='ocr_carea' id='block_1_48' title="bbox 2088 1972 3681 2055">
    <p class='ocr_par' dir='ltr' id='par_1_48' title="bbox 2088 1972 3681 2055">
     <span class='ocr_line' id='line_1_48' title="bbox 2088 1972 3681 2055; baseline -0.01 -15"><span class='ocrx_word' id='word_1_319' title='bbox 2088 1988 2188 2051; x_wconf 73' lang='grc' dir='ltr'><strong>τῆς</strong></span> <span class='ocrx_word' id='word_1_320' title='bbox 2234 1987 2480 2050; x_wconf 80' lang='grc' dir='ltr'><strong>δουλείας</strong></span> <span class='ocrx_word' id='word_1_321' title='bbox 2536 1984 2826 2055; x_wconf 83' lang='grc' dir='ltr'>ἀνειμένου</span> <span class='ocrx_word' id='word_1_322' title='bbox 2889 1980 3022 2035; x_wconf 78' lang='grc' dir='ltr'>λαοῦ</span> <span class='ocrx_word' id='word_1_323' title='bbox 3087 1977 3355 2050; x_wconf 83' lang='grc' dir='ltr'>βασιλεὺς</span> <span class='ocrx_word' id='word_1_324' title='bbox 3424 1972 3681 2042; x_wconf 78' lang='grc' dir='ltr'><strong>οὐδαμῶς</strong></span> 
     </span>
    </p>
   </div>
   <div class='ocr_carea' id='block_1_49' title="bbox 2089 2069 3710 2155">
    <p class='ocr_par' dir='ltr' id='par_1_49' title="bbox 2089 2069 3710 2155">
     <span class='ocr_line' id='line_1_49' title="bbox 2089 2069 3710 2155; baseline -0.011 -19"><span class='ocrx_word' id='word_1_325' title='bbox 2089 2080 2534 2152; x_wconf 77' lang='grc' dir='ltr'>κεχειροτόνητοτ</span> <span class='ocrx_word' id='word_1_326' title='bbox 2567 2074 2973 2155; x_wconf 82' lang='grc' dir='ltr'>δημαγωγὸςδὲ</span> <span class='ocrx_word' id='word_1_327' title='bbox 2998 2072 3075 2127; x_wconf 85' lang='grc' dir='ltr'>ὣν</span> <span class='ocrx_word' id='word_1_328' title='bbox 3097 2072 3303 2143; x_wconf 78' lang='grc' dir='ltr'><strong>ἐξῆρχε</strong></span> <span class='ocrx_word' id='word_1_329' title='bbox 3353 2070 3455 2123; x_wconf 80' lang='grc' dir='ltr'>καὶ</span> <span class='ocrx_word' id='word_1_330' title='bbox 3508 2069 3710 2137; x_wconf 42' lang='lat' dir='ltr'><strong>stt-pug</strong></span> 
     </span>
    </p>
   </div>
   <div class='ocr_carea' id='block_1_50' title="bbox 2087 2160 3681 2242">
    <p class='ocr_par' dir='ltr' id='par_1_50' title="bbox 2087 2160 3681 2242">
     <span class='ocr_line' id='line_1_50' title="bbox 2087 2160 3681 2242; baseline -0.01 -13"><span class='ocrx_word' id='word_1_331' title='bbox 2087 2176 2279 2231; x_wconf 86' lang='grc' dir='ltr'>τάνευε</span> <span class='ocrx_word' id='word_1_332' title='bbox 2312 2173 2372 2228; x_wconf 78' lang='grc' dir='ltr'>τὸ</span> <span class='ocrx_word' id='word_1_333' title='bbox 2397 2171 2669 2242; x_wconf 81' lang='grc' dir='ltr'>ὁμόφυλον</span> <span class='ocrx_word' id='word_1_334' title='bbox 2690 2187 2705 2203; x_wconf 78' lang='grc' dir='ltr'><strong>ο</strong></span> <span class='ocrx_word' id='word_1_335' title='bbox 2730 2170 2919 2239; x_wconf 83' lang='grc' dir='ltr'>διόπερ</span> <span class='ocrx_word' id='word_1_336' title='bbox 2945 2171 3027 2232; x_wconf 88' lang='grc' dir='ltr'><strong>είς</strong></span> <span class='ocrx_word' id='word_1_337' title='bbox 3058 2168 3223 2222; x_wconf 76' lang='grc' dir='ltr'>αὐτὸν</span> <span class='ocrx_word' id='word_1_338' title='bbox 3266 2164 3455 2218; x_wconf 84' lang='grc' dir='ltr'>ταῦτα</span> <span class='ocrx_word' id='word_1_339' title='bbox 3497 2160 3681 2217; x_wconf 85' lang='grc' dir='ltr'>ἀνατί-</span> 
     </span>
    </p>
   </div>
   <div class='ocr_carea' id='block_1_51' title="bbox 2090 2255 3680 2333">
    <p class='ocr_par' dir='ltr' id='par_1_51' title="bbox 2090 2255 3680 2333">
     <span class='ocr_line' id='line_1_51' title="bbox 2090 2255 3680 2333; baseline -0.011 -10"><span class='ocrx_word' id='word_1_340' title='bbox 2090 2267 2302 2331; x_wconf 86' lang='grc' dir='ltr'>θεσθαι,</span> <span class='ocrx_word' id='word_1_341' title='bbox 2337 2265 2497 2333; x_wconf 81' lang='grc' dir='ltr'>λόγον</span> <span class='ocrx_word' id='word_1_342' title='bbox 2541 2265 2640 2333; x_wconf 78' lang='grc' dir='ltr'><strong>οὐχ</strong></span> <span class='ocrx_word' id='word_1_343' title='bbox 2680 2263 2791 2328; x_wconf 76' lang='grc' dir='ltr'>’ἐξει</span> <span class='ocrx_word' id='word_1_344' title='bbox 2818 2279 2831 2290; x_wconf 89' lang='grc'>·</span> <span class='ocrx_word' id='word_1_345' title='bbox 2865 2260 3123 2332; x_wconf 71' lang='grc' dir='ltr'>βασιλεὺς</span> <span class='ocrx_word' id='word_1_346' title='bbox 3169 2258 3229 2312; x_wconf 82' lang='grc' dir='ltr'>δὲ</span> <span class='ocrx_word' id='word_1_347' title='bbox 3266 2255 3541 2325; x_wconf 78' lang='grc' dir='ltr'>ἀληθινὸς</span> <span class='ocrx_word' id='word_1_348' title='bbox 3584 2271 3680 2306; x_wconf 85' lang='grc' dir='ltr'>κυ-</span> 
     </span>
    </p>
   </div>
   <div class='ocr_carea' id='block_1_52' title="bbox 2093 2346 3677 2434">
    <p class='ocr_par' dir='ltr' id='par_1_52' title="bbox 2093 2346 3677 2434">
     <span class='ocr_line' id='line_1_52' title="bbox 2093 2346 3677 2434; baseline -0.011 -19"><span class='ocrx_word' id='word_1_349' title='bbox 2093 2362 2222 2434; x_wconf 86' lang='grc' dir='ltr'>ρίως</span> <span class='ocrx_word' id='word_1_350' title='bbox 2250 2359 2344 2415; x_wconf 75' lang='grc' dir='ltr'>καὶ</span> <span class='ocrx_word' id='word_1_351' title='bbox 2372 2357 2587 2428; x_wconf 83' lang='grc' dir='ltr'>ἀληθῶς</span> <span class='ocrx_word' id='word_1_352' title='bbox 2618 2356 2648 2408; x_wconf 84' lang='grc' dir='ltr'>ὁ</span> <span class='ocrx_word' id='word_1_353' title='bbox 2678 2356 2898 2409; x_wconf 74' lang='grc' dir='ltr'>πάντων</span> <span class='ocrx_word' id='word_1_354' title='bbox 2939 2351 3245 2423; x_wconf 80' lang='grc' dir='ltr'>βασιλεύων</span> <span class='ocrx_word' id='word_1_355' title='bbox 3269 2350 3369 2404; x_wconf 75' lang='grc' dir='ltr'>καὶ</span> <span class='ocrx_word' id='word_1_356' title='bbox 3419 2346 3677 2412; x_wconf 75' lang='grc' dir='ltr'>κατεξου-</span> 
     </span>
    </p>
   </div>
   <div class='ocr_carea' id='block_1_53' title="bbox 2092 2434 3682 2522">
    <p class='ocr_par' dir='ltr' id='par_1_53' title="bbox 2092 2434 3682 2522">
     <span class='ocr_line' id='line_1_53' title="bbox 2092 2434 3682 2522; baseline -0.011 -16"><span class='ocrx_word' id='word_1_357' title='bbox 2092 2453 2293 2518; x_wconf 79' lang='grc' dir='ltr'>σιάζων</span> <span class='ocrx_word' id='word_1_358' title='bbox 2356 2450 2590 2522; x_wconf 81' lang='grc' dir='ltr'>Χριστὸς</span> <span class='ocrx_word' id='word_1_359' title='bbox 2637 2450 2665 2502; x_wconf 91' lang='grc' dir='ltr'>ὁ</span> <span class='ocrx_word' id='word_1_360' title='bbox 2713 2447 2846 2510; x_wconf 80' lang='grc' dir='ltr'>Θεὸς</span> <span class='ocrx_word' id='word_1_361' title='bbox 2906 2446 3086 2517; x_wconf 73' lang='grc' dir='ltr'>ἡμῶν,</span> <span class='ocrx_word' id='word_1_362' title='bbox 3150 2443 3209 2507; x_wconf 83' lang='grc' dir='ltr'>ὃς</span> <span class='ocrx_word' id='word_1_363' title='bbox 3272 2439 3563 2514; x_wconf 87' lang='grc' dir='ltr'>βασιλεύει</span> <span class='ocrx_word' id='word_1_364' title='bbox 3598 2434 3682 2505; x_wconf 79' lang='grc' dir='ltr'><strong>ἐφ’</strong></span> 
     </span>
    </p>
   </div>
   <div class='ocr_carea' id='block_1_54' title="bbox 2089 2531 3681 2617">
    <p class='ocr_par' dir='ltr' id='par_1_54' title="bbox 2089 2531 3681 2617">
     <span class='ocr_line' id='line_1_54' title="bbox 2089 2531 3681 2617; baseline -0.011 -18"><span class='ocrx_word' id='word_1_365' title='bbox 2089 2548 2239 2617; x_wconf 81' lang='grc' dir='ltr'>ἡμᾶς</span> <span class='ocrx_word' id='word_1_366' title='bbox 2270 2547 2348 2610; x_wconf 81' lang='grc' dir='ltr'><strong>είς</strong></span> <span class='ocrx_word' id='word_1_367' title='bbox 2372 2545 2498 2608; x_wconf 79' lang='grc' dir='ltr'>τοὺς</span> <span class='ocrx_word' id='word_1_368' title='bbox 2527 2542 2752 2604; x_wconf 75' lang='grc' dir='ltr'>αἰῶνας,</span> <span class='ocrx_word' id='word_1_369' title='bbox 2802 2536 3202 2608; x_wconf 73' lang='grc' dir='ltr'>καθεδούμενος</span> <span class='ocrx_word' id='word_1_370' title='bbox 3254 2536 3318 2588; x_wconf 76' lang='grc' dir='ltr'>ὲν</span> <span class='ocrx_word' id='word_1_371' title='bbox 3373 2535 3495 2595; x_wconf 83' lang='grc' dir='ltr'>τοῖς</span> <span class='ocrx_word' id='word_1_372' title='bbox 3534 2531 3681 2590; x_wconf 75' lang='grc' dir='ltr'>ἰδίοις</span> 
     </span>
    </p>
   </div>
   <div class='ocr_carea' id='block_1_55' title="bbox 2092 2620 3672 2706">
    <p class='ocr_par' dir='ltr' id='par_1_55' title="bbox 2092 2620 3672 2706">
     <span class='ocr_line' id='line_1_55' title="bbox 2092 2620 3672 2706; baseline -0.011 -14"><span class='ocrx_word' id='word_1_373' title='bbox 2092 2638 2312 2701; x_wconf 83' lang='grc' dir='ltr'>θώκοις,</span> <span class='ocrx_word' id='word_1_374' title='bbox 2349 2636 2444 2689; x_wconf 76' lang='grc' dir='ltr'>καὶ</span> <span class='ocrx_word' id='word_1_375' title='bbox 2490 2633 2872 2706; x_wconf 78' lang='grc' dir='ltr'>ἀμετάϐλητον</span> <span class='ocrx_word' id='word_1_376' title='bbox 2916 2630 3260 2699; x_wconf 78' lang='grc' dir='ltr'>κεκτημένος</span> <span class='ocrx_word' id='word_1_377' title='bbox 3314 2626 3418 2696; x_wconf 81' lang='grc' dir='ltr'>τὴν</span> <span class='ocrx_word' id='word_1_378' title='bbox 3477 2620 3672 2693; x_wconf 81' lang='grc' dir='ltr'>ἀρχὴν,</span> 
     </span>
    </p>
   </div>
   <div class='ocr_carea' id='block_1_56' title="bbox 2093 2714 3677 2798">
    <p class='ocr_par' dir='ltr' id='par_1_56' title="bbox 2093 2714 3677 2798">
     <span class='ocr_line' id='line_1_56' title="bbox 2093 2714 3677 2798; baseline -0.013 -13"><span class='ocrx_word' id='word_1_379' title='bbox 2093 2731 2186 2785; x_wconf 73' lang='grc' dir='ltr'>καὶ</span> <span class='ocrx_word' id='word_1_380' title='bbox 2215 2730 2314 2798; x_wconf 85' lang='grc' dir='ltr'>τὴν</span> <span class='ocrx_word' id='word_1_381' title='bbox 2337 2726 2495 2794; x_wconf 81' lang='grc' dir='ltr'>δόξαν</span> <span class='ocrx_word' id='word_1_382' title='bbox 2543 2724 2913 2795; x_wconf 82' lang='grc' dir='ltr'>ἀναφαίρετον</span> <span class='ocrx_word' id='word_1_383' title='bbox 2943 2722 3114 2792; x_wconf 74' lang='grc' dir='ltr'>ἔχων·</span> <span class='ocrx_word' id='word_1_384' title='bbox 3250 2735 3426 2789; x_wconf 90' lang='grc' dir='ltr'>φησιν</span> <span class='ocrx_word' id='word_1_385' title='bbox 3473 2718 3509 2786; x_wconf 77' lang='grc' dir='ltr'><strong>ἡ</strong></span> <span class='ocrx_word' id='word_1_386' title='bbox 3551 2729 3677 2782; x_wconf 76' lang='grc' dir='ltr'>προ-</span> 
     </span>
    </p>
   </div>
   <div class='ocr_carea' id='block_1_57' title="bbox 2093 2802 3670 2893">
    <p class='ocr_par' dir='ltr' id='par_1_57' title="bbox 2093 2802 3670 2893">
     <span class='ocr_line' id='line_1_57' title="bbox 2093 2802 3670 2893; baseline -0.014 -15"><span class='ocrx_word' id='word_1_387' title='bbox 2093 2821 2300 2893; x_wconf 83' lang='grc' dir='ltr'>φητικὴ</span> <span class='ocrx_word' id='word_1_388' title='bbox 2348 2820 2500 2889; x_wconf 78' lang='grc' dir='ltr'>φωνή</span> <span class='ocrx_word' id='word_1_389' title='bbox 2526 2839 2539 2851; x_wconf 86' lang='grc'><strong>·</strong></span> <span class='ocrx_word' id='word_1_390' title='bbox 2578 2817 2661 2872; x_wconf 88' lang='grc' dir='ltr'><strong>Σὺ</strong></span> <span class='ocrx_word' id='word_1_391' title='bbox 2699 2815 3041 2886; x_wconf 81' lang='grc' dir='ltr'>καθήμενος</span> <span class='ocrx_word' id='word_1_392' title='bbox 3066 2815 3152 2878; x_wconf 84' lang='grc' dir='ltr'><strong>είς</strong></span> <span class='ocrx_word' id='word_1_393' title='bbox 3183 2810 3295 2865; x_wconf 75' lang='grc' dir='ltr'><strong>τὸν</strong></span> <span class='ocrx_word' id='word_1_394' title='bbox 3324 2807 3541 2868; x_wconf 69' lang='grc' dir='ltr'>αἰῶνα,</span> <span class='ocrx_word' id='word_1_395' title='bbox 3577 2802 3670 2858; x_wconf 70' lang='grc' dir='ltr'>καὶ</span> 
     </span>
    </p>
   </div>
   <div class='ocr_carea' id='block_1_58' title="bbox 2092 2896 3664 2986">
    <p class='ocr_par' dir='ltr' id='par_1_58' title="bbox 2092 2896 3664 2986">
     <span class='ocr_line' id='line_1_58' title="bbox 2092 2896 3664 2986; baseline -0.015 -15"><span class='ocrx_word' id='word_1_396' title='bbox 2092 2915 2263 2986; x_wconf 74' lang='grc' dir='ltr'>ἡμεῖς</span> <span class='ocrx_word' id='word_1_397' title='bbox 2288 2913 2701 2981; x_wconf 74' lang='grc' dir='ltr'><strong>ἀπολλύμενοι</strong></span> <span class='ocrx_word' id='word_1_398' title='bbox 2723 2910 2829 2962; x_wconf 78' lang='grc' dir='ltr'><strong>τὸν</strong></span> <span class='ocrx_word' id='word_1_399' title='bbox 2846 2905 3054 2961; x_wconf 69' lang='grc' dir='ltr'><strong>αἰῶνα.</strong></span> <span class='ocrx_word' id='word_1_400' title='bbox 3108 2902 3426 2968; x_wconf 76' lang='grc' dir='ltr'>’Υποτετάγ</span> <span class='ocrx_word' id='word_1_401' title='bbox 3437 2898 3577 2970; x_wconf 82' lang='grc' dir='ltr'>μεθα</span> <span class='ocrx_word' id='word_1_402' title='bbox 3608 2896 3664 2948; x_wconf 73' lang='grc' dir='ltr'>δὲ</span> 
     </span>
    </p>
   </div>
   <div class='ocr_carea' id='block_1_59' title="bbox 2095 2992 3672 3078">
    <p class='ocr_par' dir='ltr' id='par_1_59' title="bbox 2095 2992 3672 3078">
     <span class='ocr_line' id='line_1_59' title="bbox 2095 2992 3672 3078; baseline -0.014 -17"><span class='ocrx_word' id='word_1_403' title='bbox 2095 3009 2256 3078; x_wconf 80' lang='grc' dir='ltr'>ἡμεῖς</span> <span class='ocrx_word' id='word_1_404' title='bbox 2284 3005 2456 3076; x_wconf 83' lang='grc' dir='ltr'>αύτῷ,</span> <span class='ocrx_word' id='word_1_405' title='bbox 2480 3004 2575 3057; x_wconf 72' lang='grc' dir='ltr'>καὶ</span> <span class='ocrx_word' id='word_1_406' title='bbox 2597 3004 2685 3071; x_wconf 81' lang='grc' dir='ltr'><strong>ὑφ’</strong></span> <span class='ocrx_word' id='word_1_407' title='bbox 2719 3001 2801 3054; x_wconf 72' lang='grc' dir='ltr'><strong>ἑνὶ</strong></span> <span class='ocrx_word' id='word_1_408' title='bbox 2828 2999 3044 3070; x_wconf 78' lang='grc' dir='ltr'>βασιλεῖ</span> <span class='ocrx_word' id='word_1_409' title='bbox 3081 2994 3353 3063; x_wconf 81' lang='grc' dir='ltr'>τελοῦμεν</span> <span class='ocrx_word' id='word_1_410' title='bbox 3395 2992 3638 3048; x_wconf 69' lang='grc' dir='ltr'>ἅπαντες</span> <span class='ocrx_word' id='word_1_411' title='bbox 3659 3001 3672 3017; x_wconf 77' lang='grc' dir='ltr'><strong>ο</strong></span> 
     </span>
    </p>
   </div>
   <div class='ocr_carea' id='block_1_60' title="bbox 2096 3081 3678 3170">
    <p class='ocr_par' dir='ltr' id='par_1_60' title="bbox 2096 3081 3678 3170">
     <span class='ocr_line' id='line_1_60' title="bbox 2096 3081 3678 3170; baseline -0.014 -16"><span class='ocrx_word' id='word_1_412' title='bbox 2096 3099 2257 3154; x_wconf 82' lang='grc' dir='ltr'>αὑτὸν</span> <span class='ocrx_word' id='word_1_413' title='bbox 2293 3098 2453 3170; x_wconf 89' lang='grc' dir='ltr'>μόνον</span> <span class='ocrx_word' id='word_1_414' title='bbox 2485 3092 2994 3163; x_wconf 79' lang='grc' dir='ltr'>ἀνακεκαλυμμένῳ</span> <span class='ocrx_word' id='word_1_415' title='bbox 3030 3086 3318 3161; x_wconf 82' lang='grc' dir='ltr'>προσώπῳ</span> <span class='ocrx_word' id='word_1_416' title='bbox 3354 3082 3449 3139; x_wconf 72' lang='grc' dir='ltr'>καὶ</span> <span class='ocrx_word' id='word_1_417' title='bbox 3482 3081 3678 3152; x_wconf 75' lang='grc' dir='ltr'>θαῤῥα·</span> 
     </span>
    </p>
   </div>
   <div class='ocr_carea' id='block_1_61' title="bbox 409 3171 1993 3262">
    <p class='ocr_par' dir='ltr' id='par_1_61' title="bbox 409 3179 1986 3251">
     <span class='ocr_line' id='line_1_61' title="bbox 409 3179 1986 3251; baseline 0 -18"><span class='ocrx_word' id='word_1_418' title='bbox 409 3181 552 3236; x_wconf 80' lang='lat' dir='ltr'><strong>forte</strong></span> <span class='ocrx_word' id='word_1_419' title='bbox 587 3180 641 3236; x_wconf 91' lang='lat' dir='ltr'><strong>in</strong></span> <span class='ocrx_word' id='word_1_420' title='bbox 670 3181 855 3251; x_wconf 89' lang='lat' dir='ltr'><strong>plures</strong></span> <span class='ocrx_word' id='word_1_421' title='bbox 888 3180 1246 3249; x_wconf 85' lang='lat' dir='ltr'><strong>diversasque</strong></span> <span class='ocrx_word' id='word_1_422' title='bbox 1287 3181 1588 3235; x_wconf 88' lang='lat' dir='ltr'><strong>sententias</strong></span> <span class='ocrx_word' id='word_1_423' title='bbox 1617 3190 1674 3236; x_wconf 86' lang='lat' dir='ltr'><strong>et</strong></span> <span class='ocrx_word' id='word_1_424' title='bbox 1714 3179 1766 3233; x_wconf 90' lang='lat' dir='ltr'><strong>in</strong></span> <span class='ocrx_word' id='word_1_425' title='bbox 1804 3179 1986 3234; x_wconf 86' lang='lat' dir='ltr'><strong>irreli-</strong></span> 
     </span>
    </p>
   </div>
   <div class='ocr_carea' id='block_1_62' title="bbox 2095 3171 3669 3262">
    <p class='ocr_par' dir='ltr' id='par_1_62' title="bbox 2095 3171 3669 3262">
     <span class='ocr_line' id='line_1_62' title="bbox 2095 3171 3669 3262; baseline -0.015 -17"><span class='ocrx_word' id='word_1_426' title='bbox 2095 3191 2197 3260; x_wconf 82' lang='grc' dir='ltr'>λέῳ</span> <span class='ocrx_word' id='word_1_427' title='bbox 2225 3194 2288 3262; x_wconf 86' lang='grc' dir='ltr'>τῇ</span> <span class='ocrx_word' id='word_1_428' title='bbox 2318 3189 2519 3260; x_wconf 81' lang='grc' dir='ltr'>καρδίᾳ</span> <span class='ocrx_word' id='word_1_429' title='bbox 2545 3188 2677 3241; x_wconf 80' lang='grc' dir='ltr'>Θεὸν</span> <span class='ocrx_word' id='word_1_430' title='bbox 2709 3186 2804 3240; x_wconf 75' lang='grc' dir='ltr'>καὶ</span> <span class='ocrx_word' id='word_1_431' title='bbox 2830 3183 3036 3255; x_wconf 82' lang='grc' dir='ltr'>Κύριον</span> <span class='ocrx_word' id='word_1_432' title='bbox 3057 3178 3463 3252; x_wconf 78' lang='grc' dir='ltr'>ὁμολογοῦντές</span> <span class='ocrx_word' id='word_1_433' title='bbox 3492 3191 3550 3228; x_wconf 89' lang='grc' dir='ltr'><strong>τε</strong></span> <span class='ocrx_word' id='word_1_434' title='bbox 3578 3171 3669 3225; x_wconf 74' lang='grc' dir='ltr'>καὶ</span> 
     </span>
    </p>
   </div>
   <div class='ocr_carea' id='block_1_63' title="bbox 409 3271 1992 3343">
    <p class='ocr_par' dir='ltr' id='par_1_63' title="bbox 409 3271 1992 3343">
     <span class='ocr_line' id='line_1_63' title="bbox 409 3271 1992 3343; baseline 0 -16"><span class='ocrx_word' id='word_1_435' title='bbox 409 3272 593 3340; x_wconf 79' lang='lat' dir='ltr'><strong>giosas</strong></span> <span class='ocrx_word' id='word_1_436' title='bbox 621 3273 907 3343; x_wconf 86' lang='lat' dir='ltr'><strong>opiniones</strong></span> <span class='ocrx_word' id='word_1_437' title='bbox 926 3273 1107 3339; x_wconf 81' lang='lat' dir='ltr'><strong>divisi,</strong></span> <span class='ocrx_word' id='word_1_438' title='bbox 1135 3271 1201 3327; x_wconf 88' lang='lat' dir='ltr'><strong>ad</strong></span> <span class='ocrx_word' id='word_1_439' title='bbox 1225 3271 1492 3328; x_wconf 89' lang='lat' dir='ltr'><strong>absurdos</strong></span> <span class='ocrx_word' id='word_1_440' title='bbox 1526 3273 1992 3340; x_wconf 83' lang='lat' dir='ltr'><strong>detestandosque</strong></span> 
     </span>
    </p>
   </div>
   <div class='ocr_carea' id='block_1_64' title="bbox 410 3364 1992 3434">
    <p class='ocr_par' dir='ltr' id='par_1_64' title="bbox 410 3364 1992 3434">
     <span class='ocr_line' id='line_1_64' title="bbox 410 3364 1992 3434; baseline -0.001 -15"><span class='ocrx_word' id='word_1_441' title='bbox 410 3366 593 3422; x_wconf 82' lang='lat' dir='ltr'><strong>cultus</strong></span> <span class='ocrx_word' id='word_1_442' title='bbox 625 3367 953 3422; x_wconf 87' lang='lat' dir='ltr'><strong>discorditer</strong></span> <span class='ocrx_word' id='word_1_443' title='bbox 999 3366 1365 3433; x_wconf 86' lang='lat' dir='ltr'><strong>dissecentttr,</strong></span> <span class='ocrx_word' id='word_1_444' title='bbox 1395 3377 1561 3434; x_wconf 81' lang='lat' dir='ltr'><strong>atque</strong></span> <span class='ocrx_word' id='word_1_445' title='bbox 1607 3365 1675 3419; x_wconf 87' lang='lat' dir='ltr'><strong>ad</strong></span> <span class='ocrx_word' id='word_1_446' title='bbox 1726 3364 1992 3420; x_wconf 88' lang='lat' dir='ltr'><strong>idolorum</strong></span> 
     </span>
    </p>
   </div>
   <div class='ocr_carea' id='block_1_65' title="bbox 410 3456 1992 3527">
    <p class='ocr_par' dir='ltr' id='par_1_65' title="bbox 410 3456 1992 3527">
     <span class='ocr_line' id='line_1_65' title="bbox 410 3456 1992 3527; baseline -0.001 -15"><span class='ocrx_word' id='word_1_447' title='bbox 410 3459 668 3514; x_wconf 85' lang='lat' dir='ltr'><strong>scandala</strong></span> <span class='ocrx_word' id='word_1_448' title='bbox 697 3459 1053 3514; x_wconf 87' lang='lat' dir='ltr'><strong>inclinentur.</strong></span> <span class='ocrx_word' id='word_1_449' title='bbox 1087 3457 1192 3525; x_wconf 88' lang='lat' dir='ltr'><strong>Qui</strong></span> <span class='ocrx_word' id='word_1_450' title='bbox 1213 3456 1359 3512; x_wconf 89' lang='lat' dir='ltr'><strong>enim</strong></span> <span class='ocrx_word' id='word_1_451' title='bbox 1408 3457 1459 3511; x_wconf 87' lang='lat' dir='ltr'><strong>id</strong></span> <span class='ocrx_word' id='word_1_452' title='bbox 1488 3456 1682 3511; x_wconf 73' lang='lat' dir='ltr'><strong>fieret?</strong></span> <span class='ocrx_word' id='word_1_453' title='bbox 1724 3456 1992 3527; x_wconf 88' lang='lat' dir='ltr'><strong>siquidem</strong></span> 
     </span>
    </p>
   </div>
   <div class='ocr_carea' id='block_1_66' title="bbox 412 3550 1991 3623">
    <p class='ocr_par' dir='ltr' id='par_1_66' title="bbox 412 3550 1991 3623">
     <span class='ocr_line' id='line_1_66' title="bbox 412 3550 1991 3623; baseline 0 -19"><span class='ocrx_word' id='word_1_454' title='bbox 412 3567 579 3606; x_wconf 89' lang='lat' dir='ltr'><strong>unum</strong></span> <span class='ocrx_word' id='word_1_455' title='bbox 632 3551 918 3623; x_wconf 84' lang='lat' dir='ltr'><strong>solumque</strong></span> <span class='ocrx_word' id='word_1_456' title='bbox 980 3561 1175 3606; x_wconf 86' lang='lat' dir='ltr'><strong>natura</strong></span> <span class='ocrx_word' id='word_1_457' title='bbox 1231 3556 1425 3619; x_wconf 81' lang='lat' dir='ltr'><strong>suapte</strong></span> <span class='ocrx_word' id='word_1_458' title='bbox 1477 3550 1644 3604; x_wconf 90' lang='lat' dir='ltr'><strong>Deum</strong></span> <span class='ocrx_word' id='word_1_459' title='bbox 1698 3566 1763 3606; x_wconf 84' lang='lat' dir='ltr'><strong>ac</strong></span> <span class='ocrx_word' id='word_1_460' title='bbox 1811 3566 1991 3619; x_wconf 92' lang='lat' dir='ltr'><strong>regem</strong></span> 
     </span>
    </p>
   </div>
   <div class='ocr_carea' id='block_1_67' title="bbox 413 3638 1994 3712">
    <p class='ocr_par' dir='ltr' id='par_1_67' title="bbox 413 3638 1994 3712">
     <span class='ocr_line' id='line_1_67' title="bbox 413 3638 1994 3712; baseline 0.001 -19"><span class='ocrx_word' id='word_1_461' title='bbox 413 3654 753 3712; x_wconf 64' lang='lat' dir='ltr'><strong>agnoverunt</strong></span> <span class='ocrx_word' id='word_1_462' title='bbox 803 3651 861 3696; x_wconf 92' lang='lat' dir='ltr'><strong>et</strong></span> <span class='ocrx_word' id='word_1_463' title='bbox 919 3641 1149 3697; x_wconf 83' lang='lat' dir='ltr'><strong>adorare</strong></span> <span class='ocrx_word' id='word_1_464' title='bbox 1206 3641 1381 3697; x_wconf 89' lang='lat' dir='ltr'><strong>edocti</strong></span> <span class='ocrx_word' id='word_1_465' title='bbox 1426 3649 1573 3697; x_wconf 81' lang='lat' dir='ltr'><strong>sunt.</strong></span> <span class='ocrx_word' id='word_1_466' title='bbox 1622 3638 1994 3696; x_wconf 80' lang='lat' dir='ltr'><strong>Manifestabit</strong></span> 
     </span>
    </p>
   </div>
   <div class='ocr_carea' id='block_1_68' title="bbox 412 3728 2019 3800">
    <p class='ocr_par' dir='ltr' id='par_1_68' title="bbox 412 3728 2019 3800">
     <span class='ocr_line' id='line_1_68' title="bbox 412 3728 2019 3800; baseline -0.001 -15"><span class='ocrx_word' id='word_1_467' title='bbox 412 3742 594 3785; x_wconf 85' lang='lat' dir='ltr'><strong>autem</strong></span> <span class='ocrx_word' id='word_1_468' title='bbox 624 3730 743 3786; x_wconf 69' lang='lat' dir='ltr'><strong>hrec</strong></span> <span class='ocrx_word' id='word_1_469' title='bbox 773 3729 932 3785; x_wconf 89' lang='lat' dir='ltr'><strong>nobis</strong></span> <span class='ocrx_word' id='word_1_470' title='bbox 960 3730 1267 3785; x_wconf 87' lang='lat' dir='ltr'><strong>evidentius</strong></span> <span class='ocrx_word' id='word_1_471' title='bbox 1310 3730 1650 3800; x_wconf 88' lang='lat' dir='ltr'><strong>subsequens</strong></span> <span class='ocrx_word' id='word_1_472' title='bbox 1685 3730 1853 3784; x_wconf 87' lang='lat' dir='ltr'><strong>dictio</strong></span> <span class='ocrx_word' id='word_1_473' title='bbox 1882 3750 1893 3784; x_wconf 95' lang='lat'>:</span> <span class='ocrx_word' id='word_1_474' title='bbox 1924 3728 2019 3784; x_wconf 80' lang='lat' dir='ltr'><strong>Et-</strong></span> 
     </span>
    </p>
   </div>
   <div class='ocr_carea' id='block_1_69' title="bbox 416 3824 1994 3897">
    <p class='ocr_par' dir='ltr' id='par_1_69' title="bbox 416 3824 1994 3897">
     <span class='ocr_line' id='line_1_69' title="bbox 416 3824 1994 3897; baseline 0.002 -18"><span class='ocrx_word' id='word_1_475' title='bbox 416 3824 684 3879; x_wconf 86' lang='lat' dir='ltr'><strong>muudabo</strong></span> <span class='ocrx_word' id='word_1_476' title='bbox 716 3840 825 3892; x_wconf 85' lang='lat' dir='ltr'><strong>eos,</strong></span> <span class='ocrx_word' id='word_1_477' title='bbox 873 3832 1137 3896; x_wconf 78' lang='lat' dir='ltr'><strong>eruntque</strong></span> <span class='ocrx_word' id='word_1_478' title='bbox 1187 3825 1323 3879; x_wconf 83' lang='lat' dir='ltr'><strong>mihi</strong></span> <span class='ocrx_word' id='word_1_479' title='bbox 1362 3826 1606 3896; x_wconf 85' lang='lat' dir='ltr'><strong>populus,</strong></span> <span class='ocrx_word' id='word_1_480' title='bbox 1655 3834 1705 3880; x_wconf 81' lang='lat' dir='ltr'><strong>et</strong></span> <span class='ocrx_word' id='word_1_481' title='bbox 1746 3842 1840 3897; x_wconf 87' lang='lat' dir='ltr'><strong>ego</strong></span> <span class='ocrx_word' id='word_1_482' title='bbox 1886 3826 1994 3882; x_wconf 88' lang='lat' dir='ltr'><strong>illis</strong></span> 
     </span>
    </p>
   </div>
   <div class='ocr_carea' id='block_1_70' title="bbox 413 3915 644 3972">
    <p class='ocr_par' dir='ltr' id='par_1_70' title="bbox 413 3915 644 3972">
     <span class='ocr_line' id='line_1_70' title="bbox 413 3915 644 3972; baseline 0.013 -3"><span class='ocrx_word' id='word_1_483' title='bbox 413 3915 556 3970; x_wconf 88' lang='lat' dir='ltr'><strong>Deus</strong></span> <span class='ocrx_word' id='word_1_484' title='bbox 578 3916 644 3972; x_wconf 82' lang='lat'><strong>”.</strong></span> 
     </span>
    </p>
   </div>
   <div class='ocr_carea' id='block_1_71' title="bbox 2090 3268 3678 3356">
    <p class='ocr_par' dir='ltr' id='par_1_71' title="bbox 2090 3268 3678 3356">
     <span class='ocr_line' id='line_1_71' title="bbox 2090 3268 3678 3356; baseline -0.014 -18"><span class='ocrx_word' id='word_1_485' title='bbox 2090 3283 2458 3356; x_wconf 78' lang='grc' dir='ltr'>κηρύσσοντες</span> <span class='ocrx_word' id='word_1_486' title='bbox 2477 3297 2491 3312; x_wconf 86' lang='grc'><strong>·</strong></span> <span class='ocrx_word' id='word_1_487' title='bbox 2517 3281 2605 3334; x_wconf 83' lang='grc' dir='ltr'>διὰ</span> <span class='ocrx_word' id='word_1_488' title='bbox 2622 3278 2800 3340; x_wconf 82' lang='grc' dir='ltr'>τοῦτο,</span> <span class='ocrx_word' id='word_1_489' title='bbox 2820 3276 2940 3330; x_wconf 74' lang='grc' dir='ltr'>οὐδὲ</span> <span class='ocrx_word' id='word_1_490' title='bbox 2965 3273 3234 3345; x_wconf 83' lang='grc' dir='ltr'>διαίρεσις</span> <span class='ocrx_word' id='word_1_491' title='bbox 3252 3271 3380 3324; x_wconf 85' lang='grc' dir='ltr'>οὐδὲ</span> <span class='ocrx_word' id='word_1_492' title='bbox 3399 3268 3678 3356; x_wconf 72' lang='grc' dir='ltr'>διάστασις</span> 
     </span>
    </p>
   </div>
   <div class='ocr_carea' id='block_1_72' title="bbox 2088 3351 3675 3441">
    <p class='ocr_par' dir='ltr' id='par_1_72' title="bbox 2088 3351 3675 3441">
     <span class='ocr_line' id='line_1_72' title="bbox 2088 3351 3675 3441; baseline -0.016 -12"><span class='ocrx_word' id='word_1_493' title='bbox 2225 3373 2331 3427; x_wconf 78' lang='grc' dir='ltr'><strong>ὑπὸ</strong></span> <span class='ocrx_word' id='word_1_494' title='bbox 2364 3372 2529 3436; x_wconf 88' lang='grc' dir='ltr'>πόδας</span> <span class='ocrx_word' id='word_1_495' title='bbox 2563 3369 2895 3441; x_wconf 78' lang='grc' dir='ltr'>τεθειμένων</span> <span class='ocrx_word' id='word_1_496' title='bbox 2926 3364 3110 3438; x_wconf 80' lang='grc' dir='ltr'>αὐτῷ·</span> <span class='ocrx_word' id='word_1_497' title='bbox 3158 3363 3282 3417; x_wconf 66' lang='grc' dir='ltr'>οὐδὲ</span> <span class='ocrx_word' id='word_1_498' title='bbox 3323 3362 3438 3431; x_wconf 87' lang='grc' dir='ltr'><strong>γὰρ</strong></span> <span class='ocrx_word' id='word_1_499' title='bbox 3494 3355 3560 3410; x_wconf 82' lang='grc' dir='ltr'>ἂν</span> <span class='ocrx_word' id='word_1_500' title='bbox 3600 3351 3675 3405; x_wconf 77' lang='grc' dir='ltr'>ἔτι</span> 
     </span>
    </p>
   </div>
   <div class='ocr_carea' id='block_1_73' title="bbox 2091 3445 3669 3537">
    <p class='ocr_par' dir='ltr' id='par_1_73' title="bbox 2091 3445 3669 3537">
     <span class='ocr_line' id='line_1_73' title="bbox 2091 3445 3669 3537; baseline -0.014 -15"><span class='ocrx_word' id='word_1_501' title='bbox 2091 3467 2250 3530; x_wconf 79' lang='grc' dir='ltr'>ἄλλος</span> <span class='ocrx_word' id='word_1_502' title='bbox 2282 3464 2427 3537; x_wconf 76' lang='grc' dir='ltr'>ἄλλῳ</span> <span class='ocrx_word' id='word_1_503' title='bbox 2458 3463 2670 3535; x_wconf 87' lang='grc' dir='ltr'>βασιλεῖ</span> <span class='ocrx_word' id='word_1_504' title='bbox 2697 3462 2969 3530; x_wconf 83' lang='grc' dir='ltr'>κατήκοος</span> <span class='ocrx_word' id='word_1_505' title='bbox 3018 3459 3128 3529; x_wconf 82' lang='grc' dir='ltr'>εἴη,</span> <span class='ocrx_word' id='word_1_506' title='bbox 3163 3459 3317 3519; x_wconf 81' lang='grc' dir='ltr'>ὅπως</span> <span class='ocrx_word' id='word_1_507' title='bbox 3354 3455 3432 3526; x_wconf 83' lang='grc' dir='ltr'>μὴ</span> <span class='ocrx_word' id='word_1_508' title='bbox 3492 3445 3669 3506; x_wconf 74' lang='grc' dir='ltr'>ἐντεῦ-</span> 
     </span>
    </p>
   </div>
   <div class='ocr_carea' id='block_1_74' title="bbox 2093 3537 3675 3623">
    <p class='ocr_par' dir='ltr' id='par_1_74' title="bbox 2093 3537 3675 3623">
     <span class='ocr_line' id='line_1_74' title="bbox 2093 3537 3675 3623; baseline -0.014 -12"><span class='ocrx_word' id='word_1_509' title='bbox 2093 3557 2186 3611; x_wconf 89' lang='grc' dir='ltr'><strong>θεν</strong></span> <span class='ocrx_word' id='word_1_510' title='bbox 2209 3555 2463 3618; x_wconf 86' lang='grc' dir='ltr'>πλείονας</span> <span class='ocrx_word' id='word_1_511' title='bbox 2513 3554 2609 3608; x_wconf 82' lang='grc' dir='ltr'>καὶ</span> <span class='ocrx_word' id='word_1_512' title='bbox 2663 3552 2961 3623; x_wconf 76' lang='grc' dir='ltr'>διαφόρους</span> <span class='ocrx_word' id='word_1_513' title='bbox 3004 3549 3163 3614; x_wconf 80' lang='grc' dir='ltr'>δόξας</span> <span class='ocrx_word' id='word_1_514' title='bbox 3213 3547 3311 3601; x_wconf 72' lang='grc' dir='ltr'>καὶ</span> <span class='ocrx_word' id='word_1_515' title='bbox 3363 3537 3675 3598; x_wconf 83' lang='grc' dir='ltr'>δυσσεσείας</span> 
     </span>
    </p>
   </div>
   <div class='ocr_carea' id='block_1_75' title="bbox 2102 3629 3673 3720">
    <p class='ocr_par' dir='ltr' id='par_1_75' title="bbox 2102 3629 3673 3720">
     <span class='ocr_line' id='line_1_75' title="bbox 2102 3629 3673 3720; baseline -0.009 -16"><span class='ocrx_word' id='word_1_516' title='bbox 2102 3648 2429 3720; x_wconf 86' lang='grc' dir='ltr'>φρονήματα</span> <span class='ocrx_word' id='word_1_517' title='bbox 2457 3644 2929 3717; x_wconf 83' lang='grc' dir='ltr'>διεσχοινισμένοι,</span> <span class='ocrx_word' id='word_1_518' title='bbox 2960 3642 3094 3712; x_wconf 72' lang='grc' dir='ltr'>πρὸς</span> <span class='ocrx_word' id='word_1_519' title='bbox 3117 3640 3359 3701; x_wconf 83' lang='grc' dir='ltr'>ἀτόπους</span> <span class='ocrx_word' id='word_1_520' title='bbox 3381 3629 3673 3706; x_wconf 80' lang='grc' dir='ltr'>θρησκείας</span> 
     </span>
    </p>
   </div>
   <div class='ocr_carea' id='block_1_76' title="bbox 2103 3724 3693 3806">
    <p class='ocr_par' dir='ltr' id='par_1_76' title="bbox 2103 3724 3693 3806">
     <span class='ocr_line' id='line_1_76' title="bbox 2103 3724 3693 3806; baseline -0.014 -12"><span class='ocrx_word' id='word_1_521' title='bbox 2103 3738 2199 3794; x_wconf 76' lang='grc' dir='ltr'>καὶ</span> <span class='ocrx_word' id='word_1_522' title='bbox 2254 3738 2599 3797; x_wconf 83' lang='grc' dir='ltr'>ἀπευκταίας</span> <span class='ocrx_word' id='word_1_523' title='bbox 2648 3733 3107 3806; x_wconf 83' lang='grc' dir='ltr'>κατασχιζόμενοι</span> <span class='ocrx_word' id='word_1_524' title='bbox 3176 3724 3693 3805; x_wconf 47' lang='grc' dir='ltr'>διαρρηγνύωνται,.</span> 
     </span>
    </p>
   </div>
   <div class='ocr_carea' id='block_1_77' title="bbox 2101 3810 3671 3904">
    <p class='ocr_par' dir='ltr' id='par_1_77' title="bbox 2101 3810 3671 3904">
     <span class='ocr_line' id='line_1_77' title="bbox 2101 3810 3671 3904; baseline -0.008 -18"><span class='ocrx_word' id='word_1_525' title='bbox 2101 3832 2197 3886; x_wconf 73' lang='grc' dir='ltr'><strong>καὶ</strong></span> <span class='ocrx_word' id='word_1_526' title='bbox 2226 3832 2362 3904; x_wconf 79' lang='grc' dir='ltr'>πρὸς</span> <span class='ocrx_word' id='word_1_527' title='bbox 2386 3829 2621 3889; x_wconf 72' lang='grc' dir='ltr'>εἰδώλων</span> <span class='ocrx_word' id='word_1_528' title='bbox 2648 3828 2966 3883; x_wconf 79' lang='grc' dir='ltr'>ἀπονεύοιεν</span> <span class='ocrx_word' id='word_1_529' title='bbox 3016 3821 3474 3895; x_wconf 83' lang='grc' dir='ltr'>προσοχθίσματα</span> <span class='ocrx_word' id='word_1_530' title='bbox 3495 3833 3509 3848; x_wconf 78' lang='grc'><strong><em>⁸</em></strong></span> <span class='ocrx_word' id='word_1_531' title='bbox 3560 3810 3671 3904; x_wconf 71' lang='grc' dir='ltr'>τῷς</span> 
     </span>
    </p>
   </div>
   <div class='ocr_carea' id='block_1_78' title="bbox 2101 3901 3670 3992">
    <p class='ocr_par' dir='ltr' id='par_1_78' title="bbox 2101 3901 3670 3992">
     <span class='ocr_line' id='line_1_78' title="bbox 2101 3901 3670 3992; baseline -0.024 -2"><span class='ocrx_word' id='word_1_532' title='bbox 2101 3921 2229 3992; x_wconf 78' lang='grc' dir='ltr'><strong>γὰρ,</strong></span> <span class='ocrx_word' id='word_1_533' title='bbox 2263 3901 2316 3975; x_wconf 49' lang='lat' dir='ltr'><strong>si</strong></span> <span class='ocrx_word' id='word_1_534' title='bbox 2337 3920 2515 3989; x_wconf 78' lang='grc' dir='ltr'>γε’τὸν</span> <span class='ocrx_word' id='word_1_535' title='bbox 2543 3919 2640 3973; x_wconf 71' lang='grc' dir='ltr'>ἕνα</span> <span class='ocrx_word' id='word_1_536' title='bbox 2671 3920 2765 3973; x_wconf 85' lang='grc' dir='ltr'>καὶ</span> <span class='ocrx_word' id='word_1_537' title='bbox 2789 3918 2948 3990; x_wconf 84' lang='grc' dir='ltr'>μόνον</span> <span class='ocrx_word' id='word_1_538' title='bbox 2983 3916 3142 3987; x_wconf 83' lang='grc' dir='ltr'>φύσει</span> <span class='ocrx_word' id='word_1_539' title='bbox 3167 3915 3301 3968; x_wconf 75' lang='grc' dir='ltr'>Θεὸν</span> <span class='ocrx_word' id='word_1_540' title='bbox 3331 3911 3429 3967; x_wconf 75' lang='grc' dir='ltr'>καὶ</span> <span class='ocrx_word' id='word_1_541' title='bbox 3458 3901 3670 3978; x_wconf 81' lang='grc' dir='ltr'>βασιλέα</span> 
     </span>
    </p>
   </div>
   <div class='ocr_carea' id='block_1_79' title="bbox 412 3996 3668 4083">
    <p class='ocr_par' dir='ltr' id='par_1_79' title="bbox 412 3996 3668 4083">
     <span class='ocr_line' id='line_1_79' title="bbox 412 3996 3668 4083; baseline -0.001 -23"><span class='ocrx_word' id='word_1_542' title='bbox 412 4006 770 4076; x_wconf 78' lang='grc' dir='ltr'>ἑγνώκεισαν,</span> <span class='ocrx_word' id='word_1_543' title='bbox 807 4008 902 4061; x_wconf 74' lang='grc' dir='ltr'>καὶ</span> <span class='ocrx_word' id='word_1_544' title='bbox 936 4009 1260 4077; x_wconf 83' lang='grc' dir='ltr'>προσκυνεῖν</span> <span class='ocrx_word' id='word_1_545' title='bbox 1296 4004 1689 4078; x_wconf 74' lang='grc' dir='ltr'>ὲδιδὰχθησανς</span> <span class='ocrx_word' id='word_1_546' title='bbox 1723 4006 1988 4079; x_wconf 87' lang='grc' dir='ltr'>Σαφηνιεῖ</span> <span class='ocrx_word' id='word_1_547' title='bbox 2022 4009 2078 4063; x_wconf 78' lang='grc' dir='ltr'>δὲ</span> <span class='ocrx_word' id='word_1_548' title='bbox 2114 4011 2245 4083; x_wconf 84' lang='grc' dir='ltr'>ἡμῖν</span> <span class='ocrx_word' id='word_1_549' title='bbox 2266 4009 2438 4064; x_wconf 81' lang='grc' dir='ltr'>ταῦτα</span> <span class='ocrx_word' id='word_1_550' title='bbox 2461 4011 2622 4065; x_wconf 79' lang='grc' dir='ltr'>πάλιν</span> <span class='ocrx_word' id='word_1_551' title='bbox 2645 4007 3118 4079; x_wconf 84' lang='grc' dir='ltr'>καταφανέστερον</span> <span class='ocrx_word' id='word_1_552' title='bbox 3170 4002 3380 4075; x_wconf 78' lang='grc' dir='ltr'>προῖὼν</span> <span class='ocrx_word' id='word_1_553' title='bbox 3434 4002 3463 4054; x_wconf 84' lang='grc' dir='ltr'>ὁ</span> <span class='ocrx_word' id='word_1_554' title='bbox 3484 3996 3633 4065; x_wconf 79' lang='grc' dir='ltr'>λόγος</span> <span class='ocrx_word' id='word_1_555' title='bbox 3656 4008 3668 4022; x_wconf 88' lang='grc'><strong>⁸</strong></span> 
     </span>
    </p>
   </div>
   <div class='ocr_carea' id='block_1_80' title="bbox 412 4095 3129 4172">
    <p class='ocr_par' dir='ltr' id='par_1_80' title="bbox 412 4095 3129 4172">
     <span class='ocr_line' id='line_1_80' title="bbox 412 4095 3129 4172; baseline 0.001 -18"><span class='ocrx_word' id='word_1_556' title='bbox 412 4097 525 4154; x_wconf 79' lang='grc' dir='ltr'><strong>Καὶ</strong></span> <span class='ocrx_word' id='word_1_557' title='bbox 555 4097 818 4166; x_wconf 82' lang='grc' dir='ltr'>καθαριῶ</span> <span class='ocrx_word' id='word_1_558' title='bbox 850 4095 1092 4163; x_wconf 77' lang='grc' dir='ltr'>αὐτοῦς,</span> <span class='ocrx_word' id='word_1_559' title='bbox 1122 4096 1224 4151; x_wconf 73' lang='grc' dir='ltr'>καὶ</span> <span class='ocrx_word' id='word_1_560' title='bbox 1259 4095 1511 4151; x_wconf 76' lang='grc' dir='ltr'>ἔσονται</span> <span class='ocrx_word' id='word_1_561' title='bbox 1528 4114 1632 4168; x_wconf 82' lang='grc' dir='ltr'><strong>μοι</strong></span> <span class='ocrx_word' id='word_1_562' title='bbox 1675 4100 1764 4166; x_wconf 82' lang='grc' dir='ltr'><strong>εὶς</strong></span> <span class='ocrx_word' id='word_1_563' title='bbox 1812 4098 1989 4168; x_wconf 80' lang='grc' dir='ltr'>λαὸν,</span> <span class='ocrx_word' id='word_1_564' title='bbox 2015 4101 2114 4155; x_wconf 79' lang='grc' dir='ltr'><strong>καί</strong></span> <span class='ocrx_word' id='word_1_565' title='bbox 2150 4100 2267 4171; x_wconf 69' lang='grc' dir='ltr'><strong>ἐγὼ</strong></span> <span class='ocrx_word' id='word_1_566' title='bbox 2297 4101 2512 4172; x_wconf 77' lang='grc' dir='ltr'>ἔσομαι</span> <span class='ocrx_word' id='word_1_567' title='bbox 2549 4100 2755 4167; x_wconf 84' lang='grc' dir='ltr'>αὐτοῖς</span> <span class='ocrx_word' id='word_1_568' title='bbox 2791 4103 2879 4167; x_wconf 82' lang='grc' dir='ltr'><strong>είς</strong></span> <span class='ocrx_word' id='word_1_569' title='bbox 2907 4101 3081 4156; x_wconf 83' lang='grc' dir='ltr'>Θεόν.</span> <span class='ocrx_word' id='word_1_570' title='bbox 3125 4139 3129 4145; x_wconf 83' lang='lat'><strong><em>-</em></strong></span> 
     </span>
    </p>
   </div>
   <div class='ocr_carea' id='block_1_81' title="bbox 485 4236 1996 4310">
    <p class='ocr_par' dir='ltr' id='par_1_81' title="bbox 485 4236 1996 4310">
     <span class='ocr_line' id='line_1_81' title="bbox 485 4236 1996 4310; baseline 0 -18"><span class='ocrx_word' id='word_1_571' title='bbox 485 4240 620 4309; x_wconf 85' lang='lat' dir='ltr'><strong>Quis</strong></span> <span class='ocrx_word' id='word_1_572' title='bbox 659 4251 823 4310; x_wconf 92' lang='lat' dir='ltr'><strong>porro</strong></span> <span class='ocrx_word' id='word_1_573' title='bbox 871 4237 1161 4302; x_wconf 84' lang='lat' dir='ltr'><strong>mundans,</strong></span> <span class='ocrx_word' id='word_1_574' title='bbox 1189 4246 1244 4294; x_wconf 91' lang='lat' dir='ltr'><strong>et</strong></span> <span class='ocrx_word' id='word_1_575' title='bbox 1272 4237 1495 4309; x_wconf 85' lang='lat' dir='ltr'><strong>quinam</strong></span> <span class='ocrx_word' id='word_1_576' title='bbox 1534 4236 1805 4302; x_wconf 70' lang='lat' dir='ltr'><strong>mandati,</strong></span> <span class='ocrx_word' id='word_1_577' title='bbox 1829 4236 1996 4293; x_wconf 80' lang='lat' dir='ltr'><strong>facile</strong></span> 
     </span>
    </p>
   </div>
   <div class='ocr_carea' id='block_1_82' title="bbox 413 4329 1996 4406">
    <p class='ocr_par' dir='ltr' id='par_1_82' title="bbox 413 4329 1996 4406">
     <span class='ocr_line' id='line_1_82' title="bbox 413 4329 1996 4406; baseline -0.004 -15"><span class='ocrx_word' id='word_1_578' title='bbox 413 4350 829 4406; x_wconf 85' lang='lat' dir='ltr'><strong>cognoscemus,</strong></span> <span class='ocrx_word' id='word_1_579' title='bbox 863 4334 907 4388; x_wconf 91' lang='lat' dir='ltr'><strong>si</strong></span> <span class='ocrx_word' id='word_1_580' title='bbox 956 4332 1285 4404; x_wconf 81' lang='lat' dir='ltr'><strong>apostolicas</strong></span> <span class='ocrx_word' id='word_1_581' title='bbox 1330 4345 1492 4385; x_wconf 85' lang='lat' dir='ltr'><strong>voces</strong></span> <span class='ocrx_word' id='word_1_582' title='bbox 1521 4329 1839 4396; x_wconf 85' lang='lat' dir='ltr'><strong>audiemus,</strong></span> <span class='ocrx_word' id='word_1_583' title='bbox 1868 4331 1996 4401; x_wconf 85' lang='lat' dir='ltr'><strong>qui-</strong></span> 
     </span>
    </p>
   </div>
   <div class='ocr_carea' id='block_1_83' title="bbox 415 4424 2021 4494">
    <p class='ocr_par' dir='ltr' id='par_1_83' title="bbox 415 4424 2021 4494">
     <span class='ocr_line' id='line_1_83' title="bbox 415 4424 2021 4494; baseline -0.002 -12"><span class='ocrx_word' id='word_1_584' title='bbox 415 4430 517 4483; x_wconf 87' lang='lat' dir='ltr'><strong>bus</strong></span> <span class='ocrx_word' id='word_1_585' title='bbox 572 4442 662 4484; x_wconf 89' lang='lat' dir='ltr'><strong>res</strong></span> <span class='ocrx_word' id='word_1_586' title='bbox 723 4425 1032 4482; x_wconf 83' lang='lat' dir='ltr'><strong>Servatoris</strong></span> <span class='ocrx_word' id='word_1_587' title='bbox 1060 4425 1234 4480; x_wconf 91' lang='lat' dir='ltr'><strong>nostri</strong></span> <span class='ocrx_word' id='word_1_588' title='bbox 1288 4424 1494 4481; x_wconf 84' lang='lat' dir='ltr'><strong>Christi</strong></span> <span class='ocrx_word' id='word_1_589' title='bbox 1526 4425 1789 4479; x_wconf 84' lang='lat' dir='ltr'><strong>docemur</strong></span> <span class='ocrx_word' id='word_1_590' title='bbox 1822 4441 1837 4479; x_wconf 88' lang='lat'><strong>:</strong></span> <span class='ocrx_word' id='word_1_591' title='bbox 1865 4424 2021 4494; x_wconf 77' lang='lat' dir='ltr'><strong>quia</strong></span> 
     </span>
    </p>
   </div>
   <div class='ocr_carea' id='block_1_84' title="bbox 421 4518 2002 4592">
    <p class='ocr_par' dir='ltr' id='par_1_84' title="bbox 421 4518 2002 4592">
     <span class='ocr_line' id='line_1_84' title="bbox 421 4518 2002 4592; baseline -0.001 -19"><span class='ocrx_word' id='word_1_592' title='bbox 421 4520 798 4592; x_wconf 70' lang='lat' dir='ltr'><strong>l‘urgalionem</strong></span> <span class='ocrx_word' id='word_1_593' title='bbox 836 4534 928 4589; x_wconf 85' lang='lat' dir='ltr'><strong>per</strong></span> <span class='ocrx_word' id='word_1_594' title='bbox 954 4519 1185 4589; x_wconf 85' lang='lat' dir='ltr'><strong>seipsum</strong></span> <span class='ocrx_word' id='word_1_595' title='bbox 1224 4518 1345 4590; x_wconf 76' lang='lat' dir='ltr'><strong>fecit</strong></span> <span class='ocrx_word' id='word_1_596' title='bbox 1404 4527 1742 4590; x_wconf 76' lang='lat' dir='ltr'><strong>peccatorum</strong></span> <span class='ocrx_word' id='word_1_597' title='bbox 1791 4525 2002 4573; x_wconf 86' lang='lat' dir='ltr'><strong>nostro-</strong></span> 
     </span>
    </p>
   </div>
   <div class='ocr_carea' id='block_1_85' title="bbox 2171 4230 3669 4310">
    <p class='ocr_par' dir='ltr' id='par_1_85' title="bbox 2171 4230 3669 4310">
     <span class='ocr_line' id='line_1_85' title="bbox 2171 4230 3669 4310; baseline -0.007 -19"><span class='ocrx_word' id='word_1_598' title='bbox 2171 4238 2267 4302; x_wconf 90' lang='grc' dir='ltr'><strong>Τίς</strong></span> <span class='ocrx_word' id='word_1_599' title='bbox 2306 4241 2336 4293; x_wconf 84' lang='grc' dir='ltr'><strong>ὁ</strong></span> <span class='ocrx_word' id='word_1_600' title='bbox 2393 4237 2677 4309; x_wconf 87' lang='grc' dir='ltr'>καθαίρων</span> <span class='ocrx_word' id='word_1_601' title='bbox 2711 4240 2811 4293; x_wconf 76' lang='grc' dir='ltr'>’καὶ</span> <span class='ocrx_word' id='word_1_602' title='bbox 2861 4239 2912 4292; x_wconf 82' lang='lat' dir='ltr'><strong>oi</strong></span> <span class='ocrx_word' id='word_1_603' title='bbox 2967 4236 3403 4310; x_wconf 74' lang='grc' dir='ltr'>καθαιρόμενοι,</span> <span class='ocrx_word' id='word_1_604' title='bbox 3450 4230 3669 4288; x_wconf 80' lang='grc' dir='ltr'>συνιδεῖν</span> 
     </span>
    </p>
   </div>
   <div class='ocr_carea' id='block_1_86' title="bbox 2102 4313 3666 4402">
    <p class='ocr_par' dir='ltr' id='par_1_86' title="bbox 2102 4313 3666 4402">
     <span class='ocr_line' id='line_1_86' title="bbox 2102 4313 3666 4402; baseline -0.006 -18"><span class='ocrx_word' id='word_1_605' title='bbox 2102 4329 2286 4402; x_wconf 79' lang='grc' dir='ltr'>ῥᾴδιον</span> <span class='ocrx_word' id='word_1_606' title='bbox 2323 4330 2430 4384; x_wconf 86' lang='grc' dir='ltr'><strong>τῶν</strong></span> <span class='ocrx_word' id='word_1_607' title='bbox 2460 4330 2833 4384; x_wconf 80' lang='grc' dir='ltr'>ἀποστολικῶν</span> <span class='ocrx_word' id='word_1_608' title='bbox 2869 4329 3062 4400; x_wconf 85' lang='grc' dir='ltr'>φωνῶν</span> <span class='ocrx_word' id='word_1_609' title='bbox 3116 4328 3456 4391; x_wconf 88' lang='grc' dir='ltr'>διακούουσι,</span> <span class='ocrx_word' id='word_1_610' title='bbox 3484 4325 3549 4377; x_wconf 82' lang='grc' dir='ltr'>δι’</span> <span class='ocrx_word' id='word_1_611' title='bbox 3598 4313 3666 4374; x_wconf 84' lang='grc' dir='ltr'>ὧν</span> 
     </span>
    </p>
   </div>
   <div class='ocr_carea' id='block_1_87' title="bbox 2098 4412 3667 4495">
    <p class='ocr_par' dir='ltr' id='par_1_87' title="bbox 2098 4412 3667 4495">
     <span class='ocr_line' id='line_1_87' title="bbox 2098 4412 3667 4495; baseline -0.008 -18"><span class='ocrx_word' id='word_1_612' title='bbox 2098 4423 2465 4495; x_wconf 79' lang='grc' dir='ltr'>διδασκόμεθα</span> <span class='ocrx_word' id='word_1_613' title='bbox 2484 4426 2616 4493; x_wconf 74' lang='grc' dir='ltr'>περὶ</span> <span class='ocrx_word' id='word_1_614' title='bbox 2645 4422 2742 4478; x_wconf 82' lang='grc' dir='ltr'><strong>τοῦ</strong></span> <span class='ocrx_word' id='word_1_615' title='bbox 2770 4423 3026 4494; x_wconf 78' lang='grc' dir='ltr'>Σωτῆρος</span> <span class='ocrx_word' id='word_1_616' title='bbox 3082 4424 3116 4492; x_wconf 80' lang='grc' dir='ltr'><strong>ἡ</strong></span> <span class='ocrx_word' id='word_1_617' title='bbox 3127 4421 3245 4492; x_wconf 86' lang='grc' dir='ltr'><strong>μῶν</strong></span> <span class='ocrx_word' id='word_1_618' title='bbox 3297 4415 3557 4493; x_wconf 81' lang='grc' dir='ltr'>Χριστοῦ,</span> <span class='ocrx_word' id='word_1_619' title='bbox 3588 4412 3667 4466; x_wconf 82' lang='grc' dir='ltr'><strong>δτι</strong></span> 
     </span>
    </p>
   </div>
   <div class='ocr_carea' id='block_1_88' title="bbox 2102 4501 3670 4586">
    <p class='ocr_par' dir='ltr' id='par_1_88' title="bbox 2102 4501 3670 4586">
     <span class='ocr_line' id='line_1_88' title="bbox 2102 4501 3670 4586; baseline -0.006 -14"><span class='ocrx_word' id='word_1_620' title='bbox 2102 4516 2488 4586; x_wconf 76' lang='grc' dir='ltr'>Καθαρισμόν</span> <span class='ocrx_word' id='word_1_621' title='bbox 2514 4515 2588 4569; x_wconf 83' lang='grc' dir='ltr'>δι’</span> <span class='ocrx_word' id='word_1_622' title='bbox 2610 4514 2832 4569; x_wconf 81' lang='grc' dir='ltr'>ἑαυτοῦ</span> <span class='ocrx_word' id='word_1_623' title='bbox 2861 4512 3193 4580; x_wconf 77' lang='grc' dir='ltr'>ἐποιήσατο</span> <span class='ocrx_word' id='word_1_624' title='bbox 3226 4511 3351 4567; x_wconf 81' lang='grc' dir='ltr'><strong>τῶν</strong></span> <span class='ocrx_word' id='word_1_625' title='bbox 3384 4501 3670 4580; x_wconf 75' lang='grc' dir='ltr'>αμαρτιῶν</span> 
     </span>
    </p>
   </div>
   <div class='ocr_carea' id='block_1_89' title="bbox 417 4597 1993 4684">
    <p class='ocr_par' dir='ltr' id='par_1_89' title="bbox 417 4610 1993 4684">
     <span class='ocr_line' id='line_1_89' title="bbox 417 4610 1993 4684; baseline -0.001 -18"><span class='ocrx_word' id='word_1_626' title='bbox 417 4631 536 4669; x_wconf 70' lang='lat' dir='ltr'><strong>mm</strong></span> <span class='ocrx_word' id='word_1_627' title='bbox 554 4616 621 4670; x_wconf 80' lang='grc'><strong>⁸⁸.</strong></span> <span class='ocrx_word' id='word_1_628' title='bbox 666 4613 735 4669; x_wconf 80' lang='lat' dir='ltr'><strong>Et</strong></span> <span class='ocrx_word' id='word_1_629' title='bbox 757 4615 907 4684; x_wconf 88' lang='lat' dir='ltr'><strong>quia,</strong></span> <span class='ocrx_word' id='word_1_630' title='bbox 947 4611 1036 4669; x_wconf 88' lang='lat' dir='ltr'><strong>Sic</strong></span> <span class='ocrx_word' id='word_1_631' title='bbox 1084 4611 1271 4668; x_wconf 72' lang='lat' dir='ltr'><strong>dilexit</strong></span> <span class='ocrx_word' id='word_1_632' title='bbox 1319 4610 1639 4680; x_wconf 80' lang='lat' dir='ltr'><strong>Ecclesium,</strong></span> <span class='ocrx_word' id='word_1_633' title='bbox 1668 4622 1717 4665; x_wconf 84' lang='lat' dir='ltr'><strong>et</strong></span> <span class='ocrx_word' id='word_1_634' title='bbox 1763 4613 1993 4679; x_wconf 86' lang='lat' dir='ltr'><strong>seipsum</strong></span> 
     </span>
    </p>
   </div>
   <div class='ocr_carea' id='block_1_90' title="bbox 2095 4597 3669 4684">
    <p class='ocr_par' dir='ltr' id='par_1_90' title="bbox 2104 4597 3669 4679">
     <span class='ocr_line' id='line_1_90' title="bbox 2104 4597 3669 4679; baseline -0.008 -14"><span class='ocrx_word' id='word_1_635' title='bbox 2104 4606 2295 4679; x_wconf 71' lang='grc' dir='ltr'>ἡμῶν.</span> <span class='ocrx_word' id='word_1_636' title='bbox 2320 4609 2428 4662; x_wconf 72' lang='grc' dir='ltr'><strong>Καὶ</strong></span> <span class='ocrx_word' id='word_1_637' title='bbox 2454 4609 2538 4662; x_wconf 79' lang='grc' dir='ltr'>ὅτι</span> <span class='ocrx_word' id='word_1_638' title='bbox 2577 4607 2777 4673; x_wconf 81' lang='grc' dir='ltr'>οὕτως</span> <span class='ocrx_word' id='word_1_639' title='bbox 2816 4605 3103 4677; x_wconf 72' lang='grc' dir='ltr'><strong>ἠγάπησε</strong></span> <span class='ocrx_word' id='word_1_640' title='bbox 3139 4604 3255 4673; x_wconf 75' lang='grc' dir='ltr'><strong>τὴν</strong></span> <span class='ocrx_word' id='word_1_641' title='bbox 3304 4597 3669 4665; x_wconf 68' lang='grc' dir='ltr'>Ἐκκλησίαν</span> 
     </span>
    </p>
   </div>
   <div class='ocr_carea' id='block_1_91' title="bbox 417 4703 1998 4776">
    <p class='ocr_par' dir='ltr' id='par_1_91' title="bbox 417 4703 1998 4776">
     <span class='ocr_line' id='line_1_91' title="bbox 417 4703 1998 4776; baseline -0.001 -19"><span class='ocrx_word' id='word_1_642' title='bbox 417 4706 640 4761; x_wconf 81' lang='lat' dir='ltr'><strong>tradidit</strong></span> <span class='ocrx_word' id='word_1_643' title='bbox 700 4722 796 4776; x_wconf 88' lang='lat' dir='ltr'><strong>pro</strong></span> <span class='ocrx_word' id='word_1_644' title='bbox 854 4721 940 4769; x_wconf 82' lang='lat' dir='ltr'><strong>ea,</strong></span> <span class='ocrx_word' id='word_1_645' title='bbox 975 4711 1035 4759; x_wconf 80' lang='lat' dir='ltr'><strong>ut</strong></span> <span class='ocrx_word' id='word_1_646' title='bbox 1081 4703 1234 4759; x_wconf 83' lang='lat' dir='ltr'><strong>illam</strong></span> <span class='ocrx_word' id='word_1_647' title='bbox 1277 4703 1659 4772; x_wconf 78' lang='lat' dir='ltr'><strong>sanctiﬁcaret,</strong></span> <span class='ocrx_word' id='word_1_648' title='bbox 1730 4706 1998 4757; x_wconf 72' lang='lat' dir='ltr'><strong>mundana</strong></span> 
     </span>
    </p>
   </div>
   <div class='ocr_carea' id='block_1_92' title="bbox 419 4790 1998 4865">
    <p class='ocr_par' dir='ltr' id='par_1_92' title="bbox 419 4790 1998 4865">
     <span class='ocr_line' id='line_1_92' title="bbox 419 4790 1998 4865; baseline -0.002 -17"><span class='ocrx_word' id='word_1_649' title='bbox 419 4794 633 4850; x_wconf 85' lang='lat' dir='ltr'><strong>lauacro</strong></span> <span class='ocrx_word' id='word_1_650' title='bbox 685 4809 837 4865; x_wconf 66' lang='lat' dir='ltr'><strong>aqua</strong></span> <span class='ocrx_word' id='word_1_651' title='bbox 878 4794 937 4848; x_wconf 88' lang='lat' dir='ltr'><strong>in</strong></span> <span class='ocrx_word' id='word_1_652' title='bbox 980 4793 1131 4849; x_wconf 80' lang='lat' dir='ltr'><strong>verba</strong></span> <span class='ocrx_word' id='word_1_653' title='bbox 1151 4793 1219 4848; x_wconf 84' lang='grc'><strong>³¹.</strong></span> <span class='ocrx_word' id='word_1_654' title='bbox 1271 4793 1336 4847; x_wconf 89' lang='lat' dir='ltr'><strong>Et</strong></span> <span class='ocrx_word' id='word_1_655' title='bbox 1368 4792 1495 4847; x_wconf 88' lang='lat' dir='ltr'><strong>alibi</strong></span> <span class='ocrx_word' id='word_1_656' title='bbox 1540 4808 1556 4846; x_wconf 89' lang='lat'><strong>:</strong></span> <span class='ocrx_word' id='word_1_657' title='bbox 1616 4790 1998 4863; x_wconf 63' lang='lat' dir='ltr'><strong>Exspectant“</strong></span> 
     </span>
    </p>
   </div>
   <div class='ocr_carea' id='block_1_93' title="bbox 420 4882 2001 4957">
    <p class='ocr_par' dir='ltr' id='par_1_93' title="bbox 420 4882 2001 4957">
     <span class='ocr_line' id='line_1_93' title="bbox 420 4882 2001 4957; baseline -0.004 -15"><span class='ocrx_word' id='word_1_658' title='bbox 420 4889 630 4943; x_wconf 79' lang='lat' dir='ltr'><strong>beatam</strong></span> <span class='ocrx_word' id='word_1_659' title='bbox 667 4902 814 4957; x_wconf 84' lang='lat' dir='ltr'><strong>spem</strong></span> <span class='ocrx_word' id='word_1_660' title='bbox 844 4895 892 4941; x_wconf 89' lang='lat' dir='ltr'><strong>et</strong></span> <span class='ocrx_word' id='word_1_661' title='bbox 944 4886 1428 4953; x_wconf 76' lang='lat' dir='ltr'><strong>manifsstationem</strong></span> <span class='ocrx_word' id='word_1_662' title='bbox 1458 4883 1645 4956; x_wconf 75' lang='lat' dir='ltr'><strong>gloria:</strong></span> <span class='ocrx_word' id='word_1_663' title='bbox 1673 4884 1851 4953; x_wconf 87' lang='lat' dir='ltr'><strong>magni</strong></span> <span class='ocrx_word' id='word_1_664' title='bbox 1901 4882 2001 4937; x_wconf 84' lang='lat' dir='ltr'><strong>Dei</strong></span> 
     </span>
    </p>
   </div>
   <div class='ocr_carea' id='block_1_94' title="bbox 417 4974 2003 5045">
    <p class='ocr_par' dir='ltr' id='par_1_94' title="bbox 417 4974 2003 5045">
     <span class='ocr_line' id='line_1_94' title="bbox 417 4974 2003 5045; baseline -0.006 -10"><span class='ocrx_word' id='word_1_665' title='bbox 417 4992 464 5035; x_wconf 81' lang='lat' dir='ltr'><strong>et</strong></span> <span class='ocrx_word' id='word_1_666' title='bbox 496 4977 793 5037; x_wconf 84' lang='lat' dir='ltr'><strong>Seruatoris</strong></span> <span class='ocrx_word' id='word_1_667' title='bbox 845 4977 1014 5032; x_wconf 79' lang='lat' dir='ltr'><strong>nostri</strong></span> <span class='ocrx_word' id='word_1_668' title='bbox 1045 4976 1175 5033; x_wconf 70' lang='lat' dir='ltr'><strong>Iesu</strong></span> <span class='ocrx_word' id='word_1_669' title='bbox 1214 4975 1432 5039; x_wconf 81' lang='lat' dir='ltr'><strong>Christi,</strong></span> <span class='ocrx_word' id='word_1_670' title='bbox 1481 4976 1572 5045; x_wconf 87' lang='lat' dir='ltr'><strong>qui</strong></span> <span class='ocrx_word' id='word_1_671' title='bbox 1615 4974 1761 5027; x_wconf 86' lang='lat' dir='ltr'><strong>dedit</strong></span> <span class='ocrx_word' id='word_1_672' title='bbox 1820 4981 2003 5028; x_wconf 87' lang='lat' dir='ltr'><strong>semet-</strong></span> 
     </span>
    </p>
   </div>
   <div class='ocr_carea' id='block_1_95' title="bbox 420 5067 1993 5144">
    <p class='ocr_par' dir='ltr' id='par_1_95' title="bbox 420 5067 1993 5144">
     <span class='ocr_line' id='line_1_95' title="bbox 420 5067 1993 5144; baseline -0.004 -18"><span class='ocrx_word' id='word_1_673' title='bbox 420 5075 594 5140; x_wconf 74' lang='lat' dir='ltr'><strong>ipsum</strong></span> <span class='ocrx_word' id='word_1_674' title='bbox 610 5088 706 5144; x_wconf 85' lang='lat' dir='ltr'><strong>pro</strong></span> <span class='ocrx_word' id='word_1_675' title='bbox 734 5071 901 5136; x_wconf 87' lang='lat' dir='ltr'><strong>nobis,</strong></span> <span class='ocrx_word' id='word_1_676' title='bbox 931 5081 987 5125; x_wconf 90' lang='lat' dir='ltr'><strong>ut</strong></span> <span class='ocrx_word' id='word_1_677' title='bbox 1019 5087 1115 5126; x_wconf 90' lang='lat' dir='ltr'><strong>nos</strong></span> <span class='ocrx_word' id='word_1_678' title='bbox 1139 5071 1421 5126; x_wconf 89' lang='lat' dir='ltr'><strong>redimeret</strong></span> <span class='ocrx_word' id='word_1_679' title='bbox 1444 5067 1676 5131; x_wconf 64' lang='lat' dir='ltr'><strong>abomni</strong></span> <span class='ocrx_word' id='word_1_680' title='bbox 1695 5067 1993 5136; x_wconf 83' lang='lat' dir='ltr'><strong>iniquitate,</strong></span> 
     </span>
    </p>
   </div>
   <div class='ocr_carea' id='block_1_96' title="bbox 419 5159 1997 5238">
    <p class='ocr_par' dir='ltr' id='par_1_96' title="bbox 419 5159 1997 5238">
     <span class='ocr_line' id='line_1_96' title="bbox 419 5159 1997 5238; baseline -0.005 -17"><span class='ocrx_word' id='word_1_681' title='bbox 419 5174 473 5221; x_wconf 89' lang='lat' dir='ltr'><strong>et</strong></span> <span class='ocrx_word' id='word_1_682' title='bbox 506 5166 782 5220; x_wconf 68' lang='lat' dir='ltr'><strong>mandaret</strong></span> <span class='ocrx_word' id='word_1_683' title='bbox 808 5165 910 5220; x_wconf 85' lang='lat' dir='ltr'><strong>sibi</strong></span> <span class='ocrx_word' id='word_1_684' title='bbox 944 5163 1198 5238; x_wconf 85' lang='lat' dir='ltr'><strong>populum</strong></span> <span class='ocrx_word' id='word_1_685' title='bbox 1244 5159 1642 5228; x_wconf 81' lang='lat' dir='ltr'><strong>acceptabilem,</strong></span> <span class='ocrx_word' id='word_1_686' title='bbox 1683 5167 1997 5214; x_wconf 84' lang='lat' dir='ltr'><strong>sectatorem</strong></span> 
     </span>
    </p>
   </div>
   <div class='ocr_carea' id='block_1_97' title="bbox 423 5252 2007 5329">
    <p class='ocr_par' dir='ltr' id='par_1_97' title="bbox 423 5252 2007 5329">
     <span class='ocr_line' id='line_1_97' title="bbox 423 5252 2007 5329; baseline -0.002 -18"><span class='ocrx_word' id='word_1_687' title='bbox 423 5261 680 5314; x_wconf 82' lang='lat' dir='ltr'><strong>bonorum</strong></span> <span class='ocrx_word' id='word_1_688' title='bbox 739 5274 953 5329; x_wconf 81' lang='lat' dir='ltr'><strong>operum</strong></span> <span class='ocrx_word' id='word_1_689' title='bbox 975 5256 1041 5311; x_wconf 80' lang='grc'><strong>³⁸.</strong></span> <span class='ocrx_word' id='word_1_690' title='bbox 1096 5254 1161 5311; x_wconf 85' lang='lat' dir='ltr'><strong>Et</strong></span> <span class='ocrx_word' id='word_1_691' title='bbox 1218 5268 1453 5309; x_wconf 84' lang='lat' dir='ltr'><strong>rursus:</strong></span> <span class='ocrx_word' id='word_1_692' title='bbox 1485 5252 1547 5308; x_wconf 88' lang='lat' dir='ltr'><strong>Si</strong></span> <span class='ocrx_word' id='word_1_693' title='bbox 1593 5252 1736 5307; x_wconf 87' lang='lat' dir='ltr'><strong>enim</strong></span> <span class='ocrx_word' id='word_1_694' title='bbox 1793 5252 2007 5323; x_wconf 86' lang='lat' dir='ltr'><strong>sanguis</strong></span> 
     </span>
    </p>
   </div>
   <div class='ocr_carea' id='block_1_98' title="bbox 422 5343 2006 5420">
    <p class='ocr_par' dir='ltr' id='par_1_98' title="bbox 422 5343 2006 5420">
     <span class='ocr_line' id='line_1_98' title="bbox 422 5343 2006 5420; baseline -0.001 -19"><span class='ocrx_word' id='word_1_695' title='bbox 422 5359 703 5405; x_wconf 80' lang='lat' dir='ltr'><strong>taurorum</strong></span> <span class='ocrx_word' id='word_1_696' title='bbox 738 5359 898 5420; x_wconf 81' lang='lat' dir='ltr'><strong>atque</strong></span> <span class='ocrx_word' id='word_1_697' title='bbox 947 5349 1235 5406; x_wconf 82' lang='lat' dir='ltr'><strong>hircorum.</strong></span> <span class='ocrx_word' id='word_1_698' title='bbox 1278 5357 1327 5401; x_wconf 88' lang='lat' dir='ltr'><strong>et</strong></span> <span class='ocrx_word' id='word_1_699' title='bbox 1380 5345 1518 5401; x_wconf 88' lang='lat' dir='ltr'><strong>cinis</strong></span> <span class='ocrx_word' id='word_1_700' title='bbox 1547 5343 1729 5400; x_wconf 69' lang='lat' dir='ltr'><strong>uitulae</strong></span> <span class='ocrx_word' id='word_1_701' title='bbox 1762 5361 2006 5413; x_wconf 83' lang='lat' dir='ltr'><strong>aspersus</strong></span> 
     </span>
    </p>
   </div>
   <div class='ocr_carea' id='block_1_99' title="bbox 421 5438 2028 5512">
    <p class='ocr_par' dir='ltr' id='par_1_99' title="bbox 421 5438 2028 5512">
     <span class='ocr_line' id='line_1_99' title="bbox 421 5438 2028 5512; baseline 0.001 -18"><span class='ocrx_word' id='word_1_702' title='bbox 421 5444 728 5510; x_wconf 72' lang='lat' dir='ltr'><strong>inquinatos</strong></span> <span class='ocrx_word' id='word_1_703' title='bbox 808 5442 1108 5512; x_wconf 74' lang='lat' dir='ltr'><strong>sanctiﬁcat</strong></span> <span class='ocrx_word' id='word_1_704' title='bbox 1183 5442 1253 5494; x_wconf 90' lang='lat' dir='ltr'><strong>ad</strong></span> <span class='ocrx_word' id='word_1_705' title='bbox 1315 5439 1748 5495; x_wconf 84' lang='lat' dir='ltr'><strong>emundatiouem</strong></span> <span class='ocrx_word' id='word_1_706' title='bbox 1801 5438 2028 5503; x_wconf 55' lang='lat' dir='ltr'><strong>carnis,</strong></span> 
     </span>
    </p>
   </div>
   <div class='ocr_carea' id='block_1_100' title="bbox 421 5527 2005 5604">
    <p class='ocr_par' dir='ltr' id='par_1_100' title="bbox 421 5527 2005 5604">
     <span class='ocr_line' id='line_1_100' title="bbox 421 5527 2005 5604; baseline -0.003 -16"><span class='ocrx_word' id='word_1_707' title='bbox 421 5543 619 5600; x_wconf 81' lang='lat' dir='ltr'><strong>quanto</strong></span> <span class='ocrx_word' id='word_1_708' title='bbox 648 5536 813 5604; x_wconf 82' lang='lat' dir='ltr'><strong>magis</strong></span> <span class='ocrx_word' id='word_1_709' title='bbox 841 5536 1059 5603; x_wconf 84' lang='lat' dir='ltr'><strong>sanguis</strong></span> <span class='ocrx_word' id='word_1_710' title='bbox 1087 5531 1310 5597; x_wconf 75' lang='lat' dir='ltr'><strong>Christi,</strong></span> <span class='ocrx_word' id='word_1_711' title='bbox 1343 5531 1433 5601; x_wconf 85' lang='lat' dir='ltr'><strong>qui</strong></span> <span class='ocrx_word' id='word_1_712' title='bbox 1461 5547 1554 5597; x_wconf 84' lang='lat' dir='ltr'><strong>per</strong></span> <span class='ocrx_word' id='word_1_713' title='bbox 1589 5541 1847 5587; x_wconf 66' lang='lat' dir='ltr'><strong>internum</strong></span> <span class='ocrx_word' id='word_1_714' title='bbox 1882 5527 2005 5600; x_wconf 82' lang='lat' dir='ltr'><strong>Spi-</strong></span> 
     </span>
    </p>
   </div>
   <div class='ocr_carea' id='block_1_101' title="bbox 424 5622 2001 5696">
    <p class='ocr_par' dir='ltr' id='par_1_101' title="bbox 424 5622 2001 5696">
     <span class='ocr_line' id='line_1_101' title="bbox 424 5622 2001 5696; baseline -0.001 -16"><span class='ocrx_word' id='word_1_715' title='bbox 424 5626 591 5683; x_wconf 74' lang='lat' dir='ltr'><strong>ritum</strong></span> <span class='ocrx_word' id='word_1_716' title='bbox 627 5626 965 5696; x_wconf 79' lang='lat' dir='ltr'><strong>semetipsum</strong></span> <span class='ocrx_word' id='word_1_717' title='bbox 995 5622 1184 5680; x_wconf 78' lang='lat' dir='ltr'><strong>obtulit</strong></span> <span class='ocrx_word' id='word_1_718' title='bbox 1218 5624 1618 5679; x_wconf 82' lang='lat' dir='ltr'><strong>immaculatum</strong></span> <span class='ocrx_word' id='word_1_719' title='bbox 1652 5623 1782 5689; x_wconf 84' lang='lat' dir='ltr'><strong>Deo,</strong></span> <span class='ocrx_word' id='word_1_720' title='bbox 1817 5640 1933 5678; x_wconf 77' lang='lat' dir='ltr'><strong>emit</strong></span> <span class='ocrx_word' id='word_1_721' title='bbox 1955 5643 2001 5678; x_wconf 88' lang='lat' dir='ltr'><strong>l-</strong></span> 
     </span>
    </p>
   </div>
   <div class='ocr_carea' id='block_1_102' title="bbox 2105 4686 3670 4769">
    <p class='ocr_par' dir='ltr' id='par_1_102' title="bbox 2105 4686 3670 4769">
     <span class='ocr_line' id='line_1_102' title="bbox 2105 4686 3670 4769; baseline -0.01 -11"><span class='ocrx_word' id='word_1_722' title='bbox 2105 4704 2204 4757; x_wconf 80' lang='grc' dir='ltr'>καὶ</span> <span class='ocrx_word' id='word_1_723' title='bbox 2236 4701 2457 4768; x_wconf 65' lang='grc' dir='ltr'><strong>ἑαυτὸν</strong></span> <span class='ocrx_word' id='word_1_724' title='bbox 2496 4698 2849 4769; x_wconf 77' lang='grc' dir='ltr'>παρέδωκεν</span> <span class='ocrx_word' id='word_1_725' title='bbox 2887 4698 3042 4767; x_wconf 80' lang='grc' dir='ltr'><strong>ὑπὲρ</strong></span> <span class='ocrx_word' id='word_1_726' title='bbox 3101 4695 3318 4765; x_wconf 80' lang='grc' dir='ltr'>αὐτῆς,</span> <span class='ocrx_word' id='word_1_727' title='bbox 3356 4697 3458 4750; x_wconf 76' lang='grc' dir='ltr'>ἵνα</span> <span class='ocrx_word' id='word_1_728' title='bbox 3486 4686 3670 4753; x_wconf 79' lang='grc' dir='ltr'>αὐτὴν</span> 
     </span>
    </p>
   </div>
   <div class='ocr_carea' id='block_1_103' title="bbox 2104 4782 3666 4866">
    <p class='ocr_par' dir='ltr' id='par_1_103' title="bbox 2104 4782 3666 4866">
     <span class='ocr_line' id='line_1_103' title="bbox 2104 4782 3666 4866; baseline -0.012 -15"><span class='ocrx_word' id='word_1_729' title='bbox 2104 4795 2351 4866; x_wconf 74' lang='grc' dir='ltr'>ἁγιάσῃ,</span> <span class='ocrx_word' id='word_1_730' title='bbox 2390 4794 2725 4862; x_wconf 74' lang='grc' dir='ltr'>καθαρίσας</span> <span class='ocrx_word' id='word_1_731' title='bbox 2751 4791 2834 4858; x_wconf 80' lang='grc' dir='ltr'>τῷ</span> <span class='ocrx_word' id='word_1_732' title='bbox 2882 4787 3117 4859; x_wconf 83' lang='grc' dir='ltr'>λουτρῷ</span> <span class='ocrx_word' id='word_1_733' title='bbox 3170 4788 3270 4844; x_wconf 75' lang='grc' dir='ltr'>διὰ</span> <span class='ocrx_word' id='word_1_734' title='bbox 3318 4787 3425 4842; x_wconf 80' lang='grc' dir='ltr'>τοῦ</span> <span class='ocrx_word' id='word_1_735' title='bbox 3463 4782 3666 4843; x_wconf 80' lang='grc' dir='ltr'>ὕδατος</span> 
     </span>
    </p>
   </div>
   <div class='ocr_carea' id='block_1_104' title="bbox 2107 4868 3668 4956">
    <p class='ocr_par' dir='ltr' id='par_1_104' title="bbox 2107 4868 3668 4956">
     <span class='ocr_line' id='line_1_104' title="bbox 2107 4868 3668 4956; baseline -0.004 -14"><span class='ocrx_word' id='word_1_736' title='bbox 2107 4886 2178 4942; x_wconf 80' lang='grc' dir='ltr'><strong>ἐν</strong></span> <span class='ocrx_word' id='word_1_737' title='bbox 2218 4885 2461 4956; x_wconf 74' lang='grc' dir='ltr'>ῥήματι.</span> <span class='ocrx_word' id='word_1_738' title='bbox 2523 4886 2635 4939; x_wconf 73' lang='grc' dir='ltr'><strong>Καὶ</strong></span> <span class='ocrx_word' id='word_1_739' title='bbox 2697 4882 2980 4955; x_wconf 66' lang='grc' dir='ltr'>ἀλλαχόθι*</span> <span class='ocrx_word' id='word_1_740' title='bbox 3025 4880 3512 4950; x_wconf 81' lang='grc' dir='ltr'>Προσδεχόμενοι</span> <span class='ocrx_word' id='word_1_741' title='bbox 3564 4868 3668 4935; x_wconf 75' lang='grc' dir='ltr'><strong>τὴν</strong></span> 
     </span>
    </p>
   </div>
   <div class='ocr_carea' id='block_1_105' title="bbox 2102 4958 3666 5049">
    <p class='ocr_par' dir='ltr' id='par_1_105' title="bbox 2102 4958 3666 5049">
     <span class='ocr_line' id='line_1_105' title="bbox 2102 4958 3666 5049; baseline -0.008 -16"><span class='ocrx_word' id='word_1_742' title='bbox 2102 4977 2411 5049; x_wconf 76' lang='grc' dir='ltr'>μακαρίαν</span> <span class='ocrx_word' id='word_1_743' title='bbox 2439 4976 2659 5031; x_wconf 80' lang='grc' dir='ltr'>ἐλπίδα</span> <span class='ocrx_word' id='word_1_744' title='bbox 2678 4975 2779 5030; x_wconf 76' lang='grc' dir='ltr'>καὶ</span> <span class='ocrx_word' id='word_1_745' title='bbox 2807 4973 3166 5044; x_wconf 73' lang='grc' dir='ltr'>ἐπιφάνειαν</span> <span class='ocrx_word' id='word_1_746' title='bbox 3211 4970 3324 5040; x_wconf 84' lang='grc' dir='ltr'>τῆς</span> <span class='ocrx_word' id='word_1_747' title='bbox 3361 4968 3543 5034; x_wconf 82' lang='grc' dir='ltr'>δόξης</span> <span class='ocrx_word' id='word_1_748' title='bbox 3572 4958 3666 5014; x_wconf 79' lang='grc' dir='ltr'>τοῦ</span> 
     </span>
    </p>
   </div>
   <div class='ocr_carea' id='block_1_106' title="bbox 2099 5059 3666 5140">
    <p class='ocr_par' dir='ltr' id='par_1_106' title="bbox 2099 5059 3666 5140">
     <span class='ocr_line' id='line_1_106' title="bbox 2099 5059 3666 5140; baseline -0.006 -15"><span class='ocrx_word' id='word_1_749' title='bbox 2099 5069 2373 5140; x_wconf 75' lang='grc' dir='ltr'>μεγάλου</span> <span class='ocrx_word' id='word_1_750' title='bbox 2404 5068 2553 5124; x_wconf 82' lang='grc' dir='ltr'>Θεοῦ</span> <span class='ocrx_word' id='word_1_751' title='bbox 2592 5068 2691 5124; x_wconf 78' lang='grc' dir='ltr'>καὶ</span> <span class='ocrx_word' id='word_1_752' title='bbox 2725 5067 3003 5137; x_wconf 79' lang='grc' dir='ltr'>Σωτῆρος</span> <span class='ocrx_word' id='word_1_753' title='bbox 3057 5066 3230 5137; x_wconf 77' lang='grc' dir='ltr'><strong>ἡμῶν</strong></span> <span class='ocrx_word' id='word_1_754' title='bbox 3301 5062 3504 5133; x_wconf 87' lang='grc' dir='ltr'>Ἰησοῦ</span> <span class='ocrx_word' id='word_1_755' title='bbox 3544 5059 3666 5125; x_wconf 74' lang='grc' dir='ltr'><strong>Χρι-</strong></span> 
     </span>
    </p>
   </div>
   <div class='ocr_carea' id='block_1_107' title="bbox 2106 5145 3665 5231">
    <p class='ocr_par' dir='ltr' id='par_1_107' title="bbox 2106 5145 3665 5231">
     <span class='ocr_line' id='line_1_107' title="bbox 2106 5145 3665 5231; baseline -0.006 -14"><span class='ocrx_word' id='word_1_756' title='bbox 2106 5164 2283 5228; x_wconf 88' lang='grc' dir='ltr'>στοῦ,</span> <span class='ocrx_word' id='word_1_757' title='bbox 2313 5162 2384 5231; x_wconf 85' lang='grc' dir='ltr'>ὃς</span> <span class='ocrx_word' id='word_1_758' title='bbox 2419 5163 2647 5218; x_wconf 74' lang='grc' dir='ltr'>ἔδωκεν</span> <span class='ocrx_word' id='word_1_759' title='bbox 2670 5162 2892 5217; x_wconf 78' lang='grc' dir='ltr'>ἑαυτὸν</span> <span class='ocrx_word' id='word_1_760' title='bbox 2924 5161 3080 5229; x_wconf 75' lang='grc' dir='ltr'><strong>ὑπὲρ</strong></span> <span class='ocrx_word' id='word_1_761' title='bbox 3111 5160 3309 5231; x_wconf 70' lang='grc' dir='ltr'>ἡμῶν,</span> <span class='ocrx_word' id='word_1_762' title='bbox 3340 5161 3439 5214; x_wconf 77' lang='grc' dir='ltr'><strong>ἵνα</strong></span> <span class='ocrx_word' id='word_1_763' title='bbox 3458 5145 3665 5219; x_wconf 80' lang='grc' dir='ltr'>λυτρώ·</span> 
     </span>
    </p>
   </div>
   <div class='ocr_carea' id='block_1_108' title="bbox 2106 5241 3663 5325">
    <p class='ocr_par' dir='ltr' id='par_1_108' title="bbox 2106 5241 3663 5325">
     <span class='ocr_line' id='line_1_108' title="bbox 2106 5241 3663 5325; baseline -0.003 -16"><span class='ocrx_word' id='word_1_764' title='bbox 2106 5270 2290 5323; x_wconf 83' lang='grc' dir='ltr'>σηται</span> <span class='ocrx_word' id='word_1_765' title='bbox 2327 5255 2487 5325; x_wconf 75' lang='grc' dir='ltr'>ἡμᾶς</span> <span class='ocrx_word' id='word_1_766' title='bbox 2525 5255 2644 5310; x_wconf 79' lang='grc' dir='ltr'><strong>ἀπὸ</strong></span> <span class='ocrx_word' id='word_1_767' title='bbox 2677 5254 2884 5322; x_wconf 79' lang='grc' dir='ltr'>πάσης</span> <span class='ocrx_word' id='word_1_768' title='bbox 2934 5254 3214 5323; x_wconf 80' lang='grc' dir='ltr'>ἀνομίας,</span> <span class='ocrx_word' id='word_1_769' title='bbox 3243 5253 3342 5309; x_wconf 80' lang='grc' dir='ltr'>καὶ</span> <span class='ocrx_word' id='word_1_770' title='bbox 3386 5241 3663 5311; x_wconf 54' lang='grc' dir='ltr'>καθαρίσῃ</span> 
     </span>
    </p>
   </div>
   <div class='ocr_carea' id='block_1_109' title="bbox 2104 5339 3659 5418">
    <p class='ocr_par' dir='ltr' id='par_1_109' title="bbox 2104 5339 3659 5418">
     <span class='ocr_line' id='line_1_109' title="bbox 2104 5339 3659 5418; baseline -0.007 -16"><span class='ocrx_word' id='word_1_771' title='bbox 2104 5345 2298 5415; x_wconf 80' lang='grc' dir='ltr'>ἑαυτῷ</span> <span class='ocrx_word' id='word_1_772' title='bbox 2322 5348 2482 5403; x_wconf 80' lang='grc' dir='ltr'>λαὸν</span> <span class='ocrx_word' id='word_1_773' title='bbox 2504 5349 2876 5418; x_wconf 73' lang='grc' dir='ltr'>περιούσιον,</span> <span class='ocrx_word' id='word_1_774' title='bbox 2919 5345 3192 5415; x_wconf 76' lang='grc' dir='ltr'>ζηλωτὴν</span> <span class='ocrx_word' id='word_1_775' title='bbox 3221 5340 3427 5399; x_wconf 81' lang='grc' dir='ltr'>καλῶν</span> <span class='ocrx_word' id='word_1_776' title='bbox 3467 5339 3659 5405; x_wconf 72' lang='grc' dir='ltr'><strong>ἔργων·</strong></span> 
     </span>
    </p>
   </div>
   <div class='ocr_carea' id='block_1_110' title="bbox 2104 5430 3656 5510">
    <p class='ocr_par' dir='ltr' id='par_1_110' title="bbox 2104 5430 3656 5510">
     <span class='ocr_line' id='line_1_110' title="bbox 2104 5430 3656 5510; baseline -0.006 -15"><span class='ocrx_word' id='word_1_777' title='bbox 2104 5441 2214 5495; x_wconf 75' lang='grc' dir='ltr'><strong>Καὶ</strong></span> <span class='ocrx_word' id='word_1_778' title='bbox 2236 5437 2396 5503; x_wconf 84' lang='grc' dir='ltr'>αὖθις</span> <span class='ocrx_word' id='word_1_779' title='bbox 2418 5456 2433 5471; x_wconf 77' lang='grc' dir='ltr'><strong>ο</strong></span> <span class='ocrx_word' id='word_1_780' title='bbox 2467 5442 2538 5495; x_wconf 81' lang='lat' dir='ltr'><strong>El</strong></span> <span class='ocrx_word' id='word_1_781' title='bbox 2591 5441 2703 5509; x_wconf 76' lang='grc' dir='ltr'><strong>γὰρ</strong></span> <span class='ocrx_word' id='word_1_782' title='bbox 2735 5440 2804 5493; x_wconf 82' lang='grc' dir='ltr'>τὸ</span> <span class='ocrx_word' id='word_1_783' title='bbox 2834 5435 2980 5510; x_wconf 80' lang='grc' dir='ltr'>αἷμα</span> <span class='ocrx_word' id='word_1_784' title='bbox 3008 5439 3248 5507; x_wconf 77' lang='grc' dir='ltr'>ταύρων</span> <span class='ocrx_word' id='word_1_785' title='bbox 3289 5437 3389 5492; x_wconf 79' lang='grc' dir='ltr'>καὶ</span> <span class='ocrx_word' id='word_1_786' title='bbox 3423 5430 3656 5504; x_wconf 69' lang='grc' dir='ltr'>τράγων.</span> 
     </span>
    </p>
   </div>
   <div class='ocr_carea' id='block_1_111' title="bbox 2104 5527 3656 5602">
    <p class='ocr_par' dir='ltr' id='par_1_111' title="bbox 2104 5527 3656 5602">
     <span class='ocr_line' id='line_1_111' title="bbox 2104 5527 3656 5602; baseline -0.01 -15"><span class='ocrx_word' id='word_1_787' title='bbox 2104 5533 2204 5587; x_wconf 74' lang='grc' dir='ltr'><strong>καί</strong></span> <span class='ocrx_word' id='word_1_788' title='bbox 2255 5531 2489 5599; x_wconf 80' lang='grc' dir='ltr'>σποδὸς</span> <span class='ocrx_word' id='word_1_789' title='bbox 2541 5532 2854 5602; x_wconf 75' lang='grc' dir='ltr'>δαμάλεως</span> <span class='ocrx_word' id='word_1_790' title='bbox 2905 5530 3277 5600; x_wconf 78' lang='grc' dir='ltr'>ῥαντίζουσα</span> <span class='ocrx_word' id='word_1_791' title='bbox 3315 5527 3457 5593; x_wconf 78' lang='grc' dir='ltr'>τοὺς</span> <span class='ocrx_word' id='word_1_792' title='bbox 3482 5532 3656 5577; x_wconf 75' lang='grc' dir='ltr'>κεκοι-</span> 
     </span>
    </p>
   </div>
   <div class='ocr_carea' id='block_1_112' title="bbox 2101 5605 3660 5696">
    <p class='ocr_par' dir='ltr' id='par_1_112' title="bbox 2101 5605 3660 5696">
     <span class='ocr_line' id='line_1_112' title="bbox 2101 5605 3660 5696; baseline -0.005 -17"><span class='ocrx_word' id='word_1_793' title='bbox 2101 5623 2412 5694; x_wconf 75' lang='grc' dir='ltr'>νωμένους</span> <span class='ocrx_word' id='word_1_794' title='bbox 2436 5623 2655 5696; x_wconf 78' lang='grc' dir='ltr'><strong>ἁγιάζει</strong></span> <span class='ocrx_word' id='word_1_795' title='bbox 2683 5625 2836 5694; x_wconf 77' lang='grc' dir='ltr'>πρὸς</span> <span class='ocrx_word' id='word_1_796' title='bbox 2872 5624 2991 5692; x_wconf 80' lang='grc' dir='ltr'><strong>τὴν</strong></span> <span class='ocrx_word' id='word_1_797' title='bbox 3031 5622 3141 5693; x_wconf 82' lang='grc' dir='ltr'>τῆς</span> <span class='ocrx_word' id='word_1_798' title='bbox 3166 5624 3390 5692; x_wconf 80' lang='grc' dir='ltr'>σαρκὸς</span> <span class='ocrx_word' id='word_1_799' title='bbox 3432 5605 3660 5680; x_wconf 65' lang='grc' dir='ltr'>καθυρά</span> 
     </span>
    </p>
   </div>
   <div class='ocr_carea' id='block_1_113' title="bbox 476 5756 3650 5859">
    <p class='ocr_par' dir='ltr' id='par_1_113' title="bbox 476 5756 3650 5859">
     <span class='ocr_line' id='line_1_113' title="bbox 476 5756 3650 5859; baseline -0.008 -15"><span class='ocrx_word' id='word_1_800' title='bbox 476 5787 522 5822; x_wconf 86' lang='grc'><strong>⁸⁷</strong></span> <span class='ocrx_word' id='word_1_801' title='bbox 544 5786 736 5844; x_wconf 80' lang='lat' dir='ltr'><strong>Ezcch.</strong></span> <span class='ocrx_word' id='word_1_802' title='bbox 769 5801 971 5851; x_wconf 69' lang='lat' dir='ltr'><strong>nam,</strong></span> <span class='ocrx_word' id='word_1_803' title='bbox 995 5786 1085 5842; x_wconf 72' lang='lat'><strong>22.</strong></span> <span class='ocrx_word' id='word_1_804' title='bbox 1148 5788 1189 5820; x_wconf 72' lang='grc'>’³</span> <span class='ocrx_word' id='word_1_805' title='bbox 1220 5785 1431 5847; x_wconf 84' lang='lat' dir='ltr'><strong>Baruch</strong></span> <span class='ocrx_word' id='word_1_806' title='bbox 1453 5803 1535 5857; x_wconf 86' lang='lat' dir='ltr'><strong>ut,</strong></span> <span class='ocrx_word' id='word_1_807' title='bbox 1562 5786 1612 5842; x_wconf 77' lang='grc'><strong>5.</strong></span> <span class='ocrx_word' id='word_1_808' title='bbox 1651 5790 1697 5821; x_wconf 67' lang='grc' dir='ltr'><strong>’ν</strong></span> <span class='ocrx_word' id='word_1_809' title='bbox 1726 5788 1923 5845; x_wconf 77' lang='lat' dir='ltr'><strong>Ezccli.</strong></span> <span class='ocrx_word' id='word_1_810' title='bbox 1954 5803 2146 5859; x_wconf 80' lang='lat' dir='ltr'><strong>xxxvi,</strong></span> <span class='ocrx_word' id='word_1_811' title='bbox 2167 5786 2361 5846; x_wconf 71' lang='lat'><strong>25-28.</strong></span> <span class='ocrx_word' id='word_1_812' title='bbox 2402 5785 2447 5819; x_wconf 70' lang='grc' dir='ltr'>³ο</span> <span class='ocrx_word' id='word_1_813' title='bbox 2470 5784 2632 5844; x_wconf 83' lang='lat' dir='ltr'><strong>llcbr.</strong></span> <span class='ocrx_word' id='word_1_814' title='bbox 2654 5801 2691 5853; x_wconf 86' lang='grc' dir='ltr'><strong>ι,</strong></span> <span class='ocrx_word' id='word_1_815' title='bbox 2712 5785 2766 5841; x_wconf 79' lang='lat'><strong>3.</strong></span> <span class='ocrx_word' id='word_1_816' title='bbox 2808 5783 2854 5814; x_wconf 84' lang='grc'><strong>³¹</strong></span> <span class='ocrx_word' id='word_1_817' title='bbox 2874 5781 3075 5855; x_wconf 77' lang='lat' dir='ltr'><strong>Ephcs.</strong></span> <span class='ocrx_word' id='word_1_818' title='bbox 3106 5796 3155 5850; x_wconf 84' lang='grc' dir='ltr'><strong>ν,</strong></span> <span class='ocrx_word' id='word_1_819' title='bbox 3177 5778 3268 5835; x_wconf 73' lang='lat'><strong>25.</strong></span> <span class='ocrx_word' id='word_1_820' title='bbox 3307 5775 3463 5831; x_wconf 80' lang='lat' dir='ltr'><strong>&quot;Tit.</strong></span> <span class='ocrx_word' id='word_1_821' title='bbox 3493 5756 3650 5839; x_wconf 52' lang='lat'><strong>11,5.</strong></span> 
     </span>
    </p>
   </div>
  </div>
