3994 6432
167 1674 181 1687 ο
283 1648 736 1715 καταδεικνύντος,
774 1654 897 1707 οὐδὲ
944 1656 1231 1722 Ἰουδαίους
1265 1659 1490 1726 αὐτοὺς,
1540 1662 1666 1724 τοὺς
1706 1660 1843 1715 ἀπε-

290 346 393 418 729
1120 352 1691 419 APOLOGETICUS
1725 360 1876 420 PRO
1914 359 2180 421 SACRIS
2219 360 2682 423 IMAGINIBUS
3427 364 3536 429 730

288 477 452 530 τητα,
482 459 654 523 πόσῳ
666 457 912 528 μᾶλλον
935 458 1002 515 τὸ
1032 455 1178 532 αἷμα
1207 465 1317 519 τοῦ
1338 467 1619 535 Χριστοῦ,
1645 468 1716 535 ὃς
1748 469 1848 524 διὰ

1951 471 2093 525 dabit
2122 473 2492 526 conscientiam
2549 484 2784 527 nostram
2823 490 2855 527 ο
2915 477 3141 530 mortuis
3179 473 3537 546 opcribitsmd

290 552 628 621 Πνεύματος
661 552 928 619 αῖωνίου,
970 552 1192 608 ἑαυτὸν
1235 556 1580 628 ἀνήνεγκεν
1610 560 1856 632 ἄμωμον

1951 564 2279 618 serviendum
2315 564 2421 619 Deo
2477 567 2668 620 viventi
2712 583 2774 620 ac
2824 583 2943 621 vero
2972 569 3071 622 “‘l’
3117 569 3224 624 Et:
3291 566 3531 637 sanguis

289 643 366 711 τῷ
418 643 569 709 Θεῷ,
609 644 881 714 καθαριεῖ
923 646 1042 714 τὴν
1088 648 1456 717 συνείδησιν
1505 651 1677 722 ἡμῶν
1732 654 1854 709 ἀπὸ

1951 654 2076 710 Iesu
2110 654 2241 710 Filii
2276 654 2374 709 Dei
2416 659 2665 711 emundat
2713 675 2804 713 nos
2835 660 2898 713 ab
2939 660 3081 714 omni
3109 671 3319 725 peccato
3342 657 3411 724 “,
3446 660 3532 716 di-

288 730 511 806 rsicpér
532 735 740 805 ἔργων,
785 740 872 803 εἰς
911 738 978 792 τὸ
1014 741 1334 808 λατρεύειν
1381 743 1503 809 Θεῷ
1549 743 1719 806 ζῶντι
1754 746 1855 802 καί

1951 746 2189 814 scipulus
2244 743 2552 803 Servatoris
2602 747 2856 817 scripsit;
2899 762 3008 816 quo
3042 763 3138 801 nos
3181 747 3453 817 ραι-ἰθαιιί
3498 762 3529 800 a

287 827 541 896 ἀληθινῷ
555 829 715 894 ;Καὶ,
747 828 824 882 Τὸ
843 824 992 899 αἷμα
1024 831 1234 899 Ἰησοῦ
1256 833 1362 888 τοῦ
1387 836 1524 890 Υἱοῦ
1543 835 1651 891 τοῦ
1674 837 1849 904 Θεοῦ,

1951 834 2218 892 fermento
2280 847 2484 903 vetere,
2544 854 2682 893 nova
2718 839 2774 894 in
2831 840 2949 907 ipso
2979 855 3160 893 massa
3183 839 3527 895 exsistimuet

286 916 573 987 καθαρίζει
603 917 761 988 ἡμᾶς
807 919 931 974 ἀπὸ
983 919 1191 990 πάσης
1264 924 1577 992 ἁμαρτίας.
1650 924 1710 979 Ὀ
1753 926 1847 980 τοῦ

1956 929 2159 984 Deinde
2192 948 2206 984 :
2234 931 2303 984 Et
2342 948 2521 986 servus
2577 948 2723 986 meus
2760 931 2953 996 David,
2987 934 3229 1002 princeps
3256 932 3313 984 in
3358 931 3531 984 medio

285 1009 530 1083 Σωτῆρος
589 1011 837 1082 μαθητὴς
889 1011 1168 1083 γέγραφεν
1194 1031 1208 1047 ·
1241 1008 1313 1087 ᾯ
1361 1018 1524 1087 ἡμεῖς
1568 1016 1847 1091 ἐκκαθαρ-

1954 1019 2277 1086 illorum;et
2340 1033 2522 1091 pastor
2577 1039 2710 1075 untur
2761 1025 2862 1076 erit
2919 1024 3192 1085 omnium;
3263 1021 3535 1093 Daunique

284 1098 456 1161 θέντες
484 1098 585 1168 τὴν
618 1098 858 1153 παλαιὰν
877 1099 1077 1171 ζύμην,
1114 1102 1239 1157 νέον
1266 1105 1329 1157 ἐν
1355 1104 1509 1175 αὐτῷ
1532 1106 1844 1176 γεγόναμεν

1952 1125 2133 1165 servus
2168 1128 2312 1166 meus
2340 1114 2578 1181 princeps
2607 1129 2785 1166 eorum
2817 1114 2874 1166 in
2901 1126 3213 1182 perpetuum
3238 1116 3339 1166 erit
3363 1114 3431 1166 ³⁸.

282 1188 520 1260 φύραμα.
554 1187 710 1245 Εἴπω
744 1192 854 1247 Καὶ
887 1195 920 1247 ό
967 1193 1192 1261 δοῦλός
1223 1215 1348 1266 μου
1390 1198 1601 1265 Δαϐὶδ,
1663 1200 1865 1268 ἄρχων
1901 1200 2161 1272 ἐνμέσῳ
2213 1204 2434 1272 αὐτῶν,
2507 1207 2605 1261 καὶ
2658 1206 2887 1277 ποιμὴν
2915 1201 3003 1273 εἷς
3028 1207 3200 1262 ἔσται
3253 1206 3529 1274 πάντων,

280 1282 369 1337 καὶ
396 1281 571 1337 Δαϐίὸ
588 1285 621 1336 ό
649 1283 872 1351 δοῦλός
893 1304 1014 1356 μου
1034 1287 1235 1358 ἄρχων
1270 1288 1471 1344 αὐτῶν
1520 1290 1692 1345 ἔσται
1740 1294 1828 1357 εἰς
1862 1293 1969 1347 τὸν
1994 1294 2201 1350 αἰῶνα.

343 1374 499 1429 οὕτω
522 1373 616 1429 τοῦ
656 1376 803 1431 θείου
838 1381 1124 1451 προφήτου
1180 1380 1483 1455 διαρρήδην
1529 1402 1840 1455 προανακε-

2016 1387 2111 1444 Sic
2140 1390 2264 1444 divo
2316 1392 2579 1461 propheta
2640 1390 2847 1445 diserte
2901 1392 3300 1460 proclamante,
3364 1390 3533 1447 Chria

279 1466 552 1536 κραγότος,
592 1468 688 1522 καὶ
734 1470 830 1525 τὸν
873 1473 1113 1542 Χριστὸν
1156 1476 1252 1528 καὶ
1282 1475 1414 1529 Θεὸν
1461 1476 1621 1549 ήμῶν
1657 1477 1747 1531 τὸν
1782 1480 1847 1530 ἐκ

1951 1485 2198 1547 stumque
2241 1474 2410 1534 Deum
2444 1490 2711 1543 nostrum,
2739 1493 2804 1531 ex
2842 1478 3045 1532 Davide
3074 1479 3370 1531 secundum
3404 1493 3529 1532 cara-

282 1557 433 1611 Δασίδ
460 1558 607 1612 κατά
648 1561 830 1633 σάρκα
885 1564 1296 1637 βεϐλαστηκότα
1336 1569 1425 1623 διὰ
1458 1571 1666 1624 τούτων
1712 1571 1846 1640 ἡμῖν

1951 1582 2066 1623 nem
2089 1579 2266 1624 ortmn
2292 1568 2726 1636 ilemonstrante,
2758 1586 2826 1623 ne
2846 1568 3066 1624 Jndzeos
3088 1568 3332 1637 quidem,
3351 1584 3530 1637 quan-

1943 1673 2104 1728 quam
2146 1661 2311 1716 corde
2361 1660 2782 1716 incircumcisos
2827 1670 2882 1713 et
2920 1674 3148 1728 peccare
3191 1659 3407 1725 solitos,
3469 1660 3530 1715 in

281 1739 558 1840 ριτμήτους
581 1830 604 1842 -
638 1741 837 1814 καρδίᾳ
893 1745 989 1797 καὶ
1026 1750 1364 1818 παρανομεῖν
1409 1748 1705 1814 εἰωθότας,
1762 1751 1844 1814 εἰς

1951 1761 2151 1806 tantam
2177 1752 2345 1806 moris
2384 1752 2738 1817 scaevitatem,
2774 1750 3076 1820 mentisque
3112 1752 3528 1819 perversitatem

277 1827 419 1882 τοῦτο
441 1830 768 1901 σκαιότητος
818 1835 1040 1905 τρόπων
1083 1839 1178 1892 καὶ
1235 1839 1572 1912 φαυλότητος
1613 1842 1838 1898 ἐννοιῶν

1951 1843 2203 1898 devenire
2232 1851 2529 1912 oporteret,
2571 1853 2630 1896 ut
2682 1842 3000 1896 caecutireut
3033 1850 3225 1894 contra
3254 1850 3360 1893 tam
3407 1840 3531 1895 cla-

278 1920 683 1977 ἐκπεπτωκέναι
734 1925 925 1996 ἐχρῆν,
987 1926 1128 1982 ὥστε
1175 1931 1495 2002 ἀντωπῆσαι
1549 1932 1688 2004 πρὸς
1742 1934 1843 2006 τὴν

1951 1949 2067 1987 rmn
2094 1933 2484 2003 limpidumque
2524 1933 2769 1988 veritatis
2800 1930 2964 2002 225
3002 1930 3285 2001 fulgorem.
3313 1931 3527 2001 Cogen-

280 2009 401 2063 οὕτω
433 2009 702 2084 λαμπρὰν
729 2016 822 2068 καὶ
862 2015 1097 2089 διαφανῆ
1148 2020 1247 2090 τῆς
1306 2021 1569 2093 ἀληθείας
1624 2024 1799 2095 αὐγήν
1825 2039 1841 2055 ⁶

282 2100 723 2173 ἰκὸιασθήσονται
752 2104 860 2180 γὰρ
888 2108 1035 2162 δυεῖν
1064 2109 1282 2165 ἑλέσθαι
1309 2113 1372 2166 τὸ
1405 2113 1614 2185 ἕτερον,
1642 2114 1674 2185 ή
1707 2113 1849 2168 κατά

285 2194 373 2248 τῶν
418 2199 787 2267 προφητικῶν
847 2201 1048 2272 ἀνέδην
1081 2203 1550 2269 ἀπαυθαδίζεσθαι
1610 2208 1845 2277 ῥήσεων,

291 2287 538 2359 ἢβασιλέα
567 2291 677 2344 καὶ
698 2291 832 2346 Θεὸν
863 2293 976 2346 τῶν
1026 2294 1164 2347 ὅλων
1201 2293 1537 2366 διομολογεῖν
1577 2298 1671 2351 τὸν
1709 2299 1849 2369 Χρι-

290 2378 408 2444 στὸν,
436 2383 528 2436 καὶ
555 2382 810 2437 δούλειον
836 2384 986 2455 αὐτῷ
1016 2386 1314 2457 ὑποφέρειν
1352 2387 1443 2442 τὸν
1483 2390 1711 2458 αὐχένα,
1747 2391 1845 2444 καὶ

287 2470 387 2541 μεθ’
412 2472 560 2543 ήμῶν
588 2474 1006 2543 καταδέξασθαι
1027 2477 1126 2548 τὴν
1158 2477 1563 2549 προσκύνησιν·
1599 2480 1673 2550 μή
1707 2498 1759 2533 τι
1786 2497 1852 2550 γε

283 2563 392 2627 τοὺς
442 2565 633 2637 μάτην
679 2566 776 2641 τοῦ
841 2568 1079 2640 Χριστοῦ
1143 2571 1357 2633 ἐαυτοῖς
1411 2571 1851 2643 ἐπιφημίζοντας

283 2653 448 2726 δνομα,
476 2657 568 2711 καὶ
608 2657 712 2710 οὐκ
739 2659 797 2711 ἐν
818 2658 942 2731 δίκῃ
965 2661 1058 2712 ἀπ’
1089 2660 1253 2714 αὐτοῦ
1288 2660 1589 2730 κεκλῆσθαι
1627 2661 1851 2726 ἀξιοῦν-

282 2761 398 2808 ταςο
433 2747 484 2801 οῖ
533 2765 602 2816 γε
663 2749 765 2819 τῆς
827 2749 1041 2816 εὐθείας
1079 2750 1204 2806 ὀδοῦ
1259 2751 1685 2823 παρεκθέοντες,
1752 2755 1848 2808 καὶ

283 2840 388 2902 ταῖς
418 2839 739 2912 σκολιότητι
766 2844 861 2896 καὶ
893 2843 1196 2915 τραχύτησι
1228 2845 1322 2899 τοῦ
1351 2845 1581 2914 ψεύδους
1610 2847 1855 2915 ἐπαγαλ-

284 2929 477 3001 λόμενοι
499 2948 512 2964 ο
546 2933 637 2998 ὡς
673 2937 723 2988 εἰ
751 2937 847 2989 καὶ
876 2937 951 3006 μὴ
993 2936 1266 2991 Ἰουδαίων
1294 2937 1509 3007 ὀφθεῖεν
1557 2938 1849 2991 ἀπιστότε-

1952 2033 2039 2076 tur
2068 2023 2212 2076 enim
2243 2037 2309 2077 ex
2363 2024 2575 2078 duobus
2637 2023 2866 2081 alterum
2913 2022 3150 2089 eligere;
3203 2036 3396 2090 nempe
3439 2020 3526 2074 vel

1951 2114 2283 2183 propheticis
2314 2113 2654 2182 impudenter
2699 2116 2954 2167 resistere
2987 2112 3170 2177 dictis,
3219 2112 3299 2165 vel
3333 2127 3516 2181 regem

1951 2220 2015 2258 ac
2071 2202 2239 2258 Deum
2286 2206 2526 2258 onminm
2577 2204 2732 2257 fateri
2773 2202 3074 2264 Christum,
3125 2212 3183 2255 et.
3215 2216 3428 2254 servam
3473 2201 3522 2255 ei

1950 2296 2216 2350 cervicem
2275 2310 2602 2364 supponere,
2692 2310 2755 2348 ac
2815 2294 3097 2346 nobiscum
3155 2292 3526 2345 adoratiouem

1952 2389 2231 2458 suscipere
2280 2407 2294 2443 :
2333 2390 2528 2442 nedum
2588 2387 2788 2440 frustra
2829 2384 3033 2441 Christi
3065 2383 3169 2438 sibi
3222 2398 3415 2438 noiuen
3444 2384 3529 2437 in-

1954 2482 2214 2544 scribere,
2252 2479 2562 2549 iujusteque
2611 2479 2680 2531 ah
2720 2493 2785 2531 eo
2822 2476 3166 2532 denomiuari
3212 2475 3386 2542 velle;
3435 2476 3527 2543 qui

1954 2574 2198 2643 profecto
2228 2586 2258 2624 a
2298 2581 2442 2625 recta
2474 2571 2558 2622 via
2586 2571 2865 2633 aberrant,
2893 2578 2948 2622 et
2994 2583 3091 2637 per
3116 2569 3340 2633 abrupta
3368 2577 3532 2635 atque

1954 2680 2145 2733 aspera
2183 2662 2442 2715 falsitatis
2470 2660 2725 2715 incedere
2753 2660 3011 2728 gaudent.
3048 2660 3212 2725 Quasi
3251 2674 3379 2713 vero
3416 2674 3521 2713 non

1953 2758 2036 2814 sic
2061 2757 2344 2811 videantur
2384 2756 2795 2813 iucreduliores.
2842 2752 3045 2808 «Ιιιάερὶε
3079 2763 3136 2808 et
3183 2754 3526 2822 ingratiores,
3604 2765 3623 2777 κ

1954 2850 2079 2902 dum
2137 2847 2235 2901 has
2264 2862 2448 2901 sacras
2502 2846 2695 2899 audire
2743 2859 2901 2897 voces
2942 2852 3197 2903 renuunt.
3237 2851 3293 2896 et
3341 2850 3529 2896 contra

1955 2938 2302 3009 apestolicam
2318 2937 2759 3005 praedicationem
2778 2950 2996 2989 sensum
3013 2934 3205 2987 attinnt!
3217 2935 3500 2997 obstruunt
3513 2973 3529 2996 ,

287 3023 359 3090 poi
381 3041 437 3078 τε
463 3027 554 3079 καὶ
603 3027 1119 3101 ἀγνωμονέστεροι,
1150 3029 1259 3083 τῶν
1290 3030 1450 3102 ἱερῶν
1500 3031 1705 3085 τούτων
1757 3033 1854 3084 ἀν-

1957 3048 2020 3086 ac
2058 3031 2370 3100 prophetica
2410 3028 2595 3082 delere
2638 3018 2949 3081 rnituntur-
2976 3025 3225 3090 oracula,
3279 3024 3348 3078 ab
3417 3024 3529 3091 ipsa

284 3116 669 3187 ηκουστοῦντες
698 3119 916 3190 φωνῶν,
933 3122 1029 3175 καὶ
1046 3121 1182 3193 πρὸς
1206 3123 1266 3175 τὸ
1288 3122 1645 3176 ἀποστολικδν
1675 3124 1745 3192 κή
1757 3140 1850 3194 pa-

1958 3120 2306 3175 nihilmuiuus
2342 3120 2573 3173 veritate
2617 3117 2868 3187 jugulati.
2915 3116 3186 3169 Infrenem
3219 3129 3343 3170 sero
3370 3113 3536 3180 igitur

284 3224 387 3277 γμα
401 3211 494 3281 τῆς
508 3210 699 3282 ψυχῆς
718 3213 1047 3283 μεμυκότες,
1072 3214 1141 3268 τὰ
1165 3213 1496 3286 αἰσθητήρια
1512 3215 1605 3268 καὶ
1630 3215 1699 3269 τὰ
1721 3233 1855 3288 προ-

1961 3222 2014 3265 et
2069 3210 2544 3265 Christomaclmm
2603 3209 2843 3262 vincient
2922 3207 3182 3278 linguam,
3242 3216 3291 3258 et
3332 3205 3535 3274 pudore

284 3300 469 3369 (θητικὰ
494 3303 958 3375 παραχαράσσειν
991 3307 1319 3376 ἐπιχειροῖεν
1339 3305 1517 3376 λόγια.
1549 3307 1645 3361 ὐπ’
1671 3308 1846 3379 αὐτῆς

1954 3303 2354 3362 sul‘l‘umlentur,
2419 3311 2582 3367 atque
2615 3317 2645 3353 a
2691 3316 2864 3355 sacrae
2923 3310 3120 3354 nostra:
3163 3296 3528 3353 confessionis

282 3389 370 3458 τῆς
399 3391 663 3463 ἀληθείας
684 3384 978 3465 ἀγχόμενοι
999 3411 1014 3427 ο
1046 3397 1146 3468 τὴν
1179 3396 1431 3467 ἀχάλινον
1461 3397 1561 3468 ὸψέ
1592 3398 1724 3466 γοῦν
1751 3398 1846 3451 καὶ

1951 3392 2343 3449 obtrectatione
2383 3392 2662 3446 recedent.

285 3481 653 3558 Χριστομάχον
681 3483 975 3558 πεδήσουσι
990 3487 1262 3560 γλῶσσαν,
1292 3490 1387 3544 καὶ
1406 3489 1672 3561 αἰσχύνην
1706 3486 2149 3561 περιϐαλοῦνται,
2192 3485 2288 3537 καὶ
2347 3484 2448 3554 τῆς
2513 3482 2657 3536 κατά
2685 3481 2785 3554 τῆς
2803 3483 2953 3554 ἱερᾶς
3012 3480 3169 3554 ήμῶν
3216 3476 3535 3555 ὁμολογίας,

282 3576 670 3647 ἀποστήσονται
704 3578 1035 3650 δυσφημίας.
2014 3600 2019 3606 ‘

345 3677 629 3746 Λεγόντων
659 3675 772 3747 γὰρ
815 3677 947 3747 ἡμῖν
978 3676 1153 3742 αὐτοὶ,
1180 3676 1265 3742 τίς
1303 3695 1434 3731 ποτε
1480 3673 1591 3749 ἆρά
1644 3676 1794 3730 ἐστιν
1823 3675 1853 3727 ό

2024 3669 2215 3724 Dicant
2255 3667 2400 3721 enim
2454 3665 2611 3719 nobis
2659 3666 2909 3733 quisnam
2973 3662 3062 3716 hic
3093 3662 3221 3716 sita
3267 3661 3529 3730 propheta

281 3766 351 3836 τῷ
381 3770 637 3839 προφήτῃ
672 3766 924 3836 βασιλεὺς
951 3770 1392 3840 κηρυσσόμενος;
1425 3769 1486 3823 Εἰ
1519 3768 1578 3822 δέ
1619 3766 1686 3841 δὴ
1740 3768 1850 3821 ἀπ-

1952 3762 2320 3833 proclamatus
2356 3759 2490 3813 rex?
2539 3756 2695 3825 Quod
2738 3757 2783 3811 si
2840 3757 3172 3825 respondere
3212 3754 3403 3813 nolint.
3442 3770 3536 3807 ve-

283 3856 593 3926 αναίνοιντο,
647 3857 881 3922 δεδιότες
916 3861 1129 3930 μήποτε
1165 3859 1275 3931 ἀρα
1300 3859 1408 3912 τῶν
1435 3858 1651 3930 ἀληθῶν
1681 3858 1852 3913 ἀπτό-

1954 3866 2137 3910 rentes
2175 3868 2242 3908 ne
2275 3851 2415 3906 fonte
2445 3853 2727 3905 veritatem
2756 3849 3089 3916 attingentes
3121 3847 3177 3927 in
3223 3857 3530 3900 extremum

286 3967 426 4020 μινοι
458 3953 539 4016 εἰς
592 3950 831 4022 ἔσχατον
868 3951 1114 4007 κινδύνου
1151 3952 1479 4021 ἀφίκωνται,
1513 3952 1590 4016 ὡς
1638 3952 1851 4023 βασιλεῖ

1951 3946 2248 4016 periculum
2294 3958 2354 3999 se
2388 3940 2713 4011 conjiciaut,
2763 3955 2863 3995 ceu
2933 3940 2984 3993 in
3025 3952 3203 4006 regem
3254 3952 3320 3991 ac
3351 3934 3522 3989 Deum

284 4039 368 4093 καὶ
389 4039 507 4110 Θεῷ
557 4040 1020 4112 προσπταίοντες,
1071 4039 1403 4112 θαρροῦντες
1455 4041 1618 4112 ἡμεῖς
1672 4039 1750 4111 τῷ
1792 4042 1851 4095 ἐν

1956 4041 2340 4104 incurrentes;
2380 4035 2718 4092 conﬁdentes
2768 4047 2869 4087 nos
2924 4030 3160 4101 loquenti
3216 4044 3313 4098 per
3341 4028 3527 4084 divum

282 4129 352 4198 τῷ
367 4129 492 4201 θείῳ
508 4129 768 4202 προφήτῃ
785 4129 1034 4185 λαλοῦντι
1056 4130 1357 4200 Πνεύματι,
1382 4131 1477 4184 καὶ
1492 4133 1613 4194 ταῖς
1627 4129 1856 4194 ἐννοίαις

1956 4132 2275 4203 prophetam
2312 4129 2563 4198 Spiritui,
2592 4137 2648 4182 et
2685 4126 2950 4181 divinitus
2983 4122 3254 4190 inspirata:
3288 4120 3533 4190 Scriptu-

283 4220 372 4290 τῆς
399 4220 764 4276 θεοπνεύστου
788 4221 1015 4293 Γραφῆς
1053 4221 1333 4291 πανταχοῦ
1378 4220 1687 4283 εὐθυόόλως
1724 4220 1856 4274 ἐπό-

1958 4241 2032 4280 rae
2082 4224 2336 4279 sensibus
2379 4208 2581 4290 ubique
2632 4227 2780 4274 recte
2841 4219 3206 4285 obsequentes
3263 4216 3533 4279 dicemus,

286 4329 425 4383 μενοι
463 4312 919 4386 ἁποφανούμεθα,
951 4314 1035 4367 ὅτι
1064 4329 1129 4383 γε
1149 4312 1214 4384 δὴ
1240 4316 1268 4367 ὁ
1310 4313 1411 4382 τῆς
1441 4313 1603 4384 δόξης
1627 4312 1853 4384 Κύριος,

1971 4316 2115 4388 quod
2139 4314 2324 4383 gloria:
2352 4328 2470 4378 rex,
2522 4311 2838 4379 uuigenitus
2882 4308 2976 4363 Dei
3031 4307 3207 4361 Patris
3261 4305 3451 4369 Filius,
3478 4304 3534 4358 in

283 4405 308 4455 6
353 4406 670 4479 Μονογενὴς
714 4405 808 4471 τοῦ
844 4405 980 4459 Θεοῦ
1025 4407 1122 4460 καὶ
1176 4404 1391 4476 Πατρός
1426 4406 1573 4472 Υίδς,
1618 4407 1678 4459 ἐν
1733 4407 1846 4468 τοῖς

1958 4408 2173 4477 propria
2211 4405 2429 4460 deitatis
2484 4402 2698 4472 fulgens
2745 4401 3034 4471 dignitate,
3068 4398 3331 4466 nulloque
3375 4397 3534 4449 modo

286 4494 425 4560 ἰδίοις
448 4496 550 4569 τῆς
585 4497 841 4570 θεότητος
863 4496 1185 4569 διαπρέπων
1221 4497 1527 4568 αὐχήμασι,
1573 4496 1669 4551 καὶ
1727 4498 1849 4550 κατ’

1952 4501 2132 4556 divina
2163 4498 2480 4554 excelsitate
2505 4494 2841 4555 deminutus,
2873 4506 3048 4561 neque
3075 4490 3218 4560 quod
3245 4499 3363 4545 erat
3393 4489 3531 4558 abji«

283 4587 462 4642 οὐδένα
479 4589 686 4661 τρόπον
699 4589 799 4656 τῆς
816 4588 967 4652 θείας
991 4589 1270 4660 ὑπεροχῆς
1293 4588 1707 4659 ἐλαττούμενος,
1727 4588 1854 4642 οὐδέ

1952 4594 2126 4656 ciens,
2174 4591 2274 4645 sed
2310 4589 2364 4643 in
2418 4587 2535 4643 suis
2596 4584 2935 4640 naturalibus
2985 4583 3143 4637 bouis
3209 4591 3535 4638 constanter

287 4677 314 4730 ὃ
332 4677 574 4751 ὑπῆρχεν
599 4679 913 4744 ἀποσαλὼν,
940 4681 1074 4734 εἴσω
1091 4680 1151 4735 δὲ
1198 4680 1308 4735 τῶν
1327 4680 1545 4734 οἰκείων
1582 4683 1678 4733 καὶ
1702 4679 1844 4734 κατά

1953 4685 2280 4747 consistens,
2311 4679 2596 4735 clementia
2628 4675 2888 4732 iuetl'ahili
2920 4674 3143 4731 demisit
3192 4688 3251 4729 se
3295 4675 3361 4727 ad
3417 4674 3535 4727 exi.

289 4770 441 4839 φύσιν
451 4771 768 4843 προσόντων
779 4772 844 4826 αὐ
850 4772 924 4843 τῷ
938 4771 1041 4826 καθ
1050 4772 1098 4825 ιδ
1102 4788 1166 4843 ρυ
1174 4771 1334 4843 μένος
1343 4770 1638 4840 πλεονεκτη
1646 4770 1831 4840 μάτων
1839 4810 1855 4835 ,

1956 4775 2311 4838 nanitioaem,
2372 4772 2515 4828 servi
2574 4771 2748 4824 forma
2817 4770 3063 4831 indutus,
3126 4768 3187 4821 ut
3210 4769 3279 4821 ad
3323 4767 3537 4820 ruinam

282 4862 344 4915 δι’
355 4856 534 4919 οῐκτον
550 4863 929 4935 ἀνέκφραστον
945 4863 1189 4933 καθῆκεν
1202 4863 1396 4927 ἐαυτὸν
1411 4863 1491 4927 εἰς
1506 4863 1857 4927 κένωσιν,καί

1961 4868 2198 4939 proclive
2252 4864 2443 4921 fraude
2477 4864 2683 4919 inimici
2729 4864 3028 4917 humanum
3063 4874 3256 4929 genus,
3298 4858 3353 4913 in
3397 4861 3541 4913 anti-

281 4954 355 5016 εἰς
379 4953 439 5006 τὸ
475 4955 587 5007 τῶν
618 4954 939 5025 ποιημάτων
962 4954 1160 5026 μέτρον
1189 4952 1723 5024 καταπεφοιτηκέναι
1756 4954 1856 5008 οὐκ

1960 4975 2121 5031 quam
2148 4959 2463 5016 restitueret
2492 4954 2711 5011 decoris
2763 4955 3205 5024 prosperitatem.
3239 4965 3540 5006 conserva.

282 5042 576 5115 ἀπηξίωσε,
601 5045 702 5116 τὴν
726 5044 822 5099 τοῦ
848 5045 1034 5100 δούλου
1068 5046 1284 5119 μορφὴν
1319 5044 1641 5110 ἐνδεδυκὼς,
1677 5044 1766 5099 ῖνα
1793 5044 1855 5098 τὸ

1964 5061 2155 5123 retque
2184 5052 2477 5107 [umentem
2503 5048 2552 5104 ei
2588 5038 2930 5118 dignitatem,
2952 5056 3006 5100 et
3026 5047 3167 5099 facta
3195 5044 3394 5098 unione
3417 5057 3539 5095 cum

283 5135 412 5204 πρὸς
443 5136 662 5191 ὄλισθον
688 5136 966 5201 ἀπωλείας
1006 5140 1074 5208 τῇ
1108 5137 1204 5191 τοῦ
1249 5137 1671 5211 ἐχθροῦ,άπάτῃ
1721 5139 1858 5191 άπο-

1965 5146 2171 5209 divina,
2222 5159 2311 5200 res
2354 5152 2556 5199 nostra
2609 5142 2860 5212 gloriosae
2906 5141 3219 5194 evaderent.
3247 5136 3537 5203 Postquam

284 5228 528 5294 νενευκὸς
573 5231 751 5298 γένος,
781 5232 865 5294 εἰς
891 5233 954 5283 τὸ
1005 5231 1064 5284 ὲν
1112 5231 1311 5303 ἀρχαῖς
1359 5228 1846 5302 μεταστοιχειώσῃ,

1958 5238 2121 5308 igitur
2185 5236 2360 5292 factus
2410 5248 2497 5292 est
2544 5236 2706 5289 homo
2758 5234 2915 5288 nobis
2962 5232 3179 5295 similis,
3201 5230 3269 5284 de
3336 5227 3540 5282 femore

285 5320 373 5371 καὶ
402 5320 754 5394 ἁποσεμνύνῃ
783 5323 879 5393 τῆς
902 5323 1212 5394 εὐμοιρίας,
1244 5323 1340 5377 καὶ
1362 5321 1516 5395 σχοίη
1566 5324 1665 5395 τὴν
1725 5323 1858 5393 μέθυ

1964 5338 2130 5399 atqtte
2187 5328 2371 5384 radice
2438 5327 2764 5397 patriarcha:
2799 5323 3019 5401 Qavidis
3075 5321 3317 5391 procedit
3346 5318 3539 5374 ordine

285 5409 393 5476 εξιν
418 5414 516 5484 τῆς
554 5415 786 5485 ἐνούσης
829 5414 979 5487 αὐτῷ
1029 5415 1438 5489 λαμπρότητος,
1471 5416 1569 5471 καὶ
1599 5418 1666 5488 τῇ
1716 5415 1859 5471 κατά

1968 5418 2307 5485 nativitatis;
2344 5425 2402 5471 et
2427 5415 2681 5486 quoniam
2712 5412 2882 5468 David
2918 5428 3011 5467 rex
3044 5420 3187 5477 erat,
3243 5411 3451 5465 idcirco
3481 5419 3539 5463 et

287 5504 380 5573 τὴν
402 5506 554 5560 θείαν
589 5508 752 5577 φύσιν
784 5509 976 5564 ἐνὼσει
1007 5509 1241 5582 δοξασθῇ
1290 5511 1352 5564 τὸ
1402 5511 1702 5583 ἡμέτερον
1736 5510 1859 5563 ἐπεὶ

1965 5509 2245 5573 Christus,
2296 5521 2603 5578 quanquam
2663 5504 2803 5560 idem
2839 5514 2983 5558 esset
3015 5499 3338 5556 naturaliter
3370 5498 3535 5562 Deus,

288 5591 379 5650 οὖν
405 5598 525 5652 καθ’
553 5600 704 5670 ἡμᾶς
727 5601 968 5671 γέγονεν,
997 5600 1057 5667 ἐξ
1084 5600 1285 5670 ὀσφύος
1326 5599 1385 5655 δὲ
1433 5601 1529 5655 καὶ
1564 5599 1720 5672 ῥίζης
1757 5598 1853 5653 τοῦ

1963 5608 2019 5656 et
2043 5591 2148 5655 una
2193 5614 2316 5654 cum
2349 5612 2513 5655 carne
2537 5596 2726 5653 eodem
2756 5594 2952 5649 decore
3001 5592 3287 5664 potestatis
3313 5589 3537 5646 univero

356 5771 400 5805 ³³
424 5772 589 5830 llebr.
624 5788 694 5829 ix.
734 5776 815 5832 l3.
898 5775 1149 5833 “lloan.
1181 5791 1219 5844 I,
1245 5775 1304 5834 7.
1343 5775 1389 5807 ³³
1419 5774 1619 5832 Ezech.
1650 5788 1859 5841 xxxvii,
1882 5772 1974 5830 24.
