  <div class='ocr_page' id='page_1' title='image "/cluster/home/n/w/nwhite01/storage/ocr_20150623/100/coo.31924054870047/369.png"; bbox 0 0 3994 6474; ppageno 0'>
   <div class='ocr_carea' id='block_1_1' title="bbox 437 330 535 402">
    <p class='ocr_par' dir='ltr' id='par_1_1' title="bbox 437 330 535 402">
     <span class='ocr_line' id='line_1_1' title="bbox 437 330 535 402; baseline -0.02 -9"><span class='ocrx_word' id='word_1_1' title='bbox 437 330 535 402; x_wconf 73' lang='grc'><strong>731</strong></span> 
     </span>
    </p>
   </div>
   <div class='ocr_carea' id='block_1_2' title="bbox 1433 336 2655 399">
    <p class='ocr_par' dir='ltr' id='par_1_2' title="bbox 1433 336 2655 399">
     <span class='ocr_line' id='line_1_2' title="bbox 1433 336 2655 399; baseline 0.002 -2"><span class='ocrx_word' id='word_1_2' title='bbox 1433 336 1494 397; x_wconf 90' lang='lat' dir='ltr'><strong>S.</strong></span> <span class='ocrx_word' id='word_1_3' title='bbox 1536 337 1957 398; x_wconf 83' lang='lat' dir='ltr'><strong>NICEPHORI</strong></span> <span class='ocrx_word' id='word_1_4' title='bbox 1996 336 2506 398; x_wconf 60' lang='lat' dir='ltr'><strong>PATRIARCHJ‘J</strong></span> <span class='ocrx_word' id='word_1_5' title='bbox 2546 337 2655 399; x_wconf 79' lang='lat' dir='ltr'><strong>CP.</strong></span> 
     </span>
    </p>
   </div>
   <div class='ocr_carea' id='block_1_3' title="bbox 3592 334 3707 399">
    <p class='ocr_par' dir='ltr' id='par_1_3' title="bbox 3592 334 3707 399">
     <span class='ocr_line' id='line_1_3' title="bbox 3592 334 3707 399; baseline 0 -58"><span class='ocrx_word' id='word_1_6' title='bbox 3592 334 3707 399; x_wconf 52' lang='grc' dir='ltr'>ω</span> 
     </span>
    </p>
   </div>
   <div class='ocr_carea' id='block_1_4' title="bbox 436 436 2034 518">
    <p class='ocr_par' dir='ltr' id='par_1_4' title="bbox 436 436 2026 515">
     <span class='ocr_line' id='line_1_4' title="bbox 436 436 2026 515; baseline 0.006 -24"><span class='ocrx_word' id='word_1_7' title='bbox 436 436 572 492; x_wconf 82' lang='lat' dir='ltr'><strong>salis</strong></span> <span class='ocrx_word' id='word_1_8' title='bbox 595 437 1013 508; x_wconf 89' lang='lat' dir='ltr'><strong>dominatusque</strong></span> <span class='ocrx_word' id='word_1_9' title='bbox 1043 448 1365 507; x_wconf 77' lang='lat' dir='ltr'><strong>exornatus,</strong></span> <span class='ocrx_word' id='word_1_10' title='bbox 1402 457 1490 496; x_wconf 70' lang='lat' dir='ltr'><strong>ret</strong></span> <span class='ocrx_word' id='word_1_11' title='bbox 1514 444 1758 499; x_wconf 90' lang='lat' dir='ltr'><strong>omnium</strong></span> <span class='ocrx_word' id='word_1_12' title='bbox 1779 443 2026 515; x_wconf 86' lang='lat' dir='ltr'><strong>justissi-</strong></span> 
     </span>
    </p>
   </div>
   <div class='ocr_carea' id='block_1_5' title="bbox 2140 436 3683 518">
    <p class='ocr_par' dir='ltr' id='par_1_5' title="bbox 2140 443 3683 518">
     <span class='ocr_line' id='line_1_5' title="bbox 2140 443 3683 518; baseline 0 -20"><span class='ocrx_word' id='word_1_13' title='bbox 2140 446 2394 517; x_wconf 77' lang='grc' dir='ltr'>γενάρχου</span> <span class='ocrx_word' id='word_1_14' title='bbox 2421 447 2586 500; x_wconf 81' lang='grc' dir='ltr'>Δαϐἰδ</span> <span class='ocrx_word' id='word_1_15' title='bbox 2634 447 2963 518; x_wconf 75' lang='grc' dir='ltr'>προέρχεται</span> <span class='ocrx_word' id='word_1_16' title='bbox 2993 445 3512 516; x_wconf 66' lang='grc' dir='ltr'><strong>γενεαλογούμενος,</strong></span> <span class='ocrx_word' id='word_1_17' title='bbox 3539 443 3683 513; x_wconf 72' lang='grc' dir='ltr'>βασι-</span> 
     </span>
    </p>
   </div>
   <div class='ocr_carea' id='block_1_6' title="bbox 442 527 2022 598">
    <p class='ocr_par' dir='ltr' id='par_1_6' title="bbox 442 527 2022 598">
     <span class='ocr_line' id='line_1_6' title="bbox 442 527 2022 598; baseline 0.004 -18"><span class='ocrx_word' id='word_1_18' title='bbox 442 542 529 582; x_wconf 90' lang='lat' dir='ltr'><strong>me</strong></span> <span class='ocrx_word' id='word_1_19' title='bbox 559 527 941 598; x_wconf 78' lang='lat' dir='ltr'><strong>appellabitur.</strong></span> <span class='ocrx_word' id='word_1_20' title='bbox 982 528 1115 583; x_wconf 84' lang='lat' dir='ltr'><strong>Nam</strong></span> <span class='ocrx_word' id='word_1_21' title='bbox 1148 546 1245 586; x_wconf 77' lang='lat' dir='ltr'><strong>rex</strong></span> <span class='ocrx_word' id='word_1_22' title='bbox 1294 543 1377 587; x_wconf 86' lang='lat' dir='ltr'><strong>est</strong></span> <span class='ocrx_word' id='word_1_23' title='bbox 1407 547 1595 588; x_wconf 80' lang='lat' dir='ltr'><strong>revera</strong></span> <span class='ocrx_word' id='word_1_24' title='bbox 1631 542 1686 587; x_wconf 89' lang='lat' dir='ltr'><strong>et</strong></span> <span class='ocrx_word' id='word_1_25' title='bbox 1721 534 1792 587; x_wconf 89' lang='lat' dir='ltr'><strong>ita</strong></span> <span class='ocrx_word' id='word_1_26' title='bbox 1844 533 2022 588; x_wconf 84' lang='lat' dir='ltr'><strong>nomi-</strong></span> 
     </span>
    </p>
   </div>
   <div class='ocr_carea' id='block_1_7' title="bbox 440 619 2021 693">
    <p class='ocr_par' dir='ltr' id='par_1_7' title="bbox 440 619 2021 693">
     <span class='ocr_line' id='line_1_7' title="bbox 440 619 2021 693; baseline 0.005 -22"><span class='ocrx_word' id='word_1_27' title='bbox 440 626 622 673; x_wconf 91' lang='lat' dir='ltr'><strong>natur.</strong></span> <span class='ocrx_word' id='word_1_28' title='bbox 665 619 1028 686; x_wconf 83' lang='lat' dir='ltr'><strong>Quamobrem</strong></span> <span class='ocrx_word' id='word_1_29' title='bbox 1077 621 1294 677; x_wconf 87' lang='lat' dir='ltr'><strong>Davidis</strong></span> <span class='ocrx_word' id='word_1_30' title='bbox 1348 622 1513 688; x_wconf 81' lang='lat' dir='ltr'><strong>ﬁlius,</strong></span> <span class='ocrx_word' id='word_1_31' title='bbox 1565 631 1835 693; x_wconf 90' lang='lat' dir='ltr'><strong>quatenus</strong></span> <span class='ocrx_word' id='word_1_32' title='bbox 1858 624 2021 679; x_wconf 91' lang='lat' dir='ltr'><strong>bomo</strong></span> 
     </span>
    </p>
   </div>
   <div class='ocr_carea' id='block_1_8' title="bbox 437 714 2018 782">
    <p class='ocr_par' dir='ltr' id='par_1_8' title="bbox 437 714 2018 782">
     <span class='ocr_line' id='line_1_8' title="bbox 437 714 2018 782; baseline 0.003 -19"><span class='ocrx_word' id='word_1_33' title='bbox 437 717 524 763; x_wconf 85' lang='lat' dir='ltr'><strong>est</strong></span> <span class='ocrx_word' id='word_1_34' title='bbox 560 725 622 765; x_wconf 85' lang='lat' dir='ltr'><strong>ac</strong></span> <span class='ocrx_word' id='word_1_35' title='bbox 666 725 881 775; x_wconf 87' lang='lat' dir='ltr'><strong>servus,</strong></span> <span class='ocrx_word' id='word_1_36' title='bbox 922 727 1029 766; x_wconf 90' lang='lat' dir='ltr'><strong>non</strong></span> <span class='ocrx_word' id='word_1_37' title='bbox 1095 720 1361 780; x_wconf 79' lang='lat' dir='ltr'><strong>quatenus</strong></span> <span class='ocrx_word' id='word_1_38' title='bbox 1424 714 1571 769; x_wconf 84' lang='lat' dir='ltr'><strong>Deus</strong></span> <span class='ocrx_word' id='word_1_39' title='bbox 1597 714 2018 782; x_wconf 77' lang='lat' dir='ltr'><strong>denomiuautr;</strong></span> 
     </span>
    </p>
   </div>
   <div class='ocr_carea' id='block_1_9' title="bbox 440 802 2021 873">
    <p class='ocr_par' dir='ltr' id='par_1_9' title="bbox 440 802 2021 873">
     <span class='ocr_line' id='line_1_9' title="bbox 440 802 2021 873; baseline 0.004 -20"><span class='ocrx_word' id='word_1_40' title='bbox 440 807 526 854; x_wconf 86' lang='lat' dir='ltr'><strong>est</strong></span> <span class='ocrx_word' id='word_1_41' title='bbox 584 802 729 855; x_wconf 87' lang='lat' dir='ltr'><strong>enim</strong></span> <span class='ocrx_word' id='word_1_42' title='bbox 778 803 1022 857; x_wconf 89' lang='lat' dir='ltr'><strong>onmium</strong></span> <span class='ocrx_word' id='word_1_43' title='bbox 1087 803 1338 873; x_wconf 88' lang='lat' dir='ltr'><strong>princeps</strong></span> <span class='ocrx_word' id='word_1_44' title='bbox 1372 819 1437 859; x_wconf 90' lang='lat' dir='ltr'><strong>ac</strong></span> <span class='ocrx_word' id='word_1_45' title='bbox 1475 804 1771 870; x_wconf 89' lang='lat' dir='ltr'><strong>Dominus;</strong></span> <span class='ocrx_word' id='word_1_46' title='bbox 1827 805 1920 858; x_wconf 87' lang='lat' dir='ltr'><strong>sed</strong></span> <span class='ocrx_word' id='word_1_47' title='bbox 1951 803 2021 860; x_wconf 87' lang='lat' dir='ltr'><strong>ob</strong></span> 
     </span>
    </p>
   </div>
   <div class='ocr_carea' id='block_1_10' title="bbox 442 895 2021 967">
    <p class='ocr_par' dir='ltr' id='par_1_10' title="bbox 442 895 2021 967">
     <span class='ocr_line' id='line_1_10' title="bbox 442 895 2021 967; baseline 0.004 -21"><span class='ocrx_word' id='word_1_48' title='bbox 442 903 777 962; x_wconf 85' lang='lat' dir='ltr'><strong>assumptam</strong></span> <span class='ocrx_word' id='word_1_49' title='bbox 836 895 1130 949; x_wconf 88' lang='lat' dir='ltr'><strong>humanam</strong></span> <span class='ocrx_word' id='word_1_50' title='bbox 1191 907 1463 959; x_wconf 89' lang='lat' dir='ltr'><strong>naturam,</strong></span> <span class='ocrx_word' id='word_1_51' title='bbox 1519 912 1678 966; x_wconf 92' lang='lat' dir='ltr'><strong>quam</strong></span> <span class='ocrx_word' id='word_1_52' title='bbox 1728 906 1922 967; x_wconf 85' lang='lat' dir='ltr'><strong>sponte</strong></span> <span class='ocrx_word' id='word_1_53' title='bbox 1950 898 2021 953; x_wconf 83' lang='lat' dir='ltr'><strong>ob</strong></span> 
     </span>
    </p>
   </div>
   <div class='ocr_carea' id='block_1_11' title="bbox 443 987 2019 1055">
    <p class='ocr_par' dir='ltr' id='par_1_11' title="bbox 443 987 2019 1055">
     <span class='ocr_line' id='line_1_11' title="bbox 443 987 2019 1055; baseline 0.002 -15"><span class='ocrx_word' id='word_1_54' title='bbox 443 1002 598 1040; x_wconf 85' lang='lat' dir='ltr'><strong>suam</strong></span> <span class='ocrx_word' id='word_1_55' title='bbox 652 1002 778 1055; x_wconf 74' lang='lat' dir='ltr'><strong>erga</strong></span> <span class='ocrx_word' id='word_1_56' title='bbox 848 987 1096 1043; x_wconf 87' lang='lat' dir='ltr'><strong>homines</strong></span> <span class='ocrx_word' id='word_1_57' title='bbox 1166 989 1492 1043; x_wconf 84' lang='lat' dir='ltr'><strong>cltaritatem</strong></span> <span class='ocrx_word' id='word_1_58' title='bbox 1529 988 1768 1055; x_wconf 81' lang='lat' dir='ltr'><strong>ascivit;</strong></span> <span class='ocrx_word' id='word_1_59' title='bbox 1832 988 1920 1043; x_wconf 86' lang='lat' dir='ltr'><strong>hic</strong></span> <span class='ocrx_word' id='word_1_60' title='bbox 1953 988 2019 1043; x_wconf 89' lang='lat' dir='ltr'><strong>de</strong></span> 
     </span>
    </p>
   </div>
   <div class='ocr_carea' id='block_1_12' title="bbox 444 1076 2022 1148">
    <p class='ocr_par' dir='ltr' id='par_1_12' title="bbox 444 1076 2022 1148">
     <span class='ocr_line' id='line_1_12' title="bbox 444 1076 2022 1148; baseline 0.003 -19"><span class='ocrx_word' id='word_1_61' title='bbox 444 1076 668 1133; x_wconf 86' lang='lat' dir='ltr'><strong>Davidis</strong></span> <span class='ocrx_word' id='word_1_62' title='bbox 705 1079 916 1134; x_wconf 89' lang='lat' dir='ltr'><strong>semine</strong></span> <span class='ocrx_word' id='word_1_63' title='bbox 962 1082 1260 1135; x_wconf 86' lang='lat' dir='ltr'><strong>secundum</strong></span> <span class='ocrx_word' id='word_1_64' title='bbox 1312 1096 1535 1135; x_wconf 88' lang='lat' dir='ltr'><strong>carnem</strong></span> <span class='ocrx_word' id='word_1_65' title='bbox 1585 1094 1755 1148; x_wconf 78' lang='lat' dir='ltr'><strong>genus</strong></span> <span class='ocrx_word' id='word_1_66' title='bbox 1797 1080 2022 1146; x_wconf 82' lang='lat' dir='ltr'><strong>ducens,</strong></span> 
     </span>
    </p>
   </div>
   <div class='ocr_carea' id='block_1_13' title="bbox 443 1158 2024 1241">
    <p class='ocr_par' dir='ltr' id='par_1_13' title="bbox 443 1158 2024 1241">
     <span class='ocr_line' id='line_1_13' title="bbox 443 1158 2024 1241; baseline 0.003 -19"><span class='ocrx_word' id='word_1_67' title='bbox 443 1171 695 1241; x_wconf 78' lang='lat' dir='ltr'><strong>princeps</strong></span> <span class='ocrx_word' id='word_1_68' title='bbox 748 1183 938 1228; x_wconf 87' lang='lat' dir='ltr'><strong>noster</strong></span> <span class='ocrx_word' id='word_1_69' title='bbox 988 1183 1065 1227; x_wconf 72' lang='lat' dir='ltr'><strong>est</strong></span> <span class='ocrx_word' id='word_1_70' title='bbox 1120 1184 1174 1229; x_wconf 88' lang='lat' dir='ltr'><strong>et</strong></span> <span class='ocrx_word' id='word_1_71' title='bbox 1230 1176 1338 1228; x_wconf 87' lang='lat' dir='ltr'><strong>erit</strong></span> <span class='ocrx_word' id='word_1_72' title='bbox 1388 1174 1441 1227; x_wconf 90' lang='lat' dir='ltr'><strong>in</strong></span> <span class='ocrx_word' id='word_1_73' title='bbox 1505 1171 1738 1238; x_wconf 71' lang='lat' dir='ltr'><strong>saecula;</strong></span> <span class='ocrx_word' id='word_1_74' title='bbox 1799 1158 2024 1241; x_wconf 84' lang='lat' dir='ltr'><strong>ipseque</strong></span> 
     </span>
    </p>
   </div>
   <div class='ocr_carea' id='block_1_14' title="bbox 442 1265 2026 1333">
    <p class='ocr_par' dir='ltr' id='par_1_14' title="bbox 442 1265 2026 1333">
     <span class='ocr_line' id='line_1_14' title="bbox 442 1265 2026 1333; baseline 0.003 -17"><span class='ocrx_word' id='word_1_75' title='bbox 442 1272 683 1318; x_wconf 66' lang='lat' dir='ltr'><strong>aeternus</strong></span> <span class='ocrx_word' id='word_1_76' title='bbox 704 1272 789 1318; x_wconf 89' lang='lat' dir='ltr'><strong>est</strong></span> <span class='ocrx_word' id='word_1_77' title='bbox 824 1280 940 1327; x_wconf 77' lang='lat' dir='ltr'><strong>rex.</strong></span> <span class='ocrx_word' id='word_1_78' title='bbox 968 1265 1124 1333; x_wconf 88' lang='lat' dir='ltr'><strong>cujus</strong></span> <span class='ocrx_word' id='word_1_79' title='bbox 1155 1274 1402 1319; x_wconf 70' lang='lat' dir='ltr'><strong>exacutte</strong></span> <span class='ocrx_word' id='word_1_80' title='bbox 1446 1275 1499 1319; x_wconf 87' lang='lat' dir='ltr'><strong>et</strong></span> <span class='ocrx_word' id='word_1_81' title='bbox 1532 1265 1788 1320; x_wconf 85' lang='lat' dir='ltr'><strong>ardentes</strong></span> <span class='ocrx_word' id='word_1_82' title='bbox 1812 1265 2026 1333; x_wconf 69' lang='lat' dir='ltr'><strong>sagittas</strong></span> 
     </span>
    </p>
   </div>
   <div class='ocr_carea' id='block_1_15' title="bbox 444 1354 1670 1427">
    <p class='ocr_par' dir='ltr' id='par_1_15' title="bbox 444 1354 1670 1427">
     <span class='ocr_line' id='line_1_15' title="bbox 444 1354 1670 1427; baseline 0.003 -20"><span class='ocrx_word' id='word_1_83' title='bbox 444 1354 497 1407; x_wconf 88' lang='lat' dir='ltr'><strong>in</strong></span> <span class='ocrx_word' id='word_1_84' title='bbox 540 1356 705 1410; x_wconf 90' lang='lat' dir='ltr'><strong>corde</strong></span> <span class='ocrx_word' id='word_1_85' title='bbox 755 1356 1097 1411; x_wconf 87' lang='lat' dir='ltr'><strong>inimicorum</strong></span> <span class='ocrx_word' id='word_1_86' title='bbox 1120 1357 1313 1412; x_wconf 91' lang='lat' dir='ltr'><strong>borum</strong></span> <span class='ocrx_word' id='word_1_87' title='bbox 1357 1357 1670 1427; x_wconf 79' lang='lat' dir='ltr'><strong>inﬁgentur.</strong></span> 
     </span>
    </p>
   </div>
   <div class='ocr_carea' id='block_1_16' title="bbox 2121 532 3693 609">
    <p class='ocr_par' dir='ltr' id='par_1_16' title="bbox 2121 532 3693 609">
     <span class='ocr_line' id='line_1_16' title="bbox 2121 532 3693 609; baseline 0.003 -23"><span class='ocrx_word' id='word_1_88' title='bbox 2121 532 2247 599; x_wconf 87' lang='grc' dir='ltr'>λεὺς</span> <span class='ocrx_word' id='word_1_89' title='bbox 2275 535 2331 590; x_wconf 79' lang='grc' dir='ltr'>δὲ</span> <span class='ocrx_word' id='word_1_90' title='bbox 2358 537 2451 591; x_wconf 77' lang='grc' dir='ltr'>καὶ</span> <span class='ocrx_word' id='word_1_91' title='bbox 2478 537 2642 591; x_wconf 80' lang='grc' dir='ltr'>Δαδὶδ</span> <span class='ocrx_word' id='word_1_92' title='bbox 2664 536 3061 609; x_wconf 75' lang='grc' dir='ltr'>κεχρημάτικε·</span> <span class='ocrx_word' id='word_1_93' title='bbox 3090 537 3263 609; x_wconf 80' lang='grc' dir='ltr'>ταύτῃ</span> <span class='ocrx_word' id='word_1_94' title='bbox 3296 554 3379 590; x_wconf 85' lang='grc' dir='ltr'><strong>τοι</strong></span> <span class='ocrx_word' id='word_1_95' title='bbox 3401 537 3496 590; x_wconf 80' lang='grc' dir='ltr'>καὶ</span> <span class='ocrx_word' id='word_1_96' title='bbox 3515 538 3542 590; x_wconf 88' lang='grc' dir='ltr'>ὁ</span> <span class='ocrx_word' id='word_1_97' title='bbox 3570 538 3693 608; x_wconf 82' lang='grc' dir='ltr'>Χρι-</span> 
     </span>
    </p>
   </div>
   <div class='ocr_carea' id='block_1_17' title="bbox 2124 625 3689 699">
    <p class='ocr_par' dir='ltr' id='par_1_17' title="bbox 2124 625 3689 699">
     <span class='ocr_line' id='line_1_17' title="bbox 2124 625 3689 699; baseline 0.001 -21"><span class='ocrx_word' id='word_1_98' title='bbox 2124 625 2267 692; x_wconf 81' lang='grc' dir='ltr'>στὸς,</span> <span class='ocrx_word' id='word_1_99' title='bbox 2295 627 2631 692; x_wconf 69' lang='grc' dir='ltr'>καίτοιθεὸς</span> <span class='ocrx_word' id='word_1_100' title='bbox 2659 626 2734 682; x_wconf 83' lang='grc' dir='ltr'>ὣν</span> <span class='ocrx_word' id='word_1_101' title='bbox 2768 628 2911 683; x_wconf 78' lang='grc' dir='ltr'>κατὰ</span> <span class='ocrx_word' id='word_1_102' title='bbox 2957 627 3121 699; x_wconf 84' lang='grc' dir='ltr'>φύσιν</span> <span class='ocrx_word' id='word_1_103' title='bbox 3148 628 3179 681; x_wconf 81' lang='grc' dir='ltr'>ὁ</span> <span class='ocrx_word' id='word_1_104' title='bbox 3212 627 3400 692; x_wconf 73' lang='grc' dir='ltr'>αὐτὸς,</span> <span class='ocrx_word' id='word_1_105' title='bbox 3433 628 3531 681; x_wconf 77' lang='grc' dir='ltr'>καὶ·</span> <span class='ocrx_word' id='word_1_106' title='bbox 3559 627 3689 698; x_wconf 76' lang='grc' dir='ltr'>μετὰ</span> 
     </span>
    </p>
   </div>
   <div class='ocr_carea' id='block_1_18' title="bbox 2124 706 3693 791">
    <p class='ocr_par' dir='ltr' id='par_1_18' title="bbox 2124 706 3693 791">
     <span class='ocr_line' id='line_1_18' title="bbox 2124 706 3693 791; baseline 0.003 -21"><span class='ocrx_word' id='word_1_107' title='bbox 2124 706 2326 788; x_wconf 77' lang='grc' dir='ltr'>σαρκὸς</span> <span class='ocrx_word' id='word_1_108' title='bbox 2346 719 2407 772; x_wconf 72' lang='grc' dir='ltr'>τὸ</span> <span class='ocrx_word' id='word_1_109' title='bbox 2438 721 2570 774; x_wconf 77' lang='grc' dir='ltr'>αὐτὸ</span> <span class='ocrx_word' id='word_1_110' title='bbox 2592 720 2690 791; x_wconf 80' lang='grc' dir='ltr'>τῆς</span> <span class='ocrx_word' id='word_1_111' title='bbox 2720 721 2863 776; x_wconf 78' lang='grc' dir='ltr'>κατὰ</span> <span class='ocrx_word' id='word_1_112' title='bbox 2886 722 3106 776; x_wconf 84' lang='grc' dir='ltr'>πάντων</span> <span class='ocrx_word' id='word_1_113' title='bbox 3128 720 3383 788; x_wconf 70' lang='grc' dir='ltr'>ἐξουσίας</span> <span class='ocrx_word' id='word_1_114' title='bbox 3404 720 3501 773; x_wconf 74' lang='grc' dir='ltr'>καὶ</span> <span class='ocrx_word' id='word_1_115' title='bbox 3526 719 3693 791; x_wconf 73' lang='grc' dir='ltr'>ἀρχῆς</span> 
     </span>
    </p>
   </div>
   <div class='ocr_carea' id='block_1_19' title="bbox 2123 807 3694 882">
    <p class='ocr_par' dir='ltr' id='par_1_19' title="bbox 2123 807 3694 882">
     <span class='ocr_line' id='line_1_19' title="bbox 2123 807 3694 882; baseline 0.002 -23"><span class='ocrx_word' id='word_1_116' title='bbox 2123 807 2419 882; x_wconf 78' lang='grc' dir='ltr'>περιϐεϐλη</span> <span class='ocrx_word' id='word_1_117' title='bbox 2429 809 2590 880; x_wconf 82' lang='grc' dir='ltr'>μένος</span> <span class='ocrx_word' id='word_1_118' title='bbox 2616 810 2854 881; x_wconf 80' lang='grc' dir='ltr'>ἀξίωμα,</span> <span class='ocrx_word' id='word_1_119' title='bbox 2891 810 3149 881; x_wconf 80' lang='grc' dir='ltr'>βασιλεὺς</span> <span class='ocrx_word' id='word_1_120' title='bbox 3179 810 3289 864; x_wconf 86' lang='grc' dir='ltr'>τῶν</span> <span class='ocrx_word' id='word_1_121' title='bbox 3314 810 3457 863; x_wconf 79' lang='grc' dir='ltr'>ὅλων</span> <span class='ocrx_word' id='word_1_122' title='bbox 3481 809 3694 873; x_wconf 82' lang='grc' dir='ltr'>δικαίως</span> 
     </span>
    </p>
   </div>
   <div class='ocr_carea' id='block_1_20' title="bbox 2116 896 3701 975">
    <p class='ocr_par' dir='ltr' id='par_1_20' title="bbox 2116 896 3701 975">
     <span class='ocr_line' id='line_1_20' title="bbox 2116 896 3701 975; baseline 0.002 -24"><span class='ocrx_word' id='word_1_123' title='bbox 2116 896 2185 952; x_wconf 85' lang='grc' dir='ltr'>ἂν</span> <span class='ocrx_word' id='word_1_124' title='bbox 2216 901 2361 970; x_wconf 87' lang='grc' dir='ltr'>μάλα</span> <span class='ocrx_word' id='word_1_125' title='bbox 2390 901 2605 956; x_wconf 72' lang='grc' dir='ltr'>καλοῖτο</span> <span class='ocrx_word' id='word_1_126' title='bbox 2629 920 2644 936; x_wconf 78' lang='grc' dir='ltr'><strong><em>ο</em></strong></span> <span class='ocrx_word' id='word_1_127' title='bbox 2673 902 2929 973; x_wconf 82' lang='grc' dir='ltr'>βασιλεὺς</span> <span class='ocrx_word' id='word_1_128' title='bbox 2953 903 3060 975; x_wconf 80' lang='grc' dir='ltr'><strong>γὰρ</strong></span> <span class='ocrx_word' id='word_1_129' title='bbox 3082 903 3177 958; x_wconf 75' lang='grc' dir='ltr'>καὶ</span> <span class='ocrx_word' id='word_1_130' title='bbox 3202 902 3318 957; x_wconf 73' lang='grc' dir='ltr'>ἐστι</span> <span class='ocrx_word' id='word_1_131' title='bbox 3341 902 3436 955; x_wconf 73' lang='grc' dir='ltr'>καὶ</span> <span class='ocrx_word' id='word_1_132' title='bbox 3454 899 3701 971; x_wconf 65' lang='grc' dir='ltr'>ὀνομάζει</span> 
     </span>
    </p>
   </div>
   <div class='ocr_carea' id='block_1_21' title="bbox 2125 992 3697 1066">
    <p class='ocr_par' dir='ltr' id='par_1_21' title="bbox 2125 992 3697 1066">
     <span class='ocr_line' id='line_1_21' title="bbox 2125 992 3697 1066; baseline -0.001 -20"><span class='ocrx_word' id='word_1_133' title='bbox 2125 1010 2246 1047; x_wconf 82' lang='grc' dir='ltr'>ται·</span> <span class='ocrx_word' id='word_1_134' title='bbox 2279 994 2555 1066; x_wconf 83' lang='grc' dir='ltr'><strong>τοιγάρτοι</strong></span> <span class='ocrx_word' id='word_1_135' title='bbox 2585 994 2769 1060; x_wconf 75' lang='grc' dir='ltr'>Δαϐὶδ,</span> <span class='ocrx_word' id='word_1_136' title='bbox 2801 995 2928 1050; x_wconf 85' lang='grc' dir='ltr'>καθ’</span> <span class='ocrx_word' id='word_1_137' title='bbox 2948 994 2978 1048; x_wconf 86' lang='grc' dir='ltr'><strong>δ</strong></span> <span class='ocrx_word' id='word_1_138' title='bbox 3009 994 3292 1064; x_wconf 76' lang='grc' dir='ltr'>ἄνθρωπος</span> <span class='ocrx_word' id='word_1_139' title='bbox 3325 992 3697 1062; x_wconf 81' lang='grc' dir='ltr'>προσηγόρευ-</span> 
     </span>
    </p>
   </div>
   <div class='ocr_carea' id='block_1_22' title="bbox 2122 1083 3692 1153">
    <p class='ocr_par' dir='ltr' id='par_1_22' title="bbox 2122 1083 3692 1153">
     <span class='ocr_line' id='line_1_22' title="bbox 2122 1083 3692 1153; baseline -0.003 -14"><span class='ocrx_word' id='word_1_140' title='bbox 2122 1102 2243 1140; x_wconf 82' lang='grc' dir='ltr'>ται·</span> <span class='ocrx_word' id='word_1_141' title='bbox 2288 1087 2381 1139; x_wconf 76' lang='grc' dir='ltr'><strong>καὶ</strong></span> <span class='ocrx_word' id='word_1_142' title='bbox 2438 1086 2642 1153; x_wconf 80' lang='grc' dir='ltr'>δοῦλος,</span> <span class='ocrx_word' id='word_1_143' title='bbox 2705 1087 2769 1140; x_wconf 88' lang='grc' dir='ltr'><strong>ού</strong></span> <span class='ocrx_word' id='word_1_144' title='bbox 2830 1086 2956 1141; x_wconf 84' lang='grc' dir='ltr'>καθ’</span> <span class='ocrx_word' id='word_1_145' title='bbox 3001 1086 3031 1140; x_wconf 83' lang='grc' dir='ltr'><strong>δ</strong></span> <span class='ocrx_word' id='word_1_146' title='bbox 3081 1085 3216 1149; x_wconf 81' lang='grc' dir='ltr'>Θεὸς</span> <span class='ocrx_word' id='word_1_147' title='bbox 3260 1083 3692 1152; x_wconf 77' lang='grc' dir='ltr'>κατωνόμασται²</span> 
     </span>
    </p>
   </div>
   <div class='ocr_carea' id='block_1_23' title="bbox 2123 1161 3700 1250">
    <p class='ocr_par' dir='ltr' id='par_1_23' title="bbox 2123 1161 3700 1250">
     <span class='ocr_line' id='line_1_23' title="bbox 2123 1161 3700 1250; baseline -0.004 -20"><span class='ocrx_word' id='word_1_148' title='bbox 2123 1161 2342 1232; x_wconf 80' lang='grc' dir='ltr'>πάντων</span> <span class='ocrx_word' id='word_1_149' title='bbox 2379 1178 2487 1250; x_wconf 89' lang='grc' dir='ltr'><strong>γάρ</strong></span> <span class='ocrx_word' id='word_1_150' title='bbox 2512 1180 2630 1232; x_wconf 76' lang='grc' dir='ltr'>ἐστι</span> <span class='ocrx_word' id='word_1_151' title='bbox 2672 1179 2959 1250; x_wconf 66' lang='grc' dir='ltr'>Δεσπότης</span> <span class='ocrx_word' id='word_1_152' title='bbox 2977 1179 3076 1232; x_wconf 60' lang='grc' dir='ltr'><strong>’καὶ⁸</strong></span> <span class='ocrx_word' id='word_1_153' title='bbox 3108 1177 3339 1247; x_wconf 77' lang='grc' dir='ltr'>Κύριος,</span> <span class='ocrx_word' id='word_1_154' title='bbox 3381 1174 3473 1228; x_wconf 65' lang='grc' dir='ltr'><strong>διὰ</strong></span> <span class='ocrx_word' id='word_1_155' title='bbox 3530 1173 3588 1227; x_wconf 81' lang='grc' dir='ltr'>δὲ</span> <span class='ocrx_word' id='word_1_156' title='bbox 3644 1173 3700 1224; x_wconf 70' lang='grc' dir='ltr'><strong>τὺ</strong></span> 
     </span>
    </p>
   </div>
   <div class='ocr_carea' id='block_1_24' title="bbox 2108 1261 3703 1340">
    <p class='ocr_par' dir='ltr' id='par_1_24' title="bbox 2108 1261 3703 1340">
     <span class='ocr_line' id='line_1_24' title="bbox 2108 1261 3703 1340; baseline 0.004 -20"><span class='ocrx_word' id='word_1_157' title='bbox 2108 1261 2460 1340; x_wconf 68' lang='grc' dir='ltr'>’πρόσλημμα</span> <span class='ocrx_word' id='word_1_158' title='bbox 2494 1268 2588 1322; x_wconf 70' lang='grc' dir='ltr'>καὶ</span> <span class='ocrx_word' id='word_1_159' title='bbox 2610 1269 2709 1337; x_wconf 79' lang='grc' dir='ltr'>τὴν</span> <span class='ocrx_word' id='word_1_160' title='bbox 2746 1268 2943 1340; x_wconf 85' lang='grc' dir='ltr'>δούλην</span> <span class='ocrx_word' id='word_1_161' title='bbox 2996 1268 3182 1338; x_wconf 83' lang='grc' dir='ltr'>φύσιν,</span> <span class='ocrx_word' id='word_1_162' title='bbox 3229 1269 3297 1338; x_wconf 70' lang='grc' dir='ltr'>ἢν</span> <span class='ocrx_word' id='word_1_163' title='bbox 3328 1263 3703 1335; x_wconf 65' lang='grc' dir='ltr'>φιλάνθρωπθς</span> 
     </span>
    </p>
   </div>
   <div class='ocr_carea' id='block_1_25' title="bbox 2123 1352 3697 1431">
    <p class='ocr_par' dir='ltr' id='par_1_25' title="bbox 2123 1352 3697 1431">
     <span class='ocr_line' id='line_1_25' title="bbox 2123 1352 3697 1431; baseline -0.004 -19"><span class='ocrx_word' id='word_1_164' title='bbox 2123 1358 2198 1412; x_wconf 85' lang='grc' dir='ltr'>ὢν</span> <span class='ocrx_word' id='word_1_165' title='bbox 2232 1360 2499 1423; x_wconf 77' lang='grc' dir='ltr'><strong>ἑκουσίως</strong></span> <span class='ocrx_word' id='word_1_166' title='bbox 2533 1359 2937 1431; x_wconf 74' lang='grc' dir='ltr'>προσείληφενο</span> <span class='ocrx_word' id='word_1_167' title='bbox 2980 1352 3137 1422; x_wconf 70' lang='grc' dir='ltr'>οὗτος</span> <span class='ocrx_word' id='word_1_168' title='bbox 3168 1357 3264 1415; x_wconf 69' lang='grc' dir='ltr'>οὖν</span> <span class='ocrx_word' id='word_1_169' title='bbox 3295 1359 3325 1410; x_wconf 77' lang='grc' dir='ltr'>ὁ</span> <span class='ocrx_word' id='word_1_170' title='bbox 3362 1358 3429 1410; x_wconf 81' lang='grc' dir='ltr'>ὲκ</span> <span class='ocrx_word' id='word_1_171' title='bbox 3458 1356 3697 1426; x_wconf 80' lang='grc' dir='ltr'>σπέρμα-</span> 
     </span>
    </p>
   </div>
   <div class='ocr_carea' id='block_1_26' title="bbox 442 1435 3699 1523">
    <p class='ocr_par' dir='ltr' id='par_1_26' title="bbox 442 1435 3699 1523">
     <span class='ocr_line' id='line_1_26' title="bbox 442 1435 3699 1523; baseline -0 -23"><span class='ocrx_word' id='word_1_172' title='bbox 442 1464 534 1512; x_wconf 79' lang='grc' dir='ltr'><strong>τος</strong></span> <span class='ocrx_word' id='word_1_173' title='bbox 562 1448 725 1502; x_wconf 64' lang='grc' dir='ltr'>Δαὸὶδ</span> <span class='ocrx_word' id='word_1_174' title='bbox 772 1448 912 1503; x_wconf 69' lang='grc' dir='ltr'>κατὰ</span> <span class='ocrx_word' id='word_1_175' title='bbox 976 1450 1155 1520; x_wconf 75' lang='grc' dir='ltr'>σάρκα</span> <span class='ocrx_word' id='word_1_176' title='bbox 1192 1450 1251 1504; x_wconf 82' lang='grc' dir='ltr'>τὸ</span> <span class='ocrx_word' id='word_1_177' title='bbox 1300 1451 1456 1519; x_wconf 77' lang='grc' dir='ltr'>γένος</span> <span class='ocrx_word' id='word_1_178' title='bbox 1505 1450 1762 1520; x_wconf 76' lang='grc' dir='ltr'><strong>κατάγων</strong></span> <span class='ocrx_word' id='word_1_179' title='bbox 1813 1451 1996 1523; x_wconf 78' lang='grc' dir='ltr'>ἄρχων</span> <span class='ocrx_word' id='word_1_180' title='bbox 2035 1435 2330 1523; x_wconf 64' lang='grc' dir='ltr'>ήμῶνὲστι</span> <span class='ocrx_word' id='word_1_181' title='bbox 2358 1453 2453 1505; x_wconf 73' lang='grc' dir='ltr'>καὶ</span> <span class='ocrx_word' id='word_1_182' title='bbox 2501 1451 2656 1507; x_wconf 75' lang='grc' dir='ltr'>ἔσται</span> <span class='ocrx_word' id='word_1_183' title='bbox 2710 1455 2790 1517; x_wconf 80' lang='grc' dir='ltr'><strong>είς</strong></span> <span class='ocrx_word' id='word_1_184' title='bbox 2817 1454 2946 1517; x_wconf 73' lang='grc' dir='ltr'>τοὺς</span> <span class='ocrx_word' id='word_1_185' title='bbox 2992 1452 3219 1517; x_wconf 73' lang='grc' dir='ltr'>αἰῶνας,</span> <span class='ocrx_word' id='word_1_186' title='bbox 3251 1450 3347 1503; x_wconf 72' lang='grc' dir='ltr'>καὶ</span> <span class='ocrx_word' id='word_1_187' title='bbox 3370 1448 3532 1512; x_wconf 73' lang='grc' dir='ltr'>αὐτός</span> <span class='ocrx_word' id='word_1_188' title='bbox 3564 1449 3699 1500; x_wconf 78' lang='grc' dir='ltr'>ἐστιν</span> 
     </span>
    </p>
   </div>
   <div class='ocr_carea' id='block_1_27' title="bbox 442 1536 3500 1627">
    <p class='ocr_par' dir='ltr' id='par_1_27' title="bbox 442 1536 3500 1627">
     <span class='ocr_line' id='line_1_27' title="bbox 442 1536 3500 1627; baseline 0 -34"><span class='ocrx_word' id='word_1_189' title='bbox 442 1542 473 1593; x_wconf 81' lang='grc' dir='ltr'><strong>ὁ</strong></span> <span class='ocrx_word' id='word_1_190' title='bbox 499 1540 716 1605; x_wconf 78' lang='grc' dir='ltr'>αἰώνιος</span> <span class='ocrx_word' id='word_1_191' title='bbox 744 1541 1015 1612; x_wconf 78' lang='grc' dir='ltr'>βασιλεὺς,</span> <span class='ocrx_word' id='word_1_192' title='bbox 1052 1536 1114 1597; x_wconf 74' lang='grc' dir='ltr'><strong>οὗ</strong></span> <span class='ocrx_word' id='word_1_193' title='bbox 1171 1543 1239 1596; x_wconf 83' lang='grc' dir='ltr'><strong>τὰ</strong></span> <span class='ocrx_word' id='word_1_194' title='bbox 1266 1542 1581 1627; x_wconf 75' lang='grc' dir='ltr'><strong>ἠκονημένα</strong></span> <span class='ocrx_word' id='word_1_195' title='bbox 1629 1544 1723 1598; x_wconf 73' lang='grc' dir='ltr'><strong>καὶ</strong></span> <span class='ocrx_word' id='word_1_196' title='bbox 1751 1543 2146 1615; x_wconf 81' lang='grc' dir='ltr'>ἀποστίλϐοντα</span> <span class='ocrx_word' id='word_1_197' title='bbox 2175 1545 2303 1616; x_wconf 83' lang='grc' dir='ltr'>βέλη</span> <span class='ocrx_word' id='word_1_198' title='bbox 2340 1548 2397 1598; x_wconf 80' lang='grc' dir='ltr'>ὲν</span> <span class='ocrx_word' id='word_1_199' title='bbox 2428 1545 2630 1616; x_wconf 72' lang='grc' dir='ltr'>καρδίᾳ</span> <span class='ocrx_word' id='word_1_200' title='bbox 2652 1546 2883 1600; x_wconf 79' lang='grc' dir='ltr'>τουτωνὶ</span> <span class='ocrx_word' id='word_1_201' title='bbox 2924 1543 3034 1598; x_wconf 85' lang='grc' dir='ltr'><strong>τῶν</strong></span> <span class='ocrx_word' id='word_1_202' title='bbox 3063 1544 3275 1615; x_wconf 74' lang='grc' dir='ltr'>ἐχθρῶν</span> <span class='ocrx_word' id='word_1_203' title='bbox 3308 1540 3500 1595; x_wconf 80' lang='grc' dir='ltr'>αὑτοῦ.</span> 
     </span>
    </p>
   </div>
   <div class='ocr_carea' id='block_1_28' title="bbox 517 1630 2025 1702">
    <p class='ocr_par' dir='ltr' id='par_1_28' title="bbox 517 1630 2025 1702">
     <span class='ocr_line' id='line_1_28' title="bbox 517 1630 2025 1702; baseline 0.003 -17"><span class='ocrx_word' id='word_1_204' title='bbox 517 1630 652 1685; x_wconf 88' lang='lat' dir='ltr'><strong>Nam</strong></span> <span class='ocrx_word' id='word_1_205' title='bbox 700 1634 915 1688; x_wconf 81' lang='lat' dir='ltr'><strong>etiamsi</strong></span> <span class='ocrx_word' id='word_1_206' title='bbox 976 1636 1028 1688; x_wconf 86' lang='lat' dir='ltr'><strong>bi</strong></span> <span class='ocrx_word' id='word_1_207' title='bbox 1066 1645 1418 1690; x_wconf 74' lang='lat' dir='ltr'><strong>contumaces</strong></span> <span class='ocrx_word' id='word_1_208' title='bbox 1464 1637 1746 1702; x_wconf 82' lang='lat' dir='ltr'><strong>resiStant,</strong></span> <span class='ocrx_word' id='word_1_209' title='bbox 1784 1647 2025 1691; x_wconf 85' lang='lat' dir='ltr'><strong>attamen</strong></span> 
     </span>
    </p>
   </div>
   <div class='ocr_carea' id='block_1_29' title="bbox 2204 1632 3702 1710">
    <p class='ocr_par' dir='ltr' id='par_1_29' title="bbox 2204 1632 3702 1710">
     <span class='ocr_line' id='line_1_29' title="bbox 2204 1632 3702 1710; baseline -0.004 -19"><span class='ocrx_word' id='word_1_210' title='bbox 2204 1640 2328 1693; x_wconf 73' lang='grc' dir='ltr'>Κᾶν</span> <span class='ocrx_word' id='word_1_211' title='bbox 2382 1639 2492 1710; x_wconf 83' lang='grc' dir='ltr'><strong>γὰρ</strong></span> <span class='ocrx_word' id='word_1_212' title='bbox 2545 1632 2691 1693; x_wconf 74' lang='grc' dir='ltr'>οὗτοι</span> <span class='ocrx_word' id='word_1_213' title='bbox 2742 1637 3149 1710; x_wconf 82' lang='grc' dir='ltr'>τραχηλιῶντες</span> <span class='ocrx_word' id='word_1_214' title='bbox 3197 1632 3702 1705; x_wconf 84' lang='grc' dir='ltr'>άποτραχύνωνται,</span> 
     </span>
    </p>
   </div>
   <div class='ocr_carea' id='block_1_30' title="bbox 449 1724 2034 1807">
    <p class='ocr_par' dir='ltr' id='par_1_30' title="bbox 449 1724 2021 1796">
     <span class='ocr_line' id='line_1_30' title="bbox 449 1724 2021 1796; baseline 0.003 -19"><span class='ocrx_word' id='word_1_215' title='bbox 449 1724 616 1779; x_wconf 83' lang='lat' dir='ltr'><strong>David</strong></span> <span class='ocrx_word' id='word_1_216' title='bbox 675 1739 770 1780; x_wconf 91' lang='lat' dir='ltr'><strong>eos</strong></span> <span class='ocrx_word' id='word_1_217' title='bbox 820 1727 1110 1780; x_wconf 83' lang='lat' dir='ltr'><strong>convincat</strong></span> <span class='ocrx_word' id='word_1_218' title='bbox 1152 1727 1224 1780; x_wconf 88' lang='lat' dir='ltr'><strong>ita</strong></span> <span class='ocrx_word' id='word_1_219' title='bbox 1277 1728 1551 1796; x_wconf 67' lang='lat' dir='ltr'><strong>psallens:</strong></span> <span class='ocrx_word' id='word_1_220' title='bbox 1592 1726 1656 1780; x_wconf 83' lang='lat' dir='ltr'><strong>Et</strong></span> <span class='ocrx_word' id='word_1_221' title='bbox 1679 1728 1873 1782; x_wconf 88' lang='lat' dir='ltr'><strong>sedebit</strong></span> <span class='ocrx_word' id='word_1_222' title='bbox 1911 1728 2021 1782; x_wconf 87' lang='lat' dir='ltr'><strong>Do-</strong></span> 
     </span>
    </p>
   </div>
   <div class='ocr_carea' id='block_1_31' title="bbox 2140 1724 3705 1807">
    <p class='ocr_par' dir='ltr' id='par_1_31' title="bbox 2140 1725 3705 1799">
     <span class='ocr_line' id='line_1_31' title="bbox 2140 1725 3705 1799; baseline -0.006 -15"><span class='ocrx_word' id='word_1_223' title='bbox 2140 1730 2247 1784; x_wconf 62' lang='grc' dir='ltr'>ὰλλ⁹</span> <span class='ocrx_word' id='word_1_224' title='bbox 2278 1732 2307 1784; x_wconf 85' lang='grc' dir='ltr'><strong>ὃ</strong></span> <span class='ocrx_word' id='word_1_225' title='bbox 2341 1748 2406 1799; x_wconf 90' lang='grc' dir='ltr'><strong>γε</strong></span> <span class='ocrx_word' id='word_1_226' title='bbox 2439 1729 2604 1784; x_wconf 72' lang='grc' dir='ltr'><strong>Δαὸὶδ</strong></span> <span class='ocrx_word' id='word_1_227' title='bbox 2632 1730 2796 1793; x_wconf 75' lang='grc' dir='ltr'>αὐτὸς</span> <span class='ocrx_word' id='word_1_228' title='bbox 2823 1728 3060 1782; x_wconf 80' lang='grc' dir='ltr'><strong>πειθέτω</strong></span> <span class='ocrx_word' id='word_1_229' title='bbox 3086 1727 3309 1797; x_wconf 76' lang='grc' dir='ltr'>ψάλλων</span> <span class='ocrx_word' id='word_1_230' title='bbox 3337 1725 3539 1787; x_wconf 81' lang='grc' dir='ltr'>αύτούς</span> <span class='ocrx_word' id='word_1_231' title='bbox 3559 1739 3573 1752; x_wconf 92' lang='grc'><strong>·</strong></span> <span class='ocrx_word' id='word_1_232' title='bbox 3604 1725 3705 1778; x_wconf 80' lang='grc' dir='ltr'><strong>Καὶ</strong></span> 
     </span>
    </p>
   </div>
   <div class='ocr_carea' id='block_1_32' title="bbox 447 1817 2031 1890">
    <p class='ocr_par' dir='ltr' id='par_1_32' title="bbox 447 1817 2031 1890">
     <span class='ocr_line' id='line_1_32' title="bbox 447 1817 2031 1890; baseline 0.004 -21"><span class='ocrx_word' id='word_1_233' title='bbox 447 1818 621 1870; x_wconf 88' lang='lat' dir='ltr'><strong>minus</strong></span> <span class='ocrx_word' id='word_1_234' title='bbox 654 1832 745 1871; x_wconf 81' lang='lat' dir='ltr'><strong>rea:</strong></span> <span class='ocrx_word' id='word_1_235' title='bbox 779 1817 833 1871; x_wconf 89' lang='lat' dir='ltr'><strong>in</strong></span> <span class='ocrx_word' id='word_1_236' title='bbox 864 1828 1119 1872; x_wconf 74' lang='lat' dir='ltr'><strong>wternum</strong></span> <span class='ocrx_word' id='word_1_237' title='bbox 1144 1818 1209 1874; x_wconf 79' lang='lat'><strong>&quot;.</strong></span> <span class='ocrx_word' id='word_1_238' title='bbox 1240 1820 1307 1874; x_wconf 90' lang='lat' dir='ltr'><strong>Et</strong></span> <span class='ocrx_word' id='word_1_239' title='bbox 1333 1837 1347 1874; x_wconf 87' lang='lat'><strong>:</strong></span> <span class='ocrx_word' id='word_1_240' title='bbox 1376 1818 1632 1890; x_wconf 85' lang='lat' dir='ltr'><strong>Regnabit</strong></span> <span class='ocrx_word' id='word_1_241' title='bbox 1684 1819 1939 1875; x_wconf 79' lang='lat' dir='ltr'><strong>Dominus</strong></span> <span class='ocrx_word' id='word_1_242' title='bbox 1974 1821 2031 1876; x_wconf 87' lang='lat' dir='ltr'><strong>in</strong></span> 
     </span>
    </p>
   </div>
   <div class='ocr_carea' id='block_1_33' title="bbox 444 1906 2033 1980">
    <p class='ocr_par' dir='ltr' id='par_1_33' title="bbox 444 1906 2033 1980">
     <span class='ocr_line' id='line_1_33' title="bbox 444 1906 2033 1980; baseline 0.002 -19"><span class='ocrx_word' id='word_1_243' title='bbox 444 1907 665 1961; x_wconf 62' lang='lat' dir='ltr'><strong>saecula.</strong></span> <span class='ocrx_word' id='word_1_244' title='bbox 710 1906 849 1960; x_wconf 86' lang='lat' dir='ltr'><strong>Deus</strong></span> <span class='ocrx_word' id='word_1_245' title='bbox 878 1920 1021 1973; x_wconf 82' lang='lat' dir='ltr'><strong>tuus,</strong></span> <span class='ocrx_word' id='word_1_246' title='bbox 1050 1906 1207 1974; x_wconf 86' lang='lat' dir='ltr'><strong>Sion,</strong></span> <span class='ocrx_word' id='word_1_247' title='bbox 1232 1911 1289 1963; x_wconf 81' lang='lat' dir='ltr'><strong>in</strong></span> <span class='ocrx_word' id='word_1_248' title='bbox 1317 1910 1712 1979; x_wconf 76' lang='lat' dir='ltr'><strong>generationem</strong></span> <span class='ocrx_word' id='word_1_249' title='bbox 1739 1921 1787 1964; x_wconf 91' lang='lat' dir='ltr'><strong>et</strong></span> <span class='ocrx_word' id='word_1_250' title='bbox 1813 1926 2033 1980; x_wconf 88' lang='lat' dir='ltr'><strong>genera-</strong></span> 
     </span>
    </p>
   </div>
   <div class='ocr_carea' id='block_1_34' title="bbox 447 1997 2032 2057">
    <p class='ocr_par' dir='ltr' id='par_1_34' title="bbox 447 1997 2032 2057">
     <span class='ocr_line' id='line_1_34' title="bbox 447 1997 2032 2057; baseline 0.003 -6"><span class='ocrx_word' id='word_1_251' title='bbox 447 1998 639 2051; x_wconf 87' lang='lat' dir='ltr'><strong>tionem</strong></span> <span class='ocrx_word' id='word_1_252' title='bbox 659 1997 722 2053; x_wconf 81' lang='grc'><strong>³⁷.</strong></span> <span class='ocrx_word' id='word_1_253' title='bbox 762 1999 858 2053; x_wconf 85' lang='lat' dir='ltr'><strong>Et:</strong></span> <span class='ocrx_word' id='word_1_254' title='bbox 893 1999 1041 2055; x_wconf 74' lang='lat' dir='ltr'><strong>Dixit</strong></span> <span class='ocrx_word' id='word_1_255' title='bbox 1078 2000 1341 2057; x_wconf 80' lang='lat' dir='ltr'><strong>Dominus</strong></span> <span class='ocrx_word' id='word_1_256' title='bbox 1370 2003 1598 2056; x_wconf 86' lang='lat' dir='ltr'><strong>Domino</strong></span> <span class='ocrx_word' id='word_1_257' title='bbox 1637 2018 1793 2057; x_wconf 86' lang='lat' dir='ltr'><strong>meo:</strong></span> <span class='ocrx_word' id='word_1_258' title='bbox 1827 2001 1961 2057; x_wconf 86' lang='lat' dir='ltr'><strong>Sede</strong></span> <span class='ocrx_word' id='word_1_259' title='bbox 1997 2020 2032 2056; x_wconf 89' lang='lat' dir='ltr'><strong>a</strong></span> 
     </span>
    </p>
   </div>
   <div class='ocr_carea' id='block_1_35' title="bbox 445 2090 2030 2165">
    <p class='ocr_par' dir='ltr' id='par_1_35' title="bbox 445 2090 2030 2165">
     <span class='ocr_line' id='line_1_35' title="bbox 445 2090 2030 2165; baseline 0.004 -22"><span class='ocrx_word' id='word_1_260' title='bbox 445 2090 651 2146; x_wconf 75' lang='lat' dir='ltr'><strong>dextris</strong></span> <span class='ocrx_word' id='word_1_261' title='bbox 679 2092 828 2151; x_wconf 82' lang='lat' dir='ltr'><strong>meis.</strong></span> <span class='ocrx_word' id='word_1_262' title='bbox 862 2094 1026 2147; x_wconf 81' lang='lat' dir='ltr'><strong>donec</strong></span> <span class='ocrx_word' id='word_1_263' title='bbox 1060 2111 1256 2165; x_wconf 85' lang='lat' dir='ltr'><strong>ponant</strong></span> <span class='ocrx_word' id='word_1_264' title='bbox 1301 2095 1548 2150; x_wconf 81' lang='lat' dir='ltr'><strong>inimicos</strong></span> <span class='ocrx_word' id='word_1_265' title='bbox 1595 2103 1712 2149; x_wconf 89' lang='lat' dir='ltr'><strong>tuos</strong></span> <span class='ocrx_word' id='word_1_266' title='bbox 1741 2093 2030 2149; x_wconf 83' lang='lat' dir='ltr'><strong>scabellum</strong></span> 
     </span>
    </p>
   </div>
   <div class='ocr_carea' id='block_1_36' title="bbox 445 2183 2033 2258">
    <p class='ocr_par' dir='ltr' id='par_1_36' title="bbox 445 2183 2033 2258">
     <span class='ocr_line' id='line_1_36' title="bbox 445 2183 2033 2258; baseline 0.003 -22"><span class='ocrx_word' id='word_1_267' title='bbox 445 2183 635 2251; x_wconf 83' lang='lat' dir='ltr'><strong>pedum</strong></span> <span class='ocrx_word' id='word_1_268' title='bbox 672 2194 882 2237; x_wconf 84' lang='lat' dir='ltr'><strong>tuorum</strong></span> <span class='ocrx_word' id='word_1_269' title='bbox 904 2184 970 2239; x_wconf 78' lang='grc'><strong>³⁸.</strong></span> <span class='ocrx_word' id='word_1_270' title='bbox 1002 2184 1117 2240; x_wconf 82' lang='lat' dir='ltr'><strong>Non</strong></span> <span class='ocrx_word' id='word_1_271' title='bbox 1135 2196 1220 2240; x_wconf 89' lang='lat' dir='ltr'><strong>est</strong></span> <span class='ocrx_word' id='word_1_272' title='bbox 1250 2201 1383 2258; x_wconf 73' lang='lat' dir='ltr'><strong>ergo</strong></span> <span class='ocrx_word' id='word_1_273' title='bbox 1412 2186 1721 2256; x_wconf 84' lang='lat' dir='ltr'><strong>probabile,</strong></span> <span class='ocrx_word' id='word_1_274' title='bbox 1747 2187 1829 2241; x_wconf 87' lang='lat' dir='ltr'><strong>vel</strong></span> <span class='ocrx_word' id='word_1_275' title='bbox 1851 2188 2033 2257; x_wconf 89' lang='lat' dir='ltr'><strong>potius</strong></span> 
     </span>
    </p>
   </div>
   <div class='ocr_carea' id='block_1_37' title="bbox 445 2273 2032 2342">
    <p class='ocr_par' dir='ltr' id='par_1_37' title="bbox 445 2273 2032 2342">
     <span class='ocr_line' id='line_1_37' title="bbox 445 2273 2032 2342; baseline 0.006 -16"><span class='ocrx_word' id='word_1_276' title='bbox 445 2280 532 2326; x_wconf 87' lang='lat' dir='ltr'><strong>est</strong></span> <span class='ocrx_word' id='word_1_277' title='bbox 560 2273 917 2342; x_wconf 82' lang='lat' dir='ltr'><strong>impossibile,</strong></span> <span class='ocrx_word' id='word_1_278' title='bbox 949 2283 1008 2329; x_wconf 90' lang='lat' dir='ltr'><strong>ut</strong></span> <span class='ocrx_word' id='word_1_279' title='bbox 1041 2277 1153 2330; x_wconf 70' lang='lat' dir='ltr'><strong>haec</strong></span> <span class='ocrx_word' id='word_1_280' title='bbox 1180 2273 1497 2331; x_wconf 85' lang='lat' dir='ltr'><strong>Salathiclis</strong></span> <span class='ocrx_word' id='word_1_281' title='bbox 1519 2275 1632 2331; x_wconf 82' lang='lat' dir='ltr'><strong>ﬁlio</strong></span> <span class='ocrx_word' id='word_1_282' title='bbox 1673 2277 2032 2335; x_wconf 83' lang='lat' dir='ltr'><strong>conveniant.</strong></span> 
     </span>
    </p>
   </div>
   <div class='ocr_carea' id='block_1_38' title="bbox 447 2362 2035 2449">
    <p class='ocr_par' dir='ltr' id='par_1_38' title="bbox 447 2362 2035 2449">
     <span class='ocr_line' id='line_1_38' title="bbox 447 2362 2035 2449; baseline 0.006 -33"><span class='ocrx_word' id='word_1_283' title='bbox 447 2362 658 2433; x_wconf 83' lang='lat' dir='ltr'><strong>Quippe</strong></span> <span class='ocrx_word' id='word_1_284' title='bbox 683 2366 771 2420; x_wconf 86' lang='lat' dir='ltr'><strong>hic</strong></span> <span class='ocrx_word' id='word_1_285' title='bbox 821 2380 995 2436; x_wconf 87' lang='lat' dir='ltr'><strong>neque</strong></span> <span class='ocrx_word' id='word_1_286' title='bbox 1034 2367 1266 2449; x_wconf 76' lang='lat' dir='ltr'><strong>insignia</strong></span> <span class='ocrx_word' id='word_1_287' title='bbox 1303 2368 1454 2438; x_wconf 77' lang='lat' dir='ltr'><strong>regni</strong></span> <span class='ocrx_word' id='word_1_288' title='bbox 1490 2368 1808 2437; x_wconf 83' lang='lat' dir='ltr'><strong>assumpsit,</strong></span> <span class='ocrx_word' id='word_1_289' title='bbox 1855 2382 2035 2437; x_wconf 86' lang='lat' dir='ltr'><strong>neque</strong></span> 
     </span>
    </p>
   </div>
   <div class='ocr_carea' id='block_1_39' title="bbox 447 2455 2032 2526">
    <p class='ocr_par' dir='ltr' id='par_1_39' title="bbox 447 2455 2032 2526">
     <span class='ocr_line' id='line_1_39' title="bbox 447 2455 2032 2526; baseline 0.003 -15"><span class='ocrx_word' id='word_1_290' title='bbox 447 2455 696 2511; x_wconf 82' lang='lat' dir='ltr'><strong>diadema</strong></span> <span class='ocrx_word' id='word_1_291' title='bbox 733 2455 961 2526; x_wconf 89' lang='lat' dir='ltr'><strong>adeptus</strong></span> <span class='ocrx_word' id='word_1_292' title='bbox 985 2466 1090 2524; x_wconf 89' lang='lat' dir='ltr'><strong>est,</strong></span> <span class='ocrx_word' id='word_1_293' title='bbox 1113 2461 1207 2513; x_wconf 85' lang='lat' dir='ltr'><strong>sed</strong></span> <span class='ocrx_word' id='word_1_294' title='bbox 1234 2459 1491 2514; x_wconf 89' lang='lat' dir='ltr'><strong>ducatum</strong></span> <span class='ocrx_word' id='word_1_295' title='bbox 1520 2461 1899 2516; x_wconf 79' lang='lat' dir='ltr'><strong>tantummodo</strong></span> <span class='ocrx_word' id='word_1_296' title='bbox 1933 2475 2032 2515; x_wconf 90' lang='lat' dir='ltr'><strong>seu</strong></span> 
     </span>
    </p>
   </div>
   <div class='ocr_carea' id='block_1_40' title="bbox 449 2547 2036 2622">
    <p class='ocr_par' dir='ltr' id='par_1_40' title="bbox 449 2547 2036 2622">
     <span class='ocr_line' id='line_1_40' title="bbox 449 2547 2036 2622; baseline 0.005 -21"><span class='ocrx_word' id='word_1_297' title='bbox 449 2547 831 2617; x_wconf 55' lang='lat' dir='ltr'><strong>praefecturam</strong></span> <span class='ocrx_word' id='word_1_298' title='bbox 882 2550 1064 2621; x_wconf 91' lang='lat' dir='ltr'><strong>populi</strong></span> <span class='ocrx_word' id='word_1_299' title='bbox 1111 2552 1280 2621; x_wconf 75' lang='lat' dir='ltr'><strong>gessit</strong></span> <span class='ocrx_word' id='word_1_300' title='bbox 1328 2568 1345 2607; x_wconf 88' lang='lat'><strong>:</strong></span> <span class='ocrx_word' id='word_1_301' title='bbox 1402 2552 1654 2621; x_wconf 86' lang='lat' dir='ltr'><strong>idemque</strong></span> <span class='ocrx_word' id='word_1_302' title='bbox 1682 2552 1812 2618; x_wconf 85' lang='lat' dir='ltr'><strong>hic,</strong></span> <span class='ocrx_word' id='word_1_303' title='bbox 1850 2562 2036 2622; x_wconf 86' lang='lat' dir='ltr'><strong>utpote</strong></span> 
     </span>
    </p>
   </div>
   <div class='ocr_carea' id='block_1_41' title="bbox 448 2641 2035 2718">
    <p class='ocr_par' dir='ltr' id='par_1_41' title="bbox 448 2641 2035 2718">
     <span class='ocr_line' id='line_1_41' title="bbox 448 2641 2035 2718; baseline 0.007 -25"><span class='ocrx_word' id='word_1_304' title='bbox 448 2654 552 2709; x_wconf 90' lang='lat' dir='ltr'><strong>par</strong></span> <span class='ocrx_word' id='word_1_305' title='bbox 602 2641 760 2695; x_wconf 87' lang='lat' dir='ltr'><strong>nobis</strong></span> <span class='ocrx_word' id='word_1_306' title='bbox 796 2642 979 2708; x_wconf 88' lang='lat' dir='ltr'><strong>homo,</strong></span> <span class='ocrx_word' id='word_1_307' title='bbox 1023 2654 1197 2698; x_wconf 89' lang='lat' dir='ltr'><strong>morte</strong></span> <span class='ocrx_word' id='word_1_308' title='bbox 1245 2644 1599 2715; x_wconf 31' lang='lat' dir='ltr'><strong>interceptus,</strong></span> <span class='ocrx_word' id='word_1_309' title='bbox 1634 2645 1758 2713; x_wconf 81' lang='lat' dir='ltr'><strong>fuit,</strong></span> <span class='ocrx_word' id='word_1_310' title='bbox 1804 2645 2035 2718; x_wconf 77' lang='lat' dir='ltr'><strong>ejusque</strong></span> 
     </span>
    </p>
   </div>
   <div class='ocr_carea' id='block_1_42' title="bbox 449 2732 2037 2808">
    <p class='ocr_par' dir='ltr' id='par_1_42' title="bbox 449 2732 2037 2808">
     <span class='ocr_line' id='line_1_42' title="bbox 449 2732 2037 2808; baseline 0.004 -21"><span class='ocrx_word' id='word_1_311' title='bbox 449 2733 679 2788; x_wconf 77' lang='lat' dir='ltr'><strong>ducatus</strong></span> <span class='ocrx_word' id='word_1_312' title='bbox 734 2732 896 2788; x_wconf 83' lang='lat' dir='ltr'><strong>ﬁnem</strong></span> <span class='ocrx_word' id='word_1_313' title='bbox 930 2745 1123 2790; x_wconf 89' lang='lat' dir='ltr'><strong>nactus</strong></span> <span class='ocrx_word' id='word_1_314' title='bbox 1178 2745 1285 2792; x_wconf 90' lang='lat' dir='ltr'><strong>est.</strong></span> <span class='ocrx_word' id='word_1_315' title='bbox 1320 2734 1508 2807; x_wconf 86' lang='lat' dir='ltr'><strong>Neque</strong></span> <span class='ocrx_word' id='word_1_316' title='bbox 1558 2752 1785 2808; x_wconf 81' lang='lat' dir='ltr'><strong>regnum</strong></span> <span class='ocrx_word' id='word_1_317' title='bbox 1849 2738 2037 2807; x_wconf 88' lang='lat' dir='ltr'><strong>itaque</strong></span> 
     </span>
    </p>
   </div>
   <div class='ocr_carea' id='block_1_43' title="bbox 450 2826 2037 2904">
    <p class='ocr_par' dir='ltr' id='par_1_43' title="bbox 450 2826 2037 2904">
     <span class='ocr_line' id='line_1_43' title="bbox 450 2826 2037 2904; baseline 0.007 -25"><span class='ocrx_word' id='word_1_318' title='bbox 450 2827 592 2896; x_wconf 88' lang='lat' dir='ltr'><strong>apud</strong></span> <span class='ocrx_word' id='word_1_319' title='bbox 646 2826 861 2883; x_wconf 71' lang='lat' dir='ltr'><strong>Judaeos</strong></span> <span class='ocrx_word' id='word_1_320' title='bbox 901 2830 1136 2895; x_wconf 80' lang='lat' dir='ltr'><strong>exstitit,</strong></span> <span class='ocrx_word' id='word_1_321' title='bbox 1187 2845 1364 2902; x_wconf 87' lang='lat' dir='ltr'><strong>neque</strong></span> <span class='ocrx_word' id='word_1_322' title='bbox 1408 2832 1627 2889; x_wconf 86' lang='lat' dir='ltr'><strong>Davidis</strong></span> <span class='ocrx_word' id='word_1_323' title='bbox 1669 2848 1840 2904; x_wconf 77' lang='lat' dir='ltr'><strong>genus</strong></span> <span class='ocrx_word' id='word_1_324' title='bbox 1886 2835 1939 2888; x_wconf 92' lang='lat' dir='ltr'><strong>in</strong></span> <span class='ocrx_word' id='word_1_325' title='bbox 1972 2848 2037 2890; x_wconf 90' lang='lat' dir='ltr'><strong>eo</strong></span> 
     </span>
    </p>
   </div>
   <div class='ocr_carea' id='block_1_44' title="bbox 452 2920 2038 2998">
    <p class='ocr_par' dir='ltr' id='par_1_44' title="bbox 452 2920 2038 2998">
     <span class='ocr_line' id='line_1_44' title="bbox 452 2920 2038 2998; baseline 0.006 -26"><span class='ocrx_word' id='word_1_326' title='bbox 452 2920 803 2976; x_wconf 79' lang='lat' dir='ltr'><strong>manifestum</strong></span> <span class='ocrx_word' id='word_1_327' title='bbox 854 2920 980 2978; x_wconf 83' lang='lat' dir='ltr'><strong>fuit.</strong></span> <span class='ocrx_word' id='word_1_328' title='bbox 1042 2923 1213 2980; x_wconf 82' lang='lat' dir='ltr'><strong>Secus</strong></span> <span class='ocrx_word' id='word_1_329' title='bbox 1257 2940 1388 2980; x_wconf 76' lang='lat' dir='ltr'><strong>vero</strong></span> <span class='ocrx_word' id='word_1_330' title='bbox 1426 2935 1620 2997; x_wconf 70' lang='lat' dir='ltr'><strong>regnat</strong></span> <span class='ocrx_word' id='word_1_331' title='bbox 1684 2926 1775 2982; x_wconf 84' lang='lat' dir='ltr'><strong>ille</strong></span> <span class='ocrx_word' id='word_1_332' title='bbox 1814 2927 1905 2998; x_wconf 87' lang='lat' dir='ltr'><strong>qui</strong></span> <span class='ocrx_word' id='word_1_333' title='bbox 1969 2925 2038 2983; x_wconf 84' lang='lat' dir='ltr'><strong>de</strong></span> 
     </span>
    </p>
   </div>
   <div class='ocr_carea' id='block_1_45' title="bbox 454 3011 2032 3086">
    <p class='ocr_par' dir='ltr' id='par_1_45' title="bbox 454 3011 2032 3086">
     <span class='ocr_line' id='line_1_45' title="bbox 454 3011 2032 3086; baseline 0.005 -20"><span class='ocrx_word' id='word_1_334' title='bbox 454 3011 676 3068; x_wconf 87' lang='lat' dir='ltr'><strong>Davidis</strong></span> <span class='ocrx_word' id='word_1_335' title='bbox 709 3015 918 3070; x_wconf 91' lang='lat' dir='ltr'><strong>semine</strong></span> <span class='ocrx_word' id='word_1_336' title='bbox 960 3018 1260 3071; x_wconf 85' lang='lat' dir='ltr'><strong>secundum</strong></span> <span class='ocrx_word' id='word_1_337' title='bbox 1293 3032 1515 3072; x_wconf 89' lang='lat' dir='ltr'><strong>carnem</strong></span> <span class='ocrx_word' id='word_1_338' title='bbox 1540 3028 1646 3086; x_wconf 90' lang='lat' dir='ltr'><strong>est,</strong></span> <span class='ocrx_word' id='word_1_339' title='bbox 1676 3019 1820 3081; x_wconf 80' lang='lat' dir='ltr'><strong>illius</strong></span> <span class='ocrx_word' id='word_1_340' title='bbox 1847 3029 2032 3074; x_wconf 85' lang='lat' dir='ltr'><strong>autem</strong></span> 
     </span>
    </p>
   </div>
   <div class='ocr_carea' id='block_1_46' title="bbox 2139 1813 3708 1890">
    <p class='ocr_par' dir='ltr' id='par_1_46' title="bbox 2139 1813 3708 1890">
     <span class='ocr_line' id='line_1_46' title="bbox 2139 1813 3708 1890; baseline -0.006 -13"><span class='ocrx_word' id='word_1_341' title='bbox 2139 1822 2426 1878; x_wconf 83' lang='grc' dir='ltr'>καθιεῒται</span> <span class='ocrx_word' id='word_1_342' title='bbox 2474 1822 2686 1890; x_wconf 83' lang='grc' dir='ltr'>Κύριος</span> <span class='ocrx_word' id='word_1_343' title='bbox 2764 1819 3055 1885; x_wconf 74' lang='grc' dir='ltr'>ϐασιλεὺς</span> <span class='ocrx_word' id='word_1_344' title='bbox 3110 1820 3198 1884; x_wconf 80' lang='grc' dir='ltr'><strong>είς</strong></span> <span class='ocrx_word' id='word_1_345' title='bbox 3239 1816 3351 1871; x_wconf 78' lang='grc' dir='ltr'><strong>τὸν</strong></span> <span class='ocrx_word' id='word_1_346' title='bbox 3401 1815 3586 1871; x_wconf 82' lang='grc' dir='ltr'>αίῶνα</span> <span class='ocrx_word' id='word_1_347' title='bbox 3614 1813 3708 1868; x_wconf 80' lang='grc' dir='ltr'>τοῦ</span> 
     </span>
    </p>
   </div>
   <div class='ocr_carea' id='block_1_47' title="bbox 2137 1902 3701 1979">
    <p class='ocr_par' dir='ltr' id='par_1_47' title="bbox 2137 1902 3701 1979">
     <span class='ocr_line' id='line_1_47' title="bbox 2137 1902 3701 1979; baseline -0.006 -13"><span class='ocrx_word' id='word_1_348' title='bbox 2137 1912 2375 1978; x_wconf 69' lang='grc' dir='ltr'>αἰῶνος.</span> <span class='ocrx_word' id='word_1_349' title='bbox 2399 1911 2924 1977; x_wconf 72' lang='grc' dir='ltr'>Καὶ,.Βασιλεύσει</span> <span class='ocrx_word' id='word_1_350' title='bbox 2965 1911 3183 1979; x_wconf 83' lang='grc' dir='ltr'>Κύριος</span> <span class='ocrx_word' id='word_1_351' title='bbox 3213 1911 3305 1974; x_wconf 80' lang='grc' dir='ltr'>εις</span> <span class='ocrx_word' id='word_1_352' title='bbox 3333 1905 3443 1961; x_wconf 76' lang='grc' dir='ltr'><strong>τὸν</strong></span> <span class='ocrx_word' id='word_1_353' title='bbox 3495 1902 3701 1960; x_wconf 69' lang='grc' dir='ltr'><strong>αἰῶνα·</strong></span> 
     </span>
    </p>
   </div>
   <div class='ocr_carea' id='block_1_48' title="bbox 2139 1998 3707 2072">
    <p class='ocr_par' dir='ltr' id='par_1_48' title="bbox 2139 1998 3707 2072">
     <span class='ocr_line' id='line_1_48' title="bbox 2139 1998 3707 2072; baseline -0.008 -11"><span class='ocrx_word' id='word_1_354' title='bbox 2139 2009 2173 2061; x_wconf 84' lang='grc' dir='ltr'><em>ό</em></span> <span class='ocrx_word' id='word_1_355' title='bbox 2202 2007 2346 2072; x_wconf 86' lang='grc' dir='ltr'>Θεός</span> <span class='ocrx_word' id='word_1_356' title='bbox 2373 2019 2535 2069; x_wconf 64' lang='grc' dir='ltr'>σου,</span> <span class='ocrx_word' id='word_1_357' title='bbox 2561 2003 2852 2069; x_wconf 57' lang='lat' dir='ltr'><strong>hiemale</strong></span> <span class='ocrx_word' id='word_1_358' title='bbox 2897 2001 3240 2072; x_wconf 57' lang='lat' dir='ltr'><strong>remearunt</strong></span> <span class='ocrx_word' id='word_1_359' title='bbox 3290 1998 3529 2068; x_wconf 78' lang='grc' dir='ltr'>γενεάν.</span> <span class='ocrx_word' id='word_1_360' title='bbox 3589 1998 3707 2059; x_wconf 77' lang='grc' dir='ltr'>Καὶ,</span> 
     </span>
    </p>
   </div>
   <div class='ocr_carea' id='block_1_49' title="bbox 2139 2088 3709 2164">
    <p class='ocr_par' dir='ltr' id='par_1_49' title="bbox 2139 2088 3709 2164">
     <span class='ocr_line' id='line_1_49' title="bbox 2139 2088 3709 2164; baseline -0.006 -12"><span class='ocrx_word' id='word_1_361' title='bbox 2139 2092 2329 2153; x_wconf 77' lang='grc' dir='ltr'><strong>Εἶπεν</strong></span> <span class='ocrx_word' id='word_1_362' title='bbox 2348 2098 2381 2150; x_wconf 83' lang='grc' dir='ltr'><em>ὁ</em></span> <span class='ocrx_word' id='word_1_363' title='bbox 2401 2096 2616 2164; x_wconf 79' lang='grc' dir='ltr'>Κύριος</span> <span class='ocrx_word' id='word_1_364' title='bbox 2642 2092 2725 2161; x_wconf 79' lang='grc' dir='ltr'><strong>τῷ</strong></span> <span class='ocrx_word' id='word_1_365' title='bbox 2743 2095 2938 2163; x_wconf 81' lang='grc' dir='ltr'><strong>Κυρίῳ</strong></span> <span class='ocrx_word' id='word_1_366' title='bbox 2973 2111 3094 2164; x_wconf 85' lang='grc' dir='ltr'>μου</span> <span class='ocrx_word' id='word_1_367' title='bbox 3120 2111 3137 2125; x_wconf 75' lang='grc' dir='ltr'><strong>ο</strong></span> <span class='ocrx_word' id='word_1_368' title='bbox 3161 2091 3366 2147; x_wconf 74' lang='grc' dir='ltr'>Κάθου</span> <span class='ocrx_word' id='word_1_369' title='bbox 3396 2092 3467 2145; x_wconf 80' lang='grc' dir='ltr'>ἐκ</span> <span class='ocrx_word' id='word_1_370' title='bbox 3510 2088 3709 2154; x_wconf 78' lang='grc' dir='ltr'><strong>δεξιῶν</strong></span> 
     </span>
    </p>
   </div>
   <div class='ocr_carea' id='block_1_50' title="bbox 2133 2180 3719 2259">
    <p class='ocr_par' dir='ltr' id='par_1_50' title="bbox 2133 2180 3719 2259">
     <span class='ocr_line' id='line_1_50' title="bbox 2133 2180 3719 2259; baseline -0.007 -15"><span class='ocrx_word' id='word_1_371' title='bbox 2133 2205 2275 2259; x_wconf 83' lang='grc' dir='ltr'>μου,</span> <span class='ocrx_word' id='word_1_372' title='bbox 2307 2186 2418 2254; x_wconf 77' lang='grc' dir='ltr'>ἕως</span> <span class='ocrx_word' id='word_1_373' title='bbox 2441 2187 2519 2241; x_wconf 80' lang='grc' dir='ltr'><strong>ἂν</strong></span> <span class='ocrx_word' id='word_1_374' title='bbox 2545 2184 2629 2243; x_wconf 86' lang='grc' dir='ltr'>θῶ</span> <span class='ocrx_word' id='word_1_375' title='bbox 2658 2185 2801 2252; x_wconf 75' lang='grc' dir='ltr'>τοὺς</span> <span class='ocrx_word' id='word_1_376' title='bbox 2824 2186 3079 2256; x_wconf 82' lang='grc' dir='ltr'>ἐχθρούς</span> <span class='ocrx_word' id='word_1_377' title='bbox 3100 2201 3220 2240; x_wconf 89' lang='grc' dir='ltr'>σου</span> <span class='ocrx_word' id='word_1_378' title='bbox 3241 2182 3594 2240; x_wconf 66' lang='grc' dir='ltr'>ὑποπόδιον</span> <span class='ocrx_word' id='word_1_379' title='bbox 3604 2180 3719 2235; x_wconf 67' lang='grc' dir='ltr'><strong>τῶν</strong></span> 
     </span>
    </p>
   </div>
   <div class='ocr_carea' id='block_1_51' title="bbox 2140 2273 3703 2346">
    <p class='ocr_par' dir='ltr' id='par_1_51' title="bbox 2140 2273 3703 2346">
     <span class='ocr_line' id='line_1_51' title="bbox 2140 2273 3703 2346; baseline -0.006 -11"><span class='ocrx_word' id='word_1_380' title='bbox 2140 2278 2344 2335; x_wconf 81' lang='grc' dir='ltr'><em>ποδῶν</em></span> <span class='ocrx_word' id='word_1_381' title='bbox 2368 2292 2506 2334; x_wconf 89' lang='grc' dir='ltr'>σου.</span> <span class='ocrx_word' id='word_1_382' title='bbox 2540 2280 2655 2333; x_wconf 80' lang='grc' dir='ltr'><strong>Ούκ</strong></span> <span class='ocrx_word' id='word_1_383' title='bbox 2683 2276 2904 2346; x_wconf 81' lang='grc' dir='ltr'>εύλογον</span> <span class='ocrx_word' id='word_1_384' title='bbox 2933 2273 3052 2341; x_wconf 83' lang='grc' dir='ltr'>οὖν,</span> <span class='ocrx_word' id='word_1_385' title='bbox 3082 2276 3444 2331; x_wconf 50' lang='grc' dir='ltr'>ἀδύνατοννδὲ</span> <span class='ocrx_word' id='word_1_386' title='bbox 3499 2275 3703 2345; x_wconf 74' lang='grc' dir='ltr'>μᾶλλον,</span> 
     </span>
    </p>
   </div>
   <div class='ocr_carea' id='block_1_52' title="bbox 2140 2367 3706 2441">
    <p class='ocr_par' dir='ltr' id='par_1_52' title="bbox 2140 2367 3706 2441">
     <span class='ocr_line' id='line_1_52' title="bbox 2140 2367 3706 2441; baseline -0.004 -15"><span class='ocrx_word' id='word_1_387' title='bbox 2140 2370 2317 2426; x_wconf 84' lang='grc' dir='ltr'>ταῦτα</span> <span class='ocrx_word' id='word_1_388' title='bbox 2345 2370 2422 2441; x_wconf 84' lang='grc' dir='ltr'>τῷ</span> <span class='ocrx_word' id='word_1_389' title='bbox 2447 2369 2542 2424; x_wconf 76' lang='grc' dir='ltr'><strong>τοῦ</strong></span> <span class='ocrx_word' id='word_1_390' title='bbox 2570 2369 2842 2441; x_wconf 81' lang='grc' dir='ltr'>Σαλαθίὴλ</span> <span class='ocrx_word' id='word_1_391' title='bbox 2876 2370 3215 2441; x_wconf 72' lang='grc' dir='ltr'><strong>ἐφαρμόζειν</strong></span> <span class='ocrx_word' id='word_1_392' title='bbox 3240 2385 3255 2401; x_wconf 79' lang='grc' dir='ltr'><strong>ο</strong></span> <span class='ocrx_word' id='word_1_393' title='bbox 3297 2369 3362 2422; x_wconf 79' lang='grc' dir='ltr'><strong>ού</strong></span> <span class='ocrx_word' id='word_1_394' title='bbox 3410 2369 3523 2439; x_wconf 74' lang='grc' dir='ltr'><strong>γάρ</strong></span> <span class='ocrx_word' id='word_1_395' title='bbox 3559 2367 3620 2438; x_wconf 80' lang='grc' dir='ltr'>δὴ</span> <span class='ocrx_word' id='word_1_396' title='bbox 3646 2367 3706 2420; x_wconf 64' lang='grc' dir='ltr'><strong>τὰ</strong></span> 
     </span>
    </p>
   </div>
   <div class='ocr_carea' id='block_1_53' title="bbox 2140 2460 3700 2539">
    <p class='ocr_par' dir='ltr' id='par_1_53' title="bbox 2140 2460 3700 2539">
     <span class='ocr_line' id='line_1_53' title="bbox 2140 2460 3700 2539; baseline -0.003 -24"><span class='ocrx_word' id='word_1_397' title='bbox 2140 2462 2242 2533; x_wconf 80' lang='grc' dir='ltr'>τῆς</span> <span class='ocrx_word' id='word_1_398' title='bbox 2294 2460 2574 2531; x_wconf 80' lang='grc' dir='ltr'>βασιλείας</span> <span class='ocrx_word' id='word_1_399' title='bbox 2614 2461 2831 2526; x_wconf 74' lang='grc' dir='ltr'>ἐδέξατο</span> <span class='ocrx_word' id='word_1_400' title='bbox 2882 2460 3152 2539; x_wconf 76' lang='grc' dir='ltr'>σύμϐολα,</span> <span class='ocrx_word' id='word_1_401' title='bbox 3197 2460 3324 2515; x_wconf 78' lang='grc' dir='ltr'>οὐδὲ</span> <span class='ocrx_word' id='word_1_402' title='bbox 3375 2461 3700 2530; x_wconf 77' lang='grc' dir='ltr'>ὲμεμοίρατο</span> 
     </span>
    </p>
   </div>
   <div class='ocr_carea' id='block_1_54' title="bbox 2140 2553 3711 2626">
    <p class='ocr_par' dir='ltr' id='par_1_54' title="bbox 2140 2553 3711 2626">
     <span class='ocr_line' id='line_1_54' title="bbox 2140 2553 3711 2626; baseline -0.004 -17"><span class='ocrx_word' id='word_1_403' title='bbox 2140 2554 2488 2626; x_wconf 83' lang='grc' dir='ltr'>διαδήματος,</span> <span class='ocrx_word' id='word_1_404' title='bbox 2517 2554 2619 2626; x_wconf 80' lang='grc' dir='ltr'>τὴν</span> <span class='ocrx_word' id='word_1_405' title='bbox 2647 2554 2947 2626; x_wconf 73' lang='grc' dir='ltr'>ἠγεμονίαν</span> <span class='ocrx_word' id='word_1_406' title='bbox 2998 2554 3057 2609; x_wconf 72' lang='grc' dir='ltr'>δὲ</span> <span class='ocrx_word' id='word_1_407' title='bbox 3111 2553 3318 2608; x_wconf 83' lang='grc' dir='ltr'>διέπων</span> <span class='ocrx_word' id='word_1_408' title='bbox 3372 2555 3471 2605; x_wconf 71' lang='grc' dir='ltr'><strong>καὶ</strong></span> <span class='ocrx_word' id='word_1_409' title='bbox 3529 2568 3711 2624; x_wconf 68' lang='grc' dir='ltr'>στρατδ</span> 
     </span>
    </p>
   </div>
   <div class='ocr_carea' id='block_1_55' title="bbox 2142 2639 3705 2716">
    <p class='ocr_par' dir='ltr' id='par_1_55' title="bbox 2142 2639 3705 2716">
     <span class='ocr_line' id='line_1_55' title="bbox 2142 2639 3705 2716; baseline -0.001 -19"><span class='ocrx_word' id='word_1_410' title='bbox 2142 2645 2293 2716; x_wconf 88' lang='grc' dir='ltr'><strong>ηγῶν</strong></span> <span class='ocrx_word' id='word_1_411' title='bbox 2320 2644 2414 2698; x_wconf 85' lang='grc' dir='ltr'>τοῦ</span> <span class='ocrx_word' id='word_1_412' title='bbox 2452 2644 2584 2699; x_wconf 77' lang='grc' dir='ltr'>λαοῦ</span> <span class='ocrx_word' id='word_1_413' title='bbox 2610 2645 2865 2699; x_wconf 80' lang='grc' dir='ltr'>διετέλειο</span> <span class='ocrx_word' id='word_1_414' title='bbox 2897 2644 3061 2708; x_wconf 79' lang='grc' dir='ltr'>αὐτός</span> <span class='ocrx_word' id='word_1_415' title='bbox 3087 2661 3148 2697; x_wconf 87' lang='grc' dir='ltr'><strong>τε</strong></span> <span class='ocrx_word' id='word_1_416' title='bbox 3164 2639 3323 2707; x_wconf 77' lang='grc' dir='ltr'>οὗτος</span> <span class='ocrx_word' id='word_1_417' title='bbox 3350 2639 3439 2698; x_wconf 71' lang='grc' dir='ltr'>οἷα</span> <span class='ocrx_word' id='word_1_418' title='bbox 3468 2643 3532 2715; x_wconf 84' lang='grc' dir='ltr'>δή</span> <span class='ocrx_word' id='word_1_419' title='bbox 3561 2660 3705 2712; x_wconf 83' lang='grc' dir='ltr'>γεγο-</span> 
     </span>
    </p>
   </div>
   <div class='ocr_carea' id='block_1_56' title="bbox 2142 2734 3712 2809">
    <p class='ocr_par' dir='ltr' id='par_1_56' title="bbox 2142 2734 3712 2809">
     <span class='ocr_line' id='line_1_56' title="bbox 2142 2734 3712 2809; baseline -0.003 -18"><span class='ocrx_word' id='word_1_420' title='bbox 2142 2734 2250 2799; x_wconf 85' lang='grc' dir='ltr'>νὼς</span> <span class='ocrx_word' id='word_1_421' title='bbox 2273 2737 2399 2791; x_wconf 87' lang='grc' dir='ltr'>καθ’</span> <span class='ocrx_word' id='word_1_422' title='bbox 2432 2738 2581 2809; x_wconf 79' lang='grc' dir='ltr'>ἡμᾶς</span> <span class='ocrx_word' id='word_1_423' title='bbox 2613 2737 2924 2809; x_wconf 78' lang='grc' dir='ltr'>ἄνθρωπος.</span> <span class='ocrx_word' id='word_1_424' title='bbox 2947 2737 3167 2809; x_wconf 80' lang='grc' dir='ltr'><strong>θανάτῳ</strong></span> <span class='ocrx_word' id='word_1_425' title='bbox 3214 2736 3473 2808; x_wconf 83' lang='grc' dir='ltr'>διεκόπη,</span> <span class='ocrx_word' id='word_1_426' title='bbox 3509 2735 3602 2790; x_wconf 71' lang='grc' dir='ltr'>καὶ</span> <span class='ocrx_word' id='word_1_427' title='bbox 3653 2735 3712 2788; x_wconf 72' lang='grc' dir='ltr'>τὰ</span> 
     </span>
    </p>
   </div>
   <div class='ocr_carea' id='block_1_57' title="bbox 2141 2810 3709 2899">
    <p class='ocr_par' dir='ltr' id='par_1_57' title="bbox 2141 2810 3709 2899">
     <span class='ocr_line' id='line_1_57' title="bbox 2141 2810 3709 2899; baseline -0.001 -18"><span class='ocrx_word' id='word_1_428' title='bbox 2141 2829 2241 2899; x_wconf 84' lang='grc' dir='ltr'><strong>τῆς</strong></span> <span class='ocrx_word' id='word_1_429' title='bbox 2273 2828 2571 2899; x_wconf 77' lang='grc' dir='ltr'>ἡγεμονίας</span> <span class='ocrx_word' id='word_1_430' title='bbox 2630 2829 2783 2893; x_wconf 81' lang='grc' dir='ltr'>τέλος</span> <span class='ocrx_word' id='word_1_431' title='bbox 2834 2810 3140 2898; x_wconf 77' lang='grc' dir='ltr'>ἀπείληφεν</span> <span class='ocrx_word' id='word_1_432' title='bbox 3165 2844 3181 2859; x_wconf 89' lang='grc'><strong>·</strong></span> <span class='ocrx_word' id='word_1_433' title='bbox 3256 2828 3375 2882; x_wconf 74' lang='grc' dir='ltr'>οὒτ’</span> <span class='ocrx_word' id='word_1_434' title='bbox 3432 2824 3525 2882; x_wconf 81' lang='grc' dir='ltr'>οὖν</span> <span class='ocrx_word' id='word_1_435' title='bbox 3572 2826 3709 2898; x_wconf 83' lang='grc' dir='ltr'>παρὰ</span> 
     </span>
    </p>
   </div>
   <div class='ocr_carea' id='block_1_58' title="bbox 2156 2917 3711 2990">
    <p class='ocr_par' dir='ltr' id='par_1_58' title="bbox 2156 2917 3711 2990">
     <span class='ocr_line' id='line_1_58' title="bbox 2156 2917 3711 2990; baseline 0 -17"><span class='ocrx_word' id='word_1_436' title='bbox 2156 2918 2431 2984; x_wconf 76' lang='grc' dir='ltr'>Ἰουδαίοις</span> <span class='ocrx_word' id='word_1_437' title='bbox 2462 2919 2731 2990; x_wconf 83' lang='grc' dir='ltr'>βασιλεία,</span> <span class='ocrx_word' id='word_1_438' title='bbox 2785 2919 2909 2974; x_wconf 71' lang='grc' dir='ltr'>οὐδὲ</span> <span class='ocrx_word' id='word_1_439' title='bbox 2963 2920 3025 2974; x_wconf 79' lang='grc' dir='ltr'>τὸ</span> <span class='ocrx_word' id='word_1_440' title='bbox 3078 2918 3245 2974; x_wconf 77' lang='grc' dir='ltr'>Δαϐὶδ</span> <span class='ocrx_word' id='word_1_441' title='bbox 3296 2920 3459 2988; x_wconf 81' lang='grc' dir='ltr'>γένος</span> <span class='ocrx_word' id='word_1_442' title='bbox 3501 2917 3711 2988; x_wconf 78' lang='grc' dir='ltr'>κατάδη-</span> 
     </span>
    </p>
   </div>
   <div class='ocr_carea' id='block_1_59' title="bbox 2145 3010 3712 3083">
    <p class='ocr_par' dir='ltr' id='par_1_59' title="bbox 2145 3010 3712 3083">
     <span class='ocr_line' id='line_1_59' title="bbox 2145 3010 3712 3083; baseline -0.001 -18"><span class='ocrx_word' id='word_1_443' title='bbox 2145 3011 2237 3065; x_wconf 88' lang='grc' dir='ltr'><strong>λον</strong></span> <span class='ocrx_word' id='word_1_444' title='bbox 2258 3028 2273 3044; x_wconf 75' lang='grc' dir='ltr'><strong><em>ο</em></strong></span> <span class='ocrx_word' id='word_1_445' title='bbox 2306 3011 2582 3083; x_wconf 76' lang='grc' dir='ltr'>βασιλεύει</span> <span class='ocrx_word' id='word_1_446' title='bbox 2609 3012 2668 3067; x_wconf 85' lang='grc' dir='ltr'>δὲ</span> <span class='ocrx_word' id='word_1_447' title='bbox 2710 3013 2739 3066; x_wconf 86' lang='grc' dir='ltr'>ὁ</span> <span class='ocrx_word' id='word_1_448' title='bbox 2768 3014 2834 3067; x_wconf 82' lang='grc' dir='ltr'>ὲκ</span> <span class='ocrx_word' id='word_1_449' title='bbox 2892 3012 3208 3083; x_wconf 84' lang='grc' dir='ltr'>σπέρματος</span> <span class='ocrx_word' id='word_1_450' title='bbox 3265 3011 3441 3065; x_wconf 78' lang='grc' dir='ltr'>Δασὶδ</span> <span class='ocrx_word' id='word_1_451' title='bbox 3469 3012 3534 3065; x_wconf 84' lang='grc' dir='ltr'>τὸ</span> <span class='ocrx_word' id='word_1_452' title='bbox 3582 3010 3712 3065; x_wconf 81' lang='grc' dir='ltr'>κατὰ</span> 
     </span>
    </p>
   </div>
   <div class='ocr_carea' id='block_1_60' title="bbox 455 3102 2034 3179">
    <p class='ocr_par' dir='ltr' id='par_1_60' title="bbox 455 3104 2030 3179">
     <span class='ocr_line' id='line_1_60' title="bbox 455 3104 2030 3179; baseline 0.005 -20"><span class='ocrx_word' id='word_1_453' title='bbox 455 3104 546 3160; x_wconf 87' lang='lat' dir='ltr'><strong>Dei</strong></span> <span class='ocrx_word' id='word_1_454' title='bbox 575 3105 755 3164; x_wconf 83' lang='lat' dir='ltr'><strong>Patris</strong></span> <span class='ocrx_word' id='word_1_455' title='bbox 790 3109 1103 3179; x_wconf 75' lang='lat' dir='ltr'><strong>unigenitus</strong></span> <span class='ocrx_word' id='word_1_456' title='bbox 1134 3110 1276 3164; x_wconf 89' lang='lat' dir='ltr'><strong>idem</strong></span> <span class='ocrx_word' id='word_1_457' title='bbox 1321 3113 1626 3167; x_wconf 86' lang='lat' dir='ltr'><strong>secundum</strong></span> <span class='ocrx_word' id='word_1_458' title='bbox 1664 3112 2030 3168; x_wconf 83' lang='lat' dir='ltr'><strong>divinitatem.</strong></span> 
     </span>
    </p>
   </div>
   <div class='ocr_carea' id='block_1_61' title="bbox 2140 3102 3713 3179">
    <p class='ocr_par' dir='ltr' id='par_1_61' title="bbox 2146 3102 3713 3175">
     <span class='ocr_line' id='line_1_61' title="bbox 2146 3102 3713 3175; baseline 0.001 -20"><span class='ocrx_word' id='word_1_459' title='bbox 2146 3102 2348 3173; x_wconf 83' lang='grc' dir='ltr'>σάρκα,</span> <span class='ocrx_word' id='word_1_460' title='bbox 2380 3102 2507 3166; x_wconf 75' lang='grc' dir='ltr'>Υἱὸς</span> <span class='ocrx_word' id='word_1_461' title='bbox 2545 3102 2602 3157; x_wconf 85' lang='grc' dir='ltr'>δὲ</span> <span class='ocrx_word' id='word_1_462' title='bbox 2662 3104 2759 3156; x_wconf 80' lang='grc' dir='ltr'>τοῦ</span> <span class='ocrx_word' id='word_1_463' title='bbox 2820 3103 2957 3158; x_wconf 77' lang='grc' dir='ltr'>Θεοῦ</span> <span class='ocrx_word' id='word_1_464' title='bbox 3010 3104 3107 3158; x_wconf 76' lang='grc' dir='ltr'>καὶ</span> <span class='ocrx_word' id='word_1_465' title='bbox 3164 3103 3385 3174; x_wconf 78' lang='grc' dir='ltr'>Πατρδς</span> <span class='ocrx_word' id='word_1_466' title='bbox 3438 3102 3713 3175; x_wconf 80' lang='grc' dir='ltr'>μονογενὴς</span> 
     </span>
    </p>
   </div>
   <div class='ocr_carea' id='block_1_62' title="bbox 454 3187 2040 3274">
    <p class='ocr_par' dir='ltr' id='par_1_62' title="bbox 454 3187 2040 3274">
     <span class='ocr_line' id='line_1_62' title="bbox 454 3187 2040 3274; baseline 0.004 -20"><span class='ocrx_word' id='word_1_467' title='bbox 454 3187 645 3255; x_wconf 84' lang='lat' dir='ltr'><strong>Nonne</strong></span> <span class='ocrx_word' id='word_1_468' title='bbox 669 3200 756 3257; x_wconf 85' lang='lat' dir='ltr'><strong>his</strong></span> <span class='ocrx_word' id='word_1_469' title='bbox 793 3203 943 3272; x_wconf 88' lang='lat' dir='ltr'><strong>paria</strong></span> <span class='ocrx_word' id='word_1_470' title='bbox 979 3203 1136 3258; x_wconf 85' lang='lat' dir='ltr'><strong>divus</strong></span> <span class='ocrx_word' id='word_1_471' title='bbox 1178 3218 1397 3274; x_wconf 87' lang='lat' dir='ltr'><strong>quoque</strong></span> <span class='ocrx_word' id='word_1_472' title='bbox 1430 3204 1650 3261; x_wconf 87' lang='lat' dir='ltr'><strong>Gabriel</strong></span> <span class='ocrx_word' id='word_1_473' title='bbox 1679 3206 2040 3260; x_wconf 71' lang='lat' dir='ltr'><strong>sanctissime</strong></span> 
     </span>
    </p>
   </div>
   <div class='ocr_carea' id='block_1_63' title="bbox 454 3294 2039 3367">
    <p class='ocr_par' dir='ltr' id='par_1_63' title="bbox 454 3294 2039 3367">
     <span class='ocr_line' id='line_1_63' title="bbox 454 3294 2039 3367; baseline 0.003 -19"><span class='ocrx_word' id='word_1_474' title='bbox 454 3294 872 3367; x_wconf 61' lang='lat' dir='ltr'><strong>purissimaque</strong></span> <span class='ocrx_word' id='word_1_475' title='bbox 932 3295 1177 3367; x_wconf 80' lang='lat' dir='ltr'><strong>Virgini,</strong></span> <span class='ocrx_word' id='word_1_476' title='bbox 1235 3313 1357 3354; x_wconf 90' lang='lat' dir='ltr'><strong>cum</strong></span> <span class='ocrx_word' id='word_1_477' title='bbox 1421 3300 1471 3355; x_wconf 91' lang='lat' dir='ltr'><strong>ei</strong></span> <span class='ocrx_word' id='word_1_478' title='bbox 1526 3300 1743 3356; x_wconf 85' lang='lat' dir='ltr'><strong>animos</strong></span> <span class='ocrx_word' id='word_1_479' title='bbox 1789 3299 2039 3367; x_wconf 82' lang='lat' dir='ltr'><strong>adderet,</strong></span> 
     </span>
    </p>
   </div>
   <div class='ocr_carea' id='block_1_64' title="bbox 455 3388 2035 3462">
    <p class='ocr_par' dir='ltr' id='par_1_64' title="bbox 455 3388 2035 3462">
     <span class='ocr_line' id='line_1_64' title="bbox 455 3388 2035 3462; baseline 0.002 -20"><span class='ocrx_word' id='word_1_480' title='bbox 455 3388 820 3457; x_wconf 79' lang='lat' dir='ltr'><strong>loquebatur?</strong></span> <span class='ocrx_word' id='word_1_481' title='bbox 856 3389 937 3444; x_wconf 89' lang='lat' dir='ltr'><strong>Ne</strong></span> <span class='ocrx_word' id='word_1_482' title='bbox 968 3391 1177 3456; x_wconf 84' lang='lat' dir='ltr'><strong>timeas,</strong></span> <span class='ocrx_word' id='word_1_483' title='bbox 1218 3390 1417 3457; x_wconf 76' lang='lat' dir='ltr'><strong>Maria,</strong></span> <span class='ocrx_word' id='word_1_484' title='bbox 1457 3394 1702 3448; x_wconf 73' lang='lat' dir='ltr'><strong>invenisti</strong></span> <span class='ocrx_word' id='word_1_485' title='bbox 1736 3393 1879 3448; x_wconf 85' lang='lat' dir='ltr'><strong>enim</strong></span> <span class='ocrx_word' id='word_1_486' title='bbox 1909 3409 2035 3462; x_wconf 85' lang='lat' dir='ltr'><strong>gra-</strong></span> 
     </span>
    </p>
   </div>
   <div class='ocr_carea' id='block_1_65' title="bbox 2140 3195 3711 3270">
    <p class='ocr_par' dir='ltr' id='par_1_65' title="bbox 2140 3195 3711 3270">
     <span class='ocr_line' id='line_1_65' title="bbox 2140 3195 3711 3270; baseline -0.001 -21"><span class='ocrx_word' id='word_1_487' title='bbox 2140 3195 2349 3260; x_wconf 79' lang='grc' dir='ltr'>ὁαύτὸς</span> <span class='ocrx_word' id='word_1_488' title='bbox 2390 3197 2535 3252; x_wconf 75' lang='grc' dir='ltr'>κατὰ</span> <span class='ocrx_word' id='word_1_489' title='bbox 2563 3197 2664 3266; x_wconf 75' lang='grc' dir='ltr'>τὴν</span> <span class='ocrx_word' id='word_1_490' title='bbox 2702 3195 2962 3268; x_wconf 80' lang='grc' dir='ltr'>θεότητα’</span> <span class='ocrx_word' id='word_1_491' title='bbox 3001 3196 3184 3270; x_wconf 76' lang='grc' dir='ltr'>ἦούχὶ</span> <span class='ocrx_word' id='word_1_492' title='bbox 3236 3199 3309 3252; x_wconf 76' lang='grc' dir='ltr'>τὰ</span> <span class='ocrx_word' id='word_1_493' title='bbox 3365 3197 3711 3269; x_wconf 84' lang='grc' dir='ltr'>παραπλήσια</span> 
     </span>
    </p>
   </div>
   <div class='ocr_carea' id='block_1_66' title="bbox 2142 3285 3708 3361">
    <p class='ocr_par' dir='ltr' id='par_1_66' title="bbox 2142 3285 3708 3361">
     <span class='ocr_line' id='line_1_66' title="bbox 2142 3285 3708 3361; baseline -0.001 -21"><span class='ocrx_word' id='word_1_494' title='bbox 2142 3286 2302 3341; x_wconf 82' lang='grc' dir='ltr'>καὶὸ</span> <span class='ocrx_word' id='word_1_495' title='bbox 2327 3287 2469 3350; x_wconf 83' lang='grc' dir='ltr'>θεῖος</span> <span class='ocrx_word' id='word_1_496' title='bbox 2495 3287 2735 3359; x_wconf 77' lang='grc' dir='ltr'>Γαϐριὴλ</span> <span class='ocrx_word' id='word_1_497' title='bbox 2791 3290 2858 3358; x_wconf 76' lang='grc' dir='ltr'><strong>τῇ</strong></span> <span class='ocrx_word' id='word_1_498' title='bbox 2920 3287 3181 3361; x_wconf 80' lang='grc' dir='ltr'>πανάγνῳ</span> <span class='ocrx_word' id='word_1_499' title='bbox 3230 3289 3329 3342; x_wconf 76' lang='grc' dir='ltr'>καὶ</span> <span class='ocrx_word' id='word_1_500' title='bbox 3395 3285 3708 3356; x_wconf 82' lang='grc' dir='ltr'>παναμὼμῳ</span> 
     </span>
    </p>
   </div>
   <div class='ocr_carea' id='block_1_67' title="bbox 2143 3377 3710 3452">
    <p class='ocr_par' dir='ltr' id='par_1_67' title="bbox 2143 3377 3710 3452">
     <span class='ocr_line' id='line_1_67' title="bbox 2143 3377 3710 3452; baseline -0.001 -21"><span class='ocrx_word' id='word_1_501' title='bbox 2143 3377 2427 3450; x_wconf 77' lang='grc' dir='ltr'>Παρθένῳ,</span> <span class='ocrx_word' id='word_1_502' title='bbox 2471 3380 2593 3433; x_wconf 73' lang='grc' dir='ltr'>ἐπεὶ</span> <span class='ocrx_word' id='word_1_503' title='bbox 2623 3377 2792 3450; x_wconf 79' lang='grc' dir='ltr'>αὐτὴν</span> <span class='ocrx_word' id='word_1_504' title='bbox 2820 3379 3225 3451; x_wconf 70' lang='grc' dir='ltr'>παρεθάρρυνε,</span> <span class='ocrx_word' id='word_1_505' title='bbox 3259 3378 3674 3452; x_wconf 80' lang='grc' dir='ltr'>προσδιελέγετο</span> <span class='ocrx_word' id='word_1_506' title='bbox 3699 3394 3710 3439; x_wconf 88' lang='lat'><strong>;</strong></span> 
     </span>
    </p>
   </div>
   <div class='ocr_carea' id='block_1_68' title="bbox 455 3468 2034 3553">
    <p class='ocr_par' dir='ltr' id='par_1_68' title="bbox 455 3481 2034 3553">
     <span class='ocr_line' id='line_1_68' title="bbox 455 3481 2034 3553; baseline 0.003 -19"><span class='ocrx_word' id='word_1_507' title='bbox 455 3482 587 3535; x_wconf 85' lang='lat' dir='ltr'><strong>tiam</strong></span> <span class='ocrx_word' id='word_1_508' title='bbox 621 3482 763 3553; x_wconf 84' lang='lat' dir='ltr'><strong>apud</strong></span> <span class='ocrx_word' id='word_1_509' title='bbox 812 3481 1001 3537; x_wconf 88' lang='lat' dir='ltr'><strong>Deunt.</strong></span> <span class='ocrx_word' id='word_1_510' title='bbox 1039 3483 1106 3536; x_wconf 73' lang='lat' dir='ltr'><strong>Et</strong></span> <span class='ocrx_word' id='word_1_511' title='bbox 1159 3485 1429 3551; x_wconf 83' lang='lat' dir='ltr'><strong>concipies</strong></span> <span class='ocrx_word' id='word_1_512' title='bbox 1471 3486 1527 3538; x_wconf 89' lang='lat' dir='ltr'><strong>in</strong></span> <span class='ocrx_word' id='word_1_513' title='bbox 1576 3493 1748 3547; x_wconf 87' lang='lat' dir='ltr'><strong>utero.</strong></span> <span class='ocrx_word' id='word_1_514' title='bbox 1784 3494 1831 3540; x_wconf 89' lang='lat' dir='ltr'><strong>et</strong></span> <span class='ocrx_word' id='word_1_515' title='bbox 1867 3485 2034 3551; x_wconf 74' lang='lat' dir='ltr'><strong>pariet</strong></span> 
     </span>
    </p>
   </div>
   <div class='ocr_carea' id='block_1_69' title="bbox 2140 3468 3710 3553">
    <p class='ocr_par' dir='ltr' id='par_1_69' title="bbox 2142 3468 3710 3543">
     <span class='ocr_line' id='line_1_69' title="bbox 2142 3468 3710 3543; baseline -0.001 -18"><span class='ocrx_word' id='word_1_516' title='bbox 2142 3471 2241 3539; x_wconf 77' lang='grc' dir='ltr'><strong>Μὴ</strong></span> <span class='ocrx_word' id='word_1_517' title='bbox 2279 3472 2490 3540; x_wconf 77' lang='grc' dir='ltr'>φοϐοῦ,</span> <span class='ocrx_word' id='word_1_518' title='bbox 2535 3472 2795 3542; x_wconf 69' lang='grc' dir='ltr'>Μαριάμο</span> <span class='ocrx_word' id='word_1_519' title='bbox 2850 3468 3025 3541; x_wconf 82' lang='grc' dir='ltr'>εὗρες</span> <span class='ocrx_word' id='word_1_520' title='bbox 3052 3473 3165 3543; x_wconf 76' lang='grc' dir='ltr'>γὰρ</span> <span class='ocrx_word' id='word_1_521' title='bbox 3200 3474 3385 3543; x_wconf 75' lang='grc' dir='ltr'>χάριν</span> <span class='ocrx_word' id='word_1_522' title='bbox 3441 3471 3597 3540; x_wconf 79' lang='grc' dir='ltr'>παρὰ</span> <span class='ocrx_word' id='word_1_523' title='bbox 3640 3468 3710 3534; x_wconf 81' lang='grc' dir='ltr'>τῷ</span> 
     </span>
    </p>
   </div>
   <div class='ocr_carea' id='block_1_70' title="bbox 458 3571 2044 3644">
    <p class='ocr_par' dir='ltr' id='par_1_70' title="bbox 458 3571 2044 3644">
     <span class='ocr_line' id='line_1_70' title="bbox 458 3571 2044 3644; baseline 0.002 -21"><span class='ocrx_word' id='word_1_524' title='bbox 458 3571 655 3640; x_wconf 78' lang='lat' dir='ltr'><strong>ﬁlium,</strong></span> <span class='ocrx_word' id='word_1_525' title='bbox 691 3580 739 3624; x_wconf 87' lang='lat' dir='ltr'><strong>et</strong></span> <span class='ocrx_word' id='word_1_526' title='bbox 769 3573 979 3626; x_wconf 83' lang='lat' dir='ltr'><strong>vorabis</strong></span> <span class='ocrx_word' id='word_1_527' title='bbox 1012 3590 1201 3626; x_wconf 87' lang='lat' dir='ltr'><strong>nomen</strong></span> <span class='ocrx_word' id='word_1_528' title='bbox 1247 3576 1364 3644; x_wconf 83' lang='lat' dir='ltr'><strong>ejus</strong></span> <span class='ocrx_word' id='word_1_529' title='bbox 1395 3573 1599 3631; x_wconf 69' lang='lat' dir='ltr'><strong>Iesum.</strong></span> <span class='ocrx_word' id='word_1_530' title='bbox 1661 3573 1766 3628; x_wconf 82' lang='lat' dir='ltr'><strong>Hic</strong></span> <span class='ocrx_word' id='word_1_531' title='bbox 1803 3575 1904 3628; x_wconf 84' lang='lat' dir='ltr'><strong>erit</strong></span> <span class='ocrx_word' id='word_1_532' title='bbox 1931 3591 2044 3627; x_wconf 81' lang='lat' dir='ltr'><strong>nta-</strong></span> 
     </span>
    </p>
   </div>
   <div class='ocr_carea' id='block_1_71' title="bbox 2146 3560 3707 3634">
    <p class='ocr_par' dir='ltr' id='par_1_71' title="bbox 2146 3560 3707 3634">
     <span class='ocr_line' id='line_1_71' title="bbox 2146 3560 3707 3634; baseline -0.012 -4"><span class='ocrx_word' id='word_1_533' title='bbox 2146 3563 2287 3629; x_wconf 80' lang='grc' dir='ltr'><strong>Θεῴ,</strong></span> <span class='ocrx_word' id='word_1_534' title='bbox 2315 3566 2413 3617; x_wconf 78' lang='grc' dir='ltr'>καὶ</span> <span class='ocrx_word' id='word_1_535' title='bbox 2443 3564 2746 3634; x_wconf 58' lang='lat' dir='ltr'><strong>aeuum;</strong></span> <span class='ocrx_word' id='word_1_536' title='bbox 2786 3566 2856 3618; x_wconf 78' lang='grc' dir='ltr'>ὲν</span> <span class='ocrx_word' id='word_1_537' title='bbox 2881 3566 3096 3634; x_wconf 75' lang='grc' dir='ltr'>γαστρί</span> <span class='ocrx_word' id='word_1_538' title='bbox 3121 3565 3219 3620; x_wconf 77' lang='grc' dir='ltr'>καὶ</span> <span class='ocrx_word' id='word_1_539' title='bbox 3244 3565 3392 3634; x_wconf 77' lang='grc' dir='ltr'>τέξῃ</span> <span class='ocrx_word' id='word_1_540' title='bbox 3439 3565 3589 3629; x_wconf 76' lang='grc' dir='ltr'>υἱὸν,</span> <span class='ocrx_word' id='word_1_541' title='bbox 3623 3560 3707 3614; x_wconf 80' lang='grc' dir='ltr'><strong>καί</strong></span> 
     </span>
    </p>
   </div>
   <div class='ocr_carea' id='block_1_72' title="bbox 456 3651 2034 3736">
    <p class='ocr_par' dir='ltr' id='par_1_72' title="bbox 456 3663 2034 3736">
     <span class='ocr_line' id='line_1_72' title="bbox 456 3663 2034 3736; baseline 0.001 -18"><span class='ocrx_word' id='word_1_542' title='bbox 456 3680 613 3735; x_wconf 87' lang='lat' dir='ltr'><strong>gnus,</strong></span> <span class='ocrx_word' id='word_1_543' title='bbox 637 3664 803 3736; x_wconf 72' lang='lat'><strong>226</strong></span> <span class='ocrx_word' id='word_1_544' title='bbox 819 3674 867 3718; x_wconf 91' lang='lat' dir='ltr'><strong>et</strong></span> <span class='ocrx_word' id='word_1_545' title='bbox 896 3663 1073 3720; x_wconf 77' lang='lat' dir='ltr'><strong>Filius</strong></span> <span class='ocrx_word' id='word_1_546' title='bbox 1097 3665 1359 3721; x_wconf 81' lang='lat' dir='ltr'><strong>Altissimi</strong></span> <span class='ocrx_word' id='word_1_547' title='bbox 1396 3668 1697 3735; x_wconf 74' lang='lat' dir='ltr'><strong>vocabitur;</strong></span> <span class='ocrx_word' id='word_1_548' title='bbox 1715 3677 1764 3720; x_wconf 88' lang='lat' dir='ltr'><strong>et</strong></span> <span class='ocrx_word' id='word_1_549' title='bbox 1795 3666 1943 3720; x_wconf 59' lang='lat' dir='ltr'><strong>dabit</strong></span> <span class='ocrx_word' id='word_1_550' title='bbox 1964 3666 2034 3720; x_wconf 76' lang='lat' dir='ltr'><strong>illa</strong></span> 
     </span>
    </p>
   </div>
   <div class='ocr_carea' id='block_1_73' title="bbox 2140 3651 3709 3736">
    <p class='ocr_par' dir='ltr' id='par_1_73' title="bbox 2145 3651 3709 3725">
     <span class='ocr_line' id='line_1_73' title="bbox 2145 3651 3709 3725; baseline -0.003 -16"><span class='ocrx_word' id='word_1_551' title='bbox 2145 3654 2429 3722; x_wconf 74' lang='grc' dir='ltr'>καλέσεις</span> <span class='ocrx_word' id='word_1_552' title='bbox 2459 3654 2527 3709; x_wconf 82' lang='grc' dir='ltr'>τὸ</span> <span class='ocrx_word' id='word_1_553' title='bbox 2558 3655 2747 3725; x_wconf 81' lang='grc' dir='ltr'>ὄνομα</span> <span class='ocrx_word' id='word_1_554' title='bbox 2778 3654 2968 3710; x_wconf 79' lang='grc' dir='ltr'>αὐτοῦ</span> <span class='ocrx_word' id='word_1_555' title='bbox 3011 3656 3279 3723; x_wconf 79' lang='grc' dir='ltr'><strong>Ἰησοῦν·</strong></span> <span class='ocrx_word' id='word_1_556' title='bbox 3325 3651 3508 3721; x_wconf 80' lang='grc' dir='ltr'>οὗτος</span> <span class='ocrx_word' id='word_1_557' title='bbox 3552 3652 3709 3707; x_wconf 75' lang='grc' dir='ltr'>ἔσται</span> 
     </span>
    </p>
   </div>
   <div class='ocr_carea' id='block_1_74' title="bbox 463 3756 2045 3830">
    <p class='ocr_par' dir='ltr' id='par_1_74' title="bbox 463 3756 2045 3830">
     <span class='ocr_line' id='line_1_74' title="bbox 463 3756 2045 3830; baseline 0 -21"><span class='ocrx_word' id='word_1_558' title='bbox 463 3756 721 3810; x_wconf 85' lang='lat' dir='ltr'><strong>Dominus</strong></span> <span class='ocrx_word' id='word_1_559' title='bbox 754 3758 999 3811; x_wconf 82' lang='lat' dir='ltr'><strong>thronum</strong></span> <span class='ocrx_word' id='word_1_560' title='bbox 1028 3757 1249 3813; x_wconf 74' lang='lat' dir='ltr'><strong>Davidis</strong></span> <span class='ocrx_word' id='word_1_561' title='bbox 1265 3759 1432 3825; x_wconf 84' lang='lat' dir='ltr'><strong>patris</strong></span> <span class='ocrx_word' id='word_1_562' title='bbox 1455 3759 1593 3830; x_wconf 74' lang='lat' dir='ltr'><strong>ejus,</strong></span> <span class='ocrx_word' id='word_1_563' title='bbox 1619 3765 1667 3812; x_wconf 87' lang='lat' dir='ltr'><strong>et</strong></span> <span class='ocrx_word' id='word_1_564' title='bbox 1690 3758 1923 3829; x_wconf 80' lang='lat' dir='ltr'><strong>regnabit</strong></span> <span class='ocrx_word' id='word_1_565' title='bbox 1954 3772 2045 3810; x_wconf 82' lang='lat' dir='ltr'><strong>su-</strong></span> 
     </span>
    </p>
   </div>
   <div class='ocr_carea' id='block_1_75' title="bbox 457 3847 2041 3920">
    <p class='ocr_par' dir='ltr' id='par_1_75' title="bbox 457 3847 2041 3920">
     <span class='ocr_line' id='line_1_75' title="bbox 457 3847 2041 3920; baseline -0.001 -17"><span class='ocrx_word' id='word_1_566' title='bbox 457 3864 552 3916; x_wconf 85' lang='lat' dir='ltr'><strong>per</strong></span> <span class='ocrx_word' id='word_1_567' title='bbox 578 3850 789 3902; x_wconf 83' lang='lat' dir='ltr'><strong>domum</strong></span> <span class='ocrx_word' id='word_1_568' title='bbox 820 3847 988 3903; x_wconf 72' lang='lat' dir='ltr'><strong>Iacob</strong></span> <span class='ocrx_word' id='word_1_569' title='bbox 1020 3851 1074 3903; x_wconf 89' lang='lat' dir='ltr'><strong>in</strong></span> <span class='ocrx_word' id='word_1_570' title='bbox 1101 3852 1321 3915; x_wconf 74' lang='lat' dir='ltr'><strong>stecula,</strong></span> <span class='ocrx_word' id='word_1_571' title='bbox 1370 3863 1419 3905; x_wconf 89' lang='lat' dir='ltr'><strong>et</strong></span> <span class='ocrx_word' id='word_1_572' title='bbox 1462 3852 1612 3920; x_wconf 83' lang='lat' dir='ltr'><strong>regni</strong></span> <span class='ocrx_word' id='word_1_573' title='bbox 1650 3851 1766 3919; x_wconf 82' lang='lat' dir='ltr'><strong>ejus</strong></span> <span class='ocrx_word' id='word_1_574' title='bbox 1800 3866 1905 3904; x_wconf 84' lang='lat' dir='ltr'><strong>non</strong></span> <span class='ocrx_word' id='word_1_575' title='bbox 1937 3849 2041 3902; x_wconf 83' lang='lat' dir='ltr'><strong>erit</strong></span> 
     </span>
    </p>
   </div>
   <div class='ocr_carea' id='block_1_76' title="bbox 457 3942 2041 4013">
    <p class='ocr_par' dir='ltr' id='par_1_76' title="bbox 457 3942 2041 4013">
     <span class='ocr_line' id='line_1_76' title="bbox 457 3942 2041 4013; baseline -0.002 -16"><span class='ocrx_word' id='word_1_576' title='bbox 457 3942 581 4012; x_wconf 77' lang='lat' dir='ltr'><strong>ﬁnis</strong></span> <span class='ocrx_word' id='word_1_577' title='bbox 603 3943 669 3998; x_wconf 83' lang='grc'><strong>³³.</strong></span> <span class='ocrx_word' id='word_1_578' title='bbox 702 3942 792 3998; x_wconf 87' lang='lat' dir='ltr'><strong>Est</strong></span> <span class='ocrx_word' id='word_1_579' title='bbox 820 3943 1003 4013; x_wconf 82' lang='lat' dir='ltr'><strong>itaque</strong></span> <span class='ocrx_word' id='word_1_580' title='bbox 1053 3945 1276 3998; x_wconf 88' lang='lat' dir='ltr'><strong>omnino</strong></span> <span class='ocrx_word' id='word_1_581' title='bbox 1319 3944 1522 4009; x_wconf 78' lang='lat' dir='ltr'><strong>verius,</strong></span> <span class='ocrx_word' id='word_1_582' title='bbox 1555 3956 1613 3998; x_wconf 84' lang='lat' dir='ltr'><strong>ut</strong></span> <span class='ocrx_word' id='word_1_583' title='bbox 1636 3947 1703 3997; x_wconf 89' lang='lat' dir='ltr'><strong>ad</strong></span> <span class='ocrx_word' id='word_1_584' title='bbox 1753 3943 2041 3997; x_wconf 88' lang='lat' dir='ltr'><strong>Dominum</strong></span> 
     </span>
    </p>
   </div>
   <div class='ocr_carea' id='block_1_77' title="bbox 460 4034 2039 4104">
    <p class='ocr_par' dir='ltr' id='par_1_77' title="bbox 460 4034 2039 4104">
     <span class='ocr_line' id='line_1_77' title="bbox 460 4034 2039 4104; baseline -0.002 -15"><span class='ocrx_word' id='word_1_585' title='bbox 460 4049 525 4091; x_wconf 88' lang='lat' dir='ltr'><strong>ac</strong></span> <span class='ocrx_word' id='word_1_586' title='bbox 568 4034 733 4090; x_wconf 91' lang='lat' dir='ltr'><strong>Deum</strong></span> <span class='ocrx_word' id='word_1_587' title='bbox 769 4045 1016 4090; x_wconf 89' lang='lat' dir='ltr'><strong>nostrum</strong></span> <span class='ocrx_word' id='word_1_588' title='bbox 1059 4036 1175 4090; x_wconf 66' lang='lat' dir='ltr'><strong>haec</strong></span> <span class='ocrx_word' id='word_1_589' title='bbox 1218 4035 1548 4100; x_wconf 79' lang='lat' dir='ltr'><strong>referantur,</strong></span> <span class='ocrx_word' id='word_1_590' title='bbox 1580 4034 1736 4103; x_wconf 86' lang='lat' dir='ltr'><strong>cujus</strong></span> <span class='ocrx_word' id='word_1_591' title='bbox 1760 4034 2039 4104; x_wconf 87' lang='lat' dir='ltr'><strong>principa-</strong></span> 
     </span>
    </p>
   </div>
   <div class='ocr_carea' id='block_1_78' title="bbox 463 4126 2043 4197">
    <p class='ocr_par' dir='ltr' id='par_1_78' title="bbox 463 4126 2043 4197">
     <span class='ocr_line' id='line_1_78' title="bbox 463 4126 2043 4197; baseline -0.001 -17"><span class='ocrx_word' id='word_1_592' title='bbox 463 4138 549 4182; x_wconf 90' lang='lat' dir='ltr'><strong>tus</strong></span> <span class='ocrx_word' id='word_1_593' title='bbox 578 4133 741 4196; x_wconf 85' lang='lat' dir='ltr'><strong>atquc</strong></span> <span class='ocrx_word' id='word_1_594' title='bbox 766 4134 1077 4197; x_wconf 86' lang='lat' dir='ltr'><strong>potentatus</strong></span> <span class='ocrx_word' id='word_1_595' title='bbox 1109 4128 1496 4196; x_wconf 86' lang='lat' dir='ltr'><strong>sempiternus,</strong></span> <span class='ocrx_word' id='word_1_596' title='bbox 1521 4127 1692 4195; x_wconf 77' lang='lat' dir='ltr'><strong>gloria</strong></span> <span class='ocrx_word' id='word_1_597' title='bbox 1737 4126 2043 4181; x_wconf 78' lang='lat' dir='ltr'><strong>incessabi-</strong></span> 
     </span>
    </p>
   </div>
   <div class='ocr_carea' id='block_1_79' title="bbox 460 4216 2042 4288">
    <p class='ocr_par' dir='ltr' id='par_1_79' title="bbox 460 4216 2042 4288">
     <span class='ocr_line' id='line_1_79' title="bbox 460 4216 2042 4288; baseline 0 -17"><span class='ocrx_word' id='word_1_598' title='bbox 460 4218 551 4283; x_wconf 88' lang='lat' dir='ltr'><strong>lis,</strong></span> <span class='ocrx_word' id='word_1_599' title='bbox 582 4217 731 4272; x_wconf 91' lang='lat' dir='ltr'><strong>nullo</strong></span> <span class='ocrx_word' id='word_1_600' title='bbox 770 4226 1013 4286; x_wconf 84' lang='lat' dir='ltr'><strong>tempore</strong></span> <span class='ocrx_word' id='word_1_601' title='bbox 1073 4228 1167 4274; x_wconf 88' lang='lat' dir='ltr'><strong>aut</strong></span> <span class='ocrx_word' id='word_1_602' title='bbox 1200 4218 1610 4288; x_wconf 85' lang='lat' dir='ltr'><strong>quomodolibct</strong></span> <span class='ocrx_word' id='word_1_603' title='bbox 1662 4216 2042 4272; x_wconf 84' lang='lat' dir='ltr'><strong>iutercideuda</strong></span> 
     </span>
    </p>
   </div>
   <div class='ocr_carea' id='block_1_80' title="bbox 2139 3744 3712 3817">
    <p class='ocr_par' dir='ltr' id='par_1_80' title="bbox 2139 3744 3712 3817">
     <span class='ocr_line' id='line_1_80' title="bbox 2139 3744 3712 3817; baseline -0.004 -16"><span class='ocrx_word' id='word_1_604' title='bbox 2139 3747 2350 3817; x_wconf 73' lang='grc' dir='ltr'>μέγας,</span> <span class='ocrx_word' id='word_1_605' title='bbox 2375 3747 2475 3802; x_wconf 78' lang='grc' dir='ltr'><strong>καί</strong></span> <span class='ocrx_word' id='word_1_606' title='bbox 2495 3748 2627 3814; x_wconf 86' lang='grc' dir='ltr'>υίὸς</span> <span class='ocrx_word' id='word_1_607' title='bbox 2669 3749 2955 3817; x_wconf 66' lang='grc' dir='ltr'>Ὑψίστου</span> <span class='ocrx_word' id='word_1_608' title='bbox 2990 3746 3368 3816; x_wconf 74' lang='grc' dir='ltr'>κληθήσεται</span> <span class='ocrx_word' id='word_1_609' title='bbox 3387 3764 3400 3776; x_wconf 92' lang='grc'>·</span> <span class='ocrx_word' id='word_1_610' title='bbox 3423 3746 3521 3802; x_wconf 78' lang='grc' dir='ltr'><strong>καί</strong></span> <span class='ocrx_word' id='word_1_611' title='bbox 3554 3744 3712 3799; x_wconf 80' lang='grc' dir='ltr'>δώσει</span> 
     </span>
    </p>
   </div>
   <div class='ocr_carea' id='block_1_81' title="bbox 2144 3834 3711 3907">
    <p class='ocr_par' dir='ltr' id='par_1_81' title="bbox 2144 3834 3711 3907">
     <span class='ocr_line' id='line_1_81' title="bbox 2144 3834 3711 3907; baseline 0.001 -17"><span class='ocrx_word' id='word_1_612' title='bbox 2144 3835 2306 3902; x_wconf 86' lang='grc' dir='ltr'><strong>αὑτῷ</strong></span> <span class='ocrx_word' id='word_1_613' title='bbox 2330 3837 2545 3904; x_wconf 82' lang='grc' dir='ltr'>Κύριος</span> <span class='ocrx_word' id='word_1_614' title='bbox 2565 3838 2676 3891; x_wconf 79' lang='grc' dir='ltr'>τὸν</span> <span class='ocrx_word' id='word_1_615' title='bbox 2702 3839 2920 3907; x_wconf 81' lang='grc' dir='ltr'><strong>θρόνον</strong></span> <span class='ocrx_word' id='word_1_616' title='bbox 2950 3838 3129 3893; x_wconf 79' lang='grc' dir='ltr'>Δαϐίδ</span> <span class='ocrx_word' id='word_1_617' title='bbox 3148 3839 3254 3893; x_wconf 85' lang='grc' dir='ltr'>τοῦ</span> <span class='ocrx_word' id='word_1_618' title='bbox 3276 3838 3506 3906; x_wconf 73' lang='grc' dir='ltr'>πατρὸς</span> <span class='ocrx_word' id='word_1_619' title='bbox 3521 3834 3711 3892; x_wconf 81' lang='grc' dir='ltr'>αὑτοῦ.</span> 
     </span>
    </p>
   </div>
   <div class='ocr_carea' id='block_1_82' title="bbox 2145 3925 3714 3995">
    <p class='ocr_par' dir='ltr' id='par_1_82' title="bbox 2145 3925 3714 3995">
     <span class='ocr_line' id='line_1_82' title="bbox 2145 3925 3714 3995; baseline 0.004 -14"><span class='ocrx_word' id='word_1_620' title='bbox 2145 3928 2243 3981; x_wconf 73' lang='grc' dir='ltr'><strong>καὶ</strong></span> <span class='ocrx_word' id='word_1_621' title='bbox 2266 3928 2634 3992; x_wconf 69' lang='grc' dir='ltr'>,βασιλεύσει</span> <span class='ocrx_word' id='word_1_622' title='bbox 2680 3929 2778 3983; x_wconf 80' lang='grc' dir='ltr'><strong>ἐπὶ</strong></span> <span class='ocrx_word' id='word_1_623' title='bbox 2816 3931 2925 3985; x_wconf 78' lang='grc' dir='ltr'><strong>τὸν</strong></span> <span class='ocrx_word' id='word_1_624' title='bbox 2975 3928 3145 3985; x_wconf 80' lang='grc' dir='ltr'>οἷκον</span> <span class='ocrx_word' id='word_1_625' title='bbox 3213 3930 3420 3985; x_wconf 86' lang='grc' dir='ltr'>Ἰακὼϐ</span> <span class='ocrx_word' id='word_1_626' title='bbox 3462 3933 3547 3995; x_wconf 83' lang='grc' dir='ltr'>εις</span> <span class='ocrx_word' id='word_1_627' title='bbox 3590 3925 3714 3988; x_wconf 83' lang='grc' dir='ltr'>τοὺς</span> 
     </span>
    </p>
   </div>
   <div class='ocr_carea' id='block_1_83' title="bbox 2145 4020 3711 4090">
    <p class='ocr_par' dir='ltr' id='par_1_83' title="bbox 2145 4020 3711 4090">
     <span class='ocr_line' id='line_1_83' title="bbox 2145 4020 3711 4090; baseline -0.003 -16"><span class='ocrx_word' id='word_1_628' title='bbox 2145 4020 2387 4087; x_wconf 69' lang='grc' dir='ltr'>αἰῶνας,</span> <span class='ocrx_word' id='word_1_629' title='bbox 2406 4021 2505 4079; x_wconf 76' lang='grc' dir='ltr'>καὶ</span> <span class='ocrx_word' id='word_1_630' title='bbox 2527 4021 2637 4090; x_wconf 83' lang='grc' dir='ltr'><strong>τῆς</strong></span> <span class='ocrx_word' id='word_1_631' title='bbox 2648 4022 2978 4089; x_wconf 79' lang='grc' dir='ltr'>βασιλείας</span> <span class='ocrx_word' id='word_1_632' title='bbox 3000 4022 3189 4078; x_wconf 79' lang='grc' dir='ltr'>αὑτοῦ</span> <span class='ocrx_word' id='word_1_633' title='bbox 3206 4024 3320 4078; x_wconf 79' lang='grc' dir='ltr'>οὐκ</span> <span class='ocrx_word' id='word_1_634' title='bbox 3341 4022 3515 4078; x_wconf 79' lang='grc' dir='ltr'>ἔσται</span> <span class='ocrx_word' id='word_1_635' title='bbox 3534 4021 3711 4084; x_wconf 71' lang='grc' dir='ltr'>τέλος.</span> 
     </span>
    </p>
   </div>
   <div class='ocr_carea' id='block_1_84' title="bbox 2148 4107 3714 4185">
    <p class='ocr_par' dir='ltr' id='par_1_84' title="bbox 2148 4107 3714 4185">
     <span class='ocr_line' id='line_1_84' title="bbox 2148 4107 3714 4185; baseline -0.004 -19"><span class='ocrx_word' id='word_1_636' title='bbox 2148 4110 2358 4166; x_wconf 80' lang='grc' dir='ltr'>Οὐκοῦν</span> <span class='ocrx_word' id='word_1_637' title='bbox 2412 4112 2630 4176; x_wconf 79' lang='grc' dir='ltr'>πάντως</span> <span class='ocrx_word' id='word_1_638' title='bbox 2681 4112 3070 4185; x_wconf 75' lang='grc' dir='ltr'>ἀληθέστερον,</span> <span class='ocrx_word' id='word_1_639' title='bbox 3127 4114 3208 4176; x_wconf 83' lang='grc' dir='ltr'><strong>είς</strong></span> <span class='ocrx_word' id='word_1_640' title='bbox 3260 4112 3357 4167; x_wconf 80' lang='grc' dir='ltr'>τὸν</span> <span class='ocrx_word' id='word_1_641' title='bbox 3388 4112 3589 4184; x_wconf 84' lang='grc' dir='ltr'>Κύριον</span> <span class='ocrx_word' id='word_1_642' title='bbox 3632 4107 3714 4161; x_wconf 65' lang='grc' dir='ltr'><strong>καὶ</strong></span> 
     </span>
    </p>
   </div>
   <div class='ocr_carea' id='block_1_85' title="bbox 2146 4199 3712 4276">
    <p class='ocr_par' dir='ltr' id='par_1_85' title="bbox 2146 4199 3712 4276">
     <span class='ocr_line' id='line_1_85' title="bbox 2146 4199 3712 4276; baseline -0.004 -18"><span class='ocrx_word' id='word_1_643' title='bbox 2146 4204 2279 4259; x_wconf 83' lang='grc' dir='ltr'>Θεὸν</span> <span class='ocrx_word' id='word_1_644' title='bbox 2308 4205 2468 4276; x_wconf 80' lang='grc' dir='ltr'>ἡμῶν</span> <span class='ocrx_word' id='word_1_645' title='bbox 2498 4206 2671 4260; x_wconf 80' lang='grc' dir='ltr'>ταῦτα</span> <span class='ocrx_word' id='word_1_646' title='bbox 2728 4206 3121 4276; x_wconf 81' lang='grc' dir='ltr'>ἀναφέρεσθαι,</span> <span class='ocrx_word' id='word_1_647' title='bbox 3165 4200 3228 4261; x_wconf 76' lang='grc' dir='ltr'><strong>οὗ</strong></span> <span class='ocrx_word' id='word_1_648' title='bbox 3289 4208 3322 4276; x_wconf 84' lang='grc' dir='ltr'><strong>ή</strong></span> <span class='ocrx_word' id='word_1_649' title='bbox 3363 4205 3506 4275; x_wconf 80' lang='grc' dir='ltr'><strong>ἀρχὴ</strong></span> <span class='ocrx_word' id='word_1_650' title='bbox 3551 4202 3638 4255; x_wconf 75' lang='grc' dir='ltr'>καὶ</span> <span class='ocrx_word' id='word_1_651' title='bbox 3661 4199 3712 4251; x_wconf 70' lang='grc' dir='ltr'><strong>τὸ</strong></span> 
     </span>
    </p>
   </div>
   <div class='ocr_carea' id='block_1_86' title="bbox 457 4290 2034 4378">
    <p class='ocr_par' dir='ltr' id='par_1_86' title="bbox 457 4312 2034 4378">
     <span class='ocr_line' id='line_1_86' title="bbox 457 4312 2034 4378; baseline -0.003 -9"><span class='ocrx_word' id='word_1_652' title='bbox 457 4323 555 4369; x_wconf 83' lang='lat' dir='ltr'><strong>aut</strong></span> <span class='ocrx_word' id='word_1_653' title='bbox 608 4312 922 4378; x_wconf 88' lang='lat' dir='ltr'><strong>minuenda,</strong></span> <span class='ocrx_word' id='word_1_654' title='bbox 969 4316 1065 4368; x_wconf 87' lang='lat' dir='ltr'><strong>sed</strong></span> <span class='ocrx_word' id='word_1_655' title='bbox 1108 4313 1159 4366; x_wconf 89' lang='lat' dir='ltr'><strong>in</strong></span> <span class='ocrx_word' id='word_1_656' title='bbox 1223 4313 1496 4367; x_wconf 75' lang='lat' dir='ltr'><strong>infinitum</strong></span> <span class='ocrx_word' id='word_1_657' title='bbox 1547 4327 1825 4367; x_wconf 84' lang='lat' dir='ltr'><strong>mansura.</strong></span> <span class='ocrx_word' id='word_1_658' title='bbox 1885 4313 2034 4366; x_wconf 85' lang='lat' dir='ltr'><strong>Sicut</strong></span> 
     </span>
    </p>
   </div>
   <div class='ocr_carea' id='block_1_87' title="bbox 2140 4290 3714 4378">
    <p class='ocr_par' dir='ltr' id='par_1_87' title="bbox 2148 4290 3714 4368">
     <span class='ocr_line' id='line_1_87' title="bbox 2148 4290 3714 4368; baseline -0.003 -19"><span class='ocrx_word' id='word_1_659' title='bbox 2148 4296 2351 4367; x_wconf 78' lang='grc' dir='ltr'>κράτος</span> <span class='ocrx_word' id='word_1_660' title='bbox 2368 4296 2572 4367; x_wconf 64' lang='grc' dir='ltr'><strong>⁸ι’Ξιῖδιον,</strong></span> <span class='ocrx_word' id='word_1_661' title='bbox 2614 4297 2763 4368; x_wconf 75' lang='grc' dir='ltr'>καὶή</span> <span class='ocrx_word' id='word_1_662' title='bbox 2798 4296 2924 4360; x_wconf 75' lang='grc' dir='ltr'>δόξα</span> <span class='ocrx_word' id='word_1_663' title='bbox 2948 4296 3312 4360; x_wconf 79' lang='grc' dir='ltr'>ἀκατάλυτος,</span> <span class='ocrx_word' id='word_1_664' title='bbox 3345 4294 3523 4349; x_wconf 78' lang='grc' dir='ltr'>οὐδενὶ</span> <span class='ocrx_word' id='word_1_665' title='bbox 3557 4290 3714 4361; x_wconf 81' lang='grc' dir='ltr'>χρόνῳ</span> 
     </span>
    </p>
   </div>
   <div class='ocr_carea' id='block_1_88' title="bbox 460 4384 2034 4475">
    <p class='ocr_par' dir='ltr' id='par_1_88' title="bbox 460 4403 2034 4475">
     <span class='ocr_line' id='line_1_88' title="bbox 460 4403 2034 4475; baseline -0.001 -16"><span class='ocrx_word' id='word_1_666' title='bbox 460 4406 643 4475; x_wconf 87' lang='lat' dir='ltr'><strong>itaque</strong></span> <span class='ocrx_word' id='word_1_667' title='bbox 688 4420 871 4475; x_wconf 79' lang='lat' dir='ltr'><strong>regem</strong></span> <span class='ocrx_word' id='word_1_668' title='bbox 906 4404 1299 4475; x_wconf 87' lang='lat' dir='ltr'><strong>dominumque</strong></span> <span class='ocrx_word' id='word_1_669' title='bbox 1328 4404 1573 4458; x_wconf 90' lang='lat' dir='ltr'><strong>omnium</strong></span> <span class='ocrx_word' id='word_1_670' title='bbox 1611 4403 1665 4459; x_wconf 90' lang='lat' dir='ltr'><strong>hi</strong></span> <span class='ocrx_word' id='word_1_671' title='bbox 1707 4404 1890 4458; x_wconf 86' lang='lat' dir='ltr'><strong>miseri</strong></span> <span class='ocrx_word' id='word_1_672' title='bbox 1930 4418 2034 4459; x_wconf 91' lang='lat' dir='ltr'><strong>non</strong></span> 
     </span>
    </p>
   </div>
   <div class='ocr_carea' id='block_1_89' title="bbox 2140 4384 3715 4475">
    <p class='ocr_par' dir='ltr' id='par_1_89' title="bbox 2148 4384 3715 4459">
     <span class='ocr_line' id='line_1_89' title="bbox 2148 4384 3715 4459; baseline -0.007 -17"><span class='ocrx_word' id='word_1_673' title='bbox 2148 4386 2399 4459; x_wconf 83' lang='grc' dir='ltr'>ἢτρὸπῳ</span> <span class='ocrx_word' id='word_1_674' title='bbox 2458 4387 2491 4458; x_wconf 82' lang='grc' dir='ltr'>ἢ</span> <span class='ocrx_word' id='word_1_675' title='bbox 2547 4389 2898 4458; x_wconf 82' lang='grc' dir='ltr'>ἀμωσγέπως</span> <span class='ocrx_word' id='word_1_676' title='bbox 2953 4387 3432 4458; x_wconf 81' lang='grc' dir='ltr'>διακοπτομένηῆ</span> <span class='ocrx_word' id='word_1_677' title='bbox 3485 4384 3715 4436; x_wconf 79' lang='grc' dir='ltr'>ἐλαττου-</span> 
     </span>
    </p>
   </div>
   <div class='ocr_carea' id='block_1_90' title="bbox 459 4462 2034 4568">
    <p class='ocr_par' dir='ltr' id='par_1_90' title="bbox 459 4496 2032 4568">
     <span class='ocr_line' id='line_1_90' title="bbox 459 4496 2032 4568; baseline -0.001 -17"><span class='ocrx_word' id='word_1_678' title='bbox 459 4507 782 4568; x_wconf 76' lang='lat' dir='ltr'><strong>agnoscunt,</strong></span> <span class='ocrx_word' id='word_1_679' title='bbox 817 4502 891 4553; x_wconf 87' lang='lat' dir='ltr'><strong>ita</strong></span> <span class='ocrx_word' id='word_1_680' title='bbox 918 4514 986 4554; x_wconf 85' lang='lat' dir='ltr'><strong>ne</strong></span> <span class='ocrx_word' id='word_1_681' title='bbox 1011 4506 1286 4567; x_wconf 86' lang='lat' dir='ltr'><strong>pastorem</strong></span> <span class='ocrx_word' id='word_1_682' title='bbox 1313 4497 1533 4568; x_wconf 87' lang='lat' dir='ltr'><strong>quidem</strong></span> <span class='ocrx_word' id='word_1_683' title='bbox 1555 4497 1811 4552; x_wconf 90' lang='lat' dir='ltr'><strong>eumdem</strong></span> <span class='ocrx_word' id='word_1_684' title='bbox 1835 4496 2032 4557; x_wconf 87' lang='lat' dir='ltr'><strong>scient,</strong></span> 
     </span>
    </p>
   </div>
   <div class='ocr_carea' id='block_1_91' title="bbox 2140 4462 3715 4568">
    <p class='ocr_par' dir='ltr' id='par_1_91' title="bbox 2150 4473 3715 4552">
     <span class='ocr_line' id='line_1_91' title="bbox 2150 4473 3715 4552; baseline -0.006 -18"><span class='ocrx_word' id='word_1_685' title='bbox 2150 4480 2312 4552; x_wconf 80' lang='grc' dir='ltr'>μένη.</span> <span class='ocrx_word' id='word_1_686' title='bbox 2334 4480 2448 4534; x_wconf 81' lang='grc' dir='ltr'>ἀλλ’</span> <span class='ocrx_word' id='word_1_687' title='bbox 2477 4482 2556 4545; x_wconf 79' lang='grc' dir='ltr'><strong>εἰς</strong></span> <span class='ocrx_word' id='word_1_688' title='bbox 2581 4481 2642 4534; x_wconf 78' lang='grc' dir='ltr'>τὸ</span> <span class='ocrx_word' id='word_1_689' title='bbox 2671 4481 2900 4550; x_wconf 78' lang='grc' dir='ltr'>ἄπειρον</span> <span class='ocrx_word' id='word_1_690' title='bbox 2940 4481 3281 4550; x_wconf 83' lang='grc' dir='ltr'>διαμένουσα</span> <span class='ocrx_word' id='word_1_691' title='bbox 3301 4496 3315 4510; x_wconf 63' lang='grc' dir='ltr'><strong>ε</strong></span> <span class='ocrx_word' id='word_1_692' title='bbox 3348 4480 3425 4542; x_wconf 74' lang='grc' dir='ltr'>ὡς</span> <span class='ocrx_word' id='word_1_693' title='bbox 3461 4473 3552 4531; x_wconf 76' lang='grc' dir='ltr'><strong>οὖν</strong></span> <span class='ocrx_word' id='word_1_694' title='bbox 3575 4474 3715 4544; x_wconf 78' lang='grc' dir='ltr'>βασιο</span> 
     </span>
    </p>
   </div>
   <div class='ocr_carea' id='block_1_92' title="bbox 457 4566 2034 4661">
    <p class='ocr_par' dir='ltr' id='par_1_92' title="bbox 457 4566 2034 4661">
     <span class='ocr_line' id='line_1_92' title="bbox 457 4566 2034 4661; baseline -0.004 -16"><span class='ocrx_word' id='word_1_695' title='bbox 457 4566 589 4660; x_wconf 79' lang='lat' dir='ltr'><strong>quia</strong></span> <span class='ocrx_word' id='word_1_696' title='bbox 643 4593 740 4647; x_wconf 87' lang='lat' dir='ltr'><strong>abs</strong></span> <span class='ocrx_word' id='word_1_697' title='bbox 774 4606 945 4661; x_wconf 79' lang='lat' dir='ltr'><strong>regno</strong></span> <span class='ocrx_word' id='word_1_698' title='bbox 979 4566 1140 4647; x_wconf 88' lang='lat' dir='ltr'><strong>simul</strong></span> <span class='ocrx_word' id='word_1_699' title='bbox 1193 4600 1250 4646; x_wconf 89' lang='lat' dir='ltr'><strong>et</strong></span> <span class='ocrx_word' id='word_1_700' title='bbox 1302 4566 1428 4645; x_wconf 71' lang='lat' dir='ltr'><strong>ovili</strong></span> <span class='ocrx_word' id='word_1_701' title='bbox 1485 4599 1663 4646; x_wconf 85' lang='lat' dir='ltr'><strong>semet</strong></span> <span class='ocrx_word' id='word_1_702' title='bbox 1696 4599 2034 4659; x_wconf 82' lang='lat' dir='ltr'><strong>separarum,</strong></span> 
     </span>
    </p>
   </div>
   <div class='ocr_carea' id='block_1_93' title="bbox 2140 4566 3712 4661">
    <p class='ocr_par' dir='ltr' id='par_1_93' title="bbox 2147 4566 3712 4642">
     <span class='ocr_line' id='line_1_93' title="bbox 2147 4566 3712 4642; baseline -0.004 -17"><span class='ocrx_word' id='word_1_703' title='bbox 2147 4573 2245 4627; x_wconf 80' lang='grc' dir='ltr'>λὲα</span> <span class='ocrx_word' id='word_1_704' title='bbox 2274 4573 2366 4625; x_wconf 71' lang='grc' dir='ltr'><strong>τὸν</strong></span> <span class='ocrx_word' id='word_1_705' title='bbox 2395 4573 2505 4626; x_wconf 83' lang='grc' dir='ltr'>τῶν</span> <span class='ocrx_word' id='word_1_706' title='bbox 2544 4573 2682 4627; x_wconf 81' lang='grc' dir='ltr'>ὅλων</span> <span class='ocrx_word' id='word_1_707' title='bbox 2711 4575 2989 4641; x_wconf 75' lang='grc' dir='ltr'>Δεσπότην</span> <span class='ocrx_word' id='word_1_708' title='bbox 3018 4573 3258 4642; x_wconf 73' lang='grc' dir='ltr'>Χριστὸν</span> <span class='ocrx_word' id='word_1_709' title='bbox 3313 4573 3364 4624; x_wconf 80' lang='grc' dir='ltr'>οἱ</span> <span class='ocrx_word' id='word_1_710' title='bbox 3414 4571 3636 4623; x_wconf 77' lang='grc' dir='ltr'>δείλαιοι</span> <span class='ocrx_word' id='word_1_711' title='bbox 3660 4566 3712 4618; x_wconf 73' lang='grc' dir='ltr'>οὗ</span> 
     </span>
    </p>
   </div>
   <div class='ocr_carea' id='block_1_94' title="bbox 458 4663 2034 4752">
    <p class='ocr_par' dir='ltr' id='par_1_94' title="bbox 458 4681 2034 4752">
     <span class='ocr_line' id='line_1_94' title="bbox 458 4681 2034 4752; baseline -0.002 -13"><span class='ocrx_word' id='word_1_712' title='bbox 458 4684 910 4750; x_wconf 75' lang='lat' dir='ltr'><strong>Christianosque</strong></span> <span class='ocrx_word' id='word_1_713' title='bbox 957 4685 1360 4739; x_wconf 87' lang='lat' dir='ltr'><strong>calumniantur</strong></span> <span class='ocrx_word' id='word_1_714' title='bbox 1414 4684 1664 4743; x_wconf 83' lang='lat' dir='ltr'><strong>eamdem</strong></span> <span class='ocrx_word' id='word_1_715' title='bbox 1714 4697 1838 4737; x_wconf 89' lang='lat' dir='ltr'><strong>cum</strong></span> <span class='ocrx_word' id='word_1_716' title='bbox 1903 4681 2034 4752; x_wconf 72' lang='lat' dir='ltr'><strong>ipsis</strong></span> 
     </span>
    </p>
   </div>
   <div class='ocr_carea' id='block_1_95' title="bbox 2140 4663 3710 4752">
    <p class='ocr_par' dir='ltr' id='par_1_95' title="bbox 2148 4663 3710 4735">
     <span class='ocr_line' id='line_1_95' title="bbox 2148 4663 3710 4735; baseline -0.007 -16"><span class='ocrx_word' id='word_1_717' title='bbox 2148 4667 2530 4735; x_wconf 77' lang='grc' dir='ltr'>γινώσκουσιν,</span> <span class='ocrx_word' id='word_1_718' title='bbox 2558 4665 2730 4729; x_wconf 72' lang='grc' dir='ltr'>οὕτως</span> <span class='ocrx_word' id='word_1_719' title='bbox 2753 4666 2878 4720; x_wconf 82' lang='grc' dir='ltr'>οὐδὲ</span> <span class='ocrx_word' id='word_1_720' title='bbox 2906 4666 3142 4728; x_wconf 79' lang='grc' dir='ltr'>ποιμένα</span> <span class='ocrx_word' id='word_1_721' title='bbox 3163 4667 3254 4718; x_wconf 72' lang='grc' dir='ltr'><strong>τὸν</strong></span> <span class='ocrx_word' id='word_1_722' title='bbox 3274 4665 3438 4717; x_wconf 70' lang='grc' dir='ltr'>αὑτὸν</span> <span class='ocrx_word' id='word_1_723' title='bbox 3469 4663 3710 4720; x_wconf 79' lang='grc' dir='ltr'>εἴσονται,</span> 
     </span>
    </p>
   </div>
   <div class='ocr_carea' id='block_1_96' title="bbox 461 4776 1035 4831">
    <p class='ocr_par' dir='ltr' id='par_1_96' title="bbox 461 4776 1035 4831">
     <span class='ocr_line' id='line_1_96' title="bbox 461 4776 1035 4831; baseline 0 0"><span class='ocrx_word' id='word_1_724' title='bbox 461 4778 791 4831; x_wconf 85' lang='lat' dir='ltr'><strong>sententiam</strong></span> <span class='ocrx_word' id='word_1_725' title='bbox 830 4776 1035 4831; x_wconf 78' lang='lat' dir='ltr'><strong>fovere.</strong></span> 
     </span>
    </p>
   </div>
   <div class='ocr_carea' id='block_1_97' title="bbox 533 5031 2042 5099">
    <p class='ocr_par' dir='ltr' id='par_1_97' title="bbox 533 5031 2042 5099">
     <span class='ocr_line' id='line_1_97' title="bbox 533 5031 2042 5099; baseline -0.005 -5"><span class='ocrx_word' id='word_1_726' title='bbox 533 5037 641 5094; x_wconf 84' lang='lat' dir='ltr'><strong>Sed</strong></span> <span class='ocrx_word' id='word_1_727' title='bbox 674 5035 1055 5094; x_wconf 69' lang='lat' dir='ltr'><strong>inobedientise</strong></span> <span class='ocrx_word' id='word_1_728' title='bbox 1097 5036 1215 5099; x_wconf 84' lang='lat' dir='ltr'><strong>lilii,</strong></span> <span class='ocrx_word' id='word_1_729' title='bbox 1243 5050 1312 5091; x_wconf 92' lang='lat' dir='ltr'><strong>ne</strong></span> <span class='ocrx_word' id='word_1_730' title='bbox 1342 5033 1482 5090; x_wconf 85' lang='lat' dir='ltr'><strong>forte</strong></span> <span class='ocrx_word' id='word_1_731' title='bbox 1510 5037 1576 5090; x_wconf 92' lang='lat' dir='ltr'><strong>de</strong></span> <span class='ocrx_word' id='word_1_732' title='bbox 1615 5031 2042 5090; x_wconf 87' lang='lat' dir='ltr'><strong>contradicendo</strong></span> 
     </span>
    </p>
   </div>
   <div class='ocr_carea' id='block_1_98' title="bbox 462 5126 2032 5202">
    <p class='ocr_par' dir='ltr' id='par_1_98' title="bbox 462 5126 2032 5202">
     <span class='ocr_line' id='line_1_98' title="bbox 462 5126 2032 5202; baseline -0.005 -15"><span class='ocrx_word' id='word_1_733' title='bbox 462 5133 728 5202; x_wconf 72' lang='lat' dir='ltr'><strong>c0gitent,</strong></span> <span class='ocrx_word' id='word_1_734' title='bbox 757 5145 934 5198; x_wconf 89' lang='lat' dir='ltr'><strong>neque</strong></span> <span class='ocrx_word' id='word_1_735' title='bbox 957 5129 1066 5184; x_wconf 86' lang='lat' dir='ltr'><strong>ulla</strong></span> <span class='ocrx_word' id='word_1_736' title='bbox 1112 5128 1248 5198; x_wconf 87' lang='lat' dir='ltr'><strong>ipsis</strong></span> <span class='ocrx_word' id='word_1_737' title='bbox 1282 5142 1413 5183; x_wconf 87' lang='lat' dir='ltr'><strong>ausa</strong></span> <span class='ocrx_word' id='word_1_738' title='bbox 1446 5137 1747 5192; x_wconf 86' lang='lat' dir='ltr'><strong>remaneat,</strong></span> <span class='ocrx_word' id='word_1_739' title='bbox 1781 5126 1919 5182; x_wconf 86' lang='lat' dir='ltr'><strong>satis</strong></span> <span class='ocrx_word' id='word_1_740' title='bbox 1949 5133 2032 5179; x_wconf 89' lang='lat' dir='ltr'><strong>est</strong></span> 
     </span>
    </p>
   </div>
   <div class='ocr_carea' id='block_1_99' title="bbox 466 5215 2042 5291">
    <p class='ocr_par' dir='ltr' id='par_1_99' title="bbox 466 5215 2042 5291">
     <span class='ocr_line' id='line_1_99' title="bbox 466 5215 2042 5291; baseline -0.004 -13"><span class='ocrx_word' id='word_1_741' title='bbox 466 5231 524 5279; x_wconf 92' lang='lat' dir='ltr'><strong>ut</strong></span> <span class='ocrx_word' id='word_1_742' title='bbox 546 5220 824 5280; x_wconf 88' lang='lat' dir='ltr'><strong>Christum</strong></span> <span class='ocrx_word' id='word_1_743' title='bbox 878 5221 1104 5277; x_wconf 81' lang='lat' dir='ltr'><strong>audiant</strong></span> <span class='ocrx_word' id='word_1_744' title='bbox 1147 5222 1200 5275; x_wconf 91' lang='lat' dir='ltr'><strong>in</strong></span> <span class='ocrx_word' id='word_1_745' title='bbox 1229 5219 1534 5291; x_wconf 75' lang='lat' dir='ltr'><strong>Evangeliis</strong></span> <span class='ocrx_word' id='word_1_746' title='bbox 1584 5221 1890 5276; x_wconf 86' lang='lat' dir='ltr'><strong>dicentem:</strong></span> <span class='ocrx_word' id='word_1_747' title='bbox 1925 5215 2042 5287; x_wconf 90' lang='lat' dir='ltr'><strong>Ego</strong></span> 
     </span>
    </p>
   </div>
   <div class='ocr_carea' id='block_1_100' title="bbox 467 5298 2045 5386">
    <p class='ocr_par' dir='ltr' id='par_1_100' title="bbox 467 5298 2045 5386">
     <span class='ocr_line' id='line_1_100' title="bbox 467 5298 2045 5386; baseline -0.006 -14"><span class='ocrx_word' id='word_1_748' title='bbox 467 5334 584 5372; x_wconf 86' lang='lat' dir='ltr'><strong>sum</strong></span> <span class='ocrx_word' id='word_1_749' title='bbox 621 5324 803 5385; x_wconf 85' lang='lat' dir='ltr'><strong>pastor</strong></span> <span class='ocrx_word' id='word_1_750' title='bbox 833 5315 1026 5381; x_wconf 86' lang='lat' dir='ltr'><strong>bonus,</strong></span> <span class='ocrx_word' id='word_1_751' title='bbox 1063 5314 1156 5386; x_wconf 84' lang='lat' dir='ltr'><strong>qui</strong></span> <span class='ocrx_word' id='word_1_752' title='bbox 1187 5314 1423 5368; x_wconf 82' lang='lat' dir='ltr'><strong>animant</strong></span> <span class='ocrx_word' id='word_1_753' title='bbox 1445 5330 1582 5385; x_wconf 86' lang='lat' dir='ltr'><strong>pono</strong></span> <span class='ocrx_word' id='word_1_754' title='bbox 1608 5330 1704 5383; x_wconf 85' lang='lat' dir='ltr'><strong>pro</strong></span> <span class='ocrx_word' id='word_1_755' title='bbox 1735 5312 1939 5367; x_wconf 80' lang='lat' dir='ltr'><strong>ovibus.</strong></span> <span class='ocrx_word' id='word_1_756' title='bbox 1977 5298 2045 5364; x_wconf 79' lang='lat' dir='ltr'><strong>Et</strong></span> 
     </span>
    </p>
   </div>
   <div class='ocr_carea' id='block_1_101' title="bbox 465 5404 2047 5480">
    <p class='ocr_par' dir='ltr' id='par_1_101' title="bbox 465 5404 2047 5480">
     <span class='ocr_line' id='line_1_101' title="bbox 465 5404 2047 5480; baseline -0.004 -16"><span class='ocrx_word' id='word_1_757' title='bbox 465 5426 719 5480; x_wconf 80' lang='lat' dir='ltr'><strong>cognosco</strong></span> <span class='ocrx_word' id='word_1_758' title='bbox 747 5424 912 5474; x_wconf 89' lang='lat' dir='ltr'><strong>meas,</strong></span> <span class='ocrx_word' id='word_1_759' title='bbox 970 5415 1020 5463; x_wconf 87' lang='lat' dir='ltr'><strong>et</strong></span> <span class='ocrx_word' id='word_1_760' title='bbox 1069 5425 1103 5463; x_wconf 90' lang='lat' dir='ltr'><strong>a</strong></span> <span class='ocrx_word' id='word_1_761' title='bbox 1136 5407 1262 5462; x_wconf 83' lang='lat' dir='ltr'><strong>meis</strong></span> <span class='ocrx_word' id='word_1_762' title='bbox 1308 5423 1613 5479; x_wconf 83' lang='lat' dir='ltr'><strong>cognosror.</strong></span> <span class='ocrx_word' id='word_1_763' title='bbox 1650 5405 1716 5458; x_wconf 85' lang='lat' dir='ltr'><strong>Et</strong></span> <span class='ocrx_word' id='word_1_764' title='bbox 1752 5404 1889 5460; x_wconf 88' lang='lat' dir='ltr'><strong>alias</strong></span> <span class='ocrx_word' id='word_1_765' title='bbox 1931 5419 2047 5458; x_wconf 83' lang='lat' dir='ltr'><strong>oves</strong></span> 
     </span>
    </p>
   </div>
   <div class='ocr_carea' id='block_1_102' title="bbox 469 5496 2053 5571">
    <p class='ocr_par' dir='ltr' id='par_1_102' title="bbox 469 5496 2053 5571">
     <span class='ocr_line' id='line_1_102' title="bbox 469 5496 2053 5571; baseline -0.003 -17"><span class='ocrx_word' id='word_1_766' title='bbox 469 5498 652 5563; x_wconf 76' lang='lat' dir='ltr'><strong>habeo.</strong></span> <span class='ocrx_word' id='word_1_767' title='bbox 687 5517 804 5571; x_wconf 66' lang='lat' dir='ltr'><strong>qua</strong></span> <span class='ocrx_word' id='word_1_768' title='bbox 833 5517 939 5555; x_wconf 86' lang='lat' dir='ltr'><strong>non</strong></span> <span class='ocrx_word' id='word_1_769' title='bbox 988 5509 1108 5555; x_wconf 88' lang='lat' dir='ltr'><strong>sunt</strong></span> <span class='ocrx_word' id='word_1_770' title='bbox 1139 5504 1202 5554; x_wconf 82' lang='lat' dir='ltr'><strong>de</strong></span> <span class='ocrx_word' id='word_1_771' title='bbox 1229 5500 1327 5555; x_wconf 82' lang='lat' dir='ltr'><strong>hoc</strong></span> <span class='ocrx_word' id='word_1_772' title='bbox 1358 5501 1481 5554; x_wconf 74' lang='lat' dir='ltr'><strong>ovili</strong></span> <span class='ocrx_word' id='word_1_773' title='bbox 1499 5515 1517 5563; x_wconf 88' lang='lat'><strong><em>;</em></strong></span> <span class='ocrx_word' id='word_1_774' title='bbox 1545 5513 1593 5553; x_wconf 87' lang='lat' dir='ltr'><strong>et</strong></span> <span class='ocrx_word' id='word_1_775' title='bbox 1634 5496 1757 5552; x_wconf 78' lang='lat' dir='ltr'><strong>illas</strong></span> <span class='ocrx_word' id='word_1_776' title='bbox 1790 5513 1868 5550; x_wconf 88' lang='lat' dir='ltr'><strong>me</strong></span> <span class='ocrx_word' id='word_1_777' title='bbox 1891 5512 2053 5563; x_wconf 88' lang='lat' dir='ltr'><strong>opor-</strong></span> 
     </span>
    </p>
   </div>
   <div class='ocr_carea' id='block_1_103' title="bbox 471 5587 2049 5657">
    <p class='ocr_par' dir='ltr' id='par_1_103' title="bbox 471 5587 2049 5657">
     <span class='ocr_line' id='line_1_103' title="bbox 471 5587 2049 5657; baseline -0.003 -12"><span class='ocrx_word' id='word_1_778' title='bbox 471 5602 539 5646; x_wconf 86' lang='lat' dir='ltr'><strong>tet</strong></span> <span class='ocrx_word' id='word_1_779' title='bbox 573 5591 859 5647; x_wconf 82' lang='lat' dir='ltr'><strong>adducere.</strong></span> <span class='ocrx_word' id='word_1_780' title='bbox 895 5591 964 5647; x_wconf 86' lang='lat' dir='ltr'><strong>Et</strong></span> <span class='ocrx_word' id='word_1_781' title='bbox 981 5610 1155 5650; x_wconf 78' lang='lat' dir='ltr'><strong>vocem</strong></span> <span class='ocrx_word' id='word_1_782' title='bbox 1186 5609 1355 5648; x_wconf 87' lang='lat' dir='ltr'><strong>meam</strong></span> <span class='ocrx_word' id='word_1_783' title='bbox 1402 5593 1644 5657; x_wconf 85' lang='lat' dir='ltr'><strong>audient,</strong></span> <span class='ocrx_word' id='word_1_784' title='bbox 1683 5598 1733 5642; x_wconf 87' lang='lat' dir='ltr'><strong>et</strong></span> <span class='ocrx_word' id='word_1_785' title='bbox 1757 5587 1847 5656; x_wconf 81' lang='lat' dir='ltr'><strong>ﬁet</strong></span> <span class='ocrx_word' id='word_1_786' title='bbox 1883 5604 2049 5642; x_wconf 88' lang='lat' dir='ltr'><strong>unum</strong></span> 
     </span>
    </p>
   </div>
   <div class='ocr_carea' id='block_1_104' title="bbox 404 5742 1720 5833">
    <p class='ocr_par' dir='ltr' id='par_1_104' title="bbox 404 5742 1720 5833">
     <span class='ocr_line' id='line_1_104' title="bbox 404 5742 1720 5833; baseline -0.003 -8"><span class='ocrx_word' id='word_1_787' title='bbox 512 5770 559 5807; x_wconf 77' lang='lat'><strong>&quot;</strong></span> <span class='ocrx_word' id='word_1_788' title='bbox 588 5769 731 5825; x_wconf 81' lang='lat' dir='ltr'><strong>Psal.</strong></span> <span class='ocrx_word' id='word_1_789' title='bbox 763 5785 956 5833; x_wconf 75' lang='lat' dir='ltr'><strong>xxvm,</strong></span> <span class='ocrx_word' id='word_1_790' title='bbox 994 5768 1082 5823; x_wconf 74' lang='grc'><strong>10.</strong></span> <span class='ocrx_word' id='word_1_791' title='bbox 1188 5769 1231 5799; x_wconf 84' lang='grc'><strong>³⁷</strong></span> <span class='ocrx_word' id='word_1_792' title='bbox 1263 5766 1407 5822; x_wconf 86' lang='lat' dir='ltr'><strong>Psal.</strong></span> <span class='ocrx_word' id='word_1_793' title='bbox 1441 5780 1599 5832; x_wconf 71' lang='lat' dir='ltr'><strong>CXLV,</strong></span> <span class='ocrx_word' id='word_1_794' title='bbox 1635 5765 1720 5820; x_wconf 76' lang='grc'><strong>10.</strong></span> 
     </span>
    </p>
   </div>
   <div class='ocr_carea' id='block_1_105' title="bbox 2151 4755 3711 4829">
    <p class='ocr_par' dir='ltr' id='par_1_105' title="bbox 2151 4755 3711 4829">
     <span class='ocr_line' id='line_1_105' title="bbox 2151 4755 3711 4829; baseline -0.004 -17"><span class='ocrx_word' id='word_1_795' title='bbox 2151 4758 2288 4829; x_wconf 83' lang='grc' dir='ltr'>ὁμοῦ</span> <span class='ocrx_word' id='word_1_796' title='bbox 2326 4760 2419 4811; x_wconf 62' lang='grc' dir='ltr'>καὶ</span> <span class='ocrx_word' id='word_1_797' title='bbox 2437 4761 2537 4829; x_wconf 83' lang='grc' dir='ltr'>τῆς</span> <span class='ocrx_word' id='word_1_798' title='bbox 2572 4758 2853 4828; x_wconf 74' lang='grc' dir='ltr'>βασιλείας</span> <span class='ocrx_word' id='word_1_799' title='bbox 2886 4761 2979 4812; x_wconf 75' lang='grc' dir='ltr'>καὶ</span> <span class='ocrx_word' id='word_1_800' title='bbox 2996 4760 3095 4829; x_wconf 80' lang='grc' dir='ltr'>τῆς</span> <span class='ocrx_word' id='word_1_801' title='bbox 3119 4758 3358 4828; x_wconf 80' lang='grc' dir='ltr'>ποίμνης</span> <span class='ocrx_word' id='word_1_802' title='bbox 3389 4755 3552 4810; x_wconf 79' lang='grc' dir='ltr'>αὐτοῦ</span> <span class='ocrx_word' id='word_1_803' title='bbox 3583 4755 3711 4822; x_wconf 63' lang='grc' dir='ltr'>σφᾶς</span> 
     </span>
    </p>
   </div>
   <div class='ocr_carea' id='block_1_106' title="bbox 2144 4844 3712 4923">
    <p class='ocr_par' dir='ltr' id='par_1_106' title="bbox 2144 4844 3712 4923">
     <span class='ocr_line' id='line_1_106' title="bbox 2144 4844 3712 4923; baseline -0.007 -17"><span class='ocrx_word' id='word_1_804' title='bbox 2144 4869 2207 4906; x_wconf 87' lang='grc' dir='ltr'><strong>τε</strong></span> <span class='ocrx_word' id='word_1_805' title='bbox 2237 4852 2438 4915; x_wconf 80' lang='grc' dir='ltr'>αὐτοὺς</span> <span class='ocrx_word' id='word_1_806' title='bbox 2474 4851 2960 4923; x_wconf 82' lang='grc' dir='ltr'>ἀλλοτριώσαντες,</span> <span class='ocrx_word' id='word_1_807' title='bbox 2996 4851 3092 4905; x_wconf 75' lang='grc' dir='ltr'>καὶ</span> <span class='ocrx_word' id='word_1_808' title='bbox 3121 4848 3467 4921; x_wconf 79' lang='grc' dir='ltr'>Χριστιανῶν</span> <span class='ocrx_word' id='word_1_809' title='bbox 3495 4847 3562 4902; x_wconf 85' lang='grc' dir='ltr'>τὰ</span> <span class='ocrx_word' id='word_1_810' title='bbox 3590 4844 3712 4900; x_wconf 64' lang='grc' dir='ltr'>αὐτὰ</span> 
     </span>
    </p>
   </div>
   <div class='ocr_carea' id='block_1_107' title="bbox 2145 4943 3177 5015">
    <p class='ocr_par' dir='ltr' id='par_1_107' title="bbox 2145 4943 3177 5015">
     <span class='ocr_line' id='line_1_107' title="bbox 2145 4943 3177 5015; baseline -0.002 -16"><span class='ocrx_word' id='word_1_811' title='bbox 2145 4945 2377 5009; x_wconf 75' lang='grc' dir='ltr'>ἐκείνοις</span> <span class='ocrx_word' id='word_1_812' title='bbox 2410 4943 2654 5010; x_wconf 80' lang='grc' dir='ltr'>δοξάζειν</span> <span class='ocrx_word' id='word_1_813' title='bbox 2684 4944 3177 5015; x_wconf 83' lang='grc' dir='ltr'>καταγορεύοντες.</span> 
     </span>
    </p>
   </div>
   <div class='ocr_carea' id='block_1_108' title="bbox 2228 5022 3710 5105">
    <p class='ocr_par' dir='ltr' id='par_1_108' title="bbox 2228 5022 3710 5105">
     <span class='ocr_line' id='line_1_108' title="bbox 2228 5022 3710 5105; baseline -0.003 -16"><span class='ocrx_word' id='word_1_814' title='bbox 2228 5036 2370 5089; x_wconf 79' lang='grc' dir='ltr'>Ἀλλ’</span> <span class='ocrx_word' id='word_1_815' title='bbox 2428 5036 2484 5089; x_wconf 81' lang='grc' dir='ltr'>οἵ</span> <span class='ocrx_word' id='word_1_816' title='bbox 2525 5051 2591 5103; x_wconf 88' lang='grc' dir='ltr'><strong>γε</strong></span> <span class='ocrx_word' id='word_1_817' title='bbox 2643 5035 2743 5105; x_wconf 82' lang='grc' dir='ltr'>τῆς</span> <span class='ocrx_word' id='word_1_818' title='bbox 2778 5034 3074 5098; x_wconf 80' lang='grc' dir='ltr'>ἀπειθείας</span> <span class='ocrx_word' id='word_1_819' title='bbox 3119 5034 3249 5098; x_wconf 72' lang='grc' dir='ltr'>υἱοὶ,</span> <span class='ocrx_word' id='word_1_820' title='bbox 3305 5032 3443 5087; x_wconf 83' lang='grc' dir='ltr'>ὥστε</span> <span class='ocrx_word' id='word_1_821' title='bbox 3480 5028 3551 5101; x_wconf 85' lang='grc' dir='ltr'>μὴ</span> <span class='ocrx_word' id='word_1_822' title='bbox 3590 5022 3710 5095; x_wconf 77' lang='grc' dir='ltr'>πρὸς</span> 
     </span>
    </p>
   </div>
   <div class='ocr_carea' id='block_1_109' title="bbox 2144 5119 3712 5196">
    <p class='ocr_par' dir='ltr' id='par_1_109' title="bbox 2144 5119 3712 5196">
     <span class='ocr_line' id='line_1_109' title="bbox 2144 5119 3712 5196; baseline -0.011 -13"><span class='ocrx_word' id='word_1_823' title='bbox 2144 5127 2463 5196; x_wconf 83' lang='grc' dir='ltr'>ἀντιλογίαν</span> <span class='ocrx_word' id='word_1_824' title='bbox 2514 5126 2911 5191; x_wconf 71' lang='grc' dir='ltr'>ίδοιεν,“πᾶσα</span> <span class='ocrx_word' id='word_1_825' title='bbox 2966 5124 3025 5176; x_wconf 81' lang='grc' dir='ltr'>δὲ</span> <span class='ocrx_word' id='word_1_826' title='bbox 3083 5124 3269 5186; x_wconf 80' lang='grc' dir='ltr'>αὐτοῖς</span> <span class='ocrx_word' id='word_1_827' title='bbox 3312 5119 3712 5193; x_wconf 77' lang='grc' dir='ltr'>περιαιρήσεται</span> 
     </span>
    </p>
   </div>
   <div class='ocr_carea' id='block_1_110' title="bbox 2156 5201 3712 5292">
    <p class='ocr_par' dir='ltr' id='par_1_110' title="bbox 2156 5201 3712 5292">
     <span class='ocr_line' id='line_1_110' title="bbox 2156 5201 3712 5292; baseline -0.011 -19"><span class='ocrx_word' id='word_1_828' title='bbox 2156 5220 2462 5292; x_wconf 79' lang='grc' dir='ltr'>πρόφασις,</span> <span class='ocrx_word' id='word_1_829' title='bbox 2513 5219 2614 5288; x_wconf 78' lang='grc' dir='ltr'><strong>οὐχ</strong></span> <span class='ocrx_word' id='word_1_830' title='bbox 2663 5219 2849 5287; x_wconf 79' lang='grc' dir='ltr'>ἑτέρου</span> <span class='ocrx_word' id='word_1_831' title='bbox 2892 5234 2986 5270; x_wconf 88' lang='grc' dir='ltr'><strong>του</strong></span> <span class='ocrx_word' id='word_1_832' title='bbox 3033 5214 3430 5280; x_wconf 84' lang='grc' dir='ltr'>διακούσονται,</span> <span class='ocrx_word' id='word_1_833' title='bbox 3486 5211 3517 5281; x_wconf 85' lang='grc' dir='ltr'>ἢ</span> <span class='ocrx_word' id='word_1_834' title='bbox 3566 5201 3712 5262; x_wconf 82' lang='grc' dir='ltr'><strong>αὑτοῦ</strong></span> 
     </span>
    </p>
   </div>
   <div class='ocr_carea' id='block_1_111' title="bbox 2157 5297 3715 5383">
    <p class='ocr_par' dir='ltr' id='par_1_111' title="bbox 2157 5297 3715 5383">
     <span class='ocr_line' id='line_1_111' title="bbox 2157 5297 3715 5383; baseline -0.012 -17"><span class='ocrx_word' id='word_1_835' title='bbox 2157 5310 2397 5383; x_wconf 76' lang='grc' dir='ltr'>Χριστοῦ</span> <span class='ocrx_word' id='word_1_836' title='bbox 2430 5312 2484 5363; x_wconf 79' lang='grc' dir='ltr'>ὲν</span> <span class='ocrx_word' id='word_1_837' title='bbox 2520 5309 2875 5378; x_wconf 78' lang='grc' dir='ltr'>Εὐαγγελίοις</span> <span class='ocrx_word' id='word_1_838' title='bbox 2938 5307 3243 5376; x_wconf 79' lang='grc' dir='ltr'>φάσκοντος</span> <span class='ocrx_word' id='word_1_839' title='bbox 3269 5321 3282 5333; x_wconf 90' lang='grc'><strong>·</strong></span> <span class='ocrx_word' id='word_1_840' title='bbox 3351 5302 3498 5373; x_wconf 76' lang='grc' dir='ltr'><strong>Ἐγώ</strong></span> <span class='ocrx_word' id='word_1_841' title='bbox 3545 5303 3652 5368; x_wconf 86' lang='grc' dir='ltr'>ειμι</span> <span class='ocrx_word' id='word_1_842' title='bbox 3685 5297 3715 5348; x_wconf 86' lang='lat' dir='ltr'><strong>d</strong></span> 
     </span>
    </p>
   </div>
   <div class='ocr_carea' id='block_1_112' title="bbox 2158 5388 3715 5472">
    <p class='ocr_par' dir='ltr' id='par_1_112' title="bbox 2158 5388 3715 5472">
     <span class='ocr_line' id='line_1_112' title="bbox 2158 5388 3715 5472; baseline -0.01 -14"><span class='ocrx_word' id='word_1_843' title='bbox 2158 5403 2385 5472; x_wconf 77' lang='grc' dir='ltr'>ποιμὴν</span> <span class='ocrx_word' id='word_1_844' title='bbox 2424 5405 2457 5456; x_wconf 83' lang='grc' dir='ltr'><em>ό</em></span> <span class='ocrx_word' id='word_1_845' title='bbox 2488 5403 2699 5467; x_wconf 65' lang='grc' dir='ltr'>καλὸς,</span> <span class='ocrx_word' id='word_1_846' title='bbox 2735 5405 2769 5456; x_wconf 83' lang='grc' dir='ltr'><em>ὀ</em></span> <span class='ocrx_word' id='word_1_847' title='bbox 2805 5401 2922 5469; x_wconf 75' lang='grc' dir='ltr'><strong>τὴν</strong></span> <span class='ocrx_word' id='word_1_848' title='bbox 2954 5399 3170 5470; x_wconf 74' lang='grc' dir='ltr'><strong>ψυχὴν</strong></span> <span class='ocrx_word' id='word_1_849' title='bbox 3198 5397 3380 5463; x_wconf 73' lang='grc' dir='ltr'>τιθείς</span> <span class='ocrx_word' id='word_1_850' title='bbox 3421 5394 3571 5463; x_wconf 75' lang='grc' dir='ltr'><strong>ὑπὲρ</strong></span> <span class='ocrx_word' id='word_1_851' title='bbox 3608 5388 3715 5444; x_wconf 76' lang='grc' dir='ltr'><strong>τῶν</strong></span> 
     </span>
    </p>
   </div>
   <div class='ocr_carea' id='block_1_113' title="bbox 2162 5482 3711 5562">
    <p class='ocr_par' dir='ltr' id='par_1_113' title="bbox 2162 5482 3711 5562">
     <span class='ocr_line' id='line_1_113' title="bbox 2162 5482 3711 5562; baseline -0.01 -14"><span class='ocrx_word' id='word_1_852' title='bbox 2162 5492 2496 5561; x_wconf 79' lang='grc' dir='ltr'>προϐάτων,</span> <span class='ocrx_word' id='word_1_853' title='bbox 2537 5491 2638 5546; x_wconf 79' lang='grc' dir='ltr'>καὶ</span> <span class='ocrx_word' id='word_1_854' title='bbox 2676 5491 2950 5562; x_wconf 71' lang='grc' dir='ltr'>γινώσκω</span> <span class='ocrx_word' id='word_1_855' title='bbox 2975 5490 3050 5545; x_wconf 81' lang='grc' dir='ltr'><em>τὰ</em></span> <span class='ocrx_word' id='word_1_856' title='bbox 3083 5489 3217 5559; x_wconf 79' lang='grc' dir='ltr'>ἐμὰ,</span> <span class='ocrx_word' id='word_1_857' title='bbox 3245 5488 3345 5543; x_wconf 76' lang='grc' dir='ltr'>καὶ</span> <span class='ocrx_word' id='word_1_858' title='bbox 3369 5482 3711 5552; x_wconf 75' lang='grc' dir='ltr'>τινώσκομαι</span> 
     </span>
    </p>
   </div>
   <div class='ocr_carea' id='block_1_114' title="bbox 2162 5568 3712 5653">
    <p class='ocr_par' dir='ltr' id='par_1_114' title="bbox 2162 5568 3712 5653">
     <span class='ocr_line' id='line_1_114' title="bbox 2162 5568 3712 5653; baseline -0.008 -14"><span class='ocrx_word' id='word_1_859' title='bbox 2162 5583 2283 5641; x_wconf 79' lang='grc' dir='ltr'><strong>ὑπὸ</strong></span> <span class='ocrx_word' id='word_1_860' title='bbox 2321 5582 2442 5637; x_wconf 78' lang='grc' dir='ltr'>τῶν</span> <span class='ocrx_word' id='word_1_861' title='bbox 2487 5581 2647 5653; x_wconf 76' lang='grc' dir='ltr'>ἐμῶν</span> <span class='ocrx_word' id='word_1_862' title='bbox 2671 5601 2684 5614; x_wconf 71' lang='grc' dir='ltr'><strong>ο</strong></span> <span class='ocrx_word' id='word_1_863' title='bbox 2732 5582 2828 5636; x_wconf 73' lang='grc' dir='ltr'>καὶ</span> <span class='ocrx_word' id='word_1_864' title='bbox 2881 5580 3044 5636; x_wconf 57' lang='grc' dir='ltr'><strong>ἄλλα</strong></span> <span class='ocrx_word' id='word_1_865' title='bbox 3075 5582 3341 5650; x_wconf 74' lang='grc' dir='ltr'>πρόϐατα</span> <span class='ocrx_word' id='word_1_866' title='bbox 3372 5576 3506 5647; x_wconf 72' lang='grc' dir='ltr'>ἔχω,</span> <span class='ocrx_word' id='word_1_867' title='bbox 3534 5569 3573 5628; x_wconf 81' lang='grc' dir='ltr'><em>ἁ</em></span> <span class='ocrx_word' id='word_1_868' title='bbox 3611 5568 3712 5623; x_wconf 78' lang='grc' dir='ltr'><strong>οὐκ</strong></span> 
     </span>
    </p>
   </div>
   <div class='ocr_carea' id='block_1_115' title="bbox 1814 5759 2901 5827">
    <p class='ocr_par' dir='ltr' id='par_1_115' title="bbox 1814 5759 2901 5827">
     <span class='ocr_line' id='line_1_115' title="bbox 1814 5759 2901 5827; baseline -0.006 -9"><span class='ocrx_word' id='word_1_869' title='bbox 1814 5764 1857 5797; x_wconf 79' lang='grc'><strong>³⁸</strong></span> <span class='ocrx_word' id='word_1_870' title='bbox 1893 5760 2038 5818; x_wconf 83' lang='lat' dir='ltr'><strong>Psal.</strong></span> <span class='ocrx_word' id='word_1_871' title='bbox 2072 5776 2182 5826; x_wconf 64' lang='lat' dir='ltr'><strong>CIX,</strong></span> <span class='ocrx_word' id='word_1_872' title='bbox 2229 5762 2273 5815; x_wconf 79' lang='grc' dir='ltr'>ί.</span> <span class='ocrx_word' id='word_1_873' title='bbox 2357 5763 2398 5794; x_wconf 71' lang='grc' dir='ltr'>δ’</span> <span class='ocrx_word' id='word_1_874' title='bbox 2432 5760 2560 5817; x_wconf 90' lang='lat' dir='ltr'><strong>Luc.</strong></span> <span class='ocrx_word' id='word_1_875' title='bbox 2598 5777 2636 5827; x_wconf 92' lang='lat' dir='ltr'><strong>t,</strong></span> <span class='ocrx_word' id='word_1_876' title='bbox 2678 5759 2768 5826; x_wconf 75' lang='lat'><strong>30,</strong></span> <span class='ocrx_word' id='word_1_877' title='bbox 2812 5759 2901 5814; x_wconf 72' lang='grc' dir='ltr'><strong>δι’.</strong></span> 
     </span>
    </p>
   </div>
  </div>
