3994 6436
292 375 397 441 737

1144 368 1711 431 APOLOGETICUS
1748 369 1898 429 PRO
1936 369 2206 430 SACRIS
2241 369 2724 432 IMAGINI‘BUS.

3445 378 3560 442 738

291 482 576 542 κοινωνία
637 480 784 551 φωτί
839 478 992 548 πρὸς
1061 479 1318 545 σκότος;
1378 479 1418 548 ἢ
1484 480 1577 545 τίς
1646 492 1877 549 συγκα-

1994 496 2101 534 tum
2138 482 2294 537 idolis
2324 481 2410 536 "’?
2445 480 2551 537 Sed
2601 491 2790 554 gentes
2842 482 3060 553 quidem
3104 487 3554 546 salt‘ctificanteut

290 573 538 640 τάθεσις
570 573 697 640 ναῷ
726 571 876 627 Θεοῦ
930 570 1085 641 μετὰ
1118 571 1419 637 cladum-,-
1470 572 1633 626 Ἀλλὰ
1675 571 1746 624 τὰ
1776 569 1877 642 μὲν

293 667 421 739 ἔθνη
446 668 766 735 ἐπέγνωσαν
783 666 881 720 τὸν
912 667 1211 734 ἁγιάζοντα
1237 684 1252 698 ι
1287 666 1409 719 ἐπεὶ
1443 666 1674 737 μετέσχε
1695 667 1795 734 τῆς
1816 681 1877 717 τε

295 758 447 821 θείας
471 757 733 827 γνώσεως
756 759 866 811 ’καὶ
893 760 989 813 τοῦ
1019 757 1602 826 ὲντεῦθενάγιασμοῦ,
1627 757 1702 820 ὡς
1729 756 1881 827 δηλοῖ

292 851 366 904 τὰ
397 851 718 918 ὲπαγόμενα
739 842 843 902 ὧδέ
868 866 986 912 πως
1011 850 1207 920 ἔχοντα
1233 865 1245 878 ·
1279 847 1636 903 Γιοώσοιεται
1672 850 1785 918 γὰρ
1806 845 1880 901 τὰ

295 940 445 1009 ἔθνη
482 939 707 1009 ὅτιέγὼ
743 943 964 1010 Κύριος
986 944 1019 995 ό
1053 940 1308 1009 ἁγιάζων
1346 941 1604 1005 αὐτούς·
1636 940 1684 993 oi
1723 939 1780 992 δέ
1811 955 1877 1006 γε

294 1037 391 1090 τοῦ
421 1036 569 1091 θείου
609 1036 977 1109 ἡμοιρηκότες
1010 1033 1318 1105 ἁγιασμοῦ,
1363 1032 1531 1100 ἄγους
1577 1031 1634 1084 δὲ
1676 1028 1880 1094 παντὸς

294 1129 392 1182 καὶ
434 1126 780 1197 ἀκαθαρσίας
831 1126 933 1190 τὰς
961 1125 1170 1181 ἑαυτῶν
1227 1123 1406 1195 ψυχὰς
1435 1120 1876 1192 ἅποπλήσαντες,

292 1222 393 1274 καὶ
427 1219 899 1291 παρενηνεγμέναι
918 1218 1011 1272 τὸν
1057 1216 1339 1288 λογισμὸν,
1369 1214 1459 1268 τόν
1481 1231 1541 1267 τε
1582 1211 1880 1282 ἀγιάζοντα

293 1313 432 1367 Θεὸν
464 1312 934 1384 δεδυσφημήκασι,
964 1311 1212 1374 καὶτοὺς
1235 1307 1633 1379 ἁγιαζομένους
1657 1307 1725 1377 τῇ
1757 1303 1879 1358 καθ’

294 1405 531 1468 ἑαυτοὺς
564 1407 752 1472 ἐναγεῖ
777 1401 972 1475 γνῶμῃ
1010 1403 1258 1472 ἀνοήτως
1299 1400 1395 1454 καὶ
1430 1396 1710 1461 δυσσεϐῶς
1740 1396 1879 1450 ἀνα-

293 1501 416 1567 γεῖς
448 1496 713 1559 ὡσαύτως
740 1492 879 1549 εἶναι
905 1490 1308 1567 διαθρυλλοῦσι.
1516 1568 1533 1575 ῃ

366 1588 471 1652 νζν.
492 1587 707 1659 Τρὸπον
721 1588 799 1655 δὲ,
822 1586 883 1642 ὃν
911 1587 1234 1657 ἁγιάζονται
1261 1587 1310 1639 oi.
1349 1582 1750 1657 μεμοιραμένα.
1779 1581 1882 1654 τῆς

294 1683 546 1754 χάριτος,
602 1682 631 1733 ὁ
671 1680 833 1749 σοφὸς
876 1682 1012 1751 ἡμῖν
1066 1678 1230 1733 πάλιν
1268 1678 1589 1746 διαπερανεῖ
1616 1675 1830 1738 Παῦλος
1860 1690 1876 1704 ·

1980 579 2340 640 agnoverunt,
2367 572 2625 642 quoniam
2661 572 2899 627 divinam
2955 575 3203 631 notitiam
3259 581 3555 650 participa-

1982 668 2109 715 runt
2135 676 2256 716 cum
2307 672 2676 718 consentanea
2703 664 2829 719 huic
2878 666 3329 731 sanctiﬁcatione.
3354 684 3410 726 ut
3455 691 3553 743 pa-

1981 750 2087 804 lam
2115 752 2171 804 lit
2195 754 2246 806 in
2272 755 2629 823 sequentibus
2646 770 2766 824 qua;
2789 755 2862 811 ita
2882 772 2942 811 se
2961 757 3160 812 habent
3186 779 3200 814 :
3229 761 3554 830 Cognoscent

1980 843 2114 895 enim
2152 847 2494 916 gentes,quia
2524 863 2630 915 ego
2654 845 2922 903 Dominus
2976 852 3319 921 suuctiﬁcans
3353 873 3444 911 eas
3483 859 3554 913 ⁸⁸.

1981 931 2046 986 Hi
2069 949 2199 989 Vero
2225 935 2405 990 divina
2433 949 2689 1008 expertes
2711 940 3169 1010 sanctificatione,
3196 945 3405 1014 piaculo
3453 965 3555 1003 au-

1982 1032 2088 1080 tem
2119 1026 2357 1094 quolibet
2416 1037 2578 1099 atque
2617 1031 2931 1100 impuritate
2972 1033 3160 1101 plenas
3194 1039 3406 1094 animas
3458 1040 3556 1095 ha-

1980 1114 2192 1185 bentes,
2227 1118 2514 1176 ratiocinio
2566 1123 2729 1177 etiam
2780 1127 2979 1193 eversi,
3015 1143 3138 1182 cum
3198 1134 3554 1189 sanctifican-

1983 1214 2088 1261 tem
2109 1207 2276 1264 Deum
2312 1211 2841 1281 blaspltemant,tum
2875 1227 2931 1271 et
2969 1218 3113 1286 ipsos
3159 1224 3553 1293 sanctiﬁcatos,

1980 1312 2079 1367 pro
2106 1314 2202 1354 sua
2231 1300 2437 1369 impura
2460 1305 2812 1369 conscientia,
2838 1309 3080 1365 stulteet
3110 1312 3274 1383 impie
3316 1316 3555 1372 immun-

1978 1386 2080 1463 dos
2119 1394 2241 1445 esse
2273 1390 2528 1446 similiter
2564 1392 2839 1450 dictitant.

2052 1572 2141 1628 57.
2165 1571 2386 1628 Modum
2418 1584 2598 1630 autem
2623 1592 2731 1646 qtto
2762 1580 3059 1652 participes
3100 1586 3288 1654 gratia:
3314 1590 3560 1645 sanctifi~

1982 1677 2196 1733 cantur,
2215 1667 2432 1735 Sapiens
2452 1669 2608 1724 nobis
2633 1671 2820 1726 definit
2844 1672 3047 1730 I’aulus
3063 1677 3190 1744 :Qui
3212 1681 3353 1734 enim
3370 1685 3563 1738 sancti-

274 1754 372 1827 ⁸Ὅ
396 1789 465 1826 τε
494 1773 603 1841 γὰρ
648 1770 917 1841 ἁγιάζων,
955 1770 1108 1841 φησι,
1161 1768 1260 1823 καί
1286 1771 1341 1823 οἱ
1372 1766 1764 1837 ἁγιαζόμενοι,
1809 1764 1881 1830 ἐξ

1994 1755 2107 1809 litat
2126 1766 2174 1809 et
2191 1757 2282 1827 qui
2297 1759 2715 1827 sanctiﬁcantur,
2731 1778 2796 1817 ea:
2815 1780 2919 1817 uno
2935 1783 3112 1825 omnes
3128 1769 3194 1824 ⁵¹.
3212 1770 3274 1824 Ει
3294 1772 3383 1826 ἰΙΙς·
3395 1774 3564 1846 228

293 1862 437 1929 ἐνὸς
456 1860 705 1925 πάντες.
754 1858 845 1923 Ἐξ
892 1852 967 1913 ὧν
992 1857 1200 1930 ,μαθεῖν
1226 1858 1493 1928 πάρεστιν
1538 1857 1618 1919 εἰς
1643 1854 1762 1909 οἵαν
1788 1871 1879 1908 κοο

299 1953 481 2027 ρυφὴν
534 1948 755 2019 ἀγαθῶν
789 1950 878 2002 διὰ
910 1952 1013 2017 τῆς
1060 1946 1315 2017 τοιαύτης
1350 1943 1604 2006 μὲνὼσεώς
1657 1960 1720 1996 τε
1782 1943 1880 1997 καὶ¹

297 2043 590 2107 κοινωνίας
609 2042 736 2106 τοὺς
762 2040 1201 2104 πεπιστευκότας
1232 2039 1529 2110 ἀνήγαγεν,
1550 2035 1675 2089 ὅθεν
1695 2035 1881 2098 αὐτοῖς

300 2139 373 2192 τὰ
399 2135 497 2190 τοῦ
538 2134 817 2205 ἁγιασμοῦ
859 2132 1247 2204 περιγίνεται·
1296 2130 1326 2184 ὃ
1356 2146 1416 2182 τε
1474 2126 1580 2199 γὰρ
1635 2125 1881 2197 ἁγιάζων

306 2228 562 2300 Χριστὸς,
590 2226 687 2281 καὶ
713 2226 761 2280 οί
779 2225 1157 2294 ἁγιαζόμενοι,
1180 2224 1230 2275 οἱ
1257 2220 1684 2283 πεπιστευκότες
1710 2216 1880 2289 αύτῷ,

309 2322 371 2375 ἐκ
401 2320 495 2374 τοῦ
528 2318 666 2373 Θεοῦ
696 2320 806 2371 τῶν
847 2317 986 2369 ὅλων
1019 2314 1115 2368 καὶ
1145 2313 1357 2385 Πατρδς
1404 2313 1645 2376 ἅπαντες
1675 2328 1690 2342 ο
1738 2313 1831 2364 καὶ
1855 2309 1884 2362 ὁ

304 2412 404 2481 μὲν
433 2400 655 2479 ἁγιάζει
685 2408 760 2470 ὡς
799 2405 1033 2477 κεφαλὴ,
1065 2400 1161 2458 καὶ
1182 2404 1284 2474 τῆς
1318 2403 1596 2474 σωτηρίας
1620 2401 1882 2472 ἀρχηγὸς,

299 2506 398 2558 καὶ
442 2503 647 2566 παντὸς
692 2499 969 2570 ἁγιασμοῦ
1019 2500 1294 2571 παροχεὺς
1347 2498 1444 2552 καὶ
1487 2496 1722 2568 Κύριος’
1755 2497 1802 2549 oi
1829 2495 1887 2549 δὲ

291 2597 631 2666 ἀγιὰζονται
680 2596 748 2665 τῇ
793 2592 1009 2663 μεθέξει
1051 2591 1151 2663 τῆς
1207 2590 1433 2661 χάριτος
1488 2588 1654 2643 αὑτοῦ
1712 2604 1889 2641 καινο-

298 2689 649 2760 ποιούμενοι,
672 2688 760 2741 διὰ
786 2687 887 2756 τῆς
912 2684 1005 2739 τοῦ
1032 2684 1177 2737 θείου
1208 2681 1439 2752 λουτροῦ
1471 2682 1887 2752 ἁναγεννήσεως

286 2783 473 2836 αὑτὸν
510 2779 952 2849 ὲνόιδυσκόμενοι
972 2793 988 2809 ο
1020 2777 1151 2830 ’Ὅτι
1180 2774 1315 2829 ὅσοι
1341 2776 1429 2840 εὶς
1462 2772 1724 2841 Χριστὸν
1749 2772 1887 2825 ἐϐα-

286 2876 686 2941 πτίσθησαν,
728 2868 984 2940 Χριστὸν
1019 2866 1408 2922 ἐνεδύσαντο.
1442 2864 1548 2918 Τοῦ
1590 2864 1648 2917 δὲ
1678 2862 1737 2929 ἐξ
1766 2863 1887 2927 ἐνὸς

294 2956 580 3037 ἠρτῆσθαι
612 2963 699 3015 ὅτι
747 2959 1062 3031 συμϐαίνει,
1115 2959 1210 3011 καὶ
1258 2958 1364 3027 ὅπη
1406 2950 1753 3025 εὐδαιμονίας
1793 2954 1887 3008 καὶ

300 3056 718 3127 μακαριότητος
745 3053 991 3122 πρόεισιν
1013 3049 1203 3121 ὥσπερ
1224 3048 1552 3116 αἰτιολογίαν
1585 3048 1884 3118 προτιθεὶς,

1985 1849 2226 1919 quidem,
2259 1863 2355 1905 ceu
2384 1860 2564 1920 caput,
2600 1854 2928 1923 sanctificat,
2955 1868 3008 1911 et
3052 1859 3243 1917 salutis
3267 1875 3475 1931 auctor,
3506 1877 3563 1922 et

1984 1941 2161 1996 omnis
2183 1941 2496 1996 sanctitatis
2533 1945 2879 2014 praabitorac
2925 1950 3216 2019 Dominus;
3261 1953 3317 2008 bi
3377 1965 3559 2012 autem

1987 2034 2400 2090 sanctificantur
2448 2038 2867 2107 participatione
2914 2043 3107 2112 gratia:
3157 2049 3422 2112 renovati,
3465 2064 3564 2119 per

1988 2127 2151 2182 divini
2169 2127 2373 2184 lavacri
2395 2132 2852 2200 regenerationem
2882 2132 3058 2202 ipsum
3080 2136 3182 2190 sibi
3220 2138 3510 2194 imluentes
3542 2159 3558 2198 :

1991 2220 2256 2286 Quoniam
2287 2235 2538 2293 quotquot
2571 2223 2628 2277 in
2673 2225 2885 2281 Christo
2910 2229 3163 2297 baptizati
3187 2240 3331 2297 sunt,
3385 2231 3551 2287 Chri-

1990 2322 2127 2365 stum
2168 2312 2659 2387 sibioinduerunt".
2689 2313 2842 2379 Quod
2877 2327 3056 2370 autem
3080 2322 3164 2371 ex
3195 2334 3301 2372 uno
3330 2317 3568 2388 pendere

1991 2403 2294 2469 contingat,
2329 2414 2400 2457 et.
2434 2413 2707 2473 quatenus
2735 2404 2995 2460 felicitate
3042 2421 3105 2461 ac
3145 2407 3402 2463 beatitate
3444 2411 3567 2478 quis

1990 2496 2259 2564 proﬁciat,
2306 2510 2526 2551 causam
2559 2496 2677 2564 ejus
2716 2497 2792 2550 rei
2827 2498 3224 2566 quodammodo
3261 2516 3483 2569 ponens.
3512 2513 3569 2555 ut

1994 2588 2187 2642 innuat
2240 2588 2720 2652 necessitudinem,
2752 2590 3065 2658 quamdam,
3126 2605 3326 2660 eosque
3368 2591 3569 2648 frater-

1996 2681 2166 2735 nitate
2212 2696 2337 2737 esse
2369 2682 2623 2748 donatos,
2677 2684 2861 2737 addit:
2927 2683 3281 2749 Quamobrem
3310 2703 3415 2740 non
3449 2703 3572 2741 eru-

1996 2773 2153 2827 bescil
2181 2789 2272 2826 eos
2291 2774 2560 2842 appellare
2587 2774 2799 2837 fratres.
2832 2775 3009 2829 dicem
3034 2774 3353 2832 :Nuntiubo
3383 2793 3571 2833 nomen

1994 2876 2142 2919 tuum
2160 2866 2421 2937 fratribus
2443 2869 2593 2932 meis,
2627 2868 2680 2920 in
2704 2866 2873 2920 medio
2897 2866 3147 2922 Ecclesia:
3170 2869 3400 2925 laudabo
3418 2881 3465 2925 te
3502 2863 3569 2924 ⁸³.

1995 2957 2070 3012 Ita
2095 2973 2188 3013 eos
2235 2959 2532 3025 bonorans,
2561 2968 2617 3014 et
2672 2960 3047 3027 superioribus
3074 2961 3315 3015 hominis
3375 2964 3568 3016 condi-

1997 3051 2126 3123 tioni
2164 3050 2463 3104 honoribus
2491 3064 2586 3103 eos
2627 3065 2914 3104 coronans.
2942 3048 3082 3116 Quid
3114 3053 3257 3104 enim
3297 3053 3400 3107 boc
3430 3052 3569 3107 diri-

295 3150 379 3210 ὡς
406 3151 488 3210 είς
517 3144 831 3215 ἀγχιστείαν
856 3138 1054 3212 οἷάπερ
1102 3141 1432 3210 συνάγεσθαι.
1463 3141 1715 3209 καὶπρὸς
1740 3139 1893 3193 ἁδελ-

2000 3144 2120 3197 nius
2144 3143 2225 3197 vel
2272 3143 2522 3200 beatius?
2553 3144 2662 3199 Cur
2714 3154 2893 3198 autem
2951 3145 3060 3198 sint
3089 3143 3308 3212 fratres,
3337 3155 3570 3202 constat.

298 3241 549 3311 φότητος
580 3239 780 3300 αὐτοὺς
837 3235 1109 3306 ἠξιῶσθαι
1170 3234 1363 3304 κλῆσιν
1421 3233 1650 3301 ὲπάγει’
1683 3234 1764 3285 Δι’
1815 3231 1894 3300 ἣν

297 3333 532 3395 αἷτίαν,
613 3332 727 3383 οὐκ
799 3327 1232 3395 ἐπαισχύνεται
1292 3325 1596 3396 ἀδελφοὺς
1672 3324 1895 3391 αὐτοὺς

300 3422 528 3479 καλεῖν
578 3417 1186 3490 λέγωνοἊπαγγ-ελῶ
1245 3417 1313 3472 τὸ
1367 3417 1558 3487 ὄνομά
1601 3432 1718 3471 σου
1769 3415 1895 3482 τοῖς

297 3512 604 3582 ἀδελφοῖς
625 3530 765 3581 μου,
796 3510 868 3564 ἐν
892 3511 1062 3581 μέσῳ
1121 3510 1490 3577 Ἐκκλησίας
1521 3507 1774 3578 ὑμνήσω
1798 3523 1893 3562 σε.

298 3608 500 3675 Ταύτῃ
540 3603 778 3668 δοξάζων
811 3602 1033 3665 αὐτοὺς,
1090 3605 1185 3655 καὶ
1224 3600 1529 3673 κρείττοσιν
1561 3600 1594 3671 ἢ
1622 3599 1759 3653 κατὰ
1798 3599 1895 3652 ἄν·

300 3699 534 3768 θρωπον
570 3695 852 3762 στεφανῶν
893 3694 1077 3761 τιμαῖς
1102 3707 1116 3722 ο
1143 3690 1197 3743 τί
1239 3690 1348 3759 γὰρ
1378 3691 1585 3742 τούτων
1620 3688 1895 3759 θειότερον

298 3790 337 3862 ἦ
382 3784 839 3859 μακαριώτερο·ι;
866 3784 977 3836 Καὶ
1009 3783 1070 3836 τὸ
1119 3783 1292 3835 αἴτιον
1316 3781 1495 3851 δῆλον,
1530 3779 1653 3833 ὅθεν
1692 3796 1896 3850 κεχρη-

303 3878 615 3952 ματίκασιν
650 3875 870 3943 ἀδελφοί
903 3890 915 3904 ·
952 3873 1137 3934 ἐπειδὴ
1164 3875 1273 3944 γὰρ
1325 3872 1458 3934 Θεὸς
1511 3870 1607 3935 ὢν,
1647 3871 1746 3942 τὴν
1774 3868 1896 3923 καθ’

298 3973 465 4044 ἡμᾶς
506 3968 903 4041 περιϐαλέσθαι
950 3966 1315 4036 ταπεινότητα
1366 3965 1468 4019 οὐκ
1521 3961 1802 4034 ἀπηξίωσε
1830 3962 1895 4016 δι’

302 4064 579 4135 ἀπειρίαν
612 4063 795 4115 οἴκτου
845 4061 938 4113 καὶ
971 4056 1333 4130 ἀγαθότητος,
1362 4057 1450 4111 ἵνα
1491 4057 1637 4127 ἡμᾶς
1672 4058 1737 4127 τῇ
1771 4056 1898 4108 ἑαυ-

299 4156 409 4212 τοῦ
467 4153 731 4225 ἁνυψώσῃ
814 4150 1102 4222 πτωχείᾳ,
1161 4148 1410 4203 ἐντεῦθεν
1480 4147 1541 4201 τὸ
1592 4149 1686 4202 καὶ
1744 4145 1900 4200 ἁδελ-

301 4248 405 4317 φοὶ
445 4247 544 4299 καὶ
599 4244 767 4297 τέκνα
798 4241 1041 4312 ὑπάρξαι
1071 4239 1549 4310 πεπλουτήκαμεν.
1575 4236 1652 4300 ὼς
1699 4236 1899 4290 αὐτίκα

301 4341 474 4413 ὲρεϊο
526 4325 675 4392 Ἰδοὺ
709 4335 824 4403 ἐγὼ
872 4334 970 4388 καί
1019 4333 1091 4388 τὰ
1121 4332 1349 4399 παιδία,
1390 4332 1428 4387 ἄ
1456 4348 1559 4402 μοι
1605 4330 1828 4384 ἔδωκεν
1865 4332 1900 4384 ό

1995 3236 2132 3291 Nam
2181 3237 2309 3303 quia
2342 3236 2484 3291 Deus
2518 3252 2639 3291 cum
2671 3245 2843 3298 esset,
2876 3245 3058 3289 nostra
3104 3236 3432 3290 circumdari
3467 3237 3572 3290 Ιιιι-

1998 3328 2225 3382 militate
2260 3337 2469 3382 nonest
2500 3328 2824 3398 dedignatus
2854 3339 3075 3396 propter
3109 3327 3378 3381 infinitam
3416 3342 3568 3382 suam

1997 3420 2339 3474 clementiam
2380 3436 2444 3474 ac
2478 3419 2796 3484 bonitatem,
2832 3432 2890 3472 ut
2952 3434 3051 3473 nos
3107 3429 3426 3487 paupertate
3473 3435 3573 3473 sua

1996 3512 2301 3577 extolleret,
2343 3512 2468 3566 hinc
2517 3512 2697 3581 adepti
2734 3526 2921 3565 sumus
2970 3521 3023 3562 ut
3050 3520 3107 3565 et
3137 3512 3332 3564 fratres
3365 3524 3419 3564 et
3479 3510 3573 3564 lilii

1997 3606 2276 3660 dicantur:
2313 3612 2371 3656 ut
2396 3612 2639 3657 actutum
2669 3604 2813 3657 dicet
2848 3622 2861 3658 :
2894 3601 3032 3658 Ecre
3058 3620 3151 3673 ego
3190 3616 3237 3658 et
3279 3606 3427 3668 pueri
3442 3621 3575 3676 quos

1998 3696 2127 3750 mihi
2179 3694 2318 3748 Deus
2345 3694 2511 3747 dedit.
2547 3693 2687 3760 Quia
2721 3711 2845 3764 ergo
2868 3696 3017 3763 pueri
3054 3697 3572 3751 communicauerunt

1997 3786 2145 3839 carui
2164 3796 2208 3838 et
2226 3786 2492 3855 sanguini.
2509 3796 2557 3838 et
2572 3786 2680 3855 ipse
2697 3786 2936 3838 similiter
2946 3774 3283 3854 participarif
3293 3786 3484 3859 eisdem
3500 3786 3568 3840 ".

2001 3876 2109 3931 llos
2146 3876 2327 3945 itaque
2363 3876 2583 3930 Christo
2632 3877 2864 3938 indutos.
2899 3874 2967 3930 ab
2990 3891 3165 3946 eoque
3213 3878 3463 3946 praedicta
3490 3895 3577 3930 ra-

2002 3969 2145 4022 tione
2177 3968 2559 4032 sanctiliCatos,
2591 3971 2867 4039 quomodo
2916 3984 3012 4022 uos
3035 3970 3459 4037 perhorrescunt
3487 3972 3575 4023 in-

1999 4060 2184 4115 felices
2221 4061 2297 4124 bi,
2349 4061 2618 4113 idolorum
2667 4063 2986 4113 adoratores
3019 4058 3327 4129 appellare?
3362 4061 3435 4114 Ex
3491 4064 3577 4116 bis

1999 4166 2162 4223 porro
2196 4150 2479 4221 pervidere
2506 4150 2653 4215 licet,
2682 4165 2916 4220 qtmnam
2952 4151 3065 4205 hare
3088 4151 3416 4205 contumelia
3450 4134 3579 4207 eva-

2000 4242 2156 4309 serit,
2213 4253 2431 4313 propter
2486 4241 2849 4296 fraternitatis
2911 4244 3345 4297 connuuniouem
3415 4255 3579 4315 atque

2001 4333 2347 4403 adoptionis;
2378 4334 2519 4402 quod
2567 4346 2697 4386 sane
2719 4333 2900 4386 dicere
2930 4348 3036 4385 non
3068 4331 3216 4395 licet,
3246 4334 3575 4389 timentibus

307 4429 470 4492 Θεός
495 4442 512 4459 ο
563 4420 695 4478 ἐπεὶ
728 4419 845 4479 οὖν
876 4423 948 4477 τὰ
980 4423 1190 4477 παιδία
1238 4422 1638 4487 κεκοινώνηκε
1672 4418 1899 4487 σαρκὸς

2004 4425 2269 4479 adversus
2303 4424 2722 4494 primogenitum
2792 4423 2952 4478 simul
2990 4434 3152 4491 atque
3199 4436 3406 4493 patrem
3462 4426 3578 4479 bla-

302 4521 414 4576 καὶ
467 4520 738 4588 αἵματος,
798 4514 899 4569 καὶ
926 4513 1113 4581 αὐτὸς
1161 4512 1597 4581 παραπλησίως
1635 4510 1900 4580 μετέσχε

2005 4516 2333 4587 spbemiatn,
2369 4517 2414 4571 si
2447 4527 2598 4572 certe
2633 4516 2799 4570 Deum
2835 4528 3161 4587 agnoscunt,
3197 4532 3373 4586 neque
3411 4535 3575 4574 sensu

302 4612 437 4669 τῶν
455 4610 677 4665 αὐτῶν.
706 4605 945 4671 Τούτους
972 4607 1153 4660 τοίνυν
1184 4604 1310 4667 τοὺς
1341 4602 1579 4673 Χριστὸν
1610 4598 1899 4669 ἐνδεδυμέ-

300 4720 461 4767 νους,
494 4701 590 4753 καὶ
622 4689 755 4768 παρ’
796 4695 969 4750 αὑτοῦ
1000 4693 1391 4765 ἡγιασμένους,
1425 4692 1688 4761 ἀδελφούς
1719 4707 1779 4743 τε
1809 4691 1902 4743 καὶ

299 4796 483 4849 τέκνα
506 4788 834 4860 νομισθῆναι
857 4785 1297 4851 καταξιωθέντας
1326 4782 1470 4837 κατὰ
1518 4782 1613 4834 τὸν
1647 4778 1903 4834 ἀποδεδο-

304 4887 483 4956 μένον
520 4882 746 4953 τρόπον,
789 4878 907 4942 πῶς
934 4878 995 4931 ού
1028 4874 1513 4946 καταπεφρίκεσαν
1559 4873 1610 4925 οἱ
1652 4871 1906 4936 δείλαιοι,

301 4974 551 5030 εἰδώλων
582 4970 968 5045 προσκυνητὰς
981 4968 1271 5039 ὀνομάζειν
1291 4983 1307 5033 ;
1335 4965 1430 5019 Ἐκ
1446 4964 1512 5035 δὴ
1528 4964 1734 5019 τούτων
1764 4980 1893 5017 συν-

288 5067 454 5139 ὀρᾷν
485 5064 720 5132 Ιξεστιν,
750 5064 812 5116 οὐ
849 5060 922 5116 τὰ
968 5060 1069 5132 τῆς
1099 5057 1314 5132 ὕϐρεως
1341 5057 1434 5111 διὰ
1474 5057 1573 5128 τὴν
1603 5055 1892 5110 κοινωνίαν

302 5161 415 5230 τῆς
446 5175 505 5211 τε
545 5155 909 5227 ἀδελφότητας
958 5154 1052 5207 καὶ
1081 5151 1183 5222 τῆς
1213 5148 1488 5212 υἱοθεσίας
1516 5146 1858 5216 ἀναϐέϐηκεν
1876 5163 1891 5179 ο

301 5257 453 5323 ὅπερ
474 5254 639 5324 φάναι
676 5252 740 5305 οὐ
770 5249 1011 5321 θεμιτὸν,
1041 5247 1154 5303 δέει
1176 5247 1279 5319 τῆς
1325 5247 1408 5310 είς
1429 5244 1522 5299 τὸν
1544 5245 1897 5316 Πρωτότοκον

303 5345 452 5417 ὁμοῦ
485 5347 578 5399 καὶ
603 5344 824 5416 Πατέρα
854 5340 1166 5413 δυσφημίας
1198 5342 1312 5403 τοῖς
1356 5339 1523 5392 εἰδόσι
1552 5337 1705 5400 Θεὸν,
1741 5337 1792 5390 εἰ
1821 5338 1897 5408 μὴ

305 5436 622 5508 αἰσθήσεώς
660 5452 720 5489 τε
750 5435 846 5489 καὶ
868 5434 960 5488 νοῦ
1011 5432 1361 5488 παντάπασιν
1399 5429 1895 5499 ἀπολιμπάνοιντο·

306 5531 498 5601 σιωπῇ
531 5528 642 5599 γὰρ
678 5526 879 5599 μᾶλλον
911 5527 981 5582 τὰ
1013 5524 1183 5580 πολλὰ
1205 5522 1314 5578 τῶν
1353 5525 1418 5576 ἐκ
1453 5521 1549 5592 τῆς
1579 5522 1897 5595 Χριστομά-

390 5707 435 5739 δ’
460 5704 503 5761 Il
531 5704 660 5761 Cor.
698 5722 769 5771 rt,
806 5705 860 5761 1-3
879 5745 892 5758 .

312 5778 416 5839 13.
456 5779 535 5833 ll.

969 5704 1013 5736 '°
1048 5702 1244 5759 Ezecb.
1300 5717 1510 5767 xxxv",
1553 5701 1642 5755 28.
1721 5705 1763 5734 δ’
1803 5700 1965 5757 llubr.
2001 5720 2058 5765 ιι,
2103 5700 2183 5757 lt.

2000 4625 2065 4664 ac
2100 4619 2281 4664 mente
2306 4624 2527 4679 prorsus
2556 4610 2939 4663 destituuntur.
2970 4609 3105 4664 Nam
3154 4611 3371 4666 silentio
3394 4618 3572 4680 potius

2001 4699 2261 4769 pleraque
2295 4714 2416 4769 quae
2466 4714 2494 4753 a
2533 4698 3076 4755 Clll‘iSlOllttK'horltttt
3109 4700 3289 4769 lingua
3344 4712 3577 4766 scatent,

2002 4807 2100 4845 ceu
2128 4792 2458 4859 nequissima
2493 4803 2551 4847 et
2595 4791 2984 4847 absurdissima
3015 4795 3393 4862 praetereunda
3431 4807 3578 4849 sum.

2003 4883 2138 4938 Nam
2171 4885 2262 4954 qui
2307 4893 2508 4955 negant
2562 4884 2928 4942 fraternitatis
2959 4900 3082 4941 cum
3134 4886 3356 4941 Christo
3388 4888 3577 4942 vincu-

2004 4974 2138 5041 lum,
2168 4984 2221 5029 et
2273 4990 2304 5030 a
2338 4974 2602 5046 dignitate
2661 4977 2972 5049 adeptionis
3017 4979 3361 5043 exciderunt,
3405 4994 3580 5049 neque

1998 5065 2275 5123 Christum
2323 5066 2428 5123 sibi
2464 5083 2701 5139 unquam
2729 5069 3046 5136 induerunt,
3069 5080 3228 5139 prout
3274 5070 3374 5138 ipsi
3408 5080 3581 5124 semet

2002 5160 2260 5232 produnt,
2282 5160 2555 5214 undenam
2591 5160 2705 5215 haec
2744 5161 2957 5217 discere
2973 5160 3057 5215 νει
3087 5161 3322 5230 experiri
3347 5161 3577 5230 possint.

2004 5250 2089 5304 vel
2135 5246 2593 5304 sanctificationis
2648 5251 2909 5320 consequi
2967 5249 3235 5321 gratiam?
3264 5248 3398 5304 Nam
3438 5251 3481 5305 si
3513 5252 3580 5305 ad

2005 5342 2194 5396 barum
2221 5356 2401 5396 rerum
2429 5343 2773 5415 negationem
2806 5342 3146 5406 incumbunt,
3171 5343 3310 5397 haud
3357 5343 3579 5399 meliora

2004 5447 2136 5487 sane
2156 5447 2254 5487 uec
2283 5433 2499 5488 utiliora
2526 5434 2820 5502 reperient.
2853 5433 2980 5489 Haec
3012 5444 3140 5489 sunt
3171 5435 3436 5488 vecordia:
3462 5434 3584 5489 illo-

2006 5538 2123 5577 rum
2155 5537 2218 5577 at:
2251 5523 2511 5578 Vanitatis
2541 5524 2894 5578 deliramenta
2917 5532 2971 5577 et
3003 5526 3157 5593 quasi
3188 5524 3426 5579 balatus.

2297 5704 2342 5735 ⁵³
2382 5702 2612 5769 Ga',ttt,
2640 5703 2731 5758 27.
2811 5702 2857 5734 ⁵³
2888 5701 3053 5756 llebt'.
3111 5718 3172 5771 tt,
3211 5703 3293 5758 ιι.
3372 5702 3420 5737 ⁵⁸
3451 5704 3582 5761 ibid.

2993 5909 3015 5937 \
