3994 6428
277 376 381 447 741

1135 345 1895 440 ΑΡοιοοΕΤΙουεῬῐιο
1934 376 2212 443 SACRIS
2254 372 2746 440 IMAGINIBUS.

3444 374 3559 443 ’142

282 508 385 548 σαν
413 503 431 521 ⁸
466 490 521 561 ἢ
577 489 717 573 μιξδέ
776 490 876 560 τήν
928 484 1108 560 ἀρχὴν
1158 486 1314 558 αὖτῷ
1379 487 1661 553 δεδόσθαι,
1735 488 1872 560 μήτε

1981 482 2378 557 ίιιοτὶιρηεηιιθ
2435 486 2552 557 ipse
2612 501 2641 541 a
2666 486 2863 558 linguis
2896 501 2961 544 ac
3005 485 3254 545 tribubus
3297 489 3558 547 adoratus

284 586 395 656 μὴν
444 580 553 636 ὑπὸ
592 580 877 650 γλωσσῶν
929 579 1025 634 καὶ
1081 579 1268 649 φυλῶν
1302 579 1804 650 προσκεκυνῆσθαιν
1834 579 1869 650 ἢ

279 673 688 739 δεδουλεῦσθαι,
720 672 852 726 λαόν
893 690 953 726 τε
992 672 1386 744 διακεκτῆσθαι
1413 673 1509 727 καὶ
1536 670 1871 743 διηρπάσθαι

279 763 360 836 τῷ
391 763 819 835 τυραννήσαντι,
856 762 951 815 καὶ
989 762 1509 834 συλλήϐδηνείπεϊν,
1540 761 1871 826 ἀπεναντίας

279 857 341 910 ἐν
364 855 544 909 ἅπασι
560 852 653 923 τῷ
673 854 933 927 προφήτῃ
948 853 1356 925 διανενόηνται·
1384 856 1557 908 ταῦτα
1587 855 1632 907 δ’
1658 856 1871 910 ἅπαντα

281 951 506 1020 μικροῖς
532 945 920 1017 συνειληφότες
950 948 1184 1019 ῥήμασι,
1216 945 1483 1018 μεγίστην
1502 946 1601 1018 τὴν
1627 946 1873 1018 βλασφη-

281 1043 418 1112 μίαν
465 1040 610 1093 κατά
642 1038 742 1109 τῆς
779 1038 933 1103 θείας
966 1042 1333 1112 ἐτεκτήναντο
1359 1039 1546 1111 δόξης,
1577 1040 1866 1093 εἰδωλολα-

276 1131 444 1201 τρίαν
475 1129 654 1193 ἀθέως
690 1129 784 1182 καὶ
831 1127 1139 1195 δυσσεϐῶς,
1172 1129 1271 1201 τὴν
1300 1131 1651 1202 Χριστιανῶν
1680 1130 1868 1185 θεοσέ-

276 1220 439 1274 ϐειαν
468 1216 814 1273 ἀποκαλέσαι
839 1218 1236 1289 τολμήσαντες,
1280 1221 1378 1273 καὶ
1404 1222 1663 1293 τοιαύτην
1709 1221 1869 1287 δόξαν

276 1312 467 1377 ἄλλοις
513 1329 573 1366 τε
630 1311 725 1365 καὶ
780 1313 993 1377 ἑαυτοῖς
1061 1313 1467 1379 ἐπικλώσαντες
1500 1331 1514 1345 ·
1552 1315 1671 1379 πῶς
1710 1315 1765 1370 δὲ
1806 1316 1866 1368 ού

275 1405 699 1475 κατεπτήχασιν
725 1403 852 1459 οὐδὲ
885 1403 1320 1476 κατεπλάγησαν
1347 1405 1446 1476 τὴν
1494 1404 1697 1476 ψυχὴν,
1731 1406 1870 1476 πρὸς

274 1497 349 1550 τὰ
377 1494 523 1549 οὕτω
553 1495 702 1566 σαφῆ
730 1497 824 1549 καὶ
864 1496 1250 1565 ἀναμφίλεκτα
1300 1495 1595 1567 προπετῶς
1625 1495 1869 1550 ἀντιϐλέ-

275 1605 499 1654 ποντες,
534 1588 589 1641 οἵ
632 1604 697 1657 γε
736 1588 837 1642 καὶ
888 1588 1101 1644 ἀναιδεῖ
1127 1587 1412 1661 προσώπῳ
1464 1588 1560 1643 καὶ
1592 1605 1866 1657 πεπωρω-

279 1681 423 1753 μένῃ
468 1678 669 1751 καρδίᾳ
722 1679 1109 1751 ὑφιστάμενοι,
1162 1679 1309 1733 κατὰ
1350 1680 1453 1751 τῆς
1490 1679 1584 1733 τοῦ
1616 1680 1868 1751 Σωτῆρος

275 1773 734 1843 ἀπηυθαδίσαντο
767 1771 961 1840 δόξης;
987 1771 1127 1825 ἀλλά
1144 1771 1320 1825 πόθεν
1335 1771 1524 1835 αὐτοῖς
1551 1771 1612 1825 τὸ
1643 1772 1865 1825 θεοστυ-

274 1837 571 1933 γές-τοῦτο
603 1861 702 1916 καὶ
728 1837 931 1917 ἄτοπον
969 1854 1652 1935 παρῤησιάσεταιδόγμας
1680 1863 1728 1914 εί
1766 1862 1865 1932 μὲν
1899 1837 1941 1897 Β

276 1955 390 2025 γὰρ
414 1952 604 2017 ἁπλῶς
637 1953 736 2023 τὴν
794 1953 974 2025 ἀρχὴν
1012 1954 1109 2009 καὶ
1135 1955 1238 2025 τήν
1283 1954 1564 2025 βασιλείαν
1611 1954 1704 2007 τοῦ
1757 1953 1865 2008 τῶν

277 2047 419 2102 ὅλων
452 2045 589 2100 Θεοῦ
613 2046 643 2097 ὁ
670 2046 1011 2117 προφητικὸς
1039 2047 1486 2118 προανεκήρυττε
1507 2046 1665 2115 λόγος
1696 2063 1865 2118 προσ·

283 2136 576 2211 διορισμοῦ
628 2138 776 2210 δίχα,
831 2136 1157 2208 ἐπεφύησαν
1216 2138 1283 2192 ἂν
1338 2140 1742 2210 ἀκρατέστερον
1773 2141 1869 2194 καὶ

289 2230 625 2305 θρασύτερον
672 2233 786 2293 τοῖς
829 2230 938 2285 τῶν
969 2229 1149 2303 ὀρθῶν
1189 2230 1293 2300 τῆς
1330 2230 1618 2294 εὐσεϐείας
1658 2231 1868 2302 δογμά-

287 2344 394 2381 των
420 2324 874 2396 ἐπειλημμέναις,
909 2325 973 2378 ἐκ
1013 2326 1310 2394 περιέργου
1334 2322 1532 2393 λέσχης
1552 2323 1613 2376 τὸ
1638 2325 1870 2395 μάταιον

282 2418 377 2473 καὶ
411 2417 771 2480 ἀπόπληκτον
829 2416 941 2470 τῶν
969 2416 1148 2485 λόγων
1187 2414 1367 2469 αὐτῶν
1405 2415 1869 2486 ἐπιτειχίζοντες·

277 2511 374 2564 καὶ
406 2509 599 2581 ῶσπερ
636 2510 687 2562 οἱ
740 2508 835 2563 ἐπί
863 2525 916 2562 τι
946 2508 1177 2581 θήραμα
1222 2508 1605 2574 καταθέοντες,
1632 2511 1733 2581 τῆς
1762 2510 1871 2565 τῶν

274 2604 591 2675 είρημένων
623 2601 929 2673 ἁπλότητος
950 2601 1364 2672 καταφυόμενοι
1387 2643 1403 2669 ,
1442 2604 1870 2676 μεμετρημένην

253 2714 398 2758 νπως
442 2697 537 2748 καὶ
565 2695 999 2767 πεπερασμένην
1019 2695 1119 2765 τὴν
1151 2694 1395 2765 Χριστοῦ
1430 2695 1714 2766 βασιλείαν
1751 2698 1871 2750 sic-

270 2787 418 2857 ἦγον
446 2803 463 2819 ο
511 2787 562 2838 εί
626 2785 683 2837 δὲ
750 2788 816 2856 τῇ
871 2783 1123 2854 βασιλείᾳ
1173 2785 1498 2854 πρόσκειται
1545 2787 1606 2841 τὸ
1634 2786 1872 2853 αἰώνιος

252 2881 377 2938 ,καὶ
409 2879 736 2949 ἄφθαρτος,
782 2877 877 2931 καὶ
902 2877 964 2929 τὺ
989 2875 1050 2929 οὔ
1083 2893 1213 2929 ποτε
1241 2877 1696 2948 παρελεύσεσθαι,
1723 2880 1776 2933 τί
1803 2878 1869 2951 δή

269 2988 414 3027 ποτε
434 2972 536 3025 οὐκ
553 2969 944 3042 ἐπιτεθήσεται
961 2968 1146 3023 αὐτῶν
1160 2972 1227 3041 τῇ
1242 2969 1615 3042 ἀθυροστομίᾳ
1631 2972 1868 3043 χαλινὸς,

256 3064 433 3128 »ὅπως
461 3065 715 3132 ἀποφραγ
727 3061 813 3132 είη
842 3062 951 3115 πᾶν
973 3060 1148 3131 στόμα
1174 3059 1320 3115 κατὰ
1341 3061 1433 3115 τοῦ
1462 3059 1739 3126 Βασιλέως
1760 3060 1872 3118 τῶν

267 3155 497 3212 αἰώνων
562 3153 758 3211 λαλοῦν
814 3155 1013 3221 ἀδικα;
1050 3156 1079 3206 ὁ
1130 3154 1240 3226 γάρ
1296 3171 1379 3208 τοι
1416 3153 1722 3225 βασιλεύων
1778 3156 1871 3209 τὸν

268 3247 455 3304 αἰῶνα
478 3248 574 3301 καὶ
605 3247 694 3301 ἐπ’
721 3245 897 3301 αἰῶνα
925 3245 1019 3300 καὶ
1037 3245 1143 3311 ἐτι,
1173 3246 1286 3300 οὔτ’
1313 3246 1381 3301 ἀν
1402 3264 1535 3301 ποτε
1563 3247 1664 3318 τῆς
1695 3247 1872 3318 ἀρχῆς

268 3343 382 3399 ml.
397 3340 500 3409 τῆς
517 3340 675 3411 δόξης
692 3338 1047 3410 ἀφαιρεθείη,
1060 3338 1175 3392 οὔτ’
1188 3337 1254 3392 ἂν
1265 3341 1292 3392 ὁ
1308 3338 1412 3391 ὑπὸ
1431 3342 1588 3410 χεῖρα
1601 3340 1697 3392 καὶ⁵
1708 3340 1873 3409 ἐγνω-

254 3434 397 3497 .κὼς
422 3432 588 3487 αὑτὸν
615 3430 767 3495 λαὸς,
797 3431 972 3503 ἐτέρῳ
991 3429 1288 3499 πρόσθοιτο
1305 3428 1513 3501 βασιλεῖ
1531 3447 1546 3461 ο
1566 3429 1687 3484 οὐδὲ
1715 3430 1823 3499 γὰρ
1844 3431 1873 3484 ὁ

271 3525 580 3599 κρείττων,
622 3518 685 3579 οὗ
742 3522 1126 3595 ἐπιλήψονται,
1188 3521 1333 3575 ἐστιν
1388 3521 1422 3593 ἢ
1474 3522 1613 3586 ὅλως
1678 3521 1868 3576 ἔσται·

269 3617 486 3673 οὐκοῦν
527 3616 595 3669 οὐ
623 3614 1048 3686 τετυράννηται,
1084 3612 1208 3667 ούδέ
1238 3613 1598 3685 διήρπασται,
1620 3614 1743 3668 ούδέ
1772 3614 1873 3684 τῆς

269 3710 538 3780 ἐξουσίας
572 3709 900 3779 ἐκὸέὸληται
924 3724 940 3738 ⁸
983 3707 1073 3761 διὰ
1103 3706 1264 3761 τοῦτο
1311 3707 1434 3761 οὐδὲ
1482 3708 1544 3760 τὸ
1593 3707 1688 3760 ὑπ’
1722 3706 1872 3778 αὐτῷ

266 3801 477 3858 τελοῦν
510 3802 659 3856 ἅπαν
689 3799 933 3864 εἰδώλοις
977 3798 1287 3871 πρόσεισιν,
1326 3799 1500 3870 ἥδοίη
1533 3800 1595 3852 τὸ
1627 3798 1871 3871 προῦχον

266 3895 359 3966 τῷ
400 3893 616 3964 δαίμονι
656 3909 670 3923 ·
708 3892 842 3946 Θεὸν
870 3891 981 3961 γὰρ
1034 3892 1130 3946 καὶ
1188 3891 1395 3963 Κύριον
1429 3892 1539 3945 τῶν
1568 3891 1725 3959 ὅλων,
1779 3891 1872 3947 τὸν

268 3987 511 4042 πάντων
561 3982 722 4055 ἡμῶν
758 3983 990 4057 Σωτῆρα
1037 3983 1275 4055 Χριστὸν
1338 3982 1716 4053 ἐπιγινώσκει,
1776 3983 1873 4038 καὶ

268 4072 440 4142 αὐτῷ
475 4073 809 4143 προσκυνεῖ”
841 4071 1011 4137 Αὐτῷ
1071 4073 1181 4142 γὰρ
1242 4070 1499 4143 κάμπτει
1547 4072 1672 4130 πᾶν
1722 4074 1872 4145 γόνυ

265 4165 665 4231 ἐπουρανίων
690 4161 789 4216 καὶ
820 4164 1108 4233 ἐπιγείων
1146 4165 1244 4218 καὶ
1288 4166 1723 4233 καταχθονίων,
1773 4165 1874 4219 καὶ

270 4256 460 4315 πᾶσα
484 4255 739 4325 γλῶσσα
762 4255 1240 4325 ὲξομολογεῖται,
1270 4257 1356 4309 ὅτι
1376 4260 1481 4324 Κύ,
1507 4277 1595 4324 ιος
1630 4258 1874 4326 Ἰησοῦς

268 4352 495 4419 Χριστέ
509 4368 541 4414 ς
558 4350 644 4413 είς
661 4347 852 4412 δόξαν
869 4348 1017 4402 Θεοῦ
1038 4350 1290 4416 Πατρός.
1310 4349 1760 4422 Ἀμήν-,Φανερὸν
1780 4346 1875 4404 οὖν

272 4443 377 4498 καὶ
401 4439 656 4495 ἐντεῦθεν
678 4441 759 4492 ὅτι
778 4441 843 4493 ἐκ
869 4439 964 4493 τοῦ
1011 4440 1257 4493 ἐναντίου
1288 4439 1600 4511 πνεύματος
1618 4440 1873 4494 λαλοῦσιν

266 4537 320 4588 οἱ
348 4533 757 4605 Χριστομάχοι,
810 4532 886 4596 ὡς
918 4531 1192 4587 ἀντίπαλα
1227 4533 1322 4586 καὶ
1355 4533 1613 4588 ἀντίθετα
1637 4534 1745 4588 τῶν
1774 4534 1869 4588 τοῦ
1904 4530 1950 4588 υ

268 4624 435 4687 θείου
469 4623 791 4694 Πνεύματος
817 4620 1016 4692 λογίων
1055 4620 1440 4693 φθεγγόμενοι.

347 4758 456 4819 νθ⁹.
485 4756 873 4813 Σκοπείτωσοιν
898 4758 954 4812 δὲ
980 4759 1205 4813 κάκεῖνο
1226 4759 1276 4813 οἱ
1306 4760 1675 4829 ἀϐασίλευτοι,
1707 4764 1791 4817 ὅτι
1814 4764 1875 4819 τὸ

263 4851 592 4921 βασιλεὺς
614 4851 788 4921 ὄνομα
804 4851 905 4904 οὐκ
930 4850 1048 4905 ἐστι
1063 4851 1174 4905 τῶν
1195 4852 1486 4918 ἀπολύτως
1510 4855 1608 4910 καὶ
1629 4855 1873 4927 ἀσχέτως

268 4944 620 5016 λεγομένων,
643 4942 752 4996 τῶν
776 4942 909 5014 πρός
927 4960 980 4997 τι
1000 4943 1078 5008 δὲ,
1098 4943 1193 4998 καὶ
1217 4945 1327 4999 τῶν
1350 4948 1409 5000 ἐν
1433 4946 1619 5017 σχέσει
1640 4946 1875 5020 θεωρου-

275 5039 475 5111 μένων
495 5052 509 5066 °
549 5036 613 5090 οὐ
640 5036 753 5108 γὰρ
775 5035 841 5090 ἂν
863 5036 1087 5108 νοηθείη
1121 5037 1405 5108 βασιλεὺς,
1441 5038 1555 5093 τῶν
1590 5039 1874 5110 βασιλευο-

274 5131 473 5202 μένων
518 5129 686 5184 ἇνευ·
744 5128 869 5182 οὐδὲ
918 5129 1130 5200 ἄρχων,
1186 5129 1295 5184 τῶν
1349 5131 1673 5202 ἀρχομένων
1718 5130 1871 5201 δίχα·

272 5223 507 5293 ἀνάγκη
539 5222 649 5293 γὰρ
679 5220 870 5293 ἐτέρου
897 5221 1008 5275 τῶν
1041 5223 1437 5295 προσηγοριῶν
1461 5223 1672 5277 τούτων
1699 5222 1877 5276 τεθει-

275 5316 484 5386 μένου,
533 5311 955 5389 συνεισάγεσθαι
991 5312 1084 5367 καὶ
1113 5313 1342 5387 θάτερον
1404 5315 1596 5385 ὥσπερ
1625 5313 1691 5385 δὴ
1723 5314 1877 5366 ἀναιο

274 5409 560 5485 ρουμένου
619 5407 1069 5479 ωναναιρείσθαι
1097 5426 1110 5439 ο
1141 5410 1285 5464 οὕτω
1331 5412 1441 5482 γὰρ
1480 5410 1550 5463 τὰ
1570 5410 1666 5463 τοῦ
1700 5408 1877 5472 εἴδους

270 5498 401 5567 τῶν
449 5497 736 5569 ὀνομάτων
789 5498 995 5571 τούτων
1054 5499 1449 5571 μεταλαχόντα,
1504 5498 1757 5571 ἀλλήλοις
1794 5502 1877 5552 oi.-

273 5587 569 5667 κειοῦνται
622 5591 698 5654 ὡς
733 5591 801 5644 τὰ
857 5589 1028 5643 πολλὰ
1082 5591 1174 5643 καὶ
1223 5590 1571 5644 συνδέονται·
1607 5590 1682 5651 ὡς
1736 5590 1874 5659 μήτε

357 5813 409 5846 ’⁵⁷
443 5812 634 5886 l’ltilip.
666 5831 724 5878 tt,
761 5816 840 5868 iii.

1976 578 2143 634 fuerit
2183 580 2396 650 ipsique
2434 579 2721 648 servitum,
2754 593 2937 651 neque
2964 580 3217 652 populum
3250 583 3558 652 possederit

1976 680 2212 742 tyranno
2237 672 2408 740 priori
2442 685 2718 743 ereptum,
2758 682 2922 743 atque
2973 682 3031 727 ut
3081 673 3321 728 breviter
3351 675 3553 739 dicam,

1972 765 2250 820 contraria
2275 766 2461 821 omnia
2493 767 2772 836 prophetae
2797 773 3041 821 censent.
3066 763 3193 820 "me
3221 767 3403 820 omnia
3429 783 3558 837 pau-

1973 856 2053 909 cis
2104 856 2286 912 \'erbis
2340 858 2891 927 comprehendenles,
2942 858 3233 910 maximam
3298 858 3553 925 blasphe-

1972 949 2139 1004 miam
2173 951 2435 1006 adversus
2460 952 2702 1006 divinam
2746 952 2977 1022 gloriam
3002 950 3407 1014 instruxerunt,
3439 951 3555 1003 ido-

1972 1040 2245 1096 lolatriam
2283 1042 2450 1111 impie
2490 1058 2555 1097 ac
2600 1043 2832 1098 sceleste
2863 1042 3300 1098 Christianorum
3336 1041 3556 1110 religio-

1972 1146 2095 1186 nem
2124 1134 2401 1203 appellare
2431 1135 2714 1197 audentes,
2747 1136 3001 1205 hancque
3015 1135 3332 1204 opinionem
3366 1131 3470 1186 sibi
3500 1139 3555 1184 et

1972 1221 2095 1276 aliis
2124 1225 2535 1278 contrahentes.
2592 1225 2790 1290 Quidni
2852 1240 2983 1278 vero
3040 1225 3554 1278 cohorrueruntat-

1970 1328 2076 1383 que
2127 1315 2311 1369 animo
2368 1318 2602 1371 attonito
2652 1316 2893 1381 inerunt,
2924 1317 3050 1370 dum
3082 1318 3167 1370 his
3204 1328 3312 1369 tam
3372 1316 3551 1369 mani-

1970 1405 2129 1461 festis
2158 1417 2215 1463 et
2244 1406 2486 1461 indubiis
2513 1419 2716 1463 temere
2733 1424 2853 1463 sese
2887 1408 3264 1477 opponerent?
3297 1412 3387 1475 qui
3418 1422 3555 1463 sane

1971 1498 2285 1568 impudente
2319 1498 2458 1554 facie
2493 1510 2545 1554 et
2596 1515 2742 1554 caeco
2772 1487 2937 1553 corde
2993 1508 3328 1568 perstantes,
3360 1511 3552 1553 contra

1973 1590 2286 1647 Servatoris
2318 1592 2546 1662 gloriam
2575 1603 2752 1648 semet
2781 1596 3045 1647 audacter
3062 1594 3401 1646 extulerunt.
3438 1593 3546 1646 Sed

1971 1683 2243 1737 undenam
2303 1684 2435 1753 ipsis
2487 1699 2587 1752 pro
2649 1684 2751 1739 hoc
2811 1683 2925 1738 Deo
2982 1684 3170 1739 odii-ill
3211 1683 3557 1752 absurdoque

1970 1775 2221 1843 dogmate
2268 1775 2508 1831 fiducia?
2536 1775 2671 1831 Nam
2725 1778 2769 1830 si
2803 1778 3129 1847 simpliciter
3184 1776 3546 1845 principatum

1969 1882 2033 1923 ac
2069 1885 2296 1939 regnum
2327 1870 2656 1925 universalis
2688 1869 2782 1924 Dei
2824 1871 3177 1941 propheticus
3203 1884 3384 1924 sermo
3415 1867 3555 1922 fuis-

1918 2000 1921 2003 -
1967 1973 2050 2019 set
2078 1964 2407 2017 vaticinatus
2455 1962 2575 2018 sine
2621 1961 2883 2031 peculiari
2919 1961 3262 2027 definitione,
3296 1961 3545 2030 insurge-

1969 2063 2091 2109 rent
2124 2066 2255 2107 sane
2286 2050 2519 2107 feroclus
2546 2061 2709 2122 atque
2732 2049 2995 2106 audacius
3025 2062 3216 2106 contra
3271 2058 3545 2103 rectorum

1969 2147 2249 2217 religionis
2284 2149 2600 2218 dogmatnm
2630 2155 2955 2212 sectatores,
2981 2147 3199 2201 curiosa
3230 2143 3556 2214 garrulitate

1968 2237 2270 2292 vanitatem
2295 2245 2349 2291 et
2383 2236 2689 2293 fatuitatem
2717 2251 3029 2292 sermonum
3071 2250 3296 2289 suorum
3320 2246 3554 2303 exagge-

1970 2338 2191 2395 rantes;
2234 2342 2301 2382 ac
2326 2327 2493 2383 veluti
2538 2328 2574 2382 ii
2612 2328 2702 2398 qui
2734 2328 2786 2381 in
2819 2328 3053 2397 prmdam
3090 2325 3355 2390 involant,
3386 2325 3559 2379 dicto-

1970 2433 2091 2473 rum
2121 2420 2410 2474 verborum
2431 2418 2835 2488 simplicitatem
2856 2427 3208 2485 occupantes,
3236 2418 3553 2472 demensum

1971 2523 2036 2565 ac
2101 2508 2397 2565 limitatum
2453 2510 2676 2565 Christo
2705 2525 2933 2581 regnum
2985 2511 3379 2579 assignassent.
3448 2509 3557 2564 Sed

1971 2603 2119 2657 enim
2152 2603 2281 2673 quia
2320 2617 2488 2674 regno
2511 2604 2757 2658 additum
2784 2612 2868 2658 est
2887 2604 3190 2672 epithetum
3211 2613 3479 2656 aeternum
3503 2612 3561 2655 et

1973 2695 2413 2766 incorruptibile,
2454 2698 2680 2766 etquod
2732 2712 2839 2752 non
2879 2698 2951 2752 sit
2976 2696 3350 2752 transitorium
3380 2710 3396 2761 ;
3427 2695 3557 2764 quid

1973 2788 2025 2843 ni
2068 2789 2182 2858 jam
2219 2789 2532 2859 imponetur
2584 2790 2899 2860 loquacitati
2944 2804 3134 2843 eorum
3195 2788 3434 2852 frenum,
3499 2794 3559 2839 ut

1970 2882 2290 2936 obstruatur
2305 2896 2469 2936 omne
2498 2896 2561 2937 os
2579 2871 2839 2936 adversus
2880 2895 3065 2949 regem
3095 2879 3421 2934 saeculorum
3454 2878 3558 2931 ini-

1971 2987 2076 3043 qua
2109 2971 2538 3042 loquens?Nam
2575 2974 2666 3043 qui
2710 2982 2952 3043 regnata
2984 2972 3185 3027 saeculo
3207 2980 3263 3026 et
3294 2970 3345 3025 in
3387 2984 3561 3025 szecu-
3627 2988 3631 2993 υ

1972 3064 2083 3118 lum
2106 3074 2161 3118 et
2194 3063 2358 3130 ultra,
2394 3079 2670 3134 nunquam
2719 3080 2854 3119 sane
2914 3064 3225 3135 principatu:
3271 3064 3557 3133 gloriaque

1898 3191 1943 3249 α
1974 3156 2444 3249 suas‘pol-iabitur,
2465 3171 2642 3249 neque
2672 3156 2905 3249 populus
2946 3157 2994 3211 ei
3022 3156 3304 3249 subjectus
3328 3157 3554 3249 ejusque

1976 3246 2165 3303 notitia
2213 3246 2479 3313 imbutus,
2513 3247 2625 3317 regi
2654 3246 2808 3301 alteri
2840 3256 3018 3301 semet
3086 3245 3321 3300 addicet.
3371 3243 3561 3314 Neque

1974 3339 2121 3394 enim
2180 3339 2391 3405 melior,
2423 3341 2509 3394 cui
2564 3340 2900 3405 adhaereant,
2929 3339 3139 3409 uspiam
3174 3348 3258 3392 est
3312 3337 3397 3391 vel
3439 3353 3559 3391 om-

1976 3429 2107 3484 nino
2143 3430 2272 3484 erit.
2298 3429 2439 3500 Ergo
2460 3445 2639 3500 neque
2670 3429 2779 3485 ulla
2811 3430 3100 3501 tyrannide
3131 3444 3425 3499 oppressus
3454 3428 3561 3483 fuit

1976 3535 2156 3592 neque
2194 3521 2461 3593 direptus,
2486 3538 2665 3593 neque
2699 3534 2971 3594 potestate
3005 3522 3270 3593 deiectus.
3296 3521 3556 3592 Propter-

1974 3629 2039 3669 ea
2098 3628 2198 3670 nec
2221 3617 2507 3685 quisquam
2545 3615 2597 3669 in
2629 3615 2745 3685 ejus
2777 3616 2983 3669 ditione
3033 3616 3258 3683 degens,
3293 3614 3359 3667 ad
3417 3613 3558 3667 idola

1975 3710 2208 3773 accedit,
2241 3717 2335 3762 aut
2382 3706 2611 3762 daemoni
2646 3707 2853 3775 primas
2890 3707 3157 3760 attribuit.
3192 3705 3325 3759 Nam
3386 3705 3555 3758 Deum

1983 3800 2386 3871 Dominamque
2409 3800 2653 3855 omnium
2678 3816 2859 3855 rerum
2899 3800 3173 3854 Christum
3212 3797 3560 3852 Scr-.atorcm

1975 3894 2240 3966 agnoscit,
2259 3908 2494 3962 eumque
2520 3903 2832 3946 veneratur.
2855 3890 2966 3960 Ipsi
2998 3891 3137 3945 enim
3154 3891 3389 3960 ﬂectitur
3407 3904 3562 3942 omne

1977 4005 2111 4060 genu
2141 3986 2448 4051 caelestium,
2478 3986 2807 4040 terrestrium
2833 3992 2881 4036 et
2913 3983 3262 4053 infernarum,
3311 3992 3359 4033 el
3391 3982 3563 4034 omuir

1977 4082 2158 4148 lingua
2213 4077 2491 4146 conﬁtetur
2543 4077 2683 4147 quod
2741 4074 2999 4127 Dominus
3033 4073 3190 4127 Jesus
3237 4071 3479 4125 Christus
3508 4074 3560 4123 in

1975 4172 2144 4240 gloria
2170 4177 2246 4221 cst
2289 4167 2383 4221 Dei
2424 4165 2626 4220 Patris.
2659 4167 2822 4221 Amen
2849 4166 2919 4219 ⁵⁷.
2960 4165 3098 4219 Hinc
3141 4165 3305 4217 etiam
3344 4166 3403 4217 lit
3430 4179 3561 4234 ergo

1976 4260 2315 4328 exploratum
2338 4258 2785 4312 Christomachos
2803 4256 3079 4309 contrario
3111 4255 3309 4324 spiritu
3345 4255 3556 4308 alllalos

1975 4351 2103 4414 fari,
2137 4351 2261 4419 quia
2290 4349 2565 4403 contraria
2590 4349 2802 4403 scilicet
2856 4358 2913 4401 et
2964 4348 3323 4416 repugnantia
3386 4346 3557 4401 divini

1977 4444 2212 4514 Spiritus
2247 4443 2485 4499 oraculis
2515 4442 2873 4512 eloquuntur.
2930 4506 2943 4514 _

2052 4757 2142 4813 59.
2176 4755 2309 4811 Illud
2342 4767 2558 4823 quoque
2588 4751 2933 4807 considerent
2964 4760 3349 4815 contumaces,
3371 4764 3566 4803 nomen

1984 4864 2078 4904 rea:
2107 4863 2213 4903 non
2244 4860 2362 4902 esse
2388 4848 2454 4901 de
2485 4842 2874 4899 vocabulorum
2913 4857 3139 4896 numero
3169 4857 3290 4910 qua:
3318 4843 3569 4896 absolute

1982 4951 2039 4996 et
2060 4942 2185 4995 laxo
2214 4954 2380 4995 sensu
2408 4938 2688 5003 dicuntur,
2730 4934 2824 4989 sed
2857 4936 2921 4988 ad
2950 4933 3226 5001 peculiare
3258 4935 3462 5000 aliquid
3493 4949 3564 4987 re-

1981 5034 2137 5097 ferri,
2167 5042 2361 5089 etcum
2388 5032 2650 5087 relatione
2691 5029 2954 5100 spectari.
2987 5026 3103 5091 Non
3130 5027 3276 5081 enim
3315 5025 3575 5096 intelligi-

1981 5137 2068 5181 tur
2098 5141 2192 5181 rex
2221 5126 2341 5181 sine
2368 5132 2593 5195 regnate
2618 5123 2840 5193 populo,
2863 5135 3039 5190 neque
3059 5134 3260 5188 praeses
3287 5120 3407 5172 sine
3426 5133 3567 5187 pra:-

1977 5218 2211 5273 l'ectura.
2231 5214 2464 5271 Necesse
2493 5216 2693 5284 quippe
2710 5224 2816 5278 est,
2842 5213 3110 5266 alterutro
3134 5225 3199 5263 ex
3222 5208 3307 5263 his
3328 5207 3567 5262 vocabu-

1977 5311 2046 5366 lis
2078 5312 2280 5381 posito,
2306 5305 2695 5379 comprehendi
2727 5316 2781 5361 et
2816 5306 3088 5370 alterum;
3129 5318 3237 5372 quo
3260 5311 3568 5372 perempto,

1979 5406 2126 5459 aliud
2181 5403 2341 5458 simul
2375 5402 2534 5471 perit.
2572 5400 2819 5467 Namque
2860 5398 2976 5452 lnec
3042 5396 3261 5451 nomina
3300 5393 3466 5465 230
3517 5395 3570 5447 id

1985 5514 2157 5569 genus
2176 5506 2328 5559 sunt,
2362 5493 2670 5547 utinvicem
2702 5489 2993 5545 familiaria
3027 5487 3350 5557 plerumque
3375 5487 3487 5539 sint
3519 5497 3575 5539 et

1986 5589 2236 5659 capulata
2260 5588 2366 5655 ;ita
2387 5596 2446 5640 ut
2474 5598 2647 5653 neque
2675 5584 2777 5638 hoc
2811 5583 2931 5637 sine
2962 5582 3053 5635 illo
3082 5578 3375 5649 cogitetur,
3397 5592 3572 5646 neque
