3994 6424
504 344 614 406 τις

1500 350 1576 412 S.
1616 350 2042 415 NICEPHOBI
2080 354 2588 418 PATRIARCHA".
2626 359 2736 421 (ΖΡ.

3628 380 3717 445 'ill

500 463 640 518 illud
658 462 903 520 «vicissim
931 463 1052 521 sine
1073 464 1178 521 hoc
1200 464 1504 523 consistere
1538 478 1724 539 queat.
1759 470 1816 528 Si
1844 487 1975 544 ergo
1992 488 2062 528 vel

2186 473 2346 527 τοῦτο
2375 453 2548 547 χωρίς
2585 478 2803 532 ἐκείνου
2837 479 3098 547 νοεῖσθαι,
3162 485 3287 556 μηδ’
3329 483 3394 543 αῦ
3422 492 3586 550 ἐκεῖνο
3610 503 3718 556 τού.

503 568 667 609 υτοοες
695 566 822 611 sunt
859 557 1137 626 prophetis
1166 559 1372 613 sanctis
1394 558 1548 616 factae
1577 577 1607 614 a
1637 572 1832 618 sancto
1877 563 2081 635 Spiritu

512 647 894 709 revelationes,
943 649 1101 702 sicuti
1148 665 1339 719 reapse
1378 666 1604 708 veraces
1647 663 1796 720 sunt,
1829 653 2086 712 Christus

512 739 653 794 Dens
683 742 943 795 nosterriu
975 742 1104 810 ipsis
1139 757 1235 796 rex
1270 743 1592 812 appellatus,
1613 760 1840 814 prorsus
1870 747 2083 817 aliquo-

502 848 628 885 .rum
654 849 746 887 rex
773 843 878 897 est,
900 850 1300 901 nempe-eorum
1316 837 1408 904 qui
1445 836 1686 905 inipsius
1706 839 1909 894 ditione
1931 851 2079 895 sunt.

510 925 760 993 Namque
801 929 877 980 uti
900 928 1044 981 Deus
1085 934 1139 981 et
1173 931 1416 983 Omnium
1445 941 1684 996 creator,
1707 931 1950 986 omnium
1986 947 2082 987 rex

507 1028 592 1072 est
624 1035 643 1072 :
673 1021 785 1088 ipse
812 1021 962 1074 enim
992 1030 1178 1090 regnat
1232 1036 1261 1074 a
1322 1021 1535 1076 ditione
1571 1038 1669 1076 sua
1720 1024 2078 1094 sempiterna,

505 1118 559 1162 et
582 1113 770 1164 comitia
801 1112 849 1166 ei
875 1114 1140 1168 serviunt.
1169 1110 1403 1183 Regnum
1429 1112 1543 1181 ejus
1582 1129 1797 1183 regnum
1848 1118 2081 1170 omnium

502 1204 840 1264 swcnlorum,
876 1215 923 1258 et
954 1205 1244 1258 dominatio
1272 1207 1444 1273 ipsius
1469 1208 1524 1260 in
1572 1208 1714 1261 omni
1749 1209 2083 1277 generatione

500 1294 901 1362 etgmratione
922 1294 989 1347 ⁸⁸.
1022 1295 1299 1361 Quatenus
1324 1305 1509 1351 autem
1560 1312 1661 1353 nos
1710 1298 1758 1352 ei
1810 1298 2082 1355 credimus

500 1384 1105 1456 eumqnet'rgnoscitnus
1141 1389 1214 1443 ob
1276 1387 1546 1442 sinceram
1599 1391 1666 1443 de
1697 1390 1817 1459 ipso
1868 1388 2081 1447 confes-

499 1477 732 1540 sionem,
780 1487 975 1533 noster
1007 1478 1224 1547 quidem
1260 1480 1356 1548 qui
1402 1480 1704 1535 Christiani
1740 1497 1953 1550 sumus,
1983 1497 2078 1538 rex

499 1578 622 1623 est:
657 1585 755 1623 uos
784 1566 929 1623 enim
986 1572 1211 1638 populus
1261 1571 1379 1638 ejus
1405 1573 1725 1639 peculiaris,
1757 1574 1941 1644 regale
1983 1590 2078 1629 sa-

497 1661 800 1713 cerdotium
864 1660 1156 1715 haereditas
1182 1672 1410 1726 aeterna,
1435 1673 1595 1732 atque
1616 1704 1631 1729 ,
1655 1675 1713 1718 ut
1744 1667 2072 1736 compendio

497 1751 699 1818 dicam,
730 1752 899 1805 electa
933 1752 1099 1816 veluti
1124 1764 1178 1807 et
1212 1754 1604 1822 specialissima
1635 1756 1753 1823 ejus
1767 1759 2070 1826 possessio.

2186 581 2283 619 του
2308 567 2438 621 ἄνευ
2497 569 2894 627 συνίστασθαι·
2929 575 2981 627 εί
3028 576 3208 630 τοίνυν
3241 579 3455 651 ἀληθεῖς
3494 588 3546 640 al
3590 596 3721 663 παρά

2184 657 2281 713 τοῦ
2315 660 2473 728 ἁγίου
2496 661 2815 732 Πνεύματος
2845 668 2961 729 τοῖς
2998 667 3178 735 ἁγίοις
3207 674 3502 744 προφήταις
3524 657 3724 751 γενόμε-

2183 768 2272 805 ναι
2300 753 2635 822 θεοφάνειαι,
2667 756 2860 829 ὥσπερ
2891 755 2986 814 οὖν
3017 763 3159 815 εἰσιν
3197 763 3436 835 ἀληθεῖς,
3467 771 3493 822 ὁ
3515 772 3723 843 Χριστὸς

2183 845 2280 898 καὶ
2314 845 2451 910 Θεὸς
2481 850 2512 918 ἡ
2522 849 2641 919 μῶν
2675 849 2935 921 βασιλεὺς
2967 854 3102 925 παρ’
3146 857 3332 921 αὐτοῖς
3356 869 3723 935 προσαγορευό-

2186 953 2365 1008 μενος,
2400 940 2620 1006 πάντως
2663 944 2827 998 τινῶν
2855 947 2976 1000 ἐστι
3011 947 3292 1018 βασιλεὺς,
3331 952 3438 1005 τῶν
3475 953 3722 1024 βασιλευο-

2185 1030 2364 1099 μένων
2394 1032 2600 1102 δήπου·
2645 1035 2721 1100 ὡς
2756 1038 2857 1105 μὲν
2905 1040 3018 1111 γὰρ
3057 1041 3192 1106 Θεὸς
3241 1044 3336 1098 καὶ
3381 1052 3723 1121 γενεσιουργὸς

2181 1121 2292 1175 τῶν
2342 1125 2625 1191 ἁπάντων,
2676 1129 2897 1183 πάντων
2945 1132 3065 1187 ἐστὶ
3112 1134 3402 1205 βασιλεύς·
3457 1141 3608 1205 αὺτδς
3632 1144 3723 1215 γάρ

2179 1214 2330 1267 ἐστιν
2359 1216 2692 1283 ὀδεσπόξων
2726 1223 2785 1275 ἐν
2807 1226 2875 1293 τῇ
2909 1222 3201 1297 δυναστείᾳ
3229 1227 3393 1281 αὐτοῦ
3417 1228 3505 1282 τοῦ
3533 1214 3721 1297 αἰῶνος.

2179 1310 2275 1360 καὶ
2292 1309 2360 1362 τὰ
2395 1309 2691 1380 σύμπαντα
2709 1304 2887 1369 ’δοῦλα
2913 1317 3065 1388 αύτῷ
3093 1320 3236 1381 ἐστι,
3267 1321 3362 1374 καὶ⁸
3390 1320 3450 1377 Ἡ
3464 1323 3725 1386 βασιλεία

2178 1404 2366 1458 αὐτοῦ
2386 1405 2683 1469 βασιλεία
2734 1409 2980 1464 πάντων
3006 1409 3129 1464 τῶν
3170 1413 3418 1477 altorem
3451 1416 3544 1470 καὶ
3573 1418 3609 1487 ἡ
3642 1417 3723 1473 δε-

2178 1498 2434 1552 σποτεία
2469 1497 2660 1553 αὐτοῦ
2688 1500 2759 1553 ἐν
2794 1499 2963 1571 πάσῃ
2995 1501 3175 1571 γενεᾷ
3215 1505 3316 1559 καὶ
3341 1505 3529 1576 γενεᾷ.
3570 1509 3648 1573 Ὡς
3675 1510 3724 1563 δὲ

2179 1586 2387 1641 πιστῶν
2418 1595 2514 1643 καὶ
2543 1591 2943 1658 ὲπεγνωκότων
2990 1594 3173 1662 αὐτὸν,
3210 1595 3303 1650 διὰ
3338 1598 3435 1668 τῆς
3478 1602 3554 1664 είς
3580 1602 3723 1655 αὐτὸν

2177 1678 2415 1748 ἀληθοῦς
2445 1681 2765 1753 ὁμολογίας,
2784 1685 2951 1756 -ήμῶν
2999 1688 3120 1741 ὲστι
3145 1690 3258 1743 τῶν
3284 1689 3618 1762 Χριστιανῶν
3643 1696 3722 1764 βα·

2179 1771 2401 1837 σιλεύς⁹
2457 1775 2620 1858 ἡμεῖς
2670 1777 2782 1847 γάρ
2822 1780 2995 1848 ἔσμεν
3042 1778 3172 1845 λαὸς
3210 1781 3378 1835 αὐτοῦ
3422 1784 3721 1856 περιούσιος,

493 1839 705 1896 Nostrae
735 1858 822 1898 res
853 1859 1003 1914 ergo,
1036 1847 1129 1914 qui
1165 1845 1350 1899 divina
1401 1848 1575 1915 gratia
1642 1849 1927 1904 orthodoxi
1973 1865 2062 1905 su-

2177 1863 2274 1916 καὶ
2308 1837 2579 1935 βασίλειον
2601 1837 2938 1939 lepid-ienuit,
2982 1871 3077 1924 καὶ
3124 1837 3463 1943 διληρονομία
3492 1837 3743 1942 ἀιώζριᾷξξ

494 1950 636 1998 mus,
660 1935 729 1988 ita
764 1950 823 1989 se
869 1935 1104 1996 habent;
1133 1937 1368 2004 ideoque
1424 1947 1728 2006 Opportune
1780 1941 2070 1998 admodum

490 2037 547 2079 et
562 2037 924 2095 congruenter
955 2028 1150 2081 tradita
1188 2029 1367 2082 divina
1397 2029 1638 2095 oracula,
1683 2039 1886 2087 tantam
1914 2033 2071 2090 nobis

490 2117 925 2171 testimoniorum
947 2118 1144 2172 nubem
1172 2122 1609 2189 suppeditarunt,
1632 2122 1739 2177 lide
1781 2124 2068 2194 dignorum

490 2222 906 2277 usquequaque,
939 2220 995 2263 et
1042 2212 1262 2263 art-ham
1302 2213 1662 2280 prmbeutium
1698 2231 1712 2268 :
1742 2230 1865 2283 qua:
1912 2218 2070 2274 nobis

485 2299 706 2369 quidem
741 2299 986 2353 veritatis
1015 2287 1375 2365 antatoribus,
1399 2312 1450 2356 et
1490 2303 1584 2372 qui
1630 2304 1801 2358 divini
1830 2305 2072 2376 Spiritus

489 2392 825 2445 illustrantur
866 2406 931 2445 ac
981 2393 1401 2448 mauuducitnur
1433 2396 1882 2462 charismatibus,
1929 2399 2069 2454 bene

489 2494 845 2552 temperatam
898 2493 958 2538 et
1012 2485 1388 2540 harmouieam
1425 2501 1490 2542 ac
1512 2487 1807 2557 jucundam
1876 2505 2050 2546 sacro-

493 2594 611 2629 tum
638 2591 702 2631 ac
751 2577 1016 2631 divinitus
1073 2579 1461 2645 iuspiratorum
1503 2583 1819 2649 dogmatum
1851 2594 2065 2640 nostro-

484 2684 605 2724 rum
622 2670 996 2740 symphoniam
1023 2673 1316 2726 concinunt
1340 2689 1353 2724 :
1374 2686 1529 2727 secus
1553 2688 1701 2739 vero,
1723 2675 1947 2730 istorum
1972 2678 2062 2746 qui

483 2785 789 2854 apostatico
818 2784 1050 2853 impulsu
1096 2797 1408 2850 moventur,
1433 2787 1710 2842 vesaniam
1743 2800 1907 2858 atque
1942 2800 2060 2845 stu-

481 2891 666 2947 porem
707 2889 761 2932 et
788 2877 983 2945 impias
1017 2892 1081 2932 ac
1129 2866 1506 2934 fraudulentas
1541 2895 1714 2949 nugas
1761 2882 2060 2951 diepellunt

477 2985 544 3024 ex
593 2970 915 3023 adulterinis
940 2970 1265 3038 cogitatibns
1289 2985 1470 3037 ortas;
1505 2981 1561 3024 et
1580 2972 1735 3040 quasi
1781 2974 1980 3042 scripta
2006 2976 2057 3028 in

477 3061 636 3131 cippo
697 3061 1061 3131 irreligioneut
1109 3062 1347 3131 ipsorum
1403 3064 1848 3119 manifestissime
1896 3079 2060 3134 expo-

2177 1955 2271 2009 καὶ
2299 1955 2634 2011 συλλαϐόντα
2666 1960 2864 2026 εἰπεῖν,
2890 1959 3083 2034 ὥσπερ
3122 1964 3405 2036 ἐξαίρετον
3430 1967 3524 2020 καὶ
3549 1969 3727 2023 οἰκειό-

2174 2063 2338 2103 τατον
2386 2051 2540 2121 αὐτῷ
2568 2053 2760 2124 κτῆμα
2786 2070 2801 2085 ⁵
2827 2053 2898 2108 τὰ
2919 2050 3014 2109 οὖν
3056 2056 3310 2129 ιήμὲτερα
3334 2059 3442 2112 τῶν
3466 2059 3727 2114 εὐσεϐούν-

2176 2156 2286 2193 των
2312 2142 2379 2212 τῇ
2405 2140 2531 2213 θείᾳ
2569 2142 2778 2215 χάριτι,
2806 2145 3035 2201 τοιαῦτα
3066 2148 3164 2201 καὶ
3195 2147 3372 2211 οὕτως
3405 2150 3607 2222 ἔχοντα.
3647 2151 3728 2205 καὶ

2171 2233 2315 2287 κατὰ
2345 2232 2519 2287 ταῦτα
2567 2236 2845 2307 εὐκαίρως
2899 2238 3043 2309 ἄγαν
3078 2240 3174 2294 καὶ
3202 2241 3484 2312 ἁρμοδίως
3534 2244 3580 2296 οἱ
3613 2242 3730 2299 θεῖοι

2170 2323 2623 2396 παραληφθέντες
2651 2328 2918 2397 χρησμοὶ,
2949 2329 3115 2397 νέφος
3143 2330 3275 2400 ἡμῖν
3323 2330 3579 2384 τοσοῦτον
3606 2347 3731 2402 μαρ-

2168 2413 2349 2485 τύρων
2369 2415 2739 2487 περιέστησαν
2768 2417 3069 2490 ἀξιόχρεων
3091 2423 3147 2474 ἐν
3165 2419 3346 2475 ἅπασι
3361 2422 3454 2476 καὶ
3471 2422 3727 2493 ἐχέγγυονο

2166 2503 2468 2576 ὥστέήμῖν
2499 2507 2601 2578 μὲν
2627 2511 2742 2572 τοῖς
2769 2508 2877 2564 τῶν
2905 2509 3122 2581 ἀληθῶν
3174 2514 3459 2584 ἐρασταῖς,
3498 2515 3588 2568 καὶ
3630 2516 3730 2575 τοῖς

2166 2598 2232 2651 ἐκ
2258 2596 2353 2651 τοῦ
2379 2597 2525 2652 θείου
2559 2600 2881 2669 Πνεύματος
2921 2600 3368 2674 ὲλλαμπομένοις
3395 2622 3453 2658 τε
3483 2607 3576 2659 καὶ
3601 2622 3731 2676 χειρ-

2162 2693 2574 2761 αγωγουμένοις
2626 2692 2986 2762 χαρίσμασιν,
3040 2695 3316 2767 εὔρυθμον
3365 2698 3460 2751 καὶ
3511 2697 3727 2769 ἐναρμόι

2160 2796 2274 2833 νιον
2310 2782 2405 2834 καὶ
2438 2783 2881 2855 μεμουσωμένην
2907 2785 3020 2840 τῶν
3052 2787 3215 2857 ιερῶν
3244 2788 3343 2842 καὶ
3375 2788 3729 2843 θεοπνεύστων

2160 2873 2318 2944 ἡμῶν
2345 2875 2634 2945 δογμάτων
2674 2878 2910 2949 ἀπηχεῖν
2940 2877 3042 2950 τὴν
3069 2883 3402 2951 συμφωνίαν
3428 2898 3444 2914 ο
3471 2882 3578 2935 τῶν
3597 2883 3651 2936 δὲ
3673 2883 3729 2935 ἐκ

2158 2966 2259 3037 τῆς
2303 2967 2677 3039 ἁποστατικῆς
2731 2972 3124 3042 ὲμπνεομένων
3176 2972 3492 3043 δυνάμεως,
3537 2975 3634 3045 τήν
3676 2989 3730 3025 τε

2158 3059 2594 3130 παραφροσύνην
2621 3061 2716 3113 καὶ
2735 3062 3082 3132 ἀποπληξίαν
3100 3064 3196 3117 καὶ⁵
3228 3064 3296 3118 τὰ
3321 3064 3544 3134 ἄθεσμα
3567 3063 3728 3118 αὐτῶν

482 3162 642 3207 nunt.
664 3152 755 3206 Sic
780 3154 971 3207 deinde
993 3168 1401 3221 quaqueversus
1430 3155 1686 3217 convicti,
1719 3170 1820 3210 ceu
1865 3155 1934 3209 ab
1960 3170 2051 3209 er-

2165 3151 2252 3203 καὶ
2307 3153 2567 3223 ἀπατηλὰ
2605 3153 2968 3225 θριαμϐεύειν
3025 3155 3347 3227 ληρήματα,
3381 3159 3447 3212 ἐκ
3487 3158 3648 3212 νόθων
3675 3174 3729 3211 τι

480 3245 622 3299 roris
649 3245 843 3313 spiritu
877 3246 1161 3315 engitati,
1201 3246 1360 3313 longe
1409 3262 1436 3299 a
1489 3248 1673 3300 divino
1701 3259 1846 3303 cuitu
1889 3258 2055 3317 atque

2165 3246 2255 3297 nui.
2280 3244 2552 3314 κιϐδήλων
2585 3245 2837 3300 διανοιῶν
2861 3247 3349 3319 ἅναϐρασσόμενα,
3383 3251 3478 3305 καὶ
3496 3245 3583 3304 οἷα
3614 3251 3726 3320 στή-

475 3346 659 3391 nostra
684 3336 1122 3391 Christianorum
1157 3336 1277 3390 aula
1302 3337 1590 3406 pellantur.

2159 3340 2260 3411 λην
2289 3340 2647 3411 ἀνάγραπτον
2676 3340 2775 3413 τὴν
2799 3341 3125 3396 δυσσέϐειαν
3152 3342 3333 3396 αὐτῶν
3362 3344 3731 3416 ἐμφανέστατα

473 3428 663 3497 φέρειν
696 3446 708 3457 ·
734 3425 876 3479 οὕτω
904 3427 1087 3480 λοιπὸν
1111 3426 1449 3495 πανταχόθεν
1467 3427 1844 3498 ὲληλεγμένοι,
1870 3429 1936 3481 ὲκ
1984 3429 2078 3483 τοῦ
2117 3429 2220 3500 τῆς
2274 3431 2487 3500 πλάνης
2538 3432 2854 3503 πνεύματος
2909 3432 3319 3505 ὲνεργούμενοι,
3407 3436 3598 3506 πόρῥω
3642 3435 3729 3488 το]

472 3522 620 3575 θείου
644 3519 808 3591 χοροῦ
841 3521 936 3572 καὶ
963 3519 1060 3589 τῆς
1083 3518 1206 3572 καθ’
1246 3520 1395 3589 ἡμᾶς
1423 3519 1532 3573 τῶν
1565 3520 1910 3591 Χριστιανῶν
1958 3522 2131 3592 αὐλῆς
2174 3522 2599 3594 ἀπεληλάσθων.
3176 3538 3181 3539 ⁷

542 3660 657 3728 Age
705 3674 833 3712 vero
882 3659 1007 3729 quia
1066 3673 1227 3712 omne
1269 3658 1468 3712 malum
1523 3658 1824 3728 inquietum
1863 3668 1947 3713 est
1999 3668 2054 3714 ct

472 3750 708 3817 infrene,
771 3760 826 3804 et
875 3751 926 3805 in
966 3765 1066 3805 suo
1123 3759 1267 3803 statu
1304 3765 1626 3818 permanere
1680 3752 1900 3821 nequit;
1956 3753 2051 3807 sed

469 3842 681 3913 longius
735 3856 950 3911 semper
1006 3840 1303 3910 procedens
1338 3879 1354 3905 ,
1414 3857 1605 3896 cursus
1668 3842 1753 3895 sui
1809 3843 2049 3910 requiem

468 3951 574 3989 non
625 3934 864 4000 invenit;
919 3934 1084 3987 veluti
1142 3932 1359 3988 ﬂuviale
1408 3932 1667 3988 ﬂuentum
1727 3932 1943 3989 fervens
1994 3943 2051 3989 et

464 4033 753 4084 exundans
797 4030 1051 4101 ripasque
1097 4043 1383 4099 superans,
1437 4044 1560 4084 cum
1611 4029 1872 4084 declivem
1917 4045 2047 4085 cur-

464 4133 700 4188 vumque
754 4119 928 4173 locum
992 4130 1208 4173 nactum
1263 4116 1451 4184 fuerit,
1521 4118 1829 4174 nullatenus
1872 4117 2048 4188 impe-

466 4215 555 4259 tus
613 4207 731 4275 ejus
779 4205 982 4262 eﬂ‘usus
1035 4207 1366 4271 centinetur,
1417 4217 1473 4262 et
1520 4207 1736 4262 obvium
1782 4208 2046 4277 quidlibet

463 4294 621 4350 facile
660 4297 860 4366 abripit
891 4311 1190 4368 secumque
1242 4297 1391 4352 fert:
1431 4298 1503 4351 ita
1544 4312 1831 4368 postquam
1858 4300 1909 4351 in
1944 4297 2046 4352 ali-

461 4402 621 4455 quam
667 4387 968 4456 obrepserit
1011 4387 1268 4454 animam,
1293 4401 1413 4458 quae
1458 4388 1628 4442 semel
1671 4391 1811 4443 hono
1855 4388 2042 4459 (spiri-

461 4477 561 4546 ιιιτ.)
608 4480 853 4532 numium
919 4477 1212 4543 remiserit,
1245 4479 1387 4532 haud
1444 4487 1572 4533 ante
1617 4493 1649 4533 a
1698 4480 2041 4550 depascenda

458 4569 934 4637 consumeudoque
987 4571 1219 4637 desinet,
1249 4570 1422 4627 donec
1467 4572 1521 4626 in
1568 4568 1870 4628 extremum
1918 4579 2040 4632 exi-

2238 3663 2459 3735 Ἐπειδὴ
2484 3662 2542 3717 δὲ
2566 3662 2628 3718 τδ
2658 3664 2827 3719 κακὸν
2860 3666 3093 3721 ἄστατόν
3122 3667 3183 3722 τέ
3217 3669 3466 3747 seruata!
3493 3672 3725 3743 ἄσχετον,

2154 3756 2248 3809 καὶ
2282 3755 2467 3825 μένειν
2502 3754 2589 3824 ἐφ’
2619 3756 2815 3810 ἑαυτοῦ
2847 3759 3117 3829 μηδαμῶς
3146 3762 3489 3832 ἀνεχόμενον
3513 3781 3531 3798 ο
3563 3765 3645 3817 ἀεὶ
3674 3763 3725 3815 δὲ

2153 3849 2364 3919 προϊὸν,
2400 3849 2500 3903 καὶ
2529 3850 2723 3904 στάσιν
2756 3851 2854 3920 τῆς
2884 3853 3059 3922 φορᾶς
3089 3853 3190 3923 οὐχ
3232 3855 3521 3926 εὑρίσκον,
3567 3856 3726 3910 καθὰ-

2152 3958 2259 4012 περ
2299 3942 2491 4012 ῥεῖθρα
2547 3943 2790 4013 ποτάμια
2828 3943 3272 4015 πλημμυροῦντα
3320 3949 3421 4003 καὶ
3475 3949 3732 4023 ὑπερϐλύ-

2150 4030 2312 4097 ζοντα
2341 4034 2438 4087 καὶ
2483 4033 2582 4104 τῆς
2629 4034 2798 4106 ὄχθης
2850 4036 3256 4108 ὑπερχεόμενα,
3293 4043 3543 4115 ὁπηνίκα
3595 4042 3728 4105 τινὸς

2149 4122 2343 4176 ὑπτίου
2398 4124 2496 4177 καὶ
2561 4127 2804 4197 πρανοῦς
2850 4128 3181 4203 ἐπιλάϐηται
3223 4133 3435 4206 χώρου,
3468 4135 3596 4190 οῦτε
3640 4135 3728 4205 τῆς

2148 4213 2330 4285 ῥύμης
2355 4216 2631 4286 ῥαγδαίως
2664 4219 3095 4292 ὲπισχεθήσεται
3143 4227 3519 4298 προχεόμενα,
3557 4227 3647 4281 καὶ
3670 4225 3728 4279 τὸ

2147 4307 2285 4377 πρὸς
2340 4309 2505 4380 τυχὸν
2615 4310 2763 4365 ἅπαν
2816 4314 3018 4384 ῥᾳδίως
3064 4317 3156 4370 ἀεὶ
3204 4320 3592 4392 παρασύρεται
3639 4317 3728 4373 καὶ

2147 4400 2576 4468 συνεφέλκεται·
2626 4401 2772 4456 οὕτω
2816 4421 2879 4473 γε
2911 4406 3013 4478 ἢδη
3057 4410 3181 4463 καθ’
3211 4408 3278 4474 ἃς
3328 4412 3398 4466 ἂν
3450 4403 3723 4485 ὲὶρερπύσῃ

2140 4490 2344 4561 ψυχὰς,
2401 4492 2662 4560 καθάπαξ
2688 4496 3037 4565 ἅπογνόύσας
3090 4500 3197 4571 τῆς
3225 4501 3321 4556 τοῦ
3355 4505 3570 4571 ἀγαθοῦ
3600 4521 3727 4575 μετ·

2151 4583 2359 4649 ουσίας,
2429 4584 2532 4638 οὐκ
2583 4586 2650 4640 ἂν
2694 4588 2823 4658 πρὶν
2849 4590 3147 4661 ἀπόσχοιτο
3199 4593 3602 4666 ἐπινεμόμενον
3641 4595 3728 4650 καὶ

460 4662 588 4715 tium
646 4662 955 4730 projecerit.
988 4661 1142 4717 Sicut
1203 4664 1254 4717 in
1304 4666 1405 4718 hac
1457 4681 1673 4734 quoque
1738 4684 1797 4723 re
1838 4685 2038 4726 usuve-

2165 4682 2648 4755 καταϐοσκόμενον,
2681 4685 2785 4750 ἓως
2814 4686 2883 4741 ἂν
2909 4689 2990 4751 είς
3016 4689 3242 4762 ὀλέθρου
3269 4661 3608 4767 ἁπορῥίψειε
3640 4690 3730 4746 πέ-

458 4753 558 4807 uit.
598 4753 735 4807 Ecce
811 4755 956 4808 enim
1010 4766 1294 4826 postquam
1347 4759 1464 4812 haec
1521 4759 1691 4828 pestis
1739 4760 2037 4818 hodierno-

2165 4790 2281 4828 nrra
2306 4791 2321 4806 ο
2347 4753 2532 4829 ὁποῖον
2564 4775 2628 4849 δή
2659 4794 2714 4830 τι
2770 4780 3053 4834 κάνταῦθα
3108 4753 3471 4855 σῦμϐέϐηέέ·
3500 4753 3599 4839 τεαὶ
3625 4782 3727 4854 γὰρ

459 4859 576 4898 rum
633 4844 920 4912 impiorum
971 4846 1255 4902 celerrime
1290 4848 1502 4902 animas
1544 4850 1802 4919 pervasit,
1832 4855 1898 4907 ad
1949 4854 2035 4908 in-

2165 4868 2244 4920 ιάν
2301 4870 2424 4932 ταῖς
2469 4868 2582 4921 τῶν
2638 4868 3049 4926 δυσσεϐούντων
3101 4875 3308 4929 τούτων
3361 4876 3443 4940 ὡς
3503 4878 3726 4948 τάχιστα

459 4934 798 4989 credulitatis
838 4950 1053 5006 quoque
1104 4945 1266 5007 atque
1309 4954 1337 4991 a
1370 4938 1481 4993 Deo
1508 4940 1853 4999 alienationis
1892 4959 2037 5014 prm-

2165 4931 2514 5025 ῖιικνούμενον
2532 4955 2735 5027 ψυχαῖς
2764 4959 3170 5034 ἐγκατέσκηψε,
3207 4966 3303 5020 καὶ
3342 4931 3490 5039 πρός

455 5027 701 5098 cipitium
757 5028 993 5100 impulit.
1047 5028 1184 5085 Nam
1239 5030 1460 5086 dolosas
1524 5033 1759 5103 primum
1819 5034 2036 5106 linguas

2165 5048 2404 5110 ιπιστίας
2432 5048 2529 5102 καὶ
2573 5049 2891 5118 ἁφιλοθεῖας
3204 5071 3219 5086 ’
3263 5058 3361 5123 τὰς
3387 5027 3522 5133 ’γάρ
3554 5061 3728 5125 δολία(

451 5122 716 5177 adversus
778 5121 1062 5179 Christum
1121 5136 1478 5192 exacuentes,
1520 5128 1727 5184 nullam
1792 5133 2034 5187 vesaniae

2165 5138 2391 5205 ’λώσσας
2448 5142 2595 5196 κατὰ
2658 5144 2898 5215 Χριστοῦ
2962 5121 3230 5221 πρότερον
3276 5121 3720 5226 καταθήξαντεςξ

455 5227 567 5268 sua
621 5215 930 5271 satietatem
1004 5217 1281 5286 sentiunt;
1338 5233 1515 5289 neque
1566 5235 1596 5276 a
1647 5223 2029 5280 caltunnianda

2165 5230 2301 5305 ιόρον
2331 5236 2432 5304 μὲν
2455 5235 2555 5307 τῆς
2578 5237 2659 5301 είς
2685 5238 2850 5292 αὐτὸν
2897 5215 3187 5312 παροινίας
3216 5245 3318 5299 οὐκ
3352 5215 3542 5303 τσασίν
3567 5264 3585 5281 ·“
3618 5215 3722 5302 ούδέ

447 5307 885 5364 Christianorum
918 5310 1120 5380 pietate
1146 5321 1386 5379 cessant,
1414 5312 1527 5368 imo
1554 5315 1800 5384 quotidie
1847 5317 2027 5373 incre-

2165 5317 2204 5375 ;t‘i
2234 5323 2332 5393 τῆς
2358 5324 2708 5395 Χριστιανῶν
2744 5307 3060 5395 θεοσεϐείας
3096 5336 3572 5408 καταγορεύοντες
3592 5340 3726 5393 ἁποο

447 5409 686 5454 mentum
734 5401 957 5459 malitize'
1018 5404 1361 5473 capiunt,ita
1398 5415 1457 5462 ut
1513 5409 1697 5478 pejora
1755 5413 2030 5482 prioribus

2169 5414 2419 5485 ήγουσιν,
2461 5418 2789 5475 ἐπίδοσινᾶ
2839 5422 3044 5493 μᾶλλον
3086 5401 3346 5484 ἑκάστοτε
3373 5429 3480 5502 τῆς
3528 5401 3724 5493 διακίας

445 5495 747 5561 posteriora
781 5496 915 5559 sint,
944 5496 1171 5552 multam
1212 5501 1628 5569 sycophantiam
1676 5511 1868 5559 contra
1904 5507 2025 5559 aui-

445 5594 588 5638 ntata
624 5584 865 5654 Spiritus
908 5588 1107 5658 templa
1146 5596 1524 5657 contexentes,
1571 5607 1748 5664 neque
1791 5604 2021 5652 eatenus

511 5758 556 5794 ³⁸
583 5757 926 5833 Ροιι1.εκι.ιν,
955 5763 1037 5820 l3.

2133 5507 2472 5579 ποιούμενοι,
2500 5513 2576 5578 ὡς
2614 5514 2682 5568 ἄν
2702 5515 2872 5588 χείρω
2890 5518 3000 5571 τῶν
3030 5516 3415 5590 προλαϐόντων
3437 5525 3511 5579 τὰ
3543 5527 3723 5579 ἐπεισ-

2134 5598 2292 5656 ιόντα
2338 5603 2637 5676 γίγνοιντο,
2673 5608 2878 5683 πολλὴν
2912 5614 3280 5683 συκοφαντίαν
3314 5617 3458 5672 κατὰ
3485 5615 3596 5672 τῶν
3622 5618 3719 5689 ἑμ-
