3994 6430
388 284 417 311 ΙΙ

304 386 411 452 745

1173 340 1742 453 ᾸΡοωοΕΤΙουε
1778 378 1925 439 PRO
1965 368 2238 443 sacars'
2268 365 2748 447 IMAGINIBUS.
2818 456 2822 473 γ

3469 389 3575 453 746

305 506 493 578 ψύχων
526 504 620 561 τοῦ
657 506 972 577 Πνεύματος
1015 506 1158 560 ναῶν
1184 505 1570 576 ἐξυφήναντες,
1623 501 1682 554 οὑ
1728 499 1887 570 μέχρι

1990 494 2293 554 subsistunt
2317 518 2332 568 ;
2352 501 2448 556 sed
2473 501 2585 572 jam
2622 511 2811 557 contra
2857 502 3156 559 inanimata
3185 521 3400 576 quoque
3432 517 3570 561 tem-

307 600 504 653 τούτου
540 598 779 670 ἔστησαν
799 616 811 630 ’
843 600 947 670 ἤδη
978 600 1036 654 δὲ
1061 599 1154 654 καὶ
1177 598 1318 653 κατὰ
1342 598 1452 651 τῶν
1482 596 1706 667 ἀψύχων
1722 595 1887 658 ναῶν,
1908 636 1911 639 .

308 691 469 746 θείων
498 691 546 746 δ’
573 692 745 762 ὅμως,
778 692 876 754 τὰς
914 691 1164 756 ἀνοσίους
1192 693 1382 762 χεῖρας
1414 688 1770 743 καθώπλισαν
1791 703 1805 716 θ
1838 687 1892 739 οἵ

304 800 369 852 γε
407 782 488 854 τῷ
516 782 631 835 ὄντι
651 783 814 846 ναοὺς
841 782 1139 850 δαιμονίων
1168 781 1453 852 τὰς’σφῶν
1487 780 1668 835 αὐτῶν
1710 778 1891 850 ψυχὰς

304 872 720 940 ἀποφαίνοντες,
755 873 864 926 άπὸ
911 873 1008 926 τοῦ
1045 871 1294 940 δοξάζειν
1331 869 1574 933 εἰδώλοις
1622 869 1699 932 ὡς
1748 869 1891 930 Θεοῖς

304 965 612 1037 προσιέναι,
647 966 736 1020 ἵνα
785 965 1067 1020 κάνταῦθα
1095 968 1155 1020 τὸ
1202 967 1340 1038 πρὸς
1374 953 1660 1021 εὐσέϐειαν
1702 964 1888 1024 αὐτοῖς

302 1055 683 1127 ἀκοινώνητον·
709 1057 1160 1128 μαρτυρούμενον
1208 1057 1541 1126 διαφαίνοιτο
1565 1072 1580 1085 ·
1620 1052 1750 1108 οὔτε
1778 1053 1888 1123 γάρ

302 1146 561 1201 κοινωνία
599 1148 741 1217 φωτὶ
787 1147 924 1218 πρὸς
957 1148 1170 1213 σκότος,
1217 1149 1295 1212 ὡς
1328 1148 1453 1202 οὐδὲ
1484 1145 1889 1217 συγκατάθεσις

301 1239 420 1309 ναῷ
445 1237 583 1292 Θεου
617 1238 757 1308 μετὰ
788 1238 1045 1305 εἰδώλων,
1075 1243 1167 1294 καὶ
1193 1238 1335 1294 ὥστε
1369 1238 1443 1312 μὴ
1475 1241 1534 1295 ὲν
1575 1240 1757 1309 λόγοις
1787 1241 1888 1311 μό-

301 1349 398 1385 νον
426 1331 497 1384 τὰ
523 1332 620 1402 τῆς
652 1331 1005 1403 βλασφημίας
1031 1330 1216 1397 αὐτοῖς
1244 1332 1487 1404 ἐξέρποι,
1520 1332 1637 1386 ἀλλ’
1667 1333 1769 1404 ἥδη
1796 1332 1890 1385 καὶ¹

300 1427 364 1478 ὲν
397 1424 720 1496 πράγμασιν
750 1425 1108 1495 ὲξανυόμενον
1137 1427 1319 1480 αὐτῶν
1364 1426 1662 1496 καθορᾶται
1707 1427 1768 1479 τὸ
1798 1443 1891 1478 και

302 1516 624 1589 κούργημα,
671 1516 768 1571 καὶ
801 1518 926 1587 μηδ’
964 1518 1135 1586 ἀκοῆς
1176 1517 1337 1588 μέχρι
1389 1518 1785 1589 περιθρυλῆται
1829 1518 1890 1570 τὸ

307 1607 618 1679 δύσφημον,
648 1607 783 1661 ἀλλὰ
837 1610 939 1662 κάν
974 1612 1097 1672 ταῖς
1132 1609 1391 1663 ἁπάντων
1418 1609 1572 1679 ὄψεσι
1616 1609 1888 1681 βλεπόμεο

301 1718 394 1755 νον
426 1700 750 1773 προκέηται.

378 1792 442 1857 ξ’.
470 1789 601 1865 τΔρ*
640 1788 733 1847 οῦν
764 1792 1174 1863 κατεψεύσαντο
1195 1795 1292 1864 μὲν
1325 1796 1419 1850 καὶ
1468 1797 1885 1867 κατηγόρευσαν

300 1887 404 1958 τῆς
432 1885 731 1946 θειαςκκαὶ
782 1886 1096 1957 ἀπορρήτου
1134 1886 1293 1958 δόξης
1322 1904 1382 1942 τε
1438 1889 1532 1942 καὶ
1580 1889 1885 1960 δυνάμεως,

301 1980 404 2050 τῆς
457 1993 518 2031 τε
554 1976 663 2030 τῶν
704 1976 1115 2039 θεοπνεύστων,
1168 1980 1265 2033 καὶ
1300 1980 1402 2050 τῆς
1454 1980 1563 2034 τῶν
1623 1981 1889 2050 θεολόγων

305 2068 767 2141 κατεφλυάρησαν
805 2069 1192 2138 διδασκαλιας,
1229 2067 1397 2143 δρῶσι
1435 2074 1493 2126 δὲ
1536 2068 1610 2127 ὧν
1645 2076 1889 2127 ἐκενολὸ-

309 2179 483 2231 γησαν
510 2162 730 2233 ἥττονα,
779 2162 815 2232 ἢ
858 2162 1160 2231 καθυφιᾶσι
1210 2167 1325 2226 τοῖς
1381 2163 1888 2236 βλασφημουμένοις

318 2254 543 2320 ἐπιδεῖξαι
602 2254 985 2325 παρισούμενα
1034 2253 1105 2306 τά
1164 2255 1537 2325 πραττόμενα,
1578 2257 1611 2328 ἢ
1656 2258 1718 2312 οὐ
1768 2257 1889 2310 λίαν

320 2344 682 2416 ὑπεραίροντα
704 2359 719 2409 ;
752 2342 825 2398 OG
855 2360 955 2414 μεν
976 2341 1072 2397 οὖν
1092 2360 1107 2374 ⁸
1130 2344 1245 2397 ἀλλ’
1271 2348 1328 2398 ἐν
1360 2340 1405 2413 ᾦ
1439 2346 1531 2399 τὸν
1560 2347 1775 2418 πατέρα
1794 2347 1888 2400 τοῦ

308 2435 539 2507 ψεύδους
566 2434 817 2490 διάϐολον
846 2433 1019 2489 πάλαι
1058 2435 1488 2508 ἀπολειπόμενον
1518 2437 1612 2491 καὶ
1636 2437 1887 2507 ἡττώμε-

304 2544 396 2581 νον
419 2526 688 2598 εγνωμεν,
740 2526 901 2585 τοῦτο
937 2527 1033 2580 νῦν
1067 2527 1498 2598 προστιθέμενον
1541 2528 1758 2600 ὁρῶμεν
1797 2508 1890 2582 καί

300 2617 679 2688 ἑπαυξόμενον
703 2633 719 2650 ·
757 2617 819 2671 τὸ
840 2618 972 2690 πρὶν
997 2617 1107 2691 γάρ
1137 2619 1196 2673 ὲν
1216 2617 1394 2686 λόγοις
1423 2617 1587 2688 μόνον
1616 2617 1708 2671 τὸν
1748 2620 1891 2672 κατὰ

296 2711 404 2781 τῆς
440 2709 773 2782 Ἐκκλησίας
824 2707 1062 2781 άρασθαι
1118 2711 1355 2781 πόλεμον
1376 2710 1504 2774 τοὺς
1552 2710 1889 2775 ἀσεϐοῦντας

297 2803 762 2875 παρασκευάσας,
798 2803 896 2858 καὶ
934 2803 1137 2874 μυρίας
1184 2804 1319 2868 ὅσας
1377 2803 1624 2874 αἱρέσεις
1671 2804 1729 2857 ὲν
1777 2807 1889 2869 τοῖς

295 2895 656 2964 Χριστιανοῖς
686 2894 1037 2967 παρενείρας,
1074 2896 1132 2948 ὲν
1162 2894 1241 2965 τῷ
1272 2895 1365 2948 νῦν
1390 2896 1452 2949 ού
1486 2894 1667 2964 λόγοις
1704 2893 1886 2966 μόνον,

293 2984 407 3056 ἠδη
433 2985 492 3038 δὲ
521 2987 784 3057 προσθεὶς
822 2986 916 3040 καί⁵
942 2987 1003 3040 τὸ
1051 2986 1394 3059 λειπόμενον,
1429 2990 1525 3043 καὶ
1571 2988 1754 3061 ἔργοις
1788 2990 1889 3044 αύ-

290 3079 417 3141 τοῖς
456 3078 600 3131 κατά
637 3078 748 3131 τῶν
807 3076 966 3132 θείων
1010 3079 1190 3151 δόμων
1222 3081 1318 3135 καὶ
1360 3081 1470 3135 τῶν
1513 3081 1688 3154 ἄλλων
1728 3083 1888 3154 ἱερῶν

1992 589 2103 658 pla,
2129 600 2184 644 et
2221 601 2403 647 tamen
2438 592 2642 659 divina,
2679 608 2868 649 manus
2902 606 3215 664 armarunt;
3245 599 3336 668 qui
3379 614 3568 653 rever:

1993 679 2380 736 daamoniorunt
2408 684 2604 753 templa
2631 686 2844 740 animas
2871 698 3002 742 suas
3020 702 3144 743 esse
3168 690 3566 756 demonstrant,

1991 773 2115 827 dum
2144 775 2463 830 existimant
2512 778 2581 830 ad
2617 778 2759 833 idola
2810 788 3065 849 tanquam
3129 782 3196 835 ad
3234 783 3363 838 deos
3408 799 3569 839 acce-

1991 865 2152 928 dere;
2187 873 2245 918 ut
2293 866 2343 918 id
2369 869 2532 921 etiam
2562 868 2800 936 ipsorum
2828 884 2855 923 a
2882 881 3033 925 recta
3071 871 3332 941 religione
3363 873 3573 927 aliena-

1994 953 2194 1009 tionem
2241 965 2487 1013 testetur.
2517 957 2710 1030 Neque
2761 962 2904 1016 enim
2940 970 3025 1017 est
3074 964 3387 1020 communio
3437 965 3575 1021 lucis

1991 1060 2114 1099 cum
2149 1050 2410 1123 tenebris,
2438 1066 2537 1107 nec
2564 1053 2901 1110 consortium
2942 1056 3127 1126 templi
3170 1056 3263 1112 Dei
3292 1073 3413 1113 cum
3446 1058 3568 1114 ido-

1992 1137 2077 1191 lis.
2118 1140 2268 1194 Adeo
2299 1150 2358 1196 ut
2394 1157 2506 1198 non
2533 1145 2827 1201 verborum
2869 1156 3029 1203 tenus
3063 1147 3403 1219 blasphemia
3448 1150 3573 1206 illo-

1992 1246 2109 1285 rum
2130 1244 2339 1303 serpat,
2366 1236 2588 1304 sedjatn
2619 1241 2875 1307 operibus
2898 1256 3113 1311 quoque
3146 1245 3334 1315 peragi
3370 1247 3572 1315 nequi-

1996 1325 2064 1376 lia
2106 1325 2317 1379 illorum
2377 1333 2686 1398 spec'tetur;
2713 1347 2888 1397 neque
2939 1336 3164 1390 auribus
3194 1339 3572 1395 tantummodo

1993 1416 2216 1472 infamia
2271 1419 2486 1475 illorum
2554 1423 2793 1489 insonet,
2838 1426 2934 1480 sed
2988 1436 3045 1481 et
3097 1429 3342 1482 omnium
3402 1430 3575 1485 oculis

1991 1509 2374 1578 Conspicieuda
2402 1523 2639 1581 prestet.

2060 1777 2148 1833 60.
2180 1778 2395 1848 Ergone
2427 1790 2703 1850 negantet
2730 1785 2990 1841 incusant
3025 1787 3263 1843 divinam
3291 1805 3575 1847 arcanam-

1994 1887 2098 1941 qne
2130 1873 2472 1942 maiestatem
2503 1885 2667 1945 atque
2691 1878 3008 1945 potentiam,
3041 1890 3099 1936 et
3144 1890 3253 1937 tum
3279 1883 3573 1955 iusPirato-

1996 1979 2111 2016 rum
2164 1972 2276 2016 tum
2325 1964 2494 2018 etiam
2551 1966 2928 2036 theologorum
2964 1982 3330 2041 aspernantur
3368 1975 3575 2030 doctri—

1993 2071 2112 2117 nas.
2150 2054 2357 2112 faciunt
2409 2069 2589 2112 tamen
2643 2059 2857 2115 minora
2918 2063 3103 2129 dictis,
3142 2076 3234 2119 aut
3296 2066 3574 2139 negligunt

1992 2148 2368 2203 demonstrare
2394 2151 2545 2220 paria
2570 2151 2927 2221 blasphemiis
2962 2152 3125 2221 facta,
3164 2155 3245 2210 vel
3275 2172 3380 2211 non
3407 2159 3566 2230 231

1991 2242 2185 2307 oppido
2237 2241 2486 2311 majora?
2543 2241 2691 2298 Nihil
2748 2246 2949 2299 minus.
2982 2246 3092 2301 Sed
3148 2250 3291 2317 quod
3348 2266 3380 2305 a
3416 2262 3573 2320 patre

1994 2334 2257 2387 tricudacii
2319 2336 2535 2389 diabolo
2578 2337 2842 2393 omissum
2872 2339 3024 2404 olim,
3070 2341 3155 2395 vel
3206 2353 3366 2398 tenue
3406 2345 3573 2400 fuisse

1992 2427 2219 2492 scimus,
2265 2444 2408 2484 nunc
2430 2431 2652 2483 demum
2692 2431 2970 2502 adjectum
3016 2434 3266 2490 videmus
3298 2446 3352 2489 et
3378 2452 3572 2491 cunm-

1991 2519 2178 2577 latum.
2206 2519 2342 2575 Nam
2368 2536 2493 2576 cum
2531 2532 2689 2577 antea
2716 2524 2782 2577 ad
2805 2524 3005 2581 bellum
3035 2536 3226 2581 contra
3247 2527 3568 2593 Ecclesiam.

1994 2612 2213 2667 nonnisi
2246 2613 2427 2669 verbis
2461 2615 3004 2687 gerendumﬂ'mpios
3027 2631 3423 2689 comparasset,
3450 2622 3573 2689 plu-

1986 2705 2270 2775 rimasque
2304 2706 2544 2763 haereses
2576 2708 2723 2765 inter
2773 2710 3118 2768 Christianos
3165 2716 3419 2780 sevisset,
3469 2717 3572 2771 hoc

1989 2797 2207 2852 demum
2229 2810 2473 2870 tempore
2503 2814 2608 2857 non
2638 2804 2821 2860 verbis
2844 2807 3195 2870 tantum,sed
3221 2809 3366 2878 quod
3384 2810 3573 2865 deerat

1989 2890 2221 2959 adjecto,
2262 2890 2430 2947 factis
2477 2909 2702 2965 quoque
2739 2896 2884 2966 ipsis
2904 2905 3096 2953 contra
3152 2901 3366 2955 divinas
3423 2903 3569 2957 aedes

1991 2991 2153 3050 atque
2210 2982 2312 3037 alia
2345 2999 2500 3040 sacra
2539 2987 2765 3043 donaria
2799 2988 3120 3058 bacchatur,
3147 2993 3358 3049 illorum
3404 3010 3569 3049 orna-

1993 3078 2107 3124 tum
2153 3082 2318 3141 atque
2352 3073 2699 3142 splendorem
2751 3076 3102 3146 pessumdare
3152 3083 3377 3139 studens
3421 3101 3435 3138 :
3491 3084 3569 3139 ita

290 3171 674 3244 ἀναθημάτων
712 3171 1097 3242 ἐξεϐάκχευσε,
1148 3173 1217 3227 τά
1255 3174 1392 3245 πρὸς
1432 3151 1758 3246 καθαίρεσιν
1780 3151 1883 3232 ’τοῦ

1992 3167 2050 3213 ut
2082 3169 2308 3230 utraque
2336 3176 2396 3216 re
2448 3164 2658 3219 malitia
2688 3166 2920 3222 istorum
2977 3180 3325 3241 coarguatur.
3362 3170 3570 3229 Furuut

292 3263 518 3343 κόσμου
548 3264 644 3317 καὶ
672 3264 773 3335 τῆς
810 3266 1149 3336 εὐπρεπείας
1179 3267 1385 3334 αὐτῶν,
1418 3270 1882 3341 κατεργάζεσθαι,

288 3356 376 3420 ὡς
398 3354 465 3408 ἂν
484 3354 555 3409 δι’
581 3356 908 3427 ἀμφοτέρων
951 3358 1012 3411 τὸ
1042 3361 1124 3423 είς
1158 3360 1356 3415 κακίαν
1399 3363 1705 3435 περιφανὲς,
1738 3358 1886 3416 ’ἀπο-

290 3447 559 3519 φέροιντο
584 3462 600 3477 ⁸
626 3448 869 3520 τολμῶσι
888 3438 1018 3519 γοῦν
1046 3453 1095 3504 οἱ
1126 3450 1403 3521 ἐξάγιστοι
1429 3434 1571 3507 κατὰ
1597 3434 1706 3506 τῶν
1726 3455 1886 3526 ἱερῶν

291 3542 400 3595 καὶ
433 3540 595 3595 θείων
639 3540 828 3598 τύπων
871 3545 967 3599 καὶ
1010 3545 1296 3615 συμϐόλων
1322 3546 1421 3615 τῆς
1470 3546 1740 3618 σωτηρίου
1770 3545 1885 3599 τοῦ

286 3634 441 3689 Θεοῦ
469 3635 644 3700 Λόγου
671 3636 985 3707 οἰκονομίας
1007 3654 1065 3690 τε
1098 3637 1191 3691 καὶ
1216 3637 1565 3707 σαρκώσεως,
1593 3638 1685 3691 καὶ
1715 3637 1806 3691 τὸν
1828 3639 1885 3690 ἐν

285 3729 419 3790 τοῖς
455 3726 633 3794 ἁγίοις
653 3728 826 3792 οἴκοις
865 3728 1241 3798 ἐπιχειροῦσιν
1289 3729 1652 3798 ἀπαγλαῒςειν
1703 3730 1887 3783 διάκο-

288 3828 463 3888 σμον,
531 3819 628 3872 καὶ
681 3819 1013 3888 καθαιροῦσι
1065 3819 1165 3890 τῆς
1201 3821 1444 3891 ἱστορίας
1489 3822 1552 3874 τὸ
1604 3820 1780 3887 ἅγιον,
1816 3822 1886 3875 τὰ

286 3907 521 3978 σεμνῶς
541 3909 912 3977 τετυπωμένα
940 3906 1265 3973 ἁποξέοντες
1291 3908 1647 3978 ἀνοητότατα.
1665 3906 1756 3959 “ﬂ
1784 3905 1885 3975 τῆς

287 3993 538 4064 μανίαςί
563 3991 608 4045 ῶ
638 3993 738 4061 τῆς
766 3993 972 4063 τόλμας
996 3995 1088 4047 καὶ
1121 3995 1218 4065 τῆς
1238 3992 1596 4063 ἀναισχύντου
1617 3991 1880 4061 γνώμηςί

286 4085 489 4153 "Am-:9
515 4083 616 4154 ἤδη
644 4083 988 4154 Χριστιανῶν
1016 4086 1065 4137 οί
1092 4083 1472 4155 εὐσεϐέστεροι
1501 4083 1593 4137 καὶ
1618 4081 1880 4155 φιλόθεοι,

279 4175 352 4230 τὸ
379 4173 650 4228 ἀνέκαθεν
675 4174 839 4241 ἱερεῖς
855 4190 934 4237 τε,
955 4191 1028 4244 φη
1038 4174 1121 4244 μὶ,
1141 4176 1236 4227 καὶ
1265 4174 1528 4245 βασιλεῖς.
1551 4173 1666 4227 ὅσοι
1685 4189 1744 4225 τε
1771 4170 1882 4224 τῶν

283 4269 350 4321 ὲν
384 4267 554 4328 τέλει,
591 4267 685 4320 καὶ
710 4267 826 4320 τῶν
858 4266 1033 4321 ἄλλων
1060 4266 1110 4319 οἳ
1149 4267 1277 4334 περὶ
1308 4265 1408 4336 τὴν
1439 4264 1727 4318 εὐσέϐειαν
1758 4262 1881 4332 θερ-

286 4360 523 4431 μότεροι
553 4359 732 4425 τεκαὶ
762 4358 1188 4428 σπουδαιότεροι,
1215 4357 1462 4428 διαπύρῳ
1495 4356 1647 4426 πόθῳ
1669 4357 1763 4409 καὶ
1790 4354 1880 4408 πί·-

283 4469 416 4507 στει
456 4452 727 4523 θερμῇτῇ
775 4453 855 4514 είς
883 4451 1119 4521 Χριστὸν
1171 4450 1262 4504 καὶ
1313 4450 1439 4512 τοὺς
1488 4449 1677 4516 ἁγίους
1708 4465 1877 4501 κατα-

1997 3250 2162 3319 igitur
2190 3251 2245 3305 hi
2272 3251 2490 3307 nefandi
2515 3264 2711 3310 contra
2739 3271 2925 3312 sacros
2950 3259 3277 3330 divinosque
3308 3270 3461 3335 typos
3504 3280 3571 3321 ac

1994 3340 2240 3410 symbolo
2271 3341 2527 3397 salutaris
2561 3341 2655 3397 Dei
2684 3343 2845 3400 Verbi
2874 3350 3195 3403 meonotnize
3226 3359 3279 3406 et
3317 3352 3572 3408 incarna-

1995 3433 2178 3496 tionis,
2198 3442 2257 3487 et
2282 3449 2439 3488 sacra
2477 3434 2529 3488 in
2578 3435 2792 3506 templis
2824 3451 3142 3495 ornamenta
3194 3443 3442 3498 nituntur
3477 3447 3572 3503 de-

1996 3532 2236 3593 turpare,
2269 3527 2563 3594 impressas
2599 3526 2653 3581 in
2693 3528 2852 3583 altari
2889 3530 3143 3585 historias
3173 3533 3378 3601 delent,
3427 3539 3572 3592 scul-

1994 3604 2143 3685 ptilia
2164 3628 2349 3672 saneta
2373 3617 2693 3675 stultissime
2719 3622 3010 3677 abradunt.
3029 3623 3075 3680 Ο
3096 3624 3333 3681 furorem
3356 3630 3370 3682 ί
3409 3645 3442 3682 o
3470 3646 3570 3685 au-

1992 3709 2204 3761 daciam
2254 3718 2309 3763 et
2367 3710 2738 3780 impudentem
2788 3714 2958 3769 animi
3016 3720 3378 3775 sententiam!
3423 3722 3570 3789 Quae

1996 3802 2434 3861 Christianorum
2460 3803 2783 3873 pientissimi
2811 3816 2864 3859 et
2884 3806 3299 3877 religiosissimi,
3319 3814 3569 3882 Sttpt‘riO-

1995 3908 2109 3959 res,
2134 3893 2388 3963 inquam,
2428 3899 2742 3952 sacerdotes
2770 3913 2832 3952 ac
2853 3914 3026 3969 reges,
3066 3910 3123 3956 et
3143 3904 3453 3974 quicunque
3483 3908 3569 3960 di-

1993 3986 2201 4054 gnitate
2232 3984 2533 4053 fulgebant,
2568 3990 2858 4060 ceterique
2896 4002 3159 4061 qumquot
3194 3994 3393 4064 pietate
3438 3997 3568 4050 .fer-

1996 4077 2266 4132 rentiort-s
2321 4088 2479 4133 erant
2508 4091 2564 4133 et
2593 4083 2970 4149 studiosiores,
3023 4084 3354 4142 inflammato
3382 4102 3569 4146 amore

1993 4171 2280 4240 calidaque
2340 4171 2394 4225 in
2445 4172 2719 4228 Christum
2778 4174 2884 4229 (ide
2933 4186 3259 4245 sanctosque
3294 4182 3563 4248 succensi,

1988 4261 2342 4315 elaborarunt
2376 4270 2544 4331 atque
2578 4262 2820 4331 historiis
2843 4276 3128 4333 ornarunt,
3169 4270 3559 4340 imagunculae.

1987 4354 2230 4423 inquam,
2256 4354 2373 4423 pias
2398 4367 2723 4423 sacrasque,
2748 4367 2798 4409 et
2822 4358 3067 4411 omnium
3100 4360 3211 4414 Deo
3245 4361 3296 4414 in
3320 4360 3561 4415 delubris

1988 4465 2014 4498 τι
2048 4464 2107 4502 se
2130 4447 2413 4503 :rdiﬁcalis
2452 4460 2820 4523 sculpserunt,
2858 4459 3015 4520 prout
3035 4452 3173 4506 ratio
3202 4455 3460 4524 cujusque
3485 4457 3557 4511 rei

280 4545 667 4617 φλεγόμενοι,
731 4544 1145 4613 ἑκπεπονήκασί
1208 4559 1265 4596 τε
1323 4544 1418 4595 καὶ
1470 4540 1834 4612 άνιστόρησαν
1860 4556 1873 4569 ·

1990 4555 2386 4614 repraesentata
2413 4544 2646 4611 ferebat,
2681 4560 2787 4599 non
2821 4544 3249 4614 perhorrescunt
3276 4546 3328 4601 hi
3374 4549 3559 4605 miseri

280 4637 594 4708 ἀγάλματα
629 4636 747 4690 θεῖα
773 4636 866 4690 καὶ
908 4637 1047 4705 ἱερὰ,
1080 4637 1137 4688 ὲν
1173 4630 1257 4698 οἷς
1278 4634 1607 4705 καθίδρυσαν
1651 4632 1729 4702 τῷ
1758 4630 1876 4702 Θεῷ

278 4730 408 4785 τῶν
440 4728 579 4783 ὅλων
608 4730 797 4797 σηκοῖς
816 4726 1280 4796 ἑντυπωσάμενοι,
1306 4724 1425 4778 καθ’
1455 4724 1484 4777 ὃ
1504 4724 1737 4778 ἑκάστου
1765 4721 1875 4776 τῶν

279 4817 662 4889 τυπουμένων
699 4820 727 4871 ὁ
775 4818 936 4887 λόγος
985 4816 1274 4881 ἐπέϐαλεν,
1327 4816 1388 4870 οὐ
1428 4815 1745 4886 φρίττουσιν
1783 4815 1876 4867 ἀν-

280 4912 551 4984 ορύττειν
581 4911 676 4964 καί⁸
721 4909 1084 4974 καταπαίζειν
1118 4911 1168 4963 oi
1194 4908 1418 4963 δείλαιοι
1437 4924 1452 4939 ο
1484 4907 1585 4982 κᾶν
1613 4906 1877 4977 ἠπείθησέ

277 5022 377 5068 τις
419 5003 607 5066 αὐτοῖς
633 5000 718 5070 ἐφ’
739 4995 823 5064 οἷς
854 5001 1037 5065 κακῶς
1076 5002 1170 5055 καὶ
1196 5000 1372 5065 ἀθέως
1403 4999 1706 5065 δοξάζουσι,
1743 4998 1879 5069 πρὸς

276 5097 354 5151 τὸ
376 5095 593 5167 ἀπηχὲς
620 5096 713 5148 καὶ
742 5093 1158 5165 δυσφορώτατον
1197 5091 1530 5164 σχετλιάζων
1562 5090 1655 5145 τοῦ
1694 5092 1873 5158 λόγου,

277 5191 343 5244 εἰ
377 5188 455 5261 μὴ
493 5189 645 5243 ἀθεεὶ
673 5187 1106 5259 αὐτουργοῦντας
1135 5187 1202 5241 τά
1248 5185 1471 5239 τοιαῦτα
1502 5178 1648 5255 ἐώρα
1671 5202 1684 5216 ·
1733 5183 1874 5237 ὥστε

276 5282 497 5346 αὐτοὺς
530 5283 608 5344 εἰς
640 5280 932 5352 βεϐαίωσιν
962 5281 1069 5333 τῶν
1098 5279 1358 5349 ἀθέσμως
1404 5279 1735 5349 λεγομένων,
1765 5276 1875 5331 τῶν

275 5375 595 5446 δρωμένων
620 5374 764 5444 ἔχειν
791 5373 852 5426 τὸ
900 5373 1244 5443 παράνομον·
1288 5370 1405 5434 πῶς
1452 5371 1562 5442 γὰρ
1590 5370 1691 5423 οὐκ
1725 5370 1877 5437 ἐλέγ-

276 5488 485 5543 χονται
540 5468 792 5540 φανερῶς
989 5468 1102 5522 ὄντι
1149 5466 1661 5539 είδωλολατροῦντες
1686 5486 1700 5535 ;
1729 5467 1878 5520 ἀναι-

280 5563 546 5634 σχύντως
570 5562 745 5628 οὕτως
772 5563 913 5618 κατὰ
941 5562 1051 5616 τῶν
1079 5562 1174 5616 τοῦ
1214 5561 1354 5616 Θεοῦ
1400 5560 1568 5615 οἴκων
1593 5558 1878 5630 ὲπιμαινό-

279 5672 481 5730 μενοι,
531 5656 608 5720 ὡς
665 5657 827 5728 ἑτέρᾳ
886 5655 1155 5727 θρησκείᾳ
1203 5653 1729 5724 μυσταγωγούμενοι
1786 5652 1878 5705 καὶ

275 5747 639 5819 τελούμενοι,
666 5750 701 5820 ἢ
733 5749 817 5813 τίς
845 5749 977 5802 ποτέ
1004 5749 1174 5809 ἐστιν,
1233 5747 1389 5800 αὐτοὶ
1423 5745 1619 5799 εἰδεῖεν
1649 5746 1735 5809 ἂν,
1784 5746 1877 5798 καὶ

276 5838 397 5896 τὸν
426 5838 632 5913 Κύριον
658 5840 818 5911 ἡμῶν
884 5838 1091 5910 Ἰησοῦν
1147 5839 1386 5910 Χριστὸν
1416 5837 1507 5892 τὸν
1535 5836 1626 5890 ἐπὶ
1658 5837 1874 5892 πάντων

617 5933 888 5995 ΡΑτιιοι..
921 5935 1035 5994 Gn.
1095 5933 1158 5989 C.

1981 4637 2270 4693 subfodere
2316 4645 2370 4690 et
2395 4636 2643 4692 illudere.
2683 4634 2747 4691 Et
2776 4637 2865 4691 vix
2897 4637 3183 4708 quisquam
3215 4653 3408 4708 pravas
3437 4655 3560 4696 esse

1986 4739 2267 4797 tantopere
2301 4727 2603 4796 impiosque
2652 4726 2867 4781 illorum
2899 4726 3184 4797 Opiniones
3223 4730 3561 4793 crederet,et

1980 4818 2383 4875 intolerabilem
2411 4819 2609 4888 -p0tius
2644 4817 2931 4873 verborum
2959 4820 3152 4887 quibus
3184 4831 3410 4876 utuntur
3434 4838 3561 4892 pra-

1980 4915 2200 4967 vitatem
2259 4922 2629 4977 aversaretur,
2671 4912 2775 4967 nisi
2831 4913 2947 4982 ipso
2984 4928 3146 4982 opere
3188 4915 3302 4971 haec
3351 4917 3557 4971 scelera

1980 5015 2265 5075 patrantcs
2291 5006 2577 5069 cerneret;
2616 5006 2760 5060 unde
2803 5005 3054 5074 sequitur
3101 5015 3159 5059 ut
3205 5006 3241 5060 ii
3268 5008 3557 5062 verborum

1980 5097 2336 5153 nefandorum
2374 5103 2566 5152 testem
2604 5096 2839 5152 habeant
2860 5112 3084 5167 operum
3128 5098 3554 5167 improbitatem.

1980 5191 2177 5257 Quidni
2221 5192 2366 5243 enim
2420 5190 2703 5244 evidenter
2744 5190 3145 5244 convincuntur
3188 5204 3309 5243 esse
3333 5190 3560 5244 idolola—

1981 5281 2115 5336 ιι·ιεῖ
2146 5282 2272 5335 dum
2306 5281 2378 5335 ita
2408 5282 2753 5350 impudenter
2778 5289 2966 5334 contra
2998 5279 3088 5333 Dei
3121 5280 3321 5347 templa
3344 5280 3556 5345 furum,

1979 5376 2133 5445 quasi
2174 5375 2276 5444 ipsi
2332 5374 2490 5427 alteri
2520 5372 2766 5440 religioni
2817 5373 2929 5426 sint
2960 5372 3185 5438 initiati,
3217 5373 3324 5427 imo
3355 5387 3556 5428 c0ttse-

1980 5469 2139 5530 erati,
2169 5481 2290 5536 quin
2347 5465 2646 5534 cujusmodi
2706 5465 2776 5519 sit
2822 5464 2922 5534 ipsi
2972 5466 3264 5530 noverint;
3303 5473 3356 5520 et
3397 5465 3556 5533 quasi

1981 5557 2267 5612 Dominum
2348 5566 2592 5612 nostrum
2646 5554 2831 5613 Jesunt
2895 5556 3169 5612 Christum
3238 5571 3555 5626 supremum

1977 5650 2146 5705 Deum
2172 5649 2581 5719 abnegaveriut,
2611 5659 2668 5704 ttt
2702 5664 2768 5704 ex
2798 5649 2883 5704 his
2916 5648 3309 5719 consequentia
3368 5647 3555 5701 existi-

1979 5758 2127 5797 mare
2149 5743 2374 5798 suadent
2403 5757 2419 5807 ;
2448 5742 2602 5811 quasi
2626 5741 2858 5810 denique
2884 5740 3086 5797 frustra
3114 5740 3552 5796 Christianorum

1980 5852 2175 5892 nomen
2232 5836 2551 5890 retineant:
2606 5833 2840 5887 falsitate
2871 5836 3014 5889 enim
3068 5834 3396 5896 innituntur,
3438 5831 3551 5885 sola

3196 5931 3274 5990 2%
