  <div class='ocr_page' id='page_1' title='image "/cluster/home/n/w/nwhite01/storage/ocr_20150623/100/coo.31924054870047/377.png"; bbox 0 0 3994 6456; ppageno 0'>
   <div class='ocr_carea' id='block_1_1' title="bbox 428 384 560 451">
    <p class='ocr_par' dir='ltr' id='par_1_1' title="bbox 428 384 560 451">
     <span class='ocr_line' id='line_1_1' title="bbox 428 384 560 451; baseline -0.015 0"><span class='ocrx_word' id='word_1_1' title='bbox 428 392 431 395; x_wconf 84' lang='grc'><em>’</em></span> <span class='ocrx_word' id='word_1_2' title='bbox 454 384 560 451; x_wconf 64' lang='lat'><strong>747</strong></span> 
     </span>
    </p>
   </div>
   <div class='ocr_carea' id='block_1_2' title="bbox 1451 383 2037 453">
    <p class='ocr_par' dir='ltr' id='par_1_2' title="bbox 1451 383 2037 447">
     <span class='ocr_line' id='line_1_2' title="bbox 1451 383 2037 447; baseline 0 -2"><span class='ocrx_word' id='word_1_3' title='bbox 1451 385 1512 447; x_wconf 92' lang='lat' dir='ltr'><strong>S.</strong></span> <span class='ocrx_word' id='word_1_4' title='bbox 1550 383 1973 447; x_wconf 82' lang='lat' dir='ltr'><strong>NICEPHORI</strong></span> <span class='ocrx_word' id='word_1_5' title='bbox 2014 385 2037 445; x_wconf 85' lang='lat' dir='ltr'>l</span> 
     </span>
    </p>
   </div>
   <div class='ocr_carea' id='block_1_3' title="bbox 2142 383 3698 453">
    <p class='ocr_par' dir='ltr' id='par_1_3' title="bbox 2142 385 3698 453">
     <span class='ocr_line' id='line_1_3' title="bbox 2142 385 3698 453; baseline 0.004 -8"><span class='ocrx_word' id='word_1_6' title='bbox 2142 385 2521 446; x_wconf 66' lang='lat' dir='ltr'><strong>TRIARCHAE</strong></span> <span class='ocrx_word' id='word_1_7' title='bbox 2559 387 2668 448; x_wconf 71' lang='grc' dir='ltr'><strong>(ΣΡ.</strong></span> <span class='ocrx_word' id='word_1_8' title='bbox 3610 388 3698 453; x_wconf 76' lang='grc'><strong>748</strong></span> 
     </span>
    </p>
   </div>
   <div class='ocr_carea' id='block_1_4' title="bbox 457 489 2037 570">
    <p class='ocr_par' dir='ltr' id='par_1_4' title="bbox 457 493 2032 569">
     <span class='ocr_line' id='line_1_4' title="bbox 457 493 2032 569; baseline -0.003 -14"><span class='ocrx_word' id='word_1_9' title='bbox 457 495 917 569; x_wconf 64' lang='grc' dir='ltr'>ῑρδίεειιρπτέιίιο</span> <span class='ocrx_word' id='word_1_10' title='bbox 964 499 1020 550; x_wconf 86' lang='lat' dir='ltr'><strong>ct</strong></span> <span class='ocrx_word' id='word_1_11' title='bbox 1044 493 1203 565; x_wconf 87' lang='lat' dir='ltr'><strong>quasi</strong></span> <span class='ocrx_word' id='word_1_12' title='bbox 1231 493 1459 567; x_wconf 86' lang='lat' dir='ltr'><strong>appicta.</strong></span> <span class='ocrx_word' id='word_1_13' title='bbox 1495 494 1880 566; x_wconf 82' lang='lat' dir='ltr'><strong>appellatione,</strong></span> <span class='ocrx_word' id='word_1_14' title='bbox 1907 495 2032 566; x_wconf 86' lang='lat' dir='ltr'><strong>quia</strong></span> 
     </span>
    </p>
   </div>
   <div class='ocr_carea' id='block_1_5' title="bbox 2142 489 3697 570">
    <p class='ocr_par' dir='ltr' id='par_1_5' title="bbox 2142 489 3697 570">
     <span class='ocr_line' id='line_1_5' title="bbox 2142 489 3697 570; baseline 0.005 -22"><span class='ocrx_word' id='word_1_15' title='bbox 2142 494 2270 549; x_wconf 77' lang='grc' dir='ltr'>θεὸν</span> <span class='ocrx_word' id='word_1_16' title='bbox 2293 493 2676 568; x_wconf 82' lang='grc' dir='ltr'>ἐξομνύμενοι,</span> <span class='ocrx_word' id='word_1_17' title='bbox 2712 496 2787 561; x_wconf 83' lang='grc' dir='ltr'>ὡς</span> <span class='ocrx_word' id='word_1_18' title='bbox 2821 496 2882 550; x_wconf 79' lang='grc' dir='ltr'><strong>τὸ</strong></span> <span class='ocrx_word' id='word_1_19' title='bbox 2938 498 3234 554; x_wconf 81' lang='grc' dir='ltr'>ἀκόλουθον</span> <span class='ocrx_word' id='word_1_20' title='bbox 3263 489 3467 555; x_wconf 79' lang='grc' dir='ltr'>ἐννοεῖῦ</span> <span class='ocrx_word' id='word_1_21' title='bbox 3509 499 3697 570; x_wconf 85' lang='grc' dir='ltr'>δίδωσι,</span> 
     </span>
    </p>
   </div>
   <div class='ocr_carea' id='block_1_6' title="bbox 456 585 2032 661">
    <p class='ocr_par' dir='ltr' id='par_1_6' title="bbox 456 585 2032 661">
     <span class='ocr_line' id='line_1_6' title="bbox 456 585 2032 661; baseline 0 -18"><span class='ocrx_word' id='word_1_22' title='bbox 456 589 787 661; x_wconf 76' lang='lat' dir='ltr'><strong>syllabarum</strong></span> <span class='ocrx_word' id='word_1_23' title='bbox 822 585 1321 653; x_wconf 69' lang='lat' dir='ltr'><strong>formamservant,</strong></span> <span class='ocrx_word' id='word_1_24' title='bbox 1359 585 1693 656; x_wconf 74' lang='lat' dir='ltr'><strong>signiﬁcatus</strong></span> <span class='ocrx_word' id='word_1_25' title='bbox 1732 587 1840 644; x_wconf 86' lang='lat' dir='ltr'><strong>vim</strong></span> <span class='ocrx_word' id='word_1_26' title='bbox 1864 602 2032 657; x_wconf 76' lang='lat' dir='ltr'><strong>nega-</strong></span> 
     </span>
    </p>
   </div>
   <div class='ocr_carea' id='block_1_7' title="bbox 458 677 2032 750">
    <p class='ocr_par' dir='ltr' id='par_1_7' title="bbox 458 677 2032 750">
     <span class='ocr_line' id='line_1_7' title="bbox 458 677 2032 750; baseline 0 -17"><span class='ocrx_word' id='word_1_27' title='bbox 458 688 624 746; x_wconf 83' lang='lat' dir='ltr'><strong>runt;</strong></span> <span class='ocrx_word' id='word_1_28' title='bbox 656 679 829 750; x_wconf 87' lang='lat' dir='ltr'><strong>spurii</strong></span> <span class='ocrx_word' id='word_1_29' title='bbox 853 680 999 734; x_wconf 90' lang='lat' dir='ltr'><strong>enim</strong></span> <span class='ocrx_word' id='word_1_30' title='bbox 1028 686 1178 744; x_wconf 89' lang='lat' dir='ltr'><strong>sunt,</strong></span> <span class='ocrx_word' id='word_1_31' title='bbox 1212 687 1268 734; x_wconf 91' lang='lat' dir='ltr'><strong>et</strong></span> <span class='ocrx_word' id='word_1_32' title='bbox 1305 677 1466 732; x_wconf 88' lang='lat' dir='ltr'><strong>alieni</strong></span> <span class='ocrx_word' id='word_1_33' title='bbox 1492 693 1522 733; x_wconf 86' lang='lat' dir='ltr'><strong>a</strong></span> <span class='ocrx_word' id='word_1_34' title='bbox 1558 693 1686 733; x_wconf 83' lang='lat' dir='ltr'><strong>vera</strong></span> <span class='ocrx_word' id='word_1_35' title='bbox 1728 693 1787 733; x_wconf 87' lang='lat' dir='ltr'><strong>re</strong></span> <span class='ocrx_word' id='word_1_36' title='bbox 1817 680 1931 734; x_wconf 84' lang='lat' dir='ltr'><strong>suis</strong></span> <span class='ocrx_word' id='word_1_37' title='bbox 1955 680 2032 750; x_wconf 85' lang='lat' dir='ltr'><strong>ip-</strong></span> 
     </span>
    </p>
   </div>
   <div class='ocr_carea' id='block_1_8' title="bbox 455 769 2032 842">
    <p class='ocr_par' dir='ltr' id='par_1_8' title="bbox 455 769 2032 842">
     <span class='ocr_line' id='line_1_8' title="bbox 455 769 2032 842; baseline -0.001 -16"><span class='ocrx_word' id='word_1_38' title='bbox 455 786 641 827; x_wconf 87' lang='lat' dir='ltr'><strong>sorum</strong></span> <span class='ocrx_word' id='word_1_39' title='bbox 675 771 934 842; x_wconf 75' lang='lat' dir='ltr'><strong>operibus</strong></span> <span class='ocrx_word' id='word_1_40' title='bbox 981 770 1451 826; x_wconf 75' lang='lat' dir='ltr'><strong>demonstrantur.</strong></span> <span class='ocrx_word' id='word_1_41' title='bbox 1509 769 1798 841; x_wconf 75' lang='lat' dir='ltr'><strong>Augebunt</strong></span> <span class='ocrx_word' id='word_1_42' title='bbox 1851 778 2032 824; x_wconf 83' lang='lat' dir='ltr'><strong>autem</strong></span> 
     </span>
    </p>
   </div>
   <div class='ocr_carea' id='block_1_9' title="bbox 454 861 2033 932">
    <p class='ocr_par' dir='ltr' id='par_1_9' title="bbox 454 861 2033 932">
     <span class='ocr_line' id='line_1_9' title="bbox 454 861 2033 932; baseline 0 -15"><span class='ocrx_word' id='word_1_43' title='bbox 454 862 748 931; x_wconf 87' lang='lat' dir='ltr'><strong>pessimum</strong></span> <span class='ocrx_word' id='word_1_44' title='bbox 774 861 990 917; x_wconf 85' lang='lat' dir='ltr'><strong>illorum</strong></span> <span class='ocrx_word' id='word_1_45' title='bbox 1020 861 1252 929; x_wconf 78' lang='lat' dir='ltr'><strong>facinus,</strong></span> <span class='ocrx_word' id='word_1_46' title='bbox 1278 876 1398 932; x_wconf 74' lang='lat' dir='ltr'><strong>qua:</strong></span> <span class='ocrx_word' id='word_1_47' title='bbox 1442 877 1506 916; x_wconf 79' lang='lat' dir='ltr'><strong>ex</strong></span> <span class='ocrx_word' id='word_1_48' title='bbox 1534 862 1846 916; x_wconf 89' lang='lat' dir='ltr'><strong>eorumdem</strong></span> <span class='ocrx_word' id='word_1_49' title='bbox 1882 862 2033 917; x_wconf 86' lang='lat' dir='ltr'><strong>ausi-</strong></span> 
     </span>
    </p>
   </div>
   <div class='ocr_carea' id='block_1_10' title="bbox 454 953 1059 1024">
    <p class='ocr_par' dir='ltr' id='par_1_10' title="bbox 454 953 1059 1024">
     <span class='ocr_line' id='line_1_10' title="bbox 454 953 1059 1024; baseline 0.002 -16"><span class='ocrx_word' id='word_1_50' title='bbox 454 953 558 1008; x_wconf 86' lang='lat' dir='ltr'><strong>bus</strong></span> <span class='ocrx_word' id='word_1_51' title='bbox 581 956 839 1024; x_wconf 76' lang='lat' dir='ltr'><strong>consequi</strong></span> <span class='ocrx_word' id='word_1_52' title='bbox 861 954 1059 1009; x_wconf 85' lang='lat' dir='ltr'><strong>solent.</strong></span> 
     </span>
    </p>
   </div>
   <div class='ocr_carea' id='block_1_11' title="bbox 2131 587 3698 663">
    <p class='ocr_par' dir='ltr' id='par_1_11' title="bbox 2131 587 3698 663">
     <span class='ocr_line' id='line_1_11' title="bbox 2131 587 3698 663; baseline 0.003 -22"><span class='ocrx_word' id='word_1_53' title='bbox 2131 587 2228 642; x_wconf 81' lang='grc' dir='ltr'>καὶ</span> <span class='ocrx_word' id='word_1_54' title='bbox 2272 590 2456 659; x_wconf 81' lang='grc' dir='ltr'><strong>μάτην</strong></span> <span class='ocrx_word' id='word_1_55' title='bbox 2511 587 2607 645; x_wconf 83' lang='grc' dir='ltr'><strong>τοῦ</strong></span> <span class='ocrx_word' id='word_1_56' title='bbox 2660 589 2770 644; x_wconf 85' lang='grc' dir='ltr'><strong>τῶν</strong></span> <span class='ocrx_word' id='word_1_57' title='bbox 2823 590 3170 661; x_wconf 79' lang='grc' dir='ltr'><strong>Χριστιανῶν</strong></span> <span class='ocrx_word' id='word_1_58' title='bbox 3224 592 3491 663; x_wconf 85' lang='grc' dir='ltr'>ὀνόματος</span> <span class='ocrx_word' id='word_1_59' title='bbox 3540 610 3698 663; x_wconf 86' lang='grc' dir='ltr'>μετα-</span> 
     </span>
    </p>
   </div>
   <div class='ocr_carea' id='block_1_12' title="bbox 2132 681 3677 757">
    <p class='ocr_par' dir='ltr' id='par_1_12' title="bbox 2132 681 3677 757">
     <span class='ocr_line' id='line_1_12' title="bbox 2132 681 3677 757; baseline 0.004 -23"><span class='ocrx_word' id='word_1_60' title='bbox 2132 681 2446 752; x_wconf 74' lang='grc' dir='ltr'><strong>ποιούμενοι</strong></span> <span class='ocrx_word' id='word_1_61' title='bbox 2466 700 2481 714; x_wconf 75' lang='grc' dir='ltr'>σ</span> <span class='ocrx_word' id='word_1_62' title='bbox 2511 682 2591 754; x_wconf 81' lang='grc' dir='ltr'><strong>τῷ</strong></span> <span class='ocrx_word' id='word_1_63' title='bbox 2610 682 2803 753; x_wconf 84' lang='grc' dir='ltr'>ψεύδει</span> <span class='ocrx_word' id='word_1_64' title='bbox 2836 685 2945 757; x_wconf 80' lang='grc' dir='ltr'>γὰρ</span> <span class='ocrx_word' id='word_1_65' title='bbox 2976 685 3374 756; x_wconf 80' lang='grc' dir='ltr'>ἐπερείδονται,</span> <span class='ocrx_word' id='word_1_66' title='bbox 3411 685 3577 755; x_wconf 75' lang='grc' dir='ltr'>ψιλῆς</span> <span class='ocrx_word' id='word_1_67' title='bbox 3617 686 3677 740; x_wconf 80' lang='grc' dir='ltr'>αὑ</span> 
     </span>
    </p>
   </div>
   <div class='ocr_carea' id='block_1_13' title="bbox 2128 770 3701 846">
    <p class='ocr_par' dir='ltr' id='par_1_13' title="bbox 2128 770 3701 846">
     <span class='ocr_line' id='line_1_13' title="bbox 2128 770 3701 846; baseline 0.002 -23"><span class='ocrx_word' id='word_1_68' title='bbox 2128 770 2243 834; x_wconf 89' lang='grc' dir='ltr'>τοῖς</span> <span class='ocrx_word' id='word_1_69' title='bbox 2294 772 2393 841; x_wconf 84' lang='grc' dir='ltr'>τῆς</span> <span class='ocrx_word' id='word_1_70' title='bbox 2440 776 2814 844; x_wconf 81' lang='grc' dir='ltr'><strong>προσηγορίας</strong></span> <span class='ocrx_word' id='word_1_71' title='bbox 2859 773 3325 846; x_wconf 79' lang='grc' dir='ltr'>ἐπιπολαζούσης,</span> <span class='ocrx_word' id='word_1_72' title='bbox 3375 776 3472 829; x_wconf 73' lang='grc' dir='ltr'>καὶ</span> <span class='ocrx_word' id='word_1_73' title='bbox 3527 773 3701 844; x_wconf 80' lang='grc' dir='ltr'>ὥσπερ</span> 
     </span>
    </p>
   </div>
   <div class='ocr_carea' id='block_1_14' title="bbox 2129 861 3701 935">
    <p class='ocr_par' dir='ltr' id='par_1_14' title="bbox 2129 861 3701 935">
     <span class='ocr_line' id='line_1_14' title="bbox 2129 861 3701 935; baseline 0.003 -22"><span class='ocrx_word' id='word_1_74' title='bbox 2129 861 2638 935; x_wconf 82' lang='grc' dir='ltr'>ἐπικεχρωσμένης,</span> <span class='ocrx_word' id='word_1_75' title='bbox 2671 864 2764 921; x_wconf 68' lang='grc' dir='ltr'>καὶ</span> <span class='ocrx_word' id='word_1_76' title='bbox 2817 862 2917 935; x_wconf 71' lang='grc' dir='ltr'>τὴν</span> <span class='ocrx_word' id='word_1_77' title='bbox 2963 865 3247 935; x_wconf 82' lang='grc' dir='ltr'><strong>μόρφωσιν</strong></span> <span class='ocrx_word' id='word_1_78' title='bbox 3290 864 3398 919; x_wconf 83' lang='grc' dir='ltr'>τῶν</span> <span class='ocrx_word' id='word_1_79' title='bbox 3433 863 3701 917; x_wconf 82' lang='grc' dir='ltr'>συλλαϐῶν</span> 
     </span>
    </p>
   </div>
   <div class='ocr_carea' id='block_1_15' title="bbox 2129 952 3702 1028">
    <p class='ocr_par' dir='ltr' id='par_1_15' title="bbox 2129 952 3702 1028">
     <span class='ocr_line' id='line_1_15' title="bbox 2129 952 3702 1028; baseline 0.002 -22"><span class='ocrx_word' id='word_1_80' title='bbox 2129 952 2336 1023; x_wconf 76' lang='grc' dir='ltr'>ἔχουσι,</span> <span class='ocrx_word' id='word_1_81' title='bbox 2361 955 2461 1025; x_wconf 78' lang='grc' dir='ltr'><strong>τὴν</strong></span> <span class='ocrx_word' id='word_1_82' title='bbox 2499 956 2557 1010; x_wconf 80' lang='grc' dir='ltr'><strong>δέ</strong></span> <span class='ocrx_word' id='word_1_83' title='bbox 2600 955 2831 1027; x_wconf 90' lang='grc' dir='ltr'>δύναμιν</span> <span class='ocrx_word' id='word_1_84' title='bbox 2881 956 2982 1026; x_wconf 84' lang='grc' dir='ltr'><strong>τὴν</strong></span> <span class='ocrx_word' id='word_1_85' title='bbox 3013 957 3108 1010; x_wconf 87' lang='grc' dir='ltr'>ἀπ’</span> <span class='ocrx_word' id='word_1_86' title='bbox 3137 958 3320 1011; x_wconf 82' lang='grc' dir='ltr'>αὐτῶν</span> <span class='ocrx_word' id='word_1_87' title='bbox 3376 957 3702 1028; x_wconf 73' lang='grc' dir='ltr'><strong>δηλουμένην</strong></span> 
     </span>
    </p>
   </div>
   <div class='ocr_carea' id='block_1_16' title="bbox 451 1043 3701 1117">
    <p class='ocr_par' dir='ltr' id='par_1_16' title="bbox 451 1043 3701 1117">
     <span class='ocr_line' id='line_1_16' title="bbox 451 1043 3701 1117; baseline 0.001 -18"><span class='ocrx_word' id='word_1_88' title='bbox 451 1045 752 1117; x_wconf 73' lang='grc' dir='ltr'>ἠρνημένοι</span> <span class='ocrx_word' id='word_1_89' title='bbox 778 1063 791 1075; x_wconf 74' lang='grc' dir='ltr'><strong>ο</strong></span> <span class='ocrx_word' id='word_1_90' title='bbox 836 1044 983 1100; x_wconf 80' lang='grc' dir='ltr'>νόθοι</span> <span class='ocrx_word' id='word_1_91' title='bbox 1012 1051 1122 1117; x_wconf 78' lang='grc' dir='ltr'>γὰρ</span> <span class='ocrx_word' id='word_1_92' title='bbox 1148 1044 1240 1099; x_wconf 62' lang='grc' dir='ltr'><strong>καὶ⁵</strong></span> <span class='ocrx_word' id='word_1_93' title='bbox 1269 1044 1538 1117; x_wconf 80' lang='grc' dir='ltr'><strong>ἀλλότριοι</strong></span> <span class='ocrx_word' id='word_1_94' title='bbox 1573 1044 1668 1098; x_wconf 85' lang='grc' dir='ltr'><strong>τοῦ</strong></span> <span class='ocrx_word' id='word_1_95' title='bbox 1703 1044 2027 1115; x_wconf 82' lang='grc' dir='ltr'>πράγματος</span> <span class='ocrx_word' id='word_1_96' title='bbox 2097 1043 2187 1097; x_wconf 75' lang='grc' dir='ltr'>διὰ</span> <span class='ocrx_word' id='word_1_97' title='bbox 2219 1044 2327 1097; x_wconf 83' lang='grc' dir='ltr'><strong>τῶν</strong></span> <span class='ocrx_word' id='word_1_98' title='bbox 2396 1045 2575 1116; x_wconf 81' lang='grc' dir='ltr'>ἔργων</span> <span class='ocrx_word' id='word_1_99' title='bbox 2622 1047 2802 1099; x_wconf 80' lang='grc' dir='ltr'>αὐτῶν</span> <span class='ocrx_word' id='word_1_100' title='bbox 2833 1045 3252 1100; x_wconf 76' lang='grc' dir='ltr'><strong>ἀποδείκνυνται</strong></span> <span class='ocrx_word' id='word_1_101' title='bbox 3283 1061 3298 1077; x_wconf 90' lang='grc'><strong>·</strong></span> <span class='ocrx_word' id='word_1_102' title='bbox 3331 1046 3485 1115; x_wconf 77' lang='grc' dir='ltr'>αῠεει</span> <span class='ocrx_word' id='word_1_103' title='bbox 3525 1046 3583 1100; x_wconf 83' lang='grc' dir='ltr'>δὲ</span> <span class='ocrx_word' id='word_1_104' title='bbox 3616 1048 3701 1101; x_wconf 71' lang='lat' dir='ltr'><strong>ati-</strong></span> 
     </span>
    </p>
   </div>
   <div class='ocr_carea' id='block_1_17' title="bbox 451 1136 3083 1211">
    <p class='ocr_par' dir='ltr' id='par_1_17' title="bbox 451 1136 3083 1211">
     <span class='ocr_line' id='line_1_17' title="bbox 451 1136 3083 1211; baseline 0.001 -19"><span class='ocrx_word' id='word_1_105' title='bbox 451 1136 562 1193; x_wconf 84' lang='grc' dir='ltr'>τῶν</span> <span class='ocrx_word' id='word_1_106' title='bbox 590 1138 1116 1211; x_wconf 70' lang='grc' dir='ltr'>τδιάνοσιούργημα,</span> <span class='ocrx_word' id='word_1_107' title='bbox 1145 1139 1284 1211; x_wconf 82' lang='grc' dir='ltr'>ὅπερ</span> <span class='ocrx_word' id='word_1_108' title='bbox 1305 1139 1571 1210; x_wconf 79' lang='grc' dir='ltr'>ἑπόμενον</span> <span class='ocrx_word' id='word_1_109' title='bbox 1610 1139 1898 1211; x_wconf 90' lang='grc' dir='ltr'>συμϐαίνει</span> <span class='ocrx_word' id='word_1_110' title='bbox 1926 1137 2033 1191; x_wconf 81' lang='grc' dir='ltr'>ἀπὸ</span> <span class='ocrx_word' id='word_1_111' title='bbox 2071 1137 2171 1208; x_wconf 80' lang='grc' dir='ltr'><strong>τῆς</strong></span> <span class='ocrx_word' id='word_1_112' title='bbox 2202 1139 2575 1209; x_wconf 71' lang='grc' dir='ltr'><strong>ἐγχειρήσεως</strong></span> <span class='ocrx_word' id='word_1_113' title='bbox 2605 1138 2787 1193; x_wconf 79' lang='grc' dir='ltr'>αὐτῶν</span> <span class='ocrx_word' id='word_1_114' title='bbox 2816 1138 3083 1208; x_wconf 84' lang='grc' dir='ltr'>γίνεσθαι.</span> 
     </span>
    </p>
   </div>
   <div class='ocr_carea' id='block_1_18' title="bbox 528 1228 2029 1300">
    <p class='ocr_par' dir='ltr' id='par_1_18' title="bbox 528 1228 2029 1300">
     <span class='ocr_line' id='line_1_18' title="bbox 528 1228 2029 1300; baseline -0.003 -14"><span class='ocrx_word' id='word_1_115' title='bbox 528 1231 619 1287; x_wconf 78' lang='grc'><strong>61.</strong></span> <span class='ocrx_word' id='word_1_116' title='bbox 656 1231 797 1297; x_wconf 59' lang='grc' dir='ltr'>Ωιιὶει</span> <span class='ocrx_word' id='word_1_117' title='bbox 827 1230 970 1285; x_wconf 83' lang='lat' dir='ltr'><strong>enim</strong></span> <span class='ocrx_word' id='word_1_118' title='bbox 1012 1231 1067 1283; x_wconf 91' lang='lat' dir='ltr'><strong>in</strong></span> <span class='ocrx_word' id='word_1_119' title='bbox 1099 1228 1300 1285; x_wconf 80' lang='lat' dir='ltr'><strong>Christi</strong></span> <span class='ocrx_word' id='word_1_120' title='bbox 1327 1230 1660 1300; x_wconf 77' lang='lat' dir='ltr'><strong>imaginibus</strong></span> <span class='ocrx_word' id='word_1_121' title='bbox 1692 1230 1859 1299; x_wconf 78' lang='lat' dir='ltr'><strong>ligttra</strong></span> <span class='ocrx_word' id='word_1_122' title='bbox 1892 1243 2029 1296; x_wconf 86' lang='lat' dir='ltr'><strong>quo-</strong></span> 
     </span>
    </p>
   </div>
   <div class='ocr_carea' id='block_1_19' title="bbox 454 1320 2033 1393">
    <p class='ocr_par' dir='ltr' id='par_1_19' title="bbox 454 1320 2033 1393">
     <span class='ocr_line' id='line_1_19' title="bbox 454 1320 2033 1393; baseline -0.004 -15"><span class='ocrx_word' id='word_1_123' title='bbox 454 1337 563 1393; x_wconf 82' lang='lat' dir='ltr'><strong>que</strong></span> <span class='ocrx_word' id='word_1_124' title='bbox 594 1320 831 1377; x_wconf 68' lang='lat' dir='ltr'><strong>viviﬁeae</strong></span> <span class='ocrx_word' id='word_1_125' title='bbox 862 1320 1042 1375; x_wconf 85' lang='lat' dir='ltr'><strong>crucis</strong></span> <span class='ocrx_word' id='word_1_126' title='bbox 1074 1320 1233 1374; x_wconf 87' lang='lat' dir='ltr'><strong>simul</strong></span> <span class='ocrx_word' id='word_1_127' title='bbox 1274 1320 1534 1391; x_wconf 76' lang='lat' dir='ltr'><strong>pingitur,</strong></span> <span class='ocrx_word' id='word_1_128' title='bbox 1574 1320 1860 1373; x_wconf 76' lang='lat' dir='ltr'><strong>destruunt</strong></span> <span class='ocrx_word' id='word_1_129' title='bbox 1896 1320 2033 1372; x_wconf 88' lang='lat' dir='ltr'><strong>hanc</strong></span> 
     </span>
    </p>
   </div>
   <div class='ocr_carea' id='block_1_20' title="bbox 451 1411 2033 1484">
    <p class='ocr_par' dir='ltr' id='par_1_20' title="bbox 451 1411 2033 1484">
     <span class='ocr_line' id='line_1_20' title="bbox 451 1411 2033 1484; baseline -0.004 -14"><span class='ocrx_word' id='word_1_130' title='bbox 451 1416 617 1471; x_wconf 86' lang='lat' dir='ltr'><strong>etiam</strong></span> <span class='ocrx_word' id='word_1_131' title='bbox 653 1414 744 1470; x_wconf 74' lang='lat' dir='ltr'><strong>isti</strong></span> <span class='ocrx_word' id='word_1_132' title='bbox 789 1413 882 1484; x_wconf 87' lang='lat' dir='ltr'><strong>qui</strong></span> <span class='ocrx_word' id='word_1_133' title='bbox 933 1412 1294 1467; x_wconf 84' lang='lat' dir='ltr'><strong>nihilominus</strong></span> <span class='ocrx_word' id='word_1_134' title='bbox 1340 1413 1484 1465; x_wconf 86' lang='lat' dir='ltr'><strong>circa</strong></span> <span class='ocrx_word' id='word_1_135' title='bbox 1521 1413 1572 1465; x_wconf 88' lang='lat' dir='ltr'><strong>id</strong></span> <span class='ocrx_word' id='word_1_136' title='bbox 1624 1411 1943 1465; x_wconf 82' lang='lat' dir='ltr'><strong>simulanter</strong></span> <span class='ocrx_word' id='word_1_137' title='bbox 1970 1426 2033 1465; x_wconf 85' lang='lat' dir='ltr'><strong>se</strong></span> 
     </span>
    </p>
   </div>
   <div class='ocr_carea' id='block_1_21' title="bbox 449 1504 2033 1579">
    <p class='ocr_par' dir='ltr' id='par_1_21' title="bbox 449 1504 2033 1579">
     <span class='ocr_line' id='line_1_21' title="bbox 449 1504 2033 1579; baseline -0.004 -17"><span class='ocrx_word' id='word_1_138' title='bbox 449 1515 746 1579; x_wconf 75' lang='lat' dir='ltr'><strong>gerunt,et</strong></span> <span class='ocrx_word' id='word_1_139' title='bbox 780 1520 839 1561; x_wconf 88' lang='lat' dir='ltr'><strong>se</strong></span> <span class='ocrx_word' id='word_1_140' title='bbox 860 1521 1078 1561; x_wconf 88' lang='lat' dir='ltr'><strong>crucem</strong></span> <span class='ocrx_word' id='word_1_141' title='bbox 1116 1505 1365 1559; x_wconf 82' lang='lat' dir='ltr'><strong>venerari</strong></span> <span class='ocrx_word' id='word_1_142' title='bbox 1404 1504 1771 1568; x_wconf 84' lang='lat' dir='ltr'><strong>mentiuntur;</strong></span> <span class='ocrx_word' id='word_1_143' title='bbox 1801 1518 1923 1555; x_wconf 85' lang='lat' dir='ltr'><strong>cum</strong></span> <span class='ocrx_word' id='word_1_144' title='bbox 1954 1518 2033 1555; x_wconf 86' lang='lat' dir='ltr'><strong>rc-</strong></span> 
     </span>
    </p>
   </div>
   <div class='ocr_carea' id='block_1_22' title="bbox 453 1593 2028 1665">
    <p class='ocr_par' dir='ltr' id='par_1_22' title="bbox 453 1593 2028 1665">
     <span class='ocr_line' id='line_1_22' title="bbox 453 1593 2028 1665; baseline -0.004 -15"><span class='ocrx_word' id='word_1_145' title='bbox 453 1614 581 1654; x_wconf 80' lang='lat' dir='ltr'><strong>vera</strong></span> <span class='ocrx_word' id='word_1_146' title='bbox 634 1607 823 1651; x_wconf 85' lang='lat' dir='ltr'><strong>contra</strong></span> <span class='ocrx_word' id='word_1_147' title='bbox 856 1606 1147 1665; x_wconf 84' lang='lat' dir='ltr'><strong>utrumque</strong></span> <span class='ocrx_word' id='word_1_148' title='bbox 1181 1596 1329 1665; x_wconf 86' lang='lat' dir='ltr'><strong>(tum</strong></span> <span class='ocrx_word' id='word_1_149' title='bbox 1382 1593 1671 1663; x_wconf 80' lang='lat' dir='ltr'><strong>imaginem</strong></span> <span class='ocrx_word' id='word_1_150' title='bbox 1708 1602 1817 1647; x_wconf 90' lang='lat' dir='ltr'><strong>tum</strong></span> <span class='ocrx_word' id='word_1_151' title='bbox 1867 1593 2028 1646; x_wconf 87' lang='lat' dir='ltr'><strong>etiam</strong></span> 
     </span>
    </p>
   </div>
   <div class='ocr_carea' id='block_1_23' title="bbox 450 1683 2030 1757">
    <p class='ocr_par' dir='ltr' id='par_1_23' title="bbox 450 1683 2030 1757">
     <span class='ocr_line' id='line_1_23' title="bbox 450 1683 2030 1757; baseline -0.006 -12"><span class='ocrx_word' id='word_1_152' title='bbox 450 1690 700 1757; x_wconf 88' lang='lat' dir='ltr'><strong>crucem)</strong></span> <span class='ocrx_word' id='word_1_153' title='bbox 736 1688 916 1742; x_wconf 85' lang='lat' dir='ltr'><strong>rabies</strong></span> <span class='ocrx_word' id='word_1_154' title='bbox 951 1687 1167 1740; x_wconf 90' lang='lat' dir='ltr'><strong>illorum</strong></span> <span class='ocrx_word' id='word_1_155' title='bbox 1191 1684 1532 1739; x_wconf 74' lang='lat' dir='ltr'><strong>cxardescat.</strong></span> <span class='ocrx_word' id='word_1_156' title='bbox 1570 1683 1679 1737; x_wconf 83' lang='lat' dir='ltr'><strong>Cur</strong></span> <span class='ocrx_word' id='word_1_157' title='bbox 1702 1684 1844 1737; x_wconf 85' lang='lat' dir='ltr'><strong>enim</strong></span> <span class='ocrx_word' id='word_1_158' title='bbox 1874 1683 2030 1737; x_wconf 87' lang='lat' dir='ltr'><strong>alteri</strong></span> 
     </span>
    </p>
   </div>
   <div class='ocr_carea' id='block_1_24' title="bbox 452 1758 2025 1845">
    <p class='ocr_par' dir='ltr' id='par_1_24' title="bbox 452 1758 2025 1845">
     <span class='ocr_line' id='line_1_24' title="bbox 452 1758 2025 1845; baseline -0.005 -9"><span class='ocrx_word' id='word_1_159' title='bbox 452 1792 666 1836; x_wconf 82' lang='lat' dir='ltr'><strong>tantum</strong></span> <span class='ocrx_word' id='word_1_160' title='bbox 714 1780 876 1835; x_wconf 77' lang='lat' dir='ltr'><strong>irasci</strong></span> <span class='ocrx_word' id='word_1_161' title='bbox 934 1758 1239 1843; x_wconf 72' lang='lat' dir='ltr'><strong>videantur,</strong></span> <span class='ocrx_word' id='word_1_162' title='bbox 1276 1791 1398 1831; x_wconf 88' lang='lat' dir='ltr'><strong>cum</strong></span> <span class='ocrx_word' id='word_1_163' title='bbox 1441 1787 1673 1845; x_wconf 86' lang='lat' dir='ltr'><strong>utraque</strong></span> <span class='ocrx_word' id='word_1_164' title='bbox 1727 1775 1795 1829; x_wconf 90' lang='lat' dir='ltr'><strong>ab</strong></span> <span class='ocrx_word' id='word_1_165' title='bbox 1837 1777 2025 1829; x_wconf 81' lang='lat' dir='ltr'><strong>eodem</strong></span> 
     </span>
    </p>
   </div>
   <div class='ocr_carea' id='block_1_25' title="bbox 451 1845 2106 1940">
    <p class='ocr_par' dir='ltr' id='par_1_25' title="bbox 451 1845 2106 1940">
     <span class='ocr_line' id='line_1_25' title="bbox 451 1845 2106 1940; baseline -0.005 -9"><span class='ocrx_word' id='word_1_166' title='bbox 451 1874 673 1931; x_wconf 86' lang='lat' dir='ltr'><strong>Christo</strong></span> <span class='ocrx_word' id='word_1_167' title='bbox 710 1871 1048 1927; x_wconf 81' lang='lat' dir='ltr'><strong>sanctificata</strong></span> <span class='ocrx_word' id='word_1_168' title='bbox 1115 1869 1458 1940; x_wconf 65' lang='lat' dir='ltr'><strong>dependeat?</strong></span> <span class='ocrx_word' id='word_1_169' title='bbox 1512 1868 1778 1923; x_wconf 81' lang='lat' dir='ltr'><strong>Similiter</strong></span> <span class='ocrx_word' id='word_1_170' title='bbox 1829 1869 2033 1922; x_wconf 78' lang='lat' dir='ltr'><strong>violant</strong></span> <span class='ocrx_word' id='word_1_171' title='bbox 2065 1845 2106 1905; x_wconf 75' lang='grc' dir='ltr'><strong>Β</strong></span> 
     </span>
    </p>
   </div>
   <div class='ocr_carea' id='block_1_26' title="bbox 454 1962 2032 2037">
    <p class='ocr_par' dir='ltr' id='par_1_26' title="bbox 454 1962 2032 2037">
     <span class='ocr_line' id='line_1_26' title="bbox 454 1962 2032 2037; baseline -0.005 -14"><span class='ocrx_word' id='word_1_172' title='bbox 454 1982 616 2024; x_wconf 82' lang='lat' dir='ltr'><strong>sacra</strong></span> <span class='ocrx_word' id='word_1_173' title='bbox 643 1981 860 2037; x_wconf 85' lang='lat' dir='ltr'><strong>quoque</strong></span> <span class='ocrx_word' id='word_1_174' title='bbox 893 1962 1136 2026; x_wconf 58' lang='lat' dir='ltr'><strong>cin&#39;tclia,</strong></span> <span class='ocrx_word' id='word_1_175' title='bbox 1173 1962 1370 2032; x_wconf 90' lang='lat' dir='ltr'><strong>quibus</strong></span> <span class='ocrx_word' id='word_1_176' title='bbox 1404 1974 1597 2015; x_wconf 79' lang='lat' dir='ltr'><strong>sancta</strong></span> <span class='ocrx_word' id='word_1_177' title='bbox 1628 1972 1793 2031; x_wconf 85' lang='lat' dir='ltr'><strong>atque</strong></span> <span class='ocrx_word' id='word_1_178' title='bbox 1821 1962 2032 2015; x_wconf 76' lang='lat' dir='ltr'><strong>virilica</strong></span> 
     </span>
    </p>
   </div>
   <div class='ocr_carea' id='block_1_27' title="bbox 455 2053 2032 2129">
    <p class='ocr_par' dir='ltr' id='par_1_27' title="bbox 455 2053 2032 2129">
     <span class='ocr_line' id='line_1_27' title="bbox 455 2053 2032 2129; baseline -0.007 -13"><span class='ocrx_word' id='word_1_179' title='bbox 455 2059 663 2116; x_wconf 85' lang='lat' dir='ltr'><strong>Christi</strong></span> <span class='ocrx_word' id='word_1_180' title='bbox 690 2058 1051 2129; x_wconf 75' lang='lat' dir='ltr'><strong>perficiuntur</strong></span> <span class='ocrx_word' id='word_1_181' title='bbox 1082 2055 1361 2126; x_wconf 71' lang='lat' dir='ltr'><strong>mysteria.</strong></span> <span class='ocrx_word' id='word_1_182' title='bbox 1390 2053 1614 2123; x_wconf 85' lang='lat' dir='ltr'><strong>Insuper</strong></span> <span class='ocrx_word' id='word_1_183' title='bbox 1636 2063 1687 2107; x_wconf 89' lang='lat' dir='ltr'><strong>et</strong></span> <span class='ocrx_word' id='word_1_184' title='bbox 1713 2054 2032 2107; x_wconf 69' lang='lat' dir='ltr'><strong>vestimenta</strong></span> 
     </span>
    </p>
   </div>
   <div class='ocr_carea' id='block_1_28' title="bbox 455 2146 2035 2221">
    <p class='ocr_par' dir='ltr' id='par_1_28' title="bbox 455 2146 2035 2221">
     <span class='ocr_line' id='line_1_28' title="bbox 455 2146 2035 2221; baseline -0.005 -16"><span class='ocrx_word' id='word_1_185' title='bbox 455 2159 721 2221; x_wconf 73' lang='lat' dir='ltr'><strong>quotquot</strong></span> <span class='ocrx_word' id='word_1_186' title='bbox 774 2149 1045 2219; x_wconf 70' lang='lat' dir='ltr'><strong>ejusmodi</strong></span> <span class='ocrx_word' id='word_1_187' title='bbox 1084 2147 1290 2201; x_wconf 87' lang='lat' dir='ltr'><strong>sanctis</strong></span> <span class='ocrx_word' id='word_1_188' title='bbox 1326 2146 1572 2200; x_wconf 78' lang='lat' dir='ltr'><strong>historiis</strong></span> <span class='ocrx_word' id='word_1_189' title='bbox 1627 2146 1823 2200; x_wconf 80' lang='lat' dir='ltr'><strong>decore</strong></span> <span class='ocrx_word' id='word_1_190' title='bbox 1873 2159 2035 2200; x_wconf 81' lang='lat' dir='ltr'><strong>exor-</strong></span> 
     </span>
    </p>
   </div>
   <div class='ocr_carea' id='block_1_29' title="bbox 453 2236 2034 2309">
    <p class='ocr_par' dir='ltr' id='par_1_29' title="bbox 453 2236 2034 2309">
     <span class='ocr_line' id='line_1_29' title="bbox 453 2236 2034 2309; baseline -0.006 -11"><span class='ocrx_word' id='word_1_191' title='bbox 453 2253 676 2299; x_wconf 86' lang='lat' dir='ltr'><strong>nantur.</strong></span> <span class='ocrx_word' id='word_1_192' title='bbox 716 2240 848 2296; x_wconf 83' lang='lat' dir='ltr'><strong>Item</strong></span> <span class='ocrx_word' id='word_1_193' title='bbox 879 2239 1318 2309; x_wconf 78' lang='lat' dir='ltr'><strong>evangelicorum</strong></span> <span class='ocrx_word' id='word_1_194' title='bbox 1349 2238 1686 2292; x_wconf 86' lang='lat' dir='ltr'><strong>voluminum</strong></span> <span class='ocrx_word' id='word_1_195' title='bbox 1730 2236 2034 2300; x_wconf 84' lang='lat' dir='ltr'><strong>veneranda</strong></span> 
     </span>
    </p>
   </div>
   <div class='ocr_carea' id='block_1_30' title="bbox 454 2328 2031 2405">
    <p class='ocr_par' dir='ltr' id='par_1_30' title="bbox 454 2328 2031 2405">
     <span class='ocr_line' id='line_1_30' title="bbox 454 2328 2031 2405; baseline -0.005 -16"><span class='ocrx_word' id='word_1_196' title='bbox 454 2332 751 2405; x_wconf 82' lang='lat' dir='ltr'><strong>opercula;</strong></span> <span class='ocrx_word' id='word_1_197' title='bbox 786 2333 973 2401; x_wconf 84' lang='lat' dir='ltr'><strong>itaque</strong></span> <span class='ocrx_word' id='word_1_198' title='bbox 996 2339 1048 2384; x_wconf 87' lang='lat' dir='ltr'><strong>et</strong></span> <span class='ocrx_word' id='word_1_199' title='bbox 1072 2331 1248 2401; x_wconf 82' lang='lat' dir='ltr'><strong>ipsum</strong></span> <span class='ocrx_word' id='word_1_200' title='bbox 1280 2329 1633 2399; x_wconf 72' lang='lat' dir='ltr'><strong>Erangclium</strong></span> <span class='ocrx_word' id='word_1_201' title='bbox 1658 2328 2031 2401; x_wconf 85' lang='lat' dir='ltr'><strong>pessumdant.</strong></span> 
     </span>
    </p>
   </div>
   <div class='ocr_carea' id='block_1_31' title="bbox 442 2420 2037 2493">
    <p class='ocr_par' dir='ltr' id='par_1_31' title="bbox 442 2420 2037 2493">
     <span class='ocr_line' id='line_1_31' title="bbox 442 2420 2037 2493; baseline -0.004 -13"><span class='ocrx_word' id='word_1_202' title='bbox 442 2426 601 2493; x_wconf 70' lang='lat' dir='ltr'><strong>Quid</strong></span> <span class='ocrx_word' id='word_1_203' title='bbox 634 2425 783 2480; x_wconf 92' lang='lat' dir='ltr'><strong>enim</strong></span> <span class='ocrx_word' id='word_1_204' title='bbox 819 2423 964 2477; x_wconf 84' lang='lat' dir='ltr'><strong>aliud</strong></span> <span class='ocrx_word' id='word_1_205' title='bbox 1003 2423 1190 2478; x_wconf 87' lang='lat' dir='ltr'><strong>videre</strong></span> <span class='ocrx_word' id='word_1_206' title='bbox 1219 2432 1327 2487; x_wconf 88' lang='lat' dir='ltr'><strong>est,</strong></span> <span class='ocrx_word' id='word_1_207' title='bbox 1362 2421 1467 2477; x_wconf 82' lang='lat' dir='ltr'><strong>nisi</strong></span> <span class='ocrx_word' id='word_1_208' title='bbox 1500 2430 1824 2476; x_wconf 82' lang='lat' dir='ltr'><strong>evacuatum</strong></span> <span class='ocrx_word' id='word_1_209' title='bbox 1858 2420 1925 2475; x_wconf 79' lang='lat' dir='ltr'><strong>ab</strong></span> <span class='ocrx_word' id='word_1_210' title='bbox 1955 2420 2037 2490; x_wconf 89' lang='lat' dir='ltr'><strong>ip-</strong></span> 
     </span>
    </p>
   </div>
   <div class='ocr_carea' id='block_1_32' title="bbox 453 2512 2036 2584">
    <p class='ocr_par' dir='ltr' id='par_1_32' title="bbox 453 2512 2036 2584">
     <span class='ocr_line' id='line_1_32' title="bbox 453 2512 2036 2584; baseline -0.006 -9"><span class='ocrx_word' id='word_1_211' title='bbox 453 2520 536 2575; x_wconf 72' lang='lat' dir='ltr'><strong>sis</strong></span> <span class='ocrx_word' id='word_1_212' title='bbox 556 2528 611 2573; x_wconf 88' lang='lat' dir='ltr'><strong>et</strong></span> <span class='ocrx_word' id='word_1_213' title='bbox 634 2515 957 2573; x_wconf 85' lang='lat' dir='ltr'><strong>dissolutum</strong></span> <span class='ocrx_word' id='word_1_214' title='bbox 984 2514 1384 2584; x_wconf 76' lang='lat' dir='ltr'><strong>Evangelium?</strong></span> <span class='ocrx_word' id='word_1_215' title='bbox 1413 2512 1548 2568; x_wconf 88' lang='lat' dir='ltr'><strong>Nam</strong></span> <span class='ocrx_word' id='word_1_216' title='bbox 1577 2513 1630 2568; x_wconf 92' lang='lat' dir='ltr'><strong>in</strong></span> <span class='ocrx_word' id='word_1_217' title='bbox 1648 2529 1757 2583; x_wconf 86' lang='lat' dir='ltr'><strong>quo</strong></span> <span class='ocrx_word' id='word_1_218' title='bbox 1784 2512 2036 2568; x_wconf 81' lang='lat' dir='ltr'><strong>diﬂ&#39;erent</strong></span> 
     </span>
    </p>
   </div>
   <div class='ocr_carea' id='block_1_33' title="bbox 454 2590 2033 2680">
    <p class='ocr_par' dir='ltr' id='par_1_33' title="bbox 454 2590 2033 2680">
     <span class='ocr_line' id='line_1_33' title="bbox 454 2590 2033 2680; baseline -0.004 -14"><span class='ocrx_word' id='word_1_219' title='bbox 454 2611 606 2667; x_wconf 89' lang='lat' dir='ltr'><strong>intus</strong></span> <span class='ocrx_word' id='word_1_220' title='bbox 636 2610 865 2680; x_wconf 89' lang='lat' dir='ltr'><strong>scripta,</strong></span> <span class='ocrx_word' id='word_1_221' title='bbox 899 2590 969 2665; x_wconf 82' lang='lat' dir='ltr'><strong>ab</strong></span> <span class='ocrx_word' id='word_1_222' title='bbox 999 2608 1245 2664; x_wconf 78' lang='lat' dir='ltr'><strong>exterius</strong></span> <span class='ocrx_word' id='word_1_223' title='bbox 1286 2607 1641 2663; x_wconf 82' lang='lat' dir='ltr'><strong>historialiter</strong></span> <span class='ocrx_word' id='word_1_224' title='bbox 1666 2605 1876 2673; x_wconf 76' lang='lat' dir='ltr'><strong>edictis,</strong></span> <span class='ocrx_word' id='word_1_225' title='bbox 1911 2622 2033 2660; x_wconf 87' lang='lat' dir='ltr'><strong>cum</strong></span> 
     </span>
    </p>
   </div>
   <div class='ocr_carea' id='block_1_34' title="bbox 454 2698 2037 2773">
    <p class='ocr_par' dir='ltr' id='par_1_34' title="bbox 454 2698 2037 2773">
     <span class='ocr_line' id='line_1_34' title="bbox 454 2698 2037 2773; baseline -0.003 -16"><span class='ocrx_word' id='word_1_226' title='bbox 454 2716 613 2759; x_wconf 83' lang='lat' dir='ltr'><strong>mens</strong></span> <span class='ocrx_word' id='word_1_227' title='bbox 648 2700 761 2773; x_wconf 70' lang='lat'><strong>(72)</strong></span> <span class='ocrx_word' id='word_1_228' title='bbox 792 2700 981 2755; x_wconf 86' lang='lat' dir='ltr'><strong>eadem</strong></span> <span class='ocrx_word' id='word_1_229' title='bbox 1030 2699 1281 2770; x_wconf 80' lang='lat' dir='ltr'><strong>idemque</strong></span> <span class='ocrx_word' id='word_1_230' title='bbox 1312 2707 1686 2770; x_wconf 77' lang='lat' dir='ltr'><strong>argumentum</strong></span> <span class='ocrx_word' id='word_1_231' title='bbox 1721 2698 1774 2752; x_wconf 88' lang='lat' dir='ltr'><strong>in</strong></span> <span class='ocrx_word' id='word_1_232' title='bbox 1807 2707 2037 2766; x_wconf 75' lang='lat' dir='ltr'><strong>ttlt‘aqtte</strong></span> 
     </span>
    </p>
   </div>
   <div class='ocr_carea' id='block_1_35' title="bbox 454 2790 2035 2865">
    <p class='ocr_par' dir='ltr' id='par_1_35' title="bbox 454 2790 2035 2865">
     <span class='ocr_line' id='line_1_35' title="bbox 454 2790 2035 2865; baseline -0.006 -15"><span class='ocrx_word' id='word_1_233' title='bbox 454 2810 520 2851; x_wconf 85' lang='lat' dir='ltr'><strong>re</strong></span> <span class='ocrx_word' id='word_1_234' title='bbox 550 2793 866 2865; x_wconf 77' lang='lat' dir='ltr'><strong>spectetur?</strong></span> <span class='ocrx_word' id='word_1_235' title='bbox 900 2791 1055 2848; x_wconf 90' lang='lat' dir='ltr'><strong>Unde</strong></span> <span class='ocrx_word' id='word_1_236' title='bbox 1092 2792 1159 2847; x_wconf 74' lang='lat' dir='ltr'><strong>{it</strong></span> <span class='ocrx_word' id='word_1_237' title='bbox 1204 2802 1284 2857; x_wconf 94' lang='lat' dir='ltr'><strong>ut,</strong></span> <span class='ocrx_word' id='word_1_238' title='bbox 1318 2791 1361 2846; x_wconf 90' lang='lat' dir='ltr'><strong>si</strong></span> <span class='ocrx_word' id='word_1_239' title='bbox 1400 2807 1563 2845; x_wconf 85' lang='lat' dir='ltr'><strong>unum</strong></span> <span class='ocrx_word' id='word_1_240' title='bbox 1600 2790 1911 2846; x_wconf 70' lang='lat' dir='ltr'><strong>venerabile</strong></span> <span class='ocrx_word' id='word_1_241' title='bbox 1944 2794 2035 2855; x_wconf 82' lang='lat' dir='ltr'><strong>sit,</strong></span> 
     </span>
    </p>
   </div>
   <div class='ocr_carea' id='block_1_36' title="bbox 450 2883 2037 2956">
    <p class='ocr_par' dir='ltr' id='par_1_36' title="bbox 450 2883 2037 2956">
     <span class='ocr_line' id='line_1_36' title="bbox 450 2883 2037 2956; baseline -0.004 -13"><span class='ocrx_word' id='word_1_242' title='bbox 450 2886 688 2943; x_wconf 82' lang='lat' dir='ltr'><strong>alterum</strong></span> <span class='ocrx_word' id='word_1_243' title='bbox 712 2900 872 2956; x_wconf 73' lang='lat' dir='ltr'><strong>teque</strong></span> <span class='ocrx_word' id='word_1_244' title='bbox 906 2885 979 2941; x_wconf 90' lang='lat' dir='ltr'><strong>sit</strong></span> <span class='ocrx_word' id='word_1_245' title='bbox 1005 2884 1350 2951; x_wconf 85' lang='lat' dir='ltr'><strong>venerabile;</strong></span> <span class='ocrx_word' id='word_1_246' title='bbox 1391 2883 1475 2941; x_wconf 76' lang='lat' dir='ltr'><strong>vel</strong></span> <span class='ocrx_word' id='word_1_247' title='bbox 1527 2895 1818 2953; x_wconf 82' lang='lat' dir='ltr'><strong>utrumque</strong></span> <span class='ocrx_word' id='word_1_248' title='bbox 1875 2883 2037 2951; x_wconf 84' lang='lat' dir='ltr'><strong>depe-</strong></span> 
     </span>
    </p>
   </div>
   <div class='ocr_carea' id='block_1_37' title="bbox 454 2975 2035 3037">
    <p class='ocr_par' dir='ltr' id='par_1_37' title="bbox 454 2975 2035 3037">
     <span class='ocr_line' id='line_1_37' title="bbox 454 2975 2035 3037; baseline -0.004 -4"><span class='ocrx_word' id='word_1_249' title='bbox 454 2979 569 3033; x_wconf 87' lang='lat' dir='ltr'><strong>rire</strong></span> <span class='ocrx_word' id='word_1_250' title='bbox 596 2987 948 3037; x_wconf 70' lang='lat' dir='ltr'><strong>necessecst.</strong></span> <span class='ocrx_word' id='word_1_251' title='bbox 982 2977 1122 3032; x_wconf 88' lang='lat' dir='ltr'><strong>Ecce</strong></span> <span class='ocrx_word' id='word_1_252' title='bbox 1162 2976 1311 3032; x_wconf 84' lang='lat' dir='ltr'><strong>enim</strong></span> <span class='ocrx_word' id='word_1_253' title='bbox 1345 2975 1517 3031; x_wconf 86' lang='lat' dir='ltr'><strong>multa</strong></span> <span class='ocrx_word' id='word_1_254' title='bbox 1557 2977 1838 3030; x_wconf 84' lang='lat' dir='ltr'><strong>cernimus</strong></span> <span class='ocrx_word' id='word_1_255' title='bbox 1868 2991 2035 3029; x_wconf 77' lang='lat' dir='ltr'><strong>vene-</strong></span> 
     </span>
    </p>
   </div>
   <div class='ocr_carea' id='block_1_38' title="bbox 455 3065 2033 3137">
    <p class='ocr_par' dir='ltr' id='par_1_38' title="bbox 455 3065 2033 3137">
     <span class='ocr_line' id='line_1_38' title="bbox 455 3065 2033 3137; baseline -0.003 -15"><span class='ocrx_word' id='word_1_256' title='bbox 455 3069 628 3123; x_wconf 86' lang='lat' dir='ltr'><strong>randa</strong></span> <span class='ocrx_word' id='word_1_257' title='bbox 656 3068 1037 3137; x_wconf 65' lang='lat' dir='ltr'><strong>hujuscemodi</strong></span> <span class='ocrx_word' id='word_1_258' title='bbox 1060 3068 1355 3133; x_wconf 76' lang='lat' dir='ltr'><strong>volumina,</strong></span> <span class='ocrx_word' id='word_1_259' title='bbox 1380 3066 1663 3135; x_wconf 82' lang='lat' dir='ltr'><strong>etquidem</strong></span> <span class='ocrx_word' id='word_1_260' title='bbox 1689 3065 2033 3135; x_wconf 85' lang='lat' dir='ltr'><strong>pcrantiqua,</strong></span> 
     </span>
    </p>
   </div>
   <div class='ocr_carea' id='block_1_39' title="bbox 453 3158 2039 3235">
    <p class='ocr_par' dir='ltr' id='par_1_39' title="bbox 453 3158 2039 3235">
     <span class='ocr_line' id='line_1_39' title="bbox 453 3158 2039 3235; baseline -0.005 -18"><span class='ocrx_word' id='word_1_261' title='bbox 453 3179 578 3235; x_wconf 67' lang='lat' dir='ltr'><strong>quae</strong></span> <span class='ocrx_word' id='word_1_262' title='bbox 611 3162 769 3232; x_wconf 75' lang='lat' dir='ltr'><strong>longe</strong></span> <span class='ocrx_word' id='word_1_263' title='bbox 799 3161 912 3231; x_wconf 86' lang='lat' dir='ltr'><strong>jam</strong></span> <span class='ocrx_word' id='word_1_264' title='bbox 940 3170 1206 3230; x_wconf 82' lang='lat' dir='ltr'><strong>tempore&#39;</strong></span> <span class='ocrx_word' id='word_1_265' title='bbox 1230 3176 1259 3214; x_wconf 89' lang='lat' dir='ltr'><strong>a</strong></span> <span class='ocrx_word' id='word_1_266' title='bbox 1302 3158 1573 3229; x_wconf 74' lang='lat' dir='ltr'><strong>religiosis</strong></span> <span class='ocrx_word' id='word_1_267' title='bbox 1612 3161 1824 3228; x_wconf 83' lang='lat' dir='ltr'><strong>piisque</strong></span> <span class='ocrx_word' id='word_1_268' title='bbox 1864 3158 2039 3213; x_wconf 88' lang='lat' dir='ltr'><strong>homi-</strong></span> 
     </span>
    </p>
   </div>
   <div class='ocr_carea' id='block_1_40' title="bbox 454 3249 2035 3321">
    <p class='ocr_par' dir='ltr' id='par_1_40' title="bbox 454 3249 2035 3321">
     <span class='ocr_line' id='line_1_40' title="bbox 454 3249 2035 3321; baseline -0.005 -11"><span class='ocrx_word' id='word_1_269' title='bbox 454 3256 618 3310; x_wconf 81' lang='lat' dir='ltr'><strong>nibus</strong></span> <span class='ocrx_word' id='word_1_270' title='bbox 652 3254 933 3308; x_wconf 81' lang='lat' dir='ltr'><strong>elaborata</strong></span> <span class='ocrx_word' id='word_1_271' title='bbox 977 3267 1098 3307; x_wconf 87' lang='lat' dir='ltr'><strong>esse</strong></span> <span class='ocrx_word' id='word_1_272' title='bbox 1144 3259 1379 3318; x_wconf 82' lang='lat' dir='ltr'><strong>constat,</strong></span> <span class='ocrx_word' id='word_1_273' title='bbox 1416 3266 1537 3321; x_wconf 72' lang='lat' dir='ltr'><strong>quae</strong></span> <span class='ocrx_word' id='word_1_274' title='bbox 1567 3250 1735 3320; x_wconf 71' lang='lat'><strong>232</strong></span> <span class='ocrx_word' id='word_1_275' title='bbox 1781 3249 2035 3318; x_wconf 81' lang='lat' dir='ltr'><strong>explicita</strong></span> 
     </span>
    </p>
   </div>
   <div class='ocr_carea' id='block_1_41' title="bbox 452 3341 2038 3415">
    <p class='ocr_par' dir='ltr' id='par_1_41' title="bbox 452 3341 2038 3415">
     <span class='ocr_line' id='line_1_41' title="bbox 452 3341 2038 3415; baseline -0.002 -17"><span class='ocrx_word' id='word_1_276' title='bbox 452 3347 655 3415; x_wconf 81' lang='lat' dir='ltr'><strong>partim</strong></span> <span class='ocrx_word' id='word_1_277' title='bbox 690 3345 912 3414; x_wconf 78' lang='lat' dir='ltr'><strong>quidem</strong></span> <span class='ocrx_word' id='word_1_278' title='bbox 971 3343 1362 3413; x_wconf 67' lang='lat' dir='ltr'><strong>calligrapbica</strong></span> <span class='ocrx_word' id='word_1_279' title='bbox 1413 3341 1628 3412; x_wconf 79' lang='lat' dir='ltr'><strong>peritia,</strong></span> <span class='ocrx_word' id='word_1_280' title='bbox 1685 3342 1882 3395; x_wconf 74' lang='lat' dir='ltr'><strong>divina:</strong></span> <span class='ocrx_word' id='word_1_281' title='bbox 1939 3355 2038 3395; x_wconf 81' lang='lat' dir='ltr'><strong>nos</strong></span> 
     </span>
    </p>
   </div>
   <div class='ocr_carea' id='block_1_42' title="bbox 444 3433 2037 3505">
    <p class='ocr_par' dir='ltr' id='par_1_42' title="bbox 444 3433 2037 3505">
     <span class='ocr_line' id='line_1_42' title="bbox 444 3433 2037 3505; baseline -0.003 -14"><span class='ocrx_word' id='word_1_282' title='bbox 444 3438 701 3491; x_wconf 74' lang='lat' dir='ltr'><strong>historiae</strong></span> <span class='ocrx_word' id='word_1_283' title='bbox 734 3438 1013 3492; x_wconf 85' lang='lat' dir='ltr'><strong>doctrinas</strong></span> <span class='ocrx_word' id='word_1_284' title='bbox 1073 3436 1340 3501; x_wconf 84' lang='lat' dir='ltr'><strong>edocent;</strong></span> <span class='ocrx_word' id='word_1_285' title='bbox 1394 3435 1594 3505; x_wconf 85' lang='lat' dir='ltr'><strong>partim</strong></span> <span class='ocrx_word' id='word_1_286' title='bbox 1630 3448 1762 3489; x_wconf 69' lang='lat' dir='ltr'><strong>vero</strong></span> <span class='ocrx_word' id='word_1_287' title='bbox 1806 3433 2037 3501; x_wconf 86' lang='lat' dir='ltr'><strong>pictoria</strong></span> 
     </span>
    </p>
   </div>
   <div class='ocr_carea' id='block_1_43' title="bbox 450 3522 2036 3597">
    <p class='ocr_par' dir='ltr' id='par_1_43' title="bbox 450 3522 2036 3597">
     <span class='ocr_line' id='line_1_43' title="bbox 450 3522 2036 3597; baseline -0.001 -16"><span class='ocrx_word' id='word_1_288' title='bbox 450 3540 576 3582; x_wconf 74' lang='grc' dir='ltr'>ιιι-ιο</span> <span class='ocrx_word' id='word_1_289' title='bbox 599 3528 817 3582; x_wconf 78' lang='lat' dir='ltr'><strong>easdem</strong></span> <span class='ocrx_word' id='word_1_290' title='bbox 853 3527 1009 3581; x_wconf 88' lang='lat' dir='ltr'><strong>nobis</strong></span> <span class='ocrx_word' id='word_1_291' title='bbox 1043 3542 1131 3581; x_wconf 83' lang='lat' dir='ltr'><strong>res</strong></span> <span class='ocrx_word' id='word_1_292' title='bbox 1182 3536 1596 3597; x_wconf 67' lang='lat' dir='ltr'><strong>repraasentant.</strong></span> <span class='ocrx_word' id='word_1_293' title='bbox 1620 3522 1821 3596; x_wconf 43' lang='lat' dir='ltr'><strong>‘Neque</strong></span> <span class='ocrx_word' id='word_1_294' title='bbox 1853 3534 2036 3580; x_wconf 82' lang='lat' dir='ltr'><strong>tamen</strong></span> 
     </span>
    </p>
   </div>
   <div class='ocr_carea' id='block_1_44' title="bbox 450 3618 2037 3689">
    <p class='ocr_par' dir='ltr' id='par_1_44' title="bbox 450 3618 2037 3689">
     <span class='ocr_line' id='line_1_44' title="bbox 450 3618 2037 3689; baseline -0.003 -14"><span class='ocrx_word' id='word_1_295' title='bbox 450 3618 589 3675; x_wconf 79' lang='lat' dir='ltr'><strong>illud</strong></span> <span class='ocrx_word' id='word_1_296' title='bbox 626 3618 795 3686; x_wconf 75' lang='lat' dir='ltr'><strong>magis</strong></span> <span class='ocrx_word' id='word_1_297' title='bbox 848 3635 1012 3689; x_wconf 85' lang='lat' dir='ltr'><strong>quam</strong></span> <span class='ocrx_word' id='word_1_298' title='bbox 1074 3620 1218 3674; x_wconf 86' lang='lat' dir='ltr'><strong>istud</strong></span> <span class='ocrx_word' id='word_1_299' title='bbox 1272 3619 1608 3689; x_wconf 86' lang='lat' dir='ltr'><strong>propositum</strong></span> <span class='ocrx_word' id='word_1_300' title='bbox 1658 3626 2037 3688; x_wconf 82' lang='lat' dir='ltr'><strong>argumentum</strong></span> 
     </span>
    </p>
   </div>
   <div class='ocr_carea' id='block_1_45' title="bbox 447 3710 2036 3781">
    <p class='ocr_par' dir='ltr' id='par_1_45' title="bbox 447 3710 2036 3781">
     <span class='ocr_line' id='line_1_45' title="bbox 447 3710 2036 3781; baseline -0.001 -15"><span class='ocrx_word' id='word_1_301' title='bbox 447 3714 818 3766; x_wconf 81' lang='lat' dir='ltr'><strong>demonstrat.</strong></span> <span class='ocrx_word' id='word_1_302' title='bbox 859 3710 1014 3768; x_wconf 87' lang='lat' dir='ltr'><strong>Unus</strong></span> <span class='ocrx_word' id='word_1_303' title='bbox 1044 3712 1248 3781; x_wconf 85' lang='lat' dir='ltr'><strong>quippe</strong></span> <span class='ocrx_word' id='word_1_304' title='bbox 1273 3720 1357 3765; x_wconf 88' lang='lat' dir='ltr'><strong>est</strong></span> <span class='ocrx_word' id='word_1_305' title='bbox 1391 3711 1672 3781; x_wconf 82' lang='lat' dir='ltr'><strong>utriusque</strong></span> <span class='ocrx_word' id='word_1_306' title='bbox 1722 3711 1797 3765; x_wconf 88' lang='lat' dir='ltr'><strong>rei</strong></span> <span class='ocrx_word' id='word_1_307' title='bbox 1833 3725 2036 3774; x_wconf 83' lang='lat' dir='ltr'><strong>sermo,</strong></span> 
     </span>
    </p>
   </div>
   <div class='ocr_carea' id='block_1_46' title="bbox 460 3799 2040 3874">
    <p class='ocr_par' dir='ltr' id='par_1_46' title="bbox 460 3799 2040 3874">
     <span class='ocr_line' id='line_1_46' title="bbox 460 3799 2040 3874; baseline 0.002 -18"><span class='ocrx_word' id='word_1_308' title='bbox 460 3812 517 3856; x_wconf 91' lang='lat' dir='ltr'><strong>et</strong></span> <span class='ocrx_word' id='word_1_309' title='bbox 541 3803 609 3858; x_wconf 90' lang='lat' dir='ltr'><strong>ab</strong></span> <span class='ocrx_word' id='word_1_310' title='bbox 635 3811 865 3872; x_wconf 86' lang='lat' dir='ltr'><strong>utraque</strong></span> <span class='ocrx_word' id='word_1_311' title='bbox 891 3804 1147 3858; x_wconf 72' lang='lat' dir='ltr'><strong>salutaris</strong></span> <span class='ocrx_word' id='word_1_312' title='bbox 1172 3802 1264 3856; x_wconf 88' lang='lat' dir='ltr'><strong>Dei</strong></span> <span class='ocrx_word' id='word_1_313' title='bbox 1291 3799 1454 3856; x_wconf 80' lang='lat' dir='ltr'><strong>Verbi</strong></span> <span class='ocrx_word' id='word_1_314' title='bbox 1488 3806 1757 3858; x_wconf 83' lang='lat' dir='ltr'><strong>iucarnati</strong></span> <span class='ocrx_word' id='word_1_315' title='bbox 1782 3804 2040 3874; x_wconf 81' lang='lat' dir='ltr'><strong>magiste-</strong></span> 
     </span>
    </p>
   </div>
   <div class='ocr_carea' id='block_1_47' title="bbox 461 3893 2040 3963">
    <p class='ocr_par' dir='ltr' id='par_1_47' title="bbox 461 3893 2040 3963">
     <span class='ocr_line' id='line_1_47' title="bbox 461 3893 2040 3963; baseline -0.001 -14"><span class='ocrx_word' id='word_1_316' title='bbox 461 3896 601 3950; x_wconf 86' lang='lat' dir='ltr'><strong>rium</strong></span> <span class='ocrx_word' id='word_1_317' title='bbox 623 3904 677 3949; x_wconf 88' lang='lat' dir='ltr'><strong>et</strong></span> <span class='ocrx_word' id='word_1_318' title='bbox 698 3895 959 3953; x_wconf 84' lang='lat' dir='ltr'><strong>memoria</strong></span> <span class='ocrx_word' id='word_1_319' title='bbox 984 3893 1064 3948; x_wconf 83' lang='lat' dir='ltr'><strong>ﬁt.</strong></span> <span class='ocrx_word' id='word_1_320' title='bbox 1088 3893 1224 3948; x_wconf 85' lang='lat' dir='ltr'><strong>Nam</strong></span> <span class='ocrx_word' id='word_1_321' title='bbox 1246 3909 1367 3963; x_wconf 67' lang='lat' dir='ltr'><strong>quae</strong></span> <span class='ocrx_word' id='word_1_322' title='bbox 1391 3895 1570 3948; x_wconf 89' lang='lat' dir='ltr'><strong>verbis</strong></span> <span class='ocrx_word' id='word_1_323' title='bbox 1595 3897 1649 3947; x_wconf 86' lang='lat' dir='ltr'><strong>in</strong></span> <span class='ocrx_word' id='word_1_324' title='bbox 1675 3896 1875 3963; x_wconf 78' lang='lat' dir='ltr'><strong>scripta</strong></span> <span class='ocrx_word' id='word_1_325' title='bbox 1903 3908 2040 3962; x_wconf 70' lang='lat' dir='ltr'><strong>prte-</strong></span> 
     </span>
    </p>
   </div>
   <div class='ocr_carea' id='block_1_48' title="bbox 452 3986 2037 4057">
    <p class='ocr_par' dir='ltr' id='par_1_48' title="bbox 452 3986 2037 4057">
     <span class='ocr_line' id='line_1_48' title="bbox 452 3986 2037 4057; baseline -0.001 -15"><span class='ocrx_word' id='word_1_326' title='bbox 452 3988 711 4043; x_wconf 82' lang='lat' dir='ltr'><strong>dicantur</strong></span> <span class='ocrx_word' id='word_1_327' title='bbox 739 3986 992 4052; x_wconf 88' lang='lat' dir='ltr'><strong>lectione,</strong></span> <span class='ocrx_word' id='word_1_328' title='bbox 1025 3988 1209 4042; x_wconf 84' lang='lat' dir='ltr'><strong>eadem</strong></span> <span class='ocrx_word' id='word_1_329' title='bbox 1239 3987 1404 4047; x_wconf 78' lang='lat' dir='ltr'><strong>etiam</strong></span> <span class='ocrx_word' id='word_1_330' title='bbox 1450 3987 1642 4042; x_wconf 87' lang='lat' dir='ltr'><strong>oculus</strong></span> <span class='ocrx_word' id='word_1_331' title='bbox 1662 4002 1730 4042; x_wconf 80' lang='lat' dir='ltr'><strong>ex</strong></span> <span class='ocrx_word' id='word_1_332' title='bbox 1771 3989 2037 4057; x_wconf 84' lang='lat' dir='ltr'><strong>pictarum</strong></span> 
     </span>
    </p>
   </div>
   <div class='ocr_carea' id='block_1_49' title="bbox 460 4078 2038 4150">
    <p class='ocr_par' dir='ltr' id='par_1_49' title="bbox 460 4078 2038 4150">
     <span class='ocr_line' id='line_1_49' title="bbox 460 4078 2038 4150; baseline -0.001 -16"><span class='ocrx_word' id='word_1_333' title='bbox 460 4078 818 4134; x_wconf 82' lang='lat' dir='ltr'><strong>historiarum</strong></span> <span class='ocrx_word' id='word_1_334' title='bbox 844 4078 1182 4146; x_wconf 79' lang='lat' dir='ltr'><strong>inspectione</strong></span> <span class='ocrx_word' id='word_1_335' title='bbox 1199 4078 1425 4148; x_wconf 78' lang='lat' dir='ltr'><strong>colligit.</strong></span> <span class='ocrx_word' id='word_1_336' title='bbox 1441 4079 1591 4150; x_wconf 81' lang='lat' dir='ltr'><strong>Ergo</strong></span> <span class='ocrx_word' id='word_1_337' title='bbox 1610 4082 1655 4135; x_wconf 87' lang='lat' dir='ltr'><strong>si</strong></span> <span class='ocrx_word' id='word_1_338' title='bbox 1683 4081 1806 4149; x_wconf 91' lang='lat' dir='ltr'><strong>quis</strong></span> <span class='ocrx_word' id='word_1_339' title='bbox 1830 4097 1893 4149; x_wconf 86' lang='lat' dir='ltr'><strong>pa</strong></span> <span class='ocrx_word' id='word_1_340' title='bbox 1903 4090 2038 4134; x_wconf 89' lang='lat' dir='ltr'><strong>rtem</strong></span> 
     </span>
    </p>
   </div>
   <div class='ocr_carea' id='block_1_50' title="bbox 459 4169 2040 4241">
    <p class='ocr_par' dir='ltr' id='par_1_50' title="bbox 459 4169 2040 4241">
     <span class='ocr_line' id='line_1_50' title="bbox 459 4169 2040 4241; baseline 0 -16"><span class='ocrx_word' id='word_1_341' title='bbox 459 4169 699 4237; x_wconf 77' lang='lat' dir='ltr'><strong>auferet,</strong></span> <span class='ocrx_word' id='word_1_342' title='bbox 734 4180 902 4225; x_wconf 89' lang='lat' dir='ltr'><strong>totum</strong></span> <span class='ocrx_word' id='word_1_343' title='bbox 934 4171 1287 4237; x_wconf 75' lang='lat' dir='ltr'><strong>destruxerit.</strong></span> <span class='ocrx_word' id='word_1_344' title='bbox 1319 4170 1453 4225; x_wconf 74' lang='lat' dir='ltr'><strong>Nam</strong></span> <span class='ocrx_word' id='word_1_345' title='bbox 1496 4186 1563 4226; x_wconf 80' lang='lat' dir='ltr'><strong>ex</strong></span> <span class='ocrx_word' id='word_1_346' title='bbox 1596 4171 1841 4241; x_wconf 82' lang='lat' dir='ltr'><strong>partibus</strong></span> <span class='ocrx_word' id='word_1_347' title='bbox 1871 4182 2040 4228; x_wconf 83' lang='lat' dir='ltr'><strong>totum</strong></span> 
     </span>
    </p>
   </div>
   <div class='ocr_carea' id='block_1_51' title="bbox 459 4260 2039 4334">
    <p class='ocr_par' dir='ltr' id='par_1_51' title="bbox 459 4260 2039 4334">
     <span class='ocr_line' id='line_1_51' title="bbox 459 4260 2039 4334; baseline 0.001 -16"><span class='ocrx_word' id='word_1_348' title='bbox 459 4260 751 4319; x_wconf 80' lang='lat' dir='ltr'><strong>conﬂatur.</strong></span> <span class='ocrx_word' id='word_1_349' title='bbox 781 4260 939 4328; x_wconf 87' lang='lat' dir='ltr'><strong>Quod</strong></span> <span class='ocrx_word' id='word_1_350' title='bbox 971 4262 1014 4315; x_wconf 84' lang='lat' dir='ltr'><strong>si</strong></span> <span class='ocrx_word' id='word_1_351' title='bbox 1070 4262 1200 4331; x_wconf 90' lang='lat' dir='ltr'><strong>quid</strong></span> <span class='ocrx_word' id='word_1_352' title='bbox 1229 4263 1426 4332; x_wconf 77' lang='lat' dir='ltr'><strong>borum</strong></span> <span class='ocrx_word' id='word_1_353' title='bbox 1476 4264 1763 4334; x_wconf 87' lang='lat' dir='ltr'><strong>perturbat</strong></span> <span class='ocrx_word' id='word_1_354' title='bbox 1794 4264 2039 4329; x_wconf 83' lang='lat' dir='ltr'><strong>insanos,</strong></span> 
     </span>
    </p>
   </div>
   <div class='ocr_carea' id='block_1_52' title="bbox 460 4353 2044 4424">
    <p class='ocr_par' dir='ltr' id='par_1_52' title="bbox 460 4353 2044 4424">
     <span class='ocr_line' id='line_1_52' title="bbox 460 4353 2044 4424; baseline 0.001 -15"><span class='ocrx_word' id='word_1_355' title='bbox 460 4356 819 4424; x_wconf 80' lang='lat' dir='ltr'><strong>ipsorumque</strong></span> <span class='ocrx_word' id='word_1_356' title='bbox 845 4353 1350 4423; x_wconf 62' lang='lat' dir='ltr'><strong>attonitam/pulsat</strong></span> <span class='ocrx_word' id='word_1_357' title='bbox 1387 4367 1643 4422; x_wconf 85' lang='lat' dir='ltr'><strong>mentem,</strong></span> <span class='ocrx_word' id='word_1_358' title='bbox 1673 4366 1791 4412; x_wconf 90' lang='lat' dir='ltr'><strong>esto</strong></span> <span class='ocrx_word' id='word_1_359' title='bbox 1814 4357 2044 4411; x_wconf 85' lang='lat' dir='ltr'><strong>scanda-</strong></span> 
     </span>
    </p>
   </div>
   <div class='ocr_carea' id='block_1_53' title="bbox 373 4445 2043 4520">
    <p class='ocr_par' dir='ltr' id='par_1_53' title="bbox 373 4445 2043 4520">
     <span class='ocr_line' id='line_1_53' title="bbox 373 4445 2043 4520; baseline 0.001 -19"><span class='ocrx_word' id='word_1_360' title='bbox 373 4462 382 4520; x_wconf 65' lang='grc' dir='ltr'><strong><em>ς</em></strong></span> <span class='ocrx_word' id='word_1_361' title='bbox 463 4448 574 4502; x_wconf 87' lang='lat' dir='ltr'><strong>lum</strong></span> <span class='ocrx_word' id='word_1_362' title='bbox 606 4446 760 4516; x_wconf 88' lang='lat' dir='ltr'><strong>ipsis,</strong></span> <span class='ocrx_word' id='word_1_363' title='bbox 798 4446 943 4515; x_wconf 86' lang='lat' dir='ltr'><strong>quod</strong></span> <span class='ocrx_word' id='word_1_364' title='bbox 994 4445 1084 4500; x_wconf 89' lang='lat' dir='ltr'><strong>illa</strong></span> <span class='ocrx_word' id='word_1_365' title='bbox 1139 4446 1357 4515; x_wconf 85' lang='lat' dir='ltr'><strong>quidem</strong></span> <span class='ocrx_word' id='word_1_366' title='bbox 1412 4447 1707 4506; x_wconf 72' lang='lat' dir='ltr'><strong>levioribus</strong></span> <span class='ocrx_word' id='word_1_367' title='bbox 1759 4448 2043 4519; x_wconf 80' lang='lat' dir='ltr'><strong>scripturis</strong></span> 
     </span>
    </p>
   </div>
   <div class='ocr_carea' id='block_1_54' title="bbox 2207 1226 3705 1301">
    <p class='ocr_par' dir='ltr' id='par_1_54' title="bbox 2207 1226 3705 1301">
     <span class='ocr_line' id='line_1_54' title="bbox 2207 1226 3705 1301; baseline 0.003 -21"><span class='ocrx_word' id='word_1_368' title='bbox 2207 1226 2309 1294; x_wconf 73' lang='grc' dir='ltr'><strong>ξαν.</strong></span> <span class='ocrx_word' id='word_1_369' title='bbox 2355 1228 2576 1299; x_wconf 78' lang='grc' dir='ltr'>Ἐπειδὴ</span> <span class='ocrx_word' id='word_1_370' title='bbox 2605 1227 2714 1297; x_wconf 80' lang='grc' dir='ltr'>γὰρ</span> <span class='ocrx_word' id='word_1_371' title='bbox 2763 1230 2884 1293; x_wconf 88' lang='grc' dir='ltr'>ταῖς</span> <span class='ocrx_word' id='word_1_372' title='bbox 2927 1229 3103 1301; x_wconf 76' lang='grc' dir='ltr'>ἱεραῖς</span> <span class='ocrx_word' id='word_1_373' title='bbox 3131 1228 3227 1283; x_wconf 91' lang='grc' dir='ltr'><strong>τοῦ</strong></span> <span class='ocrx_word' id='word_1_374' title='bbox 3260 1228 3501 1299; x_wconf 79' lang='grc' dir='ltr'>Χριστοῦ</span> <span class='ocrx_word' id='word_1_375' title='bbox 3542 1229 3705 1284; x_wconf 78' lang='grc' dir='ltr'>εἰκόσι</span> 
     </span>
    </p>
   </div>
   <div class='ocr_carea' id='block_1_55' title="bbox 2136 1315 3703 1392">
    <p class='ocr_par' dir='ltr' id='par_1_55' title="bbox 2136 1315 3703 1392">
     <span class='ocr_line' id='line_1_55' title="bbox 2136 1315 3703 1392; baseline 0.003 -23"><span class='ocrx_word' id='word_1_376' title='bbox 2136 1317 2229 1370; x_wconf 81' lang='grc' dir='ltr'><strong>καὶ</strong></span> <span class='ocrx_word' id='word_1_377' title='bbox 2259 1318 2287 1370; x_wconf 86' lang='grc' dir='ltr'>ὁ</span> <span class='ocrx_word' id='word_1_378' title='bbox 2318 1317 2488 1382; x_wconf 80' lang='grc' dir='ltr'>τύπος</span> <span class='ocrx_word' id='word_1_379' title='bbox 2520 1315 2613 1371; x_wconf 87' lang='grc' dir='ltr'><strong>τοῦ</strong></span> <span class='ocrx_word' id='word_1_380' title='bbox 2650 1317 2917 1383; x_wconf 77' lang='grc' dir='ltr'>ζωοποιοῦ</span> <span class='ocrx_word' id='word_1_381' title='bbox 2952 1319 3189 1391; x_wconf 90' lang='grc' dir='ltr'>σταυροῦ</span> <span class='ocrx_word' id='word_1_382' title='bbox 3219 1319 3703 1392; x_wconf 68' lang='grc' dir='ltr'>συνδωγράφεται,</span> 
     </span>
    </p>
   </div>
   <div class='ocr_carea' id='block_1_56' title="bbox 2137 1408 3704 1483">
    <p class='ocr_par' dir='ltr' id='par_1_56' title="bbox 2137 1408 3704 1483">
     <span class='ocr_line' id='line_1_56' title="bbox 2137 1408 3704 1483; baseline 0.004 -23"><span class='ocrx_word' id='word_1_383' title='bbox 2137 1408 2572 1481; x_wconf 87' lang='grc' dir='ltr'>συγκαθαιροῦσι</span> <span class='ocrx_word' id='word_1_384' title='bbox 2625 1411 2717 1463; x_wconf 76' lang='grc' dir='ltr'><strong>καὶ</strong></span> <span class='ocrx_word' id='word_1_385' title='bbox 2774 1411 2936 1465; x_wconf 81' lang='grc' dir='ltr'>αὐτὸν</span> <span class='ocrx_word' id='word_1_386' title='bbox 2985 1411 3085 1483; x_wconf 73' lang='grc' dir='ltr'>ἥδη</span> <span class='ocrx_word' id='word_1_387' title='bbox 3121 1413 3173 1465; x_wconf 77' lang='lat' dir='ltr'><strong>oi.</strong></span> <span class='ocrx_word' id='word_1_388' title='bbox 3202 1413 3334 1483; x_wconf 74' lang='grc' dir='ltr'>περὶ</span> <span class='ocrx_word' id='word_1_389' title='bbox 3351 1411 3513 1466; x_wconf 89' lang='grc' dir='ltr'>τοῦτο</span> <span class='ocrx_word' id='word_1_390' title='bbox 3544 1430 3704 1467; x_wconf 87' lang='grc' dir='ltr'>κατα·</span> 
     </span>
    </p>
   </div>
   <div class='ocr_carea' id='block_1_57' title="bbox 2136 1505 3704 1578">
    <p class='ocr_par' dir='ltr' id='par_1_57' title="bbox 2136 1505 3704 1578">
     <span class='ocr_line' id='line_1_57' title="bbox 2136 1505 3704 1578; baseline 0.002 -21"><span class='ocrx_word' id='word_1_391' title='bbox 2136 1505 2625 1575; x_wconf 68' lang='grc' dir='ltr'>σχηματιζόμενα,</span> <span class='ocrx_word' id='word_1_392' title='bbox 2684 1505 2781 1559; x_wconf 78' lang='grc' dir='ltr'>καὶ</span> <span class='ocrx_word' id='word_1_393' title='bbox 2828 1505 3158 1576; x_wconf 85' lang='grc' dir='ltr'>πρεσϐεύειν</span> <span class='ocrx_word' id='word_1_394' title='bbox 3210 1506 3280 1560; x_wconf 88' lang='grc' dir='ltr'><strong>τά</strong></span> <span class='ocrx_word' id='word_1_395' title='bbox 3332 1505 3425 1561; x_wconf 89' lang='grc' dir='ltr'><strong>τοῦ</strong></span> <span class='ocrx_word' id='word_1_396' title='bbox 3477 1505 3704 1578; x_wconf 86' lang='grc' dir='ltr'>σταυροῦ</span> 
     </span>
    </p>
   </div>
   <div class='ocr_carea' id='block_1_58' title="bbox 2140 1596 3705 1670">
    <p class='ocr_par' dir='ltr' id='par_1_58' title="bbox 2140 1596 3705 1670">
     <span class='ocr_line' id='line_1_58' title="bbox 2140 1596 3705 1670; baseline 0.001 -19"><span class='ocrx_word' id='word_1_397' title='bbox 2140 1598 2621 1669; x_wconf 83' lang='grc' dir='ltr'>προσποιούμενοι,</span> <span class='ocrx_word' id='word_1_398' title='bbox 2657 1597 2736 1667; x_wconf 79' lang='grc' dir='ltr'>τῷ</span> <span class='ocrx_word' id='word_1_399' title='bbox 2764 1596 2878 1651; x_wconf 76' lang='grc' dir='ltr'>ὄντι</span> <span class='ocrx_word' id='word_1_400' title='bbox 2910 1598 3021 1670; x_wconf 78' lang='grc' dir='ltr'>γὰρ</span> <span class='ocrx_word' id='word_1_401' title='bbox 3053 1599 3254 1669; x_wconf 87' lang='grc' dir='ltr'>ἐπίσης</span> <span class='ocrx_word' id='word_1_402' title='bbox 3281 1598 3359 1652; x_wconf 76' lang='grc' dir='ltr'>τὰ</span> <span class='ocrx_word' id='word_1_403' title='bbox 3377 1599 3478 1668; x_wconf 84' lang='grc' dir='ltr'>τῆς</span> <span class='ocrx_word' id='word_1_404' title='bbox 3510 1599 3705 1666; x_wconf 80' lang='grc' dir='ltr'>μανίας</span> 
     </span>
    </p>
   </div>
   <div class='ocr_carea' id='block_1_59' title="bbox 2139 1691 3707 1762">
    <p class='ocr_par' dir='ltr' id='par_1_59' title="bbox 2139 1691 3707 1762">
     <span class='ocr_line' id='line_1_59' title="bbox 2139 1691 3707 1762; baseline 0.001 -17"><span class='ocrx_word' id='word_1_405' title='bbox 2139 1691 2319 1745; x_wconf 84' lang='grc' dir='ltr'>αὐτῶν</span> <span class='ocrx_word' id='word_1_406' title='bbox 2352 1692 2476 1745; x_wconf 89' lang='grc' dir='ltr'>κατ’</span> <span class='ocrx_word' id='word_1_407' title='bbox 2529 1691 2861 1762; x_wconf 82' lang='grc' dir='ltr'>ἀμφοτέρων</span> <span class='ocrx_word' id='word_1_408' title='bbox 2908 1692 3163 1762; x_wconf 84' lang='grc' dir='ltr'>ἐξῆπται,</span> <span class='ocrx_word' id='word_1_409' title='bbox 3226 1693 3326 1746; x_wconf 76' lang='grc' dir='ltr'><strong>καὶ</strong></span> <span class='ocrx_word' id='word_1_410' title='bbox 3377 1693 3433 1746; x_wconf 87' lang='grc' dir='ltr'><strong>εῐ</strong></span> <span class='ocrx_word' id='word_1_411' title='bbox 3475 1708 3579 1746; x_wconf 91' lang='grc' dir='ltr'><strong>που</strong></span> <span class='ocrx_word' id='word_1_412' title='bbox 3637 1691 3707 1762; x_wconf 74' lang='grc' dir='ltr'>τῷ</span> 
     </span>
    </p>
   </div>
   <div class='ocr_carea' id='block_1_60' title="bbox 2138 1780 3707 1853">
    <p class='ocr_par' dir='ltr' id='par_1_60' title="bbox 2138 1780 3707 1853">
     <span class='ocr_line' id='line_1_60' title="bbox 2138 1780 3707 1853; baseline 0 -17"><span class='ocrx_word' id='word_1_413' title='bbox 2138 1782 2312 1853; x_wconf 83' lang='grc' dir='ltr'>ἐτέρῳ</span> <span class='ocrx_word' id='word_1_414' title='bbox 2339 1781 2589 1839; x_wconf 84' lang='grc' dir='ltr'>δοκοῦσιν</span> <span class='ocrx_word' id='word_1_415' title='bbox 2614 1781 3042 1852; x_wconf 82' lang='grc' dir='ltr'>ἀπεχθάνεσθαι,</span> <span class='ocrx_word' id='word_1_416' title='bbox 3072 1781 3228 1852; x_wconf 76' lang='grc' dir='ltr'>εἴπερ</span> <span class='ocrx_word' id='word_1_417' title='bbox 3255 1780 3317 1847; x_wconf 81' lang='grc' dir='ltr'>ἐξ</span> <span class='ocrx_word' id='word_1_418' title='bbox 3346 1781 3467 1846; x_wconf 83' lang='grc' dir='ltr'>ἐνὸς</span> <span class='ocrx_word' id='word_1_419' title='bbox 3499 1784 3598 1835; x_wconf 77' lang='grc' dir='ltr'>καὶ</span> <span class='ocrx_word' id='word_1_420' title='bbox 3621 1782 3707 1836; x_wconf 90' lang='grc' dir='ltr'><strong>τοῦ</strong></span> 
     </span>
    </p>
   </div>
   <div class='ocr_carea' id='block_1_61' title="bbox 2136 1856 3709 1945">
    <p class='ocr_par' dir='ltr' id='par_1_61' title="bbox 2136 1856 3709 1945">
     <span class='ocr_line' id='line_1_61' title="bbox 2136 1856 3709 1945; baseline 0.001 -18"><span class='ocrx_word' id='word_1_421' title='bbox 2136 1874 2301 1927; x_wconf 78' lang='grc' dir='ltr'>αὐτοῦ</span> <span class='ocrx_word' id='word_1_422' title='bbox 2331 1875 2619 1945; x_wconf 85' lang='grc' dir='ltr'>ἀμφότερα</span> <span class='ocrx_word' id='word_1_423' title='bbox 2648 1856 3099 1943; x_wconf 76' lang='grc' dir='ltr'>καθαγιαζόμενα</span> <span class='ocrx_word' id='word_1_424' title='bbox 3124 1875 3358 1945; x_wconf 69' lang='grc' dir='ltr'>ἤρτηται</span> <span class='ocrx_word' id='word_1_425' title='bbox 3382 1889 3396 1902; x_wconf 74' lang='grc' dir='ltr'><strong>ο</strong></span> <span class='ocrx_word' id='word_1_426' title='bbox 3417 1875 3475 1926; x_wconf 91' lang='grc' dir='ltr'><strong>ἐν</strong></span> <span class='ocrx_word' id='word_1_427' title='bbox 3502 1874 3709 1939; x_wconf 82' lang='grc' dir='ltr'>τούτοις</span> 
     </span>
    </p>
   </div>
   <div class='ocr_carea' id='block_1_62' title="bbox 2137 1961 3711 2039">
    <p class='ocr_par' dir='ltr' id='par_1_62' title="bbox 2137 1961 3711 2039">
     <span class='ocr_line' id='line_1_62' title="bbox 2137 1961 3711 2039; baseline 0.001 -18"><span class='ocrx_word' id='word_1_428' title='bbox 2137 1967 2402 2021; x_wconf 77' lang='grc' dir='ltr'>ἅπτονται</span> <span class='ocrx_word' id='word_1_429' title='bbox 2433 1968 2527 2021; x_wconf 77' lang='grc' dir='ltr'><strong>καὶ</strong></span> <span class='ocrx_word' id='word_1_430' title='bbox 2564 1967 2673 2020; x_wconf 80' lang='grc' dir='ltr'>τῶν</span> <span class='ocrx_word' id='word_1_431' title='bbox 2698 1966 2859 2039; x_wconf 85' lang='grc' dir='ltr'>ίερῶν</span> <span class='ocrx_word' id='word_1_432' title='bbox 2901 1967 3224 2037; x_wconf 82' lang='grc' dir='ltr'>κειμηλίων,</span> <span class='ocrx_word' id='word_1_433' title='bbox 3261 1968 3320 2021; x_wconf 79' lang='grc' dir='ltr'><strong>ἐν</strong></span> <span class='ocrx_word' id='word_1_434' title='bbox 3351 1961 3433 2030; x_wconf 78' lang='grc' dir='ltr'><strong>οἷς</strong></span> <span class='ocrx_word' id='word_1_435' title='bbox 3467 1967 3535 2021; x_wconf 86' lang='grc' dir='ltr'><strong>τά</strong></span> <span class='ocrx_word' id='word_1_436' title='bbox 3584 1968 3711 2036; x_wconf 67' lang='lat' dir='ltr'><strong>am</strong></span> 
     </span>
    </p>
   </div>
   <div class='ocr_carea' id='block_1_63' title="bbox 2136 2058 3711 2131">
    <p class='ocr_par' dir='ltr' id='par_1_63' title="bbox 2136 2058 3711 2131">
     <span class='ocr_line' id='line_1_63' title="bbox 2136 2058 3711 2131; baseline -0.001 -19"><span class='ocrx_word' id='word_1_437' title='bbox 2136 2059 2231 2113; x_wconf 72' lang='grc' dir='ltr'><strong>καὶ</strong></span> <span class='ocrx_word' id='word_1_438' title='bbox 2267 2058 2510 2123; x_wconf 79' lang='grc' dir='ltr'>ζωοποιὰ</span> <span class='ocrx_word' id='word_1_439' title='bbox 2540 2059 2633 2113; x_wconf 87' lang='grc' dir='ltr'><strong>τοῦ</strong></span> <span class='ocrx_word' id='word_1_440' title='bbox 2652 2058 2890 2131; x_wconf 78' lang='grc' dir='ltr'>Χριστοῦ</span> <span class='ocrx_word' id='word_1_441' title='bbox 2920 2059 3252 2113; x_wconf 72' lang='grc' dir='ltr'>ἐπιτελεῖται</span> <span class='ocrx_word' id='word_1_442' title='bbox 3288 2061 3564 2131; x_wconf 73' lang='grc' dir='ltr'>μυστήρια</span> <span class='ocrx_word' id='word_1_443' title='bbox 3593 2077 3605 2089; x_wconf 94' lang='grc'>·</span> <span class='ocrx_word' id='word_1_444' title='bbox 3637 2059 3711 2112; x_wconf 85' lang='grc' dir='ltr'><strong>ἐτι</strong></span> 
     </span>
    </p>
   </div>
   <div class='ocr_carea' id='block_1_64' title="bbox 2135 2151 3714 2227">
    <p class='ocr_par' dir='ltr' id='par_1_64' title="bbox 2135 2151 3714 2227">
     <span class='ocr_line' id='line_1_64' title="bbox 2135 2151 3714 2227; baseline 0.001 -22"><span class='ocrx_word' id='word_1_445' title='bbox 2135 2152 2230 2205; x_wconf 77' lang='grc' dir='ltr'><strong>καὶ</strong></span> <span class='ocrx_word' id='word_1_446' title='bbox 2260 2152 2358 2221; x_wconf 86' lang='grc' dir='ltr'>τῆς</span> <span class='ocrx_word' id='word_1_447' title='bbox 2394 2151 2624 2221; x_wconf 83' lang='grc' dir='ltr'>ἐσθῆτος</span> <span class='ocrx_word' id='word_1_448' title='bbox 2654 2152 2754 2222; x_wconf 86' lang='grc' dir='ltr'>ὅση</span> <span class='ocrx_word' id='word_1_449' title='bbox 2788 2155 2909 2216; x_wconf 88' lang='grc' dir='ltr'>ταῖς</span> <span class='ocrx_word' id='word_1_450' title='bbox 2936 2154 3167 2216; x_wconf 88' lang='grc' dir='ltr'>σεπταῖς</span> <span class='ocrx_word' id='word_1_451' title='bbox 3191 2151 3419 2215; x_wconf 85' lang='grc' dir='ltr'>ταύταις</span> <span class='ocrx_word' id='word_1_452' title='bbox 3452 2153 3714 2227; x_wconf 81' lang='grc' dir='ltr'>ἱστορίαις</span> 
     </span>
    </p>
   </div>
   <div class='ocr_carea' id='block_1_65' title="bbox 2138 2243 3713 2321">
    <p class='ocr_par' dir='ltr' id='par_1_65' title="bbox 2138 2243 3713 2321">
     <span class='ocr_line' id='line_1_65' title="bbox 2138 2243 3713 2321; baseline 0 -23"><span class='ocrx_word' id='word_1_453' title='bbox 2138 2244 2351 2315; x_wconf 79' lang='grc' dir='ltr'>σεμνῶς</span> <span class='ocrx_word' id='word_1_454' title='bbox 2390 2243 2841 2321; x_wconf 62' lang='grc' dir='ltr'>περιστέλλεταιζ</span> <span class='ocrx_word' id='word_1_455' title='bbox 2897 2245 3036 2316; x_wconf 82' lang='grc' dir='ltr'>πρὸς</span> <span class='ocrx_word' id='word_1_456' title='bbox 3085 2245 3143 2298; x_wconf 87' lang='grc' dir='ltr'>δὲ</span> <span class='ocrx_word' id='word_1_457' title='bbox 3198 2244 3294 2298; x_wconf 73' lang='grc' dir='ltr'><strong>καὶ</strong></span> <span class='ocrx_word' id='word_1_458' title='bbox 3329 2244 3439 2298; x_wconf 85' lang='grc' dir='ltr'><strong>τῶν</strong></span> <span class='ocrx_word' id='word_1_459' title='bbox 3500 2247 3560 2298; x_wconf 85' lang='grc' dir='ltr'><strong>ἐν</strong></span> <span class='ocrx_word' id='word_1_460' title='bbox 3599 2248 3713 2312; x_wconf 82' lang='grc' dir='ltr'>ταῖς</span> 
     </span>
    </p>
   </div>
   <div class='ocr_carea' id='block_1_66' title="bbox 2136 2335 3709 2407">
    <p class='ocr_par' dir='ltr' id='par_1_66' title="bbox 2136 2335 3709 2407">
     <span class='ocr_line' id='line_1_66' title="bbox 2136 2335 3709 2407; baseline 0.001 -19"><span class='ocrx_word' id='word_1_461' title='bbox 2136 2337 2523 2405; x_wconf 81' lang='grc' dir='ltr'>εὐαγγελικαῖς</span> <span class='ocrx_word' id='word_1_462' title='bbox 2584 2335 2790 2406; x_wconf 86' lang='grc' dir='ltr'>βίϐλοις</span> <span class='ocrx_word' id='word_1_463' title='bbox 2845 2336 3347 2407; x_wconf 86' lang='grc' dir='ltr'>προσκυνουμένων</span> <span class='ocrx_word' id='word_1_464' title='bbox 3393 2336 3709 2390; x_wconf 61' lang='grc' dir='ltr'><strong>τττυκτίων⁹</strong></span> 
     </span>
    </p>
   </div>
   <div class='ocr_carea' id='block_1_67' title="bbox 2138 2426 3716 2501">
    <p class='ocr_par' dir='ltr' id='par_1_67' title="bbox 2138 2426 3716 2501">
     <span class='ocr_line' id='line_1_67' title="bbox 2138 2426 3716 2501; baseline 0.001 -19"><span class='ocrx_word' id='word_1_465' title='bbox 2138 2428 2469 2482; x_wconf 81' lang='grc' dir='ltr'>καταλύουσι</span> <span class='ocrx_word' id='word_1_466' title='bbox 2491 2427 2621 2495; x_wconf 85' lang='grc' dir='ltr'>γοῦν</span> <span class='ocrx_word' id='word_1_467' title='bbox 2660 2427 2723 2480; x_wconf 82' lang='grc' dir='ltr'>τὸ</span> <span class='ocrx_word' id='word_1_468' title='bbox 2744 2428 3085 2497; x_wconf 82' lang='grc' dir='ltr'>Εὑαγγέλιον</span> <span class='ocrx_word' id='word_1_469' title='bbox 3107 2444 3120 2457; x_wconf 87' lang='grc'><strong>·</strong></span> <span class='ocrx_word' id='word_1_470' title='bbox 3157 2429 3252 2481; x_wconf 78' lang='grc' dir='ltr'>καὶ</span> <span class='ocrx_word' id='word_1_471' title='bbox 3286 2426 3340 2480; x_wconf 91' lang='grc' dir='ltr'><strong>τί</strong></span> <span class='ocrx_word' id='word_1_472' title='bbox 3380 2427 3493 2498; x_wconf 81' lang='grc' dir='ltr'>γὰρ</span> <span class='ocrx_word' id='word_1_473' title='bbox 3531 2427 3716 2501; x_wconf 70' lang='grc' dir='ltr'>ἕτερον</span> 
     </span>
    </p>
   </div>
   <div class='ocr_carea' id='block_1_68' title="bbox 2137 2520 3716 2593">
    <p class='ocr_par' dir='ltr' id='par_1_68' title="bbox 2137 2520 3716 2593">
     <span class='ocr_line' id='line_1_68' title="bbox 2137 2520 3716 2593; baseline 0.001 -20"><span class='ocrx_word' id='word_1_474' title='bbox 2137 2522 2330 2592; x_wconf 84' lang='grc' dir='ltr'>ἐνορᾷν</span> <span class='ocrx_word' id='word_1_475' title='bbox 2357 2521 2586 2592; x_wconf 77' lang='grc' dir='ltr'>ἐστιν,ἧ</span> <span class='ocrx_word' id='word_1_476' title='bbox 2620 2521 2954 2591; x_wconf 83' lang='grc' dir='ltr'>κενούμενον</span> <span class='ocrx_word' id='word_1_477' title='bbox 2989 2522 3121 2593; x_wconf 81' lang='grc' dir='ltr'>παρ’</span> <span class='ocrx_word' id='word_1_478' title='bbox 3157 2520 3342 2585; x_wconf 85' lang='grc' dir='ltr'>αὐτοῖς</span> <span class='ocrx_word' id='word_1_479' title='bbox 3383 2521 3481 2575; x_wconf 65' lang='grc' dir='ltr'><strong>καλ⁵</strong></span> <span class='ocrx_word' id='word_1_480' title='bbox 3518 2520 3716 2592; x_wconf 82' lang='grc' dir='ltr'>λυόμε-</span> 
     </span>
    </p>
   </div>
   <div class='ocr_carea' id='block_1_69' title="bbox 2137 2612 3718 2687">
    <p class='ocr_par' dir='ltr' id='par_1_69' title="bbox 2137 2612 3718 2687">
     <span class='ocr_line' id='line_1_69' title="bbox 2137 2612 3718 2687; baseline 0.002 -21"><span class='ocrx_word' id='word_1_481' title='bbox 2137 2629 2225 2666; x_wconf 88' lang='grc' dir='ltr'><strong>νον</strong></span> <span class='ocrx_word' id='word_1_482' title='bbox 2254 2614 2315 2665; x_wconf 81' lang='grc' dir='ltr'><strong>τὸ</strong></span> <span class='ocrx_word' id='word_1_483' title='bbox 2339 2612 2675 2681; x_wconf 80' lang='grc' dir='ltr'>Εὐαγγέλιον</span> <span class='ocrx_word' id='word_1_484' title='bbox 2697 2630 2712 2678; x_wconf 85' lang='grc'>;</span> <span class='ocrx_word' id='word_1_485' title='bbox 2736 2613 2796 2666; x_wconf 84' lang='grc' dir='ltr'><strong>ἐν</strong></span> <span class='ocrx_word' id='word_1_486' title='bbox 2830 2612 2939 2665; x_wconf 91' lang='grc' dir='ltr'>τίνι</span> <span class='ocrx_word' id='word_1_487' title='bbox 2976 2612 3089 2683; x_wconf 82' lang='grc' dir='ltr'>γὰρ</span> <span class='ocrx_word' id='word_1_488' title='bbox 3122 2612 3319 2687; x_wconf 87' lang='grc' dir='ltr'>διοίσει</span> <span class='ocrx_word' id='word_1_489' title='bbox 3350 2612 3421 2668; x_wconf 79' lang='grc' dir='ltr'>τὰ</span> <span class='ocrx_word' id='word_1_490' title='bbox 3448 2614 3602 2679; x_wconf 79' lang='grc' dir='ltr'>ἐντὸς</span> <span class='ocrx_word' id='word_1_491' title='bbox 3629 2632 3718 2685; x_wconf 81' lang='grc' dir='ltr'>γε·</span> 
     </span>
    </p>
   </div>
   <div class='ocr_carea' id='block_1_70' title="bbox 2137 2704 3720 2779">
    <p class='ocr_par' dir='ltr' id='par_1_70' title="bbox 2137 2704 3720 2779">
     <span class='ocr_line' id='line_1_70' title="bbox 2137 2704 3720 2779; baseline 0.001 -21"><span class='ocrx_word' id='word_1_492' title='bbox 2137 2705 2451 2777; x_wconf 85' lang='grc' dir='ltr'>γραμμένα,</span> <span class='ocrx_word' id='word_1_493' title='bbox 2498 2704 2607 2758; x_wconf 85' lang='grc' dir='ltr'>τῶν</span> <span class='ocrx_word' id='word_1_494' title='bbox 2655 2705 2811 2768; x_wconf 84' lang='grc' dir='ltr'>ἐκτὸς</span> <span class='ocrx_word' id='word_1_495' title='bbox 2853 2706 3274 2777; x_wconf 77' lang='grc' dir='ltr'>ἱστορουμένων,</span> <span class='ocrx_word' id='word_1_496' title='bbox 3317 2705 3416 2776; x_wconf 82' lang='grc' dir='ltr'>τῆς</span> <span class='ocrx_word' id='word_1_497' title='bbox 3462 2706 3720 2779; x_wconf 72' lang='grc' dir='ltr'>τοιαύτης</span> 
     </span>
    </p>
   </div>
   <div class='ocr_carea' id='block_1_71' title="bbox 2138 2796 3715 2870">
    <p class='ocr_par' dir='ltr' id='par_1_71' title="bbox 2138 2796 3715 2870">
     <span class='ocr_line' id='line_1_71' title="bbox 2138 2796 3715 2870; baseline 0.011 -21"><span class='ocrx_word' id='word_1_498' title='bbox 2138 2798 2352 2861; x_wconf 80' lang='grc' dir='ltr'>εὐνοίας</span> <span class='ocrx_word' id='word_1_499' title='bbox 2381 2798 2477 2851; x_wconf 78' lang='grc' dir='ltr'>καὶ</span> <span class='ocrx_word' id='word_1_500' title='bbox 2501 2797 2813 2860; x_wconf 80' lang='grc' dir='ltr'>ὑποθέσεως</span> <span class='ocrx_word' id='word_1_501' title='bbox 2830 2799 2917 2851; x_wconf 79' lang='grc' dir='ltr'>ἐπ’</span> <span class='ocrx_word' id='word_1_502' title='bbox 2944 2796 3278 2869; x_wconf 75' lang='grc' dir='ltr'>ἀμφοτέρων</span> <span class='ocrx_word' id='word_1_503' title='bbox 3306 2797 3715 2870; x_wconf 73' lang='grc' dir='ltr'>θεωρουμένηςῖ</span> 
     </span>
    </p>
   </div>
   <div class='ocr_carea' id='block_1_72' title="bbox 2137 2887 3716 2962">
    <p class='ocr_par' dir='ltr' id='par_1_72' title="bbox 2137 2887 3716 2962">
     <span class='ocr_line' id='line_1_72' title="bbox 2137 2887 3716 2962; baseline 0 -20"><span class='ocrx_word' id='word_1_504' title='bbox 2137 2892 2237 2942; x_wconf 82' lang='grc' dir='ltr'>Διά</span> <span class='ocrx_word' id='word_1_505' title='bbox 2254 2887 2416 2942; x_wconf 84' lang='grc' dir='ltr'>τοῦτο</span> <span class='ocrx_word' id='word_1_506' title='bbox 2442 2889 2492 2941; x_wconf 85' lang='grc' dir='ltr'><strong>εί</strong></span> <span class='ocrx_word' id='word_1_507' title='bbox 2520 2888 2582 2940; x_wconf 83' lang='grc' dir='ltr'><strong>τὸ</strong></span> <span class='ocrx_word' id='word_1_508' title='bbox 2602 2888 2793 2957; x_wconf 70' lang='grc' dir='ltr'>ἕτερον</span> <span class='ocrx_word' id='word_1_509' title='bbox 2824 2888 3031 2957; x_wconf 88' lang='grc' dir='ltr'>τίμιον,</span> <span class='ocrx_word' id='word_1_510' title='bbox 3065 2889 3162 2941; x_wconf 78' lang='grc' dir='ltr'><strong>καὶ</strong></span> <span class='ocrx_word' id='word_1_511' title='bbox 3189 2887 3419 2960; x_wconf 75' lang='grc' dir='ltr'>θάτερον</span> <span class='ocrx_word' id='word_1_512' title='bbox 3448 2889 3656 2958; x_wconf 81' lang='grc' dir='ltr'>τίμιον,</span> <span class='ocrx_word' id='word_1_513' title='bbox 3678 2890 3716 2962; x_wconf 74' lang='grc' dir='ltr'>ἢ</span> 
     </span>
    </p>
   </div>
   <div class='ocr_carea' id='block_1_73' title="bbox 2138 2974 3718 3049">
    <p class='ocr_par' dir='ltr' id='par_1_73' title="bbox 2138 2974 3718 3049">
     <span class='ocr_line' id='line_1_73' title="bbox 2138 2974 3718 3049; baseline -0.003 -15"><span class='ocrx_word' id='word_1_514' title='bbox 2138 2978 2391 3049; x_wconf 76' lang='grc' dir='ltr'>ἀλλήλοις</span> <span class='ocrx_word' id='word_1_515' title='bbox 2411 2978 2810 3048; x_wconf 83' lang='grc' dir='ltr'>συνοιχήσεται,</span> <span class='ocrx_word' id='word_1_516' title='bbox 2835 2976 2988 3037; x_wconf 80' lang='grc' dir='ltr'>πᾷσα</span> <span class='ocrx_word' id='word_1_517' title='bbox 3004 2974 3236 3045; x_wconf 75' lang='grc' dir='ltr'>ἀνάγκη.</span> <span class='ocrx_word' id='word_1_518' title='bbox 3260 2974 3400 3045; x_wconf 83' lang='grc' dir='ltr'><strong>Ἤδη</strong></span> <span class='ocrx_word' id='word_1_519' title='bbox 3421 2975 3478 3030; x_wconf 87' lang='grc' dir='ltr'>δὲ</span> <span class='ocrx_word' id='word_1_520' title='bbox 3503 2976 3718 3048; x_wconf 76' lang='grc' dir='ltr'>ὁρῶμεν</span> 
     </span>
    </p>
   </div>
   <div class='ocr_carea' id='block_1_74' title="bbox 2142 3066 3720 3143">
    <p class='ocr_par' dir='ltr' id='par_1_74' title="bbox 2142 3066 3720 3143">
     <span class='ocr_line' id='line_1_74' title="bbox 2142 3066 3720 3143; baseline -0.003 -19"><span class='ocrx_word' id='word_1_521' title='bbox 2142 3069 2314 3124; x_wconf 74' lang='grc' dir='ltr'>πολλὰ</span> <span class='ocrx_word' id='word_1_522' title='bbox 2345 3070 2451 3123; x_wconf 79' lang='grc' dir='ltr'><strong>τῶν</strong></span> <span class='ocrx_word' id='word_1_523' title='bbox 2508 3067 2824 3137; x_wconf 80' lang='grc' dir='ltr'>σεϐασμίων</span> <span class='ocrx_word' id='word_1_524' title='bbox 2865 3066 3065 3143; x_wconf 70' lang='grc' dir='ltr'>βίϐλων</span> <span class='ocrx_word' id='word_1_525' title='bbox 3112 3067 3365 3132; x_wconf 75' lang='grc' dir='ltr'>τουτωνὶ,</span> <span class='ocrx_word' id='word_1_526' title='bbox 3394 3068 3487 3120; x_wconf 88' lang='grc' dir='ltr'><strong>καί</strong></span> <span class='ocrx_word' id='word_1_527' title='bbox 3526 3085 3592 3137; x_wconf 88' lang='grc' dir='ltr'><strong>γε</strong></span> <span class='ocrx_word' id='word_1_528' title='bbox 3627 3068 3720 3122; x_wconf 79' lang='grc' dir='ltr'><strong>καὶ</strong></span> 
     </span>
    </p>
   </div>
   <div class='ocr_carea' id='block_1_75' title="bbox 2137 3158 3720 3235">
    <p class='ocr_par' dir='ltr' id='par_1_75' title="bbox 2137 3158 3720 3235">
     <span class='ocr_line' id='line_1_75' title="bbox 2137 3158 3720 3235; baseline -0.002 -18"><span class='ocrx_word' id='word_1_529' title='bbox 2137 3164 2246 3218; x_wconf 81' lang='grc' dir='ltr'>τῶν</span> <span class='ocrx_word' id='word_1_530' title='bbox 2279 3162 2651 3235; x_wconf 79' lang='grc' dir='ltr'>ἀρχαιοτέρων</span> <span class='ocrx_word' id='word_1_531' title='bbox 2678 3160 2776 3214; x_wconf 75' lang='grc' dir='ltr'><strong>καὶ</strong></span> <span class='ocrx_word' id='word_1_532' title='bbox 2803 3163 2881 3230; x_wconf 85' lang='grc' dir='ltr'><strong>τῷ</strong></span> <span class='ocrx_word' id='word_1_533' title='bbox 2904 3158 3119 3231; x_wconf 62' lang='grc' dir='ltr'>’μακρῷ</span> <span class='ocrx_word' id='word_1_534' title='bbox 3161 3159 3337 3230; x_wconf 83' lang='grc' dir='ltr'>χρόνῳ</span> <span class='ocrx_word' id='word_1_535' title='bbox 3386 3161 3518 3232; x_wconf 80' lang='grc' dir='ltr'>παρ’</span> <span class='ocrx_word' id='word_1_536' title='bbox 3564 3161 3720 3214; x_wconf 79' lang='grc' dir='ltr'>εὐσε-</span> 
     </span>
    </p>
   </div>
   <div class='ocr_carea' id='block_1_76' title="bbox 2142 3251 3724 3325">
    <p class='ocr_par' dir='ltr' id='par_1_76' title="bbox 2142 3251 3724 3325">
     <span class='ocr_line' id='line_1_76' title="bbox 2142 3251 3724 3325; baseline -0.001 -16"><span class='ocrx_word' id='word_1_537' title='bbox 2142 3256 2253 3309; x_wconf 85' lang='grc' dir='ltr'><strong>ϐῶν</strong></span> <span class='ocrx_word' id='word_1_538' title='bbox 2288 3257 2383 3310; x_wconf 77' lang='grc' dir='ltr'>καὶ</span> <span class='ocrx_word' id='word_1_539' title='bbox 2414 3254 2678 3323; x_wconf 87' lang='grc' dir='ltr'>φιλοθέων</span> <span class='ocrx_word' id='word_1_540' title='bbox 2708 3253 2918 3324; x_wconf 86' lang='grc' dir='ltr'>ἀνδρῶν</span> <span class='ocrx_word' id='word_1_541' title='bbox 2946 3251 3359 3322; x_wconf 75' lang='grc' dir='ltr'>ἐκπεπονῆσθαι</span> <span class='ocrx_word' id='word_1_542' title='bbox 3404 3270 3724 3325; x_wconf 84' lang='grc' dir='ltr'>μαρτυρου-</span> 
     </span>
    </p>
   </div>
   <div class='ocr_carea' id='block_1_77' title="bbox 2145 3332 3724 3419">
    <p class='ocr_par' dir='ltr' id='par_1_77' title="bbox 2145 3332 3724 3419">
     <span class='ocr_line' id='line_1_77' title="bbox 2145 3332 3724 3419; baseline 0 -21"><span class='ocrx_word' id='word_1_543' title='bbox 2145 3348 2348 3419; x_wconf 76' lang='grc' dir='ltr'>μένων,</span> <span class='ocrx_word' id='word_1_544' title='bbox 2389 3347 2533 3418; x_wconf 80' lang='grc' dir='ltr'>ἅπερ</span> <span class='ocrx_word' id='word_1_545' title='bbox 2570 3343 3053 3414; x_wconf 85' lang='grc' dir='ltr'>ἀναπτυσσόμενα,</span> <span class='ocrx_word' id='word_1_546' title='bbox 3086 3344 3143 3395; x_wconf 85' lang='grc' dir='ltr'><strong>ἐν</strong></span> <span class='ocrx_word' id='word_1_547' title='bbox 3180 3344 3336 3414; x_wconf 81' lang='grc' dir='ltr'>μέρει</span> <span class='ocrx_word' id='word_1_548' title='bbox 3368 3342 3469 3413; x_wconf 88' lang='grc' dir='ltr'><strong>μέν</strong></span> <span class='ocrx_word' id='word_1_549' title='bbox 3499 3343 3591 3397; x_wconf 88' lang='grc' dir='ltr'><strong>διά</strong></span> <span class='ocrx_word' id='word_1_550' title='bbox 3622 3332 3724 3412; x_wconf 80' lang='grc' dir='ltr'>τῆς</span> 
     </span>
    </p>
   </div>
   <div class='ocr_carea' id='block_1_78' title="bbox 2141 3433 3728 3510">
    <p class='ocr_par' dir='ltr' id='par_1_78' title="bbox 2141 3433 3728 3510">
     <span class='ocr_line' id='line_1_78' title="bbox 2141 3433 3728 3510; baseline -0.002 -17"><span class='ocrx_word' id='word_1_551' title='bbox 2141 3439 2583 3510; x_wconf 76' lang='grc' dir='ltr'>καλλιγραφικῆς</span> <span class='ocrx_word' id='word_1_552' title='bbox 2618 3438 2871 3505; x_wconf 74' lang='grc' dir='ltr'>εὐφυΐας,</span> <span class='ocrx_word' id='word_1_553' title='bbox 2903 3435 2972 3489; x_wconf 78' lang='grc' dir='ltr'>τὰ</span> <span class='ocrx_word' id='word_1_554' title='bbox 3000 3435 3098 3506; x_wconf 80' lang='grc' dir='ltr'>τῆς</span> <span class='ocrx_word' id='word_1_555' title='bbox 3131 3433 3281 3509; x_wconf 80' lang='grc' dir='ltr'>θείας</span> <span class='ocrx_word' id='word_1_556' title='bbox 3308 3435 3555 3506; x_wconf 81' lang='grc' dir='ltr'>ἱστορίας</span> <span class='ocrx_word' id='word_1_557' title='bbox 3589 3438 3728 3508; x_wconf 71' lang='grc' dir='ltr'>ἡμῖν</span> 
     </span>
    </p>
   </div>
   <div class='ocr_carea' id='block_1_79' title="bbox 2139 3525 3726 3602">
    <p class='ocr_par' dir='ltr' id='par_1_79' title="bbox 2139 3525 3726 3602">
     <span class='ocr_line' id='line_1_79' title="bbox 2139 3525 3726 3602; baseline -0.009 -16"><span class='ocrx_word' id='word_1_558' title='bbox 2139 3532 2434 3602; x_wconf 71' lang='grc' dir='ltr'>ἐμφανίζει</span> <span class='ocrx_word' id='word_1_559' title='bbox 2461 3529 2765 3598; x_wconf 77' lang='grc' dir='ltr'>διδάγματα</span> <span class='ocrx_word' id='word_1_560' title='bbox 2791 3546 2805 3558; x_wconf 68' lang='grc'><strong>⁸</strong></span> <span class='ocrx_word' id='word_1_561' title='bbox 2832 3528 2891 3580; x_wconf 87' lang='grc' dir='ltr'><strong>ἐν</strong></span> <span class='ocrx_word' id='word_1_562' title='bbox 2922 3527 3080 3598; x_wconf 80' lang='grc' dir='ltr'>μέρει</span> <span class='ocrx_word' id='word_1_563' title='bbox 3116 3525 3172 3601; x_wconf 81' lang='grc' dir='ltr'>δὲ</span> <span class='ocrx_word' id='word_1_564' title='bbox 3196 3525 3296 3591; x_wconf 49' lang='grc' dir='ltr'>,διὰ</span> <span class='ocrx_word' id='word_1_565' title='bbox 3341 3526 3445 3597; x_wconf 84' lang='grc' dir='ltr'>τῆς</span> <span class='ocrx_word' id='word_1_566' title='bbox 3498 3526 3726 3599; x_wconf 79' lang='grc' dir='ltr'>ζωγρα-</span> 
     </span>
    </p>
   </div>
   <div class='ocr_carea' id='block_1_80' title="bbox 2141 3616 3728 3697">
    <p class='ocr_par' dir='ltr' id='par_1_80' title="bbox 2141 3616 3728 3697">
     <span class='ocr_line' id='line_1_80' title="bbox 2141 3616 3728 3697; baseline -0.004 -20"><span class='ocrx_word' id='word_1_567' title='bbox 2141 3624 2307 3693; x_wconf 82' lang='grc' dir='ltr'>φικῆς</span> <span class='ocrx_word' id='word_1_568' title='bbox 2359 3620 2662 3691; x_wconf 77' lang='grc' dir='ltr'>εὐτεχνίας,</span> <span class='ocrx_word' id='word_1_569' title='bbox 2695 3619 2764 3673; x_wconf 82' lang='grc' dir='ltr'><strong>τὰ</strong></span> <span class='ocrx_word' id='word_1_570' title='bbox 2807 3616 2948 3672; x_wconf 77' lang='grc' dir='ltr'>αὐτὰ</span> <span class='ocrx_word' id='word_1_571' title='bbox 2971 3617 3542 3697; x_wconf 78' lang='grc' dir='ltr'>ἡμῖν-παραδείκνυσι</span> <span class='ocrx_word' id='word_1_572' title='bbox 3575 3619 3728 3690; x_wconf 76' lang='grc' dir='ltr'>πρά-</span> 
     </span>
    </p>
   </div>
   <div class='ocr_carea' id='block_1_81' title="bbox 2139 3708 3726 3786">
    <p class='ocr_par' dir='ltr' id='par_1_81' title="bbox 2139 3708 3726 3786">
     <span class='ocr_line' id='line_1_81' title="bbox 2139 3708 3726 3786; baseline -0.002 -19"><span class='ocrx_word' id='word_1_573' title='bbox 2139 3729 2355 3786; x_wconf 88' lang='grc' dir='ltr'>γματα·</span> <span class='ocrx_word' id='word_1_574' title='bbox 2381 3717 2474 3767; x_wconf 67' lang='grc' dir='ltr'><strong>καὶ</strong></span> <span class='ocrx_word' id='word_1_575' title='bbox 2495 3711 2651 3765; x_wconf 78' lang='grc' dir='ltr'>οὐδέν</span> <span class='ocrx_word' id='word_1_576' title='bbox 2672 3729 2724 3764; x_wconf 91' lang='grc' dir='ltr'><strong>τι</strong></span> <span class='ocrx_word' id='word_1_577' title='bbox 2746 3709 2948 3781; x_wconf 82' lang='grc' dir='ltr'>μᾶλλον</span> <span class='ocrx_word' id='word_1_578' title='bbox 2978 3708 3145 3781; x_wconf 79' lang='grc' dir='ltr'>τόδεῆ</span> <span class='ocrx_word' id='word_1_579' title='bbox 3164 3710 3279 3763; x_wconf 87' lang='grc' dir='ltr'>τόδε</span> <span class='ocrx_word' id='word_1_580' title='bbox 3305 3710 3726 3782; x_wconf 83' lang='grc' dir='ltr'>διασημήνειεν·</span> 
     </span>
    </p>
   </div>
   <div class='ocr_carea' id='block_1_82' title="bbox 2142 3800 3732 3878">
    <p class='ocr_par' dir='ltr' id='par_1_82' title="bbox 2142 3800 3732 3878">
     <span class='ocr_line' id='line_1_82' title="bbox 2142 3800 3732 3878; baseline -0.002 -20"><span class='ocrx_word' id='word_1_581' title='bbox 2142 3802 2226 3870; x_wconf 76' lang='grc' dir='ltr'>εἷς</span> <span class='ocrx_word' id='word_1_582' title='bbox 2260 3806 2369 3876; x_wconf 79' lang='grc' dir='ltr'>γὰρ</span> <span class='ocrx_word' id='word_1_583' title='bbox 2395 3807 2484 3858; x_wconf 83' lang='grc' dir='ltr'>ἐπ’</span> <span class='ocrx_word' id='word_1_584' title='bbox 2518 3805 2723 3872; x_wconf 79' lang='grc' dir='ltr'>ἀμφοῖν</span> <span class='ocrx_word' id='word_1_585' title='bbox 2749 3804 2777 3856; x_wconf 85' lang='grc' dir='ltr'>ὁ</span> <span class='ocrx_word' id='word_1_586' title='bbox 2825 3801 3002 3873; x_wconf 85' lang='grc' dir='ltr'>λόγος,</span> <span class='ocrx_word' id='word_1_587' title='bbox 3035 3801 3129 3855; x_wconf 73' lang='grc' dir='ltr'>καὶ</span> <span class='ocrx_word' id='word_1_588' title='bbox 3167 3800 3234 3857; x_wconf 88' lang='grc' dir='ltr'>δι’</span> <span class='ocrx_word' id='word_1_589' title='bbox 3268 3802 3602 3878; x_wconf 82' lang='grc' dir='ltr'>ἀμφοτέρων</span> <span class='ocrx_word' id='word_1_590' title='bbox 3628 3802 3732 3872; x_wconf 78' lang='grc' dir='ltr'>τῆς</span> 
     </span>
    </p>
   </div>
   <div class='ocr_carea' id='block_1_83' title="bbox 2144 3883 3735 3968">
    <p class='ocr_par' dir='ltr' id='par_1_83' title="bbox 2144 3883 3735 3968">
     <span class='ocr_line' id='line_1_83' title="bbox 2144 3883 3735 3968; baseline -0.001 -17"><span class='ocrx_word' id='word_1_591' title='bbox 2144 3898 2412 3968; x_wconf 87' lang='grc' dir='ltr'>σωτηρίου</span> <span class='ocrx_word' id='word_1_592' title='bbox 2447 3896 2541 3949; x_wconf 88' lang='grc' dir='ltr'><strong>τοῦ</strong></span> <span class='ocrx_word' id='word_1_593' title='bbox 2574 3894 2709 3949; x_wconf 74' lang='grc' dir='ltr'>Θεοῦ</span> <span class='ocrx_word' id='word_1_594' title='bbox 2756 3883 2930 3963; x_wconf 72' lang='grc' dir='ltr'>Λόγου</span> <span class='ocrx_word' id='word_1_595' title='bbox 2985 3893 3361 3964; x_wconf 80' lang='grc' dir='ltr'>οίκονομίᾱςή</span> <span class='ocrx_word' id='word_1_596' title='bbox 3402 3892 3735 3949; x_wconf 76' lang='grc' dir='ltr'>διδασκαλία</span> 
     </span>
    </p>
   </div>
   <div class='ocr_carea' id='block_1_84' title="bbox 2139 3985 3736 4060">
    <p class='ocr_par' dir='ltr' id='par_1_84' title="bbox 2139 3985 3736 4060">
     <span class='ocr_line' id='line_1_84' title="bbox 2139 3985 3736 4060; baseline -0.004 -16"><span class='ocrx_word' id='word_1_597' title='bbox 2139 4006 2202 4044; x_wconf 84' lang='grc' dir='ltr'><strong>τε</strong></span> <span class='ocrx_word' id='word_1_598' title='bbox 2225 3993 2319 4044; x_wconf 73' lang='grc' dir='ltr'>καὶ</span> <span class='ocrx_word' id='word_1_599' title='bbox 2346 3988 2655 4060; x_wconf 82' lang='grc' dir='ltr'>ἀνάμνησις</span> <span class='ocrx_word' id='word_1_600' title='bbox 2677 3988 2889 4055; x_wconf 86' lang='grc' dir='ltr'>γίνεται</span> <span class='ocrx_word' id='word_1_601' title='bbox 2912 4003 2924 4015; x_wconf 79' lang='grc'><strong><em>⁸</em></strong></span> <span class='ocrx_word' id='word_1_602' title='bbox 2952 3985 2987 4041; x_wconf 74' lang='grc' dir='ltr'><strong>ἃ.</strong></span> <span class='ocrx_word' id='word_1_603' title='bbox 3017 3985 3125 4054; x_wconf 87' lang='grc' dir='ltr'>γὰρ</span> <span class='ocrx_word' id='word_1_604' title='bbox 3145 3987 3172 4038; x_wconf 90' lang='grc' dir='ltr'>ὁ</span> <span class='ocrx_word' id='word_1_605' title='bbox 3205 3986 3365 4055; x_wconf 88' lang='grc' dir='ltr'>λόγος</span> <span class='ocrx_word' id='word_1_606' title='bbox 3382 3985 3471 4038; x_wconf 77' lang='grc' dir='ltr'><strong>διὰ</strong></span> <span class='ocrx_word' id='word_1_607' title='bbox 3488 3986 3592 4055; x_wconf 81' lang='grc' dir='ltr'>τῆς</span> <span class='ocrx_word' id='word_1_608' title='bbox 3619 3985 3736 4038; x_wconf 82' lang='grc' dir='ltr'>τῶν</span> 
     </span>
    </p>
   </div>
   <div class='ocr_carea' id='block_1_85' title="bbox 2142 4076 3736 4154">
    <p class='ocr_par' dir='ltr' id='par_1_85' title="bbox 2142 4076 3736 4154">
     <span class='ocr_line' id='line_1_85' title="bbox 2142 4076 3736 4154; baseline -0.005 -18"><span class='ocrx_word' id='word_1_609' title='bbox 2142 4082 2548 4154; x_wconf 77' lang='grc' dir='ltr'>γεγραμμένων</span> <span class='ocrx_word' id='word_1_610' title='bbox 2580 4079 2848 4151; x_wconf 80' lang='grc' dir='ltr'>ἐκήρυξεν</span> <span class='ocrx_word' id='word_1_611' title='bbox 2871 4077 3252 4147; x_wconf 78' lang='grc' dir='ltr'>ἀναγνώσεως,</span> <span class='ocrx_word' id='word_1_612' title='bbox 3286 4076 3456 4130; x_wconf 87' lang='grc' dir='ltr'>ταῦτα</span> <span class='ocrx_word' id='word_1_613' title='bbox 3477 4080 3574 4131; x_wconf 70' lang='grc' dir='ltr'><strong>καὶ</strong></span> <span class='ocrx_word' id='word_1_614' title='bbox 3603 4078 3736 4147; x_wconf 54' lang='lat' dir='ltr'><strong>eet;</strong></span> 
     </span>
    </p>
   </div>
   <div class='ocr_carea' id='block_1_86' title="bbox 2142 4169 3730 4244">
    <p class='ocr_par' dir='ltr' id='par_1_86' title="bbox 2142 4169 3730 4244">
     <span class='ocr_line' id='line_1_86' title="bbox 2142 4169 3730 4244; baseline -0.004 -15"><span class='ocrx_word' id='word_1_615' title='bbox 2142 4172 2232 4230; x_wconf 83' lang='grc' dir='ltr'><strong>διὰ</strong></span> <span class='ocrx_word' id='word_1_616' title='bbox 2251 4174 2351 4244; x_wconf 80' lang='grc' dir='ltr'>τῆς</span> <span class='ocrx_word' id='word_1_617' title='bbox 2370 4173 2479 4227; x_wconf 85' lang='grc' dir='ltr'><strong>τῶν</strong></span> <span class='ocrx_word' id='word_1_618' title='bbox 2498 4173 2898 4243; x_wconf 81' lang='grc' dir='ltr'>ἱστορουμένων</span> <span class='ocrx_word' id='word_1_619' title='bbox 2924 4170 3226 4234; x_wconf 79' lang='grc' dir='ltr'>ἐντεύξεως</span> <span class='ocrx_word' id='word_1_620' title='bbox 3253 4185 3318 4222; x_wconf 88' lang='grc' dir='ltr'><strong>συ</strong></span> <span class='ocrx_word' id='word_1_621' title='bbox 3327 4169 3730 4240; x_wconf 69' lang='grc' dir='ltr'>μπαρέδειξεν*</span> 
     </span>
    </p>
   </div>
   <div class='ocr_carea' id='block_1_87' title="bbox 2144 4258 3739 4334">
    <p class='ocr_par' dir='ltr' id='par_1_87' title="bbox 2144 4258 3739 4334">
     <span class='ocr_line' id='line_1_87' title="bbox 2144 4258 3739 4334; baseline -0.01 -15"><span class='ocrx_word' id='word_1_622' title='bbox 2144 4267 2192 4319; x_wconf 86' lang='grc' dir='ltr'><strong>εί</strong></span> <span class='ocrx_word' id='word_1_623' title='bbox 2225 4259 2319 4318; x_wconf 81' lang='grc' dir='ltr'>οὖν</span> <span class='ocrx_word' id='word_1_624' title='bbox 2348 4263 2409 4317; x_wconf 81' lang='grc' dir='ltr'><strong>τὸ</strong></span> <span class='ocrx_word' id='word_1_625' title='bbox 2434 4263 2600 4334; x_wconf 79' lang='grc' dir='ltr'>μέρος</span> <span class='ocrx_word' id='word_1_626' title='bbox 2630 4260 2852 4316; x_wconf 79' lang='grc' dir='ltr'>καθέλοι</span> <span class='ocrx_word' id='word_1_627' title='bbox 2876 4277 2982 4324; x_wconf 91' lang='grc' dir='ltr'>τις,</span> <span class='ocrx_word' id='word_1_628' title='bbox 3015 4261 3077 4321; x_wconf 72' lang='grc' dir='ltr'>τὸ</span> <span class='ocrx_word' id='word_1_629' title='bbox 3116 4260 3240 4313; x_wconf 80' lang='grc' dir='ltr'>ὅλον</span> <span class='ocrx_word' id='word_1_630' title='bbox 3280 4258 3440 4312; x_wconf 73' lang='grc' dir='ltr'>ἔσται</span> <span class='ocrx_word' id='word_1_631' title='bbox 3472 4258 3739 4330; x_wconf 76' lang='grc' dir='ltr'>καθῃρη-</span> 
     </span>
    </p>
   </div>
   <div class='ocr_carea' id='block_1_88' title="bbox 2145 4351 3741 4427">
    <p class='ocr_par' dir='ltr' id='par_1_88' title="bbox 2145 4351 3741 4427">
     <span class='ocr_line' id='line_1_88' title="bbox 2145 4351 3741 4427; baseline -0.006 -15"><span class='ocrx_word' id='word_1_632' title='bbox 2145 4356 2255 4421; x_wconf 63' lang='lat' dir='ltr'><strong>uti);</strong></span> <span class='ocrx_word' id='word_1_633' title='bbox 2278 4374 2291 4388; x_wconf 84' lang='lat'><strong>&#39;</strong></span> <span class='ocrx_word' id='word_1_634' title='bbox 2329 4359 2394 4411; x_wconf 88' lang='grc' dir='ltr'><strong>ἐκ</strong></span> <span class='ocrx_word' id='word_1_635' title='bbox 2416 4356 2523 4410; x_wconf 83' lang='grc' dir='ltr'>τῶν</span> <span class='ocrx_word' id='word_1_636' title='bbox 2563 4354 2748 4427; x_wconf 85' lang='grc' dir='ltr'>μερῶν</span> <span class='ocrx_word' id='word_1_637' title='bbox 2774 4352 2886 4424; x_wconf 89' lang='grc' dir='ltr'><strong>γάρ</strong></span> <span class='ocrx_word' id='word_1_638' title='bbox 2929 4352 2989 4406; x_wconf 84' lang='grc' dir='ltr'>τὸ</span> <span class='ocrx_word' id='word_1_639' title='bbox 3038 4351 3161 4404; x_wconf 85' lang='grc' dir='ltr'>ὅλον</span> <span class='ocrx_word' id='word_1_640' title='bbox 3190 4369 3205 4382; x_wconf 86' lang='lat'><strong>&#39;</strong></span> <span class='ocrx_word' id='word_1_641' title='bbox 3233 4353 3283 4403; x_wconf 83' lang='grc' dir='ltr'><strong>εί</strong></span> <span class='ocrx_word' id='word_1_642' title='bbox 3327 4351 3383 4404; x_wconf 81' lang='grc' dir='ltr'><strong>δέ</strong></span> <span class='ocrx_word' id='word_1_643' title='bbox 3429 4368 3484 4403; x_wconf 89' lang='grc' dir='ltr'><strong>τι</strong></span> <span class='ocrx_word' id='word_1_644' title='bbox 3514 4351 3741 4404; x_wconf 83' lang='grc' dir='ltr'>τούτων</span> 
     </span>
    </p>
   </div>
   <div class='ocr_carea' id='block_1_89' title="bbox 2142 4442 3742 4520">
    <p class='ocr_par' dir='ltr' id='par_1_89' title="bbox 2142 4442 3742 4520">
     <span class='ocr_line' id='line_1_89' title="bbox 2142 4442 3742 4520; baseline -0.006 -16"><span class='ocrx_word' id='word_1_645' title='bbox 2142 4451 2499 4520; x_wconf 73' lang='grc' dir='ltr'>ἐπιταράττει</span> <span class='ocrx_word' id='word_1_646' title='bbox 2552 4447 2676 4510; x_wconf 81' lang='grc' dir='ltr'>τοὺς</span> <span class='ocrx_word' id='word_1_647' title='bbox 2739 4445 3015 4515; x_wconf 84' lang='grc' dir='ltr'>ἄφρονας,</span> <span class='ocrx_word' id='word_1_648' title='bbox 3072 4443 3167 4497; x_wconf 78' lang='grc' dir='ltr'>καὶ</span> <span class='ocrx_word' id='word_1_649' title='bbox 3223 4443 3323 4514; x_wconf 78' lang='grc' dir='ltr'>τὴν</span> <span class='ocrx_word' id='word_1_650' title='bbox 3371 4442 3742 4512; x_wconf 83' lang='grc' dir='ltr'>ἀπόπληκτον</span> 
     </span>
    </p>
   </div>
   <div class='ocr_carea' id='block_1_90' title="bbox 464 4535 2037 4617">
    <p class='ocr_par' dir='ltr' id='par_1_90' title="bbox 464 4535 2037 4605">
     <span class='ocr_line' id='line_1_90' title="bbox 464 4535 2037 4605; baseline 0.001 -14"><span class='ocrx_word' id='word_1_651' title='bbox 464 4536 851 4605; x_wconf 73' lang='lat' dir='ltr'><strong>coloribusque</strong></span> <span class='ocrx_word' id='word_1_652' title='bbox 885 4535 1275 4605; x_wconf 84' lang='lat' dir='ltr'><strong>charaxantur,</strong></span> <span class='ocrx_word' id='word_1_653' title='bbox 1319 4538 1434 4593; x_wconf 60' lang='lat' dir='ltr'><strong>haec</strong></span> <span class='ocrx_word' id='word_1_654' title='bbox 1470 4549 1651 4594; x_wconf 90' lang='lat' dir='ltr'><strong>autem</strong></span> <span class='ocrx_word' id='word_1_655' title='bbox 1678 4539 2037 4595; x_wconf 86' lang='lat' dir='ltr'><strong>crassioribus</strong></span> 
     </span>
    </p>
   </div>
   <div class='ocr_carea' id='block_1_91' title="bbox 2142 4535 3743 4617">
    <p class='ocr_par' dir='ltr' id='par_1_91' title="bbox 2142 4535 3743 4602">
     <span class='ocr_line' id='line_1_91' title="bbox 2142 4535 3743 4602; baseline -0.006 -6"><span class='ocrx_word' id='word_1_656' title='bbox 2142 4541 2322 4596; x_wconf 82' lang='grc' dir='ltr'>αὐτῶν</span> <span class='ocrx_word' id='word_1_657' title='bbox 2347 4539 2632 4596; x_wconf 88' lang='grc' dir='ltr'>κατασείει</span> <span class='ocrx_word' id='word_1_658' title='bbox 2658 4538 2924 4602; x_wconf 86' lang='grc' dir='ltr'>διάνοιαν,</span> <span class='ocrx_word' id='word_1_659' title='bbox 2957 4535 3362 4601; x_wconf 75' lang='grc' dir='ltr'>σκανδαλιςέτω</span> <span class='ocrx_word' id='word_1_660' title='bbox 3392 4536 3617 4599; x_wconf 78' lang='grc' dir='ltr'>αὐτοὺς,</span> <span class='ocrx_word' id='word_1_661' title='bbox 3654 4537 3743 4588; x_wconf 81' lang='grc' dir='ltr'><strong>ὅτι</strong></span> 
     </span>
    </p>
   </div>
   <div class='ocr_carea' id='block_1_92' title="bbox 461 4627 2036 4702">
    <p class='ocr_par' dir='ltr' id='par_1_92' title="bbox 461 4627 2036 4702">
     <span class='ocr_line' id='line_1_92' title="bbox 461 4627 2036 4702; baseline 0.001 -19"><span class='ocrx_word' id='word_1_662' title='bbox 461 4630 624 4684; x_wconf 88' lang='lat' dir='ltr'><strong>lineis</strong></span> <span class='ocrx_word' id='word_1_663' title='bbox 672 4627 975 4698; x_wconf 76' lang='lat' dir='ltr'><strong>ﬁgurisq-ue</strong></span> <span class='ocrx_word' id='word_1_664' title='bbox 1004 4630 1341 4701; x_wconf 70' lang='lat' dir='ltr'><strong>pinguntur;</strong></span> <span class='ocrx_word' id='word_1_665' title='bbox 1398 4631 1677 4702; x_wconf 89' lang='lat' dir='ltr'><strong>multaque</strong></span> <span class='ocrx_word' id='word_1_666' title='bbox 1706 4633 1947 4687; x_wconf 66' lang='lat' dir='ltr'><strong>materia:</strong></span> <span class='ocrx_word' id='word_1_667' title='bbox 1984 4632 2036 4685; x_wconf 92' lang='lat' dir='ltr'><strong>in</strong></span> 
     </span>
    </p>
   </div>
   <div class='ocr_carea' id='block_1_93' title="bbox 461 4722 1011 4781">
    <p class='ocr_par' dir='ltr' id='par_1_93' title="bbox 461 4722 1011 4781">
     <span class='ocr_line' id='line_1_93' title="bbox 461 4722 1011 4781; baseline -0.004 -1"><span class='ocrx_word' id='word_1_668' title='bbox 461 4725 548 4780; x_wconf 88' lang='lat' dir='ltr'><strong>his</strong></span> <span class='ocrx_word' id='word_1_669' title='bbox 577 4722 865 4781; x_wconf 71' lang='lat' dir='ltr'><strong>diversitas</strong></span> <span class='ocrx_word' id='word_1_670' title='bbox 907 4733 1011 4778; x_wconf 89' lang='lat' dir='ltr'><strong>est.</strong></span> 
     </span>
    </p>
   </div>
   <div class='ocr_carea' id='block_1_94' title="bbox 2144 4629 3743 4705">
    <p class='ocr_par' dir='ltr' id='par_1_94' title="bbox 2144 4629 3743 4705">
     <span class='ocr_line' id='line_1_94' title="bbox 2144 4629 3743 4705; baseline -0.004 -17"><span class='ocrx_word' id='word_1_671' title='bbox 2144 4636 2214 4689; x_wconf 90' lang='grc' dir='ltr'><strong>τὰ</strong></span> <span class='ocrx_word' id='word_1_672' title='bbox 2256 4635 2354 4705; x_wconf 76' lang='grc' dir='ltr'>μὲν</span> <span class='ocrx_word' id='word_1_673' title='bbox 2390 4632 2753 4703; x_wconf 86' lang='grc' dir='ltr'>λεπτοτέραις</span> <span class='ocrx_word' id='word_1_674' title='bbox 2777 4634 2898 4692; x_wconf 88' lang='grc' dir='ltr'>ταῖς</span> <span class='ocrx_word' id='word_1_675' title='bbox 2928 4631 3173 4701; x_wconf 83' lang='grc' dir='ltr'>γραφαῖς</span> <span class='ocrx_word' id='word_1_676' title='bbox 3220 4629 3314 4683; x_wconf 68' lang='grc' dir='ltr'><strong>καλ⁵</strong></span> <span class='ocrx_word' id='word_1_677' title='bbox 3351 4630 3465 4690; x_wconf 83' lang='grc' dir='ltr'>τοῖς</span> <span class='ocrx_word' id='word_1_678' title='bbox 3497 4629 3743 4700; x_wconf 76' lang='grc' dir='ltr'>χρῶμα-</span> 
     </span>
    </p>
   </div>
   <div class='ocr_carea' id='block_1_95' title="bbox 2152 4717 3741 4795">
    <p class='ocr_par' dir='ltr' id='par_1_95' title="bbox 2152 4717 3741 4795">
     <span class='ocr_line' id='line_1_95' title="bbox 2152 4717 3741 4795; baseline -0.007 -17"><span class='ocrx_word' id='word_1_679' title='bbox 2152 4742 2236 4778; x_wconf 80' lang='grc' dir='ltr'><strong>σιν</strong></span> <span class='ocrx_word' id='word_1_680' title='bbox 2270 4723 2692 4795; x_wconf 79' lang='grc' dir='ltr'>ἐγχαράττεται,</span> <span class='ocrx_word' id='word_1_681' title='bbox 2726 4721 2795 4775; x_wconf 87' lang='grc' dir='ltr'>τὰ</span> <span class='ocrx_word' id='word_1_682' title='bbox 2840 4720 2897 4774; x_wconf 82' lang='grc' dir='ltr'>δὲ</span> <span class='ocrx_word' id='word_1_683' title='bbox 2950 4718 3287 4789; x_wconf 87' lang='grc' dir='ltr'>παχυτέραις</span> <span class='ocrx_word' id='word_1_684' title='bbox 3320 4717 3414 4770; x_wconf 77' lang='grc' dir='ltr'>καὶ</span> <span class='ocrx_word' id='word_1_685' title='bbox 3463 4720 3741 4771; x_wconf 79' lang='grc' dir='ltr'>ποικιλω-</span> 
     </span>
    </p>
   </div>
   <div class='ocr_carea' id='block_1_96' title="bbox 462 4809 3744 4894">
    <p class='ocr_par' dir='ltr' id='par_1_96' title="bbox 462 4809 3744 4894">
     <span class='ocr_line' id='line_1_96' title="bbox 462 4809 3744 4894; baseline -0.004 -19"><span class='ocrx_word' id='word_1_686' title='bbox 462 4823 653 4891; x_wconf 83' lang='grc' dir='ltr'>τέραις</span> <span class='ocrx_word' id='word_1_687' title='bbox 681 4826 803 4888; x_wconf 84' lang='grc' dir='ltr'>ταῖς</span> <span class='ocrx_word' id='word_1_688' title='bbox 832 4821 1128 4894; x_wconf 86' lang='grc' dir='ltr'>γραμμαῖς</span> <span class='ocrx_word' id='word_1_689' title='bbox 1158 4818 1259 4872; x_wconf 84' lang='grc' dir='ltr'>καὶ</span> <span class='ocrx_word' id='word_1_690' title='bbox 1279 4819 1397 4882; x_wconf 84' lang='grc' dir='ltr'>τοῖς</span> <span class='ocrx_word' id='word_1_691' title='bbox 1431 4818 1678 4889; x_wconf 84' lang='grc' dir='ltr'>σχήμασι</span> <span class='ocrx_word' id='word_1_692' title='bbox 1740 4818 2321 4890; x_wconf 87' lang='grc' dir='ltr'>χρωματουργούμενα</span> <span class='ocrx_word' id='word_1_693' title='bbox 2382 4816 2773 4887; x_wconf 82' lang='grc' dir='ltr'>διαγράφεται,</span> <span class='ocrx_word' id='word_1_694' title='bbox 2843 4815 2936 4867; x_wconf 76' lang='grc' dir='ltr'>καὶ</span> <span class='ocrx_word' id='word_1_695' title='bbox 2979 4811 3116 4864; x_wconf 79' lang='grc' dir='ltr'>πολὺ</span> <span class='ocrx_word' id='word_1_696' title='bbox 3160 4811 3220 4864; x_wconf 80' lang='grc' dir='ltr'><strong>τὸ</strong></span> <span class='ocrx_word' id='word_1_697' title='bbox 3265 4810 3407 4864; x_wconf 82' lang='grc' dir='ltr'><strong>κατὰ</strong></span> <span class='ocrx_word' id='word_1_698' title='bbox 3453 4810 3554 4881; x_wconf 76' lang='grc' dir='ltr'>τὴν</span> <span class='ocrx_word' id='word_1_699' title='bbox 3597 4809 3744 4881; x_wconf 83' lang='grc' dir='ltr'>ὓλην</span> 
     </span>
    </p>
   </div>
   <div class='ocr_carea' id='block_1_97' title="bbox 430 4913 1541 4986">
    <p class='ocr_par' dir='ltr' id='par_1_97' title="bbox 430 4913 1541 4986">
     <span class='ocr_line' id='line_1_97' title="bbox 430 4913 1541 4986; baseline 0.004 -22"><span class='ocrx_word' id='word_1_700' title='bbox 430 4918 522 4970; x_wconf 82' lang='grc' dir='ltr'>,ἐν</span> <span class='ocrx_word' id='word_1_701' title='bbox 551 4915 735 4980; x_wconf 85' lang='grc' dir='ltr'>αὐτοῖς</span> <span class='ocrx_word' id='word_1_702' title='bbox 766 4913 1167 4986; x_wconf 81' lang='grc' dir='ltr'>διηλλαγμένον</span> <span class='ocrx_word' id='word_1_703' title='bbox 1196 4913 1541 4982; x_wconf 87' lang='grc' dir='ltr'>ἐμφαίνεται.</span> 
     </span>
    </p>
   </div>
   <div class='ocr_carea' id='block_1_98' title="bbox 536 5007 2035 5077">
    <p class='ocr_par' dir='ltr' id='par_1_98' title="bbox 536 5007 2035 5077">
     <span class='ocr_line' id='line_1_98' title="bbox 536 5007 2035 5077; baseline -0.001 -14"><span class='ocrx_word' id='word_1_704' title='bbox 536 5009 628 5064; x_wconf 72' lang='lat'><strong>62.</strong></span> <span class='ocrx_word' id='word_1_705' title='bbox 672 5008 828 5076; x_wconf 84' lang='lat' dir='ltr'><strong>Quod</strong></span> <span class='ocrx_word' id='word_1_706' title='bbox 858 5009 904 5065; x_wconf 86' lang='lat' dir='ltr'><strong>si</strong></span> <span class='ocrx_word' id='word_1_707' title='bbox 931 5009 1205 5063; x_wconf 87' lang='lat' dir='ltr'><strong>curiosius</strong></span> <span class='ocrx_word' id='word_1_708' title='bbox 1238 5007 1600 5077; x_wconf 75' lang='lat' dir='ltr'><strong>indagandum</strong></span> <span class='ocrx_word' id='word_1_709' title='bbox 1631 5017 1741 5072; x_wconf 88' lang='lat' dir='ltr'><strong>cst,</strong></span> <span class='ocrx_word' id='word_1_710' title='bbox 1790 5007 1906 5062; x_wconf 69' lang='lat' dir='ltr'><strong>hmc</strong></span> <span class='ocrx_word' id='word_1_711' title='bbox 1939 5023 2035 5077; x_wconf 87' lang='lat' dir='ltr'><strong>po-</strong></span> 
     </span>
    </p>
   </div>
   <div class='ocr_carea' id='block_1_99' title="bbox 464 5100 2040 5171">
    <p class='ocr_par' dir='ltr' id='par_1_99' title="bbox 464 5100 2040 5171">
     <span class='ocr_line' id='line_1_99' title="bbox 464 5100 2040 5171; baseline -0.003 -14"><span class='ocrx_word' id='word_1_712' title='bbox 464 5105 570 5157; x_wconf 87' lang='lat' dir='ltr'><strong>tius</strong></span> <span class='ocrx_word' id='word_1_713' title='bbox 594 5116 757 5171; x_wconf 89' lang='lat' dir='ltr'><strong>quam</strong></span> <span class='ocrx_word' id='word_1_714' title='bbox 779 5101 871 5156; x_wconf 87' lang='lat' dir='ltr'><strong>illa</strong></span> <span class='ocrx_word' id='word_1_715' title='bbox 903 5100 1203 5171; x_wconf 69' lang='lat' dir='ltr'><strong>praevalere</strong></span> <span class='ocrx_word' id='word_1_716' title='bbox 1230 5100 1591 5169; x_wconf 77' lang='lat' dir='ltr'><strong>videbuntur;</strong></span> <span class='ocrx_word' id='word_1_717' title='bbox 1623 5102 1749 5169; x_wconf 90' lang='lat' dir='ltr'><strong>quia</strong></span> <span class='ocrx_word' id='word_1_718' title='bbox 1774 5101 1862 5154; x_wconf 88' lang='lat' dir='ltr'><strong>illa</strong></span> <span class='ocrx_word' id='word_1_719' title='bbox 1889 5101 2040 5155; x_wconf 79' lang='lat' dir='ltr'><strong>audi-</strong></span> 
     </span>
    </p>
   </div>
   <div class='ocr_carea' id='block_1_100' title="bbox 465 5191 2043 5262">
    <p class='ocr_par' dir='ltr' id='par_1_100' title="bbox 465 5191 2043 5262">
     <span class='ocr_line' id='line_1_100' title="bbox 465 5191 2043 5262; baseline 0.003 -19"><span class='ocrx_word' id='word_1_720' title='bbox 465 5200 576 5244; x_wconf 91' lang='lat' dir='ltr'><strong>tum</strong></span> <span class='ocrx_word' id='word_1_721' title='bbox 605 5191 982 5247; x_wconf 86' lang='lat' dir='ltr'><strong>tantummodo</strong></span> <span class='ocrx_word' id='word_1_722' title='bbox 1006 5192 1250 5260; x_wconf 83' lang='lat' dir='ltr'><strong>pulsant,</strong></span> <span class='ocrx_word' id='word_1_723' title='bbox 1281 5191 1397 5248; x_wconf 66' lang='lat' dir='ltr'><strong>haec</strong></span> <span class='ocrx_word' id='word_1_724' title='bbox 1419 5203 1600 5247; x_wconf 88' lang='lat' dir='ltr'><strong>autem</strong></span> <span class='ocrx_word' id='word_1_725' title='bbox 1627 5193 1801 5247; x_wconf 83' lang='lat' dir='ltr'><strong>visum</strong></span> <span class='ocrx_word' id='word_1_726' title='bbox 1826 5206 2043 5262; x_wconf 84' lang='lat' dir='ltr'><strong>quoque</strong></span> 
     </span>
    </p>
   </div>
   <div class='ocr_carea' id='block_1_101' title="bbox 464 5280 2039 5351">
    <p class='ocr_par' dir='ltr' id='par_1_101' title="bbox 464 5280 2039 5351">
     <span class='ocr_line' id='line_1_101' title="bbox 464 5280 2039 5351; baseline -0.001 -17"><span class='ocrx_word' id='word_1_727' title='bbox 464 5280 783 5349; x_wconf 85' lang='lat' dir='ltr'><strong>attrahunt;</strong></span> <span class='ocrx_word' id='word_1_728' title='bbox 817 5290 874 5336; x_wconf 92' lang='lat' dir='ltr'><strong>et</strong></span> <span class='ocrx_word' id='word_1_729' title='bbox 933 5281 1022 5335; x_wconf 83' lang='lat' dir='ltr'><strong>illa</strong></span> <span class='ocrx_word' id='word_1_730' title='bbox 1076 5280 1294 5351; x_wconf 88' lang='lat' dir='ltr'><strong>quidem</strong></span> <span class='ocrx_word' id='word_1_731' title='bbox 1347 5281 1621 5345; x_wconf 85' lang='lat' dir='ltr'><strong>celeriter,</strong></span> <span class='ocrx_word' id='word_1_732' title='bbox 1688 5280 1805 5333; x_wconf 68' lang='lat' dir='ltr'><strong>bare</strong></span> <span class='ocrx_word' id='word_1_733' title='bbox 1859 5288 2039 5333; x_wconf 86' lang='lat' dir='ltr'><strong>autem</strong></span> 
     </span>
    </p>
   </div>
   <div class='ocr_carea' id='block_1_102' title="bbox 454 5369 2041 5444">
    <p class='ocr_par' dir='ltr' id='par_1_102' title="bbox 454 5369 2041 5444">
     <span class='ocr_line' id='line_1_102' title="bbox 454 5369 2041 5444; baseline -0.001 -17"><span class='ocrx_word' id='word_1_734' title='bbox 454 5373 616 5429; x_wconf 88' lang='lat' dir='ltr'><strong>ocius</strong></span> <span class='ocrx_word' id='word_1_735' title='bbox 649 5373 1057 5444; x_wconf 89' lang='lat' dir='ltr'><strong>propositarum</strong></span> <span class='ocrx_word' id='word_1_736' title='bbox 1086 5388 1272 5429; x_wconf 89' lang='lat' dir='ltr'><strong>rerum</strong></span> <span class='ocrx_word' id='word_1_737' title='bbox 1311 5372 1557 5428; x_wconf 91' lang='lat' dir='ltr'><strong>notitiam</strong></span> <span class='ocrx_word' id='word_1_738' title='bbox 1586 5370 1848 5426; x_wconf 82' lang='lat' dir='ltr'><strong>exhibent</strong></span> <span class='ocrx_word' id='word_1_739' title='bbox 1881 5387 1897 5424; x_wconf 91' lang='lat'><strong>:</strong></span> <span class='ocrx_word' id='word_1_740' title='bbox 1929 5369 2041 5425; x_wconf 89' lang='lat' dir='ltr'><strong>imo</strong></span> 
     </span>
    </p>
   </div>
   <div class='ocr_carea' id='block_1_103' title="bbox 460 5463 2042 5537">
    <p class='ocr_par' dir='ltr' id='par_1_103' title="bbox 460 5463 2042 5537">
     <span class='ocr_line' id='line_1_103' title="bbox 460 5463 2042 5537; baseline -0.003 -16"><span class='ocrx_word' id='word_1_741' title='bbox 460 5479 597 5521; x_wconf 72' lang='lat' dir='ltr'><strong>vero</strong></span> <span class='ocrx_word' id='word_1_742' title='bbox 617 5467 766 5522; x_wconf 84' lang='lat' dir='ltr'><strong>visus</strong></span> <span class='ocrx_word' id='word_1_743' title='bbox 787 5467 1091 5537; x_wconf 89' lang='lat' dir='ltr'><strong>promptior</strong></span> <span class='ocrx_word' id='word_1_744' title='bbox 1111 5474 1195 5521; x_wconf 86' lang='lat' dir='ltr'><strong>est</strong></span> <span class='ocrx_word' id='word_1_745' title='bbox 1230 5474 1286 5520; x_wconf 87' lang='lat' dir='ltr'><strong>et</strong></span> <span class='ocrx_word' id='word_1_746' title='bbox 1313 5476 1577 5535; x_wconf 84' lang='lat' dir='ltr'><strong>persuasu</strong></span> <span class='ocrx_word' id='word_1_747' title='bbox 1603 5463 1845 5527; x_wconf 79' lang='lat' dir='ltr'><strong>facilior;</strong></span> <span class='ocrx_word' id='word_1_748' title='bbox 1871 5478 2042 5532; x_wconf 85' lang='lat' dir='ltr'><strong>quan-</strong></span> 
     </span>
    </p>
   </div>
   <div class='ocr_carea' id='block_1_104' title="bbox 467 5554 2037 5626">
    <p class='ocr_par' dir='ltr' id='par_1_104' title="bbox 467 5554 2037 5626">
     <span class='ocr_line' id='line_1_104' title="bbox 467 5554 2037 5626; baseline -0.002 -15"><span class='ocrx_word' id='word_1_749' title='bbox 467 5555 757 5625; x_wconf 88' lang='lat' dir='ltr'><strong>doquidem</strong></span> <span class='ocrx_word' id='word_1_750' title='bbox 811 5568 866 5613; x_wconf 91' lang='lat' dir='ltr'><strong>et</strong></span> <span class='ocrx_word' id='word_1_751' title='bbox 911 5558 1027 5626; x_wconf 90' lang='lat' dir='ltr'><strong>ipse</strong></span> <span class='ocrx_word' id='word_1_752' title='bbox 1057 5556 1280 5612; x_wconf 89' lang='lat' dir='ltr'><strong>auditus</strong></span> <span class='ocrx_word' id='word_1_753' title='bbox 1327 5572 1356 5611; x_wconf 89' lang='lat' dir='ltr'><strong>a</strong></span> <span class='ocrx_word' id='word_1_754' title='bbox 1390 5555 1510 5610; x_wconf 81' lang='lat' dir='ltr'><strong>visu</strong></span> <span class='ocrx_word' id='word_1_755' title='bbox 1546 5554 1835 5622; x_wconf 75' lang='lat' dir='ltr'><strong>praeveniri</strong></span> <span class='ocrx_word' id='word_1_756' title='bbox 1879 5555 2037 5609; x_wconf 85' lang='lat' dir='ltr'><strong>solet.</strong></span> 
     </span>
    </p>
   </div>
   <div class='ocr_carea' id='block_1_105' title="bbox 466 5645 2039 5718">
    <p class='ocr_par' dir='ltr' id='par_1_105' title="bbox 466 5645 2039 5718">
     <span class='ocr_line' id='line_1_105' title="bbox 466 5645 2039 5718; baseline -0.001 -16"><span class='ocrx_word' id='word_1_757' title='bbox 466 5645 638 5703; x_wconf 85' lang='lat' dir='ltr'><strong>Porro</strong></span> <span class='ocrx_word' id='word_1_758' title='bbox 664 5663 784 5718; x_wconf 64' lang='lat' dir='ltr'><strong>quae</strong></span> <span class='ocrx_word' id='word_1_759' title='bbox 810 5648 1082 5705; x_wconf 86' lang='lat' dir='ltr'><strong>audiendo</strong></span> <span class='ocrx_word' id='word_1_760' title='bbox 1115 5647 1428 5712; x_wconf 87' lang='lat' dir='ltr'><strong>didicimus,</strong></span> <span class='ocrx_word' id='word_1_761' title='bbox 1455 5646 1660 5703; x_wconf 85' lang='lat' dir='ltr'><strong>oblivio</strong></span> <span class='ocrx_word' id='word_1_762' title='bbox 1688 5655 1929 5717; x_wconf 84' lang='lat' dir='ltr'><strong>tempore</strong></span> <span class='ocrx_word' id='word_1_763' title='bbox 1958 5646 2039 5699; x_wconf 90' lang='lat' dir='ltr'><strong>in-</strong></span> 
     </span>
    </p>
   </div>
   <div class='ocr_carea' id='block_1_106' title="bbox 2222 4992 3747 5072">
    <p class='ocr_par' dir='ltr' id='par_1_106' title="bbox 2222 4992 3747 5072">
     <span class='ocr_line' id='line_1_106' title="bbox 2222 4992 3747 5072; baseline -0.013 -16"><span class='ocrx_word' id='word_1_764' title='bbox 2222 5000 2319 5072; x_wconf 81' lang='grc' dir='ltr'><strong>ξβ’.</strong></span> <span class='ocrx_word' id='word_1_765' title='bbox 2359 5001 2420 5055; x_wconf 79' lang='lat' dir='ltr'><strong>Ei</strong></span> <span class='ocrx_word' id='word_1_766' title='bbox 2447 5000 2504 5054; x_wconf 87' lang='grc' dir='ltr'><strong>δέ</strong></span> <span class='ocrx_word' id='word_1_767' title='bbox 2541 4996 2734 5070; x_wconf 78' lang='grc' dir='ltr'>τι’χρὴ</span> <span class='ocrx_word' id='word_1_768' title='bbox 2783 4995 3211 5068; x_wconf 83' lang='grc' dir='ltr'>περιεργότερον</span> <span class='ocrx_word' id='word_1_769' title='bbox 3254 4992 3525 5059; x_wconf 77' lang='grc' dir='ltr'>ἐπελθεῖν,</span> <span class='ocrx_word' id='word_1_770' title='bbox 3560 4994 3747 5066; x_wconf 59' lang='grc' dir='ltr'>ὸφϐή-</span> 
     </span>
    </p>
   </div>
   <div class='ocr_carea' id='block_1_107' title="bbox 2150 5086 3745 5163">
    <p class='ocr_par' dir='ltr' id='par_1_107' title="bbox 2150 5086 3745 5163">
     <span class='ocr_line' id='line_1_107' title="bbox 2150 5086 3745 5163; baseline -0.006 -15"><span class='ocrx_word' id='word_1_771' title='bbox 2150 5112 2305 5149; x_wconf 85' lang='grc' dir='ltr'>σεται</span> <span class='ocrx_word' id='word_1_772' title='bbox 2343 5092 2521 5147; x_wconf 85' lang='grc' dir='ltr'>ταῦτα</span> <span class='ocrx_word' id='word_1_773' title='bbox 2553 5091 2755 5163; x_wconf 75' lang='grc' dir='ltr'>μᾶλλον</span> <span class='ocrx_word' id='word_1_774' title='bbox 2784 5088 3008 5143; x_wconf 83' lang='grc' dir='ltr'>ἐκείνων</span> <span class='ocrx_word' id='word_1_775' title='bbox 3030 5087 3089 5141; x_wconf 80' lang='grc' dir='ltr'><strong>ἐν</strong></span> <span class='ocrx_word' id='word_1_776' title='bbox 3118 5104 3231 5140; x_wconf 91' lang='grc' dir='ltr'>τισι</span> <span class='ocrx_word' id='word_1_777' title='bbox 3265 5086 3745 5154; x_wconf 78' lang='grc' dir='ltr'>πλεονεκτοῦντα,</span> 
     </span>
    </p>
   </div>
   <div class='ocr_carea' id='block_1_108' title="bbox 2149 5179 3749 5256">
    <p class='ocr_par' dir='ltr' id='par_1_108' title="bbox 2149 5179 3749 5256">
     <span class='ocr_line' id='line_1_108' title="bbox 2149 5179 3749 5256; baseline -0.007 -15"><span class='ocrx_word' id='word_1_778' title='bbox 2149 5189 2232 5241; x_wconf 79' lang='grc' dir='ltr'>ὅτι</span> <span class='ocrx_word' id='word_1_779' title='bbox 2261 5185 2329 5240; x_wconf 87' lang='grc' dir='ltr'><strong>τά</strong></span> <span class='ocrx_word' id='word_1_780' title='bbox 2390 5184 2491 5256; x_wconf 80' lang='grc' dir='ltr'>μὲν</span> <span class='ocrx_word' id='word_1_781' title='bbox 2524 5184 2625 5255; x_wconf 81' lang='grc' dir='ltr'><strong>τὴν</strong></span> <span class='ocrx_word' id='word_1_782' title='bbox 2663 5181 2834 5253; x_wconf 83' lang='grc' dir='ltr'>ἀκοὴν</span> <span class='ocrx_word' id='word_1_783' title='bbox 2889 5181 3059 5251; x_wconf 86' lang='grc' dir='ltr'>μόνην</span> <span class='ocrx_word' id='word_1_784' title='bbox 3108 5180 3400 5248; x_wconf 86' lang='grc' dir='ltr'>ἐπάγεται,</span> <span class='ocrx_word' id='word_1_785' title='bbox 3435 5179 3506 5232; x_wconf 81' lang='grc' dir='ltr'>τὰ</span> <span class='ocrx_word' id='word_1_786' title='bbox 3549 5180 3609 5235; x_wconf 85' lang='grc' dir='ltr'>δὲ</span> <span class='ocrx_word' id='word_1_787' title='bbox 3646 5180 3749 5234; x_wconf 71' lang='grc' dir='ltr'><strong>καὶ</strong></span> 
     </span>
    </p>
   </div>
   <div class='ocr_carea' id='block_1_109' title="bbox 2147 5269 3749 5349">
    <p class='ocr_par' dir='ltr' id='par_1_109' title="bbox 2147 5269 3749 5349">
     <span class='ocr_line' id='line_1_109' title="bbox 2147 5269 3749 5349; baseline -0.006 -17"><span class='ocrx_word' id='word_1_788' title='bbox 2147 5277 2249 5349; x_wconf 86' lang='grc' dir='ltr'><strong>τὴν</strong></span> <span class='ocrx_word' id='word_1_789' title='bbox 2279 5277 2402 5347; x_wconf 76' lang='grc' dir='ltr'>ὄψιν</span> <span class='ocrx_word' id='word_1_790' title='bbox 2436 5275 2746 5346; x_wconf 81' lang='grc' dir='ltr'>ἐφέλκεται,</span> <span class='ocrx_word' id='word_1_791' title='bbox 2772 5274 2866 5326; x_wconf 71' lang='grc' dir='ltr'><strong>καὶ</strong></span> <span class='ocrx_word' id='word_1_792' title='bbox 2894 5272 2962 5326; x_wconf 83' lang='grc' dir='ltr'><strong>τά</strong></span> <span class='ocrx_word' id='word_1_793' title='bbox 2990 5272 3092 5343; x_wconf 81' lang='grc' dir='ltr'>μὲν</span> <span class='ocrx_word' id='word_1_794' title='bbox 3114 5271 3275 5340; x_wconf 83' lang='grc' dir='ltr'>ταχὺ,</span> <span class='ocrx_word' id='word_1_795' title='bbox 3326 5269 3398 5324; x_wconf 85' lang='grc' dir='ltr'>τὰ</span> <span class='ocrx_word' id='word_1_796' title='bbox 3450 5271 3507 5324; x_wconf 87' lang='grc' dir='ltr'><strong>δέ</strong></span> <span class='ocrx_word' id='word_1_797' title='bbox 3539 5271 3749 5327; x_wconf 80' lang='grc' dir='ltr'>θᾶττον</span> 
     </span>
    </p>
   </div>
   <div class='ocr_carea' id='block_1_110' title="bbox 2149 5362 3751 5440">
    <p class='ocr_par' dir='ltr' id='par_1_110' title="bbox 2149 5362 3751 5440">
     <span class='ocr_line' id='line_1_110' title="bbox 2149 5362 3751 5440; baseline -0.007 -17"><span class='ocrx_word' id='word_1_798' title='bbox 2149 5368 2457 5440; x_wconf 81' lang='grc' dir='ltr'>παρέχουσι</span> <span class='ocrx_word' id='word_1_799' title='bbox 2504 5366 2613 5421; x_wconf 80' lang='grc' dir='ltr'><strong>τῶν</strong></span> <span class='ocrx_word' id='word_1_800' title='bbox 2666 5364 3050 5436; x_wconf 81' lang='grc' dir='ltr'>προκειμένων</span> <span class='ocrx_word' id='word_1_801' title='bbox 3107 5362 3207 5435; x_wconf 84' lang='grc' dir='ltr'>τὴν</span> <span class='ocrx_word' id='word_1_802' title='bbox 3241 5362 3568 5431; x_wconf 82' lang='grc' dir='ltr'>διάγνωσιν·</span> <span class='ocrx_word' id='word_1_803' title='bbox 3625 5366 3751 5430; x_wconf 79' lang='grc' dir='ltr'><strong>ὅσῳ</strong></span> 
     </span>
    </p>
   </div>
   <div class='ocr_carea' id='block_1_111' title="bbox 2148 5454 3744 5531">
    <p class='ocr_par' dir='ltr' id='par_1_111' title="bbox 2148 5454 3744 5531">
     <span class='ocr_line' id='line_1_111' title="bbox 2148 5454 3744 5531; baseline -0.007 -15"><span class='ocrx_word' id='word_1_804' title='bbox 2148 5463 2243 5516; x_wconf 81' lang='grc' dir='ltr'>καὶ</span> <span class='ocrx_word' id='word_1_805' title='bbox 2272 5462 2395 5531; x_wconf 74' lang='grc' dir='ltr'>ὄψις</span> <span class='ocrx_word' id='word_1_806' title='bbox 2425 5460 2597 5531; x_wconf 83' lang='grc' dir='ltr'>ἀκοῆς</span> <span class='ocrx_word' id='word_1_807' title='bbox 2620 5457 3013 5528; x_wconf 77' lang='grc' dir='ltr'>συντομωτέρα</span> <span class='ocrx_word' id='word_1_808' title='bbox 3038 5469 3100 5507; x_wconf 87' lang='grc' dir='ltr'><strong>τε</strong></span> <span class='ocrx_word' id='word_1_809' title='bbox 3141 5455 3237 5509; x_wconf 79' lang='grc' dir='ltr'>καὶ</span> <span class='ocrx_word' id='word_1_810' title='bbox 3286 5454 3695 5524; x_wconf 82' lang='grc' dir='ltr'>εύπειθεστέρα</span> <span class='ocrx_word' id='word_1_811' title='bbox 3729 5467 3744 5480; x_wconf 88' lang='grc'><strong>·</strong></span> 
     </span>
    </p>
   </div>
   <div class='ocr_carea' id='block_1_112' title="bbox 2149 5545 3743 5631">
    <p class='ocr_par' dir='ltr' id='par_1_112' title="bbox 2149 5545 3743 5631">
     <span class='ocr_line' id='line_1_112' title="bbox 2149 5545 3743 5631; baseline -0.009 -24"><span class='ocrx_word' id='word_1_812' title='bbox 2149 5553 2383 5625; x_wconf 87' lang='grc' dir='ltr'>ἐπείπερ</span> <span class='ocrx_word' id='word_1_813' title='bbox 2442 5552 2618 5607; x_wconf 77' lang='grc' dir='ltr'>καὶτὸ</span> <span class='ocrx_word' id='word_1_814' title='bbox 2656 5551 2921 5605; x_wconf 81' lang='grc' dir='ltr'>ἀκουστὸν</span> <span class='ocrx_word' id='word_1_815' title='bbox 2976 5548 3084 5631; x_wconf 66' lang='grc' dir='ltr'>ύτιὸ</span> <span class='ocrx_word' id='word_1_816' title='bbox 3123 5547 3217 5601; x_wconf 87' lang='grc' dir='ltr'><strong>τοῦ</strong></span> <span class='ocrx_word' id='word_1_817' title='bbox 3270 5545 3470 5618; x_wconf 77' lang='grc' dir='ltr'>ὁρατοῦ</span> <span class='ocrx_word' id='word_1_818' title='bbox 3514 5546 3743 5614; x_wconf 81' lang='grc' dir='ltr'>πέφυκε</span> 
     </span>
    </p>
   </div>
   <div class='ocr_carea' id='block_1_113' title="bbox 2154 5640 3735 5718">
    <p class='ocr_par' dir='ltr' id='par_1_113' title="bbox 2154 5640 3735 5718">
     <span class='ocr_line' id='line_1_113' title="bbox 2154 5640 3735 5718; baseline 0 -18"><span class='ocrx_word' id='word_1_819' title='bbox 2154 5646 2478 5715; x_wconf 80' lang='grc' dir='ltr'>φθάνεσθαι,</span> <span class='ocrx_word' id='word_1_820' title='bbox 2509 5648 2602 5701; x_wconf 71' lang='grc' dir='ltr'><strong>καὶ</strong></span> <span class='ocrx_word' id='word_1_821' title='bbox 2627 5647 2693 5701; x_wconf 78' lang='grc' dir='ltr'>τὰ</span> <span class='ocrx_word' id='word_1_822' title='bbox 2717 5646 2815 5718; x_wconf 82' lang='grc' dir='ltr'><strong>μὲν</strong></span> <span class='ocrx_word' id='word_1_823' title='bbox 2846 5641 3098 5713; x_wconf 67' lang='grc' dir='ltr'>ἐξὰκοῆς</span> <span class='ocrx_word' id='word_1_824' title='bbox 3118 5641 3251 5712; x_wconf 77' lang='grc' dir='ltr'>ἡμῖν</span> <span class='ocrx_word' id='word_1_825' title='bbox 3286 5640 3735 5711; x_wconf 74' lang='grc' dir='ltr'>μαθητευόμενα,</span> 
     </span>
    </p>
   </div>
   <div class='ocr_carea' id='block_1_114' title="bbox 545 5824 2299 5898">
    <p class='ocr_par' dir='ltr' id='par_1_114' title="bbox 545 5824 2299 5898">
     <span class='ocr_line' id='line_1_114' title="bbox 545 5824 2299 5898; baseline 0.001 -19"><span class='ocrx_word' id='word_1_826' title='bbox 545 5824 661 5898; x_wconf 71' lang='grc'><strong>(72)</strong></span> <span class='ocrx_word' id='word_1_827' title='bbox 729 5825 784 5881; x_wconf 94' lang='lat' dir='ltr'><strong>ln</strong></span> <span class='ocrx_word' id='word_1_828' title='bbox 853 5826 1039 5895; x_wconf 80' lang='lat' dir='ltr'><strong>codice</strong></span> <span class='ocrx_word' id='word_1_829' title='bbox 1104 5825 1337 5898; x_wconf 86' lang='grc' dir='ltr'>εὐνοίας,</span> <span class='ocrx_word' id='word_1_830' title='bbox 1405 5827 1497 5884; x_wconf 87' lang='lat' dir='ltr'><strong>sed</strong></span> <span class='ocrx_word' id='word_1_831' title='bbox 1561 5826 1705 5885; x_wconf 88' lang='lat' dir='ltr'><strong>malo</strong></span> <span class='ocrx_word' id='word_1_832' title='bbox 1764 5827 2007 5882; x_wconf 86' lang='lat' dir='ltr'><strong>scribere</strong></span> <span class='ocrx_word' id='word_1_833' title='bbox 2069 5824 2299 5889; x_wconf 70' lang='grc' dir='ltr'>ἐννοίας.</span> 
     </span>
    </p>
   </div>
  </div>
