3994 6416
2527 108 2540 141 ι

365 326 470 393 757
1216 334 1784 398 APOLOGETICUS
1822 339 1971 400 PRO
2009 343 2276 404 smus
2317 345 2799 415 IMAGINIBUS.
3531 355 3636 418 753
3663 367 3676 398 '-

368 443 624 514 τιμῆσαι·
653 441 714 496 οὐ
749 442 857 513 γὰρ
892 442 1044 514 παρὰ
1093 441 1156 496 τὸ
1186 445 1394 510 κακῶς·
1422 449 1550 510 τοὺς
1583 449 1840 519 ἀμαθεῖς,
1873 451 1952 504 ἵνα

2063 457 2304 512 ctelestia
2352 460 2492 516 male
2535 463 2776 517 venerati
2803 470 2954 529 sunt,
2988 462 3240 521 Creatori
3293 480 3628 536 opponentes

369 537 466 590 καὶ
491 534 650 588 τοῦτο
671 534 1080 606 συγχωρηθείη,
1111 538 1227 602 τοῖς
1257 537 1425 608 ἱεροῖς
1453 541 1760 610 προσιέναι,
1789 543 1952 597 ταῦτα

2063 559 2392 616 creaturam,
2431 562 2717 623 propterea
2753 555 3106 625 depretianda
3153 566 3280 612 sunt
3315 534 3405 612 Dei
3433 573 3620 628 oper...

370 626 684 700 ἠτιμῶσθαι
717 627 946 682 δίκαιον·
997 629 1119 683 οὐδὲ
1173 629 1283 700 γὰρ
1313 631 1500 704 ἐπειδή
1551 651 1696 697 τινες
1730 634 1952 706 οὐρανόν

2060 639 2128 693 At
2145 641 2285 694 enim
2311 652 2365 696 tu
2392 645 2622 712 turpiter
2635 647 2828 713 violas,
2857 655 3147 702 conterens
3167 626 3630 719 confringensque

369 737 431 774 τε
483 720 576 774 καὶ
611 720 678 773 τά
729 719 850 773 κατ’
905 721 1140 792 οὐρανὸν
1189 723 1378 786 κακῶς
1426 725 1827 796 ἐσεϐάσθησαν,
1880 726 1952 798 τῷ

2060 742 2112 786 et
2158 733 2382 802 pedibus
2413 737 2632 794 calcans
2675 751 2863 793 sacras
2913 753 3030 794 res:
3060 738 3251 792 Nonne
3300 738 3397 794 tibi
3450 739 3631 794 uritur

371 811 582 883 Κτίστῃ
624 810 1119 878 κατεξανιστάντες
1165 813 1264 886 τὴν
1285 815 1489 882 κτίσιν,
1519 817 1611 871 διὰ
1649 818 1808 872 τοῦτο
1837 819 1958 873 ἅτιο

375 903 610 972 μαστὲον
658 903 728 956 τὰ
763 902 858 957 τοῦ
903 903 1038 958 Θεοῦ
1089 907 1394 978 ποιήματαο
1430 909 1546 963 ἀλλ’
1577 909 1822 981 ὑϐρίζεις
1868 913 1956 964 αἱ·

373 996 576 1067 σχρῶς,
611 997 861 1065 συγκλῶν
896 998 990 1053 καὶ
1037 999 1378 1074 διαῤῥηγνὺς
1412 1004 1508 1057 καὶ
1540 1005 1646 1058 ὑπὸ
1682 1005 1850 1071 πόδας
1882 1023 1962 1058 τι-

373 1089 489 1151 θείς
507 1087 572 1142 τά
600 1087 895 1160 σεϐάσμια·
920 1091 1022 1145 οὐκ
1047 1091 1443 1166 ὲμπίμπρασαι
1471 1095 1568 1166 τὴν
1591 1095 1792 1168 ψυχὴν,
1819 1097 1957 1168 πυρὶ⁹

372 1185 738 1255 παραδιδούςς
785 1186 846 1240 οὗ
892 1189 1182 1262 συμφλέγῃ
1229 1192 1323 1245 καὶ
1353 1195 1641 1264 κατατήκῃ
1672 1193 1764 1246 τὸν
1791 1193 1916 1246 νοῦν
1941 1209 1956 1223 ⁸

373 1281 467 1332 καὶ
494 1280 681 1349 χεῖρας
711 1279 968 1352 ἀθέσμως
1013 1284 1318 1352 προτείνων
1347 1287 1441 1340 ἐπὶ
1477 1285 1538 1340 τὸ
1569 1285 1959 1357 θυσιαστήριον

2057 824 2262 892 anima,
2300 827 2425 882 dum
2454 844 2612 886 sacra
2642 830 2892 885 cremas?
2919 845 3026 885 non
3052 829 3147 885 tibi
3182 831 3554 886 inﬂammatur
3577 843 3632 886 et

2061 917 2398 989 colliquescit
2429 921 2698 977 mensiet
2737 923 2862 977 dum
2903 923 3067 992 impie
3109 938 3302 978 manus
3355 923 3513 978 altari
3549 924 3635 976 iu-

2053 1009 2190 1078 -fcrs,
2235 1027 2344 1066 non
2385 1011 2760 1082 obstupescis?
2792 1011 2930 1069 llinc
2971 1013 3030 1069 lit
3060 1013 3400 1082 exploratum
3463 1023 3513 1068 te
3559 1017 3640 1066 vi-

2063 1103 2202 1158 tioso
2229 1103 2432 1158 circulo
2457 1104 2507 1159 in
2541 1115 2706 1160 temet
2756 1106 3024 1172 recidere,
3058 1118 3225 1177 atque
3253 1117 3311 1161 ut
3334 1121 3527 1162 canem
3564 1107 3632 1160 ad

2061 1192 2333 1262 proprium
2359 1195 2620 1248 vomitum
2655 1197 2876 1253 reverti.
2921 1195 2991 1251 Et
3021 1196 3236 1254 illorum
3269 1198 3494 1268 quidem
3529 1197 3630 1252 int.-

2059 1285 2301 1354 probitas
2325 1298 2390 1339 ac
2411 1285 2638 1341 stultitia
2655 1287 2726 1344 ita
2751 1302 2810 1342 se
2836 1289 3020 1343 habet.

370 1373 434 1426 οὐ
485 1377 893 1448 καταναρκᾷςς.
936 1377 1063 1446 Ὑφ’
1109 1371 1184 1431 ὧν
1235 1378 1597 1450 ἐληλεγμένος
1647 1377 1716 1446 εἴ,
1748 1379 1824 1446 ὡς
1872 1381 1952 1442 εἰς
1992 1378 2182 1432 ἑαυτὸν
2217 1376 2551 1448 ἐπανήκεις,
2586 1379 2682 1432 καὶ
2731 1379 2810 1444 ὡς
2841 1381 2987 1435 κύων
3013 1383 3108 1436 ἐπὶ
3127 1383 3218 1438 τὸν
3279 1385 3410 1439 ῐδιον
3441 1384 3635 1456 ἔμετον

370 1467 680 1539 ἐπιστρέφῃ
712 1468 812 1539 τῆς
841 1469 1052 1534 ἀθεΐαςο
1092 1472 1186 1523 καὶ
1219 1472 1248 1524 ὁ
1283 1471 1382 1540 μὲν
1413 1471 1515 1541 τῆς
1548 1471 1772 1526 ἐκείνων
1807 1471 2130 1546 σκαιότητος
2161 1471 2254 1524 καὶ
2291 1471 2654 1542 ματαιότητος
2681 1473 2886 1545 τρόπος
2909 1477 3174 1541 τοιοῦτος.

445 1557 553 1623 ξς¹.
597 1557 655 1612 '0
685 1558 742 1612 δέ
764 1576 827 1628 γε
851 1560 949 1631 τῆς
965 1559 1222 1632 ἀληθείας
1252 1561 1410 1632 λόγος
1444 1563 1584 1632 φωτὶ
1611 1564 1813 1634 ὁμοίιος
1841 1566 1952 1628 τοῖς

2133 1561 2221 1616 66.
2254 1561 2478 1618 interim
2508 1578 2675 1631 porro
2707 1565 2948 1620 veritatis
2997 1567 3156 1633 ratio,
3196 1583 3292 1623 ceu
3346 1567 3459 1633 lux,
3487 1583 3632 1624 cor-

371 1650 632 1720 ὲχὲυρροσι
671 1650 1002 1722 διαλάμπει·
1036 1653 1107 1706 τὰ
1135 1654 1245 1726 γάρ
1291 1655 1466 1726 σεμνά
1515 1657 1907 1728 ἀπεικάσματα
1931 1700 1946 1724 ,

2060 1655 2202 1710 datis
2266 1655 2580 1710 hominibus
2621 1655 3017 1725 expleudescit.
3063 1657 3195 1712 Nam
3255 1668 3458 1713 sanctas
3499 1659 3638 1713 ima-

371 1740 443 1793 δι’
466 1733 542 1792 ὦν
575 1739 634 1794 αἱ
665 1741 880 1811 μνῆμαι
928 1741 1036 1796 τῶν
1073 1741 1242 1812 ἁγίων
1279 1744 1409 1814 ἡμῖν
1441 1743 1784 1814 ἐγγίνονται,
1824 1743 1948 1814 ἱερά

2060 1749 2230 1816 gines,
2257 1746 2452 1816 quibus
2499 1760 2810 1802 sanctorum
2850 1751 3108 1804 memoria
3133 1751 3289 1805 nobis
3319 1750 3634 1816 rel't'icatur,

371 1832 432 1885 τὲ
463 1832 604 1897 εἰσι,
633 1832 726 1888 καὶ
755 1833 883 1896 τοὺς
913 1832 982 1887 τὰ
1018 1833 1150 1902 ἅγια
1181 1834 1548 1904 περιέποντας
1580 1835 1817 1908 ὀνίνησι,
1859 1838 1952 1890 καὶ

2060 1844 2113 1890 et
2157 1849 2324 1889 sacrae
2366 1845 2516 1900 sunt,
2557 1845 2609 1890 et
2663 1851 2758 1890 eos
2801 1837 2892 1907 qui
2935 1847 3152 1893 sanctas
3191 1838 3290 1893 has
3323 1853 3410 1894 res
3453 1838 3640 1894 colunt

371 1926 599 1998 χάριτος
664 1925 1079 1995 ἀναπιμπλᾶσιν
1104 1942 1116 1954 ο

371 2018 547 2088 έναγῆ
581 2017 674 2072 καὶ
707 2017 874 2088 ἄγους
909 2018 1335 2088 ἀποπληροῦντα
1357 2036 1371 2050 ·
1404 2020 1600 2090 ἐπίσης
1635 2020 1743 2090 γάρ
1767 2021 1953 2084 αὐτοῖς

372 2113 445 2168 τὰ
469 2113 562 2167 τοῦ
586 2112 910 2184 πράγματος
932 2111 1044 2180 ἔχει
1064 2129 1078 2143 ·
1103 2111 1305 2180 τιμῶσι
1321 2111 1610 2182 τοιγαροῦν
1631 2111 1754 2175 τοὺς
1779 2111 1954 2176 θείους

377 2206 600 2269 οἴκους,
652 2204 754 2258 οὐκ
807 2204 1030 2274 αἴσχους
1075 2203 1496 2274 ἀποπληροῦσι,
1545 2201 1796 2272 καθάπερ
1849 2205 1956 2256 τινί

377 2297 487 2352 τῶν
519 2297 784 2366 θεολόγων
829 2295 1089 2368 Πατέρων
1117 2295 1273 2368 ἡμῶν
1307 2295 1738 2368 πεφιλοσόφηται
1777 2295 1956 2350 ὲνθεὲ-

376 2391 554 2445 στατά
585 2408 646 2444 τε
686 2393 784 2445 καὶ
821 2389 1171 2462 ὑψηλότατα⁹
1205 2391 1284 2453 είς
1341 2390 1465 2442 ὅσον
1504 2390 1560 2443 δὲ
1605 2390 1954 2460 παρανομίας

369 2483 472 2535 καὶ
503 2481 732 2546 ἀτοπίας
756 2483 784 2536 ό
815 2481 972 2552 λόγος
995 2481 1178 2536 αὐτῶν
1209 2481 1305 2536 καὶ
1324 2481 1398 2535 -τὺ
1437 2481 1747 2552 ἐγχείρημα
1790 2482 1954 2553 αἴρε-

281 2587 301 2592 ·
371 2588 489 2636 ται,
533 2573 629 2626 καὶ
675 2571 928 2627 ἐντεῦθεν
978 2571 1309 2642 κατάφωρον
1359 2570 1738 2642 ποιησόμεθασ
1774 2572 1953 2625 ἐκεῖνο

373 2662 596 2734 πρῶτον
633 2662 956 2726 ἐπελθόντες
981 2661 1062 2730 τῷ
1085 2661 1254 2732 λόγῳ,
1273 2661 1411 2730 ὅπερ
1444 2657 1554 2713 οὐδ’
1577 2659 1757 2725 αὐτοὶ,
1786 2658 1862 2722 ὣς
1885 2676 1950 2728 γε

372 2749 556 2825 οἶμαι,
591 2753 914 2826 ἀρνηθεῖεν,
947 2755 996 2806 εἰ
1028 2753 1104 2824 μὴ
1137 2751 1450 2824 ὁλοτρόπως
1482 2751 1576 2805 καὶ
1610 2750 1808 2823 φρενὸς
1857 2751 1951 2805 καὶ

371 2845 466 2898 νοῦ
497 2843 590 2898 τοῦ
634 2845 972 2915 καθήκοντος
1007 2845 1196 2915 πόρρω
1232 2842 1513 2913 γεγόνασι.
1549 2842 1736 2913 Φαμὲν
1771 2842 1951 2898 τοίνυν

371 2935 452 2998 ὡς
499 2937 528 2989 ὁ
561 2935 704 2990 κατὰ
745 2935 952 2992 Μωσέα
995 2935 1160 3007 νόμος
1196 2935 1406 2990 δέδοται
1456 2934 1608 3006 παρά
1650 2934 1788 2989 Θεοῦ
1837 2937 1952 3000 τοῖς

372 3026 686 3100 ἀνθρώποις
713 3065 730 3091 ,
764 3027 932 3080 οἱονεὶ
974 3025 1233 3098 φραγμοῦ
1289 3025 1606 3098 μεσότοιχον
1656 3043 1949 3099 παρεμπε-

1196 1925 1389 1997 ῶσπερ
1442 1928 1536 1980 καὶ
1581 1927 1690 1980 τῶν
1743 1929 1952 1996 ἐναγῶν

2060 1927 2237 1996 iuvant
2267 1928 2550 1999 gratiaque
2584 1928 2882 1982 cumulant.
2928 1927 3082 1983 Sicut
3115 1945 3146 1984 e
3200 1930 3476 1986 contrario
3531 1932 3636 1984 im-

2059 2033 2314 2086 purorum
2359 2035 2446 2073 res
2490 2020 2714 2087 impurae
2741 2029 2889 2085 sunt,
2923 2031 2979 2074 et
3030 2021 3343 2089 itnpuritate
3379 2022 3631 2076 homines

2057 2109 2314 2164 obruunt.
2357 2109 2457 2163 Par
2495 2109 2637 2164 enim
2671 2111 2745 2166 rei
2773 2111 3059 2181 utriusque
3083 2111 3330 2168 eﬂ‘ectus.
3357 2110 3638 2166 Ilouoraut

2060 2203 2244 2272 itaque
2277 2219 2464 2258 sacras
2491 2205 2635 2257 aedes
2672 2206 2959 2273 imagines,
2992 2219 3096 2258 non
3129 2204 3424 2274 ignominia
3457 2204 3636 2273 inqui.

2061 2304 2215 2360 nant,
2243 2297 2389 2351 sicut
2417 2296 2635 2365 quidam
2669 2296 3038 2366 theologorum
3073 2295 3292 2350 Patrum
3327 2295 3638 2352 sublimiter

2061 2387 2427 2455 divinitusque
2458 2382 2870 2457 philosophatus
2917 2398 3000 2442 est
3026 2387 3163 2456 (73).
3193 2387 3363 2454 Quam
3391 2399 3520 2441 vero
3563 2385 3641 2439 sit

2061 2478 2230 2547 impia
2271 2487 2436 2548 atque
2475 2477 2708 2532 absurda
2757 2478 2984 2531 istorum
3040 2477 3240 2540 oratio,
3267 2477 3393 2530 hinc
3420 2491 3640 2546 quoque

2058 2569 2482 2640 patefaciemus;
2513 2569 2640 2623 illud
2687 2581 2812 2624 aute
2854 2568 3035 2623 omnia
3091 2569 3356 2633 dicentes,
3385 2566 3524 2636 quod
3572 2579 3640 2619 ne

2059 2663 2156 2732 ipsi
2191 2663 2436 2732 quidem,
2467 2673 2521 2716 ut
2554 2669 2706 2732 puto,
2745 2662 3040 2731 negabunt,
3070 2661 3178 2718 nisi
3209 2660 3348 2715 ferte
3378 2659 3545 2714 corde
3574 2673 3640 2712 ae

2057 2761 2237 2808 mente
2262 2769 2290 2806 a
2329 2763 2482 2808 recto
2515 2768 2738 2822 prorsus
2761 2753 2940 2807 ofﬁcio
2988 2760 3360 2809 recesserunt.
3395 2749 3641 2806 Dicimus

2057 2842 2238 2912 itaque
2272 2842 2560 2897 MosaiCam
2609 2843 2782 2912 legent
2809 2857 2840 2896 a
2879 2843 2989 2898 Deo
3023 2844 3202 2898 datam
3245 2840 3414 2897 fuisse
3464 2840 3640 2897 homi-

2058 2935 2238 2999 nilms,
2265 2945 2325 2989 ut
2365 2943 2510 2988 esset
2540 2946 2794 3004 tanquam
2841 2934 3020 3004 paries
3051 2932 3407 3002 interpositus
3451 2945 3638 2987 secer-

2060 3041 2193 3082 nens
2223 3037 2387 3097 atque
2447 3027 2788 3096 distinguens
2825 3041 2946 3096 quae
2995 3039 3404 3096 quaqueversus
3447 3012 3646 3094 sparsa

374 3117 522 3184 σὼν,
557 3119 816 3192 διείργων
858 3119 954 3172 καὶ
986 3117 1243 3189 διορίζων
1275 3117 1347 3172 τά
1385 3119 1562 3190 πάντη
1613 3118 1952 3190 διῳκισμὲνα

2060 3132 2212 3177 erant
2261 3133 2316 3177 et
2368 3122 2579 3178 inﬁnite
2611 3121 2901 3185 distantia;
2933 3129 3096 3190 atque
3145 3134 3174 3173 a
3235 3117 3637 3184 deterioribus,

372 3211 472 3264 καὶ
497 3211 576 3272 είς
602 3211 829 3281 ἄπειρον
867 3210 1254 3280 ἀφεστηκότα,
1288 3211 1384 3265 καὶ
1413 3210 1520 3264 ἀπὸ
1553 3211 1652 3282 μὲν
1690 3210 1799 3265 τῶν
1837 3228 1954 3281 χει-

377 3300 553 3373 ρόνων
574 3301 668 3356 καὶ
701 3301 982 3373 βλαϐερῶν
1010 3303 1110 3376 τῆς
1131 3303 1241 3358 τῶν
1271 3302 1516 3374 ψευδωνύ
1526 3321 1642 3374 μων
1671 3301 1810 3358 θεῶν
1833 3303 1957 3376 βδε-

374 3391 572 3465 λυρίας
610 3393 704 3447 καὶ
760 3395 1129 3468 ματαιότητος
1175 3395 1481 3468 ἀπείργων,
1530 3389 1858 3468 μετανιστάς
1899 3396 1956 3450 δὲ

375 3484 473 3540 καὶ
509 3483 764 3558 μετάγων
796 3485 889 3552 ἐπὶ
915 3485 988 3539 τά
1026 3485 1264 3556 κρείττω
1301 3486 1396 3540 καὶ
1429 3485 1780 3557 ἀσυγκρίτως
1813 3485 1954 3556 ὑψη-

373 3577 574 3648 λότερα
600 3620 616 3644 ,
643 3576 744 3652 τὴν
773 3574 868 3632 τοῦ
907 3577 1079 3644 ὅντως
1121 3576 1272 3644 ὄντος
1321 3575 1458 3634 Θεοῦ
1491 3577 1792 3648 ἐπέγνωσιν
1843 3581 1958 3634 είσ-

377 3667 684 3738 ηγούμενος
703 3685 716 3698 ·
754 3670 930 3738 ἐφιεὶς
959 3668 1017 3723 δὲ
1036 3669 1172 3735 τέως
1205 3669 1319 3732 τοῖς
1349 3667 1410 3722 τὸ
1438 3669 1696 3740 τηνικάδε
1725 3670 1823 3732 τὰς
1847 3671 1957 3724 τῶν

373 3757 589 3828 ἀλόγων
620 3753 776 3825 ζώων
827 3759 1020 3826 θυσίας
1046 3801 1061 3826 ,
1091 3761 1182 3815 διὰ
1224 3759 1287 3815 τό
1318 3760 1432 3815 τῶν
1474 3759 1958 3832 νομοθετουμένων

372 3848 626 3918 ἀσθενὲς,
658 3849 754 3904 καὶ
783 3850 874 3906 ἀεὶ
904 3849 1042 3921 πρὸς
1057 3850 1118 3906 τὸ
1145 3851 1328 3925 χεῖρον
1350 3851 1672 3926 ἑπιρῤεπὲς,
1702 3853 1960 3928 καὶπρὸς

371 3941 434 3994 τὸ
468 3939 760 4007 ζωοθυτείν
809 3941 980 3998 πάλαι
1021 3943 1472 4016 προειθισμένον,
1509 3943 1725 4000 ἐκεῖθέν
1767 3962 1829 3999 τε
1863 3962 1961 4017 με·

367 4028 762 4101 ταρρυθμίζων
793 4031 888 4085 ἐπὶ
913 4031 975 4085 τὸ
1000 4031 1255 4097 εὐπειθὲς
1281 4034 1376 4087 καὶ
1403 4034 1640 4106 εὐήνιον,
1673 4034 1766 4088 ἵνα
1813 4035 1957 4090 κατά

374 4119 552 4190 βραχὺ
583 4122 718 4194 πρὸς
745 4123 843 4196 τὴν
863 4122 974 4177 τῶν
1003 4124 1352 4199 τελεωτέρων
1380 4124 1492 4190 ἕξιν
1515 4125 1952 4196 κατεθιζόμενοι,

373 4215 774 4282 μετανασταῖεν
806 4217 899 4270 ἐπὶ
925 4216 985 4270 τὸ
1013 4217 1239 4288 ἄμεινόν
1268 4233 1328 4270 τε
1357 4218 1449 4270 καὶ
1476 4216 1898 4290 θεοειδέστερον.

455 4304 594 4358 Ἀλλ’
637 4306 765 4362 ἐπεὶ
809 4308 840 4362 ό
893 4308 1057 4380 νόμος
1089 4308 1247 4364 οὐδὲν
1284 4309 1624 4376 ἐτελείωσεν,
1679 4310 1852 4382 ὀργὴν
1897 4309 1962 4362 δὲς

372 4396 578 4468 μᾶλλον
607 4398 688 4470 τῷ
729 4400 1148 4472 παραδεδόσθαι
1191 4401 1622 4473 κατειργάζετο,
1655 4401 1717 4456 οὐ
1761 4401 1848 4456 διὰ
1893 4401 1954 4454 τδ

369 4490 632 4559 φορτικὸν
655 4491 764 4546 τῶν
789 4493 1187 4564 νομιζομένων,
1219 4494 1310 4550 διὰ
1341 4494 1403 4546 τὸ
1439 4493 1715 4565 μοχθηρὸν
1753 4493 1812 4547 δὲ
1838 4494 1948 4549 τῶν
1982 4479 2026 4535 Ῑ)

367 4580 822 4652 παραϐαινόντων
853 4583 1094 4656 (ἠσθένει
1123 4585 1232 4656 γὰρ
1257 4585 1394 4640 διότι
1421 4586 1624 4650 πάντες
1650 4587 1743 4656 ὑφ’
1767 4587 1948 4656 ἀμαρ-

346 4673 490 4725 ατίαν
537 4673 690 4738 ὄντες
721 4674 1019 4748 ἐτύγχανον
1047 4718 1062 4743 ,
1108 4679 1385 4750 προήγετο
1431 4679 1490 4733 δὲ
1533 4679 1673 4752 πρὸς
1705 4679 1805 4750 τὴν
1849 4679 1949 4750 τῆς

361 4766 649 4836 ἁμαρτίας
675 4768 993 4838 διάγνωσιν,
1034 4772 1093 4838 ἐξ
1127 4766 1189 4824 οὗ
1219 4771 1482 4842 ἠλέγχετο
1503 4772 1562 4826 τὸ
1591 4771 1818 4836 ἀσθενὲς
1851 4772 1950 4842 τῆς

367 4857 611 4927 φύσεως,
643 4861 738 4916 καὶ
762 4862 822 4916 τὸ
848 4862 985 4934 πρὸς
1007 4864 1207 4918 κακίαν
1230 4865 1553 4933 εὐόλισθον),
1570 4865 1744 4919 ἐδεῖτο
1765 4861 1951 4918 λοιπὸν

363 4951 462 5006 τοῦ
492 4953 829 5020 τελειοῦντος
859 4957 956 5010 καὶ
992 4959 1326 5028 μετάγοντος
1349 4960 1444 5013 ἐπὶ
1476 4959 1535 5012 τὺ
1561 4958 1770 5030 βέλτιον
1795 4977 1809 4989 ·
1837 4976 1948 5012 τοι-

363 5043 562 5114 γάρτοι
595 5046 656 5100 τὸ
682 5046 946 5103 ἀδύνατον
977 5049 1070 5104 τοῦ
1098 5049 1265 5122 νόμου
1293 5053 1352 5104 ὲν
1377 5044 1421 5120 ᾧ
1451 5051 1674 5126 ἠσθένει
1699 5091 1713 5116 ,
1755 5053 1785 5106 ὁ
1815 5050 1949 5115 Θεὸς

363 5137 461 5190 τὸν
493 5137 694 5192 ἑαυτοῦ
719 5139 848 5194 Υἱὸν
876 5139 1120 5212 πέμψας,
1156 5143 1451 5214 κατέκρινε
1486 5142 1584 5215 τὴν
1627 5143 1904 5215 ἁμαρτίαν
1929 5157 1944 5175 ⁸

361 5228 801 5300 Δεδικαιώμεθα
827 5235 938 5303 γὰρ
963 5233 1033 5289 ἐν
1059 5233 1294 5304 Χριστῷ
1335 5233 1432 5290 διὰ
1464 5235 1746 5302 πίστεως.
1778 5233 1950 5289 Τοῦτο

363 5323 483 5395 γὰρ
512 5323 828 5379 ἐτελείωσεν
868 5328 902 5398 ὴ
952 5326 1115 5398 χάρις
1143 5326 1690 5400 καταπεφοιτηκότος
1736 5323 1829 5379 ἐπὶ
1851 5325 1952 5398 τῆς

365 5417 478 5489 γῆς
507 5416 602 5472 τοῦ
630 5419 834 5490 Λόγου,
863 5423 962 5475 καὶ
998 5420 1088 5476 διά
1111 5423 1315 5494 σαρκὶς
1336 5421 1646 5495 ἀνθρώποις
1678 5436 1948 5493 προσομι-

435 5585 493 5621 ﬂ
520 5594 678 5650 Rom.
737 5593 881 5665 v,l.

2061 3215 2261 3280 noxiis,
2293 3213 2527 3282 falsique
2551 3213 2788 3266 nominis
2817 3211 2922 3267 diis
2953 3210 3375 3266 abominationis
3401 3220 3455 3263 et
3483 3209 3638 3264 vani-

2061 3307 2186 3358 tatis
2211 3313 2488 3367 arertens,
2531 3301 2868 3357 transferens
2907 3311 3086 3354 autem
3121 3311 3282 3368 atque
3311 3308 3642 3354 convertens

2059 3400 2126 3452 ad
2167 3397 2391 3452 meliora
2426 3404 2481 3450 et
2517 3395 3017 3464 incomparabiliter
3043 3394 3369 3459 excelsiora,
3407 3393 3635 3462 verique

2060 3488 2153 3544 Dei
2211 3489 2462 3542 notitiam
2498 3489 2754 3543 edocens.
2788 3487 2855 3541 Et
2900 3483 3224 3556 permittens
3265 3485 3484 3554 quidem
3527 3481 3636 3539 lle-

2059 3579 2218 3636 brazis
2271 3581 2490 3638 interim
2532 3579 2930 3636 irrationalittm
2991 3577 3307 3632 animalium
3339 3574 3634 3639 sacrificia,

2059 3682 2282 3744 propter
2313 3673 2415 3744 legi
2453 3673 2792 3727 subditorum
2831 3660 3201 3731 infimitatem,
3225 3674 3282 3722 et
3317 3663 3636 3721 continuant

2059 3761 2126 3816 ad
2173 3761 2329 3830 pejus
2371 3760 2803 3832 proclivitatem,
2854 3774 3065 3816 necnon
3127 3767 3348 3829 propter
3400 3765 3638 3812 veterem

2061 3853 2312 3908 victimas
2339 3851 2653 3908 immolandi
2679 3851 3047 3916 morem;sed
3101 3859 3286 3904 tamen
3318 3863 3384 3902 ea
3429 3849 3639 3902 ratione

2061 3943 2411 4001 couformans
2444 3944 2510 3998 ad
2558 3943 2922 3999 obedientiam
2970 3941 3138 4013 236
3158 3956 3230 3995 ac
3283 3939 3638 4006 docilitatem,

2062 4046 2120 4092 ttt
2157 4037 2484 4106 pedetentim
2538 4035 2604 4089 ad
2641 4033 2964 4104 perfectiora
3001 4033 3326 4102 .prolitenda
3389 4029 3636 4097 excitati,

2058 4125 2125 4179 ad
2157 4124 2437 4182 meliorem
2465 4124 2890 4193 divinioremque
2912 4123 3126 4179 vivendi
3159 4123 3425 4180 rationem
3443 4123 3638 4178 immu-

2059 4225 2108 4270 ta
2117 4225 2270 4270 rentu
2280 4231 2324 4271 Γ.

2128 4307 2236 4362 Sed
2257 4307 2511 4376 quoniam
2544 4305 2631 4362 lex
2664 4305 2798 4360 nihil
2829 4305 3132 4361 absolutum
3159 4302 3358 4371 eﬂ‘ecit,
3380 4304 3476 4360 sed
3499 4305 3648 4362 iram.

2059 4400 2236 4469 potius
2267 4399 2336 4454 ob
2384 4399 2847 4468 transgressiones
2881 4408 3102 4467 operata
3136 4406 3237 4463 est,
3264 4412 3370 4453 non
3414 4405 3635 4466 propter

2057 4490 2437 4548 mandatorum
2493 4492 2838 4558 gravitatem,
2880 4491 2978 4545 sed
3036 4488 3108 4544 ob
3160 4499 3631 4558 transgressorutn

2056 4583 2360 4649 malitiam;
2415 4581 2628 4637 infirma
2686 4581 2832 4636 enim
2888 4591 3048 4647 erat,
3106 4582 3233 4652 quia
3283 4595 3476 4637 omnes
3529 4581 3634 4637 sub

2057 4685 2282 4746 peccato
2312 4684 2490 4740 erant,
2525 4675 2640 4742 ipsa
2668 4684 2848 4729 autem
2880 4674 2947 4728 ad
2995 4685 3276 4744 peccatum
3307 4675 3636 4744 dignoscen-

2059 4771 2184 4825 dum
2209 4767 2462 4830 ducebat,
2494 4769 2638 4821 unde
2667 4777 2876 4821 naturae
2896 4767 3184 4823 infirmitas
3216 4766 3640 4836 coarguebatur,

2061 4870 2116 4916 et
2149 4862 2213 4916 ad
2245 4860 2580 4930 peccandum
2607 4859 2954 4928 proclivitas;
2985 4859 3216 4930 ideoque
3250 4863 3440 4930 egebat
3466 4860 3632 4916 homo

2061 4954 2377 5024 perﬂeiente
2398 4968 2479 5018 se,
2511 4961 2567 5007 et
2592 4952 2664 5005 ad
2695 4953 2924 5009 meliora
2959 4955 3315 5019 traducente;
3349 4962 3634 5023 propterea

2059 5051 2200 5120 quod
2251 5057 2369 5104 erat
2417 5045 2756 5118 impossibile
2794 5046 2917 5119 legi,
2961 5047 3012 5102 in
3068 5064 3177 5119 quo
3231 5047 3633 5115 iulirmabatur,

2059 5140 2201 5194 Deus
2230 5137 2428 5192 Filium
2447 5153 2604 5192 suum
2638 5137 2877 5204 mittens,
2915 5147 3200 5208 peccatum
3233 5137 3637 5194 condemnavit.

2057 5229 2352 5300 Iusti/irati
2375 5231 2516 5285 enim
2551 5230 2752 5300 fumeus
2799 5230 2854 5283 in
2897 5228 3102 5284 Christo
3146 5245 3238 5297 per
3281 5228 3442 5298 [idem
3485 5227 3551 5284 ⁸⁸.
3581 5229 3640 5285 ld

2059 5322 2205 5378 enim
2252 5321 2480 5392 perfecit
2529 5321 2726 5392 gratia,
2771 5317 2944 5375 Verbo
2986 5320 3037 5373 in
3080 5329 3252 5374 terras
3287 5317 3634 5385 adveniente,

2058 5424 2116 5470 et
2153 5429 2250 5486 per
2293 5428 2515 5470 carnem
2544 5429 2666 5470 eum
2722 5411 3030 5468 hominibus
3083 5419 3462 5467 conversante.
3491 5407 3641 5468 llintt

450 5752 563 5824 (73)
597 5750 852 5812 Fortasse
882 5751 1200 5824 intelligitur
1228 5751 1370 5810 idem
1402 5749 1640 5810 Isidorus
1675 5751 1967 5820 Pclusiota,
2009 5751 2171 5822 paulo
2199 5757 2326 5808 ante
2359 5749 2630 5807 laudatus.
