3994 6444
313 379 417 446 ’161

1166 389 1734 456 APOLOGETICUS
1769 395 1922 456 PRO
1942 398 2223 458 ‘SACRlS
2251 397 2733 461 lMAGINIBUS.

3476 407 3590 470 762

321 497 410 549 καὶ
444 496 614 570 άνοχὴ
657 497 1112 570 ἀνεξερεύνητοςί
1161 501 1266 554 ποῦ
1297 520 1431 556 ποτε
1468 504 1578 576 ἄρα
1611 504 1712 577 τὴν
1755 504 1904 560 κατὰ

2007 507 2204 576 impios
2247 508 2532 574 cohibens,
2572 510 2862 578 prteseutia
2908 509 3202 582 tolerabis?
3234 515 3587 584 quandonam

314 585 424 640 τῶν
452 586 669 642 ἀσεϐῶν
697 588 1260 663 ὀργὴν-ταμιευομένη
1291 592 1360 645 τὰ
1381 592 1478 647 νῦν
1502 592 1897 667 ὑπερτίθεσαι;

317 677 448 730 πότε
486 677 546 732 δὲ
575 679 686 734 τῶν
731 680 1297 754 πεπλημμελημένων
1328 687 1409 749 εἰς
1445 685 1506 740 σὲ
1552 687 1684 760 παρ’
1717 687 1902 742 αὐτῶν

319 775 601 846 μετέλθοις
618 776 930 844 ·δικάζουσα
959 779 1032 834 τὰ
1056 780 1391 853 τολμήματα
1417 801 1436 850 ;

386 866 490 939 Et".
529 869 752 935 Ἄκουε,
775 870 1014 944 οὗρανὲ,
1059 872 1157 927 καὶ
1200 874 1478 942 ὲνωτίζου,
1517 875 1550 946 ἡ
1590 874 1690 946 γῆ,
1723 877 1819 931 καὶ
1865 878 1899 949 ὴ

316 960 496 1025 κτίσις
525 963 561 1032 ἠ
615 961 907 1034 σύμπασα,
939 963 1178 1036 πρόσεχε
1203 981 1218 995 ·
1254 967 1282 1019 ό
1311 965 1477 1036 νόμος
1505 965 1663 1036 ἅγιος
1684 1007 1700 1032 ,
1728 969 1822 1021 καί
1863 969 1899 1039 ὴ

317 1051 506 1121 ἐντολὴ
544 1051 820 1134 άγίακκαὶ
847 1053 1053 1121 δικαία,
1079 1056 1177 1116 κα]¹
1215 1055 1420 1127 ἀγαθή*
1453 1055 1637 1122 καλῶς
1655 1075 1682 1093 ~
1701 1057 1824 1111 ἀλλ’
1851 1056 1906 1111 εῐ

313 1157 380 1211 γε
409 1141 585 1196 ταῦτα
615 1144 766 1214 ἆγια,
802 1145 872 1200 τά
901 1162 966 1214 γε
988 1146 1362 1218 άμυδρότερόν
1395 1164 1514 1212 πως
1541 1149 1636 1202 καί
1667 1147 1901 1220 μετριώ-

312 1247 498 1304 τερον,
533 1235 626 1288 καὶ
651 1236 729 1299 ὡς
750 1233 857 1290 ὑπὸ
883 1237 1350 1309 παραπετάσματι
1378 1237 1457 1309 τῷ
1481 1239 1775 1312 γράμματι
1804 1241 1900 1294 καὶ

310 1327 434 1388 ταῖς
472 1327 656 1388 σκιαῖς
686 1325 788 1397 τὴν
826 1325 980 1380 θείαν
1009 1326 1214 1396 γνῶσιν
1241 1329 1378 1400 ἡμῖν
1409 1328 1786 1398 ὑποφαίνοντα
1806 1371 1821 1396 ,
1863 1332 1898 1397 ή

310 1417 475 1489 χάρις
495 1417 662 1471 πόσον
699 1418 981 1490 ἁγιωτέρα
1015 1419 1112 1473 καλ⁸
1165 1419 1581 1491 θεοειδεστέρα,
1609 1422 1644 1493 ἡ
1673 1419 1764 1475 διὰ
1801 1421 1896 1474 τοῦ

308 1507 449 1562 Θεοῦ
499 1509 678 1578 Λόγου
725 1511 812 1574 εἰς
856 1511 1006 1580 ἡμᾶς
1046 1511 1810 1584 γεγενημένη;.ἁσυγκρίτως
1835 1512 1899 1566 τὸ

310 1601 804 1674 ὑπεραναϐεϐηκὺς
843 1602 937 1656 τοῦ
980 1603 1146 1674 νόμου
1185 1603 1386 1674 ἔχουσα
1414 1603 1802 1677 ὲκτυπώτερόν
1834 1621 1896 1658 τε

309 1695 406 1747 καὶ
442 1693 792 1765 ὲνθεέστερον
819 1734 836 1758 ,
870 1694 969 1764 τὴν
994 1694 1096 1764 τῆς
1149 1695 1382 1767 Τριάδος
1411 1697 1546 1768 ¹ἡμῖν
1579 1696 1894 1768 φανέρωσιν

308 1786 368 1838 ὲν
402 1784 676 1856 πνεύματι
702 1787 798 1840 καί
827 1785 1058 1858 ἀληθείᾳ
1089 1786 1507 1853 ὲκπαιδεύουσα,
1543 1789 1640 1842 καί
1667 1787 1764 1860 τὴν
1815 1791 1894 1854 εἰς

305 1877 398 1932 τὸν
425 1877 522 1932 ἕνα
553 1879 648 1933 καὶ
673 1879 836 1950 μόνον
865 1878 998 1934 Θεὸν
1028 1879 1205 1950 ἀληθῆ
1240 1880 1336 1934 καὶ
1373 1879 1644 1952 εἰλικρινῆ
1679 1881 1892 1952 μυοῦσα

307 1969 404 2023 καὶ
445 1969 820 2041 διατμνοῦσα
849 1971 1056 2041 γνῶσίν
1089 1989 1149 2024 τε
1187 1971 1282 2025 καί
1334 1973 1732 2044 προσκύνησιν,
1761 1975 1892 2026 ἀνα-

307 2062 560 2142 γεννῶσα
580 2063 639 2116 δὲ
661 2063 743 2126 εἰς
764 2062 1060 2129 ἷυίοθεσίαν
1103 2062 1192 2116 διὰ
1228 2063 1322 2116 τοῦ
1356 2064 1676 2134 Πνεύματος
1708 2063 1891 2134 κρείτ·

309 2168 457 2218 τονα,
503 2152 600 2206 καὶ
645 2151 928 2224 βασιλείας
963 2153 1210 2223 οὐρανῶν
1235 2144 1425 2206 ἐλπίδα
1457 2153 1649 2223 σαφῶς
1681 2169 1892 2206 κατεπ-

318 2242 689 2312 αγγέλλουσα’
717 2243 834 2298 ἀλλ’
865 2243 914 2297 οἰ
946 2243 1047 2312 τῆς
1075 2243 1300 2314 χάριτος
1355 2242 1542 2314 ἐχθροὶ
1597 2241 1889 2296 εἰδωλολα-

315 2331 467 2401 τρίαν
506 2331 686 2384 ταῦτα
735 2333 915 2386 πάντα
956 2331 1288 2402 ἀπέφηνανο
1334 2329 1563 2384 τοιαῦτα
1621 2332 1730 2401 γὰρ
1789 2333 1892 2402 τῆς

310 2421 535 2477 ἐκείνων
562 2422 915 2494 παρανομίας
935 2421 1007 2476 τὰ
1031 2422 1239 2476 άτοπαί
1279 2421 1470 2483 Οὕτως
1506 2423 1587 2486 εἰς
1615 2422 1892 2493 ἀϐούλητα

307 2515 402 2568 καί
435 2515 641 2585 μάταια
685 2515 747 2580 ἐξ
775 2513 976 2568 ἀθλίων
1013 2513 1354 2585 σκεμμάτων
1399 2515 1890 2587 κατενηνεγμένοι,

304 2602 572 2675 λογισμοῦ
623 2603 720 2658 τοῦ
774 2602 1082 2674 πρέποντος
1133 2603 1638 2674 διαμαρτάνουσινί
1691 2603 1815 2658 Ἔτι
1862 2607 1893 2659 ό

304 2696 472 2766 νόμος
493 2695 652 2749 σκιάν
681 2693 822 2765 ἔχων
848 2693 956 2756 τῶν
987 2694 1298 2766 μελλόντων
1323 2694 1569 2763 ἀγαθῶν,
1593 2697 1696 2748 οὐκ
1713 2697 1886 2767 αὐτὴν

302 2789 406 2857 τὴν
438 2787 626 2840 εἰκόνα
648 2785 760 2840 τῶν
799 2787 1168 2858 πραγμάτων,
1197 2787 1318 2840 κατ’
1348 2786 1598 2840 ἐνιαυτὸν
1625 2777 1752 2850 ταῖς
1789 2787 1890 2842 αὐ-

300 2882 428 2942 ταῖς
459 2877 675 2943 θυσίαις
703 2879 770 2944 ἃς
801 2879 1210 2950 προσφέρουσιν
1257 2879 1338 2942 εἰς
1367 2878 1428 2932 τὸ
1451 2878 1728 2951 διηνεκὲς,
1767 2880 1890 2933 οὐδέ

303 2984 447 3024 ποτε
485 2969 710 3024 δύναται
731 2968 860 3034 τοὺς
893 2969 1372 3041 προσερχομένους
1395 2969 1686 3024 τελειῶσαι
1712 2989 1725 3002 ο
1764 2971 1891 3024 ἐπεὶ

299 3063 408 3116 οὐκ
453 3061 520 3116 ἂν
575 3061 888 3116 ἐπαύσαντο
948 3061 1396 3134 προσφερόμεναι
1425 3079 1438 3096 ο
1485 3062 1602 3116 ἀλλ’
1644 3063 1673 3114 ό
1725 3063 1889 3134 νόμος

299 3153 462 3220 ἅγιος
483 3192 500 3218 ,
550 3153 648 3208 καὶ
677 3152 856 3208 ταῦτα
901 3155 975 3226 μὴ
1006 3154 1314 3226 δυνάμενος
1345 3155 1474 3220 τοὺς
1508 3155 1888 3226 προσερχομέ-
1915 3195 1958 3254 C

298 3263 430 3311 νους
478 3245 794 3300 τελειῶσαι·
830 3248 928 3300 καί
985 3247 1018 3318 ἡ
1062 3246 1253 3318 ἐντολὴ
1301 3247 1436 3316 ἁγία
1461 3286 1480 3315 ,
1515 3249 1693 3302 καίτοι
1729 3247 1888 3300 σκιὰν

295 3333 420 3408 εἶχε
449 3335 560 3390 τῶν
594 3337 901 3407 μελλόντων
931 3337 1034 3391 οὐκ
1064 3337 1234 3408 αὐτὴν
1263 3339 1450 3394 εἰκόνα
1481 3339 1593 3394 τῶν
1628 3339 1888 3410 πραγμάο

291 3446 446 3482 τωνο
487 3428 630 3483 αὐτὰ
657 3428 715 3482 δὲ
747 3429 814 3484 τὰ
849 3429 1154 3501 πράγματα
1197 3423 1274 3486 ὧν
1309 3430 1506 3502 όνόμος
1539 3432 1690 3496 σκιὰ,
1719 3449 1881 3485 τουτ·

295 3520 456 3574 ἔστιν
509 3520 543 3589 ἡ
615 3519 776 3590 χάρις
827 3518 922 3572 καὶ
970 3521 1004 3590 ἡ
1057 3519 1306 3592 ἀλήθεια,
1373 3521 1496 3590 ἥτις
1549 3521 1638 3575 διὰ
1696 3520 1873 3594 Ἰησοῦ

289 3607 542 3680 Χριστοῦ
571 3608 810 3678 ἐγένετο,
831 3611 886 3662 τί
907 3609 1085 3676 ἔσται,
1111 3611 1164 3664 οἰ
1191 3611 1301 3666 νέοι
1318 3611 1583 3682 Ἕλληνες
1598 3611 1880 3680 γλωσσαλ-

288 3698 596 3769 γείτωσανο
628 3695 747 3752 εἶτα
775 3701 804 3753 ό
823 3699 988 3770 νόμος
1015 3700 1168 3754 οὐδὲν
1194 3699 1536 3767 ἐτελείωσεν,
1565 3702 1680 3756 ἀλλ’
1699 3703 1877 3772 ἅγιος

287 3791 540 3862 Χριστὸς
567 3791 644 3857 δὲ,
688 3791 747 3856 ὃς
775 3793 877 3864 μιᾷ
927 3795 1217 3865 προσφορᾷ
1271 3793 1626 3849 τετελείωκεν
1678 3797 1760 3860 εἰς
1817 3796 1878 3850 τὸ

2003 600 2345 668 peccantium
2385 601 2436 654 in
2489 611 2540 656 te
2595 600 2856 666 facinora,
2883 603 3079 658 merito
3128 602 3332 672 judicio
3385 621 3582 677 perse-

2003 689 2187 760 queris
2211 691 2234 744 ἰ

2075 869 2164 924 68.
2199 871 2354 932 Audi,
2385 871 2582 926 malum
2604 889 2618 937 ;
2644 873 2870 926 auribus
2896 875 3132 942 percipe,
3167 883 3308 928 terra
3336 893 3350 940 ;
3376 884 3433 930 et
3453 876 3579 931 uni—

2002 976 2160 1016 versa
2189 973 2458 1026 creatura,
2495 966 2732 1020 attende.
2785 963 2895 1020 Lex
2927 972 3140 1028 sancta,
3176 975 3230 1018 et
3258 966 3572 1020 mandatum

2003 1063 2279 1118 sanctum,
2330 1056 2536 1124 justum
2575 1057 2908 1125 bonumque.
2942 1053 3132 1112 Recte.
3165 1056 3328 1125 Atqui
3373 1057 3419 1110 si
3460 1057 3585 1111 haec

2001 1154 2186 1198 saneta
2237 1154 2382 1205 sunt,
2413 1157 2531 1214 quae
2557 1145 2843 1200 obscurius
2884 1155 2940 1201 et
2963 1146 3188 1211 arctius,
3218 1155 3273 1200 et
3309 1155 3580 1216 tauquam

2003 1236 2108 1292 sub
2147 1237 2268 1288 velo
2302 1237 2480 1290 littera
2515 1246 2568 1290 et
2599 1236 2804 1290 umbris
2839 1236 3078 1290 divinam
3120 1237 3370 1291 notitiam
3415 1237 3580 1290 nobis

1999 1343 2142 1395 aegre
2197 1327 2517 1392 ostendunt,
2542 1337 2748 1396 quanto
2807 1329 3047 1382 sanctior
3097 1329 3443 1398 diviniorque
3471 1329 3578 1384 erit

1999 1421 2193 1491 gratia,
2217 1436 2336 1488 qua:
2375 1421 2530 1477 nobis
2562 1436 2592 1475 ιι
2641 1422 2748 1475 Deo
2793 1419 2966 1475 Verbo
2989 1419 3336 1475 confertur?
3367 1421 3575 1475 incum-

2000 1508 2319 1576 paruhiliter
2345 1508 2444 1575 legi
2476 1509 2745 1578 superior,
2763 1508 3185 1578 evidentiusque
3209 1519 3265 1563 et
3289 1508 3574 1563 sublimius

1999 1599 2284 1654 Trinitatis
2325 1600 2482 1655 nobis
2516 1599 3015 1654 manifestationem
3046 1600 3098 1652 in
3127 1599 3320 1668 spiritu
3346 1613 3410 1654 ac
3431 1598 3582 1652 veri.

2000 1702 2108 1748 tate
2133 1693 2360 1762 fat-iens,
2391 1705 2445 1748 et
2474 1695 2633 1750 unius
2665 1693 3039 1747 tantummodo
3069 1693 3158 1747 Dei
3189 1706 3370 1748 veram
3397 1692 3576 1746 since-

1999 1802 2219 1858 ramque
2235 1789 2453 1843 tradens
2471 1788 2887 1854 edisserensqne
2903 1787 3143 1840 notitiam
3164 1795 3326 1854 atque
3345 1785 3571 1844 cultum,

1995 1888 2154 1948 atque
2186 1879 2238 1932 in
2271 1879 2547 1933 meliorem
2571 1893 2896 1949 regenerans
2915 1894 3010 1948 per
3030 1879 3291 1947 Spiritum
3327 1879 3572 1948 adoptio-

1995 1985 2136 2034 nem,
2157 1969 2414 2038 regnique
2435 1969 2693 2023 malorum
2715 1984 2862 2038 spem
2891 1979 3076 2036 aperte
3094 1970 3437 2022 annuntians.
3463 1966 3573 2023 Sevi

1992 2061 2180 2128 gratia:
2213 2059 2396 2115 hostes
2435 2073 2626 2114 cuncta
2660 2060 2774 2115 haec
2810 2060 3128 2114 idololatria:
3183 2061 3358 2114 instar
3388 2060 3574 2114 tradu-

1991 2161 2140 2205 cunt.
2173 2150 2345 2205 Tanta
2369 2153 2564 2221 quippe
2601 2160 2685 2206 est
2727 2151 3091 2219 improbitatis
3129 2151 3342 2204 illorum
3381 2150 3573 2204 absur-

1994 2242 2166 2296 ditasl
2203 2243 2294 2296 Sic
2347 2243 2398 2296 in
2443 2241 2842 2296 inconsiderata
2877 2248 2932 2293 et
2968 2255 3106 2293 vana
3149 2255 3215 2294 ex
3259 2238 3574 2293 infelicibus

1993 2331 2236 2385 consiliis
2270 2331 2496 2400 delapsi,
2534 2345 2562 2383 a
2591 2330 2774 2384 debito
2824 2330 3114 2386 ratiocinio
3161 2330 3450 2384 deerrautl
3479 2329 3573 2383 lu-

1993 2439 2156 2494 super
2182 2423 2268 2479 lex
2303 2425 2550 2478 umbram
2575 2421 2878 2476 futurorum
2910 2422 3171 2476 bonorum
3207 2437 3428 2492 gerens,
3461 2437 3572 2476 non

1994 2516 2263 2585 prepriam
2302 2502 2480 2568 rerum
2524 2512 2838 2584 imaginem,
2869 2514 3065 2567 annuis
3100 2513 3226 2581 ipsis
3261 2512 3571 2577 sacrificiis,

1992 2621 2113 2676 quas
2156 2614 2414 2676 perpetua
2474 2601 2868 2670 oﬂ‘erebantur,
2902 2619 3176 2672 nunquam
3219 2604 3391 2672 potuit
3421 2601 3573 2654 obla-

1993 2709 2137 2754 tores
2157 2697 2424 2768 perfectos
2441 2696 2685 2759 efﬁcere;
2713 2711 2882 2765 quare
2901 2705 2954 2750 et
2979 2696 3317 2750 incessanter
3344 2697 3566 2749 fiebant.

1994 2788 2100 2846 Sed
2143 2802 2320 2844 tamen
2355 2789 2436 2842 lex
2493 2800 2682 2842 sancta
2729 2797 2869 2852 erat,
2905 2787 3118 2841 etiamsi
3167 2786 3404 2840 asscclas
3442 2800 3570 2838 suos

1993 2883 2132 2938 haud
2160 2881 2422 2952 pet-licere
2456 2867 2688 2950 poterat.
2725 2879 2791 2932 Et
2814 2880 3138 2932 mandatum
3168 2882 3442 2939 sanctum,
3465 2877 3568 2930 etsi

1997 2975 2250 3028 umbram
2287 2981 2496 3025 tantmn
2529 2973 2749 3025 tenebat
2785 2971 3112 3034 futurorum,
3142 2985 3246 3023 non
3292 2969 3570 3038 propriam

1996 3080 2176 3119 rerum
2200 3064 2506 3132 imaginem.
2540 3062 2647 3116 Res
2677 3079 2807 3116 vero
2831 3064 2979 3128 ipsat,
3000 3077 3229 3132 quarum
3265 3061 3345 3115 lex
3375 3063 3567 3112 Illlllil'a

1994 3164 2131 3216 erat.
2199 3155 2251 3207 id
2307 3167 2388 3208 est
2441 3154 2612 3222 gratia
2669 3162 2721 3206 et
2781 3155 3004 3214 veritas,
3053 3167 3172 3220 qua:
3227 3166 3323 3218 per
3383 3149 3567 3202 Jesum

1992 3245 2269 3300 Christum
2301 3245 2602 3312 contigere,
2633 3245 2762 3312 quid
2809 3245 2938 3306 sint,
2972 3243 3094 3296 novi
3153 3243 3356 3296 ethnici
3391 3242 3566 3295 blate-

1989 3337 2134 3391 rent.
2170 3334 2374 3389 Deinde
2407 3335 2491 3389 lex
2539 3334 2672 3387 nihil
2725 3332 3092 3402 perfecit,sed
3135 3343 3328 3386 saneta
3383 3343 3563 3386 tamen

1995 3419 2113 3483 erat
2139 3443 2154 3493 ;
2184 3425 2437 3482 Christus
2477 3435 2658 3479 autem
2691 3425 2779 3493 qui
2828 3440 2930 3478 una
2983 3426 3259 3480 oblatione
3311 3437 3567 3478 consum-

1991 3521 2160 3576 mavit
2217 3521 2268 3574 in
2305 3519 2695 3589 sempiterumu
2753 3517 3124 3572 sanctiﬁcatos
3169 3516 3239 3588 (is
3267 3517 3413 3570 enim
3442 3514 3568 3569 fidei

1992 3623 2190 3667 nostra:
2217 3621 2298 3666 est
2329 3620 2754 3672 consummatur,
2801 3611 2856 3664 in
2889 3625 3047 3680 quem
3099 3609 3421 3676 respicimus
3455 3605 3563 3675 της

1987 3705 2258 3766 Christus,
2303 3703 2546 3773 inquam,
2594 3702 2761 3772 quid?
2797 3701 2956 3755 Hunc
3005 3699 3127 3755 novi
3173 3698 3347 3754 Judaei
3392 3699 3572 3752 cruci-

1991 3794 2175 3865 ﬁgant.

303 3886 568 3958 διηνεκὲς
634 3888 764 3951 τοὺς
824 3887 1218 3958 ἁγιαζομένους
1265 3888 1466 3960 (αὐτὸς
1516 3889 1626 3960 γὰρ
1675 3893 1703 3944 ὀ
1748 3891 1847 3962 τῆς
1885 3891 2123 3954 πίστεως
2158 3889 2318 3960 ήμῶν
2391 3887 2716 3957 τελειωτὴς,
2752 3887 2830 3950 εἰς
2877 3885 2936 3939 ὃν
3006 3881 3566 3972 ἀφορῶμεν),.τί;οε

283 3984 620 4056 ἀρτιφανεῖς
671 3981 912 4036 Ἰουδαῖοι
941 3983 1492 4053 ἁνασταυρούτωσαν.

369 4073 558 4128 Τάδε
605 4073 732 4145 ἑξῆς
774 4075 964 4140 ὁποῖα,
1007 4076 1393 4148 σκοπήσωμεν.
1434 4077 1574 4132 Ἀλλ’
1628 4079 1722 4132 ἐπὶ
1781 4079 1882 4141 τὰς

284 4165 516 4220 Παύλου
550 4166 732 4234 φωνὰς
758 4163 922 4218 πάλιν
966 4165 1098 4234 ἡμῖν
1129 4165 1298 4231 ἰτέον,
1330 4167 1424 4220 καὶ
1457 4167 1646 4238 ἡλίκον
1687 4167 1797 4220 τῶν
1824 4168 1881 4220 ἐν

284 4259 448 4329 νόμῳ
493 4256 684 4326 ἱερέων
723 4256 820 4310 καὶ
847 4255 958 4310 τῶν
1006 4256 1134 4327 παρ’
1171 4258 1354 4321 αὐτοῖς
1402 4259 1784 4330 ἰερευομένων,
1819 4258 1882 4311 τὸ

285 4351 397 4422 τῆς
425 4347 549 4402 καθ’
580 4348 730 4419 ἡμᾶς
751 4346 1012 4421 λατρείας
1043 4349 1339 4420 ὑπερτενές
1394 4367 1452 4403 τε
1483 4351 1576 4404 καὶ
1611 4349 1884 4422 προφερέ-

286 4458 518 4508 στατον,
547 4440 623 4506 ὡς
653 4439 733 4495 ἔνι
769 4439 1007 4511 μάλιστα
1045 4441 1506 4513 καταθρήσωμεν.
1551 4443 1616 4495 υἱ
1645 4443 1701 4495 ἐν
1730 4441 1878 4512 νόμῳ

2057 4071 2262 4128 Ca-tera
2317 4086 2437 4140 qnze
2479 4071 2590 4124 sint
2623 4069 2920 4122 videamus.
2961 4065 3066 4120 Sed
3117 4067 3260 4120 enim
3313 4067 3378 4121 ad
3415 4065 3567 4121 Pauli

1989 4161 2298 4220 locutiones
2353 4163 2685 4217 redeundum
2741 4168 2858 4225 est;
2894 4167 2949 4210 et
2985 4159 3142 4228 ~legis
3187 4159 3568 4214 sacerdotibus

1986 4272 2284 4324 eorumque
2311 4242 2628 4307 ministeriis
2658 4262 2858 4319 quanto
2887 4251 3170 4303 sublimior
3202 4251 3269 4303 sit
3301 4259 3352 4303 et
3383 4249 3564 4304 excel-

1987 4349 2185 4404 lentior
2209 4348 2387 4402 cultns
2416 4353 2620 4409 noster,
2649 4355 2915 4412 quantum
2949 4345 3098 4406 licet,
3132 4354 3390 4398 accurate
3432 4358 3563 4397 con-

1988 4442 2326 4510 templemur.
2374 4435 2510 4490 Nam
2575 4435 2854 4490 constituti
2901 4435 2999 4489 sub
3052 4434 3168 4503 leg‘e
3231 4434 3564 4502 sacerdotes,

283 4533 692 4605 καθιστάμενοι
751 4535 951 4604 ἱερεῖς,
1015 4533 1139 4586 ἐπεὶ
1189 4533 1285 4588 καὶ
1342 4534 1496 4587 αὐτοὶ
1544 4535 1882 4604 περιέκειντο

1995 4531 2238 4602 quoniam
2267 4539 2320 4584 et
2357 4529 2454 4599 ipsi
2499 4525 2822 4582 circumdati
2859 4535 3038 4592 erant,
3073 4534 3258 4594 utpote
3292 4524 3563 4589 homines,

279 4626 584 4683 ἀσθένειαν
627 4625 906 4696 ἄνθρωποί
945 4642 1008 4694 γε
1049 4625 1220 4689 ὄντες,
1279 4625 1378 4696 οὐχ
1420 4625 1560 4697 ὑπὲρ
1599 4625 1694 4680 τοῦ
1748 4625 1880 4679 λαοῦ

284 4719 487 4790 μόνου,
513 4718 616 4789 ἤδη
659 4717 717 4771 δὲ
757 4718 854 4771 καί
894 4716 1035 4790 ὑπὲρ
1085 4716 1292 4770 ἑαυτῶν
1344 4718 1441 4781 τὰς
1480 4717 1883 4788 νενομισμένας

282 4805 508 4870 θυσίας’
533 4807 892 4878 προσέφερον.
946 4806 1004 4860 '0
1043 4805 1100 4860 δὲ
1141 4807 1408 4880 ἡμέτερος
1451 4809 1742 4880 ἀρχιερεὺς
1789 4809 1884 4862 καὶ

281 4894 595 4960 ἀπόστολος
623 4897 722 4968 τῆς
765 4895 1055 4968 ὁμολογίας
1097 4896 1276 4968 ἡμῶν,
1324 4898 1424 4950 οὐκ
1455 4897 1568 4968 ἔχει
1598 4898 1871 4970 ἀνάγκην,

281 4989 489 5060 ὥσπερ
538 4991 758 5056 ἐκεῖνοι,
809 4989 1077 5060 πρότερον
1124 4989 1246 5043 καθ’
1301 4989 1517 5060 ἡμέραν
1572 4991 1716 5062 ὑπὲρ
1771 4989 1880 5044 τῶν

287 5079 450 5133 ἰδίων
503 5079 920 5152 ἁμαρτημάτων
963 5079 1124 5134 τοῦτο
1167 5083 1362 5146 ποιεῖν,
1405 5079 1600 5135 ἔπειτα
1633 5081 1743 5135 τῶν
1782 5080 1877 5135 τοῦ

283 5168 431 5224 λαοῦ
453 5185 466 5199 ·
491 5169 652 5224 τοῦτο
677 5170 785 5239 γὰρ
809 5169 1064 5242 ἐποίησεν
1092 5169 1312 5238 ἐφάπαξ
1331 5169 1526 5226 ἑαυτὸν
1559 5171 1877 5241 ἀνενέγκας,

285 5262 398 5317 καὶ
423 5259 680 5315 ἐκάθισεν
707 5261 766 5313 ὲν
799 5259 949 5332 δεξιᾷ
985 5260 1086 5331 τῆς
1126 5259 1522 5332 μεγαλωσύνης
1551 5262 1608 5316 ἐν
1649 5265 1761 5326 τοῖς
1791 5264 1882 5316 ού-

290 5341 517 5429 ρανὸῖςο
549 5353 856 5425 πρόδρομος
887 5352 1029 5424 ὑπὲρ
1059 5353 1220 5424 ἡμῶν
1254 5353 1514 5408 εἰσελθὼν
1542 5355 1620 5418 εἰς
1649 5353 1710 5408 τὺ
1746 5353 1882 5408 ὲσὼ-

280 5461 456 5520 τερον
485 5443 578 5498 τοῦ
619 5444 1138 5514 καταπετάσματος,
1170 5445 1458 5518 ἀρχιερεὺς
1487 5447 1568 5510 εἰς
1594 5445 1684 5500 τὸν
1707 5447 1881 5501 αἰῶνα

285 5538 592 5610 γενόμενος
633 5537 776 5592 κατὰ
813 5539 912 5610 τὴν
951 5534 1102 5604 τάξιν
1145 5538 1504 5610 Μελχισεδέκ.
1554 5538 1664 5593 Καὶ
1693 5541 1742 5593 οἰ
1782 5539 1880 5609 μὲν

288 5632 546 5696 πλείονες
568 5631 722 5696 ὄντες
750 5630 1019 5702 ὑπῆρχον,
1053 5631 1130 5704 τῷ
1155 5631 1234 5704 τῷ
1267 5633 1483 5704 θανάτῳ
1512 5631 1880 5704 διακόπτομέ-

1988 4624 2327 4690 inlirmitate,
2354 4637 2458 4676 non
2501 4637 2598 4690 pro
2640 4619 2838 4688 pepulo
2878 4617 2994 4672 solo
3044 4619 3138 4672 sed
3173 4618 3342 4672 etiam
3375 4634 3472 4690 pro
3505 4635 3567 4674 se

1987 4704 2118 4784 ipsis
2172 4715 2366 4786 legalia
2401 4711 2669 4768 sacrificia
2724 4711 3024 4766 oﬂ‘crebant
3065 4711 3137 4763 “.
3194 4709 3394 4765 Noster
3433 4725 3568 4765 vero

1984 4809 2225 4882 pontifex
2269 4819 2324 4862 et.
2373 4803 2734 4861 confessionis
2797 4812 2998 4856 nostra:
3060 4804 3340 4873 apostolus
3372 4844 3387 4865 ,
3454 4818 3564 4857 non

1986 4903 2147 4958 habet
2197 4899 2576 4954 necessitatem
2631 4897 2771 4950 sicut
2823 4894 2918 4958 illi,
2950 4895 3100 4962 prius
3160 4893 3405 4964 quotidie
3468 4909 3567 4962 pro

1986 4997 2099 5051 suis
2151 4992 2390 5064 peccatis
2438 4991 2542 5046 hoc
2583 4988 2787 5054 facere,
2818 4987 3013 5041 deinde
3063 5001 3161 5056 pro
3211 4985 3414 5056 populi.
3451 4985 3566 5039 Hoc

1985 5090 2128 5143 enim
2162 5085 2288 5140 fecit
2319 5082 2489 5139 semel
2541 5097 2601 5136 se.
2628 5081 2804 5151 ipsum
2845 5077 3144 5145 oil'erendo,
3196 5077 3444 5145 seditque
3496 5075 3565 5128 ad

1984 5181 2262 5233 dexteram
2297 5173 2598 5245 maiestatis
2625 5173 2678 5226 in
2715 5172 2892 5238 cmlis,
2921 5185 3225 5240 prtecursor
3253 5183 3352 5237 pro
3404 5166 3560 5221 nobis

1984 5269 2264 5340 ingressus
2293 5267 2346 5320 in
2379 5266 2610 5321 interius
2647 5262 3082 5326 tabernaculum,
3115 5259 3357 5330 pontifex
3393 5267 3560 5312 aeter-

1983 5378 2084 5417 ntts
2139 5361 2314 5415 factus
2361 5359 2658 5416 secundum
2706 5355 2950 5411 ordinem
3005 5352 3364 5406 Melchisedee
3392 5351 3459 5398 "-
3497 5351 3562 5404 lit

1986 5452 2060 5508 illi
2085 5452 2300 5520 quidem
2331 5451 2517 5520 plures
2555 5455 2732 5512 erant,
2757 5445 2882 5516 quia
2918 5453 3091 5498 morte
3130 5440 3560 5512 prohibebantur

1985 5559 2334 5614 permanere;
2367 5545 2485 5615 ipse
2539 5551 2718 5596 autem
2771 5539 2895 5609 quia
2951 5544 3131 5591 manet
3176 5536 3228 5589 in
3269 5545 3559 5596 aeternum,

1984 5637 2383 5692 intransitirum
2436 5634 2596 5690 habet
2658 5630 3048 5694 sacerdotium,
3085 5627 3225 5682 unde
3259 5627 3469 5681 salvare
3502 5626 3567 5680 iu

372 5809 420 5842 "°
458 5809 620 5866 llebr.
654 5828 710 5878 χ,
750 5811 836 5866 14.
912 5810 952 5843 ⁷⁸
988 5810 1152 5867 llebr.
1189 5827 1242 5878 ν,
1278 5811 1332 5878 2,
1373 5811 1427 5866 ‘5.
1501 5812 1544 5844 τ’
1576 5811 1742 5866 liebr.
1777 5825 1884 5881 vn,

2011 5828 2024 5878 ;
2057 5828 2127 5876 Vl,
2159 5811 2250 5868 20.
