3994 6440
464 378 570 443 ’ῑῦ3

1458 371 1515 431 S.
1561 369 1977 441 NlCEPilORI
2019 367 2527 429 ΡΑΤίὶΙΑΙὶΟΗΑΕ
2573 368 2681 427 CP.

3595 378 3689 442 ibi

459 496 777 566 perpetuum
808 496 980 555 potest
1006 485 1323 540 accedentes
1348 500 1441 553 per
1475 483 1651 551 ipsum
1678 482 1742 535 ad
1767 482 1930 536 Deum
1965 482 2032 535 ’³.

2163 498 2264 545 μους
2305 479 2609 534 κωλύεσθαι
2640 479 2920 549 διαμένειν
2946 494 2960 510 °
3001 481 3030 534 ό
3049 481 3105 535 δέ
3145 498 3205 548 γε
3236 482 3322 537 διὰ
3351 483 3406 539 ea
3433 492 3596 556 μένειν
3617 496 3690 558 εις

459 583 526 636 Et
559 581 632 635 illi
676 579 894 646 quidem
932 578 1231 648 exemplari
1278 586 1334 633 et
1381 580 1588 632 umbra:
1645 576 2031 631 deserviebant

459 670 785 736 caelestium,
817 682 872 725 et
901 686 998 741 per
1059 685 1262 724 annum
1292 669 1589 723 introibant
1614 669 1665 721 in
1704 678 1890 723 sancta
1914 683 2035 723 cum

464 765 726 835 sanguine
756 762 971 829 alieno;
999 762 1091 817 hic
1119 771 1297 816 autem
1331 760 1521 815 melius
1548 760 1774 815 sortitus
1820 766 1903 815 est
1935 758 2038 813 mi-

463 853 790 917 nisterium,
838 860 1043 920 quanto
1092 850 1332 904 melioris
1378 848 1708 903 'testameuti
1772 846 2039 902 mediator

466 956 551 1001 est
602 945 670 1013 ⁷⁵,
702 946 1078 1013 bonorumque
1144 943 1445 997 futurorum
1506 929 1767 1010 pontifex,
1821 949 2042 1010 propter

308 1096 316 1107 ,
348 1102 357 1113 κ
465 1037 646 1107 majus
667 1047 720 1092 et
746 1037 1037 1108 perfectius
1060 1033 1473 1089 tabernaculum
1510 1047 1614 1087 non
1638 1031 2040 1097 manufactum;

467 1145 647 1201 neque
687 1144 780 1198 per
837 1128 1156 1197 sanguinem
1197 1126 1475 1180 hircorum
1514 1132 1568 1179 et
1595 1123 1910 1188 vitulorum,
1943 1122 2038 1177 sed

468 1234 566 1287 per
600 1218 873 1287 proprium
904 1216 1220 1287 sanguinem
1252 1214 1499 1269 introivit
1524 1213 1696 1270 semel
1751 1212 1805 1266 in
1840 1210 2045 1267 Sancta

471 1318 804 1373 sanctorum,
849 1315 1054 1361 aeterna
1105 1304 1477 1374 redemptione
1533 1303 1751 1357 inventa
1787 1301 1857 1357 ⁷³.
1899 1300 2049 1357 Idem

471 1402 619 1454 enim
646 1410 764 1453 erat
816 1408 868 1453 et
894 1399 1150 1453 sacerdos
1185 1407 1239 1452 et
1270 1398 1511 1452 victima.
1542 1397 1723 1466 Atque
1771 1396 1847 1449 ita
1894 1393 2050 1453 nobis

473 1490 962 1555 revelavitsancta,
1010 1488 1261 1543 caelestes
1294 1486 1492 1557 ianuas
1523 1488 1733 1543 cunctis
1772 1487 2047 1556 aperiens,

475 1578 789 1650 gradibiles,
823 1577 980 1634 facile
1015 1577 1266 1643 adibiles,
1308 1578 1417 1633 imo
1436 1587 1490 1631 et
1542 1575 1906 1647 penetrabiles
1935 1573 2049 1631 elli-

479 1685 653 1725 Clelis.

551 1936 757 2003 Quanta
846 1944 928 1990 est
989 1936 1170 2005 itaque
1264 1949 1618 2003 personarum
1693 1932 2053 2000 diﬁ'erentia,

466 2029 681 2084 'Christi
734 2027 942 2081 scilicet
991 2038 1045 2082 et
1086 2027 1352 2092 Aaronis,
1388 2026 1480 2095 qui
1542 2025 1771 2081 invicem
1832 2039 2056 2095 prorsus

480 2119 686 2172 distant
716 2117 729 2170 !
758 2124 809 2169 et
835 2116 975 2169 inter
1014 2130 1150 2184 quos
1181 2115 1504 2168 immensum
1561 2112 1941 2182 inﬁnitumque
1971 2121 2056 2168 est

482 2206 871 2263 intervallum!
918 2205 995 2260 Ibi
1057 2204 1223 2275 238
1279 2204 1592 2259 animalium
1658 2203 2055 2257 irrationalium

483 2298 704 2367 sanguis
732 2295 1083 2360 oﬁerebatur,
1110 2295 1196 2350 hic
1243 2294 1365 2366 agni
1432 2293 1784 2359 immaculati,
1812 2293 1901 2362 qui
1958 2292 2059 2345 tol-

484 2389 541 2443 lit
566 2388 747 2443 mundi
776 2397 1076 2457 peccatum,
1110 2386 1334 2456 sanguis
1364 2383 1608 2440 oﬁ‘ertur.
1640 2383 1860 2454 Insuper
1883 2382 2057 2437 finde-

485 2496 605 2534 rum
682 2494 896 2549 quoque
949 2487 1004 2533 et
1060 2476 1396 2533 tabernaculi
1449 2473 1751 2531 differentia
1802 2482 1920 2541 est;
1970 2473 2058 2529 illa

484 2572 630 2626 enim
661 2579 818 2625 erant
849 2567 1189 2638 temporalia,
1245 2577 1298 2623 et
1335 2566 1667 2641 nzanul'acta,
1699 2577 1752 2621 et
1781 2581 1894 2621 aevo
1930 2581 2059 2620 con-

486 2659 773 2724 sumenda,
811 2673 911 2713 nec
964 2658 1130 2729 ullam
1175 2656 1528 2713 stabilitatem
1562 2656 1840 2722 habentia,
1869 2665 2057 2725 atque,

488 2758 548 2804 ut
577 2748 709 2802 nihil
739 2759 968 2816 taceam,
997 2748 1111 2817 jam
1174 2748 1454 2817 antiquata
1488 2757 1615 2803 sunt
1640 2756 1694 2802 et
1726 2748 1888 2813 vieta,
1914 2748 2064 2801 ideo-

485 2855 590 2911 que
613 2840 775 2895 etiam
803 2840 998 2895 abolita
1030 2855 1045 2893 :
1076 2840 1189 2894 haec
1218 2852 1399 2895 autem
1430 2854 1604 2911 neque
1628 2838 1930 2895 manufacta
1962 2854 2062 2895 nec

487 2932 828 3002 temporalia,
867 2933 960 2987 sed
1003 2941 1265 3002 perpetua
1312 2946 1375 2987 ac
1423 2932 2061 3002 sempiterna,renovata

488 3041 706 3095 semper
767 3034 823 3079 et
880 3026 1142 3090 recentia,
1206 3026 1474 3081 cessantia
1530 3041 1825 3095 nunquam,
1888 3039 2064 3096 neque

490 3118 777 3173 minuenda
817 3118 899 3171 vel
962 3119 1377 3186 corrumpenda.
1420 3117 1681 3187 Superest
1703 3127 1762 3172 ut
1810 3116 2062 3173 diﬁ‘erant

2137 572 2228 626 τὸν
2272 571 2469 638 αἰῶνα,
2513 571 2871 642 ἀπαράᾶατον
2918 571 3035 643 ἔχει
3079 575 3180 646 τὴν
3235 575 3539 650 ἱερωσύνην,
3582 581 3690 639 ὅθεν

2139 663 2336 729 σώζειν
2361 665 2444 728 εἰς
2472 663 2533 717 τὸ
2557 663 2825 726 παντελὲς
2850 663 3078 721 δύναται
3104 666 3237 730 τοὺς
3257 673 3691 742 προσερχομένους

2137 755 2204 808 δι’
2234 754 2401 809 αὐτοῦ
2426 754 2503 826 τῷ
2528 754 2669 826 Θεῷ.
2699 756 2809 810 Καὶ
2843 757 2893 810 ol
2929 756 3035 828 μὲν
3066 757 3421 827 ὑποδείγματι
3449 760 3540 815 καὶ
3576 765 3693 836 σκιᾷ

2140 846 2248 900 τῶν
2277 846 2618 917 ἐπουρανίων
2644 846 2969 918 ἐλάτρευον,
2990 848 3088 907 καὶ
3111 850 3237 906 κατ’
3271 849 3505 905 ἐνιαυτδν
3531 851 3696 927 εἰσήρο

2141 953 2296 1007 χοντο
2332 938 2411 1000 εἰς
2435 936 2504 991 τά
2523 935 2654 1005 ἅγια
2678 938 2735 990 ὲν
2760 936 2955 1007 αἵματι
2990 937 3286 1011 ἀλλοτρίῳ·
3322 940 3350 994 ό
3374 940 3429 995 δὲ
3456 941 3697 1015 διαφορω-

2141 1024 2307 1097 τέρας
2335 1024 2604 1095 τετύχηκε
2635 1024 3003 1097 λειτουργίας,
3028 1027 3140 1097 ὅσῳ
3175 1027 3270 1081 καὶ⁸
3290 1027 3583 1100 κρείττονος
3598 1033 3697 1089 δια-

2145 1114 2320 1186 θήκης
2362 1117 2481 1169 ἐστὶ
2525 1116 2777 1189 μεσίτης,
2824 1117 3121 1189 ἀρχιερεύς
3167 1135 3227 1173 τε
3268 1119 3375 1173 τῶν
3424 1121 3697 1192 μελλόντων

2145 1206 2386 1276 ἀγαθῶν,
2410 1208 2498 1261 διὰ
2526 1208 2627 1278 τῆς
2657 1207 2906 1278 μείζονος
2939 1208 3033 1263 καὶ
3060 1209 3401 1282 τελειοτέρας
3431 1213 3622 1285 σκηνῆς
3644 1214 3696 1267 ού

2146 1299 2551 1370 χειροποιήτου.
2588 1298 2713 1352 οὐδὲ
2741 1298 2809 1352 δι’
2847 1299 3083 1369 αἵματος
3105 1300 3326 1370 τράγων
3358 1302 3448 1355 καὶ
3484 1302 3695 1374 μόσχων,

2147 1383 2237 1437 διὰ
2276 1383 2333 1437 δὲ
2373 1383 2467 1439 τοῦ
2513 1385 2647 1439 ἰδίου
2685 1386 2920 1458 αἵματος
2964 1388 3217 1459 εἰσῆλθεν
3273 1389 3490 1459 ἐφάπαξ
3529 1392 3601 1456 εἰς
3638 1393 3697 1446 τὰ

2151 1474 2319 1543 ’Δγια
2348 1475 2455 1531 τῶν
2494 1477 2688 1546 ἀγίων,
2728 1479 2956 1534 αἰωνίαν
3001 1479 3271 1552 λύτρωσιν
3304 1481 3610 1553 εὑράμενος.
3650 1483 3700 1538 '0

2150 1566 2311 1629 αὐτὸς
2342 1565 2450 1638 γὰρ
2476 1562 2543 1638 ἦν
2567 1568 2662 1622 καὶ
2693 1570 2874 1638 ίερεὺς
2901 1571 2997 1624 καὶ
3026 1571 3223 1642 ἰερεῖον
3248 1589 3263 1606 ο
3291 1572 3567 1640 καὶταῦτα
3590 1576 3700 1645 ἡμῖν

2152 1656 2472 1727 ἁπεκάλυψε
2510 1658 2579 1711 τὰ
2606 1658 2762 1728 ἀγια,
2799 1660 2901 1726 τάς
2932 1661 3107 1726 πύλας
3148 1662 3250 1727 τὰς
3278 1663 3552 1734 οὐρανίους
3580 1665 3705 1719 άπα-

2154 1764 2239 1801 σιν
2269 1749 2542 1817 ἀνοιγνὺς,
2579 1750 2718 1820 βατά
2748 1769 2830 1819 τε,
2872 1753 2966 1807 καὶ
2985 1753 3309 1826 εύπρόσιτα,
3353 1755 3445 1809 καὶ
3487 1754 3711 1826 εἰσιτητά

2085 1838 2125 1893 Β
2159 1841 2544 1909 ποιησάμενος.

2231 1928 2397 1984 Ὅσον
2423 1924 2518 1984 οὖν
2563 1930 2672 1986 τῶν
2703 1932 3010 2004 προσώπων
3049 1934 3112 1988 τὸ
3139 1934 3559 2007 ἐξηλλαγμένον,
3590 1937 3709 2006 Χρι-

2162 2017 2287 2073 στοῦ
2314 2037 2373 2074 τε
2404 2020 2499 2075 καὶ
2541 2022 2649 2076 τῶν
2681 2024 2812 2095 περὶ
2851 2025 2942 2079 τὸν
2984 2024 3197 2097 ’Δαρὼν
3218 2064 3233 2092 ,
3288 2027 3398 2080 τῶν
3450 2027 3615 2098 πάντη
3647 2028 3712 2080 δι·-

2160 2112 2514 2184 ῳκισμένωνι
2545 2115 2641 2168 καὶ
2674 2112 2750 2170 ὧν
2787 2116 2849 2170 τὸ
2873 2117 2929 2172 ἐν
2962 2116 3115 2189 μέσῳ
3130 2119 3210 2182 εἰς
3234 2116 3460 2190 ἄπειρον
3493 2118 3713 2173 ἐκϐαῖνον

2162 2206 2259 2261 καὶ
2288 2205 2537 2278 ἀόριστον
2567 2249 2582 2275 ,
2624 2207 2720 2261 καὶ
2766 2208 2874 2262 τῶν
2917 2208 3122 2263 θυσιῶν
3166 2209 3229 2263 τὸ
3267 2209 3545 2280 διάφορονῑ
3589 2209 3717 2262 Ἐκεῖ

2165 2295 2265 2367 μὲν
2294 2296 2404 2367 γὰρ
2433 2296 2589 2361 ζώων
2616 2298 2829 2367 ἀλόγων
2858 2294 3001 2369 αἷμα
3027 2301 3399 2373 εἰσενήνεκτο,
3426 2299 3644 2353 ἐνταῦθα
3671 2298 3717 2353 δὲ

2162 2384 2256 2440 τοῦ
2285 2385 2522 2458 ἀμώμου
2560 2387 2738 2458 ἀμνοῦ
2771 2387 2869 2441 τοῦ
2910 2388 3163 2460 αἴροντος
3191 2390 3294 2459 τὴν
3333 2388 3598 2460 ἁμαρτίαν
3638 2386 3716 2442 τοῦ

2164 2475 2374 2546 κόσμου
2419 2477 2828 2550 προσφέρεται·
2881 2479 3017 2551 πρὸς
3062 2479 3159 2548 δέ,“
3186 2479 3284 2535 καὶ
3318 2479 3429 2534 τῶν
3473 2478 3720 2549 διαθηκῶν

2165 2569 2260 2622 καὶ
2284 2568 2383 2639 τῆς
2414 2570 2620 2641 σκηνῆς
2639 2569 2702 2624 τὸ
2717 2569 3003 2641 διεστηκός
3024 2587 3040 2604 ο
3061 2571 3130 2627 τὰ
3148 2572 3248 2642 μὲν
3267 2571 3378 2644 γὰρ
3399 2569 3724 2644 χειροποίητα

2163 2675 2225 2713 τε
2257 2655 2326 2733 ἧν
2356 2660 2452 2714 καὶ
2492 2661 2826 2734 πρόσκαιρα,
2861 2663 2957 2717 καί
2988 2662 3067 2735 τῷ
3109 2663 3292 2735 χρόνῳ
3322 2664 3721 2733 διακοπτόμενα,

2165 2752 2260 2805 καὶ
2287 2751 2492 2823 ἥκιστα
2527 2753 2719 2808 στάσιν
2754 2753 2950 2825 ἔχοντα
2975 2792 2993 2822 ,
3038 2756 3135 2809 καὶ
3168 2756 3232 2809 τὸ
3261 2757 3375 2810 πᾶν
3424 2756 3609 2818 εἰπεῖν,
3638 2753 3724 2825 ήδη

2166 2842 2546 2897 πεπαλαίωται
2577 2844 2673 2898 καὶ
2688 2845 2825 2916 γεγή
2836 2862 2994 2916 ρακε,
3009 2845 3184 2920 ταύτῃ
3209 2864 3295 2901 τοι
3320 2847 3414 2903 καὶ
3439 2848 3723 2919 ἠφάνισται·

2165 2934 2235 2987 τὰ
2264 2933 2321 2987 δὲ
2355 2935 2418 2988 ού
2446 2935 2806 3007 χειροποίητα
2830 2936 2953 2990 οὐδὲ
3000 2937 3348 3011 πρόσκαιρα,
3389 2938 3532 2994 ἀΐδια
3559 2937 3612 2990 δέ
3646 2935 3727 2989 καὶ

2168 3025 2362 3081 αἰώνια
2401 3028 2497 3081 καὶ
2538 3026 2627 3082 ἀεὶ
2678 3026 3042 3100 καινιζόμενα
3088 3031 3186 3085 καὶ
3227 3029 3519 3101 νεούμενα,
3559 3026 3645 3081 καὶ
3675 3024 3727 3079 οὔ

2171 3135 2302 3173 ποτε
2330 3118 2703 3191 ἀπολήγοντα,
2725 3121 2850 3175 ούδέ
2878 3123 3168 3192 πεφυκότα
3198 3121 3625 3201 μειονεκτεῖσθαι
3649 3116 3729 3171 καὶ

488 3209 669 3265 cultus
713 3209 880 3263 etiam
940 3219 995 3263 et
1040 3210 1274 3263 victimae
1300 3227 1314 3262 :
1344 3224 1576 3279 namque
1620 3209 1726 3265 illa:
1767 3209 2061 3265 crassiores

2168 3208 2528 3282 φθείρεσθαι·
2585 3212 2800 3284 ἀνάγκη
2855 3213 3043 3268 λοιπὸν
3091 3214 3463 3286 διενηνοχέναι
3524 3213 3610 3265 καὶ
3647 3210 3730 3280 τὴν

488 3309 649 3354 erant
677 3309 733 3353 et
760 3299 1032 3365 carnales,
1057 3308 1111 3353 et
1139 3307 1393 3367 tanquam
1424 3298 1476 3353 in
1525 3299 1708 3369 ﬁguris
1732 3314 1820 3355 res
1855 3299 2066 3355 futuras

489 3401 547 3444 et
574 3393 745 3459 ipsam
776 3390 1061 3444 veritatem
1092 3390 1145 3443 in
1179 3397 1519 3461 antecessum
1552 3389 1912 3445 charaxantes
1971 3390 2069 3445 de-

477 3484 928 3551 .scrtbentesque,
956 3482 1184 3536 necdum
1212 3480 1599 3550 perfectionem
1627 3481 1852 3551 adeptae.
1875 3480 2071 3536 Nostra

496 3584 678 3627 autent
718 3588 872 3627 sacra
931 3572 983 3626 in
1024 3572 1217 3639 spiritu
1251 3585 1314 3626 ac
1358 3572 1590 3627 veritate
1635 3579 1875 3641 peracta,
1909 3570 2070 3641 perﬁ-

496 3667 649 3719 ciunt
677 3677 770 3719 eos
823 3665 912 3733 qui
951 3662 1185 3719 oﬁ‘erunt
1218 3662 1328 3717 Deo
1370 3662 1701 3719 sacriﬁcium
1739 3662 1936 3729 laudis,
1977 3677 2076 3732 per.

496 3770 617 3824 qua:
664 3755 783 3810 sine
815 3737 983 3823 pausa
1032 3752 1289 3819 clamant,
1343 3751 1496 3808 Abba
1546 3752 1709 3807 Pater
1753 3752 1820 3807 ".
1846 3752 1977 3808 Nam
2027 3753 2073 3809 si
2118 3750 2125 3753 ⁷

499 3847 721 3911 fuisset,
755 3845 951 3916 inquit,
981 3844 1242 3915 perfectio
1276 3845 1328 3898 in
1357 3843 1606 3900 Levitico
1636 3845 1961 3912 sacerdotio,
1984 3860 2076 3916 pe-

501 3941 658 4009 pulus
695 3940 838 3994 enim
880 3940 949 3994 ab
972 3952 1037 3993 eo
1065 3939 1235 4008 legem
1268 3938 1595 4007 accipiebat,
1620 3935 1737 4007 jam
1794 3953 1929 4007 opus
1964 3953 2071 3993 non

499 4043 620 4088 erat
652 4033 819 4087 alium
855 4030 1014 4101 juxta
1059 4031 1306 4085 ordinem
1364 4028 1726 4087 Melchisedec
1782 4045 2077 4103 exsurgere

476 4127 861 4197 sacerdotem.
910 4122 1177 4189 Quoniam
1230 4122 1315 4178 lex
1364 4123 1499 4177 nihil
1543 4123 1790 4194 perfecit,
1849 4124 1945 4180 sed
1994 4126 2078 4180 itt-

505 4216 776 4270 ll'OduCllO
836 4223 920 4270 est
973 4212 1217 4268 melioris
1281 4215 1420 4283 spei,
1458 4228 1552 4283 per
1611 4228 1774 4284 quam
1816 4214 1929 4270 Deo
1984 4230 2079 4284 ap-

504 4304 1201 4378 propinquamus".Ncque
1264 4305 1536 4361 sacriﬁcia
1614 4305 1701 4361 vel
1776 4305 2080 4363 oblationes

505 4407 756 4469 poterant
783 4396 1082 4453 secundum
1107 4396 1496 4453 conscientiam
1526 4395 1872 4452 adoratorem
1920 4397 2081 4467 perﬁ-

504 4508 649 4547 cere.
685 4490 912 4555 Deinde,
942 4491 1164 4561 sanguis
1212 4491 1427 4559 quidem
1479 4499 1756 4544 taurorum
1802 4498 1859 4544 et
1899 4489 2079 4545 hirco-

2173 3301 2431 3374 λατρείαν
2457 3302 2552 3356 καὶ⁸
2590 3302 2661 3356 τά
2684 3302 2920 3375 θυόμενα
2940 3320 2953 3335 ·
2983 3305 3053 3359 τά
3094 3305 3193 3377 μὲν
3226 3306 3340 3377 γὰρ
3391 3301 3661 3376 παχύτερά
3682 3316 3731 3353 τε

2173 3387 2243 3463 ἦν
2270 3393 2364 3445 καὶ
2404 3393 2805 3467 σαρκικώτερα,
2841 3394 2938 3449 καὶ
2963 3395 3037 3460 ὡς
3071 3398 3127 3449 ἐν
3158 3395 3377 3459 τύποις,
3405 3396 3517 3450 τῶν
3538 3391 3734 3465 μελλόν-

2176 3500 2284 3536 των
2314 3484 2408 3536 καὶ⁵
2438 3484 2538 3554 τῆς
2577 3483 2839 3555 ἀληθείας
2868 3486 3372 3558 προχαρασσόμενα
3414 3484 3507 3538 καί
3532 3484 3735 3551 διαγρα-
3813 3470 3823 3479 ’

2178 3576 2411 3646 φόμενα,
2450 3576 2545 3630 καὶ
2585 3576 2740 3629 οὔπω
2779 3576 3054 3646 δεξάμενα
3099 3581 3201 3648 τὴν
3245 3578 3567 3631 τελείωσινο
3600 3572 3663 3625 τὰ
3690 3568 3737 3622 δέ

2180 3668 2425 3739 ἡμέτερα
2452 3668 2509 3722 ἐν
2539 3667 2814 3739 πνεύματι
2845 3671 2940 3724 καὶ
2968 3667 3198 3740 ἀληθεία
3219 3668 3538 3739 τελούμενα,
3568 3659 3738 3718 τελειοῖ

2181 3762 2306 3823 τοὺς
2332 3759 2401 3811 δι’
2433 3759 2617 3813 αὐτῶν
2660 3759 3071 3831 προσφέροντας
3114 3759 3193 3830 τῷ
3231 3758 3359 3829 Θεῷ
3397 3756 3584 3812 θυσίαν
3616 3750 3740 3808 αἰνέ-

2185 3868 2344 3914 σεως,
2402 3850 2472 3903 δι’
2529 3844 2604 3905 ὧν
2665 3851 3056 3923 ἀνεπιλήπτως
3092 3851 3479 3923 κεκράξονται,
3536 3841 3741 3901 ’Δόϐἀό

2183 3943 2392 4013 Πατήρ.
2426 3942 2487 3995 Εἰ
2534 3942 2635 4012 μὲν
2665 3943 2773 4013 γὰρ
2802 3938 2870 4014 ἦν
2904 3943 3183 4008 τελείωσις
3206 3942 3295 3997 διὰ
3338 3943 3441 4014 τῆς
3479 3934 3744 4005 Λευῖτικῆς

2186 4034 2509 4106 ἱερωσύνης,
2549 4036 2713 4104 φησὶν
2764 4035 2812 4106 (ὁ
2842 4035 2971 4101 λαὸς
3004 4035 3114 4107 γὰρ
3165 4037 3251 4088 ἐπ’
3302 4037 3445 4107 αὐτῇ
3484 4028 3745 4100 νενομοθέ-

2185 4127 2363 4198 τητο),
2389 4128 2489 4181 οὐκ
2516 4124 2585 4198 ἦν
2621 4126 2701 4180 ἐτι
2754 4127 2912 4199 χρεία
2936 4128 3080 4181 κατὰ
3099 4127 3198 4197 τὴν
3232 4127 3389 4193 τάξιν
3439 4112 3747 4195 Μελχισεδὲκ

2185 4219 2372 4290 ἕτερον
2402 4218 2721 4272 ἀνίστασθαι
2749 4219 2900 4291 ἰερέα
2920 4235 2935 4251 ο
2965 4219 3047 4273 ὅτι
3075 4221 3102 4272 ό
3131 4219 3294 4290 νόμος
3339 4219 3495 4273 οὐδὲν
3522 4212 3746 4270 ἐτελείω-

2188 4326 2297 4377 σεν,
2334 4310 2687 4381 ἐπεισαγωγὴ
2734 4310 2791 4364 δὲ
2822 4311 3132 4379 κρείττονος
3170 4310 3425 4375 ἐλπίδος⁶
3456 4308 3522 4363 δι’
3567 4301 3630 4378 ἦς
3668 4305 3749 4371 ὲγ-

2186 4399 2413 4472 γίζομεν
2460 4400 2539 4470 τῷ
2587 4400 2727 4470 Θεῷ.
2779 4400 2901 4454 Οὐδ’
2950 4396 3016 4454 αὖ
3057 4401 3113 4454 αἰ
3161 4399 3346 4454 θυσίαι
3388 4399 3481 4473 καὶ
3512 4397 3577 4451 τὰ
3618 4393 3751 4462 δῶρα

2188 4491 2451 4563 ἠδύναντο
2479 4492 2623 4546 κατά
2651 4491 2959 4560 συνείδησιν
2986 4490 3275 4546 τελειῶσαι
3297 4492 3392 4546 τὸν
3419 4486 3747 4559 λατρεύοντα.

506 4601 652 4648 rum,
691 4593 751 4651 et
797 4584 935 4638 cinis
983 4581 1167 4637 vitulus
1205 4580 1508 4652 inquinatis
1569 4596 1848 4652 aspersus,
1877 4581 2052 4637 sancti

2188 4578 2322 4660 Εἶτα
2353 4583 2415 4636 τὸ
2463 4584 2563 4654 μὲν
2607 4578 2748 4654 αἷμα
2778 4583 2998 4655 ταύρων
3047 4586 3143 4638 καὶ
3172 4584 3397 4655 τράγων
3442 4581 3536 4636 καὶ
3580 4574 3752 4637 σποδὸς

507 4678 672 4735 ﬁcant
695 4677 838 4746 quod
859 4676 1055 4730 attinet
1081 4673 1148 4727 ad
1186 4672 1371 4727 carnis
1408 4673 1875 4737 emundationem,
1978 4672 2061 4728 Set

2184 4674 2476 4745 δαμάλεως
2495 4675 2623 4738 τοὺς
2642 4675 3080 4745 κεκοινωμένους
3109 4676 3463 4747 ῥαντίζουσα,
3491 4670 3752 4741 ἀγιάζουσι

507 4768 707 4827 Christi
755 4767 978 4837 sanguis
1022 4782 1259 4836 purgans
1307 4780 1339 4821 a
1384 4767 1611 4821 mortuis
1665 4765 1920 4833 operibus
1956 4779 2061 4820 con

2191 4767 2328 4837 πρὸς
2362 4766 2458 4836 τὴν
2485 4766 2587 4834 τῆς
2629 4765 2830 4834 σαρκὸς
2857 4764 3230 4836 καθαρότητα.
3273 4765 3347 4818 Τὸ
3377 4764 3436 4817 δὲ
3466 4756 3604 4832 αἷμα
3640 4759 3754 4828 Χρι-

509 4861 817 4925 scientiam,
874 4862 944 4915 ob
1003 4862 1351 4915 serviendum
1403 4857 1514 4912 Deo
1559 4857 1762 4912 viventi
1818 4872 1883 4912 ac
1938 4872 2061 4912 vero

2191 4856 2317 4911 στοῠ
2347 4855 2611 4929 καθαῖρον
2642 4855 2949 4926 συνείδησιν
2986 4856 3096 4909 ἀπὸ
3136 4840 3355 4928 νεκρῶν
3378 4856 3579 4926 ἔργων,
3608 4848 3680 4911 εἰς
3705 4843 3754 4897 τὸ

509 4958 638 5028 quid
675 4958 891 5011 demum
932 4956 1001 5011 ab
1044 4953 1281 5010 inimicis
1312 4966 1433 5007 esse
1471 4950 2061 5007 existimabitur"?Nut

2179 4948 2469 5016 λατρεύειν
2514 4946 2636 5017 Θεῷ
2681 4945 2845 5012 ζῶντι
2900 4947 2996 4999 καὶ
3043 4946 3307 5018 ἀληθινῷ,
3361 4946 3415 4999 τί
3465 4942 3616 5014 παρά
3659 4938 3755 4996 103;

512 5065 685 5116 neque
715 5049 1064 5103 sanctiﬁeaus
1115 5059 1293 5115 neque
1348 5039 1876 5114 purgans?Prorsus
1923 5042 2061 5095 aude

2184 5039 2399 5112 ἐχθροῖς
2428 5037 2850 5110 λογισθήσεταις
2904 5038 3156 5107 Ἀγιάζον
3200 5038 3299 5109 μὲν
3335 5033 3583 5106 οὐδαμῶς
3614 5031 3645 5102 ἧ
3671 5044 3756 5116 mf

514 5145 646 5197 bunt
677 5142 861 5196 dicere
899 5140 952 5194 hi
984 5141 1251 5208 impuram
1283 5136 1671 5193 conscientiam
1720 5145 1993 5205 gerentes,
2034 5150 2061 5190 e

2187 5132 2402 5203 θαῖρον;
2440 5131 2770 5203 τολμήσουσι
2793 5130 2850 5184 δὲ
2874 5129 3093 5194 πάντως
3127 5147 3229 5184 που
3257 5127 3434 5200 φάναι
3478 5115 3757 5191 ἀκάθαρτοι

516 5236 567 5286 in
610 5233 801 5287 mortis
829 5230 1086 5300 operibus
1133 5236 1416 5283 versantes
1456 5245 1469 5281 :
1503 5225 1737 5295 Sanguis
1769 5223 1886 5294 ejus
1927 5238 2057 5293 snpc

2194 5242 2258 5294 γε
2289 5225 2440 5287 ὄντες
2478 5224 2579 5295 τὴν
2617 5223 2943 5294 συνείδησιν,
2977 5222 3073 5277 καί
3105 5221 3506 5294 νενεκρωμένοι
3540 5218 3645 5279 τοῖς
3680 5210 3758 5282 ἔρ-

518 5342 615 5380 ιιοε
667 5334 722 5379 et
774 5338 937 5395 super
992 5321 1129 5377 ﬁlios
1190 5328 1430 5376 nostros.
1489 5316 1612 5372 Haec
1658 5316 1748 5370 isti
1789 5317 1973 5370 dicant
2038 5334 2061 5370 ε

2199 5334 2317 5385 γοις
2354 5316 2738 5385 τυγχάνοντες.
2779 5314 2852 5369 Τὸ
2880 5306 3020 5385 αἷμα
3057 5314 3220 5370 αὐτοῦ
3252 5314 3335 5392 ἐρ’
3371 5312 3524 5382 ἡμᾶς
3566 5307 3655 5361 καὶ

520 5426 720 5487 agunt;
756 5391 857 5470 nos
898 5425 1076 5469 autem
1126 5413 1193 5467 ad
1250 5412 1509 5482 reliquam
1564 5409 1833 5466 sermonis
1884 5416 2057 5480 parte:

2200 5407 2268 5460 τὰ
2298 5407 2465 5460 τέκνα
2511 5405 2696 5477 ήμῶνο
2741 5404 2915 5459 ταῦτα
2950 5406 3048 5475 μὲν
3093 5405 3187 5460 οὖν
3218 5405 3420 5458 ἐκεῖνοι
3449 5401 3544 5455 καὶ
3582 5391 3761 5468 φραζέ’

521 5522 828 5579 pergamus.
2201 5515 2381 5551 τωταν
2415 5490 2524 5552 καῖ’
2542 5499 2960 5571 πρασσέτωσαν,
2990 5499 3150 5571 ήμεῖς
3185 5498 3243 5552 δὲ
3267 5497 3405 5566 πρὸς
3435 5494 3502 5548 τὰ
3535 5492 3656 5559 ἑξῆς
3681 5490 3759 5537 τον

2202 5590 2362 5659 λόγου
2394 5590 2582 5661 ἴωμεν.

592 5711 638 5740 ⁷³
674 5707 835 5763 llehr.
865 5725 960 5772 νιι,
991 5708 1177 5763 ‘23-‘25.
1254 5708 1301 5741 "
1329 5707 1493 5766 llebr.
1527 5723 1643 5777 Vill,
1683 5707 1735 5775 5,
1765 5708 1818 5763 6.
1897 5710 1941 5741 ⁷³
1981 5711 2057 5764 Hc

540 5777 588 5810 ’³
623 5778 781 5833 llcbr.
819 5795 894 5842 ιχ,
942 5780 1118 5842 15,ίιί.

2174 5724 2246 5775 ιι,
2285 5708 2371 5776 ll,
2409 5707 2496 5763 12.
2574 5708 2618 5741 ⁷⁸
2650 5705 2813 5763 Rom.
2847 5722 2968 5777 vru,
3010 5706 3098 5762 l5.
3173 5707 3217 5739 "
3249 5705 3416 5761 Hebr.
3452 5713 3547 5767 vn,
3574 5671 3759 5761 “,19-
