3994 6438
346 408 454 475 ’165

1211 378 1779 483 APOLOGETICUS
1816 421 1969 483 PRO
2007 425 2278 488 sacms
2316 396 2803 493 mium-Bos.

3510 430 3627 495 766

424 521 522 612 ξολ.
554 517 683 592 Εἶχε
733 522 834 592 μὲν
863 518 978 590 οὗν,
1021 523 1180 597 φησι,
1203 528 1298 581 καὶ
1332 530 1366 599 ἡ
1410 530 1604 602 πρώτη
1648 533 1823 603 σκηνὴ
1852 533 1933 586 δι-

2107 537 2197 593 69.
2247 538 2490 596 Habebat
2531 543 2737 610 itaque,
2762 540 2953 610 inquit,
2985 540 3133 610 prius
3193 557 3408 612 quoque
3451 554 3621 599 testa-
3664 540 3669 543 ’

352 609 649 684 καιώματα
676 614 937 685 λατρείας
960 632 974 648 ·
1013 616 1138 673 τίνα
1165 616 1345 673 ταῦτα
1369 623 1463 675 καὶ
1486 623 1644 677 ὁποῖα
1664 641 1681 691 ;
1702 625 1939 695 Λυχνίαν

352 701 466 777 εἶχε
503 705 598 759 καὶ
643 706 949 776 τράπεζαν,
993 708 1089 764 καὶ
1120 710 1231 764 τῶν
1276 711 1461 784 ἄρτων
1495 715 1597 786 τὴν
1636 715 1930 788 πρόθεσινο

351 795 409 849 τί
448 795 781 868 ἂὲλέγετος
841 799 1020 871 Ἀγία.
1064 802 1130 856 Ἡ
1173 802 1231 859 δὲ
1280 806 1403 860 καθ’
1451 809 1600 877 ἡμᾶς
1639 808 1813 879 σκηνὴ
1855 809 1939 874 τίς

351 881 519 954 οὗσας
546 888 600 942 τί
641 890 795 961 παρὰ
813 894 930 956 τοῖς
969 893 1187 966 ἐχθροῖς
1227 896 1329 968 τῆς
1358 899 1415 951 ὲν
1457 899 1680 972 Χριστῷ
1716 900 1940 971 χάριτος

352 977 606 1047 λέγεταιη
641 980 735 1046 Ὠς
756 983 855 1054 μὲν
879 979 975 1039 οὖν
995 987 1237 1057 ἀμείνων
1258 988 1442 1059 πολλῷ
1461 990 1678 1063 ἐκείνης
1704 992 1819 1045 ἐστὶ
1845 993 1938 1045 καὶ

355 1070 647 1143 ἱερωτέρα.
693 1073 759 1128 Τί
797 1074 933 1132 ἄλλο
963 1088 1028 1146 γε
1064 1081 1250 1133 εἰπεῖν
1286 1080 1416 1153 χρὴ,
1449 1081 1487 1153 ἦ
1520 1082 1642 1136 καθ’
1670 1084 1796 1138 ὅσον
1831 1086 1942 1140 τῶν

353 1161 544 1215 τύπων
569 1165 663 1218 καὶ
682 1164 783 1236 τῆς
809 1168 975 1232 σκιᾶς
997 1169 1031 1237 ἡ
1058 1169 1308 1241 ἀλήθεια,
1339 1175 1441 1227 καὶ
1452 1174 1562 1227 τῶν
1586 1178 1940 1245 μεσιτευσάν-

353 1268 467 1315 των
498 1253 557 1307 τὸ
589 1254 788 1309 διοῖσον
817 1259 879 1310 ὲν
905 1257 1219 1330 ἀξιώματιξ
1250 1261 1305 1314 τί
1332 1262 1389 1315 δὲ
1435 1263 1567 1334 παρ’
1599 1263 1785 1328 αὐτοῖς
1822 1266 1941 1320 ὀνο-

359 1344 593 1416 μάζεται
608 1364 622 1411 ;
640 1348 750 1419 Οὐχ
771 1349 929 1418 ἁγία,
944 1351 1043 1420 φεῦ
1060 1352 1163 1423 τῆς
1187 1352 1540 1425 βλασφημίας
1570 1357 1583 1410 i
1605 1356 1719 1409 ἀλλ’
1740 1357 1940 1430 ὲναγὴς

355 1439 455 1489 καὶ
484 1438 820 1509 ἀκάθαρτοςο
855 1443 975 1497 οὐδὲ
1024 1443 1375 1515 δικαιώματα
1421 1445 1682 1518 λατρείας
1715 1448 1937 1518 ἔχουσα,

355 1528 496 1581 ἀλλὰ
535 1531 795 1601 φάσματα
823 1533 1244 1607 εἰδωλολατρίας
1267 1555 1281 1570 ο
1310 1538 1535 1594 τοιαῦτα
1560 1541 1669 1611 γὰρ
1693 1541 1803 1597 τῶν
1833 1541 1940 1595 θεον

359 1621 552 1692 μάχων
585 1622 847 1691 γλωσσῶν
873 1625 942 1679 τὰ
970 1627 1321 1698 τολμήματα,
1355 1630 1408 1683 οἵ
1430 1647 1493 1699 γε
1526 1631 1646 1684 οὐδὲ
1670 1623 1778 1683 τῶν
1810 1632 1939 1685 ἴσων

354 1714 644 1797 γερῶνντῷ
666 1716 945 1789 νόμιμτὴν
969 1719 1129 1790 χάριν
1154 1720 1221 1775 ἂν
1251 1724 1596 1794 τιμήσαιντο,
1624 1723 1733 1776 τῶν
1765 1723 1941 1793 αἰσχί-

354 1818 503 1859 στων
530 1806 587 1884 δὲ
616 1809 833 1862 πάντων
860 1810 957 1863 καὶ
991 1810 1407 1885 βδελυρωτέρων
1432 1831 1445 1846 ·
1479 1816 1657 1869 καίτοι
1688 1816 1807 1868 ἐκεῖ
1842 1818 1940 1885 μὲν

2038 641 2280 685 mentum
2321 631 2496 688 cultus
2521 633 2959 700 justiﬁcationcs.
2983 632 3242 699 Quaenam
3276 648 3409 689 vero
3449 636 3532 689 ha
3566 640 3623 688 et

2039 720 2263 790 quales?
2291 720 2592 778 Lucernam
2643 721 2902 786 habebat,
2938 731 2994 776 et
3044 737 3305 789 mensam,
3330 731 3385 776 et
3424 735 3619 792 panem

2038 812 2492 881 propositionum.
2554 812 2837 876 Quomodo
2902 820 3084 865 autem
3163 808 3621 881 appellabantur?

2040 898 2303 957 Nimirum
2324 912 2536 956 sancta.
2565 900 2829 957 Nostrum
2845 915 2977 955 vero
3010 900 3417 955 tabernaculum
3445 898 3620 965 quod-

2039 1007 2169 1047 nam
2232 991 2353 1047 est?
2404 993 2676 1064 quomodo
2752 993 2825 1045 ab
2869 993 3107 1047 inimicis
3162 992 3350 1061 gratia:
3417 989 3621 1044 Christi

2040 1084 2466 1139 denominaturi
2501 1084 2878 1156 Nempelonge
2901 1085 3093 1139 melius
3133 1084 3223 1139 illo
3250 1094 3300 1139 et
3322 1083 3619 1139 sacratius.

2040 1173 2180 1242 Quid
2206 1175 2351 1228 enim
2405 1174 2550 1230 aliud
2589 1176 2770 1231 dicere
2813 1185 3045 1244 oportet,
3072 1175 3172 1229 nisi
3205 1183 3465 1245 quantum
3482 1172 3622 1242 tigno

2043 1266 2119 1321 ris
2139 1275 2194 1321 et
2224 1265 2434 1320 umbris
2464 1267 2687 1331 veritas,
2708 1275 2762 1321 et
2785 1266 2894 1319 illis
2920 1268 3012 1336 qui
3035 1277 3161 1322 sum
3196 1265 3499 1340 intermedii
3528 1265 3621 1320 illo

2042 1360 2133 1430 qui
2169 1358 2388 1423 dividit,
2431 1358 2693 1427 dignitate
2723 1357 3163 1427 praestat?Atqni
3207 1359 3274 1412 ab
3302 1359 3387 1413 bis
3427 1358 3613 1413 taber-

2042 1450 2293 1505 naculum
2338 1457 2589 1504 nostrum
2650 1449 2920 1518 quomodo
2981 1448 3318 1518 appellatur?
3361 1449 3611 1504 Profecto

2044 1542 2189 1596 baud
2246 1552 2514 1607 sanctum,
2550 1543 2702 1609 proli
2766 1540 3141 1609 blasphemia!
3204 1541 3297 1594 sed
3347 1541 3621 1610 piaculare

2043 1645 2208 1701 atque
2264 1634 2537 1702 impurum
2570 1647 2587 1695 ;
2620 1646 2794 1699 neque
2843 1631 3259 1698 iustiﬁcationes
3307 1633 3483 1684 cultus
3526 1632 3620 1684 lia-

2042 1725 2192 1790 bcre,
2223 1724 2319 1779 sed
2367 1723 2689 1778 idololatriae
2742 1722 3000 1791 speciem.
3030 1720 3091 1775 Hi
3125 1732 3250 1775 sunt
3302 1720 3410 1777 Deo
3445 1722 3619 1775 hosti-

2042 1814 2172 1869 lium
2227 1814 2531 1884 linguarnm
2579 1827 2765 1876 ausus,
2808 1828 2926 1882 qua:
2970 1828 3037 1867 ne
3094 1813 3206 1882 pari
3246 1814 3463 1883 quidem
3494 1828 3619 1867 cum

357 1897 590 1969 μεσίτης
622 1900 718 1953 καὶ
741 1901 1021 1973 ὑπηρέτης
1048 1906 1076 1958 6
1099 1904 1284 1968 δοῦλος
1315 1906 1408 1959 καὶ
1436 1905 1689 1977 θεράπων
1709 1906 1931 1976 Μωσῆς,

2044 1908 2157 1977 lege
2184 1909 2385 1963 honore
2421 1908 2653 1978 gratiam
2690 1906 2953 1971 alliciunt,
2985 1908 3080 1960 sed
3111 1907 3253 1961 inter
3309 1907 3618 1975 turpissima

352 1987 593 2042 ἐνταῦθα
629 1988 685 2042 δὲ
715 1990 743 2042 6
772 1992 1019 2057 Μωσέως
1065 1993 1335 2064 δεσπότης
1377 1996 1471 2049 καὶ
1508 1995 1619 2050 τῶν
1663 1997 1800 2049 ὅλων
1824 1978 1941 2049 Κύί

358 2096 498 2151 ριος,
543 2083 571 2133 6
606 2081 716 2134 τῶν
766 2083 936 2152 ἁγίων
980 2085 1297 2157 λειτουργὸς
1335 2087 1559 2157 καὶτῆς
1602 2089 1806 2159 σκηνῆς
1841 2088 1943 2156 τῆς

356 2170 641 2242 ἀληθινῆς,
674 2175 739 2245 ἦν
764 2174 1009 2245 ἔπηξενὸ
1040 2178 1266 2249 Κύριος,
1301 2180 1397 2232 καὶ
1432 2180 1534 2233 οὐκ
1562 2181 1847 2251 ἅνθρωπος
1867 2194 1883 2212 °
1913 2182 1942 2234 6

364 2264 593 2318 κάκεῖνα
622 2267 994 2338 νομοθετήσας
1022 2269 1099 2333 ὡς
1129 2270 1281 2337 Θεὸς,
1318 2271 1416 2325 καὶ
1442 2273 1501 2325 ὲν
1541 2271 1753 2336 τούτοις
1790 2288 1944 2342 μεσι-

361 2356 555 2421 τεύσας
585 2359 613 2411 ό
650 2359 811 2424 αὐτὸς
851 2361 928 2426 ὡς
974 2348 1259 2433 ἅνθρωπος
1303 2364 1401 2417 καὶ
1438 2365 1562 2419 καθ’
1610 2366 1760 2436 ἡμᾶς
1791 2366 1945 2433 γενό-

358 2464 553 2516 μενος·
584 2452 747 2503 κακεί
782 2451 880 2521 μὲν
927 2453 1221 2525 ἀρχιερεὺς
1264 2455 1472 2525 Ἀαρών
1499 2473 1561 2510 τε
1606 2456 1703 2510 καὶ
1734 2444 1785 2509 oi
1812 2456 1943 2529 περὶ

367 2539 610 2611 Ἀαρὼν,
657 2542 895 2599 ἐνταῦθα
933 2528 991 2598 δὲ
1038 2545 1200 2610 αὐτὸς
1228 2547 1257 2599 6
1288 2534 1497 2617 Κύριος
1538 2548 1694 2619 ήμῶν
1733 2528 1944 2619 Ἰησοῦς

351 2630 616 2703 Χριστὸς,
643 2635 674 2688 6
701 2624 921 2706 πρῶτος
950 2637 1044 2691 καὶ
1089 2638 1263 2709 μέγας
1307 2640 1599 2713 ἀρχιερεὺς
1640 2642 1772 2712 παρ’
1811 2643 1942 2712 ἡμῖν

353 2723 788 2797 ὁμολογούμενός
815 2745 876 2781 τε
906 2729 997 2782 καὶ
1031 2731 1424 2801 πιστευόμενος
1446 2748 1461 2763 ο
1497 2732 1593 2785 καὶ
1621 2732 1811 2804 λυχνία
1844 2735 1942 2804 μὲν

354 2818 478 2870 ἐκεῖ
504 2818 570 2871 ἐκ
592 2818 794 2889 χρυσοῦ
827 2823 1337 2894 κατεσκευασμένη,
1368 2826 1483 2888 τοῖς
1508 2824 1589 2877 ἔτι
1609 2827 1666 2878 ὲν
1697 2826 1828 2897 σκιᾷ
1847 2826 1942 2880 καὶ

354 2907 510 2981 νόμῳ
535 2910 943 2981 προφαίνουσα’
984 2913 1218 2967 ἐνταῦθα
1245 2914 1301 2967 δὲ
1346 2914 1408 2968 τὸ
1438 2915 1555 2985 φῶς
1590 2916 1654 2968 τὸ
1687 2915 1943 2986 ἀληθινὸν

352 3001 418 3057 τὸ
465 3004 548 3066 είς
597 3004 691 3059 τὸν
741 3005 948 3074 κόσμον
987 3006 1302 3076 ἐρχόμενον,
1350 3006 1379 3059 ὃ
1424 3007 1529 3060 ὑπὸ
1574 3008 1675 3078 τῆς
1722 3008 1941 3072 σκοτίας

353 3092 616 3149 διώκετατ
652 3080 774 3167 μὲν,
814 3097 881 3150 οὖν
921 3084 1401 3168 καταλαμϐάνεται
1425 3098 1484 3152 δέ
1509 3114 1521 3128 ⁸
1546 3098 1683 3151 ἀλλὰ
1716 3096 1941 3166 φωτίζει

355 3188 538 3243 πάντα
557 3187 847 3260 ἄνθρωπον
870 3191 953 3253 εἰς
979 3190 1069 3243 τὸν
1102 3189 1306 3261 κόσμον
1339 3190 1658 3261 ἐρχόμενον,
1681 3191 1777 3247 καὶ
1805 3208 1937 3245 κατ-

352 3277 587 3348 αυγάζει
634 3280 762 3344 τοὺς
812 3281 870 3334 ὲν
916 3280 996 3351 τῷ
1053 3281 1195 3351 φωτὶ
1258 3280 1681 3353 πορευομένους,
1738 3284 1833 3334 καὶ
1872 3284 1939 3352 τῇ

353 3370 565 3442 λάμψει
603 3370 705 3442 τῆς
752 3371 1015 3443 χάριτος·
1045 3372 1296 3443 τράπεζα
1351 3374 1470 3425 ἐκεῖ
1519 3372 1618 3442 μὲν
1663 3367 1727 3425 ἑκ
1771 3372 1942 3437 ξύλων

353 3463 621 3534 ἀσήπτων
648 3460 1062 3533 διειργασμένη,
1091 3463 1182 3515 καὶ
1212 3459 1417 3531 χρυσίῳ
1435 3460 1662 3531 καθαρῷ
1685 3459 1942 3530 περιαλη-

352 3554 621 3626 λιμμὲνη,
661 3553 895 3609 ἐνταῦθα
950 3553 1007 3606 δὲ
1054 3552 1115 3618 ἐξ
1169 3552 1304 3624 ὕλης
1343 3552 1441 3624 μὲν
1489 3553 1590 3622 τῆς
1647 3554 1775 3624 παρ’
1812 3553 1943 3621 ἡμῖν

351 3646 716 3717 τιμιωτέρας,
758 3644 852 3698 ὑπ’
887 3642 1053 3697 αὑτοῦ
1084 3642 1140 3695 δὲ
1178 3643 1272 3696 τοῦ
1311 3641 1456 3695 θείου
1498 3641 1740 3712 θύματος
1804 3641 1941 3694 καθ-

352 3736 722 3808 αγιαζομένη,
750 3735 846 3788 καὶ
875 3728 953 3805 τῷ
984 3734 1123 3806 ἁγίῳ
1151 3732 1585 3806 λαμπρυνομένη
1631 3731 1939 3803 Πνεύματι,

348 3832 415 3895 ,ἐν
444 3824 480 3905 ᾖ
506 3829 579 3884 τὰ
606 3827 705 3899 τῆς
729 3829 789 3881 ὲν
814 3824 1085 3897 πνεύματι
1111 3826 1203 3879 καὶ
1224 3824 1454 3896 ἀληθεία
1479 3823 1739 3894 λατρείας
1764 3824 1944 3877 ἐπιτε-

351 3921 532 3975 λεῖται
581 3921 891 3992 μυστήριαο
923 3921 1129 3972 ποιοῖτο
1161 3918 1204 3973 δ’
1228 3917 1294 3972 ἂν
1329 3916 1437 3971 τῶν
1468 3916 1674 3971 πιστῶν
1712 3915 1944 3980 ἕκαστος

349 4015 457 4084 τὴν
487 4012 681 4067 ἑαυτοῦ
712 4010 942 4084 καρδίαν
975 4012 1059 4065 ὅτι
1089 4011 1327 4081 μάλιστα
1353 4009 1609 4079 σαρὼσας
1629 4009 1724 4063 καὶ
1753 4008 1944 4061 διακα-

352 4102 948 4177 θάρας,πνευματικὴν
972 4100 1284 4175 τράπεζανο
1309 4101 1397 4155 ἴνα
1422 4101 1629 4171 ἥκοντα
1658 4099 1748 4153 τὸν
1771 4099 1943 4167 Λόγον

350 4196 617 4269 καθαρῶς
650 4194 1005 4266 ὑποδέχηται,
1044 4193 1245 4265 νοερῶς
1284 4194 1421 4264 αὐτῇ
1465 4190 1943 4262 ἐναναπαυόμενον

351 4290 455 4347 καὶ
509 4289 791 4362 μυστικῶς
844 4288 1193 4358 ἐσθιόμενον·
1244 4284 1337 4339 καὶ
1379 4284 1543 4356 ἄρτος
1587 4284 1721 4338 ὅπου
1764 4282 1864 4353 μὲν
1912 4284 1942 4337 6

349 4383 570 4455 ἄζυμος
600 4382 694 4437 ἐπὶ
738 4380 1006 4454 πικρίδων
1043 4377 1552 4450 παραλαμϐάνεται,
1584 4377 1699 4440 τοῖς
1728 4392 1941 4445 ποηφα-

344 4479 475 4546 γεῖν
500 4472 646 4529 κατὰ
663 4473 725 4527 τὸ
762 4473 959 4544 Πάσχα
987 4470 1050 4526 τὸ
1077 4469 1304 4524 τυπικὺν
1323 4467 1744 4540 προσταχθείσιν
1764 4504 1781 4528 ,
1817 4459 1939 4520 οἷά-

2044 2006 2205 2066 atque
2250 1998 2612 2052 abominanda
2680 2003 2960 2066 reputant.
3006 1996 3169 2064 Atqui
3228 1996 3335 2049 illic
3396 1995 3617 2064 quidem

2044 2090 2306 2146 mediator
2353 2100 2410 2145 et
2459 2090 2704 2145 minister
2758 2099 2881 2158 erat
2938 2088 3280 2157 famulusque
3325 2095 3379 2142 et
3424 2102 3618 2141 servus

2044 2181 2276 2253 Moyses,
2313 2182 2401 2238 hic
2449 2193 2633 2238 autem
2681 2180 2887 2253 Moysis
2933 2182 3116 2247 herus,
3142 2190 3195 2235 et
3223 2181 3466 2235 omnium
3505 2180 3612 2232 Do-

2045 2276 2248 2341 minus,
2300 2286 2356 2332 et
2413 2286 2727 2330 sanctarum
2762 2289 2945 2330 rerum
2998 2273 3243 2328 minister
3274 2272 3495 2339 verique
3537 2278 3621 2322 ta-

2042 2369 2342 2435 bernaculi,
2374 2371 2520 2438 quod
2552 2368 2835 2431 Dominus,
2876 2382 2981 2420 non
3040 2365 3224 2429 homo,
3261 2364 3491 2427 statuit;
3525 2361 3617 2430 qui

2043 2472 2099 2518 et
2130 2460 2238 2515 illic
2263 2461 2437 2531 legem
2462 2461 2609 2525 tulit,
2642 2470 2697 2513 et
2731 2459 2820 2513 hic
2837 2458 3104 2513 mediator
3135 2463 3218 2510 est
3262 2455 3405 2510 idem
3443 2455 3620 2507 lactus

2043 2555 2214 2609 nosui
2260 2553 2456 2607 similis
2513 2553 2696 2605 homo.
2729 2551 2795 2605 Et
2854 2550 2966 2605 illic
3024 2546 3269 2619 pontifex
3324 2547 3503 2600 Aaron
3565 2552 3620 2597 et

2042 2647 2281 2701 Aaronis
2304 2646 2619 2714 stipatores,
2653 2643 2741 2698 hic
2796 2651 2975 2698 autem
3007 2642 3123 2712 ipse
3156 2639 3419 2694 Dominus
3463 2636 3621 2705 Jesus

2041 2737 2316 2803 Christus,
2376 2737 2584 2807 primus
2639 2749 2972 2805 magnusque
3024 2730 3262 2803 pontifex
3322 2716 3483 2800 prout
3524 2743 3624 2783 nos

2041 2829 2366 2883 conﬁtemur
2389 2835 2442 2881 et
2468 2826 2761 2880 credimus.
2796 2823 2860 2879 Et
2892 2824 3002 2879 illic
3029 2823 3249 2892 quidem
3283 2821 3500 2875 lucerna
3553 2836 3618 2873 rx

2043 2931 2178 2971 auro
2225 2915 2470 2970 conlecta
2517 2916 2827 2975 hominibus
2891 2916 2944 2969 in
2977 2914 3166 2969 umbra
3234 2927 3296 2967 ac
3347 2911 3461 2980 lege
3496 2925 3618 2964 ver—

2041 3007 2291 3062 santibus
2343 3006 2684 3076 praelucens;
2726 3006 2815 3059 hic
2874 3017 3058 3059 autem
3097 2999 3189 3057 lux
3226 3016 3354 3056 vera
3402 3014 3519 3066 qua)
3566 3000 3620 3054 in

2027 3100 2299 3154 .mniidum
2352 3099 2587 3161 advenit,
2653 3113 2816 3165 quam
2881 3096 3121 3151 tenebrae
3167 3093 3383 3164 quidem
3436 3106 3623 3161 perse-

2042 3199 2303 3260 quuntur,
2333 3204 2438 3242 non
2478 3197 2657 3243 tamen
2704 3188 3189 3258 comprehendunt,
3224 3187 3319 3242 sed
3351 3184 3620 3239 illuminat

2044 3298 2256 3336 omnem
2287 3281 2553 3335 hominem
2605 3280 2910 3333 venientem
2944 3279 2996 3333 in
3028 3279 3309 3341 mundum,
3341 3275 3619 3347 splendet-

2043 3388 2150 3439 que
2205 3370 2605 3425 ambulantibus
2661 3370 2713 3423 in
2764 3370 2883 3424 luce
2937 3384 3001 3424 ac
3061 3368 3351 3439 Splendore
3405 3364 3617 3435 gratiae.

2046 3465 2226 3519 Mensa
2247 3464 2353 3518 illic
2365 3478 2431 3517 ex
2458 3463 2615 3533 lignis
2639 3458 3061 3531 imputribilibus
3080 3460 3324 3515 confecta
3340 3498 3356 3524 ,
3376 3471 3618 3524 auroqne

2045 3550 2364 3624 puroillita;
2395 3554 2482 3608 hic
2504 3569 2568 3609 ex
2610 3554 2841 3608 materia
2871 3554 3087 3623 quidem
3112 3553 3252 3621 apud
3276 3567 3375 3605 nos
3404 3552 3611 3621 pretio-

2044 3649 2205 3709 siore,
2243 3647 2334 3703 sed
2358 3661 2474 3715 quae
2501 3648 2568 3701 ab
2608 3646 2723 3714 ipsa
2756 3646 2934 3700 divina
2964 3646 3181 3699 victima
3209 3645 3613 3707 sanctiﬁcatur,

2043 3750 2299 3793 ctsancto
2323 3738 2615 3792 irradiatur
2641 3738 2866 3807 Spiritu,
2897 3738 2948 3791 iu
2997 3753 3102 3805 qua
3136 3739 3390 3808 mysteria
3429 3734 3622 3789 adora-

2047 3828 2208 3883 tionis
2235 3826 2284 3880 in
2306 3828 2494 3897 spiritu
2524 3824 2688 3898 239
2710 3842 2773 3881 ac
2802 3828 3030 3883 veritate
3058 3827 3320 3881 conﬁunt.
3361 3824 3527 3882 Porro
3565 3835 3620 3882 et

2045 3918 2419 3987 unusquisque
2449 3915 2683 3971 ﬁdelium
2720 3915 2901 3972 lacere
2934 3926 3111 3987 potest
3141 3916 3442 3987 spiritalem
3468 3932 3619 3971 men-

2042 4026 2158 4064 sam
2213 4024 2305 4063 cor
2356 4024 2538 4074 suum,
2573 4009 2618 4063 si
2670 4008 2831 4063 modo
2865 4009 3278 4075 accuratissime
3308 4019 3523 4064 everrat
3555 4025 3621 4065 ac

2043 4111 2257 4173 purget,
2319 4110 2376 4154 ut
2432 4101 2820 4170 superveniens
2873 4101 3108 4155 Verbum
3170 4116 3304 4171 pure
3359 4101 3620 4172 recipiat;

2044 4194 2184 4263 quod
2218 4191 2657 4247 intellectualiter
2696 4194 2748 4248 in
2800 4194 2915 4264 ipsa
2948 4192 3277 4263 requiescat,
3301 4203 3356 4249 et
3386 4193 3634 4265 mystice-

2044 4285 2418 4339 Inanducetur.
2473 4283 2539 4337 Et
2578 4285 2732 4354 panis
2773 4286 2994 4354 quidem
3041 4285 3151 4340 illic
3205 4300 3435 4356 azymus
3496 4301 3620 4341 cum

2043 4375 2269 4431 lactucis
2321 4377 2637 4429 sumebatur
2690 4381 2760 4430 ab
2815 4376 2880 4430 iis
2929 4378 3019 4447 qui
3076 4378 3297 4431 herbam
3359 4380 3524 4433 edere
3564 4379 3620 4434 iu

2045 4470 2227 4540 typico
2273 4464 2935 4535 Paschate,jubebantor,
2978 4483 3078 4523 ceu
3121 4466 3346 4525 obsonio
3384 4470 3624 4541 quodam

351 4542 466 4640 περ
487 4567 606 4639 δψῳ
631 4566 743 4621 ιιινῖ¹
770 4568 838 4639 τῇ
877 4542 986 4637 πόᾳ
1007 4563 1346 4635 ,ἡδυσμένοςο
1383 4562 1514 4616 ὅπου
1556 4559 1614 4614 δὲ
1642 4562 1670 4614 ὁ
1690 4554 1748 4628 ἐξ
1777 4559 1940 4631 οὐρα-

2046 4562 2212 4617 hcrba
2238 4559 2511 4615 conditus.
2539 4558 2639 4614 ilic
2672 4542 2869 4613 autem
2891 4562 3226 4616 descendens
3253 4576 3284 4617 e
3306 4561 3447 4617 caelo
3481 4560 3620 4619 Ver-

351 4659 452 4715 νοῦ
479 4659 723 4724 καταϐὰς
749 4659 945 4727 Λόγος,
986 4656 1082 4711 καί¹
1113 4653 1320 4726 τροφὴν
1355 4651 1655 4716 ἀθανασίας
1686 4648 1945 4723 πρόξενον

351 4751 472 4813 τοῖς
503 4745 811 4819 ἀνθρώποις
838 4743 1203 4817 δωρούμενος,
1239 4744 1310 4797 δι’
1333 4737 1394 4797 οὗ
1424 4741 1570 4813 ζωῆς
1604 4740 1700 4813 τῆς
1723 4739 1944 4795 αἰωνίου

357 4839 722 4910 μετέχουσιν·
750 4837 808 4901 ὃς
842 4837 904 4890 τὸ
952 4835 1077 4890 καθ’
1126 4836 1274 4905 ἡμᾶς
1311 4835 1369 4889 ἐν
1407 4831 1587 4905 ἑαυτῷ
1626 4830 1945 4903 ἀνεζύμωσε

356 4934 617 5005 φύραμα,
641 4931 737 4985 καὶ
768 4934 903 5000 πρὸς
937 4929 1037 5000 τὴν
1065 4929 1201 4982 ἰδίαν
1233 4927 1595 4999 λαμπρότητα
1624 4926 1724 4996 τῆς
1755 4923 1946 4996 θεότη-

354 5044 451 5089 τος
489 5024 780 5096 ἀτρέπτως
822 5022 1262 5094 μετεκερόισατο’
1299 5021 1463 5086 κᾴκεί
1503 5019 1604 5090 μὲν
1635 5017 1790 5084 ζώων
1821 5018 1946 5072 ἁλό-

354 5134 472 5186 γων
518 5114 681 5169 θυσία
710 5114 779 5168 τᾶ
812 5114 1041 5183 σφάγια,
1076 5106 1150 5167 ὧν
1177 5113 1239 5167 τὸ
1280 5108 1419 5183 αἷμα
1458 5113 1804 5183 περιερρεῖτο
1833 5112 1947 5173 τοῖς

356 5205 631 5277 παροῦσιν
666 5206 792 5277 ἤδη,
830 5205 924 5277 καί
968 5204 1106 5276 πρὸς
1144 5203 1394 5274 σώματος
1422 5200 1689 5273 ἁγνισμὸν
1720 5201 1812 5254 καὶ
1845 5201 1946 5255 κόι-

355 5297 995 5371 θαρσιννκαεεσκὶδνατο,
1022 5297 1118 5352 καὶ
1160 5300 1271 5360 τοῖς
1308 5295 1660 5367 βουθυτοῦσιιν
1716 5296 1749 5367 ἧ
1789 5294 1947 5366 μηλο-

367 5389 698 5458 σφαγοῦσιν,
720 5388 1074 5459 ἀφαιρέματα
1094 5389 1174 5451 εἰς
1199 5387 1547 5460 δικαιώματα
1571 5389 1909 5443 ἀπετέτακτο
1928 5407 1941 5419 ·

356 5479 596 5536 ἐνταῦθα
613 5480 670 5534 δὲ
695 5481 756 5534 τὸ
772 5481 801 5532 ὑ
814 5481 912 5551 πὲρ
929 5466 1086 5551 ἡμῶν
1112 5480 1383 5549 σφαγιαζό
1392 5498 1552 5552 μενον
1575 5480 1836 5552 καλλιέρη
1844 5499 1942 5551 μα,

358 5563 428 5627 οὗ
456 5571 533 5643 τῷ
560 5573 815 5642 ἀχρὰντῳ
845 5572 938 5625 καὶ
961 5571 1127 5643 τιμίῳ
1157 5570 1350 5643 αἵματι
1380 5570 1820 5643 σφραγιζόμεθα,
1852 5573 1945 5625 καὶ

359 5663 547 5735 πάσης
576 5664 794 5733 κηλῖδος
822 5665 918 5719 καὶ
953 5665 1127 5735 ῥύπου
1169 5664 1369 5728 παντὸς
1414 5664 1593 5734 ψυχῆς
1619 5682 1676 5717 τε
1712 5665 1804 5718 καὶ
1838 5663 1945 5716 σῶς-

364 5773 535 5825 ματος
576 5755 987 5828 καθαιρόμεθας
1035 5758 1098 5810 ΕΞ
1135 5758 1312 5810 τοίνυν
1360 5756 1427 5809 τὰ
1483 5756 1727 5826 σύμϐολα
1776 5756 1939 5824 ἅγια,

365 5846 485 5913 πῶς
516 5848 652 5903 αὐτᾶ
684 5848 750 5902 τὰ
791 5849 1109 5921 πράγματα,
1141 5842 1212 5904 ὦν
1241 5850 1424 5903 ἐκεῖνα
1456 5847 1721 5919 σύμϐολα,
1747 5849 1846 5901 οὐκ
1880 5851 1942 5902 ἐκ

2047 4654 2174 4710 bum
2197 4652 2374 4707 cibum
2410 4651 2835 4707 immortalitatis
2863 4653 3103 4709 datorem
3137 4652 3450 4711 hominibus
3490 4670 3622 4727 sup—

2045 4745 2320 4818 peditans,
2372 4760 2467 4814 per
2510 4758 2671 4814 quem
2731 4745 2897 4800 vitam
2961 4758 3224 4801 aeternam
3270 4747 3622 4818 participant.

2046 4836 2193 4892 Idem
2225 4850 2457 4890 massam
2492 4844 2734 4890 nostram
2778 4834 3146 4902 fermentavit,
3170 4846 3223 4892 et
3244 4836 3313 4892 ad
3343 4837 3629 4907 proprium

2048 4926 2349 4983 divinitatis
2381 4926 2723 4997 splendorem
2771 4928 3182 4983 immutabiliter
3221 4930 3524 4986 transtulit.
3561 4929 3629 4986 Et

2049 5022 2158 5076 illic
2210 5021 2432 5092 quidem
2482 5020 2764 5076 brutorum
2812 5021 3133 5076 animalium
3188 5022 3493 5079 immolatio
3570 5031 3628 5080 et

2046 5115 2263 5178 caedes,
2327 5128 2559 5186 quorum
2612 5114 2830 5184 sanguis
2881 5113 3187 5169 astantibus
3243 5113 3625 5181 irrorabatur,

2047 5216 2210 5276 atque
2245 5202 2312 5260 ad
2344 5205 2588 5275 corporis
2619 5206 3051 5275 puriﬁcationem
3088 5214 3147 5261 et
3181 5207 3625 5263 cmundationem

2004 5318 2005 5321 η
2047 5299 2260 5367 aspergi
2300 5297 2526 5364 solebat,
2574 5308 2627 5351 et
2682 5297 3115 5352 sacrilicantibus
3153 5297 3317 5353 boves
3349 5307 3444 5352 aut
3468 5313 3623 5366 oves,
3660 5330 3681 5341 κ

2045 5400 2230 5461 partes
2267 5406 2387 5461 qua:
2409 5388 2866 5459 inStilicationum
2891 5390 3064 5447 oﬂicio
3086 5390 3467 5462 fungerentur,
3507 5394 3627 5449 dari

2040 5482 2352 5550 jubebatur.
2391 5484 2491 5539 Hic
2523 5495 2706 5540 autem
2744 5484 3023 5539 immolata
3046 5483 3187 5555 apud
3228 5500 3325 5541 nos
3359 5485 3623 5553 praeclara

2047 5574 2267 5628 victima
2303 5574 2456 5642 cujus
2478 5577 2765 5645 purissimo
2792 5577 3136 5646 pretiosoque
3158 5578 3421 5646 sanguine
3452 5579 3629 5632 consi-

1994 5684 2015 5697 '
2046 5681 2296 5735 gnamur,
2319 5678 2373 5721 et
2405 5670 2549 5721 ninni
2581 5683 2708 5737 ruga
2736 5684 2797 5720 ac
2819 5668 3025 5722 macula
3054 5671 3246 5724 anima:
3272 5673 3635 5739 corporisque

2049 5773 2359 5827 purgamur.
2394 5759 2448 5812 Si
2483 5775 2612 5830 ergo
2633 5761 2871 5829 symbula
2898 5772 3104 5827 sancta,
3130 5763 3318 5831 quidni
3347 5778 3433 5816 rcs
3472 5762 3637 5831 ipsa,

2047 5863 2274 5918 quarum
2303 5849 2392 5905 illa
2430 5862 2553 5907 sunt
2584 5851 2850 5922 symbola,
2905 5870 3008 5909 non
3039 5856 3146 5909 sint
3178 5856 3398 5910 omnino
3430 5867 3620 5909 sacra-
