3994 6426
450 412 552 475 767

1439 405 1499 471 S.
1540 372 1962 473 NIéEPHORI
1996 408 2505 472 PATBIARCHE
2544 409 2653 470 cr.

3582 413 3675 477 768

451 521 618 574 tiores
640 526 801 587 atque
822 517 1162 572 sanctiores?
1181 516 1286 573 Sed
1322 517 1580 589 quoniam
1604 533 1709 573 non
1742 518 2030 573 intellexe-

2138 518 2338 582 παντὸς
2370 519 2639 590 ἱερώτερα
2676 513 2859 587 πολλῷ
2885 515 2980 570 καὶ
3028 512 3338 587 ἀγιὼτερα;
3372 516 3481 573 ἀλλ’
3511 521 3679 594 ἐπειδὴ

451 622 581 668 runt
611 613 951 683 insipientes,
988 627 1162 683 neque
1187 613 1372 668 dicere
1401 614 1579 667 sciunt
1604 627 1852 682 quasnam
1886 626 2038 665 cont-

454 709 642 762 munio
671 707 890 763 Christo
911 722 1034 763 cum
1049 706 1237 771 Belial,
1270 707 1483 777 autluci
1513 721 1634 761 cum
1657 705 1924 772 tenebris,
1950 705 2035 761 vel

452 816 576 870 quae
618 801 906 855 conventio
964 800 1147 869 templi
1222 799 1316 854 Dei
1371 815 1495 855 cum
1555 800 1716 856 idolis
1769 800 2037 870 (nondum

452 892 597 945 enim
628 890 856 946 sincera).
900 898 1099 946 nostra:
1141 891 1285 955 ﬁdei,
1319 891 1637 960 traditaeque
1664 890 1823 945 nobis
1880 906 1909 944 a
1944 904 2036 960 pa-

456 984 630 1037 tribus
674 983 980 1054 dogmatum
1032 982 1395 1043 rectitudinis.
1452 990 1507 1037 et
1562 982 1840 1052 inspirata;
1886 983 2036 1036 Scri-

453 1082 627 1143 ptum
675 1073 979 1127 scrutandzn
1021 1089 1154 1128 cura
1202 1074 1337 1143 ipsis
1371 1072 1516 1143 fuit),
1546 1073 1753 1129 idcirco
1806 1073 2032 1128 idolium

453 1180 559 1218 non
603 1175 861 1219 verentur
882 1176 1127 1219 nostram
1181 1165 1402 1220 medela
1434 1165 1702 1220 olﬁcinam
1738 1166 2031 1235 appellare.

455 1256 559 1316 Sed
620 1257 809 1324 pedem
861 1255 1159 1312 referentes
1224 1272 1412 1312 rursus
1488 1257 1553 1312 ad
1623 1258 2032 1313 tabernaculum

453 1348 757 1404 veniamus.
1298 1332 1307 1339 ‘
1682 1339 1687 1344 ’

524 1442 653 1497 Post
675 1442 927 1508 alterum,
972 1442 1169 1512 inquit,
1212 1443 1392 1498 velum
1431 1443 1843 1499 tabernaculum
1877 1453 2029 1510 erat;

458 1534 513 1587 in
546 1549 673 1602 quo,
705 1545 904 1603 praeter
930 1543 1150 1601 caetera,
1179 1544 1338 1590 erant
1366 1536 1531 1590 etiam
1568 1549 1716 1602 arca,
1755 1545 1809 1590 et
1846 1536 2033 1605 propi-

457 1626 759 1693 tiatorimn,
795 1627 910 1696 ipsa
953 1641 1170 1696 quoque
1202 1627 1268 1682 de
1296 1627 1725 1698 imputribilibus
1761 1628 1919 1698 lignis
1952 1628 2033 1682 fa-

454 1719 688 1773 bricata.
725 1721 874 1773 Auro
909 1728 1089 1773 autem
1141 1720 1437 1788 purissimo
1468 1730 1626 1775 erant
1668 1734 1947 1791 cooperta,
1980 1730 2035 1776 et

459 1810 662 1865 Sancta
712 1820 1025 1866 sanctorum
1096 1811 1531 1882 appellabantur.
1584 1811 1842 1867 Nostrum
1899 1828 2032 1868 vero

2137 611 2199 663 οὐ
2235 610 2475 678 συνῆκαν
2507 613 2555 664 ei
2585 608 2861 673 ἀσύνετοι,
2889 607 3012 662 οὐδὲ
3058 608 3236 661 ἴσασιν
3264 609 3431 663 εἰπεῖν
3467 613 3546 677 τίς
3583 632 3683 671 κοι-

2139 701 2307 756 νωνία
2333 701 2559 773 Χριστῷ
2601 702 2741 771 πρὸς
2768 700 2990 783 Βελίαρ,
3030 699 3063 770 ἢ
3092 700 3231 771 φωτὶ
3270 701 3402 772 πρὸς
3437 703 3683 779 enormi]

2137 792 2220 855 τίς
2247 792 2649 860 συγκατάθεσις
2669 790 2782 861 ναῷ
2808 790 2944 844 Θεοῦ
2972 787 3116 861 μετὰ
3143 789 3375 844 εἰδώλων
3415 788 3577 863 (οὔπω
3593 796 3687 867 γὰρ

2137 887 2319 949 αὐτοῖς
2364 886 2465 955 τῆς
2508 902 2569 938 τε
2613 883 2920 954 εὐθυτάτης
2967 881 3129 955 ημῶν
3176 880 3430 948 πίστεως,
3472 885 3562 938 καὶ
3602 886 3686 957 τῆς

2134 976 2290 1047 παρὰ
2314 977 2424 1029 τῶν
2454 976 2709 1049 πατέρων
2727 977 2891 1048 ἡμῶν
2913 972 3356 1047 παραδεδομένης
3384 975 3489 1030 τῶν
3514 976 3689 1048 δογμά-

2135 1086 2243 1123 των
2274 1059 2564 1142 ὀρθότητος
2588 1112 2603 1137 ,
2636 1070 2729 1125 καὶ
2777 1069 2880 1140 τῆς
2920 1068 3030 1123 τῶν
3075 1066 3442 1123 θεοπνεύστων
3484 1069 3691 1141 Γραφῶν

2138 1162 2366 1233 ἐρεύνης
2392 1161 2649 1235 ἐμέλησε)
2667 1179 2679 1192 ο
2715 1161 2803 1217 διὰ
2830 1160 2989 1215 τοῦτο
3013 1161 3284 1215 εἰδωλεῖον
3321 1162 3384 1215 τὸ
3425 1158 3538 1215 καθ’
3564 1160 3691 1234 ἡμᾶς

2147 1256 2381 1327 ἰατρεῖον
2416 1256 2585 1325 φάναι
2608 1256 2669 1309 οὐ
2694 1255 2960 1309 δεδίασινο
2980 1255 3075 1309 ἐπὶ
3102 1254 3279 1327 δὲτὴν
3303 1254 3500 1327 σκηνὴν
3523 1257 3693 1311 παλιν-

2140 1347 2466 1418 δρομοῦντες
2496 1351 2592 1403 καὶ
2621 1347 2868 1413 εἰσαῦθις
2900 1347 3196 1419 οίχὼμεθα.

2202 1438 2360 1492 Μετά
2386 1438 2444 1492 δὲ
2469 1438 2530 1492 τὸ
2561 1438 2815 1511 δεύτερον
2848 1439 3281 1510 καταπέτασμα,
3314 1438 3470 1512 φησὶ,
3503 1441 3689 1511 σκηνή·

2133 1530 2191 1584 ἐν
2272 1531 2343 1584 τά
2368 1547 2428 1584 τε
2458 1531 2618 1597 ἀλλα,
2650 1531 2752 1585 καὶ
2785 1531 2891 1603 μὴν
2919 1532 3015 1586 καὶ
3042 1532 3076 1603 ή
3104 1530 3340 1596 κιϐωτὸς
3379 1532 3473 1585 καὶ
3500 1531 3558 1585 τὸ
3593 1531 3694 1586 ἱλα-

2136 1624 2383 1694 στήριον,
2412 1622 2477 1675 ἐκ
2504 1622 2677 1689 ξύλων
2703 1622 2804 1693 μὲν
2830 1623 3096 1695 ἀσήπτων
3118 1624 3215 1677 καὶ
3259 1622 3401 1677 αὐτὰ
3436 1622 3695 1676 διεσκευα-

2134 1714 2307 1786 σμένα
2327 1730 2341 1744 ⁶
2384 1717 2592 1787 χρυσίῳ
2627 1716 2685 1770 δὲ
2715 1715 2792 1785 τῷ
2817 1717 3194 1786 καθαρωτάτῳ
3243 1716 3685 1788 περιεκέχρωστο,

2134 1805 2302 1874 ’Ἅγια
2331 1806 2389 1858 δὲ
2412 1806 2585 1875 ἁγίων
2617 1805 2837 1874 ἐλέγετο
2854 1822 2869 1836 ο
2891 1808 2924 1875 ή
2951 1805 3009 1859 δὲ
3035 1805 3159 1859 καθ’
3184 1806 3352 1876 ἡμᾶς,
3376 1804 3484 1858 τῶν
3517 1804 3697 1873 Ἀγίων

455 1901 869 1979 tabernaculum
911 1900 1131 1958 Sanctis
1175 1903 1284 1959 illis
1326 1913 1644 1960 sanctorum
1673 1905 1914 1961 sanctius
1948 1912 2030 1960 est

2136 1898 2413 1968 ἀγιωτέρα
2445 1917 2505 1953 τε
2543 1902 2637 1953 καὶ
2669 1899 3014 1971 ἑνθεεστέρα,
3049 1897 3285 1953 κιϐωτὸν
3325 1897 3424 1969 μὲν
3470 1897 3577 1966 τὴν
3606 1896 3699 1952 τοῦ

453 2005 509 2048 ct
541 1995 795 2059 divinius,
845 2002 900 2049 et
934 2008 1076 2050 arcae
1119 1995 1341 2066 quidem
1393 1995 1512 2052 loco
1545 1997 1941 2051 sanctissimam
1983 2005 2031 2050 et

452 2086 715 2154 vivi/{cam
780 2084 1084 2142 Servatoris
1135 2089 1303 2143 nostri
1352 2087 1559 2144 Christi
1607 2105 1819 2144 carnem
1865 2091 2035 2143 conti-

452 2188 535 2231 net
564 2177 708 2247 (74);
754 2193 874 2247 quae
898 2180 967 2234 ab
997 2194 1123 2237 arca
1158 2179 1246 2234 illa
1280 2179 1448 2235 veluti
1485 2180 1647 2251 lignis
1679 2181 2032 2250 imputribili—

451 2270 556 2324 bus
609 2270 989 2337 denotahatur,
1046 2271 1245 2340 quibus
1294 2271 1451 2326 nobis
1498 2272 1858 2341 impetcantia
1916 2281 2034 2326 tau-

453 2375 615 2428 quam
655 2360 709 2414 in
744 2361 936 2416 umbra
984 2361 1359 2431 signiﬁcatur,
1404 2363 1638 2433 etquod
1686 2362 1754 2417 ad
1810 2363 2035 2418 immor-

452 2454 720 2508 talitatent
801 2455 1410 2526 impassihililatemque
1476 2456 1726 2511 translati
1807 2471 2029 2524 sumus;

450 2545 894 2616 quandoquidem
931 2547 1065 2601 uniti
1118 2546 1279 2603 Verbi
1332 2550 1559 2615 virtute,
1613 2550 1755 2619 quod
1804 2559 2030 2605 mortem

452 2637 750 2704 destruxit,
800 2624 1265 2708 et'corruptelam
1315 2639 1577 2705 abstulit,
1626 2640 1691 2693 ad
1732 2638 2029 2695 inferorum

451 2728 706 2795 regiones
736 2739 909 2783 semet
938 2731 1249 2795 conterens,
1285 2731 1538 2801 apparuit
1560 2733 1720 2786 morti
1746 2732 2029 2800 superior;

451 2825 507 2871 et
554 2818 604 2871 in
654 2820 985 2890 corruptivis
1032 2822 1168 2875 locis
1227 2823 1439 2889 posita,
1497 2823 2032 2892 incorruptibilitatis

451 2910 679 2977 gloriam
718 2911 842 2965 inde
862 2911 1084 2980 retulit;
1117 2923 1171 2966 et
1204 2928 1337 2967 auro
1362 2913 1529 2968 veluti
1559 2914 2023 2983 splendidissimo,

451 2995 741 3056 divinitate
808 3003 1243 3059 substantialiter
1302 3005 1493 3070 unita,
1544 3014 1798 3075 cooperta
1865 3018 2031 3077 atque

452 3089 744 3146 illuStrata.
793 3089 1237 3161 Propitiatorium
1282 3094 1410 3148 item
1460 3095 1616 3150 nobis
1652 3096 1826 3165 ipsum
1866 3095 2028 3151 Chri-

450 3192 593 3237 stum
629 3183 767 3237 Deus
796 3182 959 3239 Pater
992 3185 1209 3253 posuit;
1244 3185 1360 3255 ipse
1402 3188 1545 3241 enim
1587 3198 1672 3243 est
1708 3189 2026 3258 propitiatio

452 3284 657 3329 nostra.
689 3274 779 3329 Sic
798 3276 944 3329 enim
976 3277 1138 3334 Pater
1164 3293 1264 3334 nos
1293 3278 1504 3344 dilexit,
1535 3281 1798 3351 misitque
1832 3281 2031 3337 Filium

451 3383 610 3423 suum
647 3370 1091 3439 propitiationem
1123 3387 1223 3443 pro
1249 3375 1491 3442 peccatis
1519 3376 1743 3430 nostris.
1764 3376 1869 3430 Sed
1902 3377 2031 3445 quid

450 3459 591 3523 hae'c,
647 3452 1018 3530 apud‘mente
1063 3474 1374 3534 corruptos,
1426 3478 1483 3521 et
1526 3467 1767 3521 animam
1809 3478 2033 3537 peccato

451 3561 720 3608 mortuam
776 3557 1071 3623 gerentes?
1136 3556 1461 3614 Reverentia
1516 3574 1580 3615 ac
1632 3570 1810 3625 metu,
1862 3571 1919 3616 et
1965 3563 2033 3618 de

452 3646 618 3700 rebus
650 3648 858 3702 sanctis
884 3648 1121 3717 silentio,
1165 3651 1340 3706 honor
1376 3667 1518 3722 saepe
1554 3654 1891 3722 praestandus
1919 3663 2028 3711 est.

452 3736 558 3807 Ipsi
592 3748 770 3792 tamen
792 3755 890 3808 pro
916 3751 1175 3819 consueta
1204 3759 1301 3798 sua
1329 3744 1623 3815 loquantur
1640 3747 1888 3803 audacia.
1916 3749 2031 3819 Age

450 3841 603 3894 vero,
640 3830 795 3884 nobis
825 3831 890 3884 ad
917 3832 1061 3888 hunc
1090 3834 1267 3889 locum
1300 3838 1608 3905 provectis,
1630 3854 1733 3892 non
1765 3840 2028 3905 alienum,

451 3919 626 3974 visum
674 3930 759 3977 est
804 3923 1005 3978 addere
1049 3924 1177 3980 huic
1230 3927 1493 3994 sermoni,
1550 3930 1654 3984 etsi
1697 3929 1753 3985 id
1786 3930 2030 3985 nonnulli

450 4012 612 4081 paulo
640 4022 792 4067 extra
825 4017 1165 4085 prepositum
1202 4019 1319 4072 ﬁeri
1354 4021 1642 4089 putabunt,
1676 4036 1847 4091 pauca
1878 4038 2031 4094 qum-

453 4106 575 4158 tlam
616 4106 871 4162 videlicet
898 4108 966 4163 de
992 4110 1057 4164 iis
1102 4126 1224 4179 qum
1253 4111 1305 4166 in
1343 4114 1695 4169 tabernaculo
1730 4124 1889 4169 erant
1918 4116 2032 4172 dis-

432 4197 672 4267 'serere;
707 4215 827 4269 qua:
858 4200 1229 4270 insipientium
1265 4205 1573 4262 vecordiam
1605 4214 1659 4259 et
1692 4206 2027 4275 impietatem

452 4304 787 4361 coargttent,
846 4294 1097 4351 ﬁdelibus
1142 4307 1322 4351 autem
1369 4307 1422 4352 et
1472 4298 1724 4353 veritatis
1755 4303 2031 4369 suppetias

453 4383 597 4439 fcrr'e
630 4388 931 4457 apparebit.

523 4476 610 4532 70.
640 4477 848 4533 Dictum
878 4489 955 4534 est
983 4480 1149 4549 igitur
1179 4481 1246 4537 ab
1274 4484 1534 4552 Apostolo
1559 4484 1627 4551 τ’,
1658 4499 1819 4554 supra
1844 4499 2029 4540 aream

2133 1989 2409 2060 Σωτῆρος
2443 1990 2611 2061 ἡμῶν
2650 1991 2908 2060 Χριστοῦ
2946 1992 3251 2063 παναγίαν
3297 1990 3398 2045 καὶ
3443 1988 3700 2051 ζωοποιόν

2133 2083 2333 2151 σάρκα
2360 2082 2547 2154 φέρει,
2576 2084 2645 2139 δι’
2673 2084 2889 2156 ἐκείνης
2920 2084 3111 2157 ὥσπερ
3146 2086 3205 2138 ὲν
3238 2082 3420 2149 ξύλοις
3452 2084 3701 2156 ἀσήπτοις

2133 2174 2382 2239 τυπικῶς
2410 2176 2571 2231 πάλιν
2611 2176 3088 2249 διαγραφομένην,
3120 2176 3180 2244 ἐξ
3219 2169 3299 2231 ὧν
3329 2178 3462 2249 ἡμῖν
3502 2174 3560 2228 τὸ
3594 2176 3702 2228 κατ’
3732 2210 3739 2215 .

2135 2267 2302 2339 αὐτὴν
2344 2269 2735 2342 ἀναμάρτητον
2773 2269 2849 2334 ὡς
2881 2272 2938 2324 ὲν
2969 2271 3099 2341 σκιᾷ
3144 2269 3588 2341 διασημαίνεται,
3622 2268 3704 2321 καὶ

2133 2359 2195 2415 τὸ
2238 2360 2376 2432 πρὸς
2420 2361 2729 2433 ἀφθαρσίαν
2777 2362 2871 2417 καὶ
2914 2360 3189 2418 ἀπάθειαν
3240 2359 3700 2432 μεταπεπλάσθαι,

2132 2455 2373 2525 ὁπηνίκα
2400 2457 2465 2526 τῇ
2494 2455 2587 2509 τοῦ
2618 2455 3000 2526 συνηνωμένον
3029 2455 3205 2524 Λόγου
3232 2455 3491 2525 δυνάμει,
3519 2453 3607 2507 τοῦ
3626 2453 3704 2506 τὸν

2135 2545 2365 2600 θάνατον
2397 2549 2848 2619 καταργήσαντος
2875 2548 2970 2602 καὶ
3000 2545 3099 2618 τὴν
3139 2547 3354 2619 φθορὰν
3383 2546 3704 2607 καθελόντος,

2133 2640 2246 2701 τοῖς
2267 2637 2363 2691 τοῦ
2382 2637 2508 2709 ᾅδου
2535 2639 2759 2711 χωρίοις
2781 2638 3259 2710 προσομιλήσασα,
3285 2639 3522 2694 θανάτου
3547 2637 3709 2708 κρείτ-

2132 2746 2239 2783 των
2265 2728 2444 2800 ὥφθη,
2480 2731 2575 2784 καὶ
2608 2733 2668 2784 ὲν
2699 2733 2811 2794 τοῖς
2838 2730 3185 2801 φθοροποιοῖς
3214 2729 3488 2801 γενομένη
3517 2728 3707 2790 τόποις.

2130 2820 2232 2890 τὴν
2283 2823 2384 2891 τῆς
2433 2821 2740 2894 ἀφθαρσίας
2786 2821 3141 2893 ἀπηνέγκατο
3173 2820 3370 2886 δόξαν·
3419 2818 3623 2891 χρυσίῳ
3662 2811 3713 2870 δὲ

2131 2913 2323 2984 ὥσπερ
2373 2915 2453 2985 τῷ
2498 2915 2937 2986 διαφανεστάτῳ,
2977 2918 3047 2986 τῇ
3088 2913 3368 2978 οὑσιωδῶς
3407 2910 3710 2983 συνημμένη

2132 3004 2385 3075 θεότητι,
2457 3005 2994 3077 κατακαλυπτομένη
3056 3004 3152 3059 καὶ
3208 3003 3711 3075 ,λελαμπρυσμένηθ

2134 3098 2448 3170 ἱλαστήριον
2468 3098 2525 3152 δὲ
2552 3099 2714 3152 πάλιν
2742 3100 2896 3170 ἡμῖν,
2941 3097 3106 3152 αὐτὸν
3145 3097 3238 3152 τὸν
3270 3096 3517 3168 Χριστὸν
3543 3096 3570 3148 ό
3595 3094 3714 3156 Θεὸς

2132 3192 2230 3244 καὶ
2257 3192 2448 3264 Πατὴρ
2470 3190 2653 3245 ἔθετο·
2693 3192 2859 3257 αὐτὸς
2892 3192 3004 3264 γάρ
3032 3194 3182 3246 ὲστιν
3208 3192 3235 3245 ό
3276 3191 3509 3264 ίλασμρς
3539 3192 3570 3259 ἡ
3580 3187 3713 3260 μῶν·

2057 3246 2103 3308 C
2133 3283 2275 3339 οὕτω
2303 3246 2474 3356 γάἕό
2505 3284 2693 3354 Πατὴρ
2735 3246 3026 3355 ηγάτπησεν
3075 3285 3248 3355 ἡμᾶς,
3299 3246 3716 3338 καὶιάττέστειλε

2132 3374 2225 3427 τὸν
2261 3374 2389 3427 Υίὸν
2431 3374 2593 3428 αὐτοῦ
2629 3374 2858 3446 ἱλασμὸν
2897 3374 3159 3450 περὶτῶν
3200 3373 3508 3447 ἁμαρτιῶν
3540 3372 3715 3445 ἡμῶν·

2134 3466 2271 3520 ἀλλά
2291 3466 2345 3519 τί
2378 3466 2551 3520 ταῦτα
2593 3468 2746 3540 παρά
2772 3468 2886 3532 τοῖς
2926 3468 3416 3539 κατεφθαρμένοις
3449 3467 3551 3540 τὴν
3593 3463 3723 3535 γνώτ

2139 3576 2264 3630 μην,
2299 3556 2393 3612 καὶ
2438 3558 2537 3631 τὴν
2573 3559 2753 3631 ψυχὴν
2796 3560 3086 3632 τεθνηκόσι
3136 3563 3204 3635 τῇ
3255 3558 3721 3633 ἁμαρτίᾳςΑίὸοῖ

2134 3654 2228 3706 καὶ
2258 3652 2407 3722 φόϐῳ
2438 3655 2502 3723 τῇ
2530 3652 2666 3724 πρὸς
2697 3652 2765 3706 τὰ
2787 3652 2919 3722 ἅγια
2951 3656 3127 3724 σιωπῇ
3147 3654 3214 3707 τὰ
3241 3653 3422 3707 πολλὰ
3444 3650 3713 3722 τιμητέον·

2136 3745 2290 3799 αὐτοὶ
2338 3744 2447 3816 γὰρ
2492 3745 2561 3798 τὰ
2600 3745 2732 3815 φίλα
2771 3745 2869 3799 καὶ
2918 3745 3125 3818 συνήθη
3171 3746 3273 3817 τῆς
3314 3746 3527 3817 τόλμας
3569 3743 3722 3813 φθεγ-

2134 3837 2448 3906 γέσθωσαν*
2477 3837 2712 3892 ἐνταῦθα
2732 3838 2789 3891 δὲ
2815 3838 3132 3908 γενομένοις
3153 3840 3311 3907 ἡμῖν,
3337 3840 3448 3892 οὐκ
3474 3839 3717 3907 ἄκαιρον,

2135 3931 2210 3996 ὣς
2242 3949 2304 4000 γε
2328 3928 2502 4002 οἶμαι,
2538 3934 2854 4005 νενόμισται
2882 3934 3411 4006 προσδιατρίψαιτῷ
3431 3935 3596 4005 λόγῳ,
3630 3932 3722 3986 κᾶν

2136 4042 2245 4080 τισι
2281 4026 2837 4098 παρεκδατικώτερον
2863 4022 3225 4093 εἴναιδόξειε,
3258 4028 3361 4082 καὶ
3400 4028 3579 4100 μικρά
3609 4041 3721 4076 τινα

2134 4118 2244 4172 τῶν
2269 4118 2410 4172 κατά
2447 4118 2546 4188 τὴν
2571 4115 2778 4189 σκηνὴν
2811 4118 2972 4190 χάριν
2998 4119 3251 4183 διειπεϊν,
3283 4118 3437 4191 ἅπερ
3471 4108 3552 4181 εἷς
3576 4117 3723 4183 ελεγ-

2136 4228 2231 4282 χον
2274 4211 2372 4283 μὲν
2416 4211 2515 4282 τῆς
2538 4211 2648 4264 τῶν
2694 4211 2940 4282 ἀνοήτων
2986 4211 3213 4279 ἀλογίας
3241 4214 3340 4265 καὶ
3386 4208 3719 4271 δυσσεϐείας,

2137 4303 2468 4375 συνηγορίαν
2506 4302 2565 4356 δὲ
2608 4305 2968 4375 τοῖςοπιστοῖς
3013 4304 3110 4358 καὶ
3156 4305 3222 4374 τῇ
3271 4303 3512 4375 ἀληθείᾳ
3535 4303 3725 4369 διαιτα-

2134 4400 2327 4456 νεῖται.

2203 4491 2264 4549 ο’.
2299 4491 2529 4562 Εἴρηται
2558 4490 2738 4546 τοίνυν
2768 4489 2848 4561 τῷ
2881 4490 3213 4560 Ἀποστόλῳ,
3242 4489 3612 4560 ὑπεράνωθεν
3636 4486 3728 4556 τῆς

451 4566 792 4625 Cherubinos
821 4572 1094 4628 exstitisse
1120 4574 1327 4643 gloriae,
1355 4578 1791 4647 prepitiatoriunt
1836 4579 2025 4634 obum-

2136 4581 2370 4636 κιϐωτοῦ
2417 4582 2703 4655 Χερουϐὶμ
2758 4580 2900 4636 εἶναι
2952 4581 3111 4651 δόξης
3162 4578 3617 4647 κατασκιάζοντα
3673 4577 3729 4630 τὸ

446 4659 693 4715 bt'antes.
716 4663 814 4716 Cui
842 4666 1225 4721 contradicens
1258 4668 1489 4737 alicujus
1529 4672 1707 4725 oratio
1738 4672 1812 4725 ita
1842 4672 2022 4727 dicet:

451 4748 590 4815 Quid
624 4753 723 4815 ais,
751 4752 915 4825 240
939 4770 970 4808 0
996 4754 1197 4811 Paule?
1232 4759 1285 4812 Ιιί
1316 4769 1443 4814 sunt
1473 4761 1814 4816 Clterubini?
1847 4764 2028 4830 Quos-

450 4857 576 4895 nam
612 4844 711 4897 hos
755 4859 880 4898 esse
920 4846 1213 4901 audimus?
1260 4863 1384 4903 num
1416 4850 1560 4918 illos,
1594 4852 1683 4921 qui
1725 4854 2026 4923 principem

448 4947 502 4991 et
536 4934 648 4990 Deo
682 4936 1011 5007 proximum,
1052 4938 1445 5010 beatoruutque
1477 4954 1529 4998 et
1558 4946 2025 5013 supercmlestium

449 5029 874 5100 gubernatorum
895 5028 1073 5083 sortiti
1102 5039 1228 5084 sunt
1246 5048 1272 5085 a
1299 5033 1408 5087 Deo
1434 5035 1659 5103 gradum
1679 5046 1728 5089 et
1747 5037 2026 5104 ordinem;

446 5131 509 5173 nt
542 5121 686 5191 jusle
736 5121 1026 5179 admodum
1078 5125 1355 5194 egregium
1390 5126 1580 5194 glorise
1617 5129 1879 5183 tributmn
1922 5128 2030 5185 illis

448 5216 729 5282 reddatur,
773 5231 872 5272 ceu
911 5218 1019 5273 Deo
1079 5217 1361 5287 proximis,
1394 5228 1448 5275 ct
1477 5221 1858 5290 principaliter
1906 5224 2030 5278 inde

452 5308 784 5378 fulgentibus
821 5319 876 5365 et
906 5311 1255 5366 immateriali
1283 5313 1374 5368 illo
1412 5323 1467 5368 et
1502 5315 1708 5369 eximio
1741 5316 2030 5384 Splendore

450 5403 697 5457 eruatis?
734 5401 962 5459 Minime
1006 5406 1248 5474 gentium
1281 5406 1453 5461 (lices.
1493 5406 1638 5473 Quid
1670 5422 1801 5479 ergo
1831 5410 2024 5463 erunt?

454 5489 512 5545 Si
547 5494 638 5549 tibi
690 5496 894 5551 volenti
937 5506 1040 5565 est,
1088 5497 1174 5552 dic
1219 5506 1405 5565 aperte
1439 5508 1493 5552 et
1528 5498 1719 5552 horum
1755 5498 1837 5553 lac
1869 5499 2023 5555 nobis

530 5647 572 5679 τ’
611 5647 772 5704 llebr.
808 5666 886 5716 ιιι,
913 5650 967 5706 5.

2141 4674 2487 4745 ἱλαστήριονο
2538 4674 2677 4745 πρὸς
2721 4674 2783 4729 ὂν
2824 4674 3218 4743 ἀνθυποφέρων
3260 4673 3663 4746 διαπορήσειεν
3707 4668 3734 4721 ὁ

2134 4763 2340 4816 τοιόσδε
2378 4762 2534 4831 λόγος
2560 4765 2655 4817 καλ⁸
2693 4765 2839 4834 ἐρεῖο
2865 4763 2929 4816 Τί
2955 4763 3083 4835 φὴς,
3110 4757 3155 4817 ὧ
3191 4761 3413 4831 Παῦλε,
3450 4761 3730 4835 Χερουὸίμ

2138 4856 2244 4908 είσι
2276 4851 2482 4921 ταῦτας
2523 4854 2713 4908 Ὀποῖα
2736 4854 2790 4907 δὲ
2824 4855 3007 4908 ἐκεῖνα
3033 4853 3339 4924 ἀκούομεν;
3374 4854 3414 4909 ἃ
3446 4856 3550 4926 τὴν
3590 4869 3734 4924 πρω-

2136 4947 2325 5015 τίστην
2350 4964 2407 5000 τε
2443 4946 2537 4999 καὶ
2579 4949 2821 5018 προσεχῆ
2858 4946 2997 5018 Θεῷ,
3027 4946 3124 5001 καὶ
3163 4947 3272 5000 τῶν
3308 4947 3616 5020 μακαρίων
3648 4947 3734 4999 καὶ

2138 5037 2552 5110 ὑπερουρανίων
2582 5036 2918 5107 διακόσμων,
2959 5036 3170 5107 διέλαχε
3205 5038 3359 5108 παρά
3406 5037 3551 5092 Θεοῦ
3587 5038 3732 5103 τάξιν

2136 5147 2195 5182 τε
2231 5131 2325 5182 καὶ
2352 5128 2744 5199 ἀποκλήρωσιν
2764 5170 2778 5195 ,
2808 5129 2893 5183 ἵνα
2924 5129 2988 5201 δὴ
3020 5129 3249 5193 δικαίως
3280 5129 3436 5199 μάλα
3472 5132 3569 5184 καὶ
3595 5128 3733 5193 ἀξιόο

2137 5220 2297 5288 λογον
2327 5220 2389 5273 τὸ
2414 5221 2512 5290 τῆς
2548 5219 2707 5291 δόξης
2745 5221 2930 5284 αὐτοῖς
2974 5220 3338 5292 περιάπτοιτο
3370 5222 3574 5294 γέρας,
3640 5219 3733 5273 ἆτε

2135 5313 2199 5384 δὴ
2230 5312 2598 5383 πλησιαίτατα
2629 5312 2751 5385 Θεῷ
2774 5312 2914 5381 οὖσι,
2941 5313 3037 5366 καὶ
3060 5313 3132 5367 τὰ
3162 5312 3359 5384 πρῶτα
3393 5313 3620 5367 ἐκεῖθεν
3648 5311 3732 5363 ἐλ-

2133 5404 2527 5475 λαμπομένοις,
2562 5406 2781 5477 καὶτῆς
2818 5408 2984 5461 ἀΰλου
3016 5407 3233 5477 ἐκείνης
3264 5406 3363 5460 καὶ
3395 5405 3730 5479 ὑπερφώτου

2133 5496 2654 5570 καταγλαῖζομένοις
2682 5498 3098 5572 λαμπρότητοςς
3143 5499 3219 5553 Οὐ
3268 5499 3372 5570 μὲν
3423 5496 3523 5554 οὖν
3562 5499 3731 5559 εἴποις

531 5784 644 5862 (7].)
685 5782 763 5836 En
797 5801 1014 5842 carnem
1059 5786 1261 5844 Chriin
1309 5788 1441 5845 dicit
1473 5787 1835 5861 Nicepltorus,
1866 5806 2026 5859 quam
2059 5791 2233 5847 adhuc
2264 5793 2508 5848 hodierni
2581 5793 2820 5848 lliL'l'CliCl
2852 5793 3039 5849 dicunt
3099 5805 3290 5862 panem
3321 5805 3481 5859 esse,
3514 5798 3571 5847 ct
3602 5801 3725 5846 car.-

465 5853 548 5909 nis
575 5854 822 5925 ﬁguram.
