3994 6422
343 313 448 374 769

1173 309 1742 371 APOLOGETICUS
1779 307 1928 370 PRO
1960 307 2233 378 SACRIS
2273 305 2759 368 IMAGINIBUS.

3510 303 3616 368 770

341 423 392 481 ἄ“
469 421 679 476 Τ’δ’ἂ
763 415 954 458 τ’“’
1171 441 1180 458 ι
1587 418 1638 454 ἰ
1771 421 1902 453 ”⁹’

391 443 428 477 θ.
519 442 533 476 ι
683 440 708 473 ν
733 439 871 488 ε.εν,
903 437 950 474 ει
977 438 1062 475 σοι
1107 421 1420 492 βουλομένῳ
1455 439 1516 490 γε
1560 439 1722 488 enat,
1755 439 1931 492 (γραςε

2037 428 2352 474 accuratam
2376 417 2798 486 expositionem,
2833 430 3074 472 crassam
3100 424 3343 473 nostram
3375 429 3610 472 mentem

345 513 556 584 σαφῶς,
587 514 684 566 καὶ
713 513 804 567 τόν
845 528 906 581 γε
937 513 1067 584 περὶ
1091 513 1298 567 τούτων
1325 516 1456 584 ἡμῖν
1481 515 1556 577 ὡς
1582 514 1783 586 ἄριστα
1813 515 1929 568 δια-

342 608 480 658 τίθει
521 605 702 674 λόγον,
733 605 794 658 τὸ
828 607 974 676 παχὺ
1014 607 1112 676 τῆς
1131 605 1372 670 διανοίας
1396 607 1498 676 τῆς
1537 607 1814 678 ἡμετέρας
1839 609 1934 660 καῖ.

343 695 532 750 ὑλικὸν
575 697 669 749 καὶ
711 696 862 750 κάτω
899 696 1107 768 βρῖθον,
1147 697 1242 751 ἐπὶ
1279 697 1350 752 τὰ
1397 699 1546 752 ἁπλᾶ.
1579 700 1673 753 καὶ
1713 700 1832 753 θεῖα
1856 699 1932 762 ὡς

341 789 570 860 ἐφικτὸν
595 791 730 859 ἡμῖν
759 789 982 858 ἀνάγων
1031 787 1306 860 θεάματα,
1336 789 1432 860 ἀφ’
1461 785 1536 844 ὧν
1577 807 1660 844 σοι
1695 792 1729 860 ἡ
1770 790 1934 860 μέχρι

339 881 436 936 τοῦ
479 880 668 953 τρίτου
705 879 938 952 ούρανοῦ
975 881 1201 953 ἁρπαγὴ
1242 883 1337 936 καὶ
1379 881 1644 946 ἀνάϐασις
1677 882 1932 952 μυήσασα

341 973 688 1045 παρέσχετο’
731 974 764 1044 ἢ
806 973 950 1045 τάχα
987 975 1084 1028 καὶ
1134 973 1407 1048 θειότερόν
1457 993 1511 1028 τι
1553 960 1799 1038 Μωσέως
1839 975 1933 1026 καὶ

339 1067 676 1139 ὑψηλότερον
711 1067 1118 1139 παραδέδειχεν,
1149 1067 1185 1122 ἃ
1221 1068 1316 1121 καὶ
1354 1070 1468 1132 τοῖς
1507 1071 1618 1132 σοῖς
1650 1067 1932 1135 θεοσὸφοις

337 1161 624 1232 φοιτηταῖς
645 1147 954 1228 ἐναυγάσας
983 1160 1384 1226 καταλέλοιπας
1405 1161 1544 1232 πρὸς
1574 1161 1930 1231 ὲνοεεστέραν

335 1251 708 1316 διδασκαλίαν,
737 1252 844 1306 τῶν
879 1251 980 1323 τὴν
1007 1253 1210 1322 γνῶσιν
1243 1253 1352 1308 τῶν
1379 1251 1713 1324 τηλικούτων
1735 1253 1931 1324 χωρεῖν

334 1344 736 1416 ὲξισχυὸντωνς
777 1344 960 1410 λέξαις
985 1346 1096 1418 γὰρ
1136 1339 1238 1400 ὧδὲ
1282 1365 1382 1417 πη,
1435 1341 1496 1421 εῦ
1549 1347 1732 1417 ἴσμεν,
1776 1345 1851 1410 ὡς
1882 1346 1930 1398 oi

334 1440 472 1493 θεῖοι
517 1437 822 1509 Χερουϐὶμ,
858 1439 992 1492 αὐτὸ
1049 1447 1150 1511 μεν
1197 1441 1280 1494 ὃτι
1313 1438 1444 1493 ποτέ
1491 1439 1598 1492 εἰσι
1632 1439 1733 1510 τὴν
1768 1437 1932 1507 φύσιν

331 1529 570 1584 ἁνείδεοί
631 1547 690 1582 τε
724 1531 1052 1601 ὑπάρχουσι,
1082 1531 1180 1584 καὶ
1219 1530 1537 1610 ἀνθρωπεία
1562 1530 1763 1601 ἥκιστα
1794 1527 1932 1583 καθ-

338 1621 577 1694 ορᾶσθαι
621 1621 782 1688 φύσει
814 1622 1120 1692 πεφύκασν
1173 1622 1432 1694 δυνάμεις
1485 1623 1542 1676 δὲ
1597 1623 1748 1693 ὅμως
1793 1621 1932 1676 εἰσὶν

329 1711 615 1782 ἀσώματοι
645 1715 741 1770 καὶ
766 1714 1032 1782 πανάγιαι
1058 1753 1074 1778 ,
1098 1713 1229 1784 περὶ
1253 1713 1386 1768 Θεόν
1429 1730 1489 1767 τε
1521 1712 1809 1782 ἱδρυμέναι
1838 1712 1932 1766 καὶ

2035 526 2098 565 ac
2128 511 2464 566 materialem
2497 525 2558 565 ac
2583 509 2841 572 deorsum
2868 521 3207 580 vergentem,
3231 511 3299 565 ad
3329 510 3610 580 simplices

2035 605 2378 672 divitiasque,
2401 613 2664 674 quantum
2697 603 2856 658 nobis
2891 602 3037 668 licet,
3072 603 3345 657 deducens
3371 616 3616 657 contexu-

2033 695 2304 765 plationes
2327 736 2344 762 ,
2375 712 2403 749 a
2431 696 2632 765 quibus
2679 694 2773 748 tibi
2826 709 3000 765 usque
3033 695 3100 748 ad
3137 694 3352 748 tertium
3413 694 3613 749 celum

2033 796 2218 854 raptus
2272 797 2326 840 et
2369 787 2618 841 ascensio
2668 785 2886 841 initiato
2947 783 3198 854 contigit.
3247 785 3330 840 An
3384 783 3617 840 fortasse

2034 881 2198 934 etiam
2245 879 2486 935 divinius
2538 879 2745 949 aliquid
2798 893 2961 948 quam
3013 877 3113 946 ipsi
3150 876 3318 948 Moysi
3355 891 3419 930 ac
3449 877 3618 931 subli-

2036 975 2176 1028 mius
2213 983 2490 1028 ostensum
2533 972 2654 1038 fuit,
2703 973 2845 1042 quod
2879 981 2933 1026 et
2967 971 3240 1025 divinitus
3279 969 3490 1024 edoctis
3535 969 3618 1023 di-

2035 1066 2259 1136 scipulis
2283 1067 2390 1120 tuis
2415 1066 2686 1120 irradians
2719 1065 2982 1135 reliquisti
3017 1065 3084 1120 ad
3115 1061 3472 1120 excellentius
3496 1077 3618 1116 ma-

2033 1160 2315 1230 gisterium
2343 1160 2580 1224 illorum,
2607 1161 2696 1230 qui
2725 1169 2998 1216 tantarum
3029 1173 3211 1213 rerum
3248 1156 3616 1227 cognitionem

2033 1231 2230 1319 capere
2269 1251 2483 1305 valent?
2517 1250 2672 1306 Dices
2693 1252 2836 1305 enim
2871 1249 2974 1306 hoc
2998 1249 3177 1304 ferme
3207 1248 3390 1314 modo,
3423 1257 3478 1300 ut
3507 1264 3614 1302 non

2033 1341 2371 1405 dubitamus,
2420 1355 2612 1409 nempe
2661 1355 2848 1396 sacros
2895 1340 3258 1404 Cherubinos,
3306 1339 3427 1394 ideo
3467 1338 3616 1410 quod

2031 1433 2153 1489 sine
2198 1427 2382 1503 specie
2443 1442 2604 1499 sunt,
2654 1433 2906 1488 humanm
2963 1432 3188 1486 minime
3243 1442 3450 1486 naturae
3494 1445 3618 1486 esse

2039 1525 2468 1594 conspicabiles.
2501 1523 2568 1578 Et
2595 1536 2786 1594 tamen
2828 1525 3082 1595 potentia:
3102 1533 3228 1578 sunt
3261 1523 3617 1590 incorporea,

2033 1617 2412 1682 sanctissimae,
2455 1616 2622 1672 Deum
2677 1618 3121 1681 circumstantes,
3163 1621 3216 1671 et
3268 1615 3524 1686 primitus
3547 1629 3619 1670 ex

2035 1710 2145 1765 Deo
2173 1708 2514 1780 ell‘ulgentes,
2547 1711 2737 1779 prima:
2767 1710 2907 1766 lucis
2933 1710 3194 1775 ministri,
3222 1708 3621 1764 intellectual“

327 1805 400 1858 τὰ
424 1804 618 1875 πρῶτα
657 1808 721 1858 ὲκ
743 1803 880 1859 Θεοῦ
908 1803 1342 1876 ὲλλαμπόμεναι,
1375 1806 1468 1859 καὶ
1492 1804 1799 1875 λειτουργοὶ
1825 1804 1926 1870 τῆς

2032 1803 2284 1874 Spiritus,
2335 1802 2419 1857 vel
2463 1803 2606 1873 ignis
2652 1803 2817 1858 veluti
2873 1801 3252 1858 immaterialis
3281 1810 3335 1855 et
3367 1801 3620 1870 incorpo-

329 1895 560 1965 πρώτης
593 1895 1000 1967 λαμπρότητος,
1033 1895 1196 1966 νοερὰ
1242 1895 1554 1968 πνεύματα,
1584 1896 1616 1968 ἢ
1663 1895 1775 1964 πῦρ
1819 1889 1931 1948 οἷον

328 1983 497 2040 eam
532 1985 625 2038 καὶ
668 1983 998 2055 ἀσώματον·
1055 1983 1118 2038 '0
1153 1983 1342 2040 ποιῶν
1391 1984 1524 2054 γὰρ,
1579 1983 1735 2062 φησὶ,
1786 1983 1930 2050 τοὺς

329 2078 630 2148 ἀγγέλους
665 2079 854 2134 αὐτοῦ
895 2061 1232 2148 πνεύματα,
1247 2079 1348 2132 καί
1375 2079 1519 2146 τοὺς
1540 2079 1930 2148 λειτουργοὺς

332 2172 519 2226 αὑτοῦ
557 2173 678 2241 πῦρ
721 2171 970 2242 φλέγων.
999 2172 1209 2236 Κοινῶς
1235 2174 1344 2242 γὰρ
1370 2172 1545 2227 ταῦτα
1575 2173 1672 2227 καὶ⁹
1717 2171 1922 2244 ὁμοίως

340 2265 522 2319 πασῶν
550 2262 660 2318 τῶν
681 2264 952 2336 οὐρανίων
985 2263 1398 2334 καταφάσκεται
1431 2264 1714 2336 δυνάμεων
1731 2282 1744 2296 ·
1771 2265 1827 2318 αἲ
1853 2267 1919 2336 τῇ

336 2358 492 2426 φύσει
524 2361 590 2430 τῇ
619 2358 852 2422 ἑαυτῶν,
881 2357 946 2411 τὸ
975 2354 1286 2428 ἀνώλεθρον
1312 2359 1408 2410 καὶ
1437 2357 1706 2412 ἀθάνατον
1733 2360 1798 2430 τῇ
1827 2357 1920 2412 τοῦ

327 2450 836 2522 δημιουργήσαντος
885 2449 1178 2520 κέκτηνται
1210 2449 1432 2519 χάριτιτ
1473 2447 1542 2502 τὰ
1581 2447 1924 2520 καθύπερθεν

325 2543 386 2598 δὲ
407 2545 509 2616 τῆς
537 2541 773 2598 κιϐωτοῦ
803 2541 1252 2614 ύπεριπτάμενα,
1276 2539 1313 2595 ἃ
1337 2543 1451 2605 τοῖς
1475 2541 1781 2612 σκιάσμασι
1814 2539 1924 2594 τῶν

325 2635 625 2708 πτερύγων
659 2635 1041 2698 καταπυκάζει
1063 2634 1125 2688 τὸ
1146 2633 1481 2704 ἱλαστήριον,
1505 2631 1670 2696 ὑλικὰ
1699 2631 1798 2703 μέν
1818 2633 1924 2686 εἰσι

323 2727 429 2798 τὴν
455 2725 646 2780 οὐσίαν
680 2726 776 2781 καὶ
807 2724 1038 2797 σώματα
1059 2741 1071 2754 ·
1099 2726 1164 2778 ὲκ
1192 2722 1394 2796 χρυσοῦ
1421 2723 1530 2794 γὰρ
1552 2721 1647 2776 τοῦ
1678 2721 1926 2790 καθαρω-

324 2820 496 2874 τάτου
541 2817 950 2885 διεσκεύασται,
1001 2816 1324 2888 σφυρήλατα
1352 2815 1410 2870 δὲ
1453 2815 1548 2869 καὶ
1573 2815 1927 2884 ὲκτετορνευ-

329 2912 492 2985 μένα,
527 2911 624 2965 καὶ
667 2909 856 2981 χερσὶν
895 2907 1268 2980 ἀνθρωπείαις
1298 2906 1460 2978 σοφίᾳ
1486 2909 1552 2978 τῇ
1594 2904 1804 2962 ἄνωθεν
1832 2903 1928 2960 καὶ

323 3005 616 3076 ἐπιστήμῃ
641 3002 737 3056 τοῦ
783 2999 1216 3072 τεκτηναμένου,
1249 2995 1308 3054 εῦ
1355 2999 1928 3071 μάλα-ἐκμεμηχανη-

2034 1908 2158 1947 reus
2187 1911 2200 1947 :
2231 1892 2336 1959 Qui
2387 1893 2525 1962 facis
2553 1935 2568 1959 ,
2621 1893 2798 1962 inquit
2843 1893 3159 1956 Psalmista,
3215 1891 3428 1962 angelos
3475 1900 3614 1956 tuos,

2031 1984 2290 2052 spiritus;
2319 1994 2368 2039 et
2398 1985 2675 2040 ministres
2701 1993 2848 2050 tuas,
2871 1986 3040 2055 ignem
3073 1993 3314 2039 urentem
3333 1984 3426 2038 π’.
3453 1983 3618 2038 Com-

2032 2077 2272 2136 muniter
2327 2076 2471 2130 enim
2522 2077 2624 2131 hoc
2690 2077 2920 2146 parique
2974 2077 3135 2131 modo
3187 2077 3252 2130 dc
3299 2075 3618 2132 cwlestihus

2029 2169 2242 2221 cunctis
2291 2167 2554 2234 poteutiis
2601 2167 2828 2232 dicitur,
2887 2182 3010 2236 qua:
3063 2174 3257 2221 natura
3298 2166 3518 2237 propria
3559 2173 3618 2218 ut

2029 2259 2365 2319 immortales
2406 2261 2518 2315 sint
2564 2268 2620 2316 et
2655 2260 2898 2316 iuteritui
2931 2276 3038 2314 non
3073 2259 3348 2326 obnoxiae,
3381 2259 3615 2313 ποι-σαι

2032 2351 2166 2407 toris
2205 2351 2475 2409 beneﬂcio
2509 2353 2731 2408 habent.
2767 2353 2848 2406 Illi
2894 2361 3079 2408 autem
3111 2368 3232 2422 qua:
3260 2365 3401 2406 arcae
3423 2365 3618 2418 supcr-

2029 2443 2254 2510 volant,
2293 2455 2356 2500 et
2407 2447 2617 2500 alarum
2655 2461 2880 2501 suarum
2923 2447 3116 2501 umbra
3177 2445 3615 2514 propitiatorium

2031 2536 2310 2601 obvelant,
2339 2539 2641 2594 materialis
2678 2539 2870 2608 utique
2893 2547 3022 2601 sunt
3045 2537 3368 2594 substantiae
3409 2547 3463 2595 et
3490 2549 3617 2590 eor-

2032 2629 2201 2700 poris.
2264 2629 2522 2702 Namque
2577 2647 2714 2688 auro
2757 2633 3054 2702 purissimo
3096 2639 3372 2696 constant,
3421 2627 3618 2683 malleo

2033 2729 2303 2792 toruoque
2330 2732 2387 2778 et
2427 2723 2685 2780 humanis
2728 2725 3004 2789 manibus,
3058 2739 3296 2792 superna
3343 2723 3616 2792 sapientia

2035 2822 2200 2882 atque
2223 2823 2342 2869 arte
2370 2813 2690 2882 adiuvante,
2725 2815 2934 2884 optime
2977 2815 3266 2878 elaborati,
3297 2814 3534 2884 egregiis
3563 2823 3620 2866 et

2034 2905 2174 2961 bene
2207 2905 2452 2962 deductis
2480 2906 2699 2963 laminis
2733 2907 3006 2964 fabricati.
3049 2907 3179 2964 Ideo
3200 2906 3368 2960 variis
3401 2919 3620 2976 quoque

2037 2993 2225 3049 formis
2258 2995 2470 3066 praediti
2505 2999 2830 3052 creduntur.

327 3101 494 3172 μένα,
519 3065 836 3169 ἐξ-ἐὐφυῶν
869 3065 952 3152 τε.
982 3065 1078 3152 καὶ
1141 3065 1413 3167 εὐτέχνων
1443 3065 1788 3168 διησκημένα
1815 3065 1924 3146 τῶν
1989 3065 2314 3160 ἐλασμάτων
2337 3107 2352 3124 ο
2389 3090 2469 3146 διὸ
2515 3091 2726 3146 πλείοσι
2795 3065 3085 3164 διαφοραῖς
3127 3090 3462 3162 τετυχήκασι
3507 3089 3620 3145 τῶν

323 3193 704 3264 δοξασμάτων.

403 3240 709 3360 ἱῖριῖσθείης
745 3288 789 3342 δ’
847 3287 916 3342 ἂν
959 3288 1225 3342 λιπαίνων
1263 3287 1370 3341 ’τὸν
1430 3285 1590 3352 λόγον
1639 3240 1925 3356 εὐμούσως

2102 3282 2283 3338 Addes
2323 3284 2524 3346 etiam,
2575 3289 2634 3336 ut
2679 3281 2989 3337 oralionem
3043 3281 3322 3351 eleganter
3373 3277 3616 3344 farcias.

320 3381 496 3455 ἄγαν,
523 3383 606 3436 ὅτι
633 3384 834 3436 ἐκεῖνοι
886 3381 986 3452 μὲν
1008 3422 1022 3448 ,
1049 3375 1132 3444 οἷς
1164 3379 1370 3450 κυρίως
1401 3377 1643 3449 τοΰνομα
1673 3377 1932 3449 πρόσκει-

320 3491 448 3540 ται,
480 3473 660 3528 οὐσίαι
691 3473 801 3527 sici.
829 3471 1016 3546 νοεραί
1039 3489 1100 3526 τε
1127 3471 1222 3526 καὶ
1249 3470 1464 3542 νοηταὶ,
1491 3471 1556 3525 ὲκ
1574 3470 1674 3542 τῆς
1699 3469 1933 3541 ύπερου-

325 3565 454 3620 σίου
503 3565 596 3619 καὶ
633 3565 742 3618 τῶν
787 3565 926 3619 ὅλων
971 3562 1325 3635 παρακτικῆς
1383 3563 1566 3625 αἰτίας
1608 3562 1783 3616 ἀΐδιον
1836 3561 1931 3616 καὶ

322 3655 530 3726 νοερὰν
561 3657 664 3724 τὴν
697 3655 846 3726 ζωὴν
890 3654 1244 3726 κεκτημένοι,
1290 3652 1583 3716 ούσιωδῶςν
1608 3650 1818 3722 ταύτης
1871 3653 1932 3706 ὲν

319 3747 413 3819 τῷ
440 3749 583 3801 νοεῖν
617 3746 1040 3819 μεταλαχόντες,
1065 3747 1160 3800 καὶ
1181 3745 1446 3817 δυνάμεις
1463 3745 1650 3817 νοεραὶ
1676 3744 1770 3799 καὶ
1787 3744 1932 3816 ἐνέρ-

320 3850 484 3910 ⁴γιειαι
513 3840 892 3912 ὲνυπόστατοι,
922 3839 1018 3893 καὶ
1045 3839 1166 3904 νὸες
1197 3840 1337 3896 εἰσὶν
1365 3839 1751 3912 ὐπερκόσμιοι,
1769 3837 1931 3909 ἀῦλίᾳ

320 3935 430 3988 καὶ
463 3932 702 4006 ἀπαθείᾳ
735 3933 830 3988 καὶ
865 3933 1258 4004 ἀσωματότητι
1283 3931 1589 4002 νοούμενοι,
1619 3931 1716 3986 καὶ
1742 3929 1928 3984 νοοῦν-

318 4043 426 4092 τες
455 4026 845 4099 ύπερκοσμίως
871 4027 1050 4081 πάντα
1079 4025 1266 4090 ἁπλῶς
1289 4026 1386 4081 καὶ
1416 4025 1664 4090 ὲνοειδῶς
1687 4023 1756 4078 τὰ
1779 4023 1930 4096 παρὰ

319 4119 470 4174 Θεοῦ
503 4119 924 4190 ἐλλαμπόμενα,
955 4119 1093 4190 ὁμοῦ
1117 4136 1178 4173 τε
1213 4120 1310 4174 καὶ
1341 4118 1482 4173 κατὰ
1507 4117 1712 4190 ἀθρόαν
1739 4117 1928 4170 ἐπιϐο-

319 4213 434 4284 λήν
458 4229 472 4243 ’
506 4211 644 4266 ἀλλὰ
679 4213 774 4265 καὶ
805 4210 1230 4282 πολυομμάτους
1263 4210 1464 4274 αὐτοὺς
1504 4205 1646 4263 εἶναι
1685 4207 1927 4280 παραδέ-

317 4306 502 4370 δοται,
534 4305 614 4375 τῷ
658 4303 796 4374 πρὸς
831 4302 967 4356 Θεὸν
1015 4301 1341 4373 ὲστράφθαι,
1388 4300 1484 4354 καὶ
1529 4297 1599 4352 τὰ
1643 4297 1927 4369 πρωεχῶς

269 4413 278 4429 δ
318 4396 518 4459 αὐτοῖς
547 4395 760 4457 ἐκεῖθεν
791 4393 1250 4464 ἐκκαλυπτόμενα
1275 4391 1499 4462 ἀμέσως
1531 4388 1920 4445 κατοπτεύειν·

316 4487 496 4544 ἁπλοῖ
536 4486 596 4541 δὲ
640 4486 795 4552 ὄντες
827 4487 925 4541 καὶ
965 4486 1222 4552 ἀνείδεοι,
1262 4484 1476 4556 μορφῆς
1506 4483 1604 4538 καὶ
1648 4481 1925 4552 σχήματός

317 4583 470 4636 εἰσιν
501 4579 839 4650 ὑπερέκεινα
871 4579 969 4634 καὶ
996 4577 1323 4650 ἀμέθεκτοι·
1353 4570 1444 4632 οἶα
1463 4577 1521 4630 δὲ
1556 4574 1622 4648 δὴ
1647 4574 1802 4630 ἄῦλοι
1829 4575 1924 4630 κα)⁸

2033 3373 2374 3430 Cherubinos
2406 3373 2548 3439 illos,
2582 3371 2784 3443 quibus
2821 3373 3044 3444 proprie
3072 3374 3174 3428 hoc
3209 3384 3406 3426 nomen
3441 3369 3620 3425 inhae-

2035 3473 2138 3531 ret,
2176 3462 2516 3520 substantias
2550 3478 2676 3518 esse
2709 3463 3108 3518 iutellectuales
3133 3473 3187 3518 et
3217 3460 3608 3532 iutelligibiles,

2031 3573 2152 3628 qua:
2193 3572 2261 3612 ex
2298 3571 2555 3627 suprema
2588 3565 2642 3612 et
2674 3557 2916 3610 omnium
2952 3555 3196 3610 auctrice
3248 3569 3435 3620 causa,
3472 3568 3619 3608 sem-

2033 3651 2300 3720 piternam
2327 3657 2382 3705 et
2409 3647 2834 3704 intellectualem
2873 3648 3036 3702 vitam
3075 3647 3298 3712 habent,
3351 3647 3616 3701 substan-

2035 3741 2236 3798 tialiter
2304 3741 2446 3796 hanc
2509 3740 2626 3810 ipso
2677 3739 3014 3811 intelligendi
3068 3749 3192 3793 actu
3241 3738 3616 3808 accipientes,

2033 3835 2270 3889 virtutes
2307 3833 2728 3898 intellectuales,
2777 3833 2922 3888 vires
2956 3833 3428 3906 enhyposmticas,
3461 3848 3618 3886 men~

2033 3935 2114 3981 tes
2137 3925 2633 3996 supramuudanas,
2653 3939 2774 3994 quae
2791 3924 3203 3989 itnmateriales,
3253 3923 3620 3993 impassibiles

2029 4027 2084 4072 et
2131 4018 2472 4088 incorporea:
2517 4031 2641 4072 esse
2695 4015 3114 4086 intelliguntur,
3188 4029 3416 4086 quaeque
3476 4016 3616 4071 ultra

2029 4110 2336 4167 mundanas
2362 4110 2500 4164 lines
2532 4109 2838 4180 intelligunt
2857 4109 3043 4164 omnia
3081 4108 3406 4178 simpliciter
3427 4116 3486 4164 et
3511 4111 3614 4165 sub

2030 4219 2134 4256 una
2168 4204 2348 4272 specie
2397 4206 2619 4267 cuncta,
2661 4219 2780 4274 qua!
2809 4220 2876 4259 ex
2921 4205 3030 4260 Deo
3077 4203 3372 4274 eﬂ'ulgeut,
3419 4205 3612 4260 eodem

2032 4305 2275 4362 tempore
2304 4309 2521 4364 unoque
2551 4295 2749 4350 mentis
2782 4295 3002 4351 intuitu.
3043 4295 3148 4352 Sed
3173 4305 3226 4352 et
3261 4295 3448 4351 multis
3483 4310 3614 4349 ocu-

2029 4388 2095 4443 lis
2133 4388 2386 4442 instructi
2421 4389 2728 4453 traduntur,
2761 4387 2888 4456 quia
2918 4401 3110 4458 nempe
3139 4389 3207 4442 ad
3242 4387 3408 4442 Deum
3441 4389 3614 4456 respi-

2029 4481 2202 4542 ciunt,
2250 4488 2302 4534 et
2343 4493 2463 4548 quae
2512 4477 2646 4547 ipsis
2696 4477 3045 4532 continenter
3096 4478 3222 4532 inde
3275 4476 3608 4544 revelantur,

2027 4569 2340 4623 immediate
2399 4565 2856 4636 contemplantur.
2917 4565 3054 4620 Cum
3105 4575 3288 4622 autem
3336 4567 3612 4635 simplices

321 4637 630 4741 ἀσώματοι.
656 4669 778 4724 νοού
789 4686 964 4740 μενοι,
999 4637 1060 4724 τδ
1107 4668 1433 4723 ἀδιάστατον
1477 4637 1662 4736 ἔχουσι
1689 4664 1788 4720 καὶ
1825 4666 1920 4719 ἀνα

2032 4661 2143 4716 sint
2178 4669 2230 4714 et
2268 4661 2476 4728 absque
2532 4657 2748 4729 specie,
2813 4659 3038 4715 cuilibet
3079 4658 3273 4715 format
3321 4676 3387 4715 ac
3424 4663 3608 4732 figura

318 4764 488 4834 αφὲς,
528 4763 732 4818 ᾰποσόν
755 4779 814 4818 τε
839 4763 936 4816 καὶ
973 4761 1248 4832 ἀμέγεθες
1273 4760 1366 4816 καὶ
1391 4759 1680 4831 ἀπήλικον,
1708 4758 1804 4814 καὶ
1832 4758 1922 4812 διὰ

2032 4753 2338 4824 superiores
2366 4762 2494 4808 sunt
2519 4751 2746 4822 ejusque
2776 4753 3093 4824 incapaccs.
3120 4753 3400 4820 Quatenus
3429 4765 3608 4810 autem

318 4855 502 4911 ταῦτα
531 4855 742 4926 φθορᾶς
788 4857 928 4908 εἰσιν
955 4854 1386 4925 ἀπηλλαγμένοι,
1419 4851 1516 4905 καὶ
1555 4849 1650 4904 τοῦ
1695 4848 1924 4919 ἠλλοιῶ-

2032 4845 2420 4903 immateriales
2473 4845 2891 4917 incorporeique
2953 4847 3351 4920 intelliguntur,
3403 4849 3612 4916 dimen-

320 4950 455 5004 σθαι
485 4949 628 5003 κατά
651 4965 706 5002 τι
728 4947 860 5016 γοῦν
877 4947 1111 5016 πάμπαν
1140 4944 1539 5016 καθαρεύοντες
1559 4959 1574 4972 ο
1605 4943 1673 4996 τὰ
1697 4942 1753 4996 δὲ
1775 4943 1920 4998 κατὰ

2032 4941 2181 4996 sione
2228 4947 2419 4996 carent
2462 4945 2517 4994 et
2557 4947 2682 4994 sunt
2729 4939 3136 5010 impalpabiles,
3208 4941 3605 5012 quantitatem,

318 5044 428 5112 τὴν
482 5040 686 5113 σκηνὴν
731 5039 1106 5108 καθιστάμενα
1161 5037 1573 5109 χρυσότευκτα,
1621 5032 1746 5088 οὔτε
1796 5034 1918 5098 νόες

2032 5031 2486 5102 magnitudinem,
2517 5031 2840 5100 qualitatem
2873 5032 3075 5086 nullam
3119 5033 3344 5098 habent,
3383 5035 3609 5102 ideoque

320 5135 490 5199 εἰσὶν,
524 5132 648 5187 οὔτε
675 5133 860 5204 νοερὰ,
887 5131 1014 5186 οὔτε
1037 5129 1274 5196 νοοῦσιν,
1312 5131 1412 5184 οὐκ
1442 5128 1750 5200 αἰσθήσεως
1793 5144 1925 5198 μετ·-

2032 5123 2494 5193 corruptibilitatis
2559 5133 2861 5195 expertes,
2919 5134 2976 5180 et
3030 5125 3178 5180 omni
3247 5125 3611 5180 mutabilitate

323 5229 572 5300 ἐχουσιν,
597 5225 722 5280 οὔτε
767 5225 920 5279 οὐδὲν
948 5223 1156 5279 τούτων
1188 5223 1328 5276 εἰσίο
1369 5221 1518 5291 ζωῆς
1547 5220 1602 5274 δὲ
1643 5221 1742 5289 τῆς
1772 5221 1922 5272 ὁπω-

2032 5217 2316 5270 immunes.
2351 5216 2420 5270 At
2450 5215 2524 5269 illi
2557 5216 2648 5286 qui
2683 5217 2964 5271 constituti
3013 5225 3142 5272 sunt
3168 5219 3220 5270 in
3253 5215 3608 5271 tabernaculo

323 5318 460 5376 σοῦν
473 5317 755 5390 δυνάμεως
776 5335 834 5370 τε
865 5317 958 5371 καὶ
985 5307 1269 5384 ἐνεργείας
1299 5315 1663 5384 ἠμοιρήκασι,
1693 5309 1923 5382 σώματα

2032 5307 2327 5364 Clterubini
2361 5323 2504 5363 auro.
2527 5308 2812 5373 elaborati,
2863 5324 3040 5380 neque
3083 5316 3293 5363 mentes
3329 5319 3474 5368 sunt,
3515 5324 3612 5364 nc-
3649 5317 3652 5322 '

321 5413 387 5468 δέ
439 5413 544 5467 εισι
572 5413 694 5468 ηκαὶ
743 5410 924 5476 ἕνυλα,
979 5412 1030 5462 εί
1088 5410 1182 5464 καὶ
1235 5409 1336 5479 τῆς
1383 5407 1777 5475 καθαρωτάτης
1827 5404 1922 5459 καὶ

2032 5411 2134 5474 que
2169 5400 2584 5466 intellectuales,
2636 5415 2812 5473 neque
2849 5401 3120 5472 cogitant,
3163 5415 3342 5471 neque
3381 5416 3606 5457 sensum

324 5505 586 5575 διαυγοῦς
615 5505 747 5575 ὕλης
773 5503 1032 5575 τυγχάνει
1057 5501 1118 5556 τὸ
1153 5501 1364 5572 ἔλασμα
1383 5516 1397 5530 ·
1429 5495 1656 5568 σώματα
1695 5497 1754 5550 δὲ
1787 5495 1917 5549 ὄντα

2032 5495 2343 5560 habebant,
2399 5493 2644 5564 nihilque
2703 5493 2899 5550 borum
2949 5505 3098 5550 sunt.
3141 5493 3274 5550 item
3312 5495 3420 5550 vita
3461 5505 3516 5552 et
3558 5498 3610 5550 vi

329 5598 392 5666 ἐξ
423 5597 558 5669 ῦλης
599 5598 696 5652 καὶ
729 5596 902 5661 εἴδους
939 5593 1309 5665 πεποιημένα,
1337 5589 1562 5652 εἰκότως
1587 5589 1681 5642 καὶ
1713 5588 1916 5660 μεμόρ-

2032 5585 2221 5655 quavis
2269 5594 2436 5655 atque
2478 5585 2722 5642 eﬂicacia
2779 5596 3015 5654 carent;
3061 5587 3156 5643 scd
3208 5601 3436 5659 corpora
3485 5598 3614 5642 sunt

429 5758 493 5792 7"
532 5754 672 5811 Psal.
699 5771 816 5820 cttt,
852 5755 910 5810 4.
