3994 6488
307 453 415 518 τ’ἷἿ

1166 439 1736 505 APOLOGETICUS
1774 433 1925 496 PRO
1980 434 2245 494 SACltIS
2287 436 2752 499 IMAGINIBUS

3480 446 3585 505 ττκ

309 574 405 627 καὶ
436 565 917 637 ἐκπεςρωνημὲνον,
960 563 1054 616 καὶ
1077 561 1154 632 τῷ
1176 562 1345 631 τιμίῳ
1373 559 1515 613 κατά
1543 559 1641 628 τὴν
1671 553 1898 625 Γραφὴν
1927 596 1931 607 .

2023 564 2155 608 uero
2189 551 2304 622 (76)
2337 551 2693 620 insignitum;
2720 562 2777 603 ut
2804 560 2914 605 tum
2946 554 3349 621 pronuntiantis
3375 572 3585 611 summa

308 662 408 731 τὴν
456 660 817 715 Θεόπνευστον
865 652 1106 726 ἀριθμῷ,
1143 651 1414 707 καὶτοῦτο
1450 649 1847 719 δεδοξασμένον
1881 664 1895 677 ·

310 755 399 808 ἵνα
426 753 514 807 διά
550 769 610 806 τε
630 749 726 804 τοῦ
753 747 1158 819 ἐπηγγελκότος
1186 745 1248 800 τὺ
1281 742 1684 815 ἀπαραίτητον,
1717 738 1808 793 διά
1842 755 1900 790 τε

306 847 403 901 τοῦ
431 843 668 917 ἀριθμοῦ
685 843 745 896 τὸ
765 840 1062 911 ἐπίσημον,
1082 837 1477 908 ἀμφοτέρωθεν
1492 835 1608 905 ἔχοι
1630 833 1692 888 τὸ
1721 832 1902 903 πρᾶγ-

314 956 391 1009 μα
420 938 483 991 τὸ
527 935 969 1008 ἀπαράγραπτον
1001 949 1014 963 ο
1052 934 1101 985 εί
1132 931 1228 987 οῦν
1256 930 1333 1009 ντά
1377 927 1725 999 Χριστιανῶν
1760 942 1902 994 παρ-

312 1034 550 1086 αιτοίντο
591 1030 643 1082 οἱ
678 1024 877 1093 ἄθλιοι,
908 1027 1034 1090 τοὺς
1063 1023 1196 1093 γοῦν
1247 1022 1541 1083 Ἰουδαίους
1595 1018 1903 1090 μιμείσθω-

316 1143 438 1187 σαν,
482 1125 692 1195 μήποτε
740 1123 838 1175 καὶ
865 1118 1045 1174 αὐτῶν
1086 1118 1305 1187 ὀφθεῖεν
1341 1111 1691 1183 ἀπιστότεροί
1721 1129 1781 1165 τε
1809 1113 1904 1164 καὶ

315 1214 790 1286 ἀγνωμονέστεροι
825 1228 838 1243 ’
875 1210 1115 1282 οὐδαμοῦ
1150 1210 1259 1281 γὰρ
1290 1208 1443 1280 παρά
1502 1206 1777 1268 Ἰουδαίοις
1812 1221 1905 1256 τε·

315 1310 583 1380 τολμηται
639 1301 875 1359 εΐδὼλων
938 1304 1167 1372 ὀνόματι
1226 1302 1399 1356 ταῦτα
1464 1296 1851 1370 περιυϐρίσθαι
1889 1336 1903 1359 ,

316 1402 497 1457 καίτοι
530 1399 791 1463 πολλάκις
822 1396 915 1450 τοῦ
951 1396 1096 1450 θείου
1119 1394 1467 1465 σεϐάσματος
1512 1392 1903 1462 ἀλογήσαντες,

317 1491 561 1554 εἰδώλοις
634 1488 1051 1559 ἐξαπατώμενοι
1099 1486 1498 1557 λελατρεύκασι
1536 1500 1550 1514 ’
1602 1483 1781 1553 πάντη
1851 1480 1907 1533 δὲ

320 1584 453 1655 παρ’
489 1583 676 1645 αὐτοῖς
707 1580 868 1634 ταυτὶ
900 1578 1057 1648 τίμια
1105 1578 1199 1630 καὶ
1230 1573 1587 1645 προσκυνητά
1620 1573 1715 1625 καὶ
1744 1570 1907 1623 σεϐά-

320 1692 460 1745 σμια
479 1691 493 1706 °
528 1674 624 1727 καὶ
656 1671 898 1740 τοσούτῳ
931 1659 1231 1739 σεϐάσμια,
1257 1668 1333 1731 ὼς
1359 1666 1565 1737 μηδένα
1590 1666 1699 1717 τῶν
1732 1663 1908 1718 ἄλλων

317 1769 434 1822 δέει
465 1770 557 1821 καὶ
587 1764 844 1836 εὐλαϐείᾳ
867 1763 974 1816 τῶν
1010 1763 1183 1831 ἁγίων
1228 1760 1511 1830 προσιέναι
1539 1776 1551 1789 ·
1579 1758 1718 1827 πλήν
1747 1775 1810 1826 γε
1844 1757 1907 1828 δὴ

318 1864 404 1916 δτι
424 1864 501 1924 εἰς
534 1860 632 1930 μὲν
648 1859 747 1931 τὴν
774 1856 997 1928 πρώτην
1021 1854 1247 1925 σκηνὴν,
1278 1853 1367 1906 διὰ
1408 1852 1610 1914 παντὸς
1654 1851 1908 1919 εἰσῄεσαν

317 1955 369 2009 ol
402 1954 566 2023 ἱερεῖς
616 1950 717 2013 τὰς
753 1948 1011 2019 λατρείας
1063 1944 1441 2007 ἐπιτελοῦντες
1468 1960 1481 1972 ·
1512 1942 1653 2013 βατὰ
1698 1943 1806 2013 γὰρ
1840 1937 1908 2013 ἦν

318 2049 499 2103 ταῦτα
553 2050 665 2110 τοῖς
719 2044 936 2105 πολλοῖς
996 2043 1093 2096 καὶ
1154 2040 1453 2110 εὖπρόσιτα
1485 2054 1497 2067 ·
1551 2038 1621 2090 τά
1675 2036 1733 2090 δὲ
1790 2034 1907 2105 μετ’

321 2143 583 2214 ἐκείνηνι
610 2140 807 2210 ἀστιϐῆ
857 2138 993 2191 πᾶσι
1042 2135 1137 2189 καὶ
1178 2132 1453 2201 ἄψαυστα,
1484 2132 1567 2184 ὅτι
1626 2130 1703 2201 μὴ
1748 2129 1910 2200 μόνον

325 2232 612 2304 ἐφεῖτοτῷ
647 2231 898 2301 ἀρχιερεῖ
928 2225 1149 2297 ἐφάπαξ
1198 2224 1292 2279 τοῦ
1336 2222 1588 2278 ἐνιαυτοῦ
1635 2222 1911 2291 εἰσιτητέα

328 2322 465 2379 εἶναι
494 2326 562 2379 τὰ
585 2323 951 2392 νενομισμένα
983 2321 1069 2373 ἐπ’
1102 2320 1284 2381 αὐτοῖς
1339 2316 1731 2370 ἐπιτελέσοντι.

410 2418 690 2472 Ἐντεῦθεν
736 2416 1096 2480 αίοπανάγιαι
1144 2410 1404 2483 δυνάμεις
1439 2410 1607 2475 θείοις
1634 2411 1912 2481 προστάγ-

327 2529 497 2583 μασιν
543 2509 897 2574 εἰκονίζονται
927 2524 941 2537 ο
971 2505 1219 2560 ἐντεῦθεν
1248 2505 1345 2572 τῆς
1377 2503 1634 2572 τοιαύτης
1670 2502 1916 2573 κλήσεως

322 2603 636 2673 ὁμωνύμως
688 2604 801 2664 τοῖς
854 2597 1184 2670 ἀρχετύποις
1244 2596 1462 2664 ἁγίοις,
1520 2595 1590 2648 τὰ
1649 2595 1787 2667 πρὸς
1856 2594 1917 2647 τὸ

328 2696 647 2765 ἱλαστήριον
678 2689 1093 2762 ύπεριδρυμένα
1140 2686 1412 2758 τετύχηκε
1467 2687 1870 2758 χρυσοτόρευτα
1898 2701 1914 2716 ⁶

325 2788 430 2840 καὶ
460 2786 681 2848 εἰκότως
728 2782 1130 2854 προϐέϐληνται
1164 2782 1273 2836 τῶν
1304 2778 1605 2835 ἀτυπώτων
1644 2780 1694 2833 οἱ
1733 2780 1914 2845 τύποι,

328 2878 433 2933 καὶ
469 2876 577 2930 τῶν
610 2875 1040 2947 ἀσχηματίστων
1087 2873 1159 2927 τὰ
1213 2875 1474 2945 σχήματα
1504 2889 1517 2902 ·
1569 2873 1644 2936 ὡς
1692 2871 1918 2943 θεμιτὸν

330 2972 528 3041 φάναι,
588 2968 743 3024 κατὰ.
785 2969 913 3030 τοὺς
978 2965 1272 3035 θεοσόφους
1294 2964 1453 3035 ἡμῶν
1501 2964 1756 3034 Πατέρας
1822 2963 1920 3016 καὶ

330 3061 582 3121 κλεινοῦς
612 3058 711 3128 τῆς
755 3055 1081 3126 Ἐκκλησίας
1106 3054 1516 3124 καθηγεμόνας,
1543 3052 1919 3124 ἀδυνατούσης

329 3153 436 3222 τῆς
483 3151 605 3207 καθ’
652 3151 801 3221 ἡμᾶς
842 3148 1137 3216 ἀναλογίας
1180 3148 1403 3218 ἀμέσως
1446 3146 1540 3199 ἐπὶ
1571 3146 1673 3209 τὰς
1720 3140 1921 3216 νὸητάς

330 3244 714 3301 ἀνατείνεσθαι
774 3241 1048 3314 θεωρίας,
1106 3240 1203 3294 καὶ
1247 3238 1509 3310 δεομένης
1554 3238 1772 3292 οἰκείων
1827 3238 1921 3291 καὶ

334 3337 602 3408 συμφυῶν
649 3334 973 3403 ἀναγωγῶν,
1012 3332 1069 3385 αἳ
1128 3332 1227 3396 τὰς
1281 3333 1510 3399 ἐφικτάς
1534 3331 1669 3401 ἡμῖν
1710 3329 1923 3401 μορφὰς

333 3431 682 3503 προτείνουσι
731 3428 842 3482 τῶν
871 3424 1216 3497 ἀμορφώτων
1259 3424 1354 3478 καὶ
1380 3423 1676 3494 ὑπερφυῶν
1712 3423 1922 3494 θεαμά-

330 3540 449 3576 των
482 3539 497 3552 ·
526 3522 684 3575 τοῦτο
726 3521 836 3592 γάρ
883 3518 986 3588 τῆς
1039 3518 1188 3580 θείας
1250 3516 1613 3587 ἀγαθότητος,
1668 3516 1763 3568 καὶ
1822 3516 1922 3585 τῆς

334 3615 467 3685 περὶ
490 3615 635 3683 ἡμᾶς
667 3611 935 3683 πατρικῆς
959 3609 1311 3681 κηδεμονίας,
1342 3610 1444 3672 τὰς
1476 3608 1586 3662 τῶν
1611 3608 1924 3678 ὐπερουρα-

331 3709 466 3761 νίων
495 3707 774 3777 δυνάμεων
801 3706 1192 3766 ἐντυπωτικοῖς
1225 3701 1520 3773 συμϐόλοις
1568 3701 1923 3771 ἐκφαίνεσθαι

335 3801 776 3872 μακαριότητας,
809 3799 903 3851 τὸν
930 3796 1204 3867 ἡμέτερον
1230 3796 1495 3864 ἀνάγουσι
1530 3794 1676 3861 νοῦν,
1707 3797 1771 3866 τῇ
1805 3793 1924 3847 κατ’

331 3895 501 3951 αὐτὸν
541 3894 705 3963 ύλαίᾳ
756 3891 1101 3963 χειραγωγίᾳ
1166 3889 1472 3961 χρώμενον,
1515 3890 1612 3943 ἐπὶ
1630 3889 1756 3967 χτὴν
1812 3887 1924 3943 τῶν

328 3989 554 4047 οἰκείων
576 3987 651 4049 ῶς
676 3987 897 4053 ἐφικτὸν
928 3982 1163 4054 μίμησίν
1196 4000 1254 4035 τε
1282 3985 1376 4035 καὶ
1406 3982 1664 4054 θεωρίαν.
1705 3999 1725 4034 ι
1762 3981 1925 4034 Ἀλλά

332 4078 575 4135 δεδόσθω
620 4078 772 4147 παρά
807 4075 944 4129 Θεοῦ
993 4075 1092 4144 μὲν
1120 4074 1220 4146 τὴν
1270 4074 1462 4143 κλῆσιν
1490 4074 1618 4137 τοὺς
1675 4074 1767 4157 ἐπὶ
1823 4074 1923 4145 τῆς

334 4170 549 4242 ᾱκηνῆς
605 4167 888 4239 Χερουϐὶμ
908 4166 1215 4234 εἰληφέναι,
1260 4166 1425 4225 πόθεν
1477 4165 1661 4229 αὐτοῖς
1708 4165 1768 4218 τὸ
1820 4164 1924 4233 τῆς

325 4264 493 4334 δόξης
513 4261 1021 4332 ἐπιφημισοήσεται
1049 4257 1272 4327 χρῆμας
1299 4276 1318 4308 ι
1359 4258 1483 4324 Ὅτι
1510 4274 1574 4325 γε
1606 4257 1671 4325 δὴ
1703 4257 1920 4328 πρῶτον

335 4359 439 4429 μὲν
466 4355 605 4409 θεοῦ
633 4357 666 4425 ἡ
701 4351 996 4423 πρόσταξις
1018 4371 1031 4383 ·
1057 4351 1160 4404 ὅσα
1191 4351 1249 4403 δὲ
1284 4350 1622 4421 ἐπήγγελται
1655 4349 1788 4413 Θεὸς
1825 4350 1922 4404 καὶ

335 4449 609 4517 πεποίηκε
636 4448 793 4516 τίμια
814 4460 827 4474 ·
849 4446 1001 4498 οὐδὲν
1035 4443 1144 4514 γὰρ
1173 4444 1294 4514 εἰκῆ
1316 4443 1440 4497 οὐδὲ
1461 4443 1637 4515 μάτην
1652 4443 1761 4496 τῶν
1788 4441 1921 4513 παρ’

1940 1902 1986 1961 Β

2007 649 2353 712 auctoritate,
2380 659 2490 703 tum
2513 649 2725 703 numeri
2746 649 3050 716 nobilitate,
3080 664 3166 705 res
3193 650 3307 705 haec
3327 652 3591 720 utrinque

2006 739 2079 793 sit
2116 739 2466 796 inviolabilis.
2505 740 2562 797 Si
2594 756 2727 811 ergo
2758 739 3196 796 Christianorum
3250 744 3496 799 instituta
3534 746 3589 798 hi

2006 835 2191 888 miseri
2221 845 2507 905 respuunt,
2539 833 2761 890 Judzeos
2792 836 2981 889 saltem
3010 837 3314 901 imitentur,
3352 855 3417 892 ne
3451 840 3593 894 forte

2008 928 2092 981 his
2127 943 2343 997 quoque
2372 929 2773 985 iucreduliores
2802 940 3103 1001 appareant
3131 940 3187 984 et
3217 935 3595 986 contumacio-

2009 1034 2116 1075 res.
2153 1019 2440 1090 Nunquam
2496 1022 2643 1075 enim
2693 1025 2810 1077 ausi
2855 1032 2983 1078 sunt
3023 1023 3196 1079 Judaai
3250 1022 3597 1078 Cheruldnos

2009 1110 2273 1166 idolorum
2315 1114 2536 1168 nomine
2561 1115 2943 1180 dehonestare,
2983 1117 3201 1171 etiamsi
3230 1119 3429 1172 dirime
3465 1119 3594 1171 reli-

2009 1202 2184 1270 gionis
2220 1219 2362 1274 smpe
2409 1205 2585 1272 obliti,
2620 1206 2759 1259 idola
2800 1222 2986 1261 errore
3036 1210 3246 1277 decepti
3284 1210 3593 1266 coluerunt.

2012 1292 2098 1358 Hi,
2132 1296 2373 1364 inquam,
2424 1298 2774 1353 honorabiles
2818 1300 3042 1354 omnino
3098 1301 3379 1368 apudeos
3416 1317 3597 1355 reue-

2013 1388 2276 1456 randique
2315 1389 2572 1454 fuerunt;
2610 1390 2718 1443 into
2746 1394 2884 1445 adeo
2920 1393 3280 1456 venerabiles,
3308 1403 3368 1447 ut
3394 1404 3600 1447 morta-

2011 1479 2142 1534 lium
2185 1495 2345 1535 nemo
2382 1493 2526 1537 metu
2558 1498 2623 1536 ac
2657 1484 2925 1552 religione
2968 1486 3031 1538 ad
3064 1487 3177 1539 haec
3216 1497 3404 1539 saneta
3438 1501 3600 1541 acce-

2017 1574 2206 1639 deret;
2269 1590 2504 1644 namque
2558 1576 2610 1629 iu
2667 1577 2904 1644 priorem
2978 1578 3199 1648 quidem
3258 1581 3601 1633 tabernaculi

2017 1675 2225 1734 partem
2263 1668 2712 1735 ingrediebantur
2743 1684 2965 1747 semper
2996 1672 3310 1726 sacerdotes
3345 1675 3411 1725 ad
3446 1688 3600 1726 sacra

2016 1758 2285 1821 facienda,
2341 1762 2467 1828 quia
2517 1776 2641 1829 pars
2697 1763 2810 1817 hmc
2867 1764 3087 1821 adihilis
3143 1774 3263 1820 erat
3314 1767 3502 1821 multis
3540 1783 3603 1818 au

2018 1850 2176 1905 facile
2206 1862 2423 1921 patens.
2482 1852 2870 1912 Verumtamen
2923 1860 3224 1928 penetralia
3262 1870 3384 1928 post
3430 1859 3601 1921 ῘΙΙειιιι,

2019 1943 2164 1997 ηιιΙΙο
2218 1945 2356 2013 pede
2406 1947 2608 2000 calcari
2678 1958 2950 2026 poterant,
3012 1950 3116 2003 nisi
3160 1950 3301 2020 quod
3357 1952 3602 2018 pontifici

2018 2037 2255 2090 maxime
2300 2039 2468 2092 semel
2503 2041 2554 2092 in
2591 2057 2737 2096 anno
2784 2044 2853 2097 ad
2885 2044 3084 2114 legales
3114 2036 3254 2099 ritus
3290 2044 3400 2098 illic
3434 2060 3604 2099 exse-

2017 2128 2260 2194 quendus
2292 2129 2505 2199 ingredi
2541 2130 2763 2186 licebat.
3288 2142 3295 2149 '

2091 2403 2215 2459 ldeo
2264 2407 2623 2462 sanctissime
2687 2408 2768 2463 ha:
2798 2413 3053 2479 potentiae
3106 2414 3287 2469 divino
3345 2419 3604 2473 mandato

2024 2497 2345 2568 figurantur.
2370 2496 2580 2556 Idcirco
2611 2504 2801 2558 eodem
2828 2498 3137 2561 sanctorum
3169 2511 3598 2581 archetypurum

2022 2592 2242 2647 nomine
2278 2593 2640 2664 appellantur,
2695 2594 2748 2650 hi
2796 2597 2888 2665 qui
2937 2614 3101 2667 super
3159 2603 3603 2671 propitiatorinm

2023 2687 2303 2742 constituti
2337 2698 2465 2742 sunt
2512 2690 2661 2744 aurei
2714 2689 3045 2760 Cheruhiul;
3103 2697 3412 2766 meritoque
3449 2702 3607 2753 nobis

2023 2778 2353 2832 exhibentur
2398 2793 2578 2833 rerum
2623 2780 2794 2836 forma
2826 2786 3128 2840 carentium
3164 2787 3372 2855 lorum,
3418 2801 3471 2845 et
3502 2809 3608 2847 non

2025 2866 2379 2935 figuratamm
2436 2870 2641 2940 figurat.
2698 2872 2777 2927 Ita
2840 2885 2896 2929 ut
2944 2889 3092 2933 recte
3154 2880 3446 2938 dicendum
3498 2886 3607 2948 sit,

2024 2961 2322 3017 secundum
2353 2964 2578 3019 edactos
2612 2981 2640 3019 a
2672 2964 2782 3021 Deo
2821 2966 3017 3027 Patres
3052 2984 3289 3043 nostros,
3342 2977 3611 3049 inclytus-

2024 3071 2130 3124 que
2165 3054 2427 3112 Ecclesiae
2471 3061 2659 3123 duces,
2714 3064 2857 3130 quod
2911 3078 3033 3118 cum
3088 3067 3159 3120 sit
3186 3067 3454 3135 impotens
3488 3089 3611 3141 pro-

2026 3140 2233 3220 portio-
2264 3164 2449 3206 nostra
2508 3154 2575 3207 ad
2640 3153 3035 3212 intellectuales
3101 3159 3342 3216 theorias
3402 3140 3610 3234 absque

2032 3243 2354 3297 intermedio
2413 3246 2988 3316 comprehendendas,
3062 3264 3327 3324 egeatque
3376 3258 3613 3326 propriis

2029 3339 2083 3384 et
2111 3331 2467 3401 .naturalihus
2515 3335 3037 3404 introductionibus,
3087 3359 3207 3413 quae
3247 3347 3616 3416 comprehen-

2031 3423 2219 3478 sibiles
2276 3426 2431 3480 nobis
2494 3429 2752 3483 exhibent
2817 3430 3025 3487 formas
3092 3433 3431 3505 olvjectorum
3494 3442 3615 3498 sine

2034 3517 2200 3586 figura
2237 3533 2301 3573 ac
2339 3523 2874 3591 supernaturalium;
2912 3535 2998 3582 est
3042 3526 3229 3597 utique
3274 3531 3374 3587 hoc
3420 3534 3617 3589 divinze

2032 3608 2291 3662 bonitatis
2327 3619 2676 3681 pateramque
2725 3628 2853 3684 erga
2905 3630 3002 3670 nos
3049 3619 3401 3687 providente-3
3447 3625 3616 3679 bene-

2035 3698 2247 3765 ficium,
2310 3712 2367 3755 ut
2434 3705 2904 3771 supereoelestium
2968 3718 3297 3777 potestatum
3367 3716 3614 3785 figuratis

2033 3791 2085 3844 in
2140 3792 2401 3858 symbolis
2450 3807 2687 3849 mentem
2738 3808 2983 3870 nostram
3050 3804 3458 3860 sustollenttbus
3520 3807 3617 3865 tle-

2034 3893 2296 3939 monstret
2369 3885 2770 3955 beatitudines,
2852 3893 3122 3947 materiali
3196 3900 3617 3965 mannduetione

2033 3978 2235 4033 utendo
2286 3979 2352 4033 ad
2410 3996 2631 4035 suarum
2697 3985 3095 4054 proprietatum
3145 3989 3506 4045 imitationem
3564 4007 3619 4046 et

2032 4071 2566 4139 contemplationem.
2631 4094 2649 4127 ι
2696 4076 2936 4143 Atettim,
2989 4080 3242 4147 inquiunt
3293 4086 3615 4143 adversarii.

2031 4163 2361 4218 concedatur
2426 4180 2559 4221 sane
2613 4169 2954 4224 tabernaculi
3015 4169 3359 4230 Cherubinos
3412 4192 3442 4229 ιι
3505 4177 3615 4232 Deo

2031 4270 2182 4311 suam
2206 4257 2480 4325 accepisse
2504 4260 2953 4328 appellationem;
2985 4266 3254 4319 undenam
3280 4277 3456 4323 tamen
3483 4270 3617 4337 ipsis

2030 4346 2213 4415 gloriae
2240 4347 2495 4415 maiestas
2526 4351 2895 4407 attribuetur?
2926 4371 2945 4404 ι
2978 4352 3164 4409 Primo
3191 4357 3423 4418 scilicet.
3486 4364 3611 4424 quia

2033 4437 2125 4492 Dei
2157 4451 2485 4508 praeceptum
2514 4451 2629 4506 est;
2668 4442 2933 4513 quidquid
2980 4455 3165 4500 autem
3215 4449 3433 4505 mandat
3471 4450 3612 4507 Deus

338 4539 510 4595 αὑτοῦ
535 4558 586 4607 τι
611 4540 825 4609 πρόεισι
843 4553 856 4567 ⁸
876 4537 1036 4591 τοῦτο
1063 4535 1109 4589 δ’
1137 4537 1204 4590 ἂν
1230 4536 1382 4607 εὖροι
1416 4553 1499 4599 τις
1528 4538 1625 4589 καὶ
1653 4535 1796 4589 κατὰ
1819 4536 1921 4606 τὴν

2029 4532 2113 4588 vel
2151 4531 2299 4599 facit,
2330 4534 2381 4587 id
2415 4545 2499 4589 est
2540 4535 2853 4591 venerabile
2890 4555 2903 4591 :
2939 4538 3075 4592 nihil
3104 4541 3251 4595 enim
3281 4539 3483 4597 frustra
3519 4558 3612 4600 aut

331 4632 731 4703 κωμογένειαν
788 4629 1214 4700 ἱστορούμενον·
1255 4625 1395 4682 Εῖδε
1450 4629 1607 4710 γὰρ,
1655 4630 1842 4701 φησιν,
1892 4631 1926 4685 ὀ

334 4725 508 4790 Θεὸς.
544 4723 642 4778 καί
686 4723 818 4778 ἰδοὺ
872 4721 1071 4776 πάντα
1107 4721 1267 4775 καλὰ
1309 4722 1474 4775 λίαν.
1528 4723 1760 4775 Ἔπειτα
1807 4722 1926 4787 πῶς

328 4816 400 4871 οὺ
425 4813 743 4878 δεδόξασται
785 4812 979 4876 ταῦτα,
999 4812 1123 4865 ὅθεν
1147 4811 1496 4879 ἐπιφαίνεται
1525 4811 1658 4875 Θεὸς
1705 4813 1801 4866 καὶ
1843 4831 1928 4881 γι-

329 4907 650 4974 νώσκεται;
680 4906 730 4959 τί
771 4907 881 4976 γὰρ
920 4908 1018 4976 τῆς
1057 4906 1209 4969 θείας
1263 4906 1593 4969 ἐπιστασίας
1641 4905 1925 4976 περιδοξό-

326 5017 531 5072 τερονς
557 4999 592 5071 ἢ
616 4999 724 5051 τῶν
745 4998 868 5053 καθ’
926 4997 1019 5062 οὒς
1056 4999 1421 5069 οἰκονομικῶς
1454 5000 1713 5072 ἐπιφοιτᾷ
1742 5001 1924 5056 τόπων

329 5094 758 5165 conlata-asperi;
783 5093 948 5146 πόθεν
974 5093 1034 5145 τὺ
1061 5092 1184 5165 ὅρος
1210 5094 1271 5147 τὸ
1300 5094 1431 5146 Σινά
1453 5092 1793 5158 δεδόξασται,
1827 5094 1925 5147 καὶ

331 5184 583 5256 φοόερὸν,
631 5183 729 5236 καὶ
776 5181 1073 5252 ἀπρόσιτον
1124 5180 1529 5249 ἀναδέδεικταις
1589 5186 1707 5248 πτίς
1759 5184 1924 5254 ἤκουε

331 5274 551 5341 Μωσῆς
577 5277 672 5343 τῆς
704 5269 1017 5334 θεοστιὸοῦς
1044 5269 1330 5340 ἐπιψαύων
1345 5274 1471 5341 γῆς·
1489 5272 1552 5326 Ὀ
1577 5272 1765 5342 τόπος
1781 5275 1851 5327 ἐν
1877 5268 1929 5341 ᾧ

329 5363 607 5431 ἕστηκας
639 5361 714 5433 γῆ
743 5362 885 5431 ἁγία
907 5362 1043 5417 ἐστι
1066 5376 1085 5426 ;
1115 5361 1224 5416 τῶν
1258 5366 1464 5432 γηῖνων
1510 5365 1608 5418 καὶ
1637 5366 1920 5438 σαρκικῶν

332 5454 680 5513 ἀπολύεσθαι
722 5453 1212 5526 προσταττόμενος,
1252 5452 1297 5508 ἃ.
1333 5455 1522 5526 ἐδήλου
1566 5457 1634 5511 τά
1667 5475 1726 5511 τε
1761 5457 1920 5528 ἄλλα,

334 5547 441 5604 καὶ
460 5548 570 5603 τῶν
591 5548 956 5619 ὑποδημάτων
971 5547 1006 5618 ἡ
1032 5549 1339 5618 ἀφαίρεσις.

2028 4643 2225 4682 vanum
2261 4629 2329 4681 ab
2354 4645 2422 4683 eo
2454 4630 2721 4697 procedit.
2752 4630 2866 4686 Hoc
2888 4635 3199 4701 comperire
3228 4636 3407 4703 quivis
3437 4646 3613 4707 potest

1996 4742 1997 4745 η
2026 4722 2079 4775 in
2111 4723 2223 4793 ipsa
2249 4723 2598 4793 cosmogonia
2625 4739 2947 4793 expressum
2982 4744 2996 4780 :
3038 4725 3182 4781 Vidit
3210 4730 3377 4793 enim,
3417 4732 3639 4800 iuquit,‘

2024 4811 2205 4879 Deus;
2261 4822 2311 4867 et
2363 4830 2477 4868 ecce
2527 4817 2705 4868 omnia
2741 4826 2891 4869 erant
2943 4818 3094 4871 valde
3150 4819 3368 4873 bona”.
3413 4823 3616 4877 Deinde

1996 4906 2213 4981 [quidni
2282 4906 2393 4960 sint
2444 4905 2499 4960 hi
2551 4906 2797 4978 gloriosi,
2824 4913 2970 4963 unde
3022 4909 3162 4966 Dens
3196 4923 3249 4966 et
3300 4924 3525 4980 apparet
3562 4930 3617 4968 et

2026 4997 2385 5067 agnoscitur?
2411 4995 2552 5064 Quid
2600 5000 2746 5052 enim
2780 5000 2962 5055 divina
3005 5004 3243 5059 statione
3289 5004 3617 5071 gloriosius?

2031 5091 2115 5146 rel
2144 5092 2271 5161 quid
2309 5092 2582 5147 illustrius
2619 5093 2756 5150 locis
2807 5096 2861 5148 in
2902 5096 3100 5163 quibus
3127 5100 3244 5167 ipse
3274 5115 3335 5152 ea
3368 5116 3471 5168 qua
3502 5100 3614 5153 ruit

2037 5187 2248 5239 ratione
2285 5184 2532 5239 residet?
2572 5180 2879 5241 Undenatu'
2909 5188 3061 5243 Sinai
3112 5191 3281 5243 monti
3331 5191 3526 5262 gloria,
3560 5205 3615 5245 et

2030 5278 2357 5339 reverentia,
2387 5274 2554 5349 2M
2586 5285 2752 5348 atque
2786 5264 3079 5334 accedendi
3112 5280 3426 5335 interdictio
3479 5299 3611 5337 em:-

2031 5370 2154 5425 flata
2190 5368 2326 5425 fuit?
2356 5370 2471 5426 Cur
2497 5370 2737 5442 Moyses,
2767 5373 2895 5425 dum
2922 5381 3119 5426 terram
3151 5389 3181 5428 a
3212 5375 3317 5427 Dt-o
3350 5373 3614 5429 calcatum

2030 5465 2399 5533 centingeret.
2454 5463 2622 5517 audiit
2658 5479 2672 5517 :
2710 5461 2883 5516 Locus
2924 5465 2977 5515 iu
3013 5482 3114 5533 quo
3159 5468 3431 5528 consistie,
3470 5481 3613 5520 terra

2029 5571 2212 5616 sancta
2259 5556 2445 5611 est"?
2477 5555 2662 5621 jussus
2703 5555 2865 5610 simul
2908 5559 3137 5610 terrenis
3191 5560 3612 5633 caritatibusque

335 5656 519 5701 semet
544 5649 887 5714 exspoliare;
921 5644 1062 5711 quod
1100 5644 1242 5699 inter
1267 5645 1373 5700 alia
1406 5650 1689 5719 Ostendit,
1723 5653 2216 5716 calceamentorum
2251 5656 2544 5707 detractio.

413 5777 464 5811 ”
496 5778 632 5834 Gen.
663 5794 698 5843 t,
728 5779 820 5835 5|.
895 5777 943 5821 -"
998 5775 1168 5834 Exod.
1196 5797 1274 5848 tu,
1311 5781 1364 5838 5.

424 5894 538 5967 (το)
584 5894 718 5949 Dicit
746 5891 1129 5963 Septenart'um,
1171 5898 1224 5952 in
1252 5901 1421 5957 sacris
1454 5899 1644 5959 Bibliis
1677 5903 1914 5976 celebre,
1957 5908 2023 5963 tle
2053 5923 2160 5978 quo
2188 5907 2542 5980 peculiariter
2571 5906 2792 5978 scripsit
2832 5907 3010 5966 Philo.

654 5987 929 6048 PATROL.
978 5987 1164 6051 Gud).
