3994 6424
377 407 483 470 785

1194 412 1765 479 APOLOGETICUS
1800 418 1952 479 PRO
2010 420 2277 482 SACRIS
2320 418 2808 483 IMAGINIBUS.

3524 426 3645 488 -786

376 516 763 585 πεπιστείθαι,
821 520 945 574 επεὶ
998 518 1090 575 καὶ
1132 523 1199 595 τῇ
1245 522 1355 578 τῶν
1400 526 1662 582 έναντίων
1708 528 1955 594 ἐκτόπως

2073 533 2215 588 randi
2267 542 2398 589 sunt
2426 532 2495 589 iis
2533 531 2625 603 qui
2677 531 2945 603 profunda
2981 546 3139 590 nocte
3190 551 3439 605 asperam
3470 548 3646 615 ctar-

378 609 792 663 π).εονεκτοῦσιν
846 611 1094 683 αἱρέσει·
1142 613 1352 669 ὲοίκασι
1403 617 1512 687 γὰρ
1544 618 1594 671 oi
1627 621 1694 690 τῇ
1733 620 1960 691 ματαιό-

374 719 499 771 τητι
530 702 626 757 καὶ
655 702 733 774 τῷ
750 702 937 774 ψεύδει
959 707 1380 777 κατισχημένοι,
1402 712 1514 775 τοῖς
1546 712 1604 763 ὲν
1649 711 1829 783 σκότῳ
1863 712 1960 783 βαι

377 795 462 848 θεῖ
491 794 754 866 τραχεῖάν
795 812 922 851 τινα
944 797 1040 850 καὶ
1074 800 1354 872 προσάντη
1405 802 1499 855 καὶ
1530 801 1753 867 πολλαῖς
1788 802 1957 857 ἀκάν-

375 884 498 950 θαις
526 888 621 940 καὶ
646 887 869 958 σκόλοψι
918 891 1432 963 κατεστόρεσμένην
1474 892 1647 947 ίοῢσιν
1680 893 1821 960 ὁδὸν,
1878 888 1959 959 οἷς

377 976 669 1045 συμδαίνει
694 977 947 1050 ἀπείροις
990 982 1105 1043 τοῖς
1130 982 1194 1034 ἐκ
1222 981 1332 1035 τῶν
1362 983 1818 1053 διαπταισμάτων
1856 984 1959 1056 τῆς

373 1067 641 1137 ἀϐλεψίας
670 1068 961 1134 κινδύνοις,
988 1072 1085 1125 καὶ
1114 1073 1437 1144 ἀνηκέστοις
1453 1073 1670 1139 ὀδύναις
1696 1075 1956 1147 περιπειυ

379 1158 566 1228 ρεσθαι
600 1174 614 1188 ·
647 1156 790 1212 οὕτω
823 1159 933 1231 γὰρ
953 1162 1048 1213 καὶ
1077 1161 1232 1215 αὐτοὶ
1260 1164 1329 1233 τῇ
1367 1162 1532 1233 ἀχλύῖ
1560 1164 1661 1235 τῆς
1695 1163 1956 1230 ἀπιστίας

372 1251 512 1321 ὁμοῦ
539 1251 634 1304 καὶ
659 1251 897 1321 ἀμαθίας
928 1253 1347 1324 περιπεσόντες,
1379 1256 1475 1310 καὶ
1524 1255 1741 1310 πλείοσι
1781 1274 1955 1329 προσ-

376 1348 628 1417 κόμμασι
649 1347 973 1419 δυσφημιῶν
1001 1349 1096 1403 καὶ
1124 1348 1358 1421 ὕϐρεων,
1414 1345 1491 1405 ὧν
1521 1352 1665 1407 κατὰ
1715 1352 1816 1423 τῆς
1860 1352 1957 1408 τοῦ

375 1437 631 1509 Σωτῆρος
660 1439 974 1509 οἰκονομίας
1011 1438 1202 1511 ῶσπερ
1233 1440 1419 1505 λίθους
1447 1442 1498 1495 οί
1542 1441 1777 1507 τάλανες
1830 1440 1957 1514 βάλ-

2065 624 2229 680 duam
2255 624 2550 694 multisque
2583 624 2755 694 spinis
2798 624 3133 695 sudibusque
3169 627 3426 683 refertam
3462 622 3642 686 teruitt

2066 715 2233 781 viam,
2263 716 2462 785 quibus
2491 715 2677 785 utique
2706 716 2963 772 usuvenit
2993 727 3053 771 ut
3079 717 3306 773 inﬁnitis
3349 719 3640 787 prolaben-

2067 809 2139 863 tis
2188 808 2449 864 caecitatis
2504 808 2767 879 periculis
2822 817 2878 864 et
2937 808 3294 866 intolerandis
3362 811 3642 868 doloribus

2067 895 2399 968 afﬂigantur.
2425 899 2517 957 Sic
2541 908 2596 954 et
2621 898 2710 954 isti
2736 900 3141 957 incredulitatis
3180 902 3517 972 inscitiaeque
3535 914 3647 959 sua:

2066 988 2299 1060 caligine
2348 988 2694 1058 circumfusi,
2726 991 2994 1062 pluraque
3031 991 3356 1050 odendicula
3389 994 3645 1065 blasphe-

2064 1080 2293 1136 miarum
2327 1090 2382 1137 et
2422 1082 2745 1153 injuriarum
2794 1085 3141 1142 incurrentes
3162 1126 3177 1155 ,
3228 1103 3351 1159 quae
3384 1088 3488 1158 ipsi
3521 1098 3647 1144 tan-

2064 1185 2230 1241 quam
2293 1171 2500 1242 lapides
2561 1186 2757 1230 contra
2822 1175 3132 1234 Servatoris
3198 1181 3643 1236 bnmanationem

2052 1259 2291 1335 jaciunt.
2317 1263 2528 1332 peccati
2558 1264 2766 1321 aculeis
2796 1267 3005 1321 animas
3051 1283 3200 1331 suas.
3230 1280 3416 1340 utpote
3449 1270 3542 1338 qui
3576 1273 3644 1325 τι

2067 1354 2373 1409 rectissima
2396 1370 2541 1411 verte
2583 1356 2863 1428 religionis
2885 1357 3143 1429 dogmata
3165 1365 3452 1416 caecutinnt
3477 1402 3494 1428 ,
3527 1361 3648 1418 sine

2066 1444 2230 1499 dubio
2262 1446 2572 1504 vulnerant.

373 1529 562 1583 λουσιν
602 1529 905 1594 ὲναλόντες,
934 1532 1053 1593 ταῖς
1082 1531 1237 1585 ἀκίσι
1280 1533 1382 1603 τῆς
1419 1532 1698 1605 ἁμαρτίας
1720 1576 1735 1599 ,
1780 1534 1878 1597 τὰς
1928 1532 2134 1606 ψυχὰς,
2169 1533 2369 1610 οἷάπερ
2394 1540 2530 1613 πρὸς
2556 1542 2626 1597 τὰ
2666 1542 2941 1597 εὐθύτατα
2972 1544 3075 1613 τῆς
3120 1544 3407 1608 εὐσεϐείας
3447 1546 3648 1599 dmu-

376 1621 718 1692 φλώττοντες
739 1621 1009 1693 δόγματα,
1045 1625 1365 1695 περιφανῶς
1395 1626 1956 1700 κατατιτρώσκονται.

446 1715 549 1787 οβ’.
592 1716 750 1770 Ἀλλὰ
780 1716 851 1769 τὰ
886 1717 984 1787 μὲν
1010 1717 1153 1772 κατὰ
1187 1719 1413 1785 Μωσέα,
1453 1721 1548 1774 καὶ
1592 1720 1662 1775 τὰ
1710 1720 1818 1775 τῶν
1855 1738 1962 1774 πα-

375 1809 548 1865 λαιῶν
578 1810 803 1862 ἐκείνων
828 1810 1004 1880 πέρας
1041 1812 1213 1880 ἐχέτω
1243 1828 1256 1841 ·
1300 1814 1394 1865 ἐπὶ
1415 1812 1471 1867 δὲ
1494 1814 1563 1867 τὰ
1604 1813 1821 1877 πολλοῖς
1865 1812 1961 1866 ὐσ-

374 1920 534 1973 τερον
559 1902 774 1974 χρόνοις
798 1902 941 1955 κατὰ
969 1905 1068 1973 τὴν
1110 1904 1385 1960 Ἰουδαίων
1434 1907 1798 1978 περιφάνειαν
1833 1908 1959 1960 ἐπί-

377 2011 534 2065 σημα
574 1993 670 2047 νῦν
695 1988 812 2064 εἶμι
839 2011 854 2027 ·
886 1994 1281 2063 δεδοξασμένος
1320 1998 1349 2049 6
1400 1998 1750 2068 Σολομῶντος
1800 1997 1959 2065 νεὼς,

380 2087 499 2150 πῶς
520 2086 627 2156 γὰρ
659 2085 751 2152 οὓς
785 2086 907 2158 ἐπεὶ
933 2085 1069 2138 Θεοῦ
1101 2082 1249 2150 οἶκος
1277 2088 1373 2140 καὶ
1401 2088 1564 2153 αὐτὸς
1613 2091 1708 2143 καὶ
1737 2090 1964 2158 διάταγ-

385 2196 482 2250 μα,
517 2180 608 2232 καὶ
632 2179 819 2249 ἡλίκος
856 2181 1062 2241 ἐκεῖνος
1091 2176 1187 2231 τοῦ
1244 2179 1411 2248 σοφοῦ
1452 2182 1547 2236 καὶ
1581 2183 1876 2252 κρατίστου
1928 2183 1958 2236 6

385 2270 750 2342 παμποίκιλος
787 2274 880 2325 καὶ
901 2270 1187 2340 διαϐόητος
1216 2270 1379 2343 δόμος
1402 2291 1416 2305 ·
1450 2276 1545 2327 καὶ
1575 2275 1626 2328 τί
1655 2276 1766 2346 γὰρ
1796 2277 1829 2348 ἢ
1861 2277 1962 2329 Σο-

382 2363 650 2431 λομῶντος
677 2363 870 2434 ἕργον;
906 2359 1192 2433 φιλοτιμίᾳ
1227 2362 1334 2435 γὰρ
1362 2363 1458 2417 καὶ
1487 2364 1815 2437 πολυτελείᾳ
1866 2368 1964 2419 καὶ

377 2454 700 2525 ἀναλώμασι
746 2454 1025 2518 πλείστοις
1075 2457 1223 2521 ὅσοις
1272 2456 1690 2529 ἀποχρώμενος,
1724 2457 1828 2531 τῆς
1874 2458 1962 2512 ἐπ’

376 2546 528 2618 αὐτῴ
558 2548 813 2612 εὐκλείας
842 2549 937 2601 καὶ
964 2547 1124 2620 δόξης
1158 2550 1235 2617 ὡς
1259 2552 1458 2620 ἄριστα
1489 2553 1838 2621 μετεποιεῖτο
1854 2548 1962 2604 τῶν

376 2641 820 2713 σπουδασμάτων
850 2660 864 2673 ·
912 2639 1032 2697 εἶτα
1080 2643 1275 2714 ἐπειδὴ
1328 2644 1536 2707 ὲκείνος
1569 2643 1871 2715 καθῄρητο,
1934 2644 1964 2695 6

379 2735 500 2807 μετ’
529 2736 736 2788 ἐκεῖνον
780 2736 1164 2804 ἀνιστάμενος,
1210 2734 1336 2807 δόξῃ
1379 2735 1475 2791 καὶ⁵
1504 2736 1855 2808 λαμπρότητι
1884 2737 1965 2789 ol-

372 2824 640 2895 κοδομίας
663 2842 720 2878 τε
760 2825 989 2888 εἵνεκεν,
1030 2826 1125 2878 καὶ
1168 2824 1276 2879 τῶν
1301 2826 1479 2881 ἄλλων
1511 2826 1685 2898 δήπου
1722 2843 1965 2898 περιφα-

378 2916 639 2988 νέστερος
665 2916 973 2987 διεφαίνετο
995 2933 1010 2949 ·
1043 2916 1281 2987 δηλώσει
1315 2919 1374 2973 δὲ
1404 2920 1498 2973 καὶ
1549 2921 1577 2973 6
1619 2920 1963 2991 προφητικδς

372 3009 552 3065 ταῦτα
574 3009 750 3080 λόγος·
784 3010 1033 3081 Μεγάλη
1063 3010 1198 3084 γὰρ,
1229 3013 1399 3083 φησὶν
1424 3054 1439 3079 ,
1482 3010 1658 3065 ἔσται
1713 3014 1752 3081 ἠ
1812 3011 1965 3078 δόξα

370 3104 485 3160 τοῦ
513 3104 685 3160 οἴκου
725 3107 941 3161 τούτου
971 3107 1010 3176 ἠ
1040 3105 1272 3177 ἐσχάτη
1299 3104 1453 3173 ὑπὲρ
1505 3103 1623 3173 τὴν
1669 3102 1912 3173 πρώτην
1942 3120 1957 3134 °

2144 1721 2232 1777 72.
2295 1720 2548 1779 Sedenim
2600 1722 2669 1779 de
2712 1723 2874 1780 rebus
2918 1724 3122 1797 Moysis
3154 1726 3493 1797 aliorumque
3535 1730 3650 1799 pri-

2067 1827 2306 1879 scorum,
2342 1799 2637 1883 hactenus;
2668 1825 2834 1886 atque
2864 1817 2931 1870 ad
2973 1817 3077 1870 alia
3114 1817 3299 1872 multis
3329 1827 3452 1887 post
3486 1834 3651 1873 saecu-

2064 1906 2167 1974 lis,
2224 1906 2533 1963 Judaaorum
2579 1910 2739 1965 rebus
2805 1907 3140 1977 ﬂorentibus,
3208 1913 3439 1981 insignia
3498 1929 3647 1966 nunc

2066 2007 2303 2053 transeo.
2347 1997 2656 2056 Gloriosum
2685 1999 2787 2053 fuit
2832 1999 3143 2056 Salomonis
3184 2004 3485 2071 templum;
3523 2004 3647 2069 quis

2068 2090 2262 2160 neget?
2298 2091 2555 2159 quoniam
2602 2102 2657 2146 et
2700 2092 2795 2147 Dei
2829 2093 3021 2147 domus
3052 2102 3201 2161 erat,
3236 2106 3290 2149 et
3322 2110 3390 2150 eo
3421 2095 3649 2164 jubentc

2065 2181 2417 2237 aedificatum.
2453 2182 2645 2248 Quale,
2674 2184 2919 2252 inquam,
2946 2183 3049 2238 fuit
3077 2185 3341 2253 sapientis
3375 2188 3648 2255 potentis-

2066 2273 2301 2343 simique
2330 2274 2473 2343 regis
2515 2272 2925 2327 ornatissimum
2958 2284 3013 2330 et
3056 2276 3470 2332 celeberrimum
3515 2279 3647 2333 aedi-

2067 2366 2287 2421 ﬁcium?
2314 2365 2598 2431 Quomodo
2616 2368 2773 2421 enim
2808 2367 2964 2422 aliter
2993 2384 3053 2422 se
3092 2369 3315 2423 haberet
3339 2369 3649 2425 Salomonis

2066 2458 2246 2529 opus?
2276 2456 2651 2514 Muniticentia
2678 2461 2825 2514 enim
2852 2469 2907 2514 et
2931 2459 3127 2529 Opibus
3170 2470 3225 2515 et
3260 2461 3507 2529 impensa
3538 2461 3652 2530 plu»

2068 2551 2205 2605 rima
2237 2560 2423 2615 utens,
2463 2551 2531 2605 ad
2566 2548 2726 2607 fatuae
2766 2566 2879 2606 suae
2912 2552 3208 2623 gloriaeque
3262 2553 3423 2623 digna
3470 2554 3648 2609 studia

2067 2644 2438 2702 incumbebat.
2506 2644 2717 2699 Deinde
2760 2651 2942 2699 vetere
2989 2645 3107 2699 hoc.
3138 2648 3457 2709 destructo.
3518 2645 3647 2700 illud

2067 2737 2211 2806 quod
2258 2745 2445 2806 postea
2495 2738 2815 2790 suscitatam
2874 2735 2996 2802 fuit,
3045 2735 3215 2804 gloria
3257 2746 3314 2792 et
3360 2743 3650 2792 structura
3748 2786 3753 2793 .

2067 2827 2360 2898 majestate
2398 2826 2612 2881 caeteris
2644 2825 2911 2881 illustrius
2955 2825 3127 2880 visum
3168 2838 3288 2891 est;
3325 2841 3487 2895 quam
3535 2842 3647 2879 rem

2067 2918 2415 2989 propheticus
2438 2932 2624 2973 sermo
2656 2916 2987 2973 testabitur:
3020 2917 3220 2985 Magna
3254 2921 3417 2983 enim,
3448 2920 3649 2985 inquit,

2067 3012 2169 3066 erit
2205 3010 2596 3080 gloriwdomus
2624 3010 2783 3081 hujus
2825 3011 3130 3076 nouissima,
3163 3027 3275 3080 pra:
3321 3011 3415 3064 illa
3447 3014 3647 3078 priore.

2067 3102 2139 3158 Et
2168 3104 2265 3158 hoc
2310 3104 2367 3158 in
2416 3103 2530 3158 loco
2561 3119 2743 3173 pacem
2794 3105 2951 3169 dabo,
2999 3104 3076 3157 ait
3114 3101 3374 3158 Dominus
3413 3105 3651 3166 amnipo-

373 3196 478 3253 καί
505 3198 575 3251 ἐν
606 3199 689 3263 τῷ
716 3199 875 3267 τόπῳ
899 3200 1090 3263 τούτῳ
1118 3198 1291 3253 δώσω
1319 3197 1595 3265 είρήνην,
1618 3198 1796 3266 ,λέγει
1840 3197 1961 3251 Κύ-

2073 3208 2202 3265 tena,
2249 3206 2300 3253 et
2343 3214 2526 3267 pacem
2565 3198 2760 3253 animm
2797 3199 2868 3252 ad
2898 3198 3298 3268 acquisitioncm
3346 3197 3487 3251 omni
3519 3198 3651 3251 ωιιὶφ

364 3307 502 3360 ριος
523 3289 971 3359 παντοκράτωρ,
1017 3290 1118 3343 καί
1150 3287 1400 3359 εἰρήνην
1425 3286 1635 3357 ψυχῆς
1663 3290 1750 3354 εἰς
1797 3304 1962 3356 περι-

371 3383 633 3450 ποίησιν
664 3381 847 3437 παντί
893 3380 974 3448 τῷ
1004 3380 1262 3443 κτίζοντι
1300 3381 1408 3436 τοῦ
1455 3380 1801 3449 ἀναστῆσαι
1852 3380 1964 3435 τὸν

372 3474 532 3529 ναὸν
558 3474 796 3529 τοῦτον.
858 3471 1116 3543 Είρηκὼς
1166 3473 1346 3527 τοίνυν
1383 3474 1412 3526 6
1470 3472 1617 3535 θεῖος
1674 3473 1964 3544 προφήτης

372 3564 459 3637 τῷ
488 3563 831 3636 συγκριτικῷ
859 3564 955 3618 τοῦ
982 3564 1143 3633 λόγου
1174 3567 1526 3637 χρησάμενος
1555 3564 1826 3635 σχήματι,
1853 3562 1963 3615 ἐδί-

370 3657 706 3727 ὼξενὴμᾶς
740 3655 1218 3728 ὲπιψήφιζόμενος
1266 3658 1363 3710 καὶ
1415 3658 1515 3727 τὴν
1546 3656 1642 3709 τοῦ
1692 3654 1962 3726 προτέρου

370 3750 528 3803 οἴκου
580 3747 791 3814 ἔνδοξον
834 3749 1191 3821 ὑπάρχουσαν
1240 3749 1538 3819 διασκευήν
1578 3764 1591 3778 ·
1632 3746 1819 3818 ἐπειδὴ
1857 3747 1966 3818 γάρ

374 3860 513 3897 ποτε
546 3843 917 3914 πεπαρῴνηκε
942 3844 1041 3896 καὶ⁹
1086 3842 1398 3914 ἐξήμαρτεν
1450 3843 1530 3905 είς
1559 3841 1651 3895 τὸν
1702 3840 1967 3894 κτίσαντα

372 3953 440 3992 τε
471 3936 567 3990 καὶ
594 3935 989 4006 εὐεργετοῦντα
1017 3935 1149 3989 Θεὸν
1184 3934 1401 3989 ὀπάλαι
1439 3933 1782 4004 Ἰσραηλίτης
1814 3932 1964 3997 λαὸς,

374 4028 491 4084 τῶν
540 4027 807 4083 δοθέντων
869 4027 1019 4099 αὐτῷ
1063 4029 1153 4082 διὰ
1202 4027 1447 4090 Μωσέως
1505 4025 1966 4098 κατολιγωρήσας

378 4122 624 4192 θεσμῶν,
660 4122 982 4193 παράνομον
1010 4121 1066 4175 δὲ
1105 4120 1295 4192 βιοτὴν
1343 4120 1439 4174 καὶ
1473 4118 1593 4189 Θεῷ
1654 4118 1968 4189 ἁπᾲδουσςιν
2014 4136 2019 4142 ·

377 4214 483 4284 τῆς
512 4214 913 4285 νενομισμένης
948 4208 1358 4284 ἀνθῃρημένος,
1390 4210 1669 4280 λελύπηκε
1687 4211 1784 4297 την
1816 4210 1967 4264 θείαν

375 4308 560 4378 δίκην,
597 4305 772 4377 ταύτῃ
802 4323 886 4359 τοι
916 4306 1011 4359 καὶ
1058 4305 1128 4358 τὰ
1158 4308 1223 4359 ὲκ
1273 4308 1370 4375 τῆς
1404 4303 1614 4358 ἄνωθεν
1670 4302 1839 4373 ὀργῆς
1886 4304 1969 4356 δι-

383 4401 551 4469 έφερε
584 4398 845 4469 δυσχερῆ,
880 4399 976 4451 καὶ⁵
1026 4397 1181 4460 δίκας
1209 4396 1338 4461 τῶν,
1359 4394 1768 4467 ἡμαρτημένων
1800 4395 1967 4448 ἐδίδο-

382 4510 517 4547 σαν·
546 4491 795 4563 πολέμιοι
817 4494 928 4565 γὰρ
959 4493 1103 4545 κατὰ
1124 4491 1417 4561 διαφόρους
1454 4491 1701 4551 ἐπιόντες
1718 4489 1966 4559 χρόνους,

2068 3288 2275 3359 ﬁcanti,
2300 3290 2363 3344 ob
2388 3290 2485 3344 hoc
2517 3288 2767 3359 tentplum
2796 3289 3166 3345 suscitandum
3186 3288 3257 3346 ⁸⁸.
3291 3288 3382 3345 Sic
3409 3305 3540 3359 ergo
3572 3291 3652 3345 lo-

2070 3389 2232 3437 cutus
2276 3382 2434 3437 divus
2480 3381 2742 3453 propheta
2765 3384 2789 3446 ,’
2829 3383 3196 3451 comparativa
3230 3382 3447 3437 dicendi
3480 3383 3651 3451 ligura

2074 3485 2230 3547 usus,
2250 3470 2452 3526 docuit
2474 3484 2595 3537 nos,
2618 3471 3185 3540 .conlirmansprioris
3212 3486 3429 3542 quoque
3448 3473 3650 3541 .templi

2073 3562 2366 3632 gloriosam
2409 3562 2579 3619 fuisse
2621 3573 2973 3620 structuram.
3022 3564 3318 3633 Postquam
3377 3564 3520 3618 enim
3577 3564 3657 3617 iu-

2072 3656 2238 3711 saniit
2267 3657 2623 3727 peccavitque
2664 3656 2923 3712 adversus
2974 3658 3295 3711 Creatorem
3351 3654 3656 3710 benefacto-

2074 3761 2302 3816 remque
2345 3748 2509 3801 Deum
2558 3748 2771 3818 priscus
2810 3747 3061 3819 populus
3101 3745 3435 3804 Israeliticus
3464 3790 3480 3816 ,
3531 3754 3655 3805 data

2074 3840 2175 3895 sibi
2212 3855 2241 3893 a
2286 3839 2471 3911 Moyse
2502 3841 2798 3896 constituta
2835 3841 3134 3912 negligens,
3172 3842 3404 3911 vitaque
3459 3843 3658 3912 iniqua

2074 3948 2245 4004 genus
2288 3932 2507 4004 Deoque
2556 3935 2823 3989 absonum
2874 3950 2971 4005 pro
3024 3934 3184 4005 legali
3233 3933 3394 4007 247
3450 3935 3655 4006 elegit,

2077 4026 2315 4082 divinam
2352 4027 2697 4082 contristavit
2712 4028 3000 4096 justitiam,
3026 4028 3259 4099 ideoque
3280 4043 3531 4097 supernae
3563 4029 3660 4083 ira

2078 4118 2336 4175 molestos
2367 4127 2625 4191 expertus
2670 4130 2753 4175 est
2796 4118 3041 4187 eﬂ‘ectus,
3080 4130 3138 4174 et
3174 4136 3362 4191 pinnas
3401 4131 3660 4190 peccatu-

2079 4224 2198 4263 rum
2237 4210 2354 4264 luit.
2405 4209 2601 4265 llostes
2632 4211 2774 4266 enim
2821 4212 3055 4266 diversis
3100 4213 3413 4282 ingruentes
3452 4221 3663 4281 tempe.

2079 4300 2229 4355 ribus
2275 4301 2437 4356 urbes
2492 4317 2614 4355 cum
2660 4302 2852 4357 incolis
2892 4303 3260 4372 diripuerunt.
3317 4303 3662 4375 QuaprOpter

2076 4396 2177 4448 sub
2204 4394 2453 4448 barbaris
2484 4395 2732 4449 hostibus
2752 4396 3061 4461 constituti,
3092 4406 3147 4450 et
3185 4413 3214 4451 a
3246 4398 3434 4465 patriis
3462 4398 3662 4452 ritibus

2081 4488 2339 4553 submoti,
2378 4488 2610 4541 alienam
2644 4486 2919 4556 regionem
2974 4488 3222 4542 habitare
3251 4490 3448 4559 captivi
3483 4492 3661 4545 coacti

376 4585 721 4656 αὐτάνδρους
748 4584 847 4647 τὰς
878 4583 1060 4647 πόλεις
1081 4583 1262 4637 αὐτῶν
1286 4580 1610 4653 ἀνήρπαζον
1637 4598 1650 4611 ο
1697 4581 1802 4633 ὐπὸ
1830 4580 1968 4651 βαρ-

2076 4587 2222 4633 suut.
2274 4579 2571 4648 Supremas
2615 4580 2800 4650 itaque
2844 4596 3037 4649 ptenas
3065 4582 3367 4649 dederunt,
3399 4599 3522 4638 cum
3564 4599 3662 4639 eos

379 4680 577 4750 ὀάροις
621 4679 754 4748 γοῦν
804 4678 1026 4748 ἐχθροῖς
1070 4677 1378 4748 γενόμενοι,
1436 4676 1533 4730 καὶ
1563 4674 1673 4728 τῶν
1719 4675 1967 4746 πατρίων

376 4771 523 4825 ὲθῶν
584 4772 1065 4841 μετανιστάμενοι,
1118 4770 1216 4840 τὴν
1268 4768 1562 4839 ἀλλοτρίαν
1622 4767 1887 4837 νέμεσθαι
1918 4768 1966 4819 oi

377 4862 700 4938 δορίληπτοι
731 4862 1155 4926 κατεδικάζοντο
1181 4880 1196 4895 ·
1254 4861 1498 4931 ὐστάτην
1552 4856 1647 4915 οὖν
1692 4860 1969 4932 τιμωρίαν

382 4953 658 5019 ἐξέτισαν,
689 4954 851 5007 ὁπότε
882 4954 1199 5024 ἐπέστησαν
1234 4950 1601 5016 Βαϐυλώνιοι,
1640 4951 1736 5005 καὶ
1779 4953 1812 5022 ἡ
1872 4968 1971 5004 πε-

380 5049 608 5120 ρίοπτος
632 5045 822 5117 ἐκείνη
851 5048 947 5101 καὶ
972 5045 1384 5117 πολυθρύλητος
1413 5043 1569 5109 πόλις
1621 5043 1969 5116 πορθουμένη

378 5136 786 5209 κατέστραπτο,
822 5137 890 5191 τά
918 5152 978 5189 τε
1015 5135 1324 5206 περικαλλῆ
1372 5134 1542 5205 αὐτῆς
1571 5136 1667 5189 καὶ
1699 5135 1973 5204 κράτιστα

377 5230 612 5304 δώματα
670 5232 1018 5305 βαρϐαρικοῦ
1074 5231 1247 5302 πυρὸς
1286 5231 1509 5301 ἐγένετο
1561 5231 1970 5302 παρανάλωμα,

378 5327 454 5378 τά
477 5341 537 5378 τε
580 5323 827 5395 βασίλεια
865 5325 961 5377 καὶ
1011 5324 1041 5376 6
1073 5321 1425 5392 περιώνυμος
1474 5320 1568 5375 τοῦ
1620 5321 1970 5392 Σολομῶντος

383 5414 524 5479 νεὼς
571 5415 981 5488 συγκαθῄρητο,
1014 5416 1110 5469 καὶ
1154 5414 1223 5469 τὰ
1275 5414 1407 5485 παρ’
1456 5415 1641 5477 αὐτοῖς
1675 5413 1808 5483 ἅγια
1864 5413 1970 5467 ὐπὸ

381 5510 548 5581 χερσὶ
581 5508 831 5581 βεδήλοις
858 5509 968 5562 τῶν
997 5508 1210 5579 ἐχθρῶν
1240 5507 1541 5577 διεφέρετο*
1573 5506 1727 5571 θείας
1758 5506 1817 5561 δὲ
1843 5505 1971 5575 φιλ-

383 5601 705 5673 ανθρωπίας
751 5602 1119 5674 τετυχηκότες
1172 5604 1227 5656 ol
1285 5601 1632 5682 ta}wx6:eg,
1690 5602 1784 5654 καὶ
1841 5601 1969 5663 τοὺς

386 5692 595 5748 ἄνωθεν
631 5694 1079 5767 καθωρισμὲνους
1128 5694 1216 5749 ἐπ’
1238 5694 1423 5758 αὐτοῖς
1456 5692 1821 5759 ὲξανύσαντες
1868 5692 1967 5763 τῆς

463 5850 510 5879 ⁸⁸
541 5849 673 5920 Αέε.
711 5863 776 5918 ll,
816 5850 900 5906 N.

2079 4675 2331 4728 invasere
2391 4671 2708 4743 Babylonii,
2769 4683 2824 4728 et
2856 4676 3153 4744 conSpicua
3199 4676 3288 4731 illa
3343 4677 3663 4747 famosaque

2078 4763 2210 4817 urbs
2245 4772 2365 4832 post
2406 4763 2866 4833 expugnationem
2898 4778 3084 4819 eversa
3133 4764 3267 4832 fuit,
3300 4766 3522 4837 ejusque
3554 4770 3666 4836 pul-

2079 4855 2349 4908 cherrima
2381 4866 2435 4907 et
2475 4855 2678 4922 optima
2710 4854 2945 4909 aedilicia
2980 4856 3250 4912 barbarici
3305 4858 3443 4927 ignis
3482 4861 3660 4928 praeda

2080 4942 2318 5011 fuerunt,
2350 4956 2405 4999 et
2437 4946 2582 5013 regia
2617 4946 2841 5015 palatia,
2875 4956 2930 5002 ct
2962 4948 3143 5003 nobile
3176 4948 3487 5004 Salomonis
3533 4962 3692 5019 tem-,

2080 5039 2226 5109 plum
2275 5038 2438 5093 simul
2490 5040 2733 5108 periere,
2789 5040 3016 5111 ejusque
3065 5028 3372 5097 rcs‘sacra:
3420 5022 3691 5113 profanis!

2079 5129 2312 5184 hostium
2335 5131 2584 5185 manibus
2607 5132 2883 5188 distractae
2904 5142 3053 5188 sunt.
3078 5131 3455 5188 Verumtamen
3479 5103 3690 5220 divina

2082 5222 2369 5291 impetrata
2396 5222 2683 5278 clementia
2700 5225 2924 5294 captivi,
2948 5235 3234 5296 postquam
3262 5241 3500 5295 superne
3530 5227 3664 5297 ipsis

2076 5319 2339 5388 praeﬁnita
2383 5320 2495 5388 jam
2541 5330 2838 5391 cxcgerant
2876 5322 3216 5391 captivitatis
3250 5331 3516 5391 tempora,
3548 5324 3666 5377 vin-

2080 5412 2217 5466 culis
2246 5422 2372 5467 sunt
2404 5414 2613 5480 emissi,
2646 5414 3065 5483 libertatemque
3098 5414 3277 5469 denuo
3316 5425 3660 5483 receperunt,

2078 5517 2132 5561 ct
2186 5507 2420 5576 patrium
2480 5507 2653 5562 solum
2722 5491 3023 5562 incolumes
3073 5518 3487 5574 recuperarunt,
3544 5522 3666 5575 pro-

2081 5599 2323 5668 priisque
2348 5601 2575 5656 ducibus
2607 5609 2770 5670 atque
2814 5600 3182 5670 principibus,
3223 5599 3378 5669 juxta
3434 5600 3664 5669 prmvias

2082 5692 2396 5760 prophetias
2453 5693 2534 5749 usi
2599 5702 2757 5757 sunt;
2814 5708 2922 5763 quo
2981 5706 3223 5765 tempore
3272 5706 3324 5750 et
3362 5693 3666 5750 Zurobabel
