3994 6418
350 352 458 416 ’ἒῖθ

1208 325 1779 412 llPOLOGETlCUS
1817 345 1967 406 PRO
2002 347 2270 408 SACRIS
2306 339 2792 405 IMAGINIBUS-

3516 323 3623 389 790

360 478 497 532 μενα
519 476 533 491 ο
574 460 647 525 ὡς
680 459 736 515 εἴ
759 479 847 527 τις
868 460 1090 533 ἀριθμῷ
1116 459 1392 514 διαλαϐεῖν
1414 457 1478 511 rb
1504 455 1708 525 πλῆθος
1758 453 1939 508 αὐτῶν
1970 470 1992 528 Α

2079 450 2194 521 elit,
2226 455 2395 510 maris
2439 465 2659 507 arenam
2690 463 2749 503 se
2772 438 3061 501 numerare
3095 442 3375 499 incautum
3402 434 3620 494 sentiet,

360 552 662 624 ὶθελήσειε,
690 552 852 608 λάθοι
884 553 952 607 ἂν
985 553 1178 607 ἑαυτὸν
1209 552 1309 622 τὴν
1336 550 1429 604 ἐπὶ
1469 548 1748 619 θαλάσσης
1790 546 1941 617 ψάμ-

365 661 465 714 μον
516 644 1091 716 ἀπαριθμούμενος,ῆ
1142 644 1253 697 τῶν
1306 642 1589 712 κυμάτων⁴
1626 638 1798 692 ἐπιὼν
1845 636 1943 709 τὴν

363 735 736 790 ἐπανάστασιν
759 754 775 769 ·
800 737 1024 809 χάριτος
1075 736 1131 789 δὲ
1183 735 1391 803 ὁπόσης
1419 734 1513 787 καὶ
1546 731 1821 801 ἁγιασμοῦ
1849 730 1945 784 δα-

360 826 534 895 ψιλῶς
577 827 727 890 ὅπως
775 828 871 880 καὶ
904 826 1179 889 πλουσίως
1225 824 1610 897 μετειληχότες
1661 821 1943 893 βρύουσιν,

360 916 485 969 οὐδὲ
518 916 916 987 παρεξετάζειν
956 918 1095 981 ὅλως
1126 917 1323 988 ἐκείνῳ
1353 916 1577 988 θεμιτόν
1599 937 1612 947 ·
1650 916 1743 969 καὶ
1773 914 1948 968 ταῦτα

360 1008 516 1077 δηλοῖ
548 1007 660 1061 τῶν
686 1009 1031 1080 πραγμάτων
1066 1012 1100 1081 ἡ
1147 1008 1379 1079 ἀλήθεια
1413 1023 1426 1038 ·
1461 1009 1530 1063 τὰ
1564 1008 1619 1061 δὲ
1658 1007 1829 1071 οὕτως
1862 1006 1949 1059 έν-

363 1099 484 1165 θεα,
524 1101 621 1154 καὶ.
655 1100 767 1154 τῶν
792 1100 1022 1166 ἐνδόξων
1062 1100 1400 1173 ἐνδοξότερα,
1433 1103 1529 1155 καὶ
1572 1100 1683 1152 τῶν
1732 1099 1950 1169 θαυμα-

2048 546 2129 602 vel
2158 544 2479 601 ﬂuctuantes
2517 541 2689 596 undas
2717 549 3025 594 recensere.
3057 533 3268 601 Quanta
3297 540 3476 585 autem
3504 540 3629 599 gra-

2050 638 2120 693 tia
2155 646 2208 691 et
2248 634 2537 691 sanctitate
2595 632 2815 702 copiose
2865 626 3253 693 alﬂuenterque
3283 621 3546 691 fulgeant,
3575 617 3627 671 id

2052 747 2118 785 nc
2145 728 2450 798 comparari
2480 726 2702 796 quidem
2746 720 2976 790 antiquo
3021 718 3097 772 illi
3132 715 3277 770 licet.
3315 714 3490 780 Atque
3525 712 3626 764 hoc

2052 838 2232 877 rcrum
2287 821 2488 875 veritas
2515 816 2775 873 ostendit.
2812 811 3009 867 Verum
3052 810 3105 865 hi
3159 820 3266 862 tam
3318 801 3541 864 eximia,
3575 807 3637 853 et

2053 914 2301 987 gloriosis
2318 914 2662 984 gloriosiora,
2676 924 2742 965 ac
2758 906 3097 963 mirabilibus
3117 897 3448 955 mirabiliora
3472 895 3628 962 igne-

2054 986 2173 1059 rant
2209 1020 2454 1075 prorsus.
2483 1003 2596 1059 Cur
2648 1015 2799 1065 vero,
2833 1008 2926 1053 aut
2954 992 3269 1067 quomodo?
3294 989 3421 1061 quia
3491 986 3637 1041 inter

2054 1109 2301 1153 sanctum
2326 1105 2380 1149 et
2409 1093 2694 1166 profanum
2726 1107 2830 1146 non
2870 1089 3233 1159 distinguunt,
3270 1094 3444 1151 neque
3470 1077 3636 1133 intel-

366 1192 500 1246 σίων
551 1192 981 1265 θαυμασιώτερα
1024 1194 1304 1265 ἠγνόησαν
1347 1192 1628 1256 παντελῶς
1661 1211 1674 1225 ·
1711 1192 1829 1256 πῶς
1859 1193 1952 1245 καὶ

2079 1192 2231 1258 iguut
2266 1186 2465 1242 nullam
2499 1200 2623 1241 esse
2671 1182 3084 1239 conventionem
3126 1178 3219 1231 Dei
3274 1172 3479 1242 templo
3510 1184 3634 1226 cum

366 1284 489 1337 τίνα
520 1283 974 1354 τρόπον;ὲπειδὴ
1021 1283 1126 1339 ἀνὰ
1178 1285 1346 1354 μέσον
1399 1282 1558 1351 ἁγίου
1594 1284 1691 1336 καὶ
1720 1281 1951 1352 βεϐήλου

366 1374 429 1428 οὐ
457 1375 785 1455 διέστειλαν,
816 1376 938 1429 οὐδὲ
991 1376 1231 1446 συνῆκαν
1263 1376 1346 1430 ὅτι
1373 1374 1500 1428 οὒτε
1547 1374 1953 1443 συγκατάθεσις

368 1466 481 1537 ναῷ
527 1466 665 1520 Θεοῦ
713 1465 854 1537 μετὰ
898 1466 1154 1533 εἰδώλων,
1185 1467 1309 1520 οὐδὲ
1360 1466 1618 1520 κοινωνία
1648 1466 1788 1535 φωτὶ
1817 1464 1955 1536 πρὸς

333 1554 340 1559 ’
370 1560 581 1623 σκότος’
616 1560 719 1614 Διὰ
747 1561 927 1615 τοῦτο
951 1558 1377 1626 περιεϐάλοντο
1406 1557 1649 1614 ἀδικίαν
1677 1558 1779 1613 καὶ
1816 1557 1958 1613 ἀσέ-

368 1653 537 1706 ϐειαν
565 1650 821 1717 ἑαυτῶν,
848 1651 949 1706 καὶ
983 1650 1393 1719 διενοήθησαν
1419 1651 1518 1705 καὶ
1545 1650 1867 1719 ἐλάλησαν
1890 1650 1961 1704 ἐν

367 1745 653 1812 πονηρίᾳ,
678 1743 921 1798 ἀδικίαν
944 1746 1033 1809 εὶς
1077 1742 1145 1797 τὸ
1179 1743 1341 1813 ὕψος
1368 1743 1723 1811 ἐλάλησαν·
1755 1743 1831 1806 ὡς
1876 1743 1962 1796 οὐ·

2058 1281 2236 1343 ἰιΙυιίε,
2303 1292 2478 1347 neque
2524 1277 2630 1332 luci
2686 1289 2813 1331 cum
2872 1269 3113 1326 tenebris
3168 1263 3633 1321 communionem.

2057 1373 2264 1428 idcirco
2292 1371 2471 1428 obruti
2501 1378 2627 1425 sunt
2657 1366 2946 1437 iniquitate
2994 1373 3160 1429 atque
3200 1357 3478 1427 impietate
3511 1366 3631 1415 sua,

2058 1466 2421 1536 cogitaverunt
2474 1472 2522 1516 et
2586 1461 2747 1514 locuti
2784 1467 2905 1514 sunt
2963 1453 3270 1522 nequitiam,
3299 1449 3639 1518 iniquitatem

2061 1534 2247 1613 contra
2295 1554 2559 1611 excelsum
2618 1551 2778 1607 locuti
2832 1549 3120 1604 κατιεῖ-διε
3180 1540 3312 1595 nihil
3357 1538 3527 1608 magis
3587 1534 3640 1587 in

2063 1649 2267 1704 mundo
2294 1662 2457 1717 quam
2497 1657 2709 1714 turpem
2733 1639 3026 1708 voluptatis
3069 1636 3320 1689 morbum
3349 1625 3639 1697 exspiran-

2066 1751 2167 1805 tes,
2208 1739 2294 1793 vel
2324 1739 2505 1809 lingua
2540 1733 2888 1805 impudenter
2919 1731 2971 1785 in
3006 1728 3274 1785 idolorum
3339 1735 3525 1775 amore
3561 1720 3649 1774 in-

367 1833 458 1888 δέν
487 1851 539 1888 τι
589 1834 791 1905 μᾶλλον
839 1835 902 1889 τὸ
947 1836 1007 1889 ὲν
1049 1835 1245 1907 κόσμῳ
1279 1835 1484 1900 ἀδόξως
1515 1834 1803 1897 νοσοῦντες
1835 1834 1961 1901 φιλ-

2079 1833 2387 1897 sanientes;
2429 1828 2653 1885 cuilibet
2684 1836 2865 1880 autem
2921 1825 3147 1876 honesto
3196 1814 3425 1872 consilio
3485 1824 3646 1866 aures

369 1928 580 1998 ήδονον,
595 1927 628 1997 ἦ
646 1926 705 1981 rb
727 1925 1013 1999 ὲνξγλώττῃ
1034 1927 1294 1998 ἀκόσμως
1308 1927 1373 1999 λη
1384 1925 1963 1998 ροῦντεςφιλείδωλονο

370 2017 632 2083 καθάπαξ
673 2018 733 2073 δὲ
758 2022 897 2089 πρὸς
928 2020 1037 2073 πᾶν
1063 2017 1243 2073 ὁτιοῦν
1295 2019 1404 2073 τῶν
1437 2018 1622 2073 καλῶν
1661 2019 1762 2082 τὰς
1798 2018 1968 2081 ἀκοὰς

374 2110 816 2181 ἀποφράξαντες,
835 2109 958 2164 οὐδὲ
990 2108 1502 2180 τῶν-εὑαγγελικῶν
1527 2110 1795 2183 ῥημάτων
1829 2125 1933 2162 κατ
1951 2138 1965 2148 -

376 2201 595 2254 ακούειν
638 2200 946 2272 ἀνέχονται,
977 2202 1045 2255 δι’
1068 2196 1156 2255 ὧν
1189 2205 1302 2266 τοῖς
1348 2203 1691 2273 Φαρισαίοις,
1723 2200 1967 2269 νομικῶν

382 2295 819 2363 παρατηρήσεως]
848 2293 1059 2359 ἕνεκεν,
1100 2294 1247 2348 κατὰ
1289 2293 1400 2347 τῶν
1438 2292 1742 2347 θεσπεσίων
1795 2293 1962 2360 ἐγκα-

378 2383 532 2437 λοῦσι
572 2386 866 2457 μαθητῶν,
911 2388 1264 2457 ἐπιπλήττων
1299 2387 1328 2439 ὁ
1361 2387 1554 2456 Σωτὴρ
1612 2385 1797 2452 ἔλεγεν
1832 2400 1844 2413 ·
1888 2385 1964 2443 Ἦ

371 2475 490 2528 οὐκ
525 2473 822 2545 ἀνέγνωτε
852 2478 925 2532 ἐν
950 2478 1032 2542 τῷ
1067 2479 1252 2547 νόμῳ,
1275 2477 1363 2530 ὅτι
1398 2476 1523 2541 τοῖς
1560 2476 1860 2530 Σάϐϐασιν
1908 2476 1965 2528 ot

376 2566 556 2635 ἱερεῖς
593 2568 667 2622 ἐν
724 2566 805 2634 τῷ
840 2568 974 2637 ἱερῷ
1022 2569 1091 2623 τὸ
1134 2568 1441 2624 Σάϐϐατον
1479 2567 1838 2634 βεὸιιλοῦσι.
1865 2565 1967 2620 καὶ

375 2657 638 2712 ἀναίτιοί
668 2661 823 2724 εισις
854 2659 1021 2727 Λέγω
1049 2660 1117 2714 δέ
1144 2659 1287 2730 ὑμῖν
1311 2660 1409 2719 ὅτι,
1435 2658 1541 2712 τοῦ
1573 2659 1732 2727 ἱεροῦ
1755 2657 1970 2727 μείζων

377 2749 554 2803 ἐστίν
567 2743 882 2822 ὧδε.[Πρὸς
909 2750 967 2804 δέ
1050 2751 1214 2820 Λέγω
1236 2751 1303 2804 δὲ
1327 2749 1491 2819 ὑμῖν,
1519 2748 1609 2802 ὅτι
1629 2748 1730 2801 καί
1756 2747 1969 2815 ἄνδρες

381 2838 695 2894 Νινευῗται
719 2840 1178 2907 ἀναστήσονται
1210 2841 1281 2894 ἐν
1305 2840 1501 2908 κρίσει
1525 2842 1677 2907 μετὰ
1726 2837 1838 2905 τῆς
1880 2854 1972 2907 γε·

380 2928 531 2997 νεᾶς
560 2933 782 3000 ταύτης
801 2974 815 2996 ,
842 2934 940 2988 καὶ
974 2932 1447 3001 κατακρινοῦσιν
1475 2931 1694 2997 αὐτὴν,
1719 2930 1807 2983 ὅτι
1838 2946 1974 2999 μετ-

380 3026 655 3091 ενόησαν
676 3027 764 3092 εὶς
806 3024 871 3079 τὸ
926 3025 1202 3095 κήρυγμα
1247 3022 1439 3087 Ἰωνᾶ,
1463 3022 1566 3077 καὶ
1620 3021 1749 3076 ἰδοὺ
1782 3021 1977 3075 πλέον

398 3114 571 3172 Ἰωνᾶ
600 3110 740 3172 ὧδε.
784 3117 928 3188 Πρὸς
965 3117 1022 3172 δὲ
1048 3157 1065 3183 ,
1099 3119 1182 3171 ὅτι
1236 3116 1343 3172 Kal
1386 3116 1736 3181 ,βασίλισσα
1789 3113 1997 3173 νότου,

2064 1922 2286 1976 omnino
2316 1919 2644 1989 oppilantes,
2674 1931 2740 1969 ne
2767 1911 3078 1979 evangelica
3106 1906 3325 1978 quidem
3351 1904 3515 1958 verba
3546 1916 3645 1953 au-

2066 2013 2182 2067 dire
2204 2012 2496 2075 sustinent,
2530 2009 2726 2078 quibus
2743 2004 3060 2059 .Pharisazos
3084 2015 3207 2055 cum
3233 1997 3374 2052 divis
3404 1992 3650 2060 discipuu

2068 2106 2133 2160 lis
2156 2111 2381 2176 propter
2406 2102 2610 2173 legales
2637 2097 3048 2154 observationes
3075 2089 3487 2161 expostulantes
3512 2083 3645 2138 Ser-

2068 2174 2222 2251 vator
2251 2174 2592 2263 increpabat,
2624 2191 2813 2246 dicens
2845 2207 2861 2242 :
2893 2189 2994 2241 Aut
3026 2201 3130 2238 non
3189 2180 3389 2251 legistis
3431 2177 3484 2229 in
3513 2174 3647 2243 legs,

2070 2284 2209 2357 quod
2229 2283 2475 2340 Sabbatis
2501 2278 2802 2337 sacerdotes
2823 2278 2877 2331 in
2903 2275 3094 2344 templo
3123 2271 3412 2328 Sabbatum
3434 2263 3649 2324 violam,

2073 2391 2118 2434 et
2145 2389 2320 2432 tamen
2348 2378 2462 2432 sine
2481 2375 2701 2428 crimine
2754 2372 2921 2427 sunt?
2961 2370 3087 2423 Dico
3142 2377 3314 2419 autem
3344 2361 3505 2425 vobis,
3529 2357 3653 2428 quia

2076 2471 2269 2547 templo
2297 2467 2471 2538 major
2493 2477 2567 2520 est
2586 2467 2669 2520 hic
2696 2465 2762 2522 ”.
2800 2464 2931 2517 Item
2960 2478 2975 2516 :
3015 2459 3127 2513 Viri
3159 2456 3413 2515 Niniriia:
3437 2466 3610 2520 surget
3635 2457 3654 2499 t

2077 2544 2130 2616 in
2172 2561 2383 2631 judicio
2435 2576 2551 2613 cum
2602 2559 2931 2628 generatione
2989 2553 3092 2607 ista
3137 2559 3187 2604 et
3237 2544 3655 2601 condemnabam

2078 2670 2214 2720 eam,
2230 2654 2356 2724 quia
2376 2651 2739 2721 paenitentiam
2760 2655 2975 2717 egerunt
2998 2646 3055 2698 in
3074 2637 3451 2712 pradicatiane
3476 2631 3658 2695 Iona;

2071 2755 2119 2798 et
2147 2723 2263 2798 ecce
2294 2743 2417 2810 plus
2441 2758 2597 2813 quam
2624 2737 2796 2793 Jonas
2822 2738 2927 2792 hic.
2966 2737 3100 2790 ltetu
3131 2751 3145 2789 :
3178 2733 3308 2785 Dico
3331 2726 3497 2788 vobis,
3527 2723 3657 2794 quia

2077 2837 2254 2907 regina
2315 2835 2487 2889 austri
2548 2841 2720 2903 surget
2776 2832 2830 2884 in
2888 2828 3097 2899 judicio
3136 2825 3391 2877 adversus
3437 2828 3660 2887 genera—

2075 2933 2268 2983 tionem
2300 2929 2455 2992 Itanc,
2494 2938 2541 2981 et
2572 2922 2942 2980 condemnabit
2964 2933 3117 2981 eam;
3142 2918 3271 2985 quia
3299 2912 3441 2966 venit
3470 2924 3505 2961 α
3534 2906 3659 2975 ﬁni-

2075 3022 2170 3074 bus
2201 3030 2355 3075 terra:
2383 3019 2576 3072 audire
2604 3016 2919 3083 sapientiam
2956 3007 3296 3070 Salomonis;
3320 3014 3367 3058 et
3392 3016 3512 3056 eccs
3539 2997 3667 3067 plus

2078 3128 2237 3183 quam
2270 3084 2522 3166 Salomon
2547 3108 2632 3162 hic
2658 3108 2731 3161 '°.

381 3206 772 3277 ἐγερθήσεται
903 3207 980 3277 τῇ
1012 3181 1210 3278 κρίσει
1238 3207 1391 3277 μετὰ
1414 3205 1525 3275 τῆς
1560 3203 1774 3274 γενεᾶς
1798 3205 2024 3269 ταύτης
2054 3181 2152 3257 καὶ
2187 3197 2534 3269 κατακρινεῖ
2553 3194 2771 3263 αὐτὴν,
2807 3193 2897 3247 ὅτι
2929 3186 3122 3261 ἦλθεν
3149 3190 3220 3242 ἐκ
3244 3183 3364 3240 τῶν
3385 3181 3659 3251 περάτων

386 3301 498 3369 τῆς
543 3300 655 3371 τῆς
708 3304 973 3358 ἀκοῦσαι
1017 3302 1247 3371 σοφίαν
1301 3300 1694 3370 Σολομῶντος
1723 3316 1735 3331 ·
1776 3299 1878 3353 καὶ
1910 3297 2041 3352 ἰδοὺ
2066 3297 2259 3352 πλέον
2285 3293 2678 3363 Σολομῶντος
2702 3284 2839 3344 ὦδε.

457 3395 551 3451 06’.
592 3396 1064 3468 Παρασημαντέον
1098 3395 1155 3449 δὲ
1194 3396 1412 3465 πρῶτον
1436 3436 1452 3461 ,
1481 3396 1565 3449 ὅτι
1618 3393 1811 3448 πλέον
1861 3387 1978 3447 ὦδε
2006 3396 2052 3458 C

387 3490 478 3557 ἂρ’
507 3487 725 3558 ἑκάστῳ
760 3487 869 3540 τῶν
920 3486 1231 3558 εἰρημένων
1279 3487 1501 3559 τρόπων
1551 3485 1976 3556 προσκείμενον,

384 3581 453 3633 οὐ
487 3579 721 3651 τοπικήν
747 3596 870 3632 τινα
891 3579 1222 3650 παρίστησιν
1252 3577 1482 3642 ἔννοιαν,
1512 3578 1629 3631 ἀλλ’
1657 3578 1783 3631 ὅσον
1806 3577 1981 3645 ὑπερ-

385 3672 539 3746 αίρει
593 3673 690 3728 καὶ
736 3671 1099 3743 ὑπερίδρυται
1126 3670 1196 3724 τὰ
1229 3671 1327 3725 νέα
1363 3672 1460 3726 καὶ
1485 3670 1635 3741 παρὰ
1662 3669 1758 3722 τοῦ
1793 3669 1981 3737 Σωτῆ-

390 3781 491 3835 ρος
524 3764 681 3836 ήμῶν
722 3764 900 3834 Ἰησοῦ
924 3761 1162 3833 Χριστοῦ
1192 3761 1655 3832 οἱκονομούμενα,
1684 3762 1779 3814 καὶ
1811 3764 1984 3828 ἀσυγ-

386 3855 600 3926 κρίτως
654 3851 718 3906 τὸ
777 3853 940 3906 πλέον
990 3851 1186 3923 ἔχοντα
1223 3850 1331 3904 τῶν
1364 3868 1423 3904 τε
1474 3851 1618 3904 κατὰ
1657 3848 1985 3920 Σολομῶντα

386 3944 891 4015 τεθαυμασμένων,
923 3945 1020 3998 καὶ
1056 3943 1166 3997 τῶν
1218 3945 1280 3997 ὲν
1324 3945 1437 4007 τοῖς
1480 3942 1661 4005 ἄλλοις
1707 3941 1985 4005 παλαιοῖς,

389 4039 496 4095 καὶ
550 4040 671 4102 ταῖς
723 4036 834 4090 τῶν
885 4036 1231 4109 πραγμάτων
1275 4037 1597 4106 ὑπεροχαῖς,
1627 4036 1685 4089 ὲν
1734 4033 1990 4104 ἀμείνοσι

399 4129 601 4201 μακρῷ
627 4129 858 4200 κείμενα
896 4128 1256 4182 διαδείκνυσιν
1289 4144 1302 4157 ·
1339 4121 1415 4182 ὧν
1441 4128 1502 4180 rb
1541 4126 1991 4198 ὑπερανεστηκὸς

396 4223 500 4276 καὶ
556 4221 964 4293 ἐξηλλαγμένον
1012 4220 1302 4292 προσεχῶς
1352 4222 1573 4294 εἴρηται
1606 4237 1619 4249 ’
1652 4220 1745 4274 διὰ
1777 4219 1987 4273 τούτων

400 4314 517 4383 γὰρ
550 4316 682 4385 ἡμῖν
708 4313 779 4367 τὰ
817 4312 936 4366 θεῖα
967 4313 1067 4383 τῆς
1098 4311 1415 4384 οἰκονομίας
1446 4313 1727 4383 μυστήρια
1756 4310 1994 4382 παραδέ-

382 4407 579 4479 νδοται,
607 4406 678 4460 τὰ
718 4405 947 4477 οὐράνια
1002 4407 1118 4468 τοῖς
1152 4403 1247 4458 ἐπὶ
1292 4405 1396 4474 γῆς
1426 4400 1863 4469 ὲκκαλῦπτεται,
1894 4404 1993 4474 τῆς

404 4499 684 4562 υἱοθεσίας
704 4501 739 4569 ἡ
768 4498 926 4571 χάρις
953 4497 1310 4567 προέρχεται,
1339 4496 1435 4549 καὶ
1464 4495 1714 4565 βασιλεία
1743 4493 1996 4567 οὐρανῶν

402 4591 560 4653 ἐντὸς
604 4588 767 4662 ἡμῶν
807 4588 1019 4657 γίνεται
1042 4627 1058 4651 ,
1104 4589 1253 4642 πᾶσα
1291 4586 1546 4657 είδωλικὴ
1575 4586 1671 4639 καὶ
1702 4585 1997 4657 δαιμονικὴ

401 4686 597 4753 ἀπάτη
644 4683 912 4736 πάντοθεν
968 4681 1338 4735 ἀπελαύνεται
1372 4696 1385 4711 ·
1419 4680 1514 4731 καὶ
1545 4678 1597 4731 τί
1623 4678 1735 4749 γὰρ
1783 4678 1934 4742 ἄλλο,
1961 4678 1994 4750 ἢ

2156 3389 2245 3444 74.
2282 3390 2339 3446 Itt
2363 3389 2557 3457 primis
2611 3394 2789 3438 autem
2820 3374 3364 3436 animadvertendum
3419 3379 3525 3437 est,
3583 3369 3669 3424 dl-

2083 3484 2318 3538 clionein
2352 3476 2469 3549 plus
2500 3479 2587 3532 Itic
2621 3475 2847 3546 singulis
2870 3474 2955 3528 bis
2985 3470 3164 3526 eﬂ'atis
3192 3465 3482 3535 adiectam,
3524 3463 3667 3515 haud

2084 3574 2311 3631 localem
2343 3575 2581 3641 aliquam
2607 3570 2881 3624 notionem
2914 3579 3025 3635 prae
3050 3578 3110 3618 se
3162 3560 3331 3625 ferre,
3363 3556 3457 3612 sed
3495 3553 3669 3609 deno—

2087 3679 2205 3725 tare
2231 3666 2409 3738 potius
2433 3676 2692 3735 quantum
2725 3668 2981 3729 praestent
3015 3666 3177 3725 atque
3197 3652 3469 3706 excellant
3518 3660 3671 3701 novat

2088 3776 2176 3817 res
2201 3776 2233 3815 a
2286 3761 2577 3835 SerVatore
2632 3764 2819 3810 nostro
2853 3751 2979 3808 Jesu
3023 3748 3243 3804 Christo
3284 3740 3672 3799 humauationo

2089 3867 2184 3908 sua
2211 3862 2468 3922 peracta»,
2500 3831 2771 3918 quamque
2797 3845 2905 3899 siut
2932 3835 3385 3909 incomparabiles
3415 3848 3526 3902 pra:
3570 3831 3673 3884 mi—

2092 3946 2356 4003 rabilibus
2386 3942 2492 3998 illis
2515 3955 2637 4011 qua
2673 3940 2772 3994 sub
2800 3935 3092 3991 Salomone
3119 3930 3443 3996 ueterisque
3471 3922 3675 3977 veteri-

2091 4036 2193 4091 bus
2217 4033 2548 4089 exstiterunt
2580 4047 2593 4082 :
2644 4042 2808 4098 quam
2855 4025 3089 4094 denique
3125 4037 3219 4077 eas
3259 4024 3517 4086 superent
3547 4028 3676 4081 prs-

2093 4124 2343 4201 gmaticis
2390 4118 2791 4192 prmrogativis,
2826 4118 2893 4171 de
2944 4128 3176 4186 quarum
3238 4106 3549 4181 praestantia
3622 4113 3681 4159 et

2094 4194 2379 4272 nobilitate
2405 4227 2548 4282 saepe
2564 4212 2767 4266 dictum
2791 4217 2896 4263 est.
2925 4206 3010 4261 Ab
3036 4205 3121 4259 bis
3143 4202 3290 4258 enim
3317 4199 3476 4254 nobis
3490 4194 3677 4251 divina

2096 4305 2492 4364 incarnationis
2523 4300 2782 4373 mysteria
2815 4307 2944 4353 sunt
2974 4295 3200 4359 tradita,
3232 4289 3480 4348 cmlestia
3513 4284 3674 4341 terri~

2097 4402 2252 4475 genis
2290 4397 2549 4461 revelata,
2583 4392 2762 4449 omnis
2788 4389 3112 4446 idolicuset
3159 4381 3460 4439 diabolicus
3519 4391 3680 4431 error

2100 4470 2339 4562 undique
2379 4488 2716 4561 proﬂigatns.
2761 4484 2900 4551 Quid
2939 4480 3087 4536 aliud
3137 4479 3375 4537 demum,
3408 4471 3514 4527 nisi
3541 4470 3684 4524 Deus

2101 4602 2222 4644 cum
2253 4583 2562 4640 hominibus
2589 4576 2860 4633 versans?
2888 4589 2998 4644 quo
3026 4573 3244 4643 quidem
3275 4567 3534 4638 quidnam
3566 4579 3683 4616 uta-

2097 4680 2186 4750 jus
2209 4685 2301 4730 aut
2332 4672 2603 4730 excelsius
2629 4670 2743 4724 lieri
2778 4676 2954 4739 potest
2980 4666 3003 4721 ἲ
3025 4664 3180 4732 Quod
3217 4662 3260 4716 si
3286 4660 3354 4714 de
3375 4659 3492 4713 loco
3521 4655 3685 4711 etiam

401 4777 494 4831 ὅτι
524 4775 655 4839 Θεὸς
710 4772 850 4846 μετὰ
891 4770 1233 4841 ἁνθρώπων;
1274 4763 1335 4824 οὗ
1365 4768 1416 4823 τί
1445 4767 1511 4823 ἂν
1545 4768 1632 4838 εἴη
1674 4768 1861 4839 μεῖζον
1895 4747 1992 4823 καί

2099 4747 2226 4840 quis
2260 4769 2483 4838 cogitet,
2524 4752 2744 4835 quinam
2782 4761 2971 4817 melior
3010 4765 3104 4813 aut
3139 4753 3376 4809 divinior
3409 4766 3571 4821 quam
3601 4747 3689 4803 ille

407 4867 785 4938 ὑψηλότερον;
840 4867 890 4917 εἰ
930 4863 996 4917 δὲ
1049 4863 1144 4916 καὶ
1192 4862 1359 4916 τόπον
1406 4878 1492 4925 τις
1544 4860 1907 4932 ὑπολήψεται,
1942 4861 1995 4915 τί

404 4962 659 5031 κρεῖττον
674 4958 771 5013 καὶ
801 4956 1046 5011 ὲνθεέστε
1054 4972 1168 5027 ρον,
1185 4954 1332 5009 ἔνθα
1355 4956 1500 5021 Θεὸς
1518 4955 1590 5009 ἐν
1613 4957 1793 5023 σαρκὶ
1813 4971 2002 5025 παρα-

408 5057 682 5124 τίνεται;
714 5045 790 5105 ὧν
817 5051 971 5104 οὐδὲν
995 5050 1063 5102 τὰ
1082 5048 1290 5102 παλαιά
1321 5050 1504 5101 ἐκεῖνα
1534 5048 1853 5120 διεκέκτητο
1885 5049 1997 5103 πώ.

411 5162 551 5200 ποτε
577 5162 589 5169 ·
622 5144 758 5198 ἀλλὰ
783 5143 988 5212 καίπερ
1015 5141 1242 5195 τοιαῦτα
1268 5158 1330 5209 γε
1361 5140 1511 5205 ὄντα,
1541 5142 1648 5194 τῶν
1673 5142 2000 5213 θαυμασίων

407 5236 614 5292 ὁπόσον
639 5239 814 5290 εἰπεῖν
836 5233 1267 5303 θαυμασιώτερα
1292 5235 1439 5287 ἐστιν
1462 5235 1764 5305 ἀμήχανον,
1790 5234 1826 5287 ἃ
1850 5235 2001 5304 παρὰ

407 5334 530 5395 τοῖς
597 5330 812 5404 ἐχθροῖς
874 5328 970 5381 τοῦ
1024 5326 1355 5396 Εὐαγγελίου
1412 5329 1587 5404 ὁποῖα.
1635 5328 1731 5381 νῦν
1793 5328 2003 5393 λελόγι-

412 5438 544 5475 σται
599 5423 693 5474 καὶ
757 5418 1180 5488 κατωνόμασται
1208 5435 1223 5449 ·
1253 5415 1413 5469 πάλιν
1448 5418 1599 5471 αὐτοὶ
1633 5418 2001 5489 θεομαχείτω-

2109 4862 2210 4917 Ubi
2237 4861 2375 4915 Deus
2401 4862 2456 4913 in
2471 4873 2628 4913 carne
2645 4857 2793 4911 adest
2810 4850 3065 4924 (78379)?
3091 4850 3336 4916 Quorum
3358 4843 3492 4898 nihil
3516 4840 3690 4910 prisca

2111 4955 2196 5011 illa
2215 4951 2557 5008 habuerunt?
2591 4950 2700 5004 Sed
2730 4961 3038 5017 quanquam
3077 4944 3189 4997 lituo
3209 4942 3280 4994 ita
3309 4954 3367 4993 se
3396 4938 3692 4995 habent.et

2101 5045 2442 5103 mirabilibus
2458 5042 2817 5116 mirabiliora,
2833 5049 2888 5091 ιιι
2904 5038 2973 5091 ita
2992 5038 3188 5095 dicant,
3207 5040 3353 5095 sunt;
3374 5016 3717 5082 incredibile

2102 5152 2279 5195 tamen
2293 5148 2397 5203 cst,
2416 5148 2550 5207 quot
2567 5144 2881 5204 quantaque
2897 5130 2966 5183 ab
2981 5125 3256 5195 Evangelii
3279 5122 3525 5176 hostibus
3547 5130 3689 5170 nunc

2100 5233 2406 5304 excogitata
2440 5230 2642 5285 fuerint
2696 5238 2750 5280 et
2773 5226 2998 5292 iactata.
3042 5220 3184 5274 Sane
3215 5217 3266 5270 lii
3303 5228 3493 5269 rursus
3523 5211 3691 5263 Deum

2101 5301 2507 5394 oppuanpnmii
2540 5318 2933 5374 incarnationis
2970 5311 3289 5383 mysterium
3319 5303 3553 5359 ludibrio
3594 5301 3696 5353 ha-

2102 5418 2284 5483 beant,
2315 5416 2367 5470 lti
2395 5416 2585 5469 salutis
2621 5421 2820 5466 ιιοειτιυ
2849 5418 3008 5477 caput
3036 5410 3385 5458 contemnant
3421 5411 3582 5466 atque
3615 5394 3693 5448 ir-

490 5578 534 5609 "
563 5576 609 5607 ⁸⁸
634 5574 776 5631 Psal.
808 5590 978 5636 um.
1015 5574 1066 5628 8.
1143 5573 1188 5605 ³³
1222 5571 1413 5627 Matth.
1450 5589 1546 5640 xu,
1571 5574 1624 5629 5.
1705 5575 1750 5606 ’⁸
1788 5576 1919 5629 ibid.
1953 5575 2046 5638 41,
2080 5574 2168 5628 4:2.

495 5714 703 5783 (78'79)
749 5714 908 5769 Vides
941 5717 1028 5771 hic
1071 5715 1235 5769 etiam
1289 5715 1579 5785 Nicephori
1617 5718 1983 5772 testimonium
2028 5717 2094 5773 de
2136 5716 2335 5769 Christi
2369 5728 2530 5769 carne
2586 5712 2636 5765 in
2675 5710 2874 5762 nostris
2919 5705 3131 5772 terttplis
3168 5703 3265 5753 sub
3310 5692 3696 5751 Eucharistico

418 5790 544 5842 velo
574 5794 914 5840 conservata.

1114 5948 1147 5975 Ι
