3994 6448
383 346 487 411 793

1240 355 1808 417 APOLOGETICUS
1846 357 1996 418 PRO
2034 358 2302 421 SACBIS
2342 361 2825 424 lMAGlNlBUS.

3530 371 3634 434 794

367 463 650 530 σαρκικοῖς
701 460 783 517 ἐτι
839 465 934 518 καὶ
981 465 1090 519 τῶν
1132 458 1358 539 ’γηΐνων
1400 473 1788 543 ἀντεχομένοις
1857 490 1945 528 νε-

2053 478 2194 533 tibus
2232 488 2286 532 et
2331 480 2509 535 adhuc
2569 480 2881 538 carnalibus
2935 491 2990 537 et
3052 492 3391 542 terrenorum
3447 504 3636 544 amore

362 552 694 621 νεμημένον,
725 554 862 610 ἀλλὰ
904 558 1032 620 τοὺς
1074 562 1197 623 ταῖς
1247 563 1306 614 ἐν
1349 561 1625 633 πνεύματι
1670 563 1947 637 λατρείαις

361 641 465 694 καὶ
486 641 704 708 θυσίαις
734 647 996 712 αἰνέσεως
1034 643 1122 713 αἷς
1150 651 1331 722 χαίρει
1361 654 1494 716 Θεὸς
1522 656 1947 724 εὐωδιὰξοντας,

359 733 462 788 καὶ
493 737 607 799 τοῖς
634 738 692 790 ὲν
723 739 1002 810 Πνεύματι
1033 741 1169 794 Θεοῦ
1198 745 1492 814 ἀγομένοις
1518 747 1615 799 καὶ
1646 749 1756 800 τῶν
1784 750 1950 820 οὐρα-

361 826 493 879 νίων
523 833 1015 902 μεταποιουμένοις
1042 834 1614 907 ἀποκεκληρωμένους
1640 855 1654 869 ·
1678 842 1730 893 εἰ
1758 840 1823 911 δὴ
1853 836 1947 894 οὖν

361 919 600 985 ἐκείνοις
653 925 768 986 τοῖς
812 925 899 978 ἐπ’
935 924 1219 980 ἐλάττοσιν
1265 930 1563 984 ἑαλωκόσιν
1613 932 1834 986 ἀπειλεί
1857 933 1949 986 καὶ

361 1010 688 1078 χαλεπαίνει
748 1013 906 1079 Θεὸς,
942 1020 1054 1082 τοῖς
1111 1018 1208 1071 ἐπὶ
1273 1020 1521 1089 μείζοσιν
1585 1022 1951 1093 ἁμαρτήμασι

357 1103 459 1154 καὶ
490 1105 954 1176 προσκρούσμασι
1000 1112 1446 1180 πεφωραμένοις,
1482 1112 1599 1176 πῶς
1644 1114 1745 1166 οὐκ
1797 1114 1951 1184 ὀργι-

361 1192 628 1260 σθήσεται
658 1195 1062 1267 ἀμυνούμενος,
1089 1199 1301 1253 πλείοσί
1325 1219 1385 1254 τε
1415 1202 1509 1256 καὶ
1533 1202 1950 1272 χαλεπωτέραις

360 1284 642 1352 ὑπαγάγοι
670 1291 793 1350 ταῖς
814 1290 1134 1354 καταδίκαις
1167 1310 1181 1358 ;
1212 1293 1426 1356 τούτοις
1449 1294 1558 1364 γὰρ
1586 1295 1950 1365 παραπλήσια

359 1378 459 1428 καὶ
486 1376 554 1429 δι’
582 1378 789 1449 ἐτέρων
818 1381 991 1449 ἁγίων
1021 1384 1341 1455 προφητῶν,
1366 1385 1477 1437 τῶν
1516 1388 1616 1456 τῆς
1647 1387 1951 1457 θεραπείας

356 1466 459 1519 τοῦ
493 1467 641 1522 θείου
667 1468 818 1524 οἴκου
871 1474 1411 1543 κατολιγωρούντων,
1439 1479 1468 1530 ὁ
1505 1477 1615 1530 τῶν
1664 1480 1803 1532 ὅλων
1849 1497 1949 1533 κα-

354 1557 536 1629 ταϐοᾷ
584 1560 736 1626 Θεὸς,
771 1562 861 1630 ὑφ’
893 1557 967 1617 ὧν
1012 1565 1270 1635 δηλοῦται
1325 1569 1668 1638 πεπεδῆσθαι
1709 1571 1810 1640 μὲν
1841 1572 1950 1627 τῶν

357 1650 539 1716 νεφῶν
588 1652 687 1716 τὰς
736 1653 955 1718 ὠδῖνας,
988 1656 1182 1722 ἄγονον
1233 1658 1288 1712 δὲ
1336 1661 1434 1730 τὴν
1486 1662 1590 1727 γῆν
1622 1663 1947 1732 ἐφορᾶσθαι,

357 1743 629 1815 θορύϐους
670 1764 729 1800 τε
779 1749 1116 1817 ἐπαλλήλους
1160 1752 1559 1823 ὲπεγηγέρθαι,
1590 1755 1685 1807 καὶ
1718 1754 1949 1826 δύναμιν

2051 570 2315 625 devinctis
2337 572 2593 625 traditum
2625 582 2773 637 erat;
2801 575 2897 628 sed
2935 576 3130 644 templa
3166 589 3350 633 nostra
3399 581 3631 648 spiritali

2050 663 2527 730 cultu,saeriticiis
2574 664 2771 729 laudis,
2799 668 2995 735 quibus
3028 667 3167 722 Deus
3217 673 3432 738 gaudet,
3470 673 3630 727 redo-

2050 754 2251 821 lentia;
2287 771 2406 823 qua:
2456 755 2660 824 Spiritu
2692 758 2783 811 Dei
2832 759 3197 820 manuductis.
3231 768 3286 813 et
3320 760 3628 815 caelestium

2051 860 2231 899 rerum
2259 847 2522 900 studiosis
2555 855 2683 900 sunt
2710 850 3010 917 assignata.
3047 849 3103 904 Si
3140 864 3273 920 ergo
3293 849 3494 905 Judwis
3526 851 3632 906 illis

2052 938 2262 990 minora
2326 938 2680 1004 peccantibus
2729 941 2985 995 irascitur
3044 942 3394 1011 minaturque
3468 944 3629 1009 Deus,

2050 1028 2237 1095 quidni
2269 1029 2351 1081 his
2379 1029 2472 1098 qui
2505 1029 2558 1082 in
2593 1031 2938 1099 gravioribus
2958 1033 3201 1103 peccatis
3240 1043 3295 1087 et
3328 1031 3635 1088 oﬂ‘eusioni-

2050 1119 2153 1174 bus
2183 1121 2511 1190 deprehensi
2572 1132 2720 1186 sunt,
2782 1125 2956 1180 iratus
3012 1126 3154 1180 ultor
3187 1128 3393 1189 erit,et
3450 1128 3632 1195 plures

2053 1219 2213 1280 atque
2265 1213 2579 1267 acerbiores
2629 1229 2821 1280 pinnas
2877 1216 3157 1284 imponet?
3212 1216 3480 1271 Similiter
3538 1209 3670 1285 per'

2051 1300 2189 1355 alios
2237 1317 2453 1373 quoque
2482 1314 2721 1361 sanctos
2759 1306 3071 1374 prephetas,
3096 1307 3293 1362 divinae
3316 1308 3509 1361 domus
3532 1308 3627 1360 mi-

2050 1392 2337 1448 nisterium
2393 1388 2728 1465 negligentes
2756 1396 3082 1450 universalis
3149 1396 3289 1450 Dens
3350 1399 3627 1466 ohjurgat,

2051 1487 2195 1539 unde
2225 1486 2413 1553 pateﬁt
2438 1487 2726 1555 impeditos
2761 1502 2883 1542 esse
2913 1489 3135 1541 nubium
3181 1498 3391 1556 partus,
3416 1499 3623 1543 terram

2052 1576 2165 1631 ﬁeri
2192 1579 2455 1641 sterilem,
2491 1580 2751 1634 tumultus
2777 1578 3068 1647 populares
3119 1578 3367 1644 conﬂari,
3408 1579 3518 1632 vim
3551 1582 3626 1634 si-

2051 1667 2250 1720 militer
2292 1668 2628 1735 punientem,
2660 1668 2899 1736 gladium
2954 1670 3274 1733 caedentem,
3328 1670 3631 1737 cuiusmodi

2052 1755 2166 1809 ﬁeri
2194 1756 2371 1809 solent
2430 1756 2486 1810 in
2520 1758 2788 1810 seditione
2811 1756 2954 1810 civili
3003 1767 3057 1812 et
3096 1759 3330 1812 hostium
3387 1758 3632 1812 incursu.

353 1837 623 1902 ὡσαύτως
653 1842 1017 1909 κολάζουσαν,
1044 1847 1137 1898 καὶ
1164 1848 1441 1917 ῥομφαίαν
1469 1849 1820 1918 ἀναιροῦσαν,
1857 1846 1945 1903 οἶα

2052 1845 2151 1900 Hic
2176 1860 2479 1915 Opportune
2527 1848 2882 1917 proverbialis
2916 1862 3135 1918 quoque
3183 1864 3365 1903 sermo
3395 1849 3629 1917 ingemi-

357 1932 647 2000 συμϐαίνει
694 1936 839 1988 κατά
883 1954 942 1989 τε
994 1939 1184 1991 στάσιν
1231 1941 1498 2010 ἐμφύλιον
1531 1942 1625 1994 καὶ
1667 1944 1942 2013 πολεμίων

355 2020 547 2087 ἔφοδον
576 2022 824 2089 γίνεσθαι
855 2041 869 2054 ·
902 2027 1179 2094 εὐκαίρως
1210 2030 1427 2093 τούτοις
1460 2032 1553 2083 καὶ
1581 2033 1609 2083 ὁ
1646 2049 1946 2102 παροιμια-

355 2115 454 2175 κος
476 2115 801 2183 ὲποιμὼξειε
834 2118 1022 2185 λόγος·
1053 2140 1072 2172 ι
1107 2121 1168 2173 Ὢ
1200 2125 1247 2175 οἱ
1280 2124 1697 2194 εὐφραινόμενοι
1732 2126 1824 2179 ἐπὶ
1843 2144 1944 2180 κα-

357 2208 499 2270 κιιῖς,
529 2209 622 2260 καὶ
645 2208 931 2279 χαίροντες
958 2212 1050 2263 ἐπὶ
1078 2214 1377 2285 διαστροφῇ
1408 2218 1579 2285 κακῇε
1628 2237 1644 2267 ι

430 2305 522 2354 σε’.
568 2302 688 2354 Ἐπὶ
739 2303 798 2355 δὲ
846 2305 941 2357 τὸν
992 2307 1276 2375 κολοφῶνα
1326 2310 1427 2376 τῆς
1469 2310 1746 2379 θεομάχοι)
1780 2311 1942 2381 δόξης

356 2391 540 2446 αὐτῶν
571 2393 775 2464 ἄπιμεν
795 2411 810 2424 ·
841 2397 895 2448 τί
921 2395 977 2450 δὲ
999 2397 1062 2468 δὴ
1095 2399 1254 2452 τοῦτό
1284 2400 1461 2467 tactv;
1496 2403 1579 2454 ὅτι
1611 2404 1702 2455 τὸν
1735 2404 1940 2472 Κύριον

348 2480 454 2549 τῆς
476 2481 634 2552 δόξης
654 2485 747 2536 τὸν
767 2486 1004 2557 Χριστὸν
1028 2487 1122 2540 καὶ
1146 2489 1280 2542 θεὸν
1305 2490 1483 2560 ἡμῶν,
1507 2491 1601 2543 τοῦ
1626 2495 1724 2563 τῆς
1755 2492 1943 2563 θεότη-

348 2589 444 2636 τος
459 2576 784 2644 ἀφαιροῦσιν
804 2580 936 2646 ἀξιῶ
946 2597 1133 2648 ματος,
1150 2584 1245 2634 καὶ
1264 2581 1424 2652 δόξης
1438 2583 1540 2652 τῆς
1555 2585 1832 2655 πατρικῆς
1852 2602 1942 2637 πε-

352 2670 603 2737 ριφανῶς
616 2671 940 2742 ὲκὸάλλουσι
956 2674 1129 2742 ,ψιλὸν
1149 2674 1205 2727 δὲ
1235 2677 1393 2745 μόνον
1418 2678 1511 2729 καὶ
1531 2678 1640 2729 τῶν
1659 2677 1824 2748 καθ’ἡ
1835 2678 1944 2746 μᾶς

348 2762 661 2828 ἀνθρώπων
686 2764 792 2817 ’ἕνα
828 2766 1307 2836 καταλιμπάνουσι
1342 2781 1359 2798 ·
1413 2770 1534 2821 κατ’
1563 2769 1756 2823 οὐδένα
1814 2770 1941 2840 τρό-

348 2869 459 2905 πον
488 2855 636 2922 ἡμᾶς
664 2856 751 2908 διὰ
779 2856 879 2926 τῆς
913 2856 1065 2920 θείας
1094 2857 1566 2928 ἐνανθρωπὴσεως
1595 2860 1763 2913 αὐτοῦ
1792 2861 1941 2931 ὠφε-

348 2945 551 3016 λῆσθαι
574 2948 605 3018 ἢ
636 2948 910 3002 σεσῶσθαι
937 2949 1331 3018 κηρύσσοντες,
1358 2950 1390 3022 ἢ
1420 2951 1517 3020 τῆς
1545 2952 1782 3015 παλαιᾶς
1802 2955 1943 3023 ἀρᾶς

348 3038 725 3110 ἀπηλλάχθαι,
748 3042 843 3093 καὶ
875 3043 974 3111 τῆς
998 3041 1091 3096 τοῦ
1123 3042 1373 3095 διαΰόλου
1408 3041 1620 3113 πλάνης
1649 3045 1743 3096 καὶ
1776 3044 1941 3097 δυνα-

350 3133 541 3196 στείας
609 3133 1042 3204 ἠλευθερῶσθαι,
1100 3138 1167 3206 τῇ
1215 3136 1401 3207 ἀπάτῃ
1457 3135 1514 3189 δὲ
1570 3140 1636 3209 τῇ
1694 3139 1941 3209 προτέρα

2045 1951 2158 1994 scet
2187 1953 2202 1994 :
2225 1959 2243 1992 ι
2267 1939 2310 1995 Ο
2329 1941 2420 2008 qui
2449 1942 2693 2008 gaudetis
2716 1941 2766 1994 in
2794 1942 2974 2008 malis,
3000 1951 3056 1996 et
3078 1942 3334 1997 laetemini
3364 1942 3417 1996 in
3443 1942 3627 2012 iniqua

2046 2034 2459 2101 pcrversione”
2504 2033 2516 2086 !
2562 2052 2582 2084 ι

2116 2302 2204 2355 75.
2225 2300 2331 2355 Sed
2353 2302 2462 2371 jam
2491 2302 2558 2357 ad
2590 2304 2840 2358 columen
2865 2305 3185 2375 inreligiosa:
3222 2319 3460 2374 Ipsorum
3491 2320 3623 2358 sen-

2047 2393 2227 2449 tentiae
2260 2395 2559 2448 veniamus.
2597 2396 2881 2462 Quodnam
2950 2413 3080 2453 vero
3133 2399 3235 2452 hoc
3268 2397 3386 2452 est?
3421 2395 3628 2465 Nempe

2044 2487 2188 2555 quod
2235 2487 2519 2541 Dominum
2555 2489 2739 2557 gloriae
2772 2488 3050 2543 Christmu
3080 2503 3143 2543 ac
3176 2490 3340 2543 Deum
3376 2499 3625 2542 nostrum

2044 2578 2349 2632 divinitatis
2418 2581 2681 2649 dignitate
2740 2580 3000 2648 Spoliant,
3063 2592 3396 2649 paternaque
3458 2579 3627 2649 gloria

2044 2679 2233 2740 aperte
2264 2670 2562 2737 expellunt,
2597 2671 3015 2740 simplicemque
3043 2673 3421 2725 tantummodo
3446 2671 3629 2724 humi-

2045 2779 2191 2827 neut,
2220 2777 2496 2832 unumque
2522 2754 2587 2816 de
2611 2774 2797 2817 nostro
2830 2780 3077 2827 numero,
3110 2778 3229 2818 esse
3249 2764 3463 2828 sinunt;
3483 2763 3631 2818 nullo

2044 2856 2205 2909 modo
2237 2869 2334 2908 nos
2360 2872 2389 2907 a
2430 2855 2609 2907 divina
2640 2853 2759 2920 ejus
2782 2856 3171 2909 humanatione
3201 2857 3423 2924 adjutos
3453 2868 3630 2922 neque

2045 2946 2286 3001 salvatos
2317 2949 2698 3015 praedicantes,
2719 2958 2812 3001 aut
2848 2946 3627 3018 antiquaemaledictiunisnb-
3677 2973 3687 2985 -

2045 3040 2260 3105 ductos,
2292 3048 2347 3093 et
2376 3039 2645 3094 diabolica
2671 3055 2862 3094 errore
2888 3055 2954 3093 ac
2997 3040 3367 3093 dominatione
3427 3039 3626 3093 libera—

2048 3143 2151 3193 tos.
2199 3132 2293 3186 sed
2339 3133 2520 3201 priore
2562 3124 2891 3187 seductione'
2948 3133 3125 3187 adhuc
3168 3133 3430 3198 irretitos,
3466 3142 3630 3204 atque

346 3224 763 3296 κεκρατῆσθαι,
829 3227 922 3279 καὶ
973 3224 1051 3295 τῷ
1111 3226 1218 3279 τῶν
1268 3227 1506 3281 εἰδώλων
1567 3228 1937 3298 προσκεῖσθαι

2048 3225 2309 3280 idolorum
2344 3226 2510 3280 cultui
2542 3225 2807 3287 addictos,
2838 3227 3066 3293 denique
3097 3226 3374 3281 Creatoris
3408 3226 3629 3294 ignora-

348 3318 683 3388 σεϐάσματι,
710 3321 802 3371 καὶ
815 3318 912 3389 τὴν
934 3319 1027 3372 τοῦ
1053 3320 1353 3384 κτίσαντος
1374 3321 1455 3374 ἐτι
1483 3325 1659 3374 νοσεῖν
1686 3321 1954 3390 ἄγνοιανλ

346 3411 582 3480 τοιούτῳ
614 3412 724 3482 γὰρ
771 3413 919 3481 ζόφῳ
959 3412 1060 3482 τῆς
1091 3413 1349 3475 ἀσεϐείας
1377 3413 1539 3466 πάλιν
1565 3400 1945 3479 ἐπισκοτξζον-

342 3520 480 3567 ται,
539 3503 699 3557 ὁπότε
755 3503 821 3574 δὴ
874 3504 1012 3575 πρὸς
1066 3505 1128 3557 τὸ
1189 3504 1478 3575 αὐχμηρὸν
1539 3506 1635 3558 τοῦ
1686 3507 1826 3559 κατὰ
1882 3506 1943 3560 τὸ

344 3595 767 3665 ἅπερίγραπτον
793 3595 1204 3663 φαντασιὼδους
1227 3597 1541 3666 ὀκνήσειαν,
1571 3596 1658 3649 ἵνα
1683 3597 1944 3662 καθάπαξ

344 3689 454 3757 τῆς
488 3688 770 3758 σωζούσης
804 3688 1094 3757 ὁμολογίας
1123 3689 1623 3758 ἀποσφαλλόμενοι,
1652 3690 1734 3741 ὲνί
1769 3690 1833 3757 γέ
1863 3705 1941 3758 τῳ

342 3781 537 3852 spring)
563 3784 644 3846 είς
676 3781 736 3834 τὸ
765 3784 863 3853 τῆς
898 3782 1188 3843 εὐσεϐείας
1219 3781 1514 3848 κεφάλαιον
1550 3781 1943 3852 ἐξαμαρτάνων

347 3892 429 3936 σι,
460 3873 557 3926 καὶ
580 3875 750 3944 τριῶν
779 3874 869 3927 ἓν·
892 3874 924 3945 ἢ
949 3873 1059 3944 γὰρ
1080 3873 1179 3925 οὐκ
1200 3873 1417 3938 εἰδέναι,
1440 3872 1473 3943 ἢ
1501 3875 1563 3926 οὐ
1589 3872 1939 3943 βουληθῆναι,

344 3967 381 4037 ἢ
415 3967 477 4020 οὐ
510 3965 834 4037 δεδυνῆσθαι
877 3964 1071 4029 σώζειν
1102 3981 1117 3995 ο
1152 3956 1226 4017 ὧν
1267 3964 1520 4029 ἕκαστον,
1562 3965 1614 4016 εἴ
1655 3980 1739 4025 τις
1788 3961 1941 4032 αὐτῷ

345 4058 668 4129 περιάπτοι,
685 4057 874 4127 τῷτῆς
899 4058 1155 4127 θεότητος
1180 4055 1454 4127 μεγαλείῳ
1470 4056 1534 4108 λυ
1545 4055 1794 4124 μαίνεται
1822 4072 1836 4086 ο
1860 4054 1942 4108 ἑνὶ

344 4148 483 4218 γοῦν
506 4147 713 4201 τούτων
731 4147 1063 4218 ἡττώμενος,
1084 4150 1143 4200 οὐ
1167 4148 1302 4209 Θεὸς
1326 4164 1342 4179 ·
1362 4147 1501 4200 αὐτὰ
1538 4147 1594 4200 δὲ
1628 4147 1752 4199 οὐδὲ
1776 4146 1940 4216 μέχρι

343 4239 449 4307 τῆς
479 4239 572 4290 τοῦ
601 4237 942 4305 Μονογενοῦς
976 4236 1188 4305 ὖῦρεως
1209 4236 1272 4289 τὸ
1307 4236 1630 4307 βλάσφημον
1659 4237 1942 4307 περιίστη-

347 4348 462 4393 σιν,
490 4331 591 4401 ηδη
623 4331 677 4383 δὲ
706 4331 801 4383 καὶ
827 4331 964 4400 πρὸς
997 4331 1161 4382 αὐτὸν
1182 4329 1276 4383 τὸν
1313 4331 1408 4382 ἐπὶ
1434 4331 1653 4383 πάντων
1684 4331 1816 4383 Θεὸν
1843 4332 1940 4384 καὶ

348 4423 399 4475 Π
415 4423 597 4493 ιτέρα,
630 4422 712 4475 ἔτι
743 4440 802 4475 τε
831 4423 928 4475 καὶ
954 4426 1034 4486 εἰς
1064 4423 1124 4476 τὸ
1155 4422 1384 4494 Πνεῦμα
1420 4424 1480 4476 τὸ
1506 4425 1682 4492 ἅγιον,
1713 4425 1941 4487 εἰκότως

344 4515 745 4585 ἁναδραμεῖται
775 4529 791 4542 '
823 4514 906 4567 ὅτι
934 4516 962 4567 ὁ
1014 4514 1112 4583 μὲν
1154 4514 1451 4581 εὐδόκησεν
1511 4515 1604 4567 ἐπὶ
1651 4517 1716 4585 τῇ
1761 4531 1937 4585 σωτη-

348 4606 453 4678 ρίῳ
509 4604 605 4658 τοῦ
655 4606 831 4673 Λόγου
878 4604 1313 4672 συγκαταὸἁσει,
1353 4605 1417 4657 τὸ
1475 4606 1532 4659 δὲ
1572 4611 1887 4675 συνήργησε
1918 4623 1932 4637 ⁸

346 4697 632 4768 μεμένηκε
679 4694 737 4749 δὲ
788 4695 937 4765 καὶὴ
974 4696 1191 4748 εὐξοκία
1245 4694 1343 4747 τοῦ
1369 4695 1584 4766 Πατρὸς
1627 4696 1886 4764 ἀδόκιμος
1913 4711 1931 4727 ⁶

338 4788 707 4857 ἀνενέργητος
757 4787 816 4839 δὲ
862 4788 957 4839 καὶ
1008 4789 1040 4857 ἡ
1085 4789 1349 4858 συνεργία
1403 4786 1498 4841 τοῦ
1555 4787 1875 4857 Πνεύματος
1914 4804 1930 4820 ο

339 4880 606 4934 ἔσϐεσται
639 4879 699 4932 δὲ
728 4881 824 4932 καὶ
849 4879 912 4931 τὸ
955 4880 1317 4933 ἁποστολικὸν
1345 4881 1613 4951 κήρυγμα
1633 4899 1646 4913 ο
1670 4880 1845 4933 ταῦτα
1873 4881 1931 4933 δὲ

338 4972 443 5026 καὶ
476 4970 647 5038 ψιλῶς
677 4973 757 5034 εἰς
806 4970 931 5023 νοῦν
975 4971 1407 5042 παραδέχεσθαι,
1438 4973 1629 5036 ὰθεϊας
1676 4974 1793 5026 ἐστὶ
1832 4977 1934 5045 τῆς

338 5063 629 5127 ἀνωτάτω,
661 5064 791 5133 μήτι
821 5079 885 5131 γε
919 5064 1014 5116 καὶ
1038 5064 1376 5133 ὁμολογῆσαι
1412 5064 1507 5118 καὶ
1539 5064 1769 5136 διδὰυξαι.

418 5159 523 5216 οςί.
559 5153 779 5207 Πολλῶν
810 5154 867 5207 δὲ
914 5155 1084 5208 ὗντων
1124 5156 1233 5208 τῶν
1273 5156 1526 5209 ἐντεῦθεν
1566 5157 1934 5227 ἀναφαινομέ-

340 5261 456 5297 νιυν
508 5245 723 5317 ἀτόπων
756 5247 873 5313 ἐκαὶ
934 5247 1042 5316 γὰρ
1098 5247 1369 5317 πάμμεγα
1413 5248 1506 5300 καὶ
1547 5248 1846 5318 ὑπεραῖρον
1874 5249 1935 5301 τὸ

338 5337 712 5408 δυσσέὄημα),
738 5339 896 5406 ὀλίγα
926 5339 1193 5402 εἰπόντες,
1221 5339 1291 5392 τὰ
1338 5340 1561 5392 πλείονα
1611 5340 1934 5410 καταλείψο-

346 5445 483 5500 μεν·
546 5435 592 5484 εἰ
654 5432 763 5500 γὰρ
816 5430 1010 5496 σώζειν
1066 5434 1298 5500 ἀγνοεῖ,
1356 5433 1560 5503 ἥκιστα
1616 5434 1680 5485 Ξν
1737 5436 1801 5487 ἐκ
1860 5435 1935 5505 μὴ

341 5523 516 5577 ὅντων
589 5525 864 5594 παράγειν
927 5526 1233 5596 ἠπίστατο*
1293 5528 1341 5578 εξ
1399 5526 1456 5577 δὲ
1515 5526 1578 5577 οὐ
1639 5528 1929 5597 παρῆγεν,

341 5615 470 5670 οὐδὲ
524 5615 761 5683 ἀγαθός’
801 5620 849 5670 εἰ
910 5619 985 5690 μὴ
1044 5620 1149 5689 γὰρ
1209 5617 1435 5682 ἔσωζεν,
1472 5617 1592 5669 οὐδὲ
1657 5620 1927 5689 παράγειν

446 5770 489 5801 "
521 5773 680 5828 Ιίὀγ.
708 5791 770 5845 ιι,
800 5775 884 5829 H.

2048 3315 2197 3369 tione
2229 3314 2407 3368 adhuc
2632 3313 2961 3367 laborantes.
2998 3313 3312 3381 llnjusmodi
3373 3314 3515 3365 enim
3546 3320 3631 3366 te-

2047 3407 2230 3461 nebris
2274 3406 2569 3475 impietatis
2610 3421 2800 3459 rursus
2849 3405 3267 3469 obumbrantur,
3289 3420 3410 3457 cum
3480 3404 3628 3457 circa

2047 3499 2302 3553 miseram
2343 3498 2800 3566 iucircumscripti
2854 3497 3198 3565 phantasiam
3241 3497 3527 3558 tricantur,
3572 3506 3634 3548 ut

2044 3593 2268 3646 omnino
2300 3606 2326 3643 a
2351 3591 2574 3644 salutari
2602 3591 2723 3644 ﬁdei
2761 3590 3097 3659 professione
3128 3590 3294 3653 devii,
3322 3606 3428 3642 uno
3447 3590 3633 3657 aliquo

2047 3685 2207 3738 modo
2261 3684 2520 3737 adversus
2578 3697 2721 3735 verte
2772 3681 2892 3736 ﬁdei
2943 3698 3211 3735 summam
3255 3689 3516 3747 peccent;
3576 3689 3632 3732 et

2045 3773 2262 3842 quidem
2292 3788 2324 3826 e
2382 3773 2555 3825 tribus
2584 3788 2692 3826 uno
2715 3810 2730 3836 ,
2763 3788 2958 3840 nempe
3010 3771 3285 3826 Christum
3330 3781 3423 3824 aut
3457 3773 3628 3823 nesci-

2046 3866 2211 3930 visse,
2247 3875 2339 3918 aut
2366 3866 2629 3929 noluisse,
2658 3872 2749 3918 aut
2772 3879 2874 3917 non
2942 3865 3184 3933 potuisse
3217 3864 3449 3918 salutem
3493 3878 3629 3915 cou-

2046 3954 2224 4021 ferre;
2256 3970 2488 4024 quorum
2541 3953 2819 4021 quodlibet
2851 3953 2918 4007 de
2949 3954 3171 4007 Christo
3226 3954 3627 4022 pronuntietur,

2047 4049 2094 4104 is
2128 4049 2343 4116 quidem
2381 4048 2436 4101 iu
2464 4039 2768 4101 divinitatis
2802 4048 3087 4116 majestate
3122 4047 3354 4101 laeditur.
3388 4044 3519 4097 Nam
3579 4049 3625 4098 si

2044 4153 2110 4192 ex
2140 4139 2223 4193 his
2271 4154 2376 4193 uno
2405 4138 2755 4203 destituatur,
2809 4137 2951 4192 Deus
2978 4153 3084 4192 nou
3136 4147 3236 4191 est.
3279 4135 3402 4190 Hzec
3442 4146 3627 4189 autent

2046 4231 2189 4284 dicta
2213 4246 2284 4286 ne
2332 4232 2385 4285 in
2440 4230 2734 4299 Uuigenito
2791 4231 3015 4300 quidem
3065 4230 3180 4294 ipso
3231 4229 3628 4297 blasphemiam

2045 4325 2263 4386 sistunt,
2315 4324 2407 4377 sed
2466 4324 2531 4376 ad
2569 4324 2743 4391 ipsum
2797 4339 3107 4393 supremum
3155 4322 3322 4375 Deum
3384 4322 3624 4385 Patrem,

2043 4415 2174 4486 quin
2190 4417 2351 4469 etiam
2376 4417 2441 4469 ad
2461 4425 2705 4469 sanctmn
2722 4413 3007 4482 Spiritum,
3028 4423 3183 4481 prout
3201 4424 3626 4468 consentaneum

2045 4518 2486 4571 est,excnrruut.
2517 4508 2654 4573 Quia
2695 4506 2842 4561 Patri
2875 4507 3092 4575 quidem
3143 4507 3343 4574 placuit
3372 4506 3628 4561 salutaris

2043 4602 2206 4656 Verbi
2234 4605 2300 4655 ad
2334 4601 2581 4654 homines
2623 4600 2941 4664 inclinatio,
2976 4600 3212 4668 Spiritus
3241 4611 3422 4653 autem
3458 4599 3506 4653 ei
3537 4614 3629 4653 co-

2042 4707 2296 4764 operatus
2311 4706 2412 4749 est.
2432 4694 2645 4748 Fuisset
2672 4708 2799 4746 vero
2816 4692 2994 4747 Patris
3019 4693 3413 4762 beneplacituut
3442 4708 3629 4760 repro-

2041 4787 2254 4849 batum,
2279 4784 2523 4841 inemeax
2557 4795 2737 4839 autem
2770 4784 3005 4854 Spiritus
3022 4785 3355 4853 conparatio,
3396 4786 3628 4851 denique

2040 4888 2095 4933 et
2127 4878 2422 4946 apostolica
2477 4878 2789 4946 prtedicatio
2846 4854 3139 4932 exstincta.
3171 4877 3340 4931 Porro
3377 4877 3492 4931 b:ec
3546 4878 3627 4929 vel

2043 4970 2095 5024 in
2126 4981 2361 5024 mentem
2396 4971 2770 5023 tantuuunodo
2797 4970 3107 5036 admittere,
3141 4971 3338 5023 sunnni
3374 4970 3625 5025 atheismi

2042 5063 2205 5128 foret,
2238 5064 2429 5117 nedum
2449 5063 2693 5117 coulitcri
2720 5071 2814 5116 aut
2836 5063 3054 5118 docere.

2111 5157 2200 5212 76.
2230 5155 2348 5211 Jam
2394 5173 2517 5212 cum
2554 5159 2719 5212 inulta
2752 5158 2878 5212 hinc
2927 5167 3226 5227 appareant
3258 5157 3489 5211 absurda
3517 5155 3625 5228 (est

2036 5250 2179 5304 enim
2244 5250 2477 5304 maxima
2535 5262 2591 5304 et
2652 5266 2862 5305 summa
2897 5252 3189 5320 impietas),
3225 5251 3408 5318 paucis
3460 5250 3625 5304 dictis

2036 5342 2186 5411 plura
2216 5343 2552 5395 omittemus.
2587 5340 2718 5394 Nam
2739 5341 2783 5395 si
2807 5340 3023 5396 salvere
3068 5342 3263 5405 nescit,
3298 5340 3464 5393 multo
3518 5341 3624 5393 Ini-

2039 5450 2139 5488 nus
2163 5450 2223 5485 ex
2260 5450 2364 5486 non
2411 5433 2802 5488 essislentibns
2850 5432 3151 5504 producere
3171 5435 3353 5487 scivit.
3379 5434 3530 5501 Quod
3574 5435 3619 5489 si

2042 5542 2147 5581 non
2182 5526 2455 5596 produxit,
2496 5543 2560 5579 uc
2613 5528 2784 5581 bonus
2821 5528 3038 5596 quidem
3086 5535 3189 5581 est.
3220 5527 3276 5581 Si
3326 5528 3469 5581 enim
3516 5544 3622 5581 non

2043 5621 2290 5685 salvum,
2337 5635 2509 5689 neque
2544 5624 2836 5691 producere
2866 5635 2985 5675 cum
3023 5621 3294 5690 oportuit;
3334 5635 3440 5689 qua
3471 5622 3619 5675 enim
