3994 6462
300 332 404 397 791

1157 337 1746 404 'APOLOGETICUS
1782 345 1932 405 PRO
1971 346 2237 410 SACRIS
2284 350 2757 413 IMAGlNlBUS.

3467 353 3573 419 703

301 443 664 515 συνυπάρξαι,
693 444 958 500 ἀδύνατον
980 463 992 476 ·
1043 447 1160 509 πῶς
1194 443 1290 502 οὖν
1338 449 1492 502 ἔσται
1554 450 1707 520 παρὰ
1738 450 1879 521 Θεῷ,

1989 452 2159 509 Porro
2204 456 2348 510 circa
2411 472 2572 512 uuam
2640 455 2994 526 eaunlemque
3052 471 3165 513 rem
3201 495 3215 521 ,
3275 456 3570 526 eodemque

296 537 432 589 ὅπου
471 552 532 604 γε
566 535 674 588 οὐδ’
701 537 760 589 ἐν
792 538 907 600 τοῖς
951 541 1201 608 γενητοῖς
1254 539 1400 593 τοῦτ’
1447 539 1514 594 ἂν
1565 539 1716 612 εὖροι
1749 557 1873 604 τις;

298 627 514 689 πολλοῖς
541 626 650 698 γὰρ
684 628 744 680 τὸ
784 629 1082 700 εὺδεκιμον
1141 631 1199 682 ἐν
1242 631 1581 702 ἀμφοτέροις
1616 632 1874 700 πάρεστι,

295 719 389 772 καὶ
420 717 817 788 ἐργαζομένοις
849 719 975 772 τινὰ
1025 721 1120 774 καὶ
1171 721 1612 792 ἐπιμελομένοις,
1663 722 1759 776 καὶ
1795 723 1877 786 εἰς

295 811 352 864 τὸ
389 809 586 874 σώζειν
619 809 715 862 καὶ
741 811 1020 880 διαμένειν
1040 812 1238 875 ταῦτα,
1285 816 1406 876 ταῖς
1439 813 1697 876 σπουδαῖς
1728 831 1878 884 χρω·

299 903 479 972 μένοις
510 903 604 956 καὶ
629 905 752 966 ταῖς
789 903 1159 967 εὖσθενείαις·
1201 906 1253 958 εἰ
1292 905 1366 976 μὴ
1405 907 1502 958 καὶ
1539 905 1748 959 τούτων
1784 904 1877 957 τὸν

294 995 421 1048 Υὶδν
451 993 821 1048 ἐλαττώσουσι
853 1011 868 1025 ⁰
896 995 1013 1058 πῶς
1037 997 1095 1048 δὲ
1151 999 1246 1050 καὶ
1276 997 1448 1058 αἴτιος
1491 997 1604 1050 τῶν
1652 995 1878 1060 ἀγαθῶν

295 1087 487 1158 ῥηθείη
516 1087 604 1147 ἂν,
641 1090 689 1140 εξ
720 1089 780 1140 τὸ
820 1087 1130 1158 πρώτιστον
1161 1088 1271 1141 τῶν
1304 1089 1526 1162 ἀγαθῶν
1568 1090 1630 1142 τὸ
1678 1089 1878 1152 σώζειν

291 1181 353 1233 οὐ
384 1179 640 1248 βούλεται
666 1197 682 1245 ;
709 1178 792 1232 ἔτι
823 1184 874 1232 εἰ
916 1180 976 1231 οὐ
1019 1175 1272 1249 βούλεται
1307 1180 1527 1245 σώζειν,
1561 1181 1684 1234 οὐδὲ
1737 1197 1876 1252 προ-

290 1273 400 1324 νοεί
423 1286 437 1298 °
463 1269 626 1327 τίνων
657 1271 768 1340 γὰρ
805 1270 872 1324 ἂν
910 1272 996 1341 εἴη
1031 1271 1282 1340 πρόνοια,
1313 1273 1412 1324 οὐκ
1435 1273 1591 1335 ὄντος
1622 1273 1717 1325 τοῦ
1769 1290 1877 1326 σω·

288 1359 554 1428 ἱζομένους
593 1359 704 1414 τῶν
734 1361 842 1430 γὰρ
875 1359 1042 1413 ἕνεκα
1086 1378 1204 1426 του,
1258 1363 1288 1428 ἠ
1351 1361 1579 1430 πρόνοια
1608 1378 1620 1391 ·
1665 1363 1715 1414 εί
1767 1362 1878 1433 γὰρ

289 1450 528 1518 προνοεῖ.
567 1447 765 1510 σώζειν
789 1448 850 1500 οὐ
877 1448 1226 1518 βουλόμενος,
1257 1447 1436 1517 ἑαυτῷ
1466 1447 1836 1500 ἁντικείσεται
1855 1463 1869 1479 ·

285 1538 442 1594 τοῦτο
478 1539 535 1592 δὲ
569 1539 723 1592 οὐδὲν
749 1539 938 1610 ἕτερον
967 1542 1084 1592 ἐστι
1114 1539 1316 1606 λέγειν,
1363 1539 1396 1609 ἢ
1425 1539 1508 1591 ὅτι
1546 1537 1582 1592 ἃ.
1609 1537 1865 1606 βούλεται

286 1633 346 1684 οὐ
379 1631 635 1701 βούλεται
658 1647 671 1660 '
707 1627 828 1684 εἶτα
859 1633 908 1684 εἰ
937 1632 998 1684 οὐ
1028 1633 1269 1702 προνοεῖ,
1313 1631 1434 1684 οὐδὲ
1479 1630 1681 1698 ἀγαθός
1728 1631 1873 1682 ἐστι’

288 1725 379 1777 καὶ
407 1725 456 1775 εἰ
481 1723 585 1776 οὐκ
602 1721 824 1789 ἀγαθὸς,
863 1721 1080 1791 μεθέξει
1107 1739 1159 1774 τι
1191 1723 1301 1774 τῶν
1351 1721 1522 1773 ὄντων
1552 1721 1741 1782 αὐτοῦ,
1778 1719 1876 1776 καὶ

1986 554 2264 600 momento
2321 549 2594 604 contraria
2637 548 2801 602 simul
2831 550 3183 615 coexsisterc,
3234 547 3575 619 impossibile

1981 647 2084 690 cst.
2118 636 2402 702 Quomodo
2449 649 2630 694 autem
2668 641 2722 694 iu
2770 640 2879 694 Deo
2907 643 3016 703 (iet,
3045 640 3192 710 quod
3221 655 3288 695 ne
3327 643 3378 694 in
3415 655 3569 695 erea-

1979 729 2116 782 turis
2169 730 2387 798 quidem
2447 734 2752 804 comperire
2801 733 2928 787 est?
2969 733 3156 787 Multis
3193 734 3338 786 enim
3389 732 3569 800 placet

1982 830 2300 889 utrumque,
2333 833 2386 876 et
2419 823 2604 879 facere
2639 825 2850 879 scilicet
2888 835 2944 879 et
2979 840 3164 878 curam
3202 824 3324 876 laeti
3355 838 3564 892 gerere,

1979 919 2036 964 et
2057 911 2302 966 saltandi
2329 917 2796 984 conservandique
2819 931 2984 970 causa
3019 914 3198 968 studia
3241 923 3568 978 expromnnt

1981 1010 2036 1055 et
2065 1003 2228 1059 vires.
2259 1005 2369 1059 Nisi
2413 1007 2552 1062 l'orte
2577 1008 2661 1062 his
2683 1008 2846 1061 etiam
2876 1006 3192 1061 inferiorem
3247 1005 3444 1058 Filium
3481 1002 3567 1054 di-

1981 1105 2130 1150 cunt.
2159 1095 2440 1160 Quomodo
2475 1099 2683 1153 demum
2727 1115 2892 1156 causa
2945 1099 3210 1152 bonorum
3261 1097 3493 1157 dicetur,
3520 1095 3562 1150 si

1981 1185 2312 1252 praecipuum
2335 1186 2624 1250 bonorum,
2648 1189 2698 1242 id
2721 1201 2806 1242 εει
2837 1190 3068 1253 salvare,
3088 1186 3266 1241 nolit?
3287 1186 3562 1239 l’rasterea

1981 1277 2024 1329 si
2061 1292 2164 1330 non
2195 1277 2309 1329 vult
2343 1279 2576 1344 salvare,
2610 1295 2678 1333 ne
2715 1280 2975 1348 providus
3029 1280 3244 1348 quidem
3276 1286 3394 1342 est;
3431 1292 3555 1329 nam

1981 1368 2180 1436 quibus
2216 1370 2544 1437 providebit,
2577 1371 2622 1424 si
2669 1371 2956 1425 salvandus
2995 1371 3174 1424 desit?
3205 1369 3336 1422 Nam
3381 1369 3562 1435 previ-

1981 1458 2191 1521 dentia,
2223 1459 2276 1513 in
2315 1460 2547 1530 aliquem
2580 1463 2890 1515 necessario
2921 1461 3110 1514 tendit.
3145 1459 3317 1514 Porro
3348 1461 3392 1513 si
3425 1474 3562 1528 pro—

1979 1548 2125 1602 videt
2157 1551 2346 1604 nolens
2398 1552 2636 1614 salvere,
2689 1551 2804 1620 ipse
2849 1551 2952 1605 sibi
2994 1549 3396 1602 adversabitur.
3435 1545 3550 1601 lloc

1979 1648 2156 1694 autem
2201 1642 2334 1696 nihil
2366 1642 2516 1696 aliud
2575 1643 2703 1708 erit,
2747 1643 2852 1698 nisi
2889 1643 3032 1710 quod
3072 1640 3203 1703 vult,
3240 1639 3400 1693 nolle.
3427 1639 3562 1692 Tum

1981 1731 2084 1786 nisi
2146 1733 2416 1802 providet,
2437 1733 2611 1786 bonus
2636 1749 2740 1786 non
2771 1743 2876 1798 est,
2916 1747 3092 1801 neque
3133 1746 3252 1784 cum
3321 1745 3378 1784 re
3429 1745 3564 1797 qna-

287 1814 453 1886 ταύτῃ
491 1814 613 1868 οὐδὲ
642 1813 818 1876 αἴτιος
855 1814 1011 1866 ἕσται
1045 1814 1152 1866 τῶν
1179 1814 1350 1864 ὄντων
1377 1829 1391 1840 ·
1423 1811 1672 1865 ἐκποδὼν
1711 1807 1805 1864 οὖν
1837 1813 1870 1882 ὴ

1979 1823 2112 1878 libet
2167 1840 2263 1880 sua
2307 1825 2758 1886 coaununicabit,
2783 1827 3028 1894 adeoque
3067 1839 3132 1878 ne
3155 1838 3313 1876 causa
3339 1821 3558 1892 quidem

288 1908 546 1977 πρόνοιαο
588 1905 848 1977 προνοίας
877 1906 932 1958 δὲ
958 1905 1338 1977 ἀνῃρημένης,
1373 1906 1488 1967 πῶς
1539 1902 1605 1956 ἂν
1637 1903 1873 1973 συσταίη

288 2002 354 2052 τὲ
389 1997 740 2068 ἀνθρώπεια;
769 1999 862 2050 καὶ
898 1997 952 2048 εἴ
997 2014 1083 2060 τις
1136 1997 1312 2059 κτίσις
1349 1997 1511 2064 ἑτέρα
1548 1996 1702 2049 ἐστὶν
1731 1995 1873 2064 (οὐδὲ

291 2091 396 2162 γΞιρ
419 2091 574 2156 τάξις
609 2092 670 2142 ἐν
703 2093 817 2152 τοῖς
838 2089 996 2152 οὖσιν
1029 2088 1210 2152 ἔσται,
1241 2089 1272 2158 ἢ
1307 2089 1552 2158 ἁρμονία
1590 2089 1621 2158 ἦ
1661 2105 1874 2158 συμμε-

293 2186 416 2254 τρία
441 2182 870 2254 semesam),
894 2182 1061 2236 πόθεν
1087 2181 1196 2234 τῶν
1225 2182 1527 2252 γινομένων
1557 2180 1873 2252 ὴεῦτακτος

298 2275 390 2328 καὶ
411 2273 663 2340 ἀνάλογος
692 2273 936 2343 διαδοχὴ,
983 2272 1242 2343 προνοίας
1267 2273 1368 2324 οὐκ
1414 2270 1618 2340 οὖσης;
1651 2271 1766 2334 πῶς
1809 2271 1868 2324 δὲ

297 2369 342 2418 οἱ
378 2365 656 2419 σπουδαῖοι
691 2367 792 2436 μέν
829 2365 1280 2436 δοξασθήσονται,
1317 2365 1368 2416 oi
1400 2365 1596 2432 φαῦλοι
1629 2364 1685 2416 δὲ
1715 2363 1874 2417 κολα-

293 2457 600 2526 σθήσονται;
629 2460 724 2511 καὶ
754 2457 872 2521 πῶς
893 2457 962 2510 τὰ
983 2457 1422 2529 ἁμαρτανόμενα
1447 2457 1864 2526 ἐλεγχθήσεται,

285 2550 792 2620 ἀποδειχθήσεταιδὲ
828 2549 894 2602 τὰ
934 2549 1389 2623 κατορθούμενα;
1443 2548 1677 2619 ἀργοῦσι
1714 2547 1872 2616 νόμοι

285 2642 372 2694 καὶ
403 2641 470 2694 τὰ
517 2639 637 2694 θεῖα
679 2640 1074 2710 δικαιωτήρια·
1136 2639 1347 2709 οἴχεται
1388 2640 1443 2690 δὲ
1489 2635 1738 2707 βασιλεία
1777 2637 1873 2690 καὶ

282 2732 494 2800 γέεννα,
512 2735 545 2803 ἡ
583 2733 682 2802 μὲν
697 2731 786 2786 διὰ
807 2735 934 2794 τοὺς
960 2736 1255 2801 χρηστοὺς,
1284 2733 1316 2802 ἡ
1342 2730 1396 2784 δὲ
1427 2731 1515 2782 διὰ
1539 2729 1664 2793 τοὺς
1699 2746 1868 2798 πονη-

291 2827 411 2894 ροὺς
440 2825 902 2898 εὐτρεπισθείσα·
939 2825 971 2896 ἢ
1003 2823 1148 2878 οὕτω
1174 2841 1236 2892 γε
1273 2822 1396 2876 οὔτε
1445 2823 1650 2890 ἀγαθον
1698 2821 1872 2891 ὀφθή-

285 2917 546 2972 σεταικαὶ
567 2917 1010 2983 ἐπαινεθήσεται,
1037 2915 1158 2969 οὒτε
1177 2915 1348 2968 κακὸν
1375 2913 1753 2984 γνωσθήσεται
1773 2914 1870 2965 καὶ

281 3009 828 3082 κατα-γνωσθήσεται·
855 3009 1116 3078 σύγχυσις
1131 3003 1223 3060 οὖν
1241 3008 1336 3062 καὶ
1361 3005 1558 3071 ἀταξία
1579 3005 1654 3076 τῷ
1679 3003 1866 3058 παντίο

279 3102 327 3153 εἰ
349 3101 404 3154 δὲ
433 3103 600 3180 φαῖεν
627 3100 884 3170 πρόνοιαν
910 3095 1073 3162 εἶναι,
1097 3100 1146 3151 εἰ
1173 3097 1246 3168 μὴ
1267 3099 1294 3149 ὁ
1323 3097 1586 3168 παράγων
1621 3097 1865 3164 προνοεῖ,
1895 3136 1938 3192 c

277 3192 494 3262 ἀνάγκη
527 3191 722 3262 ἑτέραν
744 3191 926 3244 αἰτίαν
943 3191 1114 3262 αὐτῆς
1143 3189 1366 3254 διδόναι,
1391 3187 1514 3242 καθ’
1537 3189 1604 3260 ῆν
1636 3189 1705 3241 τὰ
1731 3187 1861 3240 ὄντα

279 3280 659 3352 προνοούμενα
715 3279 1060 3348 διεξάγεται·
1137 3281 1234 3334 καὶ
1303 3281 1506 3351 ταύτην
1556 3278 1589 3347 ἢ
1666 3277 1866 3348 ὁμοίαν

277 3374 472 3444 ἐκείνῳ
500 3373 532 3443 ἦ
559 3372 976 3442 ἀντικειμένην·
1005 3372 1099 3424 καὶ
1123 3371 1170 3424 εἰ
1197 3371 1382 3440 ὁμοία,
1415 3371 1538 3424 οὐδὲ
1561 3369 1726 3439 ἄλλης
1749 3369 1828 3422 δεῖ
1851 3387 1864 3400 ·

276 3465 324 3518 ει
355 3463 411 3516 δὲ
444 3463 833 3534 ἀντικειμένη,
868 3463 1195 3533 ἁναιρετικὰ
1233 3463 1291 3515 δὲ
1322 3462 1568 3532 ἀλλήλων
1602 3462 1669 3514 ait
1706 3461 1863 3512 ἀντι-

277 3555 535 3625 κείμενα,
585 3554 680 3607 καὶ
708 3552 958 3623 ἀλλήλοις
992 3554 1308 3623 μαχόμενα,
1352 3551 1468 3615 πῶς
1521 3551 1628 3605 τῶν
1693 3551 1868 3604 ὄντων

277 3645 542 3716 στήσεταί
575 3661 628 3698 τι
657 3643 696 3714 ἢ
729 3643 1042 3712 σωθήσεται
1069 3660 1082 3704 ;
1108 3627 1284 3696 καῗτί
1321 3643 1514 3695 διοίσει
1566 3641 1738 3695 ταῦτα
1767 3641 1868 3709 τῆς

276 3736 602 3807 Μανιχαίων
675 3734 991 3806 ἀθεότητος,
1063 3734 1157 3788 δύο
1229 3734 1406 3798 ἀθέως
1461 3735 1868 3804 εἰσηγουμένων

275 3828 490 3896 ἀρχάςς
523 3827 572 3878 ει
597 3825 652 3877 δὲ
680 3827 774 3879 καὶ
806 3825 960 3890 εἰδὼς
989 3826 1084 3878 καὶ
1129 3824 1415 3896 βουληθεὶς
1471 3825 1572 3878 οὐκ
1617 3823 1864 3895 ἠδυνήθη

277 3921 474 3986 σῶσαι,
507 3920 540 3992 ἢ
565 3920 672 3974 τῶν
704 3920 950 3988 φυσικῶν
975 3921 1141 3988 ἕξεων
1167 3920 1265 3974 καὶ
1293 3919 1588 3990 ἐνεργειῶν
1632 3921 1863 3973 ἁτονου-

277 4015 384 4068 σῶν
436 4012 604 4066 τοῦτο
650 4011 913 4076 πέπονθε,
963 4013 1057 4066 καὶ
1097 4012 1252 4064 ἔσται
1293 4011 1401 4064 τῶν
1451 4012 1629 4066 ἄλλων
1675 4011 1869 4065 παθῶν

278 4105 699 4175 ἐμπαθέστερον
727 4120 738 4134 ’
765 4105 798 4176 ἢ
823 4104 914 4174 ὑφ’
937 4105 1126 4176 ἑτέρου
1147 4121 1241 4158 του
1271 4105 1492 4168 πάντως
1523 4105 1864 4176 ἀπείργοιτο,

275 4201 368 4250 mi.
402 4197 827 4267 τετυρὰννηται,
869 4198 966 4250 καὶ
996 4195 1368 4268 ήττηθήσεται
1423 4199 1522 4268 τὴν
1561 4199 1736 4267 ἰσχὺν,
1771 4197 1868 4251 καὶ

275 4289 479 4344 ἔσταιὸ
523 4288 749 4342 κωλύων
787 4287 1204 4358 εὐσθενέστερός
1241 4305 1300 4340 τε
1345 4289 1442 4342 καὶ
1477 4289 1866 4358 περικλεέστε-

278 4397 366 4451 ρος
390 4395 404 4409 ⁸
443 4383 702 4444 κάκεῖνος
732 4380 931 4451 μᾶλλον
964 4381 1340 4452 ὁμολογείσΟω
1395 4383 1492 4452 τὴν
1521 4381 1674 4448 θείαν
1731 4381 1868 4433 ἁπο-

1977 1930 2160 1970 rerum
2215 1917 2341 1970 erit.
2384 1915 2606 1971 Sublata
2673 1917 2838 1984 igitur
2888 1915 3231 1984 providentia
3280 1922 3385 1966 est.
3430 1909 3564 1964 Pro-

1976 2005 2213 2060 videntia
2238 2021 2366 2063 Vt'l‘O
2419 2007 2654 2071 sublata,
2701 2005 2973 2074 quomodo
3014 2021 3100 2056 res
3133 2005 3385 2056 humana:
3431 2018 3563 2055 cou-

1977 2098 2204 2152 sistcut?
2239 2097 2305 2150 Et
2351 2099 2396 2152 si
2435 2097 2574 2151 forte
2625 2099 2729 2150 alia
2794 2104 3048 2150 creatura
3084 2097 3198 2156 sit,
3234 2108 3407 2161 neque
3471 2108 3560 2144 re-

1977 2206 2096 2245 rum
2157 2189 2534 2244 exsistentium
2606 2189 2760 2252 ordo,
2799 2203 2972 2256 neque
3033 2186 3316 2242 harmonia
3386 2199 3560 2252 neque

1977 2280 2295 2350 symmetria
2359 2279 2618 2344 accedet;
2653 2279 2918 2331 undenam
2967 2291 3147 2330 rerum
3202 2276 3454 2329 ordinata
3508 2282 3562 2328 et

1979 2370 2209 2441 analoga
2256 2371 2550 2435 successio,
2602 2369 2942 2438 providentia
2996 2367 3244 2423 sublata?
3273 2366 3559 2432 Quomodo

1978 2461 2118 2530 frugi
2156 2461 2400 2514 homines
2425 2459 2594 2530 gloria
2623 2459 2989 2519 donabantur,
3029 2459 3152 2511 mali
3178 2469 3357 2510 autem
3405 2469 3558 2523 βοτηε

1977 2550 2391 2607 allicientur?et
2442 2561 2664 2620 peccata
2746 2551 3158 2620 redarguentur,
3217 2557 3368 2608 recte
3422 2546 3561 2599 faeta

1976 2642 2546 2698 commendabuntur?
2584 2639 2749 2696 Vanze
2811 2641 2942 2695 (ient
2994 2641 3138 2710 leges
3203 2649 3258 2694 et
3318 2638 3560 2692 divinum

1977 2734 2249 2799 tribunal;
2305 2735 2444 2801 perit
2500 2748 2724 2802 regnum
2791 2743 2846 2786 et
2897 2733 3166 2804 gebenna.
3196 2730 3327 2784 illud
3384 2729 3559 2789 bonis,

1975 2827 2092 2880 haac
2121 2836 2302 2880 autem
2333 2827 2492 2880 malis
2530 2835 2720 2893 parata
2755 2824 3092 2894 :nequejam
3125 2824 3324 2876 bonum
3355 2819 3560 2890 aliquid

1973 2917 2246 2970 videbitur
2303 2932 2368 2972 ac
2397 2915 2727 2981 laudabitur,
2764 2929 2939 2985 neque
2997 2914 3195 2968 malum
3265 2914 3560 2982 quidquam

1974 3008 2286 3062 censebitur
2337 3015 2434 3060 aut
2505 3005 2877 3060 damnabitur.
2939 3001 3202 3057 Confusio
3253 3001 3458 3071 itaque,
3505 3009 3561 3055 et

1973 3097 2214 3152 omnium
2247 3113 2427 3152 rerum
2456 3097 2670 3151 cinnus.
2707 3095 2863 3163 Quod
2905 3096 2948 3150 si
3000 3097 3184 3150 dicant
3223 3109 3346 3149 esse
3379 3095 3560 3162 provi-

1971 3189 2236 3254 dentiam,
2262 3189 2451 3258 utique
2479 3187 2526 3242 si
2549 3187 2778 3244 Creator
2801 3203 2904 3242 non
2930 3189 3196 3258 providet,
3225 3202 3450 3241 necesse
3473 3171 3556 3241 est

1971 3281 2131 3334 aliam
2165 3295 2389 3336 causam
2450 3280 2568 3352 ejus
2629 3280 2987 3348 providentiae
3039 3280 3338 3348 assignare,
3371 3293 3399 3330 a
3451 3293 3556 3348 qua

1971 3374 2422 3442 resprovidenter
2439 3373 2912 3428 administrentur.
2937 3372 3111 3442 Atque
3143 3371 3285 3426 hanc
3309 3385 3554 3427 causam.

1971 3467 2054 3519 vel
2085 3465 2317 3521 similem
2356 3481 2480 3522 esse
2510 3466 2778 3530 Creatori,
2803 3465 2887 3520 vel
2919 3465 3273 3519 contrariam.
3313 3463 3368 3516 Si
3405 3462 3554 3516 simi-

1973 3557 2036 3610 lis
2060 3565 2164 3620 est,
2189 3555 2302 3624 jam
2327 3557 2499 3612 altera
2525 3570 2632 3610 non
2664 3571 2746 3609 eat
2766 3570 2902 3624 opus
2933 3574 2948 3609 :
2980 3555 3062 3609 sin
3098 3553 3395 3613 contraria,
3423 3565 3555 3606 cou-

1973 3649 2138 3702 traria
2165 3657 2348 3703 autem
2374 3649 2609 3704 invicem
2641 3649 2916 3718 perimunt
2967 3655 3022 3700 et
3057 3655 3384 3715 repugnant,
3418 3658 3560 3712 quo-

1972 3739 2131 3794 modo
2151 3740 2446 3810 quidquam
2479 3739 2533 3794 in
2571 3754 2752 3794 rerum
2786 3749 2981 3792 natura
3019 3738 3288 3791 subsistet
3321 3741 3418 3788 aut
3449 3735 3562 3788 sal—-

1973 3831 2224 3885 vabitur?
2253 3829 2391 3897 Quid
2415 3847 2576 3901 porro
2613 3832 2727 3884 lure
2749 3829 3003 3884 ditfereut
3055 3843 3084 3882 a
3137 3826 3556 3881 Manicha‘urum

1972 3923 2260 3984 atheismo,
2285 3919 2376 3988 qui
2417 3923 2522 3976 duo
2545 3922 2710 3990 impie
2761 3921 3035 3975 invehunt
3065 3915 3372 3987 principia?
3403 3914 3556 3982 Quod

1972 4014 2015 4068 si
2046 4011 2189 4068 Deus
2217 4014 2400 4069 sciens
2442 4021 2498 4067 et
2543 4013 2728 4066 volens
2790 4028 2894 4065 non
2945 4011 3119 4082 potuit
3175 4010 3416 4070 salvare,
3456 4006 3556 4060 hoc

1970 4108 2186 4177 quidem
2216 4107 2267 4162 ei
2301 4106 2503 4160 accidit
2541 4104 2622 4159 vel
2657 4105 3002 4176 physicorum
3054 4103 3248 4155 virium
3289 4109 3344 4153 et
3379 4095 3558 4154 cillen-

1969 4201 2066 4254 ciae
2121 4197 2465 4265 impotentia,
2523 4205 2687 4264 atque
2725 4195 2800 4248 ita
2868 4209 2980 4262 prae
3037 4193 3252 4248 caeteris
3311 4190 3558 4244 inﬁrmus

1968 4291 2090 4344 erit.
2123 4290 2220 4344 Vel
2248 4290 2316 4344 ab
2363 4290 2470 4342 alio
2523 4302 2750 4358 prorsus
2790 4286 3132 4356 prohibetur,
3165 4299 3226 4338 ac
3271 4281 3558 4353 tyrannide

1969 4389 2213 4446 urgetur,
2236 4387 2398 4444 atque
2430 4380 2500 4430 ita
2537 4377 2713 4428 minor
2735 4376 2948 4428 viribus
2969 4375 3098 4438 erit,
3145 4381 3198 4428 et
3219 4387 3341 4424 eum
3393 4387 3420 4422 a
3449 4386 3556 4438 quo

274 4473 580 4544 φερόμενος
608 4471 789 4537 δόξαν,
813 4477 906 4527 καὶ
943 4475 1002 4526 τὸ
1039 4474 1364 4544 βλάσφημον
1393 4473 1720 4544 ἀπερῥίιρθω
1781 4475 1862 4536 εἰς

1975 4468 2289 4538 prohibetur
2313 4465 2590 4520 fortiorem
2619 4475 2785 4534 atque
2813 4464 3164 4518 illustriorem
3188 4477 3308 4516 esse
3334 4470 3554 4516 consta-

275 4567 522 4634 κεφαλὰς
557 4565 666 4618 τῶν
698 4567 1135 4638 Χριστομαχων·
1169 4567 1229 4620 τὸ
1271 4567 1381 4636 γὰρ
1437 4567 1512 4636 μὴ
1561 4565 1855 4632 δύνασθαι,

273 4659 330 4710 οὗ
366 4657 542 4713 Θεοῦ·
579 4659 674 4710 καὶ
711 4658 982 4728 εἰργέσθω
1025 4659 1100 4728 μὴ
1146 4658 1241 4712 τοῦ
1281 4659 1478 4722 σώζειν
1511 4658 1692 4729 μόνον,
1724 4659 1862 4713 ἀλλὰ

273 4765 335 4814 γε
367 4750 464 4802 καὶ
508 4748 606 4818 τῆς
649 4748 817 4818 ἄλλης
856 4749 1201 4818 θεοπρεποῦς
1251 4749 1432 4819 δόξης,
1489 4750 1627 4818 ὅπερ
1675 4751 1864 4814 αὐτοῖς

271 4840 554 4904 δυσσεϐῶς
591 4841 980 4896 ἑσπούδασται.

344 5103 450 5174 οη⁹.
479 5103 558 5156 Τὰ
601 5103 701 5174 μὲν
726 5103 822 5157 οὖν
862 5105 926 5157 ἐκ
979 5105 1087 5160 τῶν
1140 5109 1398 5178 ἀθέσμων
1452 5109 1625 5177 λόγων
1677 5109 1858 5163 αὐτῶν

275 5195 546 5265 φυόμενα,
572 5196 918 5266 παρανομίας
942 5197 1038 5250 καὶ
1066 5197 1254 5262 ἁθιῖας
1293 5201 1498 5272 πλήρη,
1536 5201 1608 5264 ὡς
1636 5203 1693 5254 ἐν
1737 5219 1862 5253 συν-

271 5285 431 5357 τόμῳ
461 5287 657 5350 εἰπεῖν,
686 5286 910 5340 τοιαῦτα
932 5305 948 5320 ο
989 5289 1077 5343 ἵνα
1137 5293 1210 5362 μὴ
1241 5295 1352 5355 τοῖς
1385 5295 1628 5347 πλείοσιν
1681 5295 1862 5348 ἐνδια-

272 5377 574 5446 τρίϐοντες,
607 5379 700 5430 καὶ
724 5379 878 5432 αὐτοὶ
905 5385 1468 5453 σδμπαρανομοῦντες
1487 5386 1820 5455 φαινοίμεθα
1843 5403 1856 5416 °

274 5468 452 5522 ταῦτα
476 5469 608 5538 γοῦν
639 5472 932 5542 παρέντες,
959 5472 1052 5526 καὶ
1078 5475 1214 5542 πρὸς
1237 5476 1298 5528 το
1313 5477 1420 5530 τῶν
1445 5479 1656 5544 ἐμέτων
1682 5478 1862 5530 αὐτῶν

275 5559 444 5628 ἀηδὲς
474 5563 565 5614 καὶ
581 5560 642 5614 δύ
653 5579 849 5633 σιρορον
866 5563 1336 5634 δυσχεραίνοντες,
1359 5569 1451 5620 ἐπὶ
1473 5568 1566 5637 τὴν
1590 5568 1702 5621 τῶν
1729 5569 1864 5640 ἁληυ

278 5651 389 5704 θῶν
435 5651 722 5723 δογμάτων
753 5655 1048 5726 εὐθύτητα,
1088 5657 1183 5710 καὶ
1209 5658 1267 5710 τὺ
1287 5660 1386 5728 τῆς
1440 5659 1704 5728 ἀληθείας
1741 5660 1863 5726 φῶς

276 5742 629 5813 ἁνανεύωμζν
653 5760 668 5774 ·
693 5746 1064 5818 ὁμολογοῦμεν
1097 5747 1189 5802 οὖν
1209 5750 1304 5801 καὶ
1329 5748 1726 5819 μεγαλοσώνως
1762 5769 1859 5822 κη-

1969 4561 2068 4616 bit.
2093 4560 2197 4613 Sed
2229 4558 2372 4611 enim
2399 4557 2547 4610 illum
2581 4557 2758 4626 potius
2795 4555 3033 4608 divinam
3089 4555 3337 4608 obtinere
3390 4551 3557 4619 maje-

1969 4663 2160 4708 statem
2191 4653 2565 4715 conﬁteantur,
2619 4649 2952 4714 blasphemia
2992 4657 3169 4700 autem
3190 4646 3242 4699 in
3273 4655 3430 4714 caput
3457 4645 3555 4698 ho-

1967 4744 2128 4798 stium
2180 4741 2381 4797 Christi
2418 4742 2663 4796 recidat.
2704 4738 2949 4807 Namque
2994 4737 3306 4806 impotentia
3344 4738 3396 4790 iu
3449 4735 3560 4792 Deo

1970 4847 2202 4892 nonest.
2237 4835 2490 4905 Alioquin
2527 4849 2633 4888 non
2678 4850 2706 4885 a
2740 4832 3001 4888 salvando
3045 4831 3218 4886 solum
3243 4831 3558 4902 prohibebi-

1970 4939 2077 4993 tur,
2109 4931 2205 4984 sed
2235 4938 2288 4981 et
2324 4929 2530 4996 reliqua
2581 4927 2690 4981 Deo
2727 4940 2968 4994 congrua
3005 4923 3200 4995 gloria,
3264 4923 3408 4993 quod
3466 4921 3558 4976 isti

1968 5018 2132 5083 impie
2154 5018 2518 5072 contendunt.

2038 5109 2126 5164 78.
2159 5108 2290 5174 Qua:
2319 5109 2500 5177 itaque
2527 5122 2592 5161 ex
2623 5106 2805 5176 impiis
2833 5106 3027 5161 horum
3057 5104 3404 5161 sermonibus
3427 5117 3576 5177 cun~_

1967 5210 2290 5270 sequuntur,
2329 5198 2590 5268 nequitia:
2626 5209 2680 5252 et
2709 5197 3148 5267 irrcligiositatis
3182 5196 3360 5264 plena,
3399 5207 3552 5247 com-

1967 5295 2167 5366 pendio
2210 5293 2375 5348 veluti
2424 5293 2588 5358 dicta,
2647 5291 2760 5346 iure
2811 5301 2975 5352 sunt;
3036 5306 3104 5344 ne
3150 5289 3194 5342 si
3241 5288 3442 5342 diutius
3483 5286 3552 5338 iis

1968 5389 2344 5450 immorentur,
2375 5402 2472 5440 nos
2503 5399 2719 5454 quoque
2760 5399 2880 5437 cum
2927 5383 3060 5452 ipsis
3092 5396 3318 5452 peccare
3361 5380 3546 5432 videa-

1969 5473 2263 5531 mur..llu:c
2283 5474 2568 5546 igilurjaat
2595 5474 2934 5538 outittentes,
2962 5483 3016 5526 et
3047 5471 3279 5524 vomitus
3313 5473 3549 5539 ipsorum

1969 5567 2350 5624 insuavitatem
2394 5564 2810 5634 molestiamque
2857 5563 3261 5627 abominantes,
3290 5561 3356 5616 ad
3391 5577 3555 5616 vero-

1968 5674 2088 5713 rum
2141 5659 2448 5726 dogmatum
2506 5655 2888 5710 reetitudinetn
2959 5655 3314 5724 veritatisque
3363 5654 3546 5708 lumen

1969 5757 2369 5803 convertantur.
2423 5745 2766 5800 Conﬂtetnur
2819 5746 3021 5813 itaque,
3071 5753 3124 5797 et
3171 5761 3363 5815 magna
3421 5761 3556 5801 tore
