3994 6428
411 401 515 466 Si?

1291 397 1863 462 APOLOGETICUS
1900 395 2050 458 PRO
2087 394 2356 456 SACRIS
2394 390 2858 454 IMAGINIBL’S

3595 393 3699 455 ιτιι

413 512 701 565 πνεύστων
750 511 987 582 Γραφῶν
1039 507 1325 563 κάνταῦθα
1377 509 1793 581 ἐρανισάμενοι,
1841 503 2035 564 έκ’τε.

2122 503 2368 557 loctt'inis
2411 503 2759 564 haurientes,
2802 517 2923 569 qua!
2962 501 3069 555 sint
3130 502 3407 558 tucutorizc
3464 519 3513 559 et
3574 526 3696 571 ιιιιο

414 604 512 672 τῆς
541 601 651 655 τῶν
685 601 958 671 ἐκκρίτων
995 599 1092 655 καὶ
1118 598 1514 670 εὐσημοτέρων
1546 598 1810 671 Πατέρων
1847 598 2011 668 ἡμῶν

409 693 762 757 διδασκαλίας
804 692 1170 763 ἀρυσάμενοι,
1205 692 1343 762 πρὸς
1378 692 1691 762 ὑπόμνησιν
1724 689 1823 743 καὶ
1862 688 2009 757 diges-

412 784 566 839 λειαν
600 785 710 837 τῶν
740 783 1015 845 εὐπειθῶς
1044 800 1106 835 τε
1143 783 1238 835 καὶ
1265 784 1288 834 ὲ
1299 781 1525 853 μμελῶς
1572 782 1787 845 τούτοις
1818 783 2012 848 ἐντυγ-

414 877 685 947 χανόντων
733 873 1205 945 χρησιμεύσοντα,
1254 874 1352 929 καὶ
1398 876 1630 945 χρήσεις
1669 874 1822 939 τινάς
1872 873 2010 943 τῷδε

417 969 495 1040 τῷ
521 969 818 1039 γράμματι
872 966 961 1020 διὰ
1003 965 1258 1036 βραχέων
1308 966 1702 1020 ὑποτεθεῖσθαι
1743 964 2013 1019 ὲσπουδάυ

420 1079 616 1131 σαμεν,
657 1060 810 1121 ὅπως
843 1058 919 1129 μὴ
951 1057 1150 1111 ταυτὸν
1185 1061 1301 1122 τοῖς
1334 1058 1630 1112 ἀπειθοῦσι
1665 1061 1731 1130 τῇ
1781 1057 2013 1129 ἀληθείᾳ

418 1152 674 1205 πάθοιενο
726 1153 927 1204 ἐκεῖνοι
973 1149 1083 1220 γὰρ
1115 1148 1211 1203 τοῦ
1248 1149 1486 1219 ψεύδους
1535 1150 1691 1212 ὄντες
1749 1149 2008 1221 ἐρασταὶ,

415 1244 513 1299 καὶ
538 1243 677 1316 πρὸς
711 1242 840 1307 τοὺς
870 1242 1129 1313 ἐλέγχους
1175 1243 1274 1312 τῆς
1303 1242 1566 1313 ἀληθείας
1597 1242 1687 1294 ἀεὶ
1725 1241 2013 1313 δυσχεραί-

417 1355 622 1404 νοντες,
653 1338 704 1390 oi
736 1336 837 1407 μὲν
870 1338 936 1406 τῇ
970 1336 1231 1407 ἀπιστίᾳ,
1261 1338 1311 1389 οἱ
1335 1335 1395 1389 δὲ
1426 1337 1495 1406 τῇ
1523 1334 1742 1407 ἀμαθία
1763 1344 2013 1407 προκατυ

420 1431 770 1502 ειλημμένοι,
809 1428 890 1500 τῷ
923 1429 1022 1499 τῆς
1061 1427 1389 1490 δυσσεϐείας
1423 1427 1631 1497 ὀλέθρῳ
1663 1444 1787 1497 περι
1801 1425 2013 1479 πεπτώ-

421 1540 557 1578 κασι
585 1538 599 1553 ·
641 1524 755 1584 τοῖς
788 1520 900 1590 γὰρ
952 1518 1169 1573 ἑαυτῶν
1199 1517 1476 1589 θελήμασι
1508 1516 1884 1587 δουλούμενοι,
1913 1517 2013 1587 τὴν

425 1615 565 1671 ἰδίαν
605 1614 767 1679 δόξαν
801 1615 868 1666 ὲκ
913 1613 1121 1681 πολλῆς
1158 1612 1297 1680 ἄγαν
1329 1610 1592 1675 ἀϐουλίας
1654 1609 1749 1664 καὶ
1784 1609 2013 1679 ἀλογίας

423 1707 772 1761 συνιστάνειν
822 1705 1144 1777 πειρῶνται,
1178 1704 1275 1757 καὶ
1301 1703 1370 1756 τά
1408 1704 1557 1773 σαφῆ
1591 1702 1689 1755 καὶ
1727 1702 1866 1773 ὀρθὰ
1913 1702 2013 1772 τῆς

422 1798 710 1861 εὐσεϐείας
730 1797 1001 1868 δόγματα,
1037 1797 1122 1866 ἐφ’
1147 1795 1182 1850 ἀ
1207 1796 1284 1867 μὴ
1307 1794 1589 1868 προσῆκεν
1615 1798 1679 1847 ἐκ
1702 1795 2014 1866 περιέργων

420 1887 518 1943 καὶ
566 1885 788 1958 φαύλων
849 1887 1186 1958 ζητημάτων
1226 1885 1693 1955 παρευθύνουσιν·
1745 1886 1870 1939 ὅθεν
1917 1885 2015 1939 καὶ

428 1981 676 2052 πατέρας
720 1980 889 2044 ἰδίους
920 1978 1315 2052 χειροτονοῦσι,
1363 1980 1457 2033 καὶ
1490 1978 1846 2041 διδασκάλους
1881 1995 2015 2047 προ-

423 2076 765 2141 καθίζουσι-Ι,
794 2074 843 2127 οἳ
868 2074 967 2143 τῆς
999 2073 1261 2136 ἀσεϐείας
1290 2073 1387 2126 καὶ
1415 2071 1609 2136 ἀθεῒας
1633 2070 2015 2142 προασπισταὶ

423 2166 596 2220 πάλαι
624 2165 909 2235 γεγόνασι,
948 2163 1044 2218 καὶ
1091 2164 1193 2233 τῆς
1239 2164 1538 2234 καθολικῆς
1583 2162 1915 2231 Ἐκκλησίας
1942 2161 2018 2227 ὡς

426 2257 772 2329 πορρωτάτω
806 2254 1239 2326 ἐκσεσοὸημένοι
1264 2255 1666 2325 τυγχάνουσιν
1699 2253 1887 2307 ἀθεῖαν
1908 2253 2018 2323 γὰρ

422 2350 524 2420 τὴν
553 2349 780 2403 ἐκείνων
815 2350 1053 2419 αἵρεσιν,
1090 2348 1141 2400 οἱ
1181 2346 1305 2401 καθ’
1334 2348 1486 2417 ἡμᾶς
1534 2346 1783 2415 θεολόγοι
1814 2347 2016 2410 ὲνθέως

422 2440 786 2511 ὁδηγούμενοι
843 2440 1272 2510 κατωνόμασαν,
1307 2438 1401 2502 οὓς
1434 2438 1775 2509 συνηγόρους
1801 2436 2015 2508 ἔχοντες

424 2535 567 2588 κατά
598 2535 698 2603 τῆς
744 2533 1077 2603 Ἐκκλησίας
1108 2531 1479 2603 ,ὴνδρίσαντοο
1508 2532 1559 2585 οί
1588 2531 1646 2584 δὲ
1682 2530 1914 2603 χρηστοὶ
1942 2530 2019 2594 ὡς

425 2623 708 2688 εὐπειθεῖς
760 2626 856 2678 καὶ
905 2625 1001 2678 τοῦ
1049 2623 1387 2694 Εὐαγγελίου
1433 2623 1704 2695 μαθηταὶ,
1745 2624 1820 2694 μὴ
1876 2623 2021 2692 πέρα

426 2717 520 2771 τιύ
568 2718 783 2781 δέοντος
850 2717 989 2787 πρὸς
1043 2715 1479 2790 περιεργοτέρας
1530 2715 1760 2787 ὲρεύνας
1813 2717 2021 2783 ἀποφέ-

431 2824 627 2879 ροιντο,
660 2807 754 2860 τοῦ
791 2807 990 2880 καρδία
1032 2808 1180 2879 ἁπλῇ
1229 2805 1644 2878 παραδεχθῆναι
1687 2804 2020 2877 δεδεημένου

426 2902 532 2971 τῆς
559 2900 796 2964 πίστεως
836 2900 999 2970 λόγου
1031 2917 1045 2931 ⁸
1078 2900 1318 2964 πίστεως
1346 2900 1454 2971 γὰρ
1501 2900 1633 2954 ίδιον
1669 2899 2021 2971 ἀπεριέργως

429 2994 570 3063 πρὸς
598 2992 661 3047 τὸ
695 2993 1092 3064 πιστευόμενον
1142 2992 1466 3062 προσιόντα,
1502 2992 1649 3063 ἁπλῇ
1703 2994 1771 3063 τῇ
1826 2993 2020 3062 γνώμῃ

430 3088 525 3141 καὶ
577 3088 723 3159 ὁρμῇ
764 3085 1081 3157 αὐθαιρέτῳ
1132 3085 1512 3151 συντίθεσθαι,
1549 3086 1611 3138 οὐ
1659 3084 1769 3156 μὴν
1803 3084 2022 3138 ἀποδεί-

2116 596 2279 650 fectui
2333 597 2587 652 dcci!iter
2635 597 2988 665 studioseque
3025 595 3320 667 legentium
3375 602 3697 667 profutura;

2116 704 2309 758 nempe
2339 689 2546 759 aiiquot
2578 690 2936 743 auctoritates
2985 689 3107 742 huic
3163 691 3527 745 lucubratioui
3578 696 3700 745 hri-—

2115 780 2253 833 viter
2279 779 2608 835 subnectere
2634 782 2972 843 curavimus,
3003 797 3070 835 ne
3104 779 3245 836 lorte
3282 782 3425 836 idem
3459 785 3524 838 iis
3559 789 3701 849 uno-l

2116 871 2408 927 incredulis
2467 874 2774 930 usuveniat.
2847 874 2924 927 Illi
2974 874 3120 929 enim
3168 884 3357 943 utpozc
3433 876 3700 929 mt‘ﬂtlitCli

2115 976 2409 1030 amatores,
2457 975 2515 1021 et
2555 967 2621 1021 ad
2674 967 2922 1021 veritatis
2968 968 3434 1038 oppugnationem
3486 983 3706 1038 sea-per

2115 1059 2457 1127 exasperati,
2510 1059 2603 1113 alii
2654 1060 3070 1125 incredulitate,
3126 1060 3218 1114 alii
3272 1060 3488 1114 inscitia
3540 1075 3706 1112 occu-

2116 1151 2251 1221 pati,
2276 1151 2330 1204 in
2363 1150 2658 1220 impietatis
2678 1152 2906 1206 exitium
2925 1151 3273 1207 deciderunt.
3306 1141 3440 1206 Nam
3469 1151 3706 1222 propriis

2114 1242 2483 1298 voluntatibus
2511 1244 2876 1312 obsequentes
2896 1285 2912 1309 ,
2936 1245 3263 1300 sententiam
3293 1261 3447 1299 suam
3508 1246 3703 1301 ineou-
3756 1230 3759 1233 ’
3790 1260 3795 1263 ·

2116 1333 2417 1390 sidcrantia
2460 1334 2626 1388 multa
2660 1344 2822 1403 atque
2868 1335 3209 1391 absurditate
3255 1336 3586 1392 confirmare
3619 1338 3706 1391 ui-
3790 1328 3795 1333 ’

2119 1435 2327 1491 tuntur,
2356 1433 2411 1480 et
2458 1426 2744 1496 perspicua
2786 1441 2849 1481 ac
2896 1436 3048 1481 recta
3098 1442 3239 1482 vera:
3283 1428 3565 1498 religionis
3606 1431 3710 1483 (Ιο-

2116 1528 2335 1589 gmata,
2390 1519 2456 1573 ad
2518 1518 2849 1587 incongruos
2896 1534 3092 1575 sensus
3145 1520 3380 1574 curiosis
3438 1522 3705 1590 vanisque
3756 1572 3767 1589 .7

2116 1611 2512 1683 quaestionibus
2553 1612 2900 1681 detorquent.
2951 1610 3104 1667 Unde
3143 1612 3310 1666 etiam
3349 1623 3532 1682 patres
3585 1631 3713 1684 pin-

2118 1706 2268 1774 prios
2294 1702 2398 1758 sibi
2444 1703 2708 1774 deligunt,
2762 1712 2820 1758 et
2869 1704 3160 1773 magistros
3216 1708 3563 1760 constituunt
3590 1724 3708 1769 eos.

2086 1797 2209 1867 ἰιιιὶ
2267 1797 2564 1865 impietatis
2595 1803 2648 1850 et
2680 1794 2933 1850 atheisuii
2966 1803 3398 1867 propugnatores
3430 1799 3560 1853 olim
3594 1798 3714 1854 l’ne-

2120 1898 2268 1953 ruut,
2300 1899 2464 1957 atque
2495 1902 2524 1942 a
2574 1886 2845 1941 catholica
2881 1887 3129 1943 Ecclesia
3182 1904 3347 1958 quam
3388 1889 3712 1961 longissime

2118 1980 2353 2038 submoti
2377 1979 2618 2035 fuerunt.
2652 1978 2902 2050 Namque
2938 1979 3190 2035 atheismi
3220 1984 3444 2038 nomine
3474 1984 3708 2053 theologi

2120 2073 2318 2140 nostri,
2352 2071 2618 2127 divinitus
2642 2072 2913 2139 instincti,
2968 2073 3187 2129 illorum
3234 2075 3488 2133 haeresim
3530 2078 3710 2132 nenii-

2122 2174 2517 2236 uaruut;quos
2565 2165 2652 2219 isti
2705 2164 3005 2221 auxiliares
3054 2167 3359 2234 habentes,
3397 2178 3586 2225 contra
3620 2171 3715 2225 Ec.

2119 2257 2342 2311 ciesiam
2391 2256 2538 2311 vires
2595 2265 2967 2326 sumpserunt.
2998 2256 3076 2311 Pii
3107 2268 3314 2324 autem,
3373 2267 3561 2331 utpote
3615 2264 3713 2316 do-

2121 2349 2251 2405 ciles
2291 2348 2571 2420 Evangelii
2604 2350 2886 2417 discipuli,
2924 2360 3155 2406 caveant
3183 2367 3253 2407 ne
3284 2352 3426 2407 ultra
3464 2355 3711 2408 debitum

2122 2445 2189 2499 ad
2234 2445 2576 2499 curiosiores
2625 2443 3022 2513 vestigationes
3071 2456 3404 2511 excurrant,
3455 2449 3712 2515 quoniam

2124 2535 2246 2591 ﬁdei
2283 2536 2534 2592 doctrina
2556 2536 2723 2591 corde
2769 2536 3003 2607 simplici
3038 2538 3205 2607 recipi
3239 2552 3298 2594 se
3328 2540 3583 2609 postulat.
3621 2540 3716 2595 Εηι

2123 2630 2269 2685 enim
2313 2630 2439 2684 litlei
2490 2629 2796 2700 proprium,
2833 2639 2893 2683 ut
2936 2629 3216 2686 incuriose
3264 2632 3332 2687 ad
3384 2635 3712 2687 credendum

2123 2722 2434 2789 incumbat,
2478 2732 2663 2776 mente
2728 2721 3003 2790 simplici,
3053 2733 3468 2794 spontauroqne
3509 2727 3713 2796 impetu

2124 2812 2449 2881 consentiat,
2479 2827 2588 2867 non
2614 2813 3115 2868 demonstrationes
3141 2817 3414 2883 exquirat,
3467 2832 3573 2872 non
3610 2817 3697 2872 de-

2126 2904 2290 2974 nique
2311 2906 2600 2960 verborum
2635 2902 3026 2959 certaminibus
3052 2905 3188 2959 nihil
3222 2906 3474 2962 utilitatis
3506 2908 3714 2962 haben-

2128 2995 2291 3062 tibus,
2322 2995 2416 3050 sed
2448 2995 2838 3051 detrimentum
2875 2996 3055 3065 potius
3083 3011 3190 3050 non
3215 3000 3486 3053 modicum
3519 3003 3717 3055 animae

2127 3088 2498 3158 parientibus,
2552 3087 2870 3143 immoretur
2903 3085 3039 3158 (8i).
3066 3085 3181 3142 Hoc
3205 3096 3290 3144 est
3334 3089 3714 3145 haereticorum

433 3175 547 3242 ξεις
587 3175 888 3246 ἐπιζητεῖν,
922 3175 1019 3228 καὶ
1045 3174 1414 3244 λογομαχίαις
1455 3174 1536 3236 είς
1566 3172 1721 3225 οὐδὲν
1748 3171 2023 3243 χρήσιμον

2128 3181 2407 3246 studium;
2458 3180 2561 3235 hoc
2607 3178 2953 3233 ethnicorum
2995 3179 3312 3245 artiﬁcium,
3350 3182 3444 3252 qui
3506 3183 3717 3236 vaniln.

433 3268 845 3335 συντελούσαις,
908 3267 1110 3338 μᾶλλον
1151 3267 1210 3321 δὲ
1267 3265 1467 3334 βλάδος
1533 3265 1594 3319 οὐ
1651 3265 1851 3338 μικρὸν
1901 3268 2022 3330 ταῖς

429 3359 637 3430 ψυχαῖς
661 3359 1064 3424 ἐντικτούσαίς,
1097 3375 1226 3412 συντ
1236 3357 1514 3430 ρίύεσθαιο
1544 3356 1705 3411 τοῦτο
1727 3357 2024 3430 αίρετικῶν

429 3453 739 3524 ἀνθρώπων
761 3453 818 3506 τὸ
842 3451 1186 3523 ἐπιτήδευμα
1207 3468 1221 3481 ’
1250 3450 1411 3505 τοῦτο
1448 3450 1721 3521 Ἐλλήνων
1739 3450 1801 3504 τὸ
1826 3451 2023 3525 τέχνα-

435 3562 573 3614 σμα,
600 3544 650 3598 οἳ
698 3544 1120 3615 ματαιολογίαις
1150 3544 1245 3597 καὶ
1273 3543 1497 3614 λέσχαις
1527 3541 1717 3613 ἀηδέσι
1755 3542 2023 3612 πονούμε-

430 3654 538 3703 νοι,
576 3638 779 3707 πολλῆς
830 3637 1103 3709 φλυαρίας
1156 3634 1391 3700 ἑαυτούς
1437 3652 1497 3688 τε
1546 3636 1641 3689 καὶ
1685 3635 1814 3699 τοὺς
1855 3634 2025 3698 πέλας

431 3729 880 3800 ἀποπληροῦσιν,
933 3728 1059 3797 εἰκῆ
1096 3726 1189 3781 τὸν
1237 3726 1377 3797 ἀέρα
1429 3724 1780 3796 πλήττοντες,
1811 3726 1917 3794 τῆς
1967 3726 2024 3779 δὲ

430 3825 703 3897 ἀληθείας
752 3825 1067 3897 ὁλοτρόπως
1119 3822 1636 3892 ἀποτυγχάνοντες·
1678 3822 1740 3875 τὺ
1787 3822 1897 3891 γάρ
1942 3839 2026 3875 τοι

432 3917 770 3989 ζυγομαχεῖν
827 3916 937 3970 τῶν
999 3914 1456 3986 ὁμολογουμένων
1516 3913 1612 3968 καὶ
1678 3912 2026 3985 φαινομένων

431 4011 665 4076 εἵνεκεν,
699 4010 907 4081 ὁπόσης
954 4009 1145 4071 ἀνοίας
1177 4008 1274 4062 καὶ
1324 4005 1650 4075 ἀϐελτερίας
1681 4005 1853 4072 ἄξιον,
1904 4006 2027 4059 οὐδὲ

429 4101 674 4166 ἐξειπεῖν
696 4100 847 4153 ἐστιν
868 4115 881 4128 '
917 4097 1432 4169 εὐγνωμονέστερον
1458 4095 1517 4148 δὲ
1543 4097 1593 4148 oi
1618 4097 2028 4167 χρηστομαθεῖς

432 4189 847 4262 προσαγόμενοι
881 4189 977 4242 καὶ
991 4187 1433 4260 εὐπειθέστερον,
1468 4186 1703 4257 εὐὴκοον
1756 4185 1851 4250 οὓς
1885 4204 2028 4258 παρ-

430 4283 721 4352 εχέτωσαν
784 4283 901 4344 τοῖς
930 4280 1230 4350 διδάγμασι
1261 4276 1357 4331 τοῦ
1391 4278 1737 4348 Πνεύματος,
1765 4280 1865 4350 τὴν
1898 4279 2027 4349 περὶ

438 4373 555 4426 τῶν
600 4371 948 4444 τηλικούτων
997 4371 1328 4443 παραίνεσιν
1362 4368 1656 4434 δέξασθαι·
1706 4369 1887 4435 πίστις
1916 4370 2027 4442 γάρ

432 4465 576 4538 μόνη
609 4464 790 4520 ταῦτα
820 4466 1012 4536 χωρεῖ,
1045 4464 1346 4533 λογισμοὺς
1369 4461 1754 4535 ἀνθρωπίνους
1777 4464 2022 4534 ἀποκρύ-

431 4574 670 4624 πτουσα,
702 4558 795 4611 καὶ
820 4557 851 4609 ὁ
880 4557 1018 4627 πρὸς
1048 4556 1117 4609 τά
1146 4555 1269 4608 θεῖα
1290 4554 1401 4608 τῶν
1427 4553 1687 4624 ἐκθύμως
1721 4557 1853 4625 περὶ
1884 4557 2024 4609 αὐτά

2128 3271 2369 3341 quentiis
2416 3283 2470 3326 et
2499 3267 2795 3338 injucunda
2828 3268 3163 3340 loquacitate
3210 3281 3386 3327 semet
3412 3272 3717 3345 defatigan-

2133 3371 2231 3426 tes,
2268 3360 2437 3414 multa
2488 3361 2701 3429 seipsos
2766 3360 3083 3429 nugacitate
3135 3369 3192 3415 et
3246 3363 3528 3431 proximos
3560 3379 3711 3419 coni-

2128 3450 2300 3526 plettl,
2328 3450 2533 3505 frustra
2559 3464 2742 3504 aerem
2777 3450 3164 3518 verberantes,
3197 3467 3227 3505 a
3263 3453 3494 3509 veritate
3532 3467 3715 3510 autem

2127 3558 2355 3614 prorsus
2401 3542 2785 3600 abhorrentes.
2838 3541 3083 3613 Namque
3129 3545 3404 3601 obluctari
3447 3549 3718 3603 adversus

2128 3635 2401 3691 evidentia
2432 3645 2487 3689 et
2523 3633 2801 3701 confessa,
2846 3646 3066 3705 quanta:
3104 3639 3178 3692 sit
3208 3637 3499 3695 dementia:
3534 3649 3589 3695 et
3628 3658 3717 3695 ru-

2110 3729 2384 3784 ’sticitatis
2408 3726 2666 3794 cilicium,
2689 3728 2797 3784 dici
2831 3731 3045 3800 nequit.
3074 3731 3145 3787 At
3167 3733 3310 3787 enim
3337 3733 3596 3790 libentius
3625 3736 3716 3803 qni

2127 3832 2252 3877 sunt
2279 3820 2431 3875 bona:
2473 3820 2547 3874 rei
2577 3817 2762 3888 cupidi
2794 3828 2850 3874 et
2901 3821 3132 3878 docilies
3173 3824 3552 3892 attendentes,
3574 3827 3719 3889 faci-

2127 3916 2233 3971 lem
2261 3929 2448 3969 aurem
2498 3912 2779 3982 praebeant
2807 3912 3047 3982 Spiritus
3092 3916 3425 3985 magisterio,
3468 3927 3633 3988 atque
3665 3922 3717 3973 iu

2130 4005 2295 4061 rebus
2353 4003 2663 4073 hujusmodi
2729 4005 3160 4061 admonitionem
3213 4007 3525 4066 admittant.
3582 4010 3717 4066 Nam

2129 4099 2244 4155 sola
2281 4097 2412 4151 lides
2439 4097 2554 4162 hac
2593 4095 2816 4166 recipit,
2851 4096 3088 4152 humana
3127 4100 3417 4155 ratiocinia
3446 4102 3717 4169 devitans,

2128 4197 2184 4244 et
2216 4188 2431 4244 illorum
2475 4186 2645 4241 mirus
2678 4186 2989 4241 divinarum
3044 4203 3227 4242 rerum
3269 4206 3444 4258 amor,
3501 4195 3592 4263 qui
3652 4197 3718 4248 ad

2131 4279 2257 4336 talia
2294 4294 2360 4334 ex
2398 4277 2578 4331 animo
2608 4276 2965 4342 incumbunt;
3001 4287 3059 4330 ut
3085 4278 3381 4335 doeilitatis
3420 4297 3533 4335 sum
3562 4285 3716 4352 quasi

2106 4383 2340 4445 partum
2369 4369 2725 4440 multiplicem
2753 4376 2961 4424 metant
2984 4368 3217 4424 fructum
3240 4388 3256 4438 ;
3283 4371 3351 4426 ab
3389 4389 3452 4427 eo
3485 4377 3574 4445 qui
3604 4375 3721 4431 iure

2135 4468 2364 4522 reddere
2391 4478 2513 4517 cum
2540 4474 2706 4516 usura
2735 4461 2861 4525 scit,
2899 4460 3144 4530 insignes
3189 4461 3580 4523 retributiones
3603 4507 3619 4533 ,
3659 4480 3719 4523 ut

2132 4564 2376 4627 sperant,
2411 4554 2605 4608 idoneo
2646 4567 2890 4623 tempore
2930 4553 3221 4623 recepturi.

428 4650 799 4721 διακειμένων
825 4648 1010 4713 ἔνθεος
1034 4647 1195 4718 ἔρως,
1226 4647 1312 4701 ἵνα
1336 4647 1433 4700 καί
1490 4647 1599 4701 τῶν
1625 4648 1724 4717 τῆς
1745 4647 2060 4713 εὐπειθείας
2095 4650 2309 4704 ὠδίνων
2392 4644 2665 4717 πολύχουν
2696 4646 2958 4718 ἀμήσωσι
3006 4646 3099 4700 τὸν
3144 4649 3380 4719 καρπον,
3419 4654 3570 4727 παρὰ
3622 4656 3719 4711 τοῦ

428 4742 610 4799 ταῦτα
646 4743 965 4813 έπιμετρεῖν
992 4739 1222 4803 εἰδότος,
1252 4737 1498 4802 εὐκλεεῖς
1532 4739 1630 4800 τὰς
1662 4737 1900 4807 ἀμοιϐάς
1938 4740 2012 4803 ὡς
2054 4740 2337 4812 εὐέλπιδες
2368 4738 2646 4809 εὐκαίρως
2673 4735 3108 4808 ἀποληψόμενοι.

518 4839 621 4892 Ἐκ
651 4836 759 4892 τοῦ
794 4835 946 4890 κατὰ
991 4833 1282 4903 Ἰωάννην
1310 4834 1485 4904 ἁγίου
1518 4832 1915 4903 Εὐαγγελίου.
1957 4867 2023 4877 -

2200 4834 2368 4906 258
2442 4832 2527 4887 Ea:
2583 4841 2768 4887 sancto
2854 4832 3142 4901 Evangelia
3208 4838 3498 4894 secundum
3549 4842 3723 4899 Joan-

431 4930 714 4985 Ἤκουσεν
758 4930 787 4982 ὁ
830 4926 1039 4999 Ἰησοῦς
1088 4928 1171 4984 ὃτι
1224 4925 1484 4992 ἐξέϐαλον
1535 4926 1641 4980 τόν
1672 4942 1805 4979 ποτε
1830 4926 2033 4995 τυφλὶν

2130 4945 2246 4981 nem
2280 4928 2348 4981 ³⁸.
2381 4956 2451 4968 --
2490 4925 2711 4980 Audivit
2741 4923 2923 4987 Jesus,
2957 4927 3100 4994 quod
3133 4943 3254 4981 eum
3291 4931 3383 5000 qui
3429 4944 3589 4990 antea
3619 4953 3722 4993 ca:-

428 5025 575 5093 εξω’
610 5025 709 5079 καὶ
741 5022 922 5095 εὐρὼν
947 5023 1113 5077 αὐτὸν
1142 5017 1299 5076 εἶπεν
1321 5021 1473 5092 αὐτῷ
1494 5039 1507 5052 ·
1537 5022 1610 5075 Συ
1647 5021 1927 5085 πιστεύεις
1952 5026 2032 5085 είς

427 5119 527 5173 τὸν
553 5118 678 5172 Υίδν
702 5117 797 5171 τοῦ
828 5115 1002 5183 Θεοῦς
1043 5114 1345 5187 Ἀπεκρίθη
1371 5116 1581 5178 ἐκεῖνος
1611 5117 1704 5169 καὶ
1730 5111 1850 5168 εἷπε
1871 5133 1886 5147 ο
1915 5115 2028 5168 Καὶ

427 5212 519 5276 τίς
555 5213 700 5277 ἐστι,
741 5209 940 5282 Κύριε,
996 5206 1088 5262 ἵνα
1127 5207 1407 5262 πιστεύσω
1432 5208 1514 5271 εἰς
1563 5207 1770 5272 αὐτόνς
1807 5203 1942 5261 Eine
1968 5208 2024 5261 δὲ

428 5304 586 5377 αὐτῷ
615 5307 644 5359 ὀ
684 5302 919 5376 Ἰησοῦς,
952 5302 1063 5357 Καὶ
1094 5300 1351 5372 ἑώρακας
1402 5300 1588 5365 αὐτὸν,
1643 5301 1740 5353 καὶ
1768 5303 1796 5354 ὁ
1846 5301 2025 5354 λαλῶν

434 5399 577 5470 μετά
605 5397 723 5462 σοῦ,
748 5395 955 5459 ἐκεῖνός
982 5395 1151 5447 ἐστιν.
1179 5393 1239 5447 '0
1262 5393 1317 5447 δὲ
1343 5392 1450 5463 ἔφη
1468 5411 1480 5423 ·
1507 5393 1775 5457 Πιστεύω,
1813 5394 1982 5464 Κύριε
2003 5410 2018 5425 ο

428 5489 528 5542 καὶ
563 5485 977 5559 προσεκύνησεν
1005 5482 1175 5555 αὐτῷ.

505 5624 551 5657 ⁸ο
588 5624 747 5680 Joan.
792 5641 874 5692 Ix,
907 5624 1105 5681 55-58.

2127 5035 2223 5077 cus
2274 5020 2488 5085 fuerat,
2549 5019 2695 5073 foras
2730 5018 3076 5087 t‘jecissent:
3134 5030 3192 5076 et
3244 5038 3367 5077 cum
3422 5025 3723 5085 invenisset

2133 5128 2283 5176 eum,
2315 5112 2452 5167 dixit
2485 5111 2536 5168 ei
2571 5110 2688 5166 :Tu
2717 5111 2893 5167 credis
2922 5111 2974 5166 in
3008 5111 3205 5167 Filium
3248 5117 3340 5171 Dei
3366 5116 3389 5169 ?
3411 5118 3721 5189 Respondit

2134 5190 2225 5260 ille
2247 5205 2461 5260 etdixit
2502 5221 2517 5259 :
2547 5203 2614 5258 Et
2641 5204 2765 5273 quis
2799 5211 2901 5267 est,
2930 5219 2964 5258 ο
2991 5204 3236 5271 Domine,
3286 5218 3344 5261 ut
3391 5211 3614 5266 credam
3667 5215 3720 5269 in

2133 5295 2302 5353 cum?
2334 5296 2478 5351 Dixit
2512 5307 2693 5351 autem
2718 5295 2765 5351 ei
2790 5293 2952 5351 Jesus
2989 5314 3001 5349 :
3034 5294 3104 5351 Et
3141 5298 3322 5353 vidisti
3346 5315 3469 5355 eum
3497 5320 3512 5356 :
3542 5314 3597 5358 et
3625 5306 3721 5374 qui

2133 5390 2372 5460 loquitur
2400 5400 2600 5453 tecum,
2630 5389 2746 5459 ipse
2771 5395 2873 5443 est.
2902 5388 2996 5443 Ille
3020 5403 3150 5444 vero
3180 5393 3259 5444 ait
3291 5405 3307 5444 :
3342 5392 3518 5449 Credo
3541 5432 3558 5459 ,
3615 5396 3722 5453 Do-

2131 5482 2296 5538 tniue.
2332 5480 2392 5536 Et
2421 5481 2667 5538 adoravit
2693 5497 2835 5538 cum.

505 5758 619 5842 (δι)
665 5760 1136 5844 νξειςερεςςεσιῖτεκω,
1183 5761 1304 5817 “dei
1377 5762 1659 5844 εειῑιξίῆίςίη
1693 5764 2090 5844 ἀίζίῖιιὶιὶςιτιυιιι,
2133 5780 2320 5827 contra
2370 5787 2690 5844 perversam
2740 5774 3117 5830 hereticorum
3176 5778 3497 5837 libertatem.
3554 5780 3719 5842 Multa

431 5830 743 5902 hujusmodi
775 5830 998 5889 infraiu
1043 5830 1263 5887 Patrum
1298 5836 1717 5891 auctoritatibus
1752 5838 2014 5894 invenies.
