3994 6432
464 374 569 441 815

1490 375 1553 433 S.
1595 369 2017 434 NICEPHORI
2057 369 2565 431 PATRIARCILE
2604 371 2713 431 CP.

3628 383 3722 450 816

538 486 624 542 Ex
657 486 837 564 eodem
864 486 929 540 ⁸¹.
974 516 1043 525 -
1065 484 1360 556 Propterea
1388 500 1496 540 non
1527 493 1780 553 poterant
1808 485 2048 547 credere,

2176 483 2194 499 '
2236 482 2352 538 Τοῦ
2381 484 2591 538 αὐτοῦ.
2621 512 2689 522 -
2710 483 2811 537 Διά
2838 483 2998 538 τοῦτο
3027 486 3127 540 οὐκ
3154 487 3418 557 ἠδύναντο
3440 497 3721 564 πιστεύειν,

465 580 591 647 quia
614 558 745 633 olim
772 579 911 633 dixit
941 575 1163 633 lsaias-:
1197 566 1507 631 Excaecavit
1532 576 1719 631 oculos
1751 590 1966 638 eorum,
1995 584 2049 628 et

467 671 744 727 induravit
771 686 869 726 cor
895 685 1109 737 eorum,
1137 679 1197 725 ut
1229 686 1334 724 non
1368 669 1587 724 videant
1610 668 1815 733 oculis,
1855 679 1909 722 et
1938 683 2046 722 non

464 764 769 833 intelligant
815 765 1003 828 corde,
1029 772 1084 818 et
1128 771 1553 824 convertantur,
1587 770 1645 816 et
1697 776 1884 815 sanem
1929 777 2044 815 eos.

462 857 591 913 llaec
618 857 757 912 dixit
816 856 1010 924 lsaias,
1035 856 1254 924 quando
1284 855 1417 908 vidit
1451 853 1678 925 gloriam
1704 853 1841 922 ejus.
1869 861 1925 907 et
1971 853 2050 908 lo-

466 961 628 1005 cutus
664 956 750 1002 est
802 947 870 1002 de
915 961 1000 1001 eo.
1051 945 1443 1002 Verumtamen
1483 953 1539 999 et
1590 958 1656 999 ex
1708 944 2047 1015 principibus

463 1043 615 1096 ιιίιιΙιί
664 1039 1016 1094 crediderunt
1068 1037 1120 1092 in
1159 1052 1323 1103 eum;
1366 1038 1461 1090 sed
1502 1046 1724 1106 propter
1745 1035 2049 1094 Phariswos

461 1151 568 1189 non
601 1130 1025 1195 conﬁtebantur,
1045 1143 1113 1184 ne
1139 1142 1291 1184 extra
1321 1128 1664 1199 Synagogam
1706 1127 1918 1186 ﬁerent.
1953 1129 2047 1184 Di-

461 1226 709 1281 lexeruut
741 1224 886 1279 enim
912 1223 1142 1295 gloriam
1179 1221 1460 1277 hominum
1496 1219 1671 1291 magis
1716 1234 1878 1290 quam
1928 1220 2047 1291 glo-

452 1322 595 1375 'I‘iam
625 1320 740 1375 Dei.

533 1501 617 1555 Et
643 1500 822 1555 eodem
853 1499 922 1552 δ’.
953 1528 1021 1539 -
1044 1496 1284 1552 Creditis
1315 1495 1367 1549 iu
1399 1494 1593 1558 Deum,
1617 1501 1673 1547 et
1703 1492 1756 1548 in
1795 1509 1883 1550 me
1921 1510 2045 1552 cre-

461 1596 591 1647 dite.

446 1734 461 1740 -
532 1683 718 1737 Sancti
744 1680 1169 1752 apostolil’auli
1202 1697 1265 1733 ea:
1294 1678 1537 1749 Epistula
1572 1682 1641 1735 ad
1667 1682 1955 1736 Romanus.
1981 1712 2050 1723 —

458 1775 701 1828 Credidit
722 1774 997 1828 Abraham
1019 1772 1151 1839 Deo,
1171 1781 1222 1826 et
1249 1783 1557 1842 reputatum
1582 1780 1665 1830 est
1681 1775 1780 1844 ipsi
1803 1776 1869 1829 ad
1885 1775 2048 1845 justi-

2158 574 2243 628 ὅτι
2276 573 2449 628 πάλαι
2502 570 2660 628 εἶπεν
2711 573 2940 639 Ἡσαΐας
2960 592 2973 606 ο
3005 577 3371 647 Τετύφλωκεν
3402 582 3579 638 αὐτῶν
3605 589 3725 655 τοὺς

2156 666 2498 738 ὀφθαλμοὺς,
2551 666 2649 719 καὶ¹
2706 665 3053 740 πεπὼρωκεν
3104 670 3289 723 αὐτῶν
3336 671 3436 745 τήν
3486 677 3724 749 καρδίαν,

2158 760 2248 815 ἵνα
2275 761 2351 832 μὴ
2376 760 2531 814 ἴδωσι
2554 761 2670 824 τοῖς
2697 760 3021 831 ὀφθαλμοῖς,
3041 762 3137 815 καὶ
3158 764 3398 834 νοήσωσι
3429 768 3493 837 τῇ
3516 770 3724 844 καρδίᾳ,

2156 854 2252 908 καὶ
2286 853 2674 925 ἐπιστραφῶσι
2709 855 2807 908 καὶ⁹
2836 855 3080 925 ίάσωμαι
3112 857 3334 921 αὐτούς.
3374 858 3555 914 Ταῦτα
3583 858 3727 919 εἶπεν

2168 945 2426 1011 Ἡσαΐας,
2450 947 2543 1000 ὅτε
2575 939 2689 1000 εἶδε
2715 945 2817 1017 τὴν
2842 946 3005 1011 δόξαν
3038 948 3207 1001 αὐτοῦ
3230 950 3328 1003 καὶ
3345 950 3574 1022 ἐλάλησε
3610 954 3730 1026 περὶ

2155 1036 2329 1092 αὐτοῦ
2350 1053 2367 1069 ο
2399 1038 2553 1108 ὅμως
2592 1038 2810 1116 ,μέντοι
2856 1038 2953 1092 καὶ
2993 1040 3059 1092 ἐκ
3089 1039 3201 1094 τῶν
3232 1040 3513 1112 ἀρχόντων
3551 1044 3730 1102 πολλοὶ

2155 1130 2490 1185 ἐπίστευσαν
2541 1131 2624 1194 είς
2662 1130 2862 1197 ἀύτὸν,
2912 1131 3052 1186 ἀλλὰ
3082 1131 3170 1187 διὰ
3233 1135 3362 1198 τοὺς
3410 1137 3731 1207 Φαρισαίους

2154 1224 2254 1294 οὐχ
2299 1224 2642 1294 ὡμολόγουν,
2691 1224 2779 1277 ἵνα
2847 1224 2922 1297 μὴ
2960 1225 3386 1295 ἀποσυνάγωγοι
3434 1227 3726 1297 γένωνται·

2155 1313 2458 1383 ἠγάπησαν
2504 1315 2614 1386 γάρ
2651 1313 2751 1385 τὴν
2783 1313 2945 1379 δόξαν
2991 1314 3104 1369 τῶν
3151 1315 3466 1389 ἀνθρώπων
3513 1318 3728 1389 μᾶλλον,

2156 1409 2304 1478 ἤπερ
2330 1410 2430 1477 τὴν
2455 1408 2616 1473 δόξαν
2648 1409 2744 1462 τοῦ
2784 1410 2946 1464 Θεοῦ.

2231 1499 2350 1554 Τοῦ
2391 1500 2601 1555 αὐτοῦ.
2642 1531 2714 1540 -
2750 1502 3046 1556 Πιστεύετε
3098 1504 3179 1568 είς
3223 1505 3318 1558 τὸν
3349 1504 3503 1570 Θεὸν,
3541 1507 3632 1562 καὶ
3658 1511 3732 1574 είς

2154 1591 2258 1660 ἐμὲ
2309 1590 2621 1645 πιστεύετε.
3312 1659 3317 1663 η

2231 1680 2348 1736 Τοῦ
2395 1684 2569 1752 ἁγίου
2614 1684 2967 1740 ἀποστόλου
3018 1685 3267 1741 Παύλου
3322 1686 3393 1741 ἐκ
3423 1686 3538 1757 τῆς
3590 1689 3734 1759 πρὸς

2170 1773 2492 1843 Ῥωμαίους
2534 1777 2914 1845 Ἐπιστολῆς.
2934 1807 3005 1816 -
3039 1777 3367 1831 Ἐπίστευσε
3400 1779 3458 1832 δὲ
3490 1779 3735 1851 Ἀϐραὰμ

462 1872 610 1921 tiam.
636 1866 897 1937 Operanti
927 1875 1108 1922 autem
1141 1881 1354 1921 merces
1396 1883 1503 1922 non
1530 1869 1831 1938 imputatur
1854 1882 2048 1923 secun-

2161 1866 2231 1938 τῷ
2285 1866 2428 1939 Θεῷ,
2471 1869 2569 1922 καὶ
2609 1870 2865 1943 ἐλογίσθη
2915 1870 3064 1942 αὐτῷ
3117 1874 3199 1935 είς
3236 1872 3628 1944 δικαιοσύνην·
3662 1874 3737 1945 τῷ

458 1962 586 2014 dum
619 1961 873 2029 gratiam,
910 1959 1005 2014 sed
1037 1961 1333 2015 secundum
1369 1959 1634 2016 debitum.
1662 1959 1776 2016 Non
1798 1962 2044 2030 operanti

459 2061 639 2106 autem
662 2091 677 2117 ,
713 2050 811 2107 sed
858 2050 1104 2106 credenti
1140 2051 1195 2105 in
1234 2066 1357 2106 eum
1394 2050 1774 2122 qnijustiﬁcat
1799 2052 2046 2121 impium,

437 2152 746 2215 ‘reputatur
768 2143 899 2198 ﬁdes
921 2144 1042 2214 ejus
1058 2146 1121 2197 ad
1138 2143 1436 2214 justitiam.
1465 2145 1622 2201 Sicut
1643 2157 1698 2202 et
1718 2145 1885 2200 David
1913 2146 2051 2200 dicit

459 2237 845 2291 beatitudinem
866 2236 1123 2301 hominis,
1139 2238 1226 2291 cui
1254 2236 1395 2292 Deus
1410 2248 1634 2308 accepto
1653 2237 2046 2308 fertjnstitiam

460 2331 580 2386 sine
597 2331 873 2401 operibus.
903 2329 1055 2385 Beati
1091 2346 1321 2401 quorum
1360 2332 1603 2387 remissae
1630 2334 2039 2403 suntiniquita-

463 2437 568 2491 tes,
593 2434 649 2479 et
668 2440 902 2495 quorum
928 2436 1071 2483 tecta
1090 2435 1478 2496 suntpeccata.
1500 2425 1703 2483 Beatus
1724 2426 1806 2480 vir
1822 2428 1910 2481 cui
1941 2443 2046 2481 non

462 2519 816 2588 imputaverit
847 2519 1113 2574 Dominus
1142 2526 1433 2589 peccatum
1456 2518 1520 2574 ⁸³.
1557 2518 1625 2574 Et
1658 2534 1882 2574 rursus:
1917 2518 2050 2586 Qua:

464 2623 644 2666 autem
678 2627 746 2666 ex
796 2609 902 2665 ﬁde
933 2620 1017 2666 est
1060 2610 1397 2680 justitia,sic
1432 2611 1558 2667 dicit
1597 2630 1612 2667 :
1648 2611 1729 2668 Ne
1758 2599 1964 2668 dixeris
1996 2612 2047 2666 in

462 2707 626 2759 corde
652 2716 760 2768 tuo,
793 2704 928 2772 Quis
950 2704 1206 2759 ascendet
1246 2705 1298 2759 in
1330 2704 1562 2759 cadum?
1585 2705 1636 2760 id
1669 2704 2049 2760 estChristum

463 2798 750 2851 deducere.
782 2796 888 2850 Ant
922 2798 1044 2867 quis
1073 2796 1367 2852 descendet
1392 2797 1446 2849 in
1498 2796 1801 2867 abyssum!
1833 2798 1934 2852 hoc
1966 2807 2051 2850 est

462 2889 738 2943 Christum
767 2905 796 2942 a
829 2888 1060 2944 mortuis
1086 2903 1348 2944 revocare
1380 2886 1448 2944 “.
1485 2888 1553 2945 Et
1599 2906 1783 2947 rursus
1817 2904 1835 2943 :
1870 2889 2050 2945 Corde

463 2981 679 3049 quidem
714 2981 959 3035 creditur
986 2980 1052 3034 ad
1079 2978 1377 3047 justitiam,
1410 2996 1507 3035 ore
1543 2990 1727 3035 autem
1774 2981 2050 3036 confessio

468 3075 529 3123 tit
559 3073 625 3125 ad
658 3072 887 3126 salutem
921 3069 989 3125 “.
1027 3070 1095 3125 Et
1123 3088 1332 3135 rursus,
1364 3075 1430 3125 de
1476 3073 1609 3127 cibis
1634 3072 1895 3131 disserens
1930 3073 2007 3126 ait
2029 3089 2050 3127 ξ

464 3160 602 3227 Quia
621 3160 709 3230 qui
746 3161 1028 3226 discernit,
1062 3161 1108 3215 si
1150 3162 1578 3230 manducaverit,
1619 3162 1908 3221 damnatus
1940 3171 2045 3228 est,

2147 1961 2204 2015 δὲ
2240 1950 2681 2035 ἐργαζομένῳῆό
2717 1964 2912 2036 μισθὸς
2950 1966 3010 2019 οὐ
3043 1965 3323 2035 λογίζεται
3357 1967 3504 2020 κατὰ
3556 1969 3733 2038 χάριν,

2147 2055 2288 2110 ἀλλὰ
2342 2056 2486 2110 κατὰ
2518 2057 2828 2129 ὀφείλημα*
2880 2057 2959 2127 τῷ
3006 2057 3062 2110 δὲ
3096 2058 3173 2128 μὴ
3222 2058 3605 2130 ἐργαζομένῳ,
3648 2076 3736 2112 πι-

2149 2146 2397 2201 στεύοντι
2425 2147 2484 2201 δὲ
2514 2149 2608 2201 ἐπὶ
2633 2148 2727 2201 τὸν
2757 2147 3082 2203 δικαιοῦντα
3108 2148 3200 2202 τὸν
3227 2149 3432 2219 ἀσεϐῆ,
3460 2148 3734 2219 λογίζεται

2147 2239 2181 2308 ἡ
2215 2238 2404 2301 πίστις
2433 2236 2601 2293 αὐτοῦ
2645 2240 2725 2301 εἰς
2746 2239 3104 2311 δικαιοσύνην
3127 2255 3141 2269 ⁶
3165 2239 3426 2315 καθάπερ
3459 2242 3554 2295 καὶ
3580 2242 3738 2296 Δαϐὶδ

2148 2330 2299 2401 λέγει
2331 2332 2425 2385 τὸν
2470 2331 2830 2403 μακαρισμὸν
2852 2330 2949 2385 τοῦ
2980 2333 3299 2404 ἀνθρώπου,
3336 2326 3383 2402 ᾧ
3418 2333 3448 2386 ό
3479 2334 3616 2398 Θεὸς
3656 2335 3741 2388 λο-

2149 2423 2366 2491 γίζεται.
2417 2423 2772 2495 δικαιοσύνην
2849 2423 3024 2495 χωρὶς
3080 2423 3299 2495 ἔργων·
3329 2425 3619 2498 Μακάριοι
3669 2419 3743 2481 ὧν

2149 2516 2437 2587 ἀφέθησαν
2500 2516 2557 2569 al
2607 2516 2853 2586 ἀνομίαι,
2906 2510 3127 2578 καὶ-ὧν
3175 2516 3648 2587 ἐπεκαλύφθησαν
3687 2520 3739 2571 αἱ

2151 2608 2423 2679 ἁμαρτίαι
2444 2622 2457 2636 ⁸
2487 2608 2760 2679 μακάριος
2803 2607 2944 2678 ἀνὴρ
3033 2608 3096 2660 οὐ
3122 2608 3199 2679 μὴ
3222 2607 3517 2677 λογίσηται
3543 2609 3743 2681 Κύριος

2149 2699 2453 2770 ἁμαρτίαν.
2480 2700 2585 2753 Kal
2605 2698 2791 2752 πάλιν
2811 2715 2826 2730 ’
2866 2698 2929 2754 'u
2955 2699 3011 2751 δέ
3041 2700 3107 2753 ἐκ
3136 2699 3378 2764 πίστεως
3404 2699 3743 2769 δικαιοσύνη,

2149 2792 2325 2855 οὓτως
2357 2791 2535 2860 λέγει’
2571 2793 2662 2863 Μὴ
2694 2793 2855 2864 εἴπῃς
2891 2793 2949 2845 ἐν
2975 2794 3044 2864 τῇ
3077 2793 3276 2865 καρδίᾳ
3305 2810 3428 2860 σου,
3475 2793 3575 2857 Τίς
3616 2795 3740 2847 ava-

2151 2885 2388 2956 ϐήσεται
2420 2885 2500 2945 είς
2532 2884 2624 2936 τὸν
2646 2885 2879 2954 οὐρανόν
2904 2902 2918 2948 ;
2950 2884 3201 2939 τουτέστι
3230 2885 3475 2957 Χριστὸν
3500 2902 3746 2954 καταγα-

2151 2977 2273 3044 γεῖν
2294 2994 2306 3007 ·
2328 2975 2383 3046 ἢ,
2419 2974 2516 3038 Τίς
2543 2974 2918 3044 καταϐήσεται
2942 2978 3023 3039 είς
3052 2975 3152 3047 τὴν
3187 2977 3434 3032 ἄϐυσσον
3458 2994 3476 3045 ;
3503 2977 3748 3033 τουτέστι

2151 3067 2394 3138 Χριστὸν
2426 3068 2492 3121 ἐκ
2516 3066 2725 3139 νεκρῶν
2755 3069 3078 3137 ἀναγαγεῖν.
3129 3069 3239 3123 Kal
3265 3069 3464 3124 πάλιν
3487 3087 3502 3102 ·
3536 3070 3753 3142 Καρδίᾳ

2158 3159 2259 3228 μὲν
2294 3157 2616 3212 πιστεύεται
2649 3161 2731 3223 εἰς
2774 3159 3151 3230 δικαιοσύνην,
3198 3160 3433 3231 στόματι
3461 3161 3520 3214 δὲ
3561 3161 3749 3233 ὁμολο-

462 3254 590 3325 quia
632 3269 737 3308 non
793 3269 859 3309 ex
904 3253 1008 3309 ﬁde
1063 3273 1078 3309 :
1119 3268 1280 3311 omne
1332 3265 1513 3315 autem
1553 3256 1697 3324 quod
1720 3270 1829 3310 non
1864 3265 2045 3311 estex

2161 3253 2331 3320 γεῑται
2361 3252 2441 3312 εἰς
2480 3252 2785 3323 σωτηρίαν.
2833 3252 2943 3306 Καὶ
2983 3253 3174 3307 πάλιν
3198 3292 3212 3318 ,
3245 3252 3389 3322 περὶ
3414 3251 3755 3323 ,βρωμάτων⁸

465 3346 592 3413 ﬁde,
620 3344 903 3416 peccatum
926 3353 1011 3400 est
1043 3342 1109 3396 “.

537 3613 795 3685 Ejusdem
835 3628 899 3667 ex
949 3611 1195 3681 Epistula
1229 3611 1296 3667 ad
1329 3608 1654 3667 Corinthios.
1698 3637 1769 3648 ——
1800 3607 1893 3664 Ut'
1916 3606 2049 3663 ﬁdes

467 3715 654 3761 nostra
688 3719 793 3759 non
824 3702 896 3759 sit
924 3703 975 3757 in
1011 3702 1277 3773 sapientia
1305 3700 1619 3766 hominum,
1654 3699 1746 3756 sed
1780 3700 1831 3754 in
1853 3699 2049 3754 virtute

464 3798 560 3853 Dei
595 3797 662 3853 ⁸⁷.

536 3885 793 3957 Ejusdem
819 3903 883 3942 ea:
905 3885 1156 3956 Epistola
1190 3885 1259 3940 ad
1296 3883 1574 3941 Hebraea.
1606 3912 1675 3924 —
1709 3882 1826 3938 Non
1864 3893 2045 3938 autem

465 3994 570 4034 non
605 3995 794 4033 sumus
823 3977 1212 4033 subtractionis
1246 3975 1394 4046 (lilii)
1429 3976 1482 4030 in
1519 3975 1900 4049 perditionem,
1953 3975 2049 4030 sed

464 4070 587 4125 ﬁdei
614 4070 663 4124 in
692 4070 1108 4140 acquisitionem
1141 4070 1339 4125 animae
1361 4068 1456 4124 ⁸⁷⁸.
1485 4096 1556 4107 -
1578 4067 1678 4123 Est
1704 4075 1888 4123 autem
1916 4067 2050 4123 ﬁdes

465 4163 803 4231 sperantium
835 4161 1165 4227 substantia,
1200 4159 1476 4217 convictio
1512 4174 1689 4217 rerum
1727 4175 1834 4216 non
1883 4175 2051 4230 appa-

464 4255 699 4309 rentium
732 4252 872 4324 (82).
915 4254 974 4309 ln
1023 4254 1126 4310 hac
1155 4254 1302 4311 enim
1357 4252 1733 4309 testimonium
1769 4253 2050 4310 consecuti

463 4356 593 4401 sunt
620 4346 889 4403 seniores.
915 4343 1049 4402 Fide
1087 4346 1440 4417 intelligimus
1480 4359 1666 4420 aptata
1694 4364 1817 4407 esse
1849 4348 2049 4405 saecula

463 4441 632 4494 verbo
664 4439 783 4507 Dei,
817 4449 876 4495 ut
896 4454 961 4497 ex
989 4440 1359 4497 invisibilibus
1386 4441 1622 4505 visibilia
1656 4444 1869 4500 ﬁerent.
1917 4443 2052 4498 Fide

464 4532 825 4602 copiosiorem
859 4532 1096 4589 hostiam
1131 4532 1289 4600 Abel,
1321 4548 1485 4604 quam
1510 4533 2047 4603 Cain,obtulitDeo;

464 4638 563 4693 per
595 4638 757 4693 quam
789 4625 1161 4681 testimonium
1192 4637 1528 4683 consecutus
1564 4636 1651 4683 est
1692 4642 1814 4683 esse
1845 4610 2129 4697 justus,”

2154 3342 2603 3413 διαλεγτίμενος,
2654 3345 2847 3412 φησιν
2878 3358 2895 3376 ·
2932 3345 3058 3398 Ὅτι
3101 3346 3131 3398 ό
3177 3345 3630 3417 διακρινόμενος,
3660 3345 3753 3398 ἐὰν

2157 3436 2329 3510 φάγῃ,
2362 3438 2789 3509 κατακέκριται,
2820 3438 2904 3492 ὅτι
2933 3438 3037 3492 οὐκ
3076 3439 3142 3493 ἐκ
3180 3437 3459 3504 πίστεως·
3505 3440 3616 3493 πᾶν
3642 3437 3697 3492 δὲ
3725 3436 3754 3490 ὃ

2155 3528 2258 3581 οὐκ
2281 3530 2346 3581 ἐκ
2380 3529 2646 3593 πίστεως,
2682 3530 2935 3600 ἁμαρτία
2963 3529 3134 3585 ἐστίν.

2233 3617 2343 3672 Τοῦ
2371 3619 2558 3673 αὐτοῦ
2583 3619 2654 3672 ἐκ
2676 3617 2786 3688 τῆς
2805 3619 2956 3688 πρὸς
2974 3621 3324 3691 Κορινθίως
3360 3620 3753 3690 Ἐπιστολῆς.

2154 3739 2223 3749 -
2254 3708 2373 3763 Ἵνα
2425 3711 2459 3781 ἡ
2502 3710 2686 3773 πίστις
2721 3712 2882 3782 ἡμῶν
2916 3713 2991 3783 μὴ
3095 3713 3155 3766 ἐν
3201 3713 3369 3786 σοφίᾳ
3412 3713 3755 3787 ἀνθρώπων,

2155 3803 2273 3857 ἀλλ’
2302 3804 2360 3857 ἐν
2393 3803 2622 3873 δυνάμει
2653 3804 2821 3860 Θεοῦ.
2889 3831 2897 3839 ·

2233 3894 2344 3950 Τοῦ
2369 3894 2556 3949 αὐτοῦ
2576 3896 2645 3949 ἐκ
2674 3895 2784 3965 τῆς
2816 3898 2961 3966 πρὸς
3008 3897 3320 3966 Ἐϐραίους
3357 3897 3754 3968 Ἐπιστολῆς.

2156 4015 2226 4027 --
2270 3986 2464 4057 Ἡμεῖς
2517 3987 2573 4040 δέ
2607 3989 2709 4041 οὐκ
2749 3989 2920 4059 ἐσμὲν
2969 3990 3275 4059 ὑποστολῆς
3316 3992 3402 4056 είς
3456 3990 3761 4055 ἀπώλειαν,

2156 4075 2292 4130 ἀλλὰ
2319 4076 2558 4142 πίστεως
2584 4080 2663 4142 είς
2697 4080 3052 4152 περιποίησιν
3080 4080 3260 4151 ψυχῆς
3280 4096 3295 4112 ο
3328 4080 3454 4136 ἐστι
3485 4081 3546 4136 δὲ
3581 4081 3761 4144 πίστις

2157 4168 2530 4241 ἐλπιζομένων
2561 4171 2886 4238 ὑπόστασις,
2910 4173 3258 4245 πραγμάτων
3291 4172 3526 4245 ἔλεγχος
3548 4174 3612 4228 ού
3647 4173 3763 4244 βλε-

2159 4262 2445 4332 πομένων·
2491 4263 2551 4316 ἐν
2581 4262 2754 4335 ταύτῃ
2784 4262 2894 4335 γὰρ
2924 4265 3395 4337 ἐμαρτυρήθησαν
3424 4267 3489 4338 ὀί
3520 4264 3764 4339 πρεσὸύο

2156 4370 2308 4425 τεροι
2327 4367 2342 4383 ·
2373 4351 2559 4408 πίστει
2590 4353 2821 4425 νοοῦμεν
2860 4354 3227 4426 κατηρτίσθαι
3266 4356 3397 4421 τοὺς
3427 4356 3641 4420 αίῶνας
3667 4357 3765 4427 ῥή-

2162 4465 2295 4517 ματι
2322 4446 2483 4513 Θεοῦ,
2512 4449 2594 4511 είς
2637 4447 2700 4501 τὸ
2728 4447 2804 4520 μὴ
2846 4450 2913 4503 ἐκ
2950 4448 3293 4520 φαινομένων
3330 4449 3404 4505 τὰ
3445 4449 3766 4520 βλεπόμενα

2159 4538 2480 4609 γεγονέναι·
2510 4539 2692 4593 πίστει
2734 4540 2960 4596 πλείονα
3001 4539 3195 4594 Θυσίαν
3230 4539 3404 4595 Ἅϐελ
3432 4539 3598 4613 παρά
3629 4540 3769 4595 xm

2159 4631 2513 4701 προσήνεγκε
2531 4630 2612 4703 τῷ
2631 4630 2774 4703 Θεῷ,
2790 4631 2861 4686 δι’
2879 4626 2948 4705 ἦς
2969 4630 3331 4704 ἐμαρτυρήθη
3359 4625 3515 4685 εἶναι
3534 4630 3766 4692 δίκαιος,

468 4714 837 4771 testimonium
868 4719 1192 4787 perhibente
1214 4720 1533 4775 muneribus
1563 4719 1682 4789 ejus
1713 4720 1858 4788 Deo;
1880 4729 1936 4774 et
1956 4736 2048 4791 per

2161 4723 2569 4795 μαρτυροῦντος
2613 4725 2710 4778 ἐπὶ
2740 4727 2855 4788 τοῖς
2890 4723 3088 4797 δώροις
3115 4722 3284 4779 αὐτοῦ
3317 4722 3419 4778 τσῦ
3461 4722 3609 4778 Θεοῦ
3636 4740 3653 4755 ·
3678 4724 3767 4776 καὶ

468 4807 614 4861 illam
638 4806 929 4865 defunctus
957 4810 1134 4866 adhuc
1165 4810 1429 4881 loquitur.
1457 4811 1591 4867 Fide
1613 4810 1836 4868 Henoch
1872 4823 2048 4870 trans-

2161 4815 2218 4869 δι’
2242 4815 2414 4887 αὐτῆς
2433 4815 2748 4882 ἀποθανὼν,
2781 4816 2863 4871 ἔτι
2892 4817 3173 4871 λαλὲῒταιο
3205 4815 3389 4871 πίστει
3422 4815 3606 4886 Ἑνὼχ
3640 4831 3769 4886 μετ·

472 4897 610 4951 latus
636 4905 723 4952 est
765 4906 825 4952 ut
862 4913 970 4953 non
996 4898 1207 4955 videret
1247 4912 1519 4969 mortem;
1554 4911 1609 4958 et
1666 4918 1773 4958 non
1821 4904 2048 4960 invenie-

2161 4906 2318 4978 ιτέθη
2353 4908 2451 4962 τοῦ
2502 4909 2578 4980 μὴ
2626 4909 2757 4964 ίδεῖν
2808 4909 3076 4977 θάνατον,
3134 4909 3231 4964 καὶ
3267 4908 3368 4980 οὐχ
3436 4908 3772 4980 εὑρίσκετο¹

1340 5004 1348 5012 .
2994 5004 2998 5008 -
3794 4985 3823 5027 ίτ

537 5071 760 5154 “Joan:
794 5092 895 5154 ξιι,
925 5074 1115 5154 δθ-ῷ.
1263 5073 1421 5154 {eam
1488 5080 1697 5154 τινι).
1776 5081 1822 5113 ⁸³
1857 5082 2015 5140 Rom.
2050 5102 2125 5151 ιν,
2169 5085 2287 5143 3-8.
2366 5086 2413 5118 “
2450 5086 2612 5142 Rom.
2654 5103 2709 5154 ιι,
2740 5088 2792 5149 6,
2832 5088 2886 5144 7.
2961 5088 3009 5121 ⁸⁸
3038 5088 3170 5147 ibid.
3201 5090 3290 5145 40.
3367 5088 3420 5120 ⁸⁸
3451 5088 3621 5145 Betti.
3664 5100 3774 5147 xw,
3804 5067 3827 5083 ”

467 5145 561 5203 95.
659 5145 752 5201 ⁸⁷1
786 5147 915 5202 Cor.
951 5164 1009 5213 ιι,
1038 5149 1093 5202 5.
1172 5147 1240 5178 ⁵⁷·
1271 5147 1438 5203 llebr.
1475 5166 1505 5203 ι
1536 5190 1553 5214 ,
1588 5147 1680 5204 59.

2160 5304 2484 5379 ὃιιιαιιξιοῑιιε
2520 5309 2777 5379 denique,
2803 5300 3009 5378 pariter
3055 5310 3307 5379 aﬁirmat,
3340 5311 3398 5366 in
3436 5312 3596 5369 Pauli
3627 5265 3816 5368 cedi)

2160 5380 2316 5430 cibus
2347 5376 2635 5452 Sangerm.
2670 5376 2728 5433 et
2753 5376 3092 5452 Claromont.
3120 5382 3222 5451 legi
3256 5376 3625 5449 speranlium.
3666 5382 3776 5452 Ego

2164 5462 2292 5500 vero
2328 5456 2384 5498 ut
2420 5449 2710 5524 antiquam
2756 5449 2945 5503 Italam
2972 5451 3098 5524 illuc
3148 5449 3265 5507 loco
3300 5468 3429 5510 eum
3461 5449 3778 5524 Augustino

2159 5532 2444 5591 sequerer,
2480 5517 2658 5591 ollicio
2700 5521 3017 5591 interpretis
3068 5535 3295 5577 coactus
3343 5538 3518 5591 sum;
3557 5517 3774 5578 Etenim

2157 5590 2298 5659 apud
2334 5586 2700 5659 Nicephorum
2729 5590 2781 5643 in
2814 5586 3004 5645 codice
3033 5591 3070 5645 ί.
3103 5591 3227 5659 143,
3255 5592 3464 5647 Paulus
3500 5586 3606 5649 hoc
3630 5595 3778 5656 loco,

2157 5670 2209 5711 et
2245 5658 2283 5710 l'.
2313 5658 2436 5721 146,
2469 5656 2702 5713 Basilius
2735 5658 2873 5714 infra
2903 5664 3045 5729 apud
3080 5679 3180 5717 nos
3312 5663 3448 5727 262,
3487 5666 3777 5731 interpun-

2153 5740 2285 5798 gunt
2308 5741 2452 5804 ante,
2481 5744 2586 5782 non
2617 5740 2760 5798 post,
2787 5736 3161 5802 πραγμάτων,
3219 5749 3421 5804 nempe
3443 5732 3774 5790 vocabulum

2154 5815 2326 5854 rerum
2360 5800 2426 5853 ad
2459 5814 2694 5869 sequens
2718 5800 2932 5858 comma
2952 5800 3230 5860 referunt.

541 5309 654 5383 (82)
697 5308 789 5364 Sic
820 5310 889 5363 ad
942 5306 1178 5383 litteram
1223 5305 1440 5383 legebat
1472 5306 1524 5360 in
1555 5306 1685 5383 lta_la
1731 5315 1917 5362 vetere
1948 5308 2051 5383 Au-

471 5376 743 5445 gustinus;
782 5395 948 5434 serm.
988 5377 1189 5443 126m.
1223 5376 1299 5447 5,:
1329 5379 1567 5446 itemque
1597 5376 1676 5431 De
1701 5394 1842 5447 ροσε.
1873 5381 2048 5432 merit.

471 5457 520 5501 et
554 5451 737 5503 remiss
793 5450 885 5502 lib.
922 5463 983 5514 tt,
1009 5446 1101 5514 50,
1135 5448 1222 5501 tibi
1256 5445 1750 5503 Mauriuietlitores
1780 5452 1863 5501 sic
1886 5447 2055 5502 adut)-

473 5527 590 5579 tant
617 5538 630 5573 :
659 5517 879 5573 «Nostri
914 5534 1045 5571 mss.
1081 5525 1399 5571 constanter
1429 5518 1631 5573 habent
1658 5518 1981 5587 speramium
2032 5538 2052 5568 ι

473 5589 566 5644 Szc
588 5590 655 5642 ah
680 5589 985 5659 Augustino
1014 5589 1236 5659 eitatnr_
1268 5597 1426 5659 tract.
1458 5588 1511 5641 in
1546 5586 1704 5642 Joan.
1758 5603 1921 5642 Lxxtx
1942 5629 1957 5653 ,
1992 5590 2053 5653 l;

473 5667 528 5711 et
557 5673 680 5719 XCV,
726 5656 791 5715 ἓξ
828 5659 1014 5713 Graece
1063 5667 1148 5712 est
1172 5656 1589 5727 ἐλπιζομένων,
1623 5660 1790 5726 quod'
1823 5675 1944 5711 cum
1986 5672 2054 5711 sit

475 5732 696 5782 verbum
740 5730 996 5788 medium,
1026 5731 1094 5780 ab
1134 5726 1255 5780 aliis
1289 5733 1464 5783 active
1496 5730 1865 5797 accipiebatur
1901 5730 2054 5796 (spe-

473 5798 770 5870 rantium),
795 5798 863 5852 ab
892 5800 1010 5853 aliis
1038 5799 1695 5869 passive(sperandarum
1738 5810 1795 5854 ut
1836 5797 2043 5869 Vulg.).
