3994 6430
471 456 575 521 817

1348 447 1921 512 APOLOGETICUS
1957 446 2108 507 PRO
2146 446 2411 505 SACRIS
2442 442 2931 508 IMAGINIBUS.

3655 439 3759 504 813

472 574 613 628 διότι
662 571 966 643 μετέθηκεν
1004 570 1169 625 αὑτὸν
1196 567 1224 619 ό
1266 567 1400 631 Θεός
1421 583 1434 596 ·
1469 565 1577 638 πρὸ
1607 565 1717 636 γὰρ
1748 566 1848 634 τῆς
1900 578 2066 633 μετα-

2170 560 2349 625 hatnr,
2382 559 2547 630 259
2577 560 2705 631 quia
2737 558 3017 613 transmlit
3043 555 3201 611 illum
3234 558 3373 613 Deus
3400 577 3412 613 :
3454 565 3580 612 ante
3610 556 3757 612 enim

473 665 680 728 θέσεως
702 664 870 718 αὐτοῦ
901 661 1329 735 μεμαρτύρηται
1354 658 1785 731 εὐηρεστηκέναι
1819 655 1897 727 τῷ
1926 653 2066 724 Θεῷ’

472 757 649 829 χωρὶς
681 756 740 809 δέ
772 755 1034 820 πίστεως,
1055 752 1319 808 ἀδύνατον
1344 751 1716 823 εὐαρεστῆσαι
1736 763 1749 777 ⁸
1776 745 2074 802 πιστεῦσαι

478 849 587 917 γὰρ
609 848 692 903 δεῖ
704 847 797 901 τὸν
826 845 1275 918 προσερχόμενον
1302 844 1381 915 τῷ
1405 844 1525 914 Θεῷ
1556 843 1640 896 ὅτι
1668 840 1806 906 ἐστι,
1832 840 1929 894 καὶ
1957 841 2072 901 τοῖς

480 937 806 1011 ἐκζητοῦσιν
877 938 1041 991 αὐτὸν
1109 936 1516 1009 μισθαποδότης
1585 935 1828 1004 γίνεται·
1889 931 2072 984 πίστει

482 1029 881 1102 χρηματισθεὶς
924 1029 1051 1083 Νῶε
1092 1030 1224 1102 περὶ
1266 1029 1395 1084 τῶν
1423 1027 1653 1099 μηδέπω
1696 1023 2072 1097 βλεπομένων,

478 1120 804 1193 εὐλαϐηθεὶς
841 1120 1219 1175 κατεσκεύασε
1257 1119 1492 1174 κιϐωτὸν
1532 1119 1614 1181 είς
1659 1116 1936 1186 σωτηρίαν
1976 1112 2072 1166 τοῦ

476 1214 629 1267 οἴκου
670 1211 867 1268 αὐτοῦ·
904 1212 972 1267 δι’
1001 1206 1071 1286 ἦς
1115 1212 1407 1283 κατέκρινε
1434 1211 1526 1264 τὸν
1573 1210 1800 1280 κόσμον,
1838 1205 1937 1261 καὶ
1974 1204 2072 1274 τῆς

477 1307 624 1359 κατά
649 1305 838 1359 πίστιν
867 1304 1219 1376 δικαιοσύνης
1242 1303 1465 1373 ἐγένετο
1493 1300 1832 1372 κληρονόμος
1851 1314 1864 1327 ·
1889 1297 2073 1351 πίστει

476 1396 822 1468 καλούμενος
875 1395 1153 1469 Ἁϐραάμ,
1203 1396 1519 1466 ὑπήκουσεν
1570 1391 1806 1461 ἐξελθεῖν
1855 1391 1936 1454 είς
1984 1388 2076 1468 τδν

476 1486 649 1542 τόπον
701 1488 761 1542 ὃν
809 1487 1006 1559 ἔμελλε
1061 1486 1365 1559 λαμϐάνειν
1413 1488 1495 1551 είς
1540 1482 1928 1557 κληρονομίαν,
1982 1481 2077 1534 καὶ

430 1613 441 1652 ί
476 1577 675 1649 ἐξῆλθε
710 1579 786 1652 μὴ
820 1579 1189 1652 ἐπιστάμενος
1218 1578 1321 1633 ποῦ
1356 1578 1683 1649 ἀπέρχεταιο
1715 1576 1896 1630 πίστει
1934 1591 2078 1644 παρ-

477 1668 700 1744 ῴκησεν
759 1674 843 1738 είς
873 1673 977 1744 τὴν
1008 1673 1114 1744 γῆν
1141 1673 1242 1742 τῆς
1269 1670 1607 1741 ἐπαγγελίας
1642 1671 1719 1733 ὡς
1764 1667 2083 1759 ἀλλοτρίαν,

474 1764 536 1817 ἐν
570 1767 801 1835 σκηναῖς
836 1766 1172 1836 κατοικήσας
1205 1763 1347 1834 μετὰ
1381 1763 1571 1818 Ἰσαὰκ
1605 1762 1702 1816 καὶ
1743 1759 1941 1814 Ἰακὼϐ
1969 1758 2078 1814 τῶν

476 1853 943 1926 συγκληρονόμων
985 1853 1087 1925 τῆς
1132 1852 1474 1929 ἐπαγγελίας
1502 1851 1602 1921 τῆς
1645 1848 1853 1920 αὐτῆς·
1894 1845 2079 1912 ἐξεδέ-

2177 654 2586 709 translationem
2636 667 2791 709 suam
2834 651 3205 707 testimonium
3261 652 3452 706 habuit
3490 650 3761 720 placuisse

2178 746 2309 802 Deo.
2345 743 2476 812 Sino
2516 742 2621 799 iide
2650 753 2830 798 autem
2869 742 3211 807 impossibile
3261 748 3344 796 est
3374 741 3594 812 placere
3624 740 3755 796 Deo.

2174 838 2406 893 Credere
2437 839 2582 891 enim
2622 845 2839 907 oportet
2891 835 3242 891 accedentem
3296 833 3363 887 ad
3408 834 3573 886 Dcum
3631 833 3759 902 quia

2174 941 2282 997 est,
2311 941 2365 985 et
2387 930 2790 1001 inquirentibus
2818 944 2878 985 se
2910 937 3293 984 remuneratur
3325 925 3419 981 sit.
3459 923 3593 979 Fide
3627 923 3758 984 Noe,

2178 1037 2440 1093 responso
2463 1030 2689 1090 accepto
2716 1023 2785 1078 de
2814 1022 2883 1078 iis
2902 1035 3021 1092 qua:
3058 1020 3239 1076 adhue
3268 1034 3375 1073 non
3411 1016 3758 1079 videbantur,

2179 1126 2430 1171 metuens
2448 1117 2657 1186 aptavit
2693 1130 2875 1170 arcam
2909 1114 2964 1170 in
2990 1114 3221 1170 salutem
3252 1113 3450 1168 domus
3496 1125 3633 1175 suae,
3664 1124 3763 1178 per

2176 1223 2340 1277 quam
2393 1208 2669 1262 damnavit
2719 1208 3022 1274 mundum;
3080 1215 3136 1262 et
3183 1205 3428 1274 iustitiae,
3491 1217 3615 1275 qua:
3664 1215 3761 1271 per

2177 1296 2337 1353 tidem
2368 1307 2473 1361 est,
2503 1298 2674 1352 haeres
2713 1307 2798 1353 est
2834 1298 3136 1354 institutus.
3158 1297 3290 1353 Fide
3318 1307 3545 1351 vocatus
3588 1293 3762 1349 Abra-

2176 1389 2300 1445 ham
2330 1389 2568 1444 obedivit
2597 1388 2648 1443 in
2672 1388 2846 1445 locum
2868 1391 3021 1445 exire
3041 1431 3056 1455 ,
3086 1405 3247 1460 quem
3291 1398 3617 1457 accepturus
3642 1394 3756 1439 erat

2176 1479 2230 1534 in
2257 1480 2665 1549 ha-reditatem;
2704 1489 2758 1535 et
2782 1481 2933 1548 exiit,
2983 1482 3233 1536 nesciens
3288 1495 3398 1550 quo
3441 1480 3567 1535 iret.
3630 1477 3761 1533 Fide

2174 1574 2493 1628 demoratus
2525 1583 2609 1628 est
2643 1575 2695 1627 in
2727 1581 2871 1628 terra
2918 1572 3380 1644 repromissionis,
3413 1582 3672 1641 tanquam
3706 1572 3760 1623 in

2174 1666 2374 1729 aliena,
2411 1667 2462 1720 in
2508 1667 2707 1723 casulis
2761 1668 3080 1730 habitando,
3111 1682 3235 1721 cum
3281 1666 3438 1722 lsaac
3489 1675 3544 1720 et
3593 1662 3764 1719 Jacob

2175 1759 2549 1814 coha‘redibus
2603 1761 3045 1828 repromissionis
3075 1760 3346 1828 ejusdem.
3395 1757 3764 1830 Exspectahat

2176 1853 2318 1906 enim
2353 1852 2698 1907 fundamenta
2724 1854 3009 1909 habentem
3036 1854 3335 1918 civitatem,
3366 1852 3523 1919 cujus
3564 1836 3762 1905 artifes

474 1961 603 2014 χετο
629 1944 739 2017 γάρ
760 1945 860 2017 τὴν
890 1944 1018 2009 τοὺς
1063 1943 1350 2015 θεμελίους
1402 1943 1634 2014 ἔχουσαν
1676 1940 1852 2000 πόλιν,
1889 1933 1955 2010 ἧς
1984 1954 2075 1990 τε-

2177 1951 2230 1996 et
2255 1942 2508 1997 conditor
2551 1943 2712 1998 Deus.
2763 1942 2896 1998 Fide
2921 1954 2969 1997 ετ
3021 1945 3133 2012 ipsa
3188 1942 3323 1999 Sara
3352 1942 3556 1998 sterilis
3584 1942 3763 1994 virtu-

474 2035 667 2105 χνίτης
688 2034 784 2089 καὶ
817 2035 1016 2106 δημιου
1026 2033 1152 2106 ργὸς
1171 2037 1202 2090 6
1228 2032 1384 2097 Θεός·
1399 2033 1583 2087 πίστει
1606 2031 1701 2086 καὶ
1722 2029 1859 2099 αὑτὴ
1883 2028 2071 2101 Σάρρα

475 2127 711 2198 δύναμιν
740 2130 822 2192 είς
859 2127 1170 2199 καταϐολὴν
1201 2120 1519 2198 σπὲρματος
1561 2124 1745 2185 ἔλαϐε,
1787 2122 1884 2177 καὶ
1917 2119 2072 2192 παρὰ

479 2221 673 2293 καιρὸν
709 2220 933 2291 ήλικίας
988 2218 1199 2284 ἔτεκεν,
1251 2220 1378 2274 ἐπεὶ
1433 2218 1627 2273 πιστὸν
1681 2218 1931 2287 ἡγήσατο
1976 2216 2071 2267 τὸν

475 2309 979 2380 ἐπαγγειλάμενον
1006 2309 1088 2363 διὸ
1123 2310 1220 2363 καὶ
1248 2310 1345 2379 ἀφ’
1383 2308 1503 2373 ἐνὸς
1546 2309 1941 2377 ἐγεννήθησαν,
1977 2306 2072 2358 καὶ

475 2397 654 2453 ταῦτα
678 2398 1113 2470 νενεκρωμένου,
1158 2398 1342 2462 καθὼς
1377 2397 1448 2451 τά
1489 2397 1666 2468 ἄστρα
1707 2394 1804 2449 τοῦ
1835 2393 2070 2466 οὐρανοῦ

476 2494 543 2547 τδ
573 2488 802 2560 πλῆθος,
828 2491 925 2544 καὶ
958 2489 1143 2555 καθὼς
1166 2492 1199 2562 ἠ
1234 2490 1419 2561 ἄμμος
1442 2490 1476 2561 ἠ
1506 2487 1660 2557 παρά
1684 2488 1743 2541 τὸ
1778 2487 1955 2559 χεῖλος
1973 2486 2072 2557 τῆς

477 2580 760 2651 θαλάσσης
805 2582 838 2651 ή
882 2579 1260 2650 ἀναρίθμητος
1288 2597 1303 2611 ο
1353 2578 1499 2633 κατὰ.
1550 2578 1734 2631 πίστιν
1795 2576 2070 2631 ἀπέθανον

473 2662 626 2725 οὗτοι
668 2673 895 2735 πάντες,
947 2669 1023 2741 μὴ
1073 2670 1334 2736 λαϐόντες
1381 2670 1477 2734 τὰς
1526 2670 1887 2739 ἐπαγγελίας,
1932 2669 2071 2723 ἀλλά

475 2763 766 2835 πόρρωθεν
787 2763 958 2828 αὐτάς
1002 2764 1204 2829 ἰδόντες
1228 2763 1325 2817 καὶ
1366 2762 1783 2833 ἀσπασάμενοι,
1816 2763 1913 2815 καὶ
1936 2763 2071 2827 ὁμο-

472 2857 810 2929 λογήσαντες
842 2858 924 2911 ὅτι
955 2856 1097 2923 ξένοι
1133 2857 1231 2911 καὶ
1268 2855 1644 2928 παρεπίδημοί
1683 2858 1823 2910 είσιν
1850 2855 1944 2908 ἐπὶ
1968 2854 2069 2923 τῆς

472 2948 582 3019 γῆς
600 2961 615 2979 ⁸
645 2948 695 3003 οἱ
717 2948 828 3019 γὰρ
855 2948 1085 3003 τοιαῦτα
1112 2946 1385 3017 λέγοντες,
1427 2946 1818 3018 ἐμφανίζουσιν
1844 2947 1924 3000 ὅτι
1959 2963 2067 3000 πα-

470 3040 634 3111 τρίδα
664 3040 1015 3112 ἐπιζητοῦσι·
1052 3042 1146 3094 καὶ
1187 3041 1236 3093 εἰ
1283 3041 1382 3111 μὲν
1433 3041 1649 3110 ἐκείνης
1695 3040 2067 3111 ἐμνημόνευον

471 3134 573 3203 ἀφ’
598 3129 670 3208 ἧς
696 3133 942 3206 ἐξῆλθον,
974 3132 1119 3205 εἶχον
1161 3134 1228 3190 ἂν
1272 3134 1464 3209 καιρὸν
1503 3134 1828 3204 ἀνακάμψαι
1847 3152 1860 3166 ο
1888 3132 1984 3187 νῦν
2009 3133 2066 3186 δὲ

472 3224 785 3297 κρείττονος
812 3211 1121 3296 ὀρέγονται,
1153 3225 1438 3280 τουτέστιν
1468 3224 1826 3294 ἐπουρανίουή
1864 3223 1944 3277 διδ
1966 3223 2066 3277 οὐκ

472 3289 860 3388 ἐπαισχύνεται
895 3289 1096 3381 αὐτοὺς
1128 3317 1157 3370 ό
1186 3317 1341 3381 Θεὸς,
1372 3317 1506 3379 Θεὸς
1538 3289 1824 3371 καλεῖσθαι
1847 3315 2026 3370 αὐτῶν
2049 3333 2064 3347 θ
2094 3289 2137 3349 c

471 3410 742 3480 ἡτοίμασε
794 3410 907 3482 γὰρ
956 3409 1138 3474 αὐτοῖς
1200 3409 1389 3463 πόλινο
1437 3410 1618 3463 πίστει
1663 3410 2065 3481 προσενήνοχεν

484 3502 740 3573 Ἀϐραὰμ
773 3501 864 3554 τδν
913 3501 1103 3555 Ἰσαὰκ
1156 3498 1585 3571 πειραζόμενος,
1619 3498 1719 3552 καὶ
1763 3499 1855 3552 τὸν
1908 3516 2066 3569 μονο-

470 3595 607 3664 γενῆ
653 3592 1000 3665 προσέφερεν
1040 3594 1070 3646 ὸ
1119 3591 1219 3654 τὰς
1266 3592 1601 3661 ἐπαγγελίας
1641 3591 2062 3662 ἀναδεξάμενος,

473 3685 612 3757 πρὸς
649 3684 710 3738 ὃν
738 3683 974 3754 ἐλαλήθη
1002 3683 1083 3737 ὅτι
1109 3685 1167 3737 ἐν
1199 3681 1382 3737 Ἰσαὰκ
1410 3681 1746 3752 κληθήσεταί
1778 3699 1862 3735 σοι
1893 3682 2063 3754 σπέρ-

473 3793 576 3846 μα,
608 3774 969 3846 λογισάμενος
1004 3775 1085 3828 ὅτι
1109 3774 1204 3827 καὶ
1241 3776 1307 3827 ἐκ
1332 3773 1543 3844 νεκρῶν
1578 3773 1814 3843 ἐγείρειν
1842 3773 2063 3827 δύναται

469 3872 499 3923 ό
550 3868 715 3933 Θεόςο
766 3867 890 3921 ὅθεν
938 3867 1101 3921 αὐτὸν
1151 3866 1247 3921 καὶ
1290 3867 1349 3920 ἐν
1401 3866 1685 3938 παραϐολῇ
1730 3867 2060 3937 ἐκομίσατο*

470 3959 656 4013 πίστει
684 3958 816 4030 περὶ
849 3957 1156 4029 μελλόντων
1182 3955 1476 4027 εὐλόγησεν
1515 3957 1703 4010 Ἰσαὰκ
1732 3957 1825 4009 τὸν
1867 3956 2064 4012 Ἰακὼϐ

470 4052 571 4106 καὶ
617 4051 710 4105 τὸν
758 4049 928 4103 Ἠσαῦ
954 4067 969 4083 ο
1003 4049 1187 4103 πίστει
1227 4050 1428 4119 Ἰωσὴφ
1471 4048 1761 4113 τελευτῶν,
1798 4052 1928 4119 περὶ
1961 4050 2061 4120 τῆς

467 4143 655 4208 ἐξόδου
684 4141 794 4196 τῶν
827 4142 960 4196 υἱῶν
1005 4142 1223 4214 Ἰσραὴλ
1249 4143 1650 4214 ἐμνημόνευσε,
1680 4144 1774 4197 καὶ
1800 4145 1930 4214 περὶ
1952 4144 2062 4198 τῶν

467 4235 675 4288 ὀστέων
718 4232 885 4289 αὐτοῦ
926 4234 1263 4289 ἐνετείλατο·
1300 4234 1487 4287 ’πίστει
1524 4234 1733 4304 Μωσῆς
1775 4236 2062 4307 γεννηθεὶς

468 4325 680 4397 ἐκρύϐη
730 4326 996 4399 τρίμηνον
1055 4326 1160 4379 ὑπὸ
1208 4325 1319 4379 τῶν
1370 4325 1622 4397 πατέρων
1670 4326 1873 4391 αὑτοῦ,
1921 4327 2060 4382 διότι

464 4416 614 4473 είδον
640 4420 856 4473 ἀστεῖον
889 4419 952 4472 τὸ
982 4417 1196 4473 παιδίον
1225 4419 1321 4473 καὶ
1348 4419 1450 4472 οὐκ
1475 4419 1828 4491 ἐφοϐήθησαν
1857 4420 1918 4473 τὸ
1945 4420 2061 4476 διά-

462 4524 656 4578 ταγμα
683 4508 779 4562 τοῦ
818 4507 1113 4579 βασιλέως*
1150 4508 1335 4564 πίστει
1369 4510 1577 4581 Μωσῆς
1623 4512 1799 4581 μέγας
1831 4511 2059 4582 γενόμε-

2180 2046 2287 2089 tem
2343 2035 2394 2089 iu
2440 2038 2848 2104 conceptionem
2891 2038 3117 2092 seminis
3171 2037 3415 2107 accepit,
3461 2043 3519 2091 et
3566 2046 3764 2105 pra'ter

2180 2137 2394 2197 tempus
2432 2130 2609 2183 :etatis
2648 2131 2891 2199 peperit;
2942 2131 3197 2200 quoniam
3254 2129 3470 2184 ﬁdelem
3532 2129 3763 2183 credidit

2178 2234 2303 2275 esse
2346 2235 2466 2274 eum
2521 2221 2612 2289 qui
2669 2222 3079 2291 repromiscrat.
3139 2222 3369 2291 Propter
3409 2222 3553 2291 quod
3605 2230 3661 2275 et
3694 2220 3763 2274 ab

2178 2327 2287 2365 uno
2326 2320 2444 2366 orta
2500 2322 2583 2367 est
2638 2312 2713 2382 (et
2755 2314 2972 2381 quidem
3025 2315 3256 2367 emortui
3323 2314 3525 2384 vigoris
3582 2313 3759 2383 viro),

2181 2412 2434 2473 tanquam
2468 2403 2646 2458 sidera
2686 2405 2807 2459 coeli
2841 2405 3158 2471 multitudo,
3186 2414 3240 2461 et
3277 2405 3419 2459 sicut
3443 2419 3608 2459 arena
3643 2413 3763 2474 quae

2177 2504 2262 2550 est
2294 2496 2358 2548 ad
2387 2510 2540 2549 oram
2578 2498 2766 2562 maris,
2800 2498 3238 2553 innumerabilis.
3270 2498 3434 2553 Juxta
3481 2499 3640 2553 fidem
3668 2501 3764 2554 de-

2179 2587 2349 2642 functi
2383 2599 2509 2643 sunt
2552 2604 2745 2643 omnes
2789 2590 2900 2654 isti,
2942 2606 3045 2642 non
3100 2592 3338 2660 acceptis
3374 2593 3757 2662 repromissio—

2179 2679 2359 2740 nibus,
2392 2678 2485 2732 sed
2512 2693 2541 2731 a
2576 2680 2730 2749 longe
2764 2693 2857 2732 eas
2886 2680 3221 2749 aspicientes
3245 2691 3298 2736 et
3333 2682 3660 2746 salutantes,
3707 2692 3763 2736 et

2177 2770 2498 2825 conﬁtentes
2527 2786 2587 2825 se
2620 2771 2937 2840 peregrinos
2964 2782 3018 2825 et
3054 2772 3297 2842 hospites
3315 2789 3435 2829 esse
3467 2789 3630 2844 super
3653 2785 3758 2828 ter-

2177 2878 2315 2916 ram.
2349 2861 2450 2928 Qui
2483 2862 2629 2916 enim
2667 2863 2783 2917 haec
2807 2863 3027 2928 dicunt,
3058 2865 3372 2935 significant
3422 2882 3482 2922 se
3524 2868 3757 2936 patriam

2177 2954 2473 3022 inquirere.
2507 2951 2573 3007 Et
2612 2953 2658 3008 si
2691 2952 2910 3022 quidem
2947 2955 3092 3009 illius
3124 2956 3520 3020 meminissent,
3558 2957 3624 3011 de
3651 2973 3760 3026 qua

2173 3047 2445 3111 exierant,
2479 3045 2755 3099 habebant
2773 3045 2955 3114 utique
2991 3058 3203 3115 tempus
3241 3048 3570 3102 revertendi.
3605 3048 3759 3102 Nunc

2174 3146 2356 3190 autem
2403 3136 2685 3192 meliorem
2726 3147 3024 3207 appetunt,
3074 3136 3123 3189 id
3165 3147 3251 3191 est
3298 3137 3594 3194 cmleSIem.
3634 3138 3760 3193 Ideo

2174 3243 2282 3283 non
2318 3227 2669 3283 confunditur
2695 3228 2834 3283 Deus
2861 3229 3041 3282 vocari
3082 3229 3219 3283 Deus
3264 3244 3490 3294 eorum;
3545 3231 3759 3298 paravit

2170 3320 2315 3373 enim
2348 3320 2453 3375 illis
2488 3319 2790 3378 civitatem.
2842 3319 2976 3376 Fide
3026 3320 3222 3375 obtulit
3272 3320 3550 3376 Abraham
3606 3321 3758 3377 Isaac

2170 3428 2291 3467 cum
2326 3421 2649 3480 tentaretur,
2683 3423 2737 3468 et
2760 3414 3098 3484 unigenitum
3127 3413 3412 3480 offerebat,
3444 3415 3536 3484 qui
3567 3431 3757 3471 susce-

2168 3515 2320 3574 perat
2356 3505 2804 3579 reproutissiones
2833 3522 2847 3559 :
2871 3504 2935 3559 ad
2958 3520 3120 3574 quem
3148 3504 3355 3560 dictum
3399 3505 3599 3574 fuerat,
3622 3508 3750 3577 quia

2170 3596 2222 3649 in
2255 3592 2407 3650 Isaae
2444 3596 2731 3651 vocabitur
2767 3596 2863 3650 tibi
2905 3609 3090 3650 semen
3121 3612 3136 3648 :
3164 3596 3440 3651 arbitrans
3470 3597 3595 3665 quia
3636 3605 3690 3650 et
3725 3612 3755 3648 a

2170 3688 2399 3743 mortuis
2430 3689 2697 3744 suscitare
2730 3698 2924 3757 potens
2951 3699 3036 3745 est
3065 3689 3240 3753 Deus;
3280 3688 3425 3744 unde
3459 3705 3582 3744 eum
3616 3701 3670 3745 et
3703 3692 3755 3744 in

2169 3780 2480 3847 parabolam
2539 3783 2768 3850 accepit.
2821 3781 2955 3836 Fide
3002 3790 3057 3835 et
3120 3780 3189 3836 de
3229 3779 3428 3837 futuris
3479 3781 3757 3838 benedixit

2168 3871 2387 3927 lsaacus
2431 3870 2636 3927 Jacobo
2667 3881 2721 3928 et
2780 3873 2939 3927 Esau.
2975 3872 3109 3928 Fide
3156 3873 3357 3945 Joseph
3402 3874 3640 3930 moriens
3689 3877 3756 3929 de

2167 3964 2320 4018 exitu
2370 3964 2604 4020 ﬁliorum
2661 3964 2826 4020 Israel
2877 3976 3214 4021 memoratus
3247 3976 3364 4033 est,
3406 3969 3461 4021 et
3505 3968 3575 4021 de
3610 3967 3757 4022 ossi-

2168 4060 2268 4114 bos
2286 4060 2413 4114 suis
2444 4059 2744 4117 mandavit.
2780 4059 2911 4114 Fide
2945 4058 3177 4128 Moyses,
3208 4068 3369 4113 natus
3398 4098 3415 4125 ,
3452 4060 3755 4118 occultatus

2166 4160 2251 4205 est
2277 4151 2563 4206 mensibus
2592 4151 2767 4205 tribus
2804 4168 2830 4203 a
2886 4151 3207 4220 parentibus
3236 4151 3373 4215 suis,
3403 4166 3469 4207 eo
3498 4152 3637 4221 quod
3672 4155 3755 4208 vi.

2165 4243 2371 4297 dissent
2396 4242 2705 4312 elegantem
2751 4243 3040 4309 infantem,
3081 4254 3132 4298 et
3170 4258 3275 4298 non
3325 4244 3626 4300 timuerunt
3667 4261 3756 4302 re-

2164 4334 2246 4399 gis
2277 4335 2538 4388 edictum.
2571 4332 2704 4388 Fide
2736 4334 2946 4404 Moyses
2977 4336 3201 4405 grandis
3229 4336 3439 4403 factus,
3478 4338 3651 4391 noluit
3690 4354 3751 4393 se

2162 4425 2268 4480 dici
2318 4423 2491 4478 tilium
2553 4423 2677 4477 illiw
2722 4423 3060 4489 Pharaonis;
3109 4427 3285 4496 magis
3330 4427 3538 4497 eligens
3581 4426 3746 4497 afﬂigi

2163 4532 2285 4572 eum
2319 4515 2526 4586 populo
2570 4514 2688 4581 Dei,
2721 4531 2887 4586 quam
2937 4519 3255 4588 temporalis
3300 4522 3508 4587 peccati
3549 4522 3752 4577 habere

460 4615 579 4661 νος,
606 4599 885 4671 ἠρνήσατο
903 4599 1156 4669 λέγεσθαι
1172 4600 1287 4664 υίὸς
1309 4600 1585 4675 θυγατρὸς
1599 4602 1819 4675 Φαραὼ,
1855 4603 2056 4674 μᾶλλον

2168 4610 2592 4678 iucunditatem;
2627 4611 2861 4681 majores
2900 4611 3121 4667 divitias
3150 4613 3431 4668 aestimans
3475 4615 3752 4670 thesauris

462 4689 722 4761 ἐλόμενος
758 4686 1253 4762 ἇυγκακουχεϊσθαι
1277 4692 1358 4764 τῷ
1380 4693 1497 4764 λαῷ
1521 4694 1615 4748 τοῦ
1640 4694 1796 4764 Θεοῦ,
1818 4696 1850 4767 ἢ
1883 4698 2055 4768 πρόσι-

465 4799 664 4855 καιρον
721 4782 868 4855 ἔχειν
895 4784 1175 4855 ἁμαρτίας
1201 4785 1507 4840 ἀπόλαυσιν
1525 4804 1538 4818 ο
1573 4789 1798 4860 μείζονα
1827 4791 2055 4846 πλοῦτον

462 4878 820 4951 ἡγησάμενος
844 4878 968 4931 τῶν
1010 4878 1290 4950 Αίγύπτου
1331 4879 1655 4954 θησαυρῶν,
1698 4884 1811 4938 τὸν
1860 4886 2056 4940 ὀνειδι-

463 4970 606 5040 σμὸν
626 4970 721 5023 τοῦ
761 4969 1030 5039 Χριστοῦο
1061 4970 1342 5025 ἀπέϐλεπε
1388 4973 1497 5044 γὰρ
1537 4975 1618 5037 εἰς
1641 4975 1742 5046 τὴν
1775 4977 2051 5044 μισθαπο-

457 5060 679 5116 δοσίαν·
729 5061 912 5114 πίστει
967 5061 1266 5116 κατέλιπεν
1309 5064 1638 5131 Αίγυπτον,υ
1675 5066 1750 5137 μὴ
1792 5068 2054 5138 φοϐηθεὶς

457 5152 558 5206 τὸν
584 5151 759 5220 θυμὺν
788 5153 885 5209 τοῦ
926 5152 1224 5224 βασιλέως·
1251 5155 1344 5209 τὸν
1371 5156 1481 5228 γὰρ
1527 5157 1761 5230 ἀόρατον
1792 5160 1869 5224 ὼς
1910 5163 2055 5233 ὀρῶν

458 5244 802 5316 ἐκαρτέρησε
821 5260 837 5276 ο
862 5244 1044 5299 πίστει
1069 5246 1335 5318 πεποίηκε
1355 5249 1425 5317 τὸ,
1435 5250 1628 5321 Πάσχα
1647 5253 1745 5307 καὶ
1764 5253 1865 5325 τὴν
1890 5255 2054 5325 πρόσ-

457 5351 618 5405 χυσιν
645 5334 740 5389 τοῦ
789 5335 1051 5406 αἳματος,
1090 5337 1178 5391 ἵνα
1217 5337 1291 5408 μὴ
1321 5341 1351 5392 ό
1384 5339 1692 5411 ὀλοθρεύων
1731 5343 1802 5396 τά
1832 5345 2051 5415 πρωτό-

457 5443 597 5480 τοκα
623 5427 751 5500 θίγῃ
779 5428 960 5481 αὐτῶν
978 5445 995 5461 ο
1028 5428 1211 5482 πίστει
1238 5429 1388 5503 διέϐη
1424 5432 1524 5502 τὴν
1557 5432 1829 5505 Ἐρυθρὰν
1848 5436 2049 5490 θάλασ-

459 5535 564 5573 σαν
587 5519 662 5583 ὡς
692 5519 782 5574 διὰ
811 5521 1005 5594 ξηρᾶςο
1042 5518 1109 5597 ἧς
1142 5527 1337 5595 πεῖραν
1364 5525 1622 5592 λαϐόντες
1663 5530 1713 5583 oi
1758 5531 2050 5600 Αἰγύπτιοι

460 5612 846 5684 κατεπόθησαν
865 5632 879 5645 ’
914 5616 1183 5671 πίστειτά
1208 5618 1362 5689 τείχη
1396 5619 1607 5691 Ἱεριχὼ
1637 5621 1805 5675 ἔπεσε
1837 5625 2052 5678 κυκλω-

460 5703 627 5757 θέντα
656 5705 748 5758 ἐπὶ
792 5706 934 5761 ἐπτά
969 5709 1211 5781 ἡμέρας·
1263 5711 1448 5764 πίστει
1492 5713 1665 5767 Ῥαὰϐ
1705 5716 1737 5786 ἡ
1774 5716 1947 5787 πόρνη
1986 5718 2046 5769 οὐ

461 5795 813 5851 συναπώλετο
826 5800 938 5863 τοῖς
961 5800 1316 5871 ἀπειθήσασι,
1332 5802 1603 5876 δεξαμένη
1624 5808 1752 5870 τοὺς
1779 5810 2051 5864 κατασκό-

461 5901 600 5952 πους
631 5890 752 5961 μετ’
794 5890 1055 5963 εἰρήνης’
1088 5896 1185 5947 καὶ
1214 5897 1265 5949 τί
1297 5893 1377 5949 ἐτι
1422 5897 1598 5968 λέγω;
1636 5899 1906 5972 ἐπιλείψει
1941 5903 2047 5975 γάρ

2126 4756 2133 4765 ,
2161 4702 2553 4774 Egyptiorum
2574 4705 2961 4774 improperium
2990 4704 3232 4769 Christi;
3271 4707 3574 4775 aspiciebat
3604 4708 3747 4761 enim

2160 4795 2214 4848 in
2262 4795 2784 4849 remunerationem.
2825 4794 2959 4851 Fide
2993 4795 3213 4867 reliquit
3249 4780 3579 4868 IEegplum,
3642 4814 3746 4853 non

2161 4887 2366 4941 veritus
2401 4889 2809 4944 animositatem
2847 4891 2991 4960 regis
3025 4909 3037 4944 :
3074 4890 3406 4946 invisibilem
3440 4893 3586 4946 enim
3623 4900 3748 4946 tatt-
3822 4957 3829 4967 ,

2156 4995 2321 5048 quant
2352 4980 2543 5034 videns
2577 4981 2861 5037 sustinuit.
2895 4980 3031 5037 Fide
3078 4982 3378 5038 celebravit
3422 4981 3657 5048 Pascha,
3692 4992 3747 5037 et

2155 5072 2441 5140 Sanguinis
2469 5072 2826 5139 effusionem,
2864 5089 2933 5129 ne
2972 5074 3065 5143 qtti
3116 5076 3366 5129 vastabat
3410 5077 3743 5144 primogeni-
3794 5100 3800 5147 ;

2158 5174 2262 5227 tos,
2292 5173 2540 5233 tangeret
2562 5162 2691 5221 eos.’
2712 5164 2845 5221 Fide
2873 5167 3093 5222 transiit
3124 5183 3277 5222 mare
3331 5166 3580 5221 Rubrum
3618 5178 3742 5222 tan-
3792 5168 3796 5177 ’

2155 5270 2315 5321 quam
2350 5270 2447 5323 per
2481 5256 2689 5309 aridam
2725 5266 2927 5311 terram
2968 5275 2982 5311 :
3039 5258 3182 5325 quod
3214 5258 3423 5326 experti
3456 5256 3740 5328 Egyptii,
3784 5256 3791 5313 ἐ

2154 5347 2564 5417 absorptisunt.
2590 5345 2721 5402 Fide
2764 5348 2904 5403 mttri
2931 5346 3153 5403 Iericho
3200 5356 3550 5413 corruerunt,
3594 5361 3743 5419 post-

2153 5454 2316 5509 quam
2352 5440 2546 5496 dicbus
2576 5450 2783 5511 septem
2815 5442 3139 5517 circumdati
3183 5441 3423 5497 fuerant.
3459 5441 3591 5497 Fide
3627 5442 3737 5497 Ra.

2155 5532 2261 5586 hab
2291 5534 2552 5589 meretrix
2585 5549 2691 5589 non
2726 5535 2887 5604 periit
2922 5550 3045 5588 cum
3084 5534 3405 5601 incredulis,
3455 5535 3736 5605 excipiens

2152 5628 2526 5697 exploratores
2555 5643 2681 5684 cum
2718 5643 2869 5698 pace.
2897 5628 2966 5683 Et
3000 5631 3128 5698 quid
3159 5631 3339 5686 adlmc
3372 5632 3594 5685 dicam?
3638 5633 3737 5685 De-

2154 5718 2302 5775 ﬁciet
2330 5722 2476 5775 enim
2522 5735 2608 5775 me
2641 5731 2850 5786 tempus
2891 5731 3243 5776 enarrantem
3272 5726 3336 5779 de
3360 5723 3604 5791 Gedeon,
3636 5723 3736 5777 Ba-

2151 5828 2265 5877 rac,
2303 5810 2557 5880 Samson,
2593 5809 2808 5881 Iephte,
2843 5813 3031 5880 David,
3066 5812 3285 5870 Samuel
3307 5828 3360 5871 et
3405 5817 3680 5886 prophetis
3714 5836 3727 5872 :

2151 5904 2244 5977 qui
2268 5918 2364 5973 per
2405 5902 2565 5959 iidem
2615 5902 2964 5964 debellarunt
2991 5921 3184 5977 regna,
3220 5909 3433 5978 operati
3492 5919 3607 5966 sint
3658 5910 3708 5974 ie
