3994 6422
401 427 505 489 819

1432 433 1492 491 S.
1537 432 1955 492 NICEPHORI
1996 435 2504 498 PATREARCHE
2546 423 2654 499 CP.

3570 440 3677 504 820

408 566 430 591 μ
462 543 635 603 ttiun',
670 538 848 604 παι-μὶ
895 546 1020 591 sunt
1055 540 1547 610 rrpremissioues,
1594 543 1981 596 obturaverunt

2096 564 2157 615 με
2192 546 2553 617 διηγούμενον
2588 551 2616 601 ὁ
2657 550 2875 619 χρόνος,
2927 547 3056 619 περὶ
3102 548 3326 614 Γεδεὼν,
3373 551 3567 624 Βαράκ
3593 570 3675 616 τε,

399 650 495 683 ora
519 633 752 695 leonum,
787 634 1166 687 evstinxerunt
1197 633 1457 703 impetum
1490 635 1648 705 ignis,
1680 633 1982 705 eﬂ‘ugeruut

400 725 570 777 :niem
621 724 806 795 gladii,
865 725 1256 779 convaluerunt
1297 726 1362 780 de
1413 726 1767 788 inﬁrmitate.
1812 727 1981 782 fortes

402 818 527 871 t‘acti
556 827 685 871 sunt
714 817 765 870 iu
801 817 961 883 bello,
992 827 1171 872 castra
1196 828 1479 873 verterunt
1508 830 1845 875 exterorum.
1873 822 1981 874 Ac-

401 919 663 975 ιοριιρτιιιιι
695 910 951 964 mulieres
984 911 1049 965 de
1097 888 1503 965 resurrectione
1543 919 1790 965 mortuos
1830 926 1976 966 suos.

402 1003 507 1055 Alii
543 1012 723 1057 autent
761 1002 980 1057 distenti
1033 1009 1197 1065 sunt,
1232 1017 1336 1056 non
1367 1001 1731 1068 suscipientes
1766 1003 1979 1057 redem-

402 1095 639 1157 ptionem
663 1131 681 1155 ,
735 1103 795 1148 ut
828 1094 1109 1148 u-eliorem
1145 1093 1454 1148 invenirent
1498 1094 1974 1148 resurrectionem.

401 1186 503 1239 Alii
549 1201 676 1241 vero
732 1185 963 1240 ludibria
999 1195 1052 1241 et
1096 1187 1321 1240 verbera
1370 1185 1615 1254 experti,
1655 1185 1878 1253 insuper
1924 1195 1980 1241 et

403 1277 610 1330 vincula
634 1285 687 1332 et
703 1292 980 1344 carceres,
1010 1277 1232 1344 lapidati
1260 1286 1407 1341 sunt,
1440 1276 1572 1335 secti
1606 1287 1754 1341 sunt,
1784 1277 1985 1332 tentati

399 1378 547 1425 sant.
587 1367 638 1421 in
684 1368 960 1423 occisione
990 1367 1149 1436 gladii
1187 1365 1382 1420 mortui
1412 1375 1538 1425 sunt
1569 1384 1582 1420 :
1632 1367 1980 1421 circuierunt

402 1461 454 1510 in
493 1459 730 1523 melotis,
756 1460 810 1511 in
846 1459 1074 1527 pellibus
1101 1457 1361 1526 caprinis,
1393 1467 1633 1527 egentes,
1663 1458 1976 1528 angustiati,

401 1550 583 1605 :dllicti
613 1568 628 1606 :
663 1551 1075 1621 quibusdignus
1104 1566 1206 1603 non
1239 1559 1357 1604 erat
1385 1548 1617 1605 mundus
1650 1565 1665 1602 :
1695 1551 1747 1603 in
1783 1550 1979 1605 solituo

402 1644 618 1699 diuibus
645 1653 918 1707 errantes,
952 1643 1012 1715 in
1065 1643 1340 1697 montibus
1364 1649 1417 1695 rt
1454 1640 1747 1709 speluncis,
1783 1642 1834 1695 iu
1886 1655 1978 1696 ca-

402 1736 584 1789 vernis
623 1737 787 1806 260
825 1746 1002 1791 terrae.
1039 1734 1105 1788 Et
1156 1734 1210 1789 hi
1262 1747 1451 1787 ommas
1505 1733 1818 1789 testimonio
1855 1733 1976 1788 iidei

402 1830 624 1895 pr-osati,
658 1845 760 1881 non
793 1838 1120 1897 acceperunt
1164 1826 1635 1894 repromissiouem
1679 1843 1693 1879 :
1724 1825 1835 1882 Deo
1881 1842 1978 1897 pro

2082 640 2176 689 καὶ
2209 638 2468 708 Σαμψὼν,
2499 641 2595 694 κα)⁵
2648 640 2884 711 Ἰεφθάε,
2932 640 3097 693 Δαϐίδ
3138 658 3221 708 τε,
3266 643 3359 695 καὶ
3398 644 3676 714 Σαμουὴλ.

2082 728 2178 780 καὶ
2210 728 2319 782 τῶν
2369 730 2698 801 προφητῶν·
2735 731 2784 784 οἳ
2815 730 2902 785 διὰ
2945 730 3181 795 πίστεως
3226 735 3677 803 κατηγωνίσαντο

2083 818 2388 890 βασιλείας,
2414 823 2744 893 εἰργάσαντο
2788 823 3157 892 δικαιοσύνην,
3210 824 3472 894 ἐπέτυχον
3504 826 3679 895 ἐπαγ-

2080 912 2298 979 γελιῶν,
2335 913 2578 984 ἔφραξαν
2611 915 2858 985 στόματα
2888 915 3143 979 λεόντων,
3180 915 3410 969 ἔσϐεσαν
3443 916 3679 987 δύναμιν

2081 1003 2273 1074 πυρὸς,
2299 1003 2501 1073 ἔφυγον
2542 1006 2790 1074 στόματα
2838 1006 3139 1078 μαχαίρας,
3179 1003 3676 1078 ἐνεδυναμώθησαν

2081 1094 2190 1147 ἀπὸ
2211 1094 2515 1160 ἀσθενείας,
2546 1095 2889 1166 ἐγενήθησαν
2931 1096 3145 1167 ἰσχυροί
3168 1097 3226 1148 ἐν
3252 1095 3495 1167 πολέμῳ,
3531 1114 3678 1169 παρ-

2081 1187 2318 1257 εμϐολὰς
2383 1186 2603 1241 ἔκλιναν
2671 1188 2972 1258 ἀλλοτρίων
3005 1203 3019 1218 ·
3066 1187 3260 1240 ἔλαϐον
3309 1191 3569 1257 γυναῖκες
3617 1188 3679 1254 ἐξ

2080 1279 2430 1343 ἀναστάσεως
2472 1280 2599 1344 τοὺς
2633 1280 2863 1352 νεκροὺς
2904 1280 3113 1334 αὐτῶν·
3161 1280 3313 1336 ἄλλοι
3345 1281 3405 1335 δέ
3430 1283 3679 1350 ἐτυμπα-

2080 1367 2348 1437 νίσθησαν
2398 1369 2459 1422 οὐ
2514 1368 2945 1441 προσδεξάμενοι
2989 1370 3093 1441 τὴν
3139 1368 3541 1439 ἀπολύτρωσιν,
3589 1369 3678 1424 (va

2081 1458 2390 1527 κρείττονος
2422 1460 2774 1524 ἀναστάσεως
2804 1462 3043 1532 τύχωσιν
3068 1478 3082 1493 ·
3114 1462 3311 1534 ἕτεροι
3345 1462 3403 1516 δέ
3432 1463 3673 1532 ἐμπαιγ-

2085 1550 2200 1621 μῶν
2228 1552 2323 1605 καὶ
2353 1552 2633 1623 μαστίγων
2673 1554 2869 1625 πεῖραν
2898 1554 3113 1619 ἔλαϐον,
3145 1553 3225 1607 ἔτι
3251 1553 3307 1606 δὲ
3338 1552 3552 1622 δεσμῶν
3580 1554 3676 1607 κ;.ὶ

2081 1645 2353 1715 φυλακῆς,
2404 1644 2793 1715 ἐλιθάσθησαν,
2823 1646 3189 1717 ἐπρίσθησαν,
3241 1644 3672 1715 ἐπειράσθησαν,

2081 1737 2147 1807 ἐν
2170 1736 2314 1808 φόνῳ
2343 1736 2625 1808 μαχαίρας
2651 1737 2947 1796 ἀπέθανον,
2988 1735 3283 1807 περιῆλθον
3309 1738 3366 1788 ἐν
3395 1734 3702 1806 μηλωταῖς,

2080 1829 2139 1880 ἐν
2169 1827 2398 1896 αἰγείοις
2427 1828 2719 1899 δέρμασιν,
2756 1828 3170 1899 ὑστερούμενοι,
3214 1826 3544 1897 θλιϐόμενοι,
3574 1843 3677 1879 κας

403 1921 561 1972 nobis
584 1919 777 1974 melius
804 1918 1004 1987 aliquid
1034 1918 1376 1989 providente,
1407 1926 1465 1971 ut
1505 1931 1613 1970 non
1662 1916 1781 1971 sine
1826 1918 1981 1973 nobis

2096 1917 2466 1989 ιουχούμενοι,
2502 1911 2576 1972 ὧν
2601 1920 2701 1972 οὐκ
2727 1914 2795 1991 ἦν
2828 1918 2979 1983 ἄξιος
3003 1921 3031 1972 ὁ
3060 1920 3265 1989 κόσμος
3285 1936 3297 1948 ·
3323 1920 3380 1971 ἐν
3414 1917 3676 1988 ἐρημίαις

402 2020 918 2063 coitsummareutur
957 2006 1027 2062 ⁸⁸.

2090 2008 2433 2081 πλανώμενοι
2472 2009 2568 2063 καὶ
2595 2009 2778 2081 ὄρεσιν
2807 2008 2903 2062 καὶ
2935 2007 3222 2079 σπηλαίοις
3257 2008 3350 2060 καὶ
3370 2009 3487 2067 ταῖς
3514 2007 3674 2067 ὀπαῖς

400 2106 500 2175 τῆς
528 2107 664 2174 γῆς·
698 2106 792 2157 καὶ
822 2097 970 2158 οὗτοι
1000 2105 1201 2167 πάντες
1242 2102 1330 2157 διὰ
1362 2106 1462 2175 τῆς
1496 2102 1734 2167 πίστεως
1774 2103 2239 2176 μαρτυρηθέντες,
2304 2105 2405 2160 οὐκ
2462 2105 2790 2176 ἐκομίσαντο
2821 2102 2920 2175 τὴν
2980 2102 3349 2172 ἐπαγγελίαν·
3412 2101 3508 2154 τοῦ
3537 2099 3673 2154 Θεοῦ

403 2198 534 2269 περὶ
555 2197 712 2269 ημῶν
743 2197 989 2268 κρεῖττόν
1007 2215 1062 2253 τι.
1088 2197 1565 2268 προϐλεψαμένου,
1602 2196 1691 2250 ἵνα
1714 2195 1790 2267 μὴ
1815 2197 1986 2267 χωρἰς
2025 2196 2186 2267 ἡμῶν
2220 2196 2576 2251 τελειωθῶσι.

481 2292 731 2359 Ejusdem
761 2306 825 2344 ea:
858 2287 1101 2356 Epistola
1141 2290 1209 2343 ad
1237 2288 1749 2344 Thessalonicensem
1775 2317 1845 2329 —
1869 2287 1971 2342 lta-

403 2396 531 2444 que,
571 2380 786 2443 fratres,
822 2390 995 2444 state;
1026 2390 1080 2435 et
1122 2389 1299 2434 tenete
1331 2379 1651 2433 traditiones
1682 2393 1818 2446 quas
1853 2378 1983 2432 edo-

2154 2288 2267 2343 Τοῦ
2304 2287 2493 2343 αὑτοῦ
2536 2287 2687 2357 πρὸς
2727 2282 3215 2346 Θεσσωονικεῖς.
3257 2312 3326 2323 ——
3364 2282 3511 2353 Ἀρα
3553 2275 3670 2345 οὖν,

2079 2380 2322 2449 ἀδελφοὶ,
2377 2380 2642 2451 στήκετε,
2691 2378 2787 2432 καὶ
2848 2379 3100 2448 κρατεῖτε
3162 2375 3261 2439 τὰς
3314 2372 3671 2446 παραδόσεις,

410 2474 480 2527 ι·ιί
533 2474 710 2527 fuistis
750 2475 866 2529 sive
921 2488 1017 2542 per
1065 2487 1374 2529 sermonem
1413 2473 1528 2527 sive
1568 2487 1663 2541 per
1695 2471 1981 2541 epistolam

2096 2473 2146 2537 ις
2212 2470 2548 2543 ἐδιδάχθητε,
2594 2470 2704 2523 εἴτε
2748 2468 2838 2523 διὰ
2881 2469 3066 2537 λόγου,
3110 2468 3220 2521 εἴτε
3267 2464 3335 2520 δι’
3380 2462 3673 2535 ἐπιστολῆς

408 2572 649 2619 nostram
680 2563 746 2617 “.

479 2653 730 2723 Ejusdem
760 2672 824 2709 ex
845 2654 1081 2723 Epistula
1102 2654 1170 2708 ad
1195 2653 1469 2719 llebm’os,
1504 2654 1566 2708 de
1593 2642 1988 2707 incredulis.—

406 2749 616 2813 Quibus
670 2758 847 2802 autem
908 2749 1152 2801 infensus
1202 2747 1301 2800 fuit
1361 2746 1718 2816 quadraginta
1788 2743 1983 2815 annis?

404 2837 597 2894 Nonne
628 2840 734 2893 illis
765 2841 855 2908 qui
891 2849 1271 2907 peccaverunt,
1302 2854 1534 2907 quorum
1570 2838 1813 2892 membra
1843 2836 1983 2893 ceci-

406 2934 598 2985 derunt
630 2931 683 2985 in
720 2931 978 2986 deserto?
1015 2931 1225 2999 Quibus
1272 2946 1398 2984 vero
1427 2929 1630 2998 juravit
1677 2945 1782 2983 non
1813 2929 1985 2984 intro-

407 3024 579 3078 ituros
607 3025 659 3077 iu
702 3025 941 3094 requiem
972 3026 1165 3094 ipsius,
1192 3024 1292 3076 nisi
1326 3023 1431 3078 illis
1457 3024 1547 3092 qui
1576 3021 1837 3077 increduli
1865 3020 1983 3074 fue-

410 3118 668 3172 runt?Et
712 3118 960 3172 videmus
1010 3134 1115 3173 nou
1171 3120 1414 3185 potuiSSe
1469 3130 1659 3185 reapse
1716 3100 1979 3179 introire,

2082 2565 2116 2635 ἡ
2125 2564 2263 2636 μῶν.

2162 2656 2273 2711 Τοῦ
2306 2655 2497 2710 αὑτοῦ
2526 2654 2596 2709 ἐκ
2626 2653 2738 2724 τῆς
2762 2652 2915 2722 πρὸς
2961 2651 3268 2721 Ἐϐραίους
3313 2647 3674 2715 Ἐπιστολῆς

2089 2749 2226 2818 περὶ
2263 2746 2690 2804 ἀπειθούντων.
2734 2775 2804 2786 —
2851 2745 2974 2798 Τίσι
3015 2742 3357 2814 προσώχθισε
3404 2740 3673 2810 τεσσαρά-

2082 2856 2251 2895 κοντα
2308 2838 2441 2907 Evn;
2495 2838 2619 2908 ούχὶ
2662 2839 2774 2901 τοῖς
2829 2835 3237 2907 ἁμαρτήσασιν,
3283 2826 3359 2887 ὧν
3412 2831 3481 2884 τά
3521 2830 3672 2884 κῶλα

2081 2930 2276 2985 ἔπεσον
2306 2932 2366 2985 ἐν
2392 2933 2459 3002 τῇ
2483 2930 2706 3002 ἐρήμῳ;
2735 2928 2847 2981 τίσι
2867 2926 3131 2996 δὲ’ῶμοσε
3161 2924 3238 2996 μὴ
3267 2920 3672 2977 εἰσελεύσεσθαι

2081 3024 2163 3087 εἰς
2191 3022 2293 3094 τὴν
2325 3022 2672 3077 κατάπαυσιν
2715 3017 2904 3083 αὑτοῦ,
2944 3019 2993 3070 εἰ
3042 3015 3116 3086 μὴ
3148 3017 3257 3077 τοῖς
3306 3012 3668 3083 ἀπειθήσασι;

2082 3117 2179 3171 καὶ
2206 3115 2478 3186 βλέπομεν
2508 3115 2593 3168 ὅτι
2629 3111 2731 3165 οὐκ
2763 3108 3104 3180 ἠδυνήθησαν
3147 3104 3413 3159 εἰσελθεῖν
3447 3104 3515 3157 δι’
3546 3104 3674 3157 ἀπι-

405 3223 625 3281 prupler
677 3211 1110 3266 incredulitatem
1150 3214 1220 3267 ⁵ο.
1267 3242 1339 3251 -
1368 3208 1686 3263 Timeamus
1732 3224 1864 3277 ergo
1914 3221 1981 3261 ne

2096 3209 2264 3262 στίαν.
2284 3206 2620 3277 Φοδηθῶμεν
2651 3198 2746 3258 οὖν
2767 3203 2978 3274 μήποτε
3001 3197 3474 3267 καταλειπομένης
3500 3199 3675 3263 ἐπαγ-

409 3302 548 3356 forte
610 3302 794 3358 relicta
832 3302 1226 3371 pollicitatione
1272 3299 1580 3356 introeundi
1635 3300 1687 3352 in
1743 3297 1983 3364 requiem

407 3394 545 3460 I'jus,
580 3395 924 3450 existimetur
975 3394 1172 3464 aliquis
1209 3409 1273 3447 ex
1308 3393 1460 3447 vobis
1509 3392 1720 3446 deesse.
1770 3389 1983 3444 Etenim

406 3498 461 3538 vl
489 3485 650 3540 nobis
682 3486 990 3538 nuntiatum
1021 3495 1124 3549 est,
1150 3483 1609 3551 quemadmodum
1642 3490 1697 3536 et
1720 3480 1827 3534 illis
1850 3497 1862 3532 :
1889 3481 1984 3534 sed

411 3595 518 3630 anu
552 3576 751 3644 profuit
782 3578 849 3632 iis
879 3592 1063 3632 sermo
1091 3579 1342 3641 auditus,
1409 3575 1612 3644 quippe
1654 3588 1761 3626 non
1808 3570 1988 3626 admi-

409 3672 511 3723 ssis
555 3669 667 3739 (83)
704 3669 807 3723 [ide
835 3684 959 3725 eum
994 3669 1099 3722 illis
1131 3668 1222 3738 qui
1249 3667 1628 3722 audierunt“.

482 3760 731 3830 Ejusdem
759 3776 823 3814 ea:
851 3759 1097 3828 Epistola
1131 3761 1200 3814 ad
1228 3758 1513 3813 Romanos.
1543 3785 1614 3797 -——
1644 3757 1712 3812 lis
1740 3757 1981 3828 quidem,

405 3853 521 3917 qui,
556 3853 855 3909 secundum
888 3852 1201 3923 patientiam
1241 3853 1365 3907 boui
1407 3850 1609 3920 operis,
1663 3849 1895 3921 gloriam
1929 3855 1986 3903 et

412 3950 667 3999 lztmm‘ettt
720 3957 773 4001 et
808 3947 1270 4016 incorruptionem
1308 3952 1584 4015 quaerunt,
1617 3943 1725 3997 vita
1758 3950 1982 3997 aeterna.

415 4039 483 4090 iis
511 4051 688 4094 autem
725 4041 812 4108 qui
863 4049 994 4093 sunt
1041 4055 1104 4093 ex
1147 4037 1516 4102 contentione,
1543 4044 1598 4090 et
1625 4035 1718 4106 qui
1751 4049 1856 4089 non
1893 4048 1987 4089 ac-

407 4130 690 4191 utiescunt
727 4131 962 4193 veritati,
1001 4132 1234 4186 credunt
1257 4140 1441 4185 autem
1471 4127 1780 4198 iniquitati,
1814 4127 1893 4181 ira
1930 4137 1987 4182 et

408 4220 727 4291 imlignatio,
761 4222 1040 4277 tribulatio
1065 4231 1118 4277 et
1141 4221 1390 4292 angustia
1408 4221 1463 4276 in
1495 4234 1713 4276 omnem
1746 4219 1984 4274 animam

406 4315 643 4369 hominis
675 4316 958 4384 operantis
990 4317 1191 4372 malum
1219 4318 1288 4370 δ’.

481 4406 563 4460 Ea:
596 4405 746 4462 Isaia
787 4409 1063 4479 prapheta.
1100 4408 1307 4464 —Nisi
1345 4408 1711 4472 credideritis,
1753 4421 1859 4460 non
1894 4405 1981 4460 iu-
2024 4449 2041 4455 ν.

405 4500 676 4568 telligetis.
709 4501 777 4556 Et
809 4502 1010 4571 adjecit
1042 4501 1308 4557 Dominus
1352 4500 1500 4570 loqui
1553 4499 1621 4556 ad
1665 4499 1874 4565 Achaz,
1898 4497 1985 4551 dia

403 4608 533 4644 ι-ιιης
560 4611 572 4646 :
602 4592 732 4647 Pete
762 4593 859 4649 tibi
900 4595 1115 4664 signum
1143 4609 1175 4647 a
1204 4591 1433 4647 Domino
1460 4592 1574 4648 Deo
1607 4599 1719 4658 tuo,
1756 4591 1873 4646 sive
1901 4589 1987 4647 in-

407 4685 557 4737 lc-rue
581 4684 698 4739 sive
720 4700 975 4753 superne.
1028 4684 1092 4738 Et
1124 4683 1262 4740 dixit
1292 4685 1475 4739 Acbaz
1511 4703 1525 4739 :
1551 4683 1670 4739 Non
1697 4692 1901 4753 petam,
1932 4691 1988 4739 et

409 4790 513 4825 mn
570 4776 792 4829 tentabo
841 4776 1156 4830 Dominum.
1207 4774 1274 4829 Et
1314 4776 1452 4830 dixit
1512 4791 1527 4828 :
1580 4775 1780 4833 Audite
1832 4789 1985 4844 ergo,

407 4872 600 4918 manus
626 4862 795 4917 David
835 4882 849 4917 :
884 4866 1128 4933 nunquid
1188 4881 1381 4932 parum
1421 4864 1578 4920 vobis
1609 4874 1695 4919 est
1725 4864 1987 4918 molestos

406 4969 530 5008 esse
559 4955 890 5022 hominibus,
920 4957 1043 5027 quia
1077 4957 1289 5012 molesti
1316 4957 1451 5013 estis
1472 4966 1525 5012 et
1557 4956 1667 5011 Deo
1703 4955 1916 5011 meo"?

483 5136 564 5190 lia:
594 5135 866 5191 Ilubacuc.
896 5167 965 5177 —
990 5136 1205 5193 Justum
1240 5143 1422 5192 autem
1451 5150 1516 5190 ex
1546 5134 1648 5189 ﬁde
1680 5135 1825 5189 vivet
1846 5132 1912 5188 ".

483 5310 563 5367 Ex
597 5312 893 5370 Proverbiis
926 5315 1251 5370 Salomonis.
1282 5344 1350 5355 —
1374 5313 1750 5384 Eleemosynae
1771 5321 1824 5369 et
1859 5311 1990 5366 tide—

410 5407 588 5458 titates
645 5418 695 5460 te
729 5424 833 5460 non
873 5409 1131 5462 deserant
1158 5407 1226 5461 ⁸⁸.
1255 5435 1325 5446 —
1365 5405 1715 5459 Abominatio
1758 5404 1988 5459 Domino

409 5498 546 5551 ί.ιιιίει
582 5500 857 5554 tuendacia
904 5518 916 5555 :
967 5501 1055 5568 qui
1104 5507 1283 5553 autem
1348 5498 1575 5552 fideliter
1616 5499 1746 5565 agit,
1809 5496 1986 5565 placet

518 5636 562 5667 "‘
600 5635 762 5689 Ilebr.
798 5654 877 5699 χι,
911 5637 1060 5691 1-40.
1169 5637 1213 5670 "
1247 5639 1289 5693 II
1325 5639 1517 5695 Thess.
1552 5657 1617 5695 ιι.
1659 5641 1745 5694 Η.

407 5706 453 5736 δ’
487 5708 588 5759 Ιδει.
613 5724 704 5769 ιιι,
733 5707 883 5763 9-15.
967 5708 1012 5739 ⁸⁵
1043 5708 1257 5764 llabac;
1283 5727 1343 5774 ιι,
1375 5711 1427 5764 4.
1506 5713 1551 5746 ⁸⁸
1585 5711 1740 5765 Prov.
1781 5728 1861 5773 ιιι,
1895 5711 1947 5763 5.

482 5861 591 5929 (ῗῖτι)
664 5862 825 5934 Νἱνιδρ
869 5880 993 5917 erus
1040 5862 1245 5933 lugebat
1310 5867 1820 5939 συγκερασρ.ἕ,οῖι;,
1881 5882 1982 5921 :tnz'.

1871 5642 1916 5672 ⁵ο
1944 5640 2105 5694 liebr.
2143 5656 2223 5704 ιιι,
2256 5638 2442 5696 17-19.

2028 5882 2391 5937 τ’)γγεκῖρειτε

2088 3300 2276 3369 γελίας
2308 3297 2573 3352 εἰσελθεῖν
2601 3299 2681 3360 εἰς
2707 3296 2807 3365 τὴν
2840 3294 3187 3347 κατάπαυσιν
3209 3289 3400 3352 αὑτοῦ,
3437 3290 3565 3358 δοκῇ
3591 3304 3673 3351 τις

2088 3390 2146 3456 ἐξ
2168 3391 2197 3443 ύ
2206 3389 2322 3460 μῶν
2338 3387 2701 3460 ὑστερηκέναι
2723 3404 2736 3417 ·
2763 3384 2859 3439 καὶ
2872 3383 2981 3455 γάρ
2997 3382 3166 3452 ἐσμεν
3194 3377 3670 3451 εὐηγγελισμένοι,

2088 3472 2646 3553 καθάπερκάκεῖνοι·
2683 3478 2798 3533 ἀλλ’
2845 3476 2945 3530 οὐκ
2988 3473 3271 3544 ὠφέλησεν
3309 3473 3337 3524 ὁ
3383 3471 3539 3539 λόγος
3573 3469 3672 3536 τῆς

2087 3573 2259 3642 ἀκοῆς
2280 3571 2546 3636 ἐκείνους,
2577 3568 2654 3640 μὴ
2681 3562 3232 3636 συγκεκερασμένους
3258 3563 3325 3632 τῇ
3355 3561 3536 3614 πίστει
3562 3559 3672 3619 τοῖς

2086 3664 2404 3719 ἀκούσασιν.
2777 3716 2783 3721 .
2900 3660 2903 3663 λ
3384 3713 3395 3721 .

2163 3757 2274 3812 Τοῦ
2302 3755 2490 3811 αὑτοῦ
2522 3754 2595 3809 ἐκ
2632 3752 2743 3823 τῆς
2769 3753 2920 3822 πρὸς
2939 3751 3255 3821 Ῥωμαίους
3283 3740 3669 3809 Ἐπιστολῆς.

2085 3881 2151 3893 -—
2189 3850 2315 3913 Τοῖς
2348 3848 2457 3919 μὲν,
2475 3846 2599 3901 καθ’
2627 3845 2906 3916 ὑπομονὴν
2933 3843 3096 3915 ἔργου
3131 3837 3365 3909 ἀγαθοῦ,
3395 3834 3550 3899 δόξαν
3577 3832 3672 3887 καὶ

2086 3941 2254 4012 τιμὴν
2307 3939 2404 3993 καὶ
2440 3937 2753 4009 ἀφθαρσίαν
2794 3934 3047 4007 ζητοῦσι,
3094 3930 3209 4001 ζωὴ
3261 3928 3512 3989 αἰώνιος·
3563 3925 3673 3984 τοῖς

2085 4032 2144 4087 δέ
2175 4031 2236 4096 ἐξ
2262 4029 2524 4101 ἐριθείας,
2548 4028 2643 4081 καί¹
2670 4026 2955 4080 ἀπειθοῦσι
2987 4023 3086 4095 μὲν
3114 4024 3179 4092 τῇ
3210 4017 3458 4087 ἀληθείᾳ,
3488 4012 3672 4067 πειθοο

2090 4123 2275 4194 μένοις
2311 4120 2458 4191 δέτῇ
2500 4119 2706 4188 ἀδικίᾳ,
2741 4116 2911 4187 θυμὸς
2950 4115 3045 4168 καὶ
3074 4111 3212 4183 ὀργὴ
3249 4109 3342 4163 καὶ
3382 4106 3554 4174 θλίψις
3584 4103 3674 4156 καὶ

2089 4213 2423 4286 στενοχωρία
2443 4212 2535 4265 ἐπὶ
2558 4212 2739 4264 πᾶσαν
2756 4208 2934 4279 ψυχὴν
2963 4203 3256 4276 ἀνθρώπου
3279 4199 3371 4254 τοῦ
3403 4211 3671 4268 κατεργα-

2088 4308 2148 4373 Co
2155 4306 2315 4379 μένου
2347 4305 2410 4360 τὸ
2436 4304 2625 4359 κακόν.

2172 4396 2413 4452 Ἡσαΐου
2452 4390 2783 4462 προφήτου.
2813 4419 2879 4431 --
2915 4386 3041 4440 Ἐὰν
3080 4383 3154 4455 μὴ
3185 4373 3675 4449 πιστεύσητε,ούδέ

2094 4488 2169 4561 μὴ
2203 4486 2397 4557 συνῆτε
2419 4502 2432 4515 ·
2468 4484 2564 4536 καὶ
2582 4480 2880 4554 προσέθετο
2907 4476 3138 4546 λαλῆσαι
3157 4472 3359 4543 Κύριος
3377 4468 3454 4540 ’τῷ
3476 4468 3670 4561 ’Λχαζι

2090 4556 2562 4648 λέγωνλῑτησαι
2605 4570 2816 4642 σεαυτῷ
2869 4570 3094 4638 σημεῖον
3127 4565 3279 4635 παρᾶ
3331 4562 3537 4631 Κυρίου
3581 4556 3673 4611 τοῦ

2085 4669 2222 4725 Θεοῦ
2256 4685 2353 4721 σου
2396 4669 2477 4729 εἰς
2516 4664 2681 4735 βάθος
2718 4662 2752 4732 ἢ
2794 4662 2874 4723 εἰς
2919 4657 3085 4728 ὕψος·
3134 4654 3227 4707 καὶ
3272 4648 3426 4705 εἶπεν
3464 4648 3669 4719 "Ala?

2086 4763 2160 4817 Οὐ
2193 4761 2269 4833 μὴ
2296 4761 2528 4829 αἰτήσω,
2550 4755 2671 4809 οὐδὲ
2705 4753 2780 4825 μὴ
2807 4750 3055 4822 πειράσω
3091 4746 3297 4818 Κύριον
3317 4760 3331 4774 ·
3364 4743 3460 4796 καὶ
3492 4737 3670 4833 εἶπεν·

2100 4831 2398 4908 Ἀκούσατε
2429 4849 2517 4921 δὴ,
2543 4844 2693 4910 οικος
2728 4843 2925 4898 Δαειδο
2984 4840 3059 4912 μὴ
3113 4836 3310 4909 μικρὸν
3340 4835 3470 4905 ύμῖν
3490 4831 3674 4901 ἀγῶνα

2086 4948 2351 5019 παρέχειν
2414 4943 2746 5014 ἀνθρώποις,
2816 4938 2911 4993 καὶ
2970 4935 3088 4999 πῶς
3159 4931 3349 5001 Κυρίῳ
3407 4930 3673 5000 παρέχετε

2096 5042 2311 5112 ἀγῶνας

2176 5131 2507 5200 ’Λεϐακοὺμ
2540 5127 2874 5198 προφήτου.
2905 5156 2975 5166 -ο
3012 5123 3071 5177 Ὀ
3112 5122 3168 5176 δὲ
3210 5120 3453 5181 δίκαιος,
3490 5117 3557 5169 ἐκ
3598 5111 3675 5164 πί-

2093 5243 2265 5285 στεως
2294 5224 2541 5295 ζήσεται.

2174 5319 2269 5368 Ἐκ
2302 5315 2421 5367 τῶν
2458 5310 2846 5381 Σολομῶντος
2868 5304 3319 5376 Παροιμιῶν.-
3350 5295 3674 5362 Ἐὶιημοσύ-

2098 5426 2185 5463 ναι
2218 5407 2314 5460 καὶ
2353 5408 2565 5468 πίστεις
2602 5403 2687 5474 psi}!
2715 5399 3117 5455 ἐκλειπέτωσάν
3167 5412 3249 5449 σε.
3286 5427 3356 5437 ——
3399 5393 3507 5446 Καὶ
3560 5390 3675 5460 βδέ-

2096 5500 2279 5571 λυγμα
2303 5497 2496 5569 Κυρίῳ
2516 5496 2670 5565 χείλη
2690 5494 2883 5563 ψευδῆ,
2916 5495 2943 5545 δ
2970 5491 3025 5544 δὲ
3054 5488 3222 5543 ποιῶν
3251 5486 3463 5548 πίστεις
3491 5480 3674 5542 δεκτὶς

2584 5636 2621 5667 ³¹
2657 5635 2820 5689 llebr.
2853 5648 2925 5697 tv,
2960 5632 3006 5697 ί,
3031 5630 3085 5684 Ξ.
3200 5629 3245 5660 ⁵³
3281 5627 3412 5679 [tum
3460 5638 3522 5685 tt,
3562 5618 3675 5676 ἰ’-9.

2385 5862 2535 5933 μέτες
2567 5873 2614 5914 ιιι
2657 5862 2772 5933 vnlg
2796 5867 2894 5912 dus
2928 5856 3174 5911 Latinus.
