3994 6430
488 475 587 542 821

1353 481 1921 545 APOLOGETICUS
1956 484 2105 544 PRO
2143 486 2409 547 SACRIS
2446 482 2927 546 I'MAGINIBUS.

3648 476 3754 539 332

448 576 451 577 ν
487 591 620 664 παρ’
640 591 811 664 αὐτῷ.
839 594 953 649 Kal
980 594 1171 651 πάλιν
1192 611 1205 627 ⁶
1240 596 1668 669 Ἐλεημοσύναις
1687 598 1783 652 καὶ
1813 597 2065 652 πίστεσιν

2187 600 2217 653 :i
2252 601 2320 653 ⁸⁸.
2345 598 2500 653 Item.
2538 595 2915 667 Elecmoxynis
2949 602 3004 647 et
3054 591 3405 647 ﬁdelitatibus
3452 599 3753 661 purgantur

486 685 954 757 ὰποκαθαίρονται
974 685 1268 758 ἁμαρτίαι.

555 775 674 831 Τοῦ
699 778 771 831 ἐν
794 778 985 848 ἁγίοις
1014 781 1249 849 Πατρός
1277 780 1451 849 ἡμῶν
1466 770 1746 837 Ἰωάννου
1774 782 1883 836 τοῦ
1912 783 2069 849 Χρυ-

487 870 815 938 σοστόμου,
837 870 906 925 ἐκ
928 870 1038 926 τοῦ
1053 875 1142 940 εἰς
1163 872 1272 927 τὸν
1284 876 1744 943 Etiam-altoth
1757 875 1944 943 λόγου
1966 872 2065 944 (α).

493 991 560 1003 --
595 961 906 1034 ’Δπεστάλη
941 964 1207 1037 Γαϐριὴλ,
1246 966 1461 1028 δεικνὺς
1483 965 1578 1019 τὸν
1608 970 1665 1019 ὲν
1688 966 1863 1037 Θρόνῳ
1889 966 1982 1019 καὶ
2011 968 2070 1018 ὲν

488 1051 563 1124 τῷ
597 1053 878 1124 σπηλαίιιν
915 1056 1197 1128 ἀπεστάλη
1232 1058 1260 1110 ὁ
1295 1056 1657 1127 στρατιώτης,
1695 1056 1835 1126 βοῶν
1880 1056 1942 1109 τὸ
1973 1054 2069 1109 τοῦ

491 1140 755 1210 βασιλέως
774 1144 1094 1216 μυστήριονο
1118 1146 1420 1217 μυστήριον
1435 1145 1843 1218 γνωριζόμενον
1865 1146 2067 1211 πίστει,

487 1234 591 1287 οὐκ
634 1233 1009 1306 ἐρευνώμενον
1057 1236 1587 1311 πολυπραγμοσύνῃ,
1640 1238 1940 1310 μυστήριον
1984 1255 2074 1290 πι-

492 1323 843 1395 στευόμενον,
878 1325 976 1396 οὐχ
996 1326 1462 1397 ἑρμηνευόμενον,
1492 1329 1795 1398 μυστήριον
1827 1343 2072 1397 προσκυ-

491 1415 774 1486 νούμενον,
805 1417 867 1469 οὐ
898 1414 1426 1487 ζυγοστατούμενον,
1466 1420 1769 1489 μυστήριον
1787 1416 2071 1487 οεολογού-

498 1519 679 1575 μενον,
706 1506 807 1559 οὐκ
845 1506 1241 1578 ἐρευνώμενον,
1276 1508 1577 1580 μυστήριον
1605 1507 2064 1580 ὁμολογούμενον,

398 1640 401 1643 ‹
494 1596 555 1650 οὐ
587 1596 984 1668 μετρούμενον.

566 1690 677 1745 Τοῦ
694 1691 882 1747 αὑτοῦ
899 1693 968 1746 ἐκ
984 1691 1097 1761 τῆς
1114 1693 1434 1763 ἑρμηνείας
1457 1692 1565 1760 τῆς
1580 1693 1732 1762 πρὸς
1758 1694 2073 1765 Ῥωμαίους

502 1782 895 1853 Ἐπιστολῆςο
919 1802 935 1835 ι
954 1783 1021 1838 Ἦ
1040 1785 1110 1839 δὲ
1135 1787 1204 1840 ἑκ
1231 1787 1493 1853 πίστεως
1512 1786 1867 1855 δικαιοσύνη
1884 1788 2072 1853 οὕτως

488 1872 712 1943 λέγει,ι
738 1876 831 1928 καὶ
890 1876 958 1929 τὰ
1005 1876 1132 1948 ἑξῆς
1201 1880 1492 1948 πρόκειται
1530 1880 1808 1951 ἀνωτέρω.
1840 1909 1913 1919 —
1957 1880 2072 1933 ’Ἰνα

2176 701 2398 760 peccata
2424 690 2493 744 ⁵⁷.

2184 816 2189 819 -
2246 779 2427 835 Sancti
2462 779 2643 835 Patris
2674 779 2840 834 nostri
2870 776 3096 831 Joannis
3124 772 3479 845 Chrysostomi
3520 790 3587 828 ex
3636 789 3751 828 ser-

2176 891 2326 930 mone
2381 876 2436 929 in
2500 872 2992 928 Annnntintionem.
3026 897 3098 909 —
3141 867 3341 922 Missus
3402 876 3486 920 est
3534 866 3751 921 Gabriel

2179 977 2237 1020 ut
2273 967 2536 1020 indicaret
2559 981 2704 1027 ciunt,
2734 964 2825 1033 qui
2859 973 2912 1018 et
2941 962 2992 1017 in
3031 962 3227 1016 throno
3258 957 3419 1015 simul
3455 970 3509 1014 et
3535 959 3592 1011 in
3629 972 3755 1026 spe-

2179 1058 2336 1112 lunca
2389 1067 2508 1111 erat
2539 1073 2555 1111 :
2588 1056 2790 1111 missus
2836 1065 2920 1109 est
2956 1053 3111 1109 miles
3157 1063 3211 1106 ut
3249 1052 3392 1120 regis
3426 1050 3750 1117 mysterium

2179 1146 2523 1219 pervulgaret
2559 1162 2572 1198 :
2609 1146 2922 1213 mysterium
2958 1142 3100 1211 quod
3135 1142 3240 1197 lide
3273 1141 3612 1210 agnoscitur,
3647 1155 3753 1193 non

2179 1239 2496 1296 curiositate
2545 1240 2980 1307 pervestigatur:
3015 1235 3335 1306 mysterium
3390 1233 3752 1294 credendum,

2180 1348 2288 1386 non
2317 1329 2667 1385 scrutandum
2708 1345 2723 1382 :
2760 1327 3082 1399 mysterium
3123 1326 3484 1391 adorandum,
3515 1342 3618 1379 non
3647 1335 3755 1379 sta-

2183 1436 2295 1479 tera
2320 1424 2658 1493 pendendum
2682 1441 2697 1477 :
2717 1420 3035 1493 mysterium
3054 1420 3197 1489 quod
3224 1433 3253 1472 a
3273 1420 3452 1473 divina
3484 1420 3754 1483 doctrina,

2182 1532 2288 1571 non
2321 1515 2390 1570 ab
2421 1513 2671 1570 examine
2703 1512 3014 1581 accepimus
3049 1529 3066 1568 :
3100 1511 3423 1582 mysterium
3455 1511 3597 1578 quod
3627 1526 3755 1564 con-

2181 1608 2420 1669 ﬁtemur,
2445 1620 2551 1660 non
2586 1605 2863 1659 metimur.

2249 1694 2501 1764 Ejusdem
2536 1709 2602 1749 ea:
2627 1692 3057 1762 interpretatione
3086 1688 3339 1762 Epiuon
3364 1691 3434 1744 ad
3468 1689 3754 1753 Romanas,

2180 1787 2250 1841 ad
2278 1787 2376 1842 illa
2399 1787 2553 1841 verba
2586 1786 2742 1854 (cap.
2780 1801 2836 1847 ς.
2861 1785 2918 1849 6)
2944 1802 2958 1838 :
2993 1803 3013 1836 ι
3047 1782 3273 1838 Justitia
3314 1792 3514 1846 autem.
3540 1797 3659 1851 qua
3680 1791 3755 1836 est

2179 1895 2244 1933 ex
2274 1879 2400 1947 fide.
2423 1878 2500 1932 sic
2526 1876 2674 1931 dicit.
2718 1895 2739 1928 ι
2780 1904 2852 1917 -—
2890 1872 3161 1929 Νομίοιιωί
3187 1875 3454 1939 dicerent,
3487 1873 3757 1943 quomodo

494 1959 570 2030 μὴ
611 1961 841 2014 εἴπωσιν
903 1964 1175 2027 Ἰουδαῖοι,
1228 1966 1355 2030 Πῶς
1387 1967 1665 2038 δυνάμεθα
1712 1968 1812 2037 τὴν
1850 1969 2074 2040 μείζονα

2187 1983 2466 2038 possumus
2500 1964 2761 2038 majorem
2780 1966 3054 2036 justitiam
3082 1965 3348 2031 invenire,
3374 1965 3464 2033 qui
3489 1964 3754 2017 utinorem

488 2048 844 2123 δικαιοσύνην
874 2054 1079 2125 εὑρεῖν,
1117 2054 1217 2126 τὴν
1251 2055 1463 2110 ὲλάττω
1486 2120 1489 2125 ν
1510 2057 1585 2129 μὴ
1637 2057 1893 2130 εὑρόντες
1919 2075 1935 2124 ;
1964 2059 2074 2113 δεί-

491 2159 681 2196 κνυσιν
715 2145 798 2198 ὅτι
838 2147 1200 2221 κουροτέραή
1232 2149 1353 2213 όδδς
1384 2150 1418 2221 ὴ
1448 2150 1537 2204 διὰ
1567 2150 1825 2215 πίστεως,
1861 2150 1959 2221 τὴν
1982 2149 2074 2204 διὰ

491 2232 666 2301 λόγων
694 2235 1006 2290 ἀπαιτοῦσα
1042 2238 1220 2292 πίστιν
1249 2240 1308 2293 ἐν
1336 2239 1540 2311 καρδίᾳ
1563 2255 1576 2268 ⁶
1608 2240 1767 2304 εἰδὼς
1798 2241 1857 2294 δὲ
1895 2241 1977 2295 ὅτι
2003 2243 2072 2312 τῇ

492 2323 676 2377 πίστει
716 2324 977 2387 πολλάκις
1020 2326 1382 2398 διαμάχονται
1429 2328 1705 2400 λογισμοὶ,
1732 2331 1828 2384 καὶ
1856 2331 1937 2385 δεῖ
1976 2333 2076 2385 αὖ·

489 2417 617 2480 τοὺς
646 2417 911 2482 νεανικῶς
953 2419 1426 2495 ἀποκρούσασθαι,
1458 2418 1581 2476 εἷπε
1607 2423 1689 2490 τὸ,
1710 2424 1803 2495 Μὴ
1827 2422 1993 2498 εἴπῃς
2015 2425 2074 2477 ὲν

489 2510 556 2579 τῇ
583 2508 782 2581 καρδίᾳ
809 2527 926 2575 σου,
948 2511 1070 2565 ἀντὶ
1091 2513 1209 2579 τοῦ,
1242 2514 1397 2584 Μηδὲ
1428 2515 1694 2588 ἐννοήσῃς
1720 2516 2072 2586 ἀμφιϐαλεῖν,

489 2599 585 2652 καὶ
630 2601 807 2654 εἰπεῖν
853 2602 997 2655 κατὰ
1040 2603 1259 2667 σαυτὸν,
1292 2605 1404 2659 Καὶ
1436 2604 1554 2669 πῶς
1606 2605 1764 2659 τοῦτο
1806 2606 2073 2672 δυνατὸν;

488 2690 663 2743 Τοῦτο
705 2690 812 2762 γὰρ
842 2691 1079 2756 πίστεως
1124 2694 1277 2760 ῖδιον,
1315 2694 1377 2748 τὸ
1416 2695 1514 2767 τὴν
1556 2697 1707 2751 κάτω
1746 2700 1926 2752 πᾶσαν
1951 2700 2079 2752 ἁκοα

490 2782 709 2836 λουθίαν
733 2784 992 2853 άψέντας,
1015 2785 1077 2838 τὸ
1107 2787 1248 2858 ὑπὲρ
1286 2787 1452 2856 φύσιν
1486 2788 1692 2859 ζητεῖν,
1728 2790 1823 2843 καὶ
1844 2790 1953 2844 ἀπὸ
1973 2790 2078 2858 τῆς

489 2875 586 2928 τοῦ
611 2875 747 2929 Θεοῦ
776 2877 1060 2948 δυνάμεως
1084 2878 1303 2951 ἅπαντα
1342 2881 1766 2952 παραδέχεσθαι.

565 2966 682 3024 Τοῦ
714 2970 888 3039 ἁγίου
926 2973 1232 3039 Κυρίλλου
1268 2974 1827 3041 Ἀ.ῑεξιινδρει¹ιις,ἐκ
1859 2972 1965 3041 τῆς
1990 2978 2077 3041 εἱς

490 3061 560 3113 τὸ
596 3061 745 3115 αὐτὸ
780 3062 972 3129 ῥητόν
1001 3064 1320 3132 ἑρμηνείας
1346 3065 1443 3135 (b).
1471 3096 1539 3105 —
1578 3065 1852 3137 ὐρίζεται
1887 3070 2079 3138 χρητξ.

494 3168 611 3220 μως
645 3152 740 3205 καὶ
770 3152 921 3216 ὅπως
949 3153 1014 3207 ἂν
1040 3154 1253 3221 γένοιτο
1283 3155 1417 3227 πρὸς
1448 3155 1606 3225 ἡμῶν
1639 3158 1669 3227 ὴ
1702 3157 1900 3221 πίστις,
1940 3160 1987 3211 εί
2017 3159 2079 3212 τὸ

493 3245 795 3316 ἀμώμητον
832 3245 946 3316 ἔχοι
986 3248 1139 3318 παρᾶ
1167 3247 1307 3317 Θεῷ,
1340 3249 1433 3301 καὶ
1456 3249 1518 3301 τό
1554 3267 1617 3318 γε
1644 3250 1705 3320 δὴ
1736 3251 1856 3304 λίαν
1890 3248 1949 3305 εὖ
1984 3270 2079 3305 πε-

495 3335 753 3405 ποιῆσθαι
795 3336 1007 3390 δοκεῖν·
1048 3336 1109 3391 τὸ
1157 3338 1257 3409 μὲν
1308 3338 1418 3410 γὰρ
1465 3338 1761 3402 ἐνδοιάζειν
1796 3342 1934 3404 ὅλως
1985 3343 2080 3395 καὶ
2107 3332 2149 3385 C

496 3429 910 3484 καταδονεῖσθαι
942 3430 1119 3500 φιλεῖν
1155 3431 1237 3494 είς
1279 3432 1481 3501 ἀδρανῆ
1514 3431 1797 3503 ὅιψυχίαν,
1838 3434 2080 3505 ἀπζσλη-

463 3560 469 3565 .
494 3537 589 3574 τον
619 3520 900 3588 παντελῶς
918 3537 932 3552 ο
964 3522 1219 3594 περιττὸν
1248 3522 1306 3575 δὲ
1332 3522 1465 3586 ἴσως
1491 3524 1712 3577 καὶτῶν
1734 3525 1816 3578 ὅτι
1844 3525 2080 3595 μάλιστα

496 3612 931 3683 σεραλερωτάτων
974 3612 1035 3666 τὸ
1099 3614 1301 3686 χρῆναι
1353 3616 1818 3686 περιεργάζεσθαι
1869 3617 1940 3670 τὰ
1986 3620 2082 3673 καὶ.

494 3702 657 3772 λόγου
705 3705 853 3775 πέρα
895 3706 1117 3769 παντὸς,
1150 3705 1239 3760 νοῦ
1280 3705 1339 3759 τέ
1386 3709 1502 3760 ἐστι
1530 3706 1623 3760 τοῦ
1670 3708 1794 3760 καθ’
1845 3710 1988 3778 ἡμᾶς
2022 3711 2080 3762 ἐν

493 3797 781 3867 ἀμείνοσι·
828 3797 948 3861 πῶς
989 3798 1098 3868 γὰρ
1130 3797 1195 3852 ἂν
1243 3796 1351 3851 εἷεν
1377 3800 1596 3872 ἐμφανῆ
1637 3800 1703 3853 τὰ
1755 3801 2081 3873 ἁπορῤήτως

495 3887 650 3956 παρά
694 3886 830 3941 Θεοῦ
860 3888 1374 3961 τεχνουργούμενας
1421 3892 1519 3944 κοιλ⁵
1572 3892 1677 3962 μὴν
1726 3893 1818 3945 καὶ
1852 3894 2082 3964 καρδίας

496 3977 781 4049 ὀφθαλμὸς
810 3979 893 4043 τίς
920 3979 987 4033 ἂν
1012 3982 1097 4050 ειη
1123 3980 1399 4046 τοσοῦτος,
1431 3982 1507 4045 ὡς
1546 3982 1891 4053 καταθρῆσαι
1924 3985 2080 4040 δύνα-

498 4068 626 4122 σθαι
655 4068 822 4136 Θεόνς
858 4068 1061 4141 μᾶλλον
1087 4071 1168 4135 δὲ,
1204 4071 1287 4135 τίς
1319 4072 1429 4142 ἄρα
1482 4074 1734 4144 συνήσει,
1766 4076 1867 4130 κᾶν
1914 4079 1967 4131 εί
1997 4095 2082 4142 τις

493 4160 675 4214 ἕλοιτο
705 4159 887 4229 λέγειν
916 4162 1013 4215 καὶ
1031 4162 1299 4231 ἀφηγοῖτο
1320 4164 1386 4216 τὰ
1416 4165 1552 4219 πολὺ
1578 4165 1699 4219 λίαν
1724 4167 1866 4238 ὑπὲρ
1896 4169 2041 4239 ἡμᾶς
2065 4187 2080 4236 ;

506 4253 568 4306 '0
588 4252 689 4323 μὲν
706 4253 815 4326 γὰρ
838 4253 1213 4325 Κύριοςὴμῶν
1229 4255 1438 4327 Ἰησοῦς
1460 4260 1488 4310 ὁ
1506 4258 1763 4328 Χριστὸς,
1786 4260 2083 4331 Νικοδήμῳ

496 4345 630 4399 ποτὲ
650 4348 778 4408 τοὺς
804 4348 933 4417 περὶ
955 4347 1058 4417 τῆς
1082 4349 1462 4417 πνευματικῆς
1476 4351 1889 4423 ἁναγεννήσεως
1948 4371 2083 4424 παρο

492 4435 663 4491 ετίοει
713 4436 928 4516 λόγους,
967 4440 1063 4492 καὶ
1109 4430 1172 4511 Eii
1217 4440 1313 4494 καὶ
1337 4439 1606 4509 έιραιτκεν⁸
1652 4442 1866 4512 Ἀμὴν,
1915 4444 2084 4513 ἀμὴν

490 4526 652 4597 λέγω
690 4527 853 4597 ὑμῖν,
904 4529 1013 4583 ἐὰν
1035 4529 1121 4600 μή
1163 4547 1254 4598 τις
1281 4530 1545 4601 γεννηθῇ
1580 4532 1840 4596 ἄνωθεν,
1866 4536 1939 4588 οὐ
1978 4534 2081 4589 δύ-

497 4636 672 4674 ναται
693 4622 989 4675 εἰσελθεῖν
1006 4625 1094 4690 εις
1124 4623 1241 4691 τὴν
1265 4624 1596 4689 ,ϐασιλείαν
1617 4625 1724 4680 τοῦ
1754 4626 1923 4692 Θεοῦ.
1947 4623 2081 4680 Εἶτα

495 4708 712 4774 τούτοις
754 4711 1069 4781 προσετίθει
1111 4714 1181 4768 τὰ
1222 4715 1454 4785 ἐφεξῆςο
1502 4717 1775 4781 συνιέντος
1817 4718 1873 4772 δὲ
1910 4719 2077 4771 αὑτοῦ

496 4801 783 4866 παντελῶς
819 4803 991 4869 οὐδὲν,
1020 4803 1142 4858 τότε
1175 4805 1239 4876 δὴ
1270 4805 1393 4859 τότε
1435 4806 1693 4879 Χριστὸς,
1721 4810 1822 4878 τῆς
1853 4810 1963 4862 τῶν
1993 4812 2079 4862 ὲν-

491 4893 656 4948 νοιῶν
687 4896 1001 4966 ἰσχνότητος
1040 4896 1118 4961 ὡς
1140 4896 1419 4953 ἀπωτάτω
1464 4898 1633 4963 τιθεὶς
1664 4901 1763 4970 τῆς
1791 4900 2079 4971 ἀνθρώπου

488 4983 737 5050 διανοίας
755 4990 817 5040 τὸ
845 4989 1037 5059 πάχος,
1064 4990 1133 5044 El
1166 4989 1238 5044 τὰ
1264 4989 1501 5059 ἐπίγεια
1527 4987 1702 5045 εἷπον
1728 4992 1891 5061 ὑμῖν,
1924 4994 2081 5061 φησὶ,

489 5074 594 5128 καί
611 5078 681 5132 οὐ
697 5078 1034 5145 πιστεύετε,
1051 5077 1177 5147 πῶς
1199 5079 1309 5135 ἐὰν
1327 5081 1479 5134 εἴπω
1502 5065 1643 5152 ὑμῖν
1664 5081 1737 5136 τὰ
1755 5083 2086 5152 ἐπουράνια

567 5295 613 5330 ⁵⁸
644 5297 807 5353 Prov.
848 5312 947 5363 vlt,
974 5296 1065 5352 22.
1142 5300 1187 5332 δ’
1219 5299 1378 5357 Prov.
1418 5316 1507 5384 sv,
1538 5301 1630 5357 27.
1709 5301 1757 5334 ⁸³
1779 5300 1938 5357 Joan.
1971 5320 2052 5371 Ill,
2086 5306 2139 5363 5'.

569 5477 788 5551 (Si-85)
832 5476 985 5532 Ilunc
1020 5479 1203 5551 Cyrilli
1270 5482 1445 5535 locum
1493 5497 1593 5546 ego
1627 5483 1781 5538 intuli
1820 5482 2009 5539 Grmce
2038 5494 2091 5537 et

494 5550 684 5626 l.ntt_ue
706 5550 764 5626 _iu
798 5559 1003 5619 partem
1025 5548 1268 5626 Latinam
1295 5553 1436 5626 p.27
1471 5553 1760 5609 voluminis
1777 5572 1883 5625 quo
1904 5556 2089 5626 Cyrilli

501 5623 553 5674 iu
593 5619 814 5673 Paulum
851 5623 1275 5674 commentarios
1302 5623 1469 5679 edidi.

568 5690 645 5758 (ιι)
676 5689 751 5743 Eo
790 5688 1130 5763 Nicephorus
1179 5703 1528 5761 pervetttstus
1570 5704 1625 5747 et
1661 5696 1840 5763 gravis
1892 5705 2089 5748 auctor

493 5762 885 5836 (:hrysosmtno
911 5760 1144 5836 vindicat
1182 5760 1326 5836 trante
1352 5760 1859 5836 homitiamftptam
1900 5764 2084 5836 Mont-

494 5827 780 5910 inueonius
807 5827 942 5899 Opp.
968 5827 1014 5884 t.'
1038 5829 1100 5911 ll.
1125 5847 1175 5899 p.
1210 5831 1648 5911 796_,_audacter.
1670 5827 1734 5911 ut
1759 5835 2087 5911 solet,__dicit

495 5906 717 5955 utttnino
750 5915 869 5955 esse
924 5906 1201 5969 spurious;
1235 5906 1514 5961 dubitante
1560 5907 1861 5962 modestius
1916 5907 2073 5961 Com-

2177 2076 2282 2114 non
2320 2059 2650 2124 invenimus,
2683 2058 2924 2112 ostendit
2962 2056 3257 2110 faciliorem
3281 2071 3403 2111 esse
3438 2054 3559 2109 lidei
3589 2056 3753 2118 viam,

2176 2166 2296 2219 quae
2325 2149 2577 2204 videlicet
2609 2148 2792 2204 verbis
2817 2148 3155 2202 adhortando
3188 2148 3347 2201 tidem
3376 2146 3539 2201 corde
3563 2157 3756 2200 tenen-

2176 2241 2305 2293 dant
2332 2239 2560 2309 expetit.
2597 2237 2843 2307 Cumque
2874 2237 3040 2307 probe
3071 2239 3257 2299 sciret,
3306 2236 3428 2291 ﬁdei
3478 2251 3621 2303 saepe
3652 2239 3751 2289 ad-

2178 2331 2383 2384 versari
2417 2329 2778 2399 cogitationes
2809 2340 3056 2389 nostras,
3095 2342 3298 2395 easque
3353 2327 3586 2381 viriliter
3634 2342 3757 2381 esse

2176 2421 2549 2490 expellendas,
2588 2420 2665 2474 ait
2695 2438 2710 2475 :
2753 2418 2831 2475 Ne
2861 2418 3010 2475 dicas
3037 2418 3089 2472 in
3140 2419 3304 2473 corde
3340 2428 3452 2482 tuo,
3486 2418 3535 2472 id
3565 2428 3651 2472 est
3690 2434 3757 2472 ne

2176 2500 2505 2584 cogitatione
2568 2514 2790 2577 titubes,
2846 2526 3021 2580 neque
3076 2511 3221 2578 apud
3298 2510 3526 2579 teipsum
3583 2509 3758 2574 dicas,

2179 2606 2463 2673 Quomodo
2496 2614 2579 2659 est
2610 2604 2662 2658 id
2700 2602 2996 2672 possibile?
3018 2602 3176 2673 261
3211 2600 3341 2654 Nam
3368 2600 3488 2656 tidei
3521 2599 3756 2656 oﬂicium

2176 2706 2262 2753 est
2283 2697 2429 2752 omni
2457 2696 2819 2750 humanorum
2842 2693 3253 2749 ratiociniorum
3285 2692 3502 2761 sequela
3532 2692 3757 2755 omissa,

2176 2788 2613 2860 supernaturalia
2646 2780 2910 2858 quarere,
2941 2795 3109 2858 atque
3140 2801 3169 2839 a
3222 2784 3311 2840 Dei
3347 2784 3590 2854 potentia
3637 2798 3760 2837 om-

2179 2884 2264 2936 nia
2289 2883 2602 2953 admittere.
3107 2882 3121 2894 '

2251 2974 2438 3054 Sancti
2460 2973 2646 3045 Cyrilli
2677 2971 3053 3039 Alexandrini,
3078 2990 3144 3028 ea:
3170 2970 3605 3040 interpretatione
3633 2966 3763 3029 lCI’l'

2176 3068 2329 3122 stola!
2364 3068 2433 3121 ad
2470 3067 2756 3131 Romanos,
2779 3068 2848 3119 ad
2894 3066 2989 3119 illa
3018 3066 3169 3119 verba
3205 3064 3357 3134 (cap.
3393 3078 3445 3125 κ,
3478 3062 3572 3131 6);
3607 3078 3625 3110 ι
3660 3058 3762 3111 Ju-

2177 3162 2323 3214 stitia
2345 3169 2543 3224 nutent,
2566 3176 2684 3229 qua:
2707 3170 2781 3212 est
2812 3173 2877 3213 ea:
2900 3158 3026 3227 ﬁde,
3045 3160 3118 3211 sic
3140 3158 3263 3210 dicit
3295 3154 3530 3225 (δᾶ-85).
3548 3150 3764 3206 ι-υιξ-

2182 3252 2308 3305 liter
2345 3251 2554 3313 delinit,
2582 3249 2888 3317 cuiusmodi
2924 3266 3046 3305 esse
3082 3251 3274 3303 debeat
3304 3248 3435 3301 lides
3465 3255 3673 3305 nostra,
3706 3251 3766 3296 ut

2184 3357 2375 3410 nempe
2404 3342 2538 3395 nihil
2568 3339 2995 3409 reprehensibile
3025 3340 3078 3391 in
3124 3338 3234 3391 Deo
3276 3350 3400 3390 esse
3428 3333 3633 3391 credat.
3669 3333 3763 3385 sed

2182 3432 2362 3485 omnia
2406 3429 2710 3484 rectissime
2771 3428 2839 3482 ab
2874 3441 2941 3482 eo
2992 3426 3131 3480 ﬁeri.
3183 3424 3429 3493 Namque
3454 3422 3678 3475 omnino
3710 3419 3762 3471 in

2183 3523 2346 3576 dubio
2410 3520 2653 3585 versari,
2724 3518 3105 3589 imbecillaquc
3164 3518 3334 3572 animi
3394 3514 3760 3584 perplexitate

2184 3622 2380 3681 sponte
2441 3621 2661 3680 nutare,
2718 3612 3038 3667 detestanda
3094 3625 3181 3664 res
3235 3619 3339 3663 est.
3376 3606 3603 3661 Videtur
3637 3605 3763 3656 item

2190 3715 2593 3775 supervacuum
2623 3715 2679 3762 et
2709 3704 2864 3759 valde
2893 3702 3285 3772 periculosum,
3337 3700 3382 3755 si
3414 3700 3536 3768 quis
3571 3697 3763 3751 existi-

2186 3807 2293 3852 met
2347 3806 2602 3863 oportere
2654 3795 2891 3851 scrutari
2950 3810 3015 3851 ea
3053 3810 3173 3864 qua:
3206 3802 3261 3846 et
3303 3806 3528 3860 prorsus
3577 3787 3768 3842 inetia-

2185 3889 2312 3943 bilia
2363 3897 2490 3943 sunt
2518 3899 2575 3942 et
2602 3888 2939 3943 intellectum
2975 3896 3220 3941 nostrum
3275 3893 3558 3952 superant.
3612 3879 3761 3946 Quo-

2186 3982 2344 4039 modo
2393 3982 2537 4037 enim
2598 3992 2895 4050 appareant
2952 3996 3071 4049 qua:
3121 3979 3262 4034 Deus
3320 3993 3520 4032 arcatm
3559 3976 3771 4028 latium:

2187 4088 2449 4148 operatus
2480 4076 2611 4133 est?
2654 4074 2882 4144 Insuper
2904 4074 3085 4128 cordis
3109 4073 3299 4126 oculus
3325 4070 3444 4138 quis
3468 4078 3652 4122 tantus
3675 4068 3769 4131 sit,

2188 4181 2249 4225 ut
2273 4171 2439 4224 Deum
2470 4168 2779 4239 conspicari
2805 4166 3011 4235 queat?
3033 4162 3147 4218 lmo
3178 4178 3305 4217 vero
3323 4161 3446 4231 quis
3475 4158 3770 4225 intelligat,

2188 4262 2231 4315 si
2285 4276 2446 4330 quem
2483 4258 2626 4315 forte
2656 4259 2930 4313 dicentem
2955 4264 3372 4310 enarrantemvc
3404 4269 3465 4305 ea
3500 4265 3620 4319 qua:
3653 4265 3770 4302 ino-

2186 4352 2372 4406 dolum
2412 4362 2657 4406 nostrum
2698 4349 2994 4413 excedunt,
3053 4344 3275 4400 audiat?
3324 4343 3459 4397 Nam
3512 4340 3770 4396 Dominus

2174 4454 2373 4499 noster
2428 4442 2590 4498 .Iesus
2641 4440 2919 4505 Christus,
2970 4439 3036 4492 de
3068 4436 3302 4506 spiritali
3358 4432 3773 4505 regeneratione

2185 4549 2307 4588 cum
2345 4532 2641 4587 Nicodemo
2671 4529 2946 4585 disserens
2977 4527 3158 4582 aiebat
3192 4543 3207 4580 :
3240 4526 3427 4592 Anien,
3463 4538 3614 4577 amen
3649 4522 3770 4575 dico

2189 4625 2349 4689 vobis,
2386 4624 2491 4677 nisi
2530 4622 2649 4693 quis
2679 4622 2851 4676 denuo
2875 4630 3031 4674 nutus
3058 4619 3238 4688 fuerit,
3282 4633 3387 4671 non
3442 4613 3665 4669 intrabit
3716 4614 3773 4666 in

2186 4735 2403 4789 regnum
2433 4717 2531 4772 Dei
2560 4718 2628 4771 ⁸⁸.
2658 4716 2794 4777 Tum
2835 4726 2892 4771 et
2931 4731 3053 4785 qua:
3084 4715 3154 4768 ibi
3184 4720 3510 4783 sequuntur,
3550 4708 3769 4779 adjecit.

2189 4813 2327 4867 Cum
2364 4828 2492 4866 vero
2554 4809 2886 4866 Nicodemus
2944 4808 3077 4862 nihil
3128 4821 3363 4877 prorsus
3422 4804 3774 4873 intelligeret,

2191 4912 2319 4957 ltmc
2374 4901 2591 4956 demum
2630 4901 2907 4961 Christus,
2944 4899 3197 4953 liuntanm
3247 4897 3449 4950 mentis
3490 4893 3774 4948 behetttdi—
3856 4932 3867 4943 .

2190 5010 2312 5049 nem
2347 4993 2507 5060 longe
2532 4995 2725 5048 abesse
2758 4992 2827 5048 ab
2860 4989 3193 5059 intelligendi
3246 4985 3552 5042 subtilitate
3587 4980 3770 5039 decla-

2193 5102 2341 5156 rans,
2363 5086 2441 5141 ait
2484 5105 2498 5141 :
2533 5086 2596 5141 Si
2621 5097 2834 5141 terrena
2895 5085 3039 5141 vobis
3074 5080 3330 5153 loquenti,
3369 5094 3471 5135 non
3525 5074 3771 5139 creditis,

2202 5486 2387 5540 hensio
2423 5486 2543 5541 Bib.
2578 5502 2725 5541 conc.
2783 5494 2824 5540 t.
2858 5482 2948 5547 Vl,
3003 5498 3057 5551 p.
3107 5481 3229 5537 547.
3286 5477 3497 5551 Erravit
3554 5491 3775 5551 quoque

2198 5558 2327 5611 tier.
2366 5555 2610 5621 Vossius,
2636 5557 2726 5625 qui
2776 5571 2898 5611 eam
2925 5548 3064 5625 inter
3093 5552 3344 5623 Gregorii
3377 5548 3772 5619 Thaumaturgi

2190 5628 2392 5694 scripta
2428 5623 2708 5683 collocavit
2747 5642 2871 5695 opp.
2912 5640 2964 5693 p.
2999 5623 3094 5677 25.

2259 5686 2334 5766 (6)
2376 5698 2545 5753 Totus
2605 5698 2698 5763 qui
2772 5686 3023 5761 sequitur
3076 5692 3262 5763 Cyrilli
3318 5700 3526 5766 tractus
3573 5686 3774 5766 eddea:

2186 5758 2444 5822 tius-crit.
2517 5758 2740 5822 editisa
2800 5758 2956 5821 nobis
3014 5758 3527 5818 commentariorum
3589 5758 3771 5815 f't'iili

2185 5838 2429 5909 rtliquiis
2486 5840 2552 5892 ad
2610 5854 2728 5894 cum
2792 5837 2943 5892 Pauli
2995 5834 3321 5904 Epistulam.
3359 5828 3528 5903 p.40.
