3994 6428
404 416 509 479 825

1245 408 1812 471 APOLOGETICUS
1849 410 2002 471 PRO
2042 409 2307 470 SACRIS
2350 407 2835 469 IMAGINIBUS.

3569 403 3675 465 826

484 524 596 580 Τοῦ
630 524 818 578 αὐτοῦ
860 523 927 576 ἐκ
965 520 1074 590 τῆς
1113 521 1255 588 πρές
1308 521 1612 589 Ἐὔραίους
1636 521 1990 591 ἑρμηνείας,

2168 519 2419 589 Ejusdem
2458 536 2523 573 ex
2563 520 2993 589 interpretatione
3019 514 3274 584 Epistula:
3298 514 3368 568 ad
3403 513 3677 579 llebra'as,

383 618 497 683 ἐἰς
530 616 618 680 τὸ,
647 635 666 668 ι
700 614 824 669 Πᾶν
854 617 962 682 τκὰρ
988 612 1299 683 ἀρχιερεὺς
1320 608 1387 675 ἐξ
1405 612 1735 680 ἀνθρώπων
1764 615 1995 684 λαμϐα-

410 710 688 774 νόμενος,
730 722 747 754 ι
779 720 874 757 και
922 702 989 755 τὰ
1014 702 1160 771 ἑξῆς.
1192 730 1261 741 ——
1292 700 1393 753 Διά
1442 700 1602 755 τοῦτο
1647 701 1748 772 τὴν
1809 704 1995 757 πίστιν

414 797 823 871 παρελάϐομεν,
848 796 934 848 ἵνα
964 794 1038 865 μὴ
1070 791 1519 864 ἀναγκαζώμεθα
1548 794 1751 866 μυρίας
1778 797 1994 850 ἐπιέναι

414 890 677 963 αἱρέσεις,
707 888 802 942 καὶ¹
825 887 1130 958 πράγματα
1158 886 1337 957 ἔχειν’
1364 886 1481 940 ἀλλ’
1508 887 1647 959 ὅπερ
1673 887 1738 940 ἂν
1772 887 1805 959 ἢ
1828 904 1998 959 προσ-

415 984 585 1037 θεῖναι
617 983 650 1053 ἢ
678 982 902 1051 ἀφελεῖν
927 998 1011 1044 τις
1033 980 1363 1052 ἐπιχειρήσῃ
1388 979 1629 1048 ἐκείνης,
1658 978 1820 1032 τοῦτο
1842 979 1995 1032 νόθον

416 1070 553 1130 εἶναι
593 1073 910 1143 νομίσωμεν
932 1088 947 1104 ο
983 1069 1236 1141 καθάπερ
1284 1071 1393 1141 γὰρ
1430 1071 1481 1122 ol
1501 1069 1629 1134 τοὺς
1662 1069 1895 1134 κανόνας
1918 1068 1998 1122 διε

414 1169 618 1233 δόντες,
667 1166 771 1220 οὑκ
800 1164 1174 1232 ἀναγκάζουσι
1230 1162 1403 1233 μυρία
1465 1161 1641 1233 μέτρα
1694 1161 1996 1232 περιεργά-

414 1260 637 1326 ζεσθαι,
685 1259 824 1313 ἀλλά
856 1260 915 1313 τὸ
956 1256 1110 1310 δοθὲν
1143 1257 1319 1310 ἐκεῖνο
1369 1254 1623 1325 κατέχειν
1654 1254 1993 1322 κελεύουσιν,

412 1352 554 1407 οὕτω
587 1352 680 1406 καὶ
712 1351 805 1405 ἐπὶ
834 1350 944 1403 τῶν
976 1347 1292 1420 δογμάτων.

490 1528 601 1583 Τοῦ
627 1526 697 1581 ἐν
723 1527 916 1597 ἁγίοις
942 1526 1172 1594 Πατρός
1203 1524 1375 1595 ἡμῶν
1409 1525 1755 1589 Βασίλειον,
1785 1526 1854 1579 ἐκ
1887 1522 1997 1592 τῆς

411 1620 498 1684 εις
528 1619 635 1671 τὸν
653 1616 761 1686 pts'
788 1616 1034 1687 ψαλμῶ
1063 1616 1384 1685 ἑρμηνείας
1414 1601 1959 1687 (ελ-Ἐπίστευσα
1977 1655 1994 1681 ,

413 1707 509 1763 διὸ
549 1706 1012 1777 sli/1170038111)
1040 1706 1548 1775 δὲ’ἐταπεινώθην
1584 1707 1848 1776 σφόδρα·
1881 1707 1997 1779 ἐγὼ

409 1798 478 1852 δὲ
504 1794 641 1852 εἶπα
665 1798 737 1851 ἐν
760 1795 833 1867 τῇ
862 1796 1151 1850 ἐκστάσει
1176 1815 1319 1866 μου,
1349 1794 1474 1863 Πᾶς
1505 1796 1816 1865 ἅνθρωπος
1850 1798 1996 1866 ψεύ-

2097 611 2164 662 ad
2202 612 2295 664 illa
2330 612 2483 664 verba
2518 610 2660 681 (cap.
2701 627 2753 676 ν,
2805 611 2844 674 ι)
2897 626 2910 663 :
2958 626 2975 658 ι
3019 605 3203 662 Omnis
3264 606 3401 659 enim
3440 604 3679 674 pontifex

2096 718 2160 755 ea:
2198 703 2494 757 hominibus
2552 711 2882 770 assumptus,
2949 719 2967 751 ι
3005 709 3059 753 et
3090 698 3320 767 reliqua.
3381 697 3678 767 PrOpterca

2098 790 2256 846 ﬁdem
2292 792 2666 860 suscepimus,
2696 805 2766 844 ne
2795 804 2891 857 per
2942 788 3261 841 innumeras
3302 800 3564 855 cogamur
3597 786 3681 839 in-

2097 884 2290 937 cedere
2320 882 2576 946 haereses,
2607 890 2663 936 et
2712 881 2980 935 molestiis
3012 878 3235 943 vexari;
3264 878 3357 931 sed
3379 877 3524 947 quod
3551 876 3683 931 fidei

2099 972 2228 1040 quis
2251 971 2333 1025 vel
2369 972 2579 1026 addere
2600 969 2685 1025 vel
2717 971 3010 1025 detrahere
3045 969 3301 1032 voluerit,
3333 969 3382 1019 id
3416 951 3513 1021 nos
3545 984 3678 1035 spu-

2099 1063 2236 1116 rium
2260 1062 2654 1118 existimemus.
2677 1059 2813 1116 Nam
2832 1063 2974 1117 sicut
3005 1061 3039 1114 ii
3064 1061 3155 1130 qui
3187 1059 3401 1130 regulas
3432 1061 3677 1124 tradunt,

2099 1170 2207 1208 non
2239 1164 2515 1224 coguutttt
2541 1169 2826 1209 mensuras
2858 1137 3283 1207 immmerabiles
3303 1152 3679 1220 exquiramus,

2097 1248 2189 1302 sed
2219 1248 2358 1315 quod
2393 1247 2461 1301 ab
2492 1246 2625 1317 ipsis
2655 1248 2912 1319 traditum
2963 1257 3069 1313 est,
3100 1254 3285 1301 tenere
3310 1260 3409 1300 nos
3441 1244 3676 1315 jubent:

2096 1337 2176 1392 sic
2206 1337 2373 1401 etiam
2412 1337 2465 1391 in
2490 1337 2836 1409 dogmatibus
2866 1337 3140 1391 usuvcnit.

2168 1535 2351 1591 Sancti
2394 1534 2578 1590 Patris
2623 1534 2791 1589 nostri
2838 1532 3034 1589 Basilii
3065 1550 3131 1589 ex
3164 1535 3597 1604 interpretatione
3627 1536 3683 1590 in

2094 1628 2354 1697 psalmum
2414 1642 2539 1682 (ειν.
2587 1625 2940 1692 -—Credidi,
2983 1637 3199 1695 propter
3266 1628 3408 1697 quod
3478 1629 3684 1681 locutus

2096 1736 2234 1784 sum,
2265 1736 2358 1789 ego
2376 1729 2549 1773 autem
2579 1719 2892 1773 humiliatus
2914 1733 3029 1772 sum
3053 1718 3234 1773 nimis.
3277 1716 3390 1791 Ego
3413 1735 3534 1773 vero
3567 1720 3685 1773 dixi

2096 1811 2152 1865 in
2182 1826 2399 1866 excessu
2425 1826 2573 1864 meo:
2610 1809 2795 1865 Omnis
2826 1810 2981 1864 homo
3011 1812 3257 1867 mendax.
3285 1809 3446 1868 Fides
3476 1826 3685 1866 sermo-

410 1878 584 1958 a't'nc.
618 1890 810 1953 Πίστις
858 1889 1098 1960 ἡγείσθω
1134 1889 1244 1942 τῶν
1281 1890 1412 1961 περὶ⁸
1458 1889 1594 1943 Θεοῦ
1638 1889 1849 1959 λόγων·
1901 1888 1993 1943 πίο

2105 1904 2279 1969 nibus,
2307 1902 2396 1970 qui
2429 1900 2497 1956 de
2520 1900 2631 1955 Deo
2654 1900 2812 1964 ﬁunt,
2839 1908 3062 1970 praaeat.
3089 1898 3271 1965 Fides,
3300 1915 3420 1969 quas
3438 1902 3681 1956 animum

412 1999 527 2047 στις
565 1984 597 2054 ἡ
631 1981 772 2051 ὑπὲρ
814 1982 912 2045 τὰς
962 1981 1187 2050 λογικὰς
1246 1980 1507 2052 μεθόδους
1554 1980 1655 2052 τὴν
1683 1981 1863 2054 ψυχὴν
1911 1983 1994 2049 εἰς

413 2073 814 2143 συγκατάθεσιν
844 2072 1109 2126 ἕλκουσα·
1145 2072 1331 2137 πίστις
1365 2073 1463 2144 οὑχ
1520 2074 1548 2143 ἡ
1587 2078 1994 2145 γεωμετρικαῖς

411 2170 721 2237 ἀνάγκαις,
773 2168 890 2222 ἀλλ’
943 2170 975 2239 ὴ
1025 2170 1147 2233 ταῖς
1176 2168 1271 2222 τοῦ
1322 2168 1644 2239 Πνεὺματος
1686 2170 1995 2241 ἐνεργείαις

411 2262 692 2333 γινομένη.
745 2262 855 2317 Καὶ
907 2263 1035 2332 μετ’
1060 2262 1237 2330 ὀλίγα
1272 2276 1286 2292 ⁸
1337 2260 1578 2332 Ἀνάγκη
1608 2261 1717 2333 γάρ
1756 2261 1994 2332 ἑκάστης

412 2355 705 2426 μαθήσεως
754 2353 1152 2419 ἀνεξετάστους
1202 2348 1343 2407 εἶναι
1367 2352 1469 2417 τὰς
1500 2352 1674 2425 ἀρχὰς
1703 2354 1817 2416 τοῖς
1852 2370 1993 2424 μαν-

410 2447 664 2501 θάνουσιν
687 2489 701 2513 ,
727 2448 849 2500 ἐπεὶ
881 2448 1164 2516 ἀμήχανον
1192 2444 1316 2508 τοὺς
1349 2444 1481 2515 περὶ
1514 2444 1612 2507 τὰς
1642 2442 1866 2515 πρώτας
1902 2443 1994 2508 ζυ-

409 2539 818 2609 γομαχοῦντας,
849 2538 1145 2608 δυνηθῆναι
1300 2536 1392 2590 καὶ
1416 2534 1569 2600 τάξει
1606 2535 1889 2605 προελθεῖν
1914 2537 1995 2599 είς

344 2664 349 2669 -
407 2629 470 2681 τὸ
515 2629 703 2692 τέλος·
758 2629 854 2681 καὶ
908 2627 1069 2679 τοῦτο
1122 2626 1191 2680 ἂν
1227 2624 1421 2697 μάθοις
1464 2624 1596 2697 παρ’
1654 2624 1833 2679 αὑτῶν
1882 2624 1994 2678 τῶν

409 2717 638 2785 ἔξωθεν·
683 2718 732 2770 εί
764 2717 874 2786 γὰρ
927 2716 1004 2787 μὴ
1044 2716 1463 2787 συγχωρήσειας
1498 2714 1597 2777 τὰς
1628 2714 1854 2785 πρώτας
1891 2716 1994 2784 ἀρ-

410 2804 513 2874 χὰς
546 2803 625 2873 τῷ
650 2806 950 2875 γεωμέτρῃ
969 2842 984 2864 ,
1018 2803 1302 2874 ἀμήχανον
1329 2802 1495 2856 αὑτὸν
1522 2801 1591 2856 τά
1624 2802 1823 2874 ἐφεξῆς
1853 2820 1994 2873 συμ-

410 2895 790 2965 περάνασθαιο
832 2895 926 2947 καὶ
978 2895 1078 2963 τῆς
1118 2878 1494 2966 ἀριθμητικῆς
1526 2896 1554 2948 ὑ
1595 2896 1709 2958 τοῖς
1752 2894 1992 2966 πρώτοις

410 2988 504 3039 καὶ
539 2983 938 3055 στοιχειώδεσιν
985 2984 1369 3053 ἐνιστάμενος,
1425 2983 1528 3055 τὴν
1570 2985 1652 3048 είς
1701 2984 1761 3037 τὸ
1805 2984 1993 3055 πρόσω

340 3100 343 3103 λ
409 3076 529 3126 ἁδὺν
555 3074 872 3127 διακόπτει·
921 3072 1126 3143 ὁμοίως
1170 3071 1227 3124 δὲ
1285 3071 1382 3125 καὶ
1437 3073 1495 3124 αἱ
1538 3072 1779 3144 ἰατρικαὶ
1826 3074 1994 3144 ἀρχαὶ

413 3168 617 3235 ἰατροῖς
642 3165 1023 3220 ἀναπόδεικτοι
1043 3180 1057 3193 ·
1085 3163 1179 3217 καὶ
1197 3162 1334 3226 ὅλως
1350 3165 1409 3216 ἐν
1445 3162 1618 3233 ὁποίῳ
1646 3161 1850 3234 δήποτε
1881 3165 1995 3217 ἐπι-

407 3276 479 3330 τη
491 3230 717 3329 ἴῄεὺματι
742 3257 850 3311 τῶν
872 3257 976 3337 ὁδῷ
998 3257 1095 3310 καὶ
1123 3254 1276 3318 τάξει
1295 3230 1601 3325 προϊόντων
1620 3230 1712 3308 ἐπί
1732 3255 1792 3308 τὸ
1820 3256 1992 3322 τέλος,
2022 3230 2064 3287 C

410 3353 674 3405 ἀδύνατον
700 3350 810 3403 τῶν
840 3348 1074 3423 πρώτων
1104 3348 1417 3402 ὑποθέσεων
1460 3347 1767 3415 ἀποδείξεις
1796 3348 1993 3416 ἐπιζη-

408 3446 545 3508 τεῖν,
562 3444 678 3497 ἀλλ’
698 3443 912 3514 ἀνάγκη
935 3441 1034 3507 τὰς
1065 3442 1176 3496 τῶν
1191 3439 1426 3509 λογικῶν
1438 3440 1643 3511 τεχνῶν
1672 3441 1851 3511 ἀρχὰς
1903 3443 1997 3494 άν-

410 3535 718 3599 εξετάστως
769 3532 1239 3604 παραδεξάμενον,
1274 3532 1335 3585 τὸ
1384 3531 1449 3584 ἐκ
1482 3530 1592 3584 τῶν
1622 3530 1997 3583 ὑποτεθέντων

410 3624 706 3678 ἀκόλουθον
746 3625 804 3677 ἐν
844 3626 958 3686 τοῖς
1014 3623 1217 3694 ἐφεξῆς
1250 3621 1571 3675 ἐπιὸλέπειν
1591 3637 1605 3651 ·
1640 3620 1783 3674 οὑτω
1812 3621 1876 3692 δὴ
1904 3617 1998 3674 οὖν

414 3717 510 3769 καὶ
543 3719 598 3770 τὸ
627 3717 730 3788 τῆς
758 3716 1040 3785 θεολογίας
1073 3717 1373 3787 μυστήριον
1410 3715 1510 3786 τὴν
1543 3714 1608 3766 ἐκ
1637 3714 1735 3784 τῆς
1783 3713 1997 3767 ἀϐασα-

409 3810 595 3863 νίστςυ
654 3812 892 3872 πίστεως
939 3811 1192 3880 ἐπιζητεῖ
1232 3809 1655 3874 συγκατάθεσιν.
1692 3806 1998 3860 Πιστεῦσαι

422 3902 523 3973 γὰρ
552 3902 653 3967 δεῖ,
685 3901 886 3972 φησὶν,
926 3901 1008 3954 ὅτι
1043 3901 1158 3953 ἐστι
1196 3900 1363 3965 Θεὸς,
1395 3900 1455 3953 οὑ
1483 3897 1717 3969 ζητῆσαι
1751 3899 1871 3952 οὑδέ
1905 3898 1999 3962 ζυ-

413 3995 727 4063 γομαχῆσαι
758 3992 820 4045 τδ
841 3992 894 4045 τί
929 3994 1074 4045 ἐστι·
1119 3991 1214 4043 καὶ
1235 3990 1373 4053 ὅλως
1422 3992 1469 4043 εἱ
1499 3992 1531 4060 ή
1561 3989 1744 4053 πίστις
1777 3988 1992 4052 ἐλπιζο-

414 4083 594 4152 μένων
650 4083 800 4135 ἐστὶν
859 4082 1191 4142 ὑπόστασις,
1260 4078 1605 4150 πραγμάτων
1668 4078 1889 4150 ἔλεγχος
1936 4078 1998 4132 οὑ

416 4174 792 4242 βλετομένων,
830 4173 903 4245 μὴ
955 4171 1253 4240 φιλονείκει
1307 4170 1434 4223 ἰδεῖν
1491 4169 1591 4241 ἤδη
1645 4170 1714 4222 τὰ
1779 4169 2000 4241 μακρὰν

410 4267 786 4335 ἀποκείμενα,
831 4265 966 4335 μηδὲ
1025 4264 1093 4317 τὰ
1150 4260 1482 4332 ἐλπιζόμενα
1512 4261 1791 4333 ἀμφίϐολα
1827 4278 1998 4314 κατα-

415 4356 621 4429 στήσῃς
641 4395 656 4419 ,
690 4355 778 4408 διὰ
806 4356 867 4407 τὸ
897 4354 972 4426 μὴ
994 4354 1177 4408 αὑτῶν
1207 4354 1472 4407 δύνασθαι
1502 4352 1643 4406 κατὰ
1668 4355 1767 4421 τὴν
1793 4353 1998 4421 γνῶσιν

410 4446 758 4512 ἐφάπτεσθαι
780 4463 792 4476 ·
826 4444 1000 4500 ταῦτα
1036 4444 1137 4515 μὲν
1167 4439 1260 4499 οὖν
1292 4443 1417 4499 καθ’
1447 4444 1572 4499 ὅλου
1602 4443 1732 4515 περὶ
1764 4444 2000 4506 πίστεως

408 4538 503 4591 διά
532 4539 658 4601 τοὺς
692 4535 1159 4607 λογομαχοῦντας,
1189 4536 1283 4590 καὶ
1312 4536 1367 4589 ἐν
1392 4536 1605 4607 ῥήμασι
1642 4538 1822 4599 κενοῖς
1843 4535 1998 4605 έχον-

408 4646 513 4692 τας
537 4630 636 4699 τὴν
665 4628 878 4683 ἐλπίδα.
914 4628 1021 4682 Καί
1051 4628 1202 4697 μετὰ
1217 4628 1420 4697 βραχύ
1452 4645 1465 4658 ’
1505 4628 1684 4690 Ὄλως
1711 4628 1768 4680 δέ
1798 4630 1830 4697 ἡ
1868 4626 1999 4681 ἄνευ

411 4719 653 4782 πίστεως
704 4719 796 4771 ἐπὶ
829 4717 891 4771 τὸ
930 4717 1118 4770 λαλεῖν
1164 4717 1437 4788 ἐρχομένη
1488 4715 1657 4788 ψυχὴ,
1694 4715 1785 4769 διὰ
1834 4716 2001 4784 κενῆς

410 4810 668 4882 ληρήσὲι,
702 4811 824 4862 κατ’
863 4807 1079 4871 οὑδενὺς
1117 4806 1489 4878 ὑποκειμένου
1520 4807 1614 4861 τὸν
1647 4807 1804 4876 λόγον
1862 4823 1997 4877 προ-

356 4898 369 4903 ’
411 4905 652 4971 άγουσα’
678 4902 821 4973 ἀρχὴ
846 4901 1027 4955 τοίνυν
1047 4899 1208 4969 λόγου
1237 4899 1529 4971 ἔμφρονος,
1555 4899 1739 4963 πίστις
1768 4899 2002 4969 ἰσχυρῶς

409 4997 479 5065 τῇ
511 4994 709 5065 καρδίᾳ
738 4992 831 5046 τοῦ
858 4992 1149 5056 λαλοῦντος
1178 4991 1525 5064 ὲνιδρυμένη.

488 5083 604 5139 Τοῦ
630 5083 817 5138 αὑτοῦ
863 5085 933 5138 ἐκ
970 5081 1091 5137 τῶν
1131 5082 1260 5137 κατ’
1306 5082 1627 5152 Εὐνομίου,
1676 5082 1747 5135 ἐν
1774 5076 1865 5146 οἷς
1899 5082 1997 5135 καὶ

412 5176 599 5229 πόθεν
647 5176 687 5243 ἠ
745 5175 996 5229 ἀπιστία
1046 5173 1329 5227 δεικνύει.
1372 5201 1442 5212 -
1471 5172 1713 5227 Εὐθεῖαι
1756 5174 1817 5229 al
1868 5171 1995 5226 ὁδοί

413 5269 654 5335 Κυρίου,
685 5268 780 5322 καί
809 5267 1026 5322 δίκαιοι
1050 5266 1452 5334 πορεύσονται
1477 5264 1546 5319 ἐν
1572 5264 1781 5333 αὐταῖς
1802 5282 1815 5298 ·
1841 5268 1897 5321 οἱ
1927 5265 1998 5318 δὲ

489 5448 609 5481 ⁵⁹σ⁶⁰
641 5445 760 5500 L'h.
795 5461 843 5499 ν.

492 5635 560 5695 le)
617 5633 818 5687 Basilio
869 5634 1066 5687 asserit
1115 5634 1253 5686 hanc
1296 5632 1573 5703 homiliatn
1638 5631 1994 5703 Nicephorus,

416 5720 579 5771 quam
630 5703 828 5756 morosi
881 5703 1084 5773 aliquot
1128 5704 1302 5757 critici
1350 5702 1491 5756 haud
1524 5703 1813 5772 genuinam
1868 5718 1989 5757 esse

418 5775 692 5835 dici-haut,
740 5774 878 5826 mule
914 5772 983 5827 et,
1014 5774 1309 5827 ('L'trncrius
1349 5773 1518 5839 ipsum
1574 5774 1624 5824 in
1660 5772 1986 5841 Appendirc,

419 5858 455 5899 ι.
496 5844 538 5907 Ι,
571 5844 855 5900 cu!.oc.tvit
909 5845 1163 5901 Eamdem
1195 5859 1294 5914 ego
1324 5844 1376 5897 iu
1423 5843 1612 5898 codice
1647 5857 1864 5913 quoque
1896 5844 1991 5899 de-

2096 1989 2594 2048 ad'assensionem
2659 1991 2828 2047 trahit
2886 1992 3082 2060 magis,
3145 2006 3310 2059 quam
3349 1991 3541 2059 logica:
3567 2006 3684 2046 me-

2097 2085 2266 2139 thodi.
2310 2082 2496 2150 Fides,
2533 2097 2657 2153 quae
2686 2098 2793 2137 non
2845 2084 3175 2153 geometrica
3208 2085 3558 2151 necessitate,
3586 2082 3682 2139 sed

2096 2176 2330 2252 Spiritus
2373 2174 2787 2245 operationibus
2826 2173 3137 2233 coniicitur.
3206 2173 3272 2228 Et
3332 2174 3493 2241 paulo
3540 2184 3679 2243 post.

2096 2265 2330 2321 Necesse
2365 2276 2448 2320 est
2471 2267 2641 2329 enim,
2674 2264 2976 2334 disciplinae
2999 2264 3239 2334 cujusvis
3261 2264 3528 2334 principia
3556 2265 3687 2319 abs-

2095 2372 2200 2426 que
2225 2358 2477 2411 examine
2512 2371 2544 2411 a
2574 2356 2914 2411 discentibus
2944 2356 3155 2409 admitti
3185 2373 3200 2417 ;
3234 2370 3358 2409 cum
3399 2353 3515 2408 ﬁeri
3566 2367 3678 2408 non

2096 2448 2288 2517 possit,
2324 2458 2382 2502 ut
2412 2448 2445 2501 ii
2481 2448 2571 2519 qui
2597 2448 2743 2503 circa
2774 2446 3044 2517 principia
3073 2445 3314 2515 litigant,
3352 2446 3440 2498 via
3486 2455 3541 2499 et
3584 2460 3681 2499 or-

2096 2546 2225 2599 dine
2258 2544 2556 2612 procedere
2584 2543 2804 2597 valeant
2826 2541 2894 2595 ad
2923 2539 3108 2595 linem.
3146 2538 3311 2606 quue
3341 2536 3425 2591 vel
3457 2552 3523 2591 ex
3551 2536 3686 2605 ipsis

2095 2638 2400 2706 disciplinis
2432 2637 2528 2691 tibi
2561 2636 2776 2690 discere
2830 2635 2983 2689 licet.
3039 2632 3255 2689 Etenim
3312 2631 3416 2686 nisi
3476 2630 3686 2684 homini

2094 2738 2387 2796 geometra:
2437 2729 2615 2797 prima
2661 2726 2997 2783 concesseris
3029 2723 3321 2794 principia,
3358 2722 3406 2778 is
3436 2738 3499 2777 ea
3563 2735 3688 2790 quas

2094 2795 2403 2887 sequuntur
2428 2795 2756 2872 edncludere
2793 2815 3003 2885 nequit.
3052 2813 3121 2868 Et
3178 2813 3272 2883 qui
3323 2811 3689 2867 arithmetica:

2094 2909 2382 2979 principiis
2428 2918 2486 2964 et
2518 2908 2806 2964 clementis
2839 2906 3188 2973 contradicit,
3226 2907 3366 2959 viam
3420 2904 3488 2959 ad
3545 2902 3686 2958 ulte-
3796 2932 3803 2937 ι

2097 3002 2237 3053 riora
2254 2998 2549 3068 intercipit.
2576 2996 2841 3052 Similiter
2856 3004 3041 3052 autem
3058 3010 3126 3050 ne
3156 3010 3186 3048 a
3213 2993 3442 3050 medicis
3462 2993 3684 3062 quidem

2096 3090 2381 3145 medicinae
2409 3089 2673 3161 principia
2696 3097 2928 3159 possunt
2947 3087 3335 3143 demonstrari.
3364 3084 3431 3139 Et
3454 3084 3686 3139 omnino

2097 3182 2147 3233 in
2182 3164 2423 3249 qualibet
2450 3178 2812 3250 professione,
2843 3193 2966 3248 quae
2983 3178 3067 3242 via
3094 3185 3149 3233 et
3174 3177 3369 3232 ordine
3407 3176 3475 3230 ad
3519 3175 3686 3230 linem

2106 3272 2390 3341 procedat,
2413 3270 2716 3341 primarum
2736 3269 3169 3341 propositionum
3193 3264 3690 3324 demonstrationes

2104 3377 2210 3414 non
2242 3370 2451 3430 queunt
2485 3356 2734 3429 inquiri:
2759 3359 2853 3415 sed
2877 3372 3101 3414 necesse
3128 3366 3235 3425 est,
3274 3365 3334 3411 ut
3357 3356 3558 3410 artium
3593 3369 3687 3409 ra—

2106 3453 2255 3508 tione
2288 3452 2601 3507 innixarum
2635 3450 2921 3521 principiis
2972 3451 3091 3505 sine
3119 3449 3447 3518 probatione
3476 3446 3684 3501 admis-

2105 3546 2200 3610 sis,
2235 3545 2287 3599 id
2307 3544 2451 3615 quod
2478 3558 2543 3601 ex
2564 3542 2680 3613 jam
2714 3543 2907 3612 positis
2933 3550 3355 3597 consectaneum
3388 3548 3496 3602 est,
3522 3537 3578 3591 in
3603 3538 3693 3592 his

2106 3652 2227 3705 qua:
2278 3634 2473 3689 deinde
2523 3641 2831 3702 sequuntur
2862 3632 3214 3703 inspiciatur.
3260 3630 3353 3685 Sic
3409 3630 3694 3685 enimvero

2106 3728 2270 3780 etiam
2318 3724 2599 3795 theologia:
2621 3724 2965 3794 mysterium,
2991 3737 3277 3777 assensum
3303 3735 3369 3775 ex
3398 3720 3502 3774 fide
3530 3720 3690 3773 inex-

2107 3834 2119 3883 ι
2143 3816 2316 3868 lorum
2345 3814 2595 3885 requirit.
2628 3812 2869 3868 Credere
2887 3811 3036 3865 enim
3063 3815 3300 3880 oportet,
3325 3807 3523 3875 inquit,
3548 3807 3694 3875 quod

2110 3905 2251 3958 Deus
2296 3906 2402 3969 sit;
2442 3920 2547 3957 non
2578 3916 2845 3972 quaerere,
2874 3914 3054 3970 neque
3073 3912 3199 3954 cum
3222 3896 3570 3952 contentione
3598 3905 3695 3946 cx-

2108 3997 2297 4064 tendei
2312 4009 2343 4050 e
2367 3993 2497 4064 quid
2517 3994 2605 4050 sit.
2625 3992 2877 4059 Prorsus,
2893 3992 2936 4047 si
2958 3993 3092 4046 tides
3120 3996 3204 4044 est
3222 3984 3698 4057 sperantimusnb-

2110 4089 2333 4150 stantia,
2368 4086 2639 4141 convictio
2669 4100 2852 4159 rerum
2901 4098 3005 4138 non
3031 4081 3410 4152 apparentium
3439 4074 3692 4149 (87-89);

2110 4198 2177 4235 ne
2213 4178 2648 4247 contendasjam
2680 4179 2868 4233 videre
2898 4190 3018 4246 qua:
3045 4174 3232 4244 procul
3256 4180 3383 4228 sunt
3405 4167 3645 4239 reposita
3676 4182 3692 4220 :

2110 4288 2283 4340 neque
2332 4286 2395 4325 ea
2437 4286 2556 4341 qua:
2604 4279 2919 4341 sperantur,
2972 4268 3226 4336 ambigua
3285 4278 3409 4317 esse
3458 4269 3695 4324 statuas,

2108 4349 2398 4431 propterea
2436 4359 2579 4429 quod
2610 4358 2847 4418 nondum
2881 4371 3071 4409 eorum
3118 4353 3483 4423 cOguitiunem
3516 4348 3694 4402 attin-

2108 4469 2233 4525 gere
2264 4453 2523 4522 potueris.
2552 4450 2618 4505 Et
2654 4450 2838 4519 paucis
2869 4445 3186 4514 interjectis.
3238 4439 3476 4496 Omnino
3506 4437 3692 4490 anima

2107 4545 2394 4614 quarcitra
2434 4543 2593 4599 ﬁdem
2636 4541 2785 4612 loqui
2826 4538 3168 4609 aggreditur,
3199 4535 3437 4588 inaniter
3464 4530 3692 4600 garriet,

2104 4637 2542 4707 quandoquidem
2591 4633 2659 4687 ad
2692 4631 2899 4687 nullum
2927 4629 3234 4696 subjectum
3272 4627 3439 4680 verba
3479 4638 3578 4679 sua
3607 4636 3696 4675 rc-

2111 4729 2236 4783 fert.
2272 4727 2489 4781 Initium
2520 4726 2685 4796 igitur
2718 4722 2989 4778 sermonis
3021 4719 3311 4789 prudentis
3348 4725 3455 4781 est,
3485 4715 3619 4770 lides
3642 4713 3698 4767 iu

2108 4819 2274 4874 corde
2310 4818 2583 4887 loquentis
2630 4815 2860 4869 ﬁrmiter
2888 4813 3156 4868 insidens.
3194 4820 3200 4827 '

2182 5084 2434 5155 Ejusdem
2486 5099 2551 5137 ea:
2606 5082 2756 5136 libris
2793 5079 3054 5135 Adversus
3088 5077 3406 5132 Ennomium
3437 5070 3577 5132 "'“,
3613 5068 3698 5122 ubi

2104 5177 2242 5231 unde
2272 5177 2336 5229 sil
2370 5174 2715 5229 incredulitas
2755 5173 3006 5227 ostendit.
3029 5199 3092 5208 —
3134 5168 3244 5222 Vim
3268 5165 3480 5219 Domini
3513 5170 3691 5226 retur,

2101 5279 2151 5324 et
2169 5269 2304 5340 justi
2341 5270 2392 5322 in
2430 5269 2503 5323 eis
2538 5264 2883 5323 ambulabunt
2926 5280 2944 5318 :
2975 5262 3124 5333 impii
3154 5273 3331 5315 autem
3366 5258 3418 5310 in
3459 5254 3695 5323 uiispla-

2109 5633 2235 5687 cimi
2276 5634 2455 5689 szeculi
2492 5633 2692 5690 Basilio
2717 5631 3033 5699 inscriptam
3065 5628 3328 5697 legebam.

2173 5704 2388 5776 (87.39)
2434 5707 2638 5776 Derlioc
2691 5715 2837 5776 textu
2888 5693 3134 5757 "diximus
3194 5708 3372 5765 retro,
3409 5694 3617 5767 p.258,
3651 5693 3706 5749 in

2100 5792 2127 5826 a
2153 5778 2226 5831 'n.
2262 5774 2384 5846 (tot.
2426 5775 2564 5841 815,
2609 5785 2712 5830 not.
2752 5774 2867 5845 82).
