3994 6454
390 461 493 527 827

1430 460 1487 519 s.
1529 457 1951 519 NICEPHORI
1990 459 2502 520 PATRIARCHAE
2544 433 2654 521 Cp.

3552 457 3649 522 85.3

390 576 472 628 nis
501 569 664 642 263
702 569 975 639 oﬁ'endunt
1001 569 1066 623 ⁸³.
1101 567 1363 638 Quodque
1399 570 1594 623 mirum
1626 578 1728 634 est,
1760 584 1827 623 ex
1856 568 1977 637 qui-

2109 569 2321 639 ὶσεόεῗς
2350 569 2419 624 ἐν
2466 567 2590 634 ταῖς
2627 567 2885 633 εὐθείαις
2934 565 3389 634 προσκόπτουσι
3412 583 3426 597 ·
3476 577 3568 623 καὶ
3597 573 3655 625 τὸ

334 690 339 697 -
391 663 810 719 tuisntilitatetn
859 659 1080 730 capiunt
1127 660 1218 731 qui
1268 675 1399 715 sana
1438 658 1542 713 ﬁde
1597 668 1745 726 sunt,
1795 675 1856 713 ea
1909 660 1975 715 iis

396 763 596 808 nocent
621 751 712 822 qui
741 750 1147 816 morbosisunt,
1177 759 1231 805 et
1253 741 1645 819 quaestionibus
1677 750 1977 817 otiosisque

392 842 856 914 disputationibus
882 850 1244 911 occupantur.
1281 838 1552 894 Malitiose
1576 848 1757 895 autem
1793 842 1980 896 curio-

396 953 568 1007 seque
598 939 665 992 de
706 938 813 992 Deo
838 937 1196 1007 quaestionem
1240 935 1549 1000 instituere,
1584 932 1830 987 morbum
1861 947 1982 986 esse

397 1029 618 1090 animae,
668 1028 965 1096 praesertim
1001 1027 1045 1080 si
1097 1026 1279 1080 studio
1317 1024 1594 1078 incredula
1628 1023 1740 1089 ﬁat,
1771 1022 1983 1078 cunctis

397 1129 481 1173 est
505 1119 869 1187 exploratum.
900 1116 1054 1171 Nam
1087 1118 1133 1171 si
1165 1116 1511 1171 sanctissimo
1535 1115 1636 1183 ipsi
1665 1113 1781 1169 Deo
1819 1114 1874 1167 in
1916 1113 1985 1168 iis

398 1222 519 1275 qua:
547 1210 610 1260 ad
641 1207 813 1276 ipsum
851 1214 1127 1275 spectant,
1164 1222 1268 1260 non
1299 1205 1554 1269 credunt,
1579 1203 1849 1272 quomodo
1871 1202 1987 1269 ejus

397 1297 684 1366 prophetis
711 1297 1083 1366 apoStolisque
1111 1296 1519 1362 auscultabunt,
1547 1309 1670 1349 cum
1706 1292 1758 1346 in
1791 1291 1988 1345 divinis

403 1387 709 1455 Scripturis
733 1391 799 1443 de
819 1389 909 1444 illo
928 1397 981 1442 et
1008 1390 1073 1444 de
1095 1388 1395 1458 speraturis
1413 1388 1466 1440 in
1492 1401 1555 1440 eu
1584 1384 1740 1438 idem
1761 1383 1990 1453 loquun-

404 1478 612 1533 tur?Et
643 1482 803 1549 paulo
833 1491 946 1552 post
980 1480 1229 1548 :Quzeris
1267 1497 1371 1533 ttou
1405 1487 1463 1533 ut
1495 1477 1788 1536 lidennsetl
1816 1484 1875 1528 ut
1908 1475 1991 1528 itt-

406 1569 725 1623 lldelitatem
747 1570 1015 1624 invenias.
1056 1569 1167 1623 lloc
1190 1572 1375 1622 verum
1406 1577 1511 1631 est,
1535 1573 1697 1635 prout.
1724 1566 1990 1629 scriptum

406 1657 554 1714 fuit:
597 1659 661 1714 In
695 1660 980 1729 malignam
1039 1663 1272 1715 animant
1324 1678 1426 1714 non
1488 1661 1726 1714 introibit
1785 1659 1996 1727 sapiené

410 1753 485 1804 tia
516 1752 585 1807 “.
613 1782 685 1793 —
716 1753 956 1806 Credidit
1003 1754 1271 1806 Abraham
1320 1751 1448 1816 Deo,
1483 1760 1533 1805 et
1579 1759 1876 1816 reputatum
1918 1756 1995 1803 est

411 1844 492 1897 illi
527 1845 594 1896 ad
635 1844 901 1914 justitiam
933 1845 1000 1911 ”,
1034 1846 1240 1915 Deique
1272 1846 1484 1899 amicus
1542 1842 1843 1913 appellatus
1871 1840 1992 1894 fuit.

2080 655 2288 726 θαῦμα,
2321 658 2414 725 ἀφ’
2443 649 2518 710 ὧν
2547 654 2885 724 ὠφελοῦνται
2911 653 2961 706 οἱ
2988 654 3055 721 τῇ
3089 650 3272 704 πίστει
3304 652 3654 719 ὑγιαίνοντες,

2082 748 2193 803 ἀπὸ
2218 750 2443 802 τούτων
2461 747 2793 819 βλάπτονται
2824 746 2874 798 οἱ
2908 742 3215 806 νοσοῦντες,
3251 743 3381 812 περὶ
3410 741 3659 813 ζητήσεις

2083 842 2178 895 καὶ⁸
2200 840 2540 912 λογομαχίας
2573 839 2776 910 ἀργὰς,
2808 837 2885 900 ὡς
2913 830 3068 889 εἶπεν
3096 837 3125 889 ὁ
3147 834 3495 901 Ἀπόστολος,
3516 837 3662 906 buxo-

2081 933 2371 1004 λούμενοι·
2406 932 2490 987 ὅτι
2534 931 2590 984 δὲ
2626 930 2806 1001 ψυχῆς
2842 929 3059 1000 νόσημά
3103 929 3223 981 ἐστι
3250 927 3312 980 τὺ
3353 926 3539 991 κακῶς
3576 930 3664 981 καὶ

2087 1027 2400 1099 περιέργως
2459 1024 2646 1097 ζητεῖν
2699 1024 2831 1096 περὶ
2883 1022 3043 1089 Θεοῦ,
3092 1013 3186 1076 καὶ
3248 1020 3483 1091 μάλιστα
3536 1025 3666 1093 μετά

2088 1119 2367 1183 ἀπιστίας,
2420 1119 2555 1172 πᾶσι
2602 1115 2840 1185 φανερόν
2859 1131 2874 1147 ·
2911 1115 2961 1168 εί
2989 1112 3101 1185 γὰρ
3130 1110 3281 1182 αὐτῷ
3309 1111 3390 1180 τῷ
3423 1113 3668 1183 παναγίῳ

2089 1210 2209 1282 Θεῷ
2240 1211 2311 1265 τὰ
2337 1210 2473 1282 περὶ
2499 1209 2666 1264 αὐτοῦ
2701 1204 3032 1273 ἀπιστοῦσι,
3065 1204 3182 1269 πῶς
3223 1203 3333 1257 τῶν
3381 1204 3669 1275 προφητῶν

2092 1304 2125 1375 ἢ
2179 1301 2496 1357 ἀποστόλων
2544 1297 2713 1355 αὑτοῦ
2757 1298 3057 1354 ἀκούσουσι
3106 1294 3379 1365 λεγόντων
3421 1296 3477 1347 ὲν
3507 1295 3671 1359 θείαις

2092 1394 2341 1465 Γραφαῖς
2371 1391 2441 1444 τά
2486 1391 2617 1462 περὶ
2644 1386 2840 1455 αὑτοῦ,
2871 1389 2968 1443 καὶ
2999 1386 3108 1441 τῶν
3143 1388 3224 1448 είς
3259 1383 3424 1438 αὑτὸν
3459 1384 3669 1455 μελλόν-

2094 1504 2204 1540 των
2235 1483 2512 1549 ὲλπίξεινς
2543 1482 2653 1538 Kal
2684 1480 2811 1552 μετ’
2841 1480 3037 1551 ὀλίγα·
3065 1479 3262 1549 Ζητεῖς
3286 1475 3376 1530 ἵνα
3406 1474 3594 1547 ε’ὑρῃς,
3614 1478 3670 1529 ο)

2098 1576 2305 1638 πίστιν,
2324 1574 2441 1628 ἀλλ’
2467 1573 2751 1629 ἀπιστίαν·
2777 1572 2936 1626 τοῦτο
2964 1569 3166 1639 ἀληθὲς
3189 1567 3334 1622 κατά
3353 1567 3414 1620 τὸ
3442 1583 3675 1637 γεγραμ-

2102 1668 2294 1740 μένον·
2334 1669 2436 1733 Εἰς
2476 1665 2848 1735 κακότεχνον
2879 1661 3095 1732 ψυχὴν
3128 1662 3241 1715 οὐκ
3276 1658 3677 1713 είσελεύσεται

2099 1758 2767 1828 σοφία-Ἐπίστευσα
2794 1754 2865 1809 δὲ
2891 1753 3153 1823 Ἀϐραὰμ
3180 1751 3260 1817 τῷ
3284 1748 3409 1815 Θεῷ
3430 1749 3526 1803 καί
3556 1749 3679 1803 ἐλο-

2101 1853 2281 1923 γίσθη
2330 1847 2492 1915 αὐτῷ
2548 1850 2637 1914 εις
2670 1846 3101 1912 δικαιοσύνην,
3152 1841 3253 1897 καὶ
3296 1842 3478 1910 φίλος
3538 1841 3678 1895 Θεοῦ

412 1937 637 2010 Amicus
668 1936 758 1990 Dei
784 1937 972 1990 beatus
1005 1935 1281 1989 Abraham
1315 1936 1492 1990 dictus
1517 1932 1617 1987 fuit
1637 1941 1691 1987 et
1715 1943 1819 1996 est,
1858 1931 1996 1999 ami-

2109 1922 2349 2009 ἐκλήθη.
2398 1939 2556 2003 Φίλος
2586 1936 2722 1991 Θεοῦ
2753 1940 2782 1991 ό
2834 1935 3107 2007 μακάριος
3161 1931 3421 2004 ’Δϐραάμ
3471 1929 3680 2001 εἴρητα.

413 2042 507 2079 .-ns
541 2036 760 2094 pr0pter
779 2026 959 2093 ﬁdem,
996 2026 1129 2081 ﬁdes
1154 2036 1381 2096 propter
1413 2025 1713 2080 exhibitam
1738 2024 1844 2078 Deo
1866 2023 1996 2078 obe-

414 2117 696 2172 dientiam.
726 2116 805 2171 Tu
839 2133 969 2172 vero
987 2117 1247 2174 inimicus
1276 2128 1502 2188 propter
1536 2116 1917 2171 inﬁdelitatem
1941 2122 1997 2169 et

419 2212 684 2264 adversus
741 2207 911 2265 Deum
970 2207 1401 2266 contumaciam.
1436 2209 1685 2264 Credidit
1716 2208 1995 2262 Abraham

420 2297 550 2366 Deo,
576 2300 808 2354 credidit
835 2309 895 2355 ut
927 2290 1069 2370 ipse,»
1097 2315 1206 2354 non
1235 2299 1471 2355 credidit
1499 2298 1558 2353 u't
1583 2314 1702 2353 nos.
1735 2297 1998 2366 Propter—

417 2407 481 2446 ea
538 2390 629 2445 ille
651 2392 890 2455 amicus,
917 2406 1019 2447 nos
1073 2401 1257 2447 autem
1281 2391 1510 2447 inimici.
1537 2389 1746 2447 Inimici
1783 2388 2002 2445 Domini

421 2481 637 2535 mentiti
671 2490 796 2535 sunt
826 2481 899 2547 ei,
936 2482 1102 2536 veluti
1140 2482 1403 2552 scriptum
1439 2490 1525 2536 est
1546 2480 1613 2535 “.

490 2571 675 2628 Sancti
693 2571 875 2627 Patris
893 2574 1059 2628 nostri
1081 2571 1324 2645 Gregorii
1342 2572 1589 2642 Tlieologi
1604 2587 1912 2627 exsermone
1940 2571 2005 2625 de

422 2674 606 2721 sancto
633 2664 973 2735 baptismate.
1004 2697 1076 2708 —
1118 2664 1253 2721 Nam
1285 2667 1330 2722 si
1363 2666 1644 2721 hominum
1675 2664 2006 2736 pacta'Deus

429 2759 784 2815 intermedius
837 2758 1110 2814 adhibitus
1158 2757 1362 2823 ﬁrmat,
1410 2767 1670 2827 quantum
1701 2756 2005 2827 periculum

425 2859 533 2913 est,
563 2848 609 2904 si
658 2863 765 2903 non
814 2848 1045 2903 aliorum
1095 2847 1470 2903 tantummodo
1503 2856 1874 2917 peccatorum,
1911 2846 2008 2901 sed

426 2941 696 2994 mendacii
747 2940 912 2995 etiam
970 2934 1112 3010 apud
1151 2939 1322 3009 ipsius
1368 2939 1617 2995 veritatis
1644 2937 1882 2993 tribunal
1931 2937 2006 2991 rei

427 3033 695 3104 agamur?
747 3032 818 3087 Et
872 3032 1140 3087 nonnullis
1202 3033 1489 3103 interjectis
1521 3048 1539 3089 :
1571 3031 1718 3087 Nihil
1747 3031 2011 3086 adversus

426 3126 625 3179 animae
677 3127 782 3178 tua;
824 3124 1055 3178 salutem
1100 3123 1341 3194 captiose
1400 3123 1835 3186 comminiscere,
1877 3120 2010 3176 nihil

428 3219 765 3273 machinare.
790 3218 921 3272 Nam
951 3218 1080 3271 licet
1107 3217 1230 3272 aliis
1262 3216 1446 3271 lucum
1490 3214 1806 3280 fecerimus,
1849 3214 2012 3269 nobis

428 3309 646 3378 quidem
717 3310 852 3378 ipsis
902 3308 957 3362 id
1007 3323 1285 3377 nunquam
1335 3309 1659 3378 poterimus.
1700 3305 1863 3361 Certe
1917 3305 2012 3360 ad-

431 3415 618 3455 versus
649 3401 995 3471 semetipsum
1041 3401 1228 3455 indere
1258 3385 1632 3468 periculosum.
1656 3399 1817 3464 nimis
1846 3408 1929 3453 est
1959 3408 2013 3451 et

429 3491 706 3545 stolidum.
770 3490 841 3544 Ει
894 3493 1189 3546 nonmulto
1232 3501 1346 3561 post
1400 3490 1561 3562 (90):
1614 3492 1745 3558 Quae
1808 3492 2011 3559 scripta

429 3589 577 3645 sunt,
636 3582 766 3636 mihi
824 3583 1077 3651 observa,
1133 3598 1230 3654 per
1273 3594 1580 3652 temporum
1629 3583 2010 3644 mutationem,

432 3676 694 3729 immotus
724 3690 1051 3746 permanens
1086 3677 1139 3731 in
1161 3693 1221 3733 re
1253 3676 1476 3732 minime
1507 3675 1775 3730 mutabili.

506 3848 687 3904 Sancti
727 3846 964 3918 Gregorii
1004 3846 1196 3918 Nyssa:
1246 3849 1476 3918 episcopi
1523 3864 1588 3903 ea:
1622 3848 1755 3903 libro
1825 3848 1900 3903 De
1930 3849 2018 3902 ho-

432 3940 593 3994 minis
624 3940 855 4010 opiﬁcio,
878 3956 995 4010 cap.
1027 3940 1099 3995 €45
1128 3940 1261 4011 (9i).
1286 3970 1357 3982 -—-
1389 3938 1635 4009 Namque
1659 3950 1715 3996 et
1742 3941 2019 3996 Abraham

433 4040 489 4082 et
534 4029 623 4083 alii
663 4029 1010 4097 patriarchze,
1044 4030 1185 4083 bona
1241 4030 1459 4098 quidem
1492 4029 1708 4084 videndi
1749 4030 2022 4100 cupidita-

438 4131 544 4175 tem
593 4120 923 4182 habuerunt.
952 4135 1125 4189 neque
1171 4135 1201 4175 a
1250 4120 1457 4176 caelesti
1500 4123 1677 4192 patria
1729 4125 2018 4192 quaerenda

437 4221 741 4277 cessarunt,
769 4223 827 4266 ut
853 4214 929 4266 ait
950 4212 1241 4282 Apostolus
1268 4229 1285 4281 ;
1311 4212 1666 4269 nihilominus
1693 4214 1812 4285 ejus
1834 4214 2023 4282 gratia:

438 4305 829 4374 consequentiae
859 4305 913 4358 in
955 4320 1050 4374 Spe
1081 4304 1259 4359 adhuc
1284 4315 1593 4360 versantur.
1645 4305 1755 4360 Deo
1797 4323 1892 4374 pro
1919 4323 2019 4360 no-

2097 2031 2194 2086 καὶ
2220 2030 2372 2093 ἐστι,
2405 2028 2558 2099 φίλος
2585 2026 2676 2081 διὰ
2706 2024 3101 2095 πίστινμφίλος
3132 2021 3199 2076 δι’
3230 2020 3483 2091 ὑπακοὴν
3511 2017 3640 2072 Θεοῦ
3664 2033 3678 2047 ·

2100 2123 2165 2176 σὺ
2190 2122 2248 2176 δὲ
2275 2120 2474 2191 ἐχθρὸς
2502 2119 2570 2172 δι’
2598 2118 2860 2172 ἀπιστίαν
2893 2117 2991 2170 καὶ
3020 2114 3310 2186 παρακοὴν
3362 2110 3499 2166 Θεοῦ
3521 2127 3534 2141 ·
3567 2110 3682 2164 ὲπί-

2102 2230 2295 2268 στευσε
2322 2212 2380 2265 δὲ
2423 2210 2679 2283 ’Λϐραάμ
2711 2209 2793 2281 τῷ
2833 2208 2985 2280 Θεῷ,
3018 2208 3345 2261 ἐπίστευσεν
3387 2204 3463 2267 ὡς
3496 2203 3683 2266 αὐτὸς,

2102 2306 2198 2361 καὶ
2227 2306 2330 2359 οὑκ
2358 2304 2668 2375 ἠπίστησεν
2690 2303 2766 2366 ὡς
2789 2302 2979 2371 ὑμεῖς·
3011 2301 3103 2355 διὰ
3133 2299 3298 2353 τοῦτο
3321 2297 3489 2361 αὐτὸς
3519 2295 3684 2366 φίλος,

2103 2398 2262 2469 ὑμεῖς
2293 2397 2350 2450 δὲ
2379 2396 2602 2467 ἐχθροί·
2645 2396 2695 2449 oi
2723 2394 2915 2467 ἐχθροὶ
2942 2393 3155 2466 Κυρίου
3187 2390 3494 2462 ἐψεύσαντο
3522 2388 3685 2459 αὐτῷ,

2102 2490 2246 2546 κατά
2276 2490 2337 2543 τδ
2370 2487 2786 2560 γεγραμμένον.
3062 2480 3067 2485 ’
3302 2556 3308 2561 θ

2180 2582 2294 2637 Τοῦ
2310 2581 2380 2635 ἐν
2403 2581 2596 2651 ἁγίοις
2621 2578 2853 2649 Πατρός
2879 2577 3051 2650 ἡμῶν
3071 2577 3413 2647 ι’ρητοριόυ
3438 2575 3544 2630 τοῦ
3564 2577 3695 2628 Θεο-

2104 2681 2294 2749 λόγου
2309 2680 2395 2743 εἰς
2414 2677 2476 2730 τὸ
2486 2674 2805 2744 βάπτισμα
2816 2675 3024 2743 λόγου.
3046 2706 3115 2716 -
3132 2675 3193 2727 El
3210 2672 3323 2744 γὰρ
3342 2671 3448 2735 τὰς
3461 2669 3594 2740 πρὸς
3605 2672 3695 2725 ἀν-

2108 2773 2365 2846 θρώπους
2387 2769 2678 2840 ὁμολογίας
2700 2767 2927 2839 ὲμπεδοῖ
2947 2766 3083 2830 Θεὸς
3107 2766 3272 2836 μέσος
3293 2761 3693 2837 παραληφθεὶς,

2109 2864 2280 2927 πόσος
2307 2863 2336 2915 ὁ
2367 2858 2612 2924 κίνδυνος
2638 2899 2651 2920 ,
2696 2850 2772 2912 ὧν
2804 2855 2942 2927 πρὸς
2978 2854 3144 2909 αὑτὸν
3173 2853 3418 2925 ἐθέμεθα
3448 2852 3541 2905 τὸν
3570 2849 3697 2904 θεὸν

2113 2954 2418 3026 συνθηκῶν,
2467 2951 2677 3025 τούτων
2724 2949 3051 3021 παραὸάτας
3081 2944 3466 3019 εὑρίσκεσθαι,
3510 2943 3602 2998 καὶ
3628 2940 3699 3011 μὴ

2115 3045 2282 3117 μόνον
2335 3043 2452 3097 τῶν
2493 3041 2671 3097 ἀλλων
2698 3038 3164 3111 ’ἀμαρτημάτων,
3205 3035 3493 3101 ἀλλὰ,καὶ
3543 3029 3698 3086 αὑτοῦ

2111 3134 2208 3188 τοῦ
2247 3133 2482 3204 ψεύδους
2513 3129 2809 3192 ὑποδίκους
2848 3124 2987 3181 εἶναι
3017 3129 3084 3197 τῇ
3117 3125 3389 3196 ἀληθείᾳς
3423 3123 3531 3178 Kal
3561 3117 3702 3191 μετὰ

2040 3265 2082 3321 C
2114 3245 2249 3284 τινα
2272 3243 2287 3257 ·
2327 3219 2527 3297 Μηδὲν
2550 3224 2749 3295 σοφίσῃ
2769 3265 2784 3289 ,
2821 3221 2991 3293 μηδὲν
3031 3220 3274 3292 τεχνάσῃ
3300 3218 3577 3321 κατάκτῆς
3611 3214 3703 3321 σῆς

2121 3320 2433 3392 σωτηρίας·
2472 3316 2577 3371 κᾶν
2609 3316 2721 3388 γὰρ
2766 3316 2895 3379 τοὺς
2938 3314 3133 3376 ἄλλους
3172 3306 3702 3383 παραλογιζώμεθα,

2120 3409 2269 3479 ἡμᾶς
2306 3424 2370 3475 γε
2419 3406 2617 3470 αὐτοὺς
2687 3406 2748 3458 ού
2802 3403 3181 3474 δυνησόμεθα·
3234 3401 3310 3464 ὡς
3366 3401 3428 3453 τό
3475 3415 3539 3468 γε
3593 3394 3704 3450 καθ’

2122 3496 2314 3554 ἑαυτοῦ
2363 3492 2602 3563 παίζειν,
2654 3496 2774 3549 λίαν
2820 3495 3119 3564 ἐπισφαλὲς
3162 3495 3259 3548 καὶ
3290 3493 3544 3564 ἀνόητον.
3601 3485 3705 3541 Kal

2115 3592 2245 3661 μετ’
2285 3591 2357 3643 οὐ
2409 3588 2654 3643 acilii"
2690 3586 2937 3641 Φύλασσὲ
2973 3604 3064 3657 μοι
3096 3585 3166 3640 τὰ
3205 3582 3609 3655 γεγραμμένα,
3654 3580 3706 3631 ἐν

2123 3684 2337 3751 καιροῖς
2387 3684 2641 3753 τρεπτοῖς
2686 3681 2956 3753 ἄτρεπτος
3013 3680 3191 3751 μένων
3250 3678 3386 3749 περὶ
3436 3673 3703 3746 ἀτρέπτοιο

2125 3774 2472 3845 πράγματος.

2198 3863 2314 3916 Τοῦ
2345 3864 2414 3916 ἐν
2445 3863 2634 3931 ἁγίοις
2672 3863 3008 3933 Γρηγορίου
3051 3863 3398 3916 ἐπισκόπου
3459 3860 3706 3921 Νύσσης

2125 3958 2193 4010 ἐκ
2227 3955 2344 4009 τῶν
2391 3958 2477 4020 εὶς
2505 3955 2621 4022 τὴν
2671 3954 2779 4008 τοῦ
2818 3955 3134 4025 ἀνθρώπου
3168 3950 3577 4017 κατασκευὴν
3619 3962 3706 4000 κε’

2127 4048 2387 4118 gelidior
2437 4050 2549 4115 κγ’.
2580 4075 2651 4085 —-
2680 4046 2792 4099 Καὶ
2843 4045 2954 4117 γὰρ
3000 4044 3050 4097 οἱ
3105 4043 3237 4114 περὶ
3303 4041 3398 4095 τὸν
3464 4036 3708 4111 Ἀὖραάμ

2130 4138 2492 4209 πατριάρχαι,
2524 4135 2618 4190 τοῦ
2670 4136 2770 4207 μὲν
2815 4136 2942 4190 ἰδεῖν
2976 4136 3046 4189 τά
3073 4135 3253 4203 ἀγαθά
3287 4133 3391 4205 τὴν
3421 4128 3710 4199 ἐπιθυμίαν

2129 4229 2308 4300 ἔσχον,
2336 4230 2433 4284 καὶ⁸
2456 4231 2555 4283 οὑκ
2585 4231 2796 4300 ἀνῆκαν
2832 4227 3225 4299 ἐπιζητοῦντες
3258 4226 3360 4297 τὴν
3394 4223 3711 4294 ἐπουράνιον

2131 4322 2391 4393 πατρίδα,
2446 4320 2630 4384 καθώς
2659 4322 2875 4392 φησινὸ
2921 4319 3271 4382 Ἀπόστολος,
3318 4317 3437 4370 ἀλλ’
3484 4316 3633 4383 ὅμως
3660 4312 3712 4361 ἐν

440 4397 518 4448 bis
566 4396 750 4450 melius
788 4395 994 4463 aliquid
1021 4397 1346 4464 providente,
1379 4408 1432 4450 ut
1467 4413 1571 4452 non
1595 4399 1707 4452 sine
1729 4399 1876 4452 nobis
1901 4414 1997 4451 con

2129 4413 2208 4485 τῷ
2257 4413 2498 4478 ἐλπίζειν
2538 4413 2619 4467 ἔτι
2651 4415 2750 4485 τὴν
2809 4415 2971 4485 χάριν
3030 4395 3323 4466 είσΞῨΤοῦ
3380 4401 3713 4469 Θεοῦ-περὶ

438 4497 831 4541 εωιιριιανειιιαι·
865 4487 932 4543 ⁸⁸.
977 4486 1032 4541 Si
1070 4504 1199 4556 ergo
1224 4489 1307 4543 illi
1353 4490 1664 4545 dilationem
1717 4489 1997 4561 perferunt

2133 4505 2302 4575 ἡμῶν
2338 4504 2609 4573 κρεῖττόν
2633 4523 2688 4558 τι
2716 4502 3241 4573 προϐλεψαμένου,
3285 4501 3389 4554 ἵνα
3425 4498 3514 4567 μὴ
3546 4492 3716 4564 χωρὶς

442 4581 530 4645 qni
563 4580 747 4647 procul
780 4595 875 4649 per
909 4580 1080 4634 solam
1118 4580 1278 4636 ﬁdem
1323 4592 1485 4651 atque
1516 4598 1667 4651 spem
1700 4582 1840 4635 bona
1874 4582 1991 4633 vide

2133 4594 2302 4664 ἡμῶν
2340 4594 2754 4651 τελειωθῶσιν.
2807 4596 2872 4649 El.
2920 4592 3014 4649 οὖν
3076 4596 3277 4647 ἐκεῖνοι
3335 4592 3569 4659 φέρουσι
3623 4584 3716 4652 τὴν

446 4684 571 4723 runt
606 4680 659 4724 et
707 4669 1034 4737 dileiterunt,
1072 4682 1233 4743 prout
1264 4683 1496 4727 testatur
1527 4673 1853 4741 Apostolus;
1898 4676 2001 4740 quit

2130 4684 2420 4755 ἀναϐολὴν,
2461 4685 2511 4738 οἱ
2554 4684 2840 4756 πόρρωθεν
2870 4683 2961 4737 διὰ
3008 4683 3175 4754 μόνης
3212 4682 3453 4749 πίστεως
3484 4675 3580 4730 καὶ
3623 4671 3716 4739 τῆς

446 4762 626 4831 plures
664 4777 694 4816 e
740 4763 898 4818 nobis
947 4764 1131 4819 facere
1173 4774 1409 4834 oportet,
1442 4767 1638 4834 quibus
1691 4763 1922 4818 fortasse
1963 4781 1993 4816 n

2124 4774 2342 4839 ἐλπίδος
2387 4774 2584 4838 ἰδόντες
2616 4776 2685 4827 τὰ
2730 4774 2912 4843 ἀγαθά
2963 4775 3058 4828 καὶ
3095 4771 3504 4841 ἀσπασάμενοι,
3543 4762 3717 4824 καθὼς

446 4854 688 4907 melioris
724 4856 942 4924 quidem
997 4857 1323 4911 conditionis
1377 4872 1523 4925 spes,
1551 4857 1620 4911 ob
1655 4856 1822 4909 vitam
1875 4872 2001 4909 suau

2128 4865 2447 4937 μαρτυρεῖὸ
2470 4866 2824 4931 Ἀπόστολος,
2845 4866 2904 4919 τὸ
2918 4865 3162 4934 ἀσφαλὲς
3189 4863 3291 4933 τῆς
3315 4862 3426 4915 τῶν
3453 4856 3720 4914 ἐλπισθέν-

446 4946 798 5016 ριςιειειὶιςιιιι,
843 4949 1129 5017 superest?
1183 4948 1475 5002 Sciendum
1519 4964 1652 5002 vero
1701 4956 1785 5001 est
1821 4947 1998 5015 Grc-go

2126 4975 2238 5010 των
2302 4956 2695 5021 ἀπολαύσεως,
2762 4961 2820 5011 ἐν
2872 4957 2951 5028 τῷ
3007 4957 3198 5010 πιστὸν
3257 4952 3582 5025 ἡγήσασθαι
3634 4947 3717 4999 τὸν

449 5055 587 5092 tum
636 5039 809 5095 iuxtx
891 5042 1002 5113 (92)
1055 5041 1331 5113 Capitulo,
1406 5042 1840 5096 incredulitatem
1905 5057 2001 5094 cttn

2135 5049 2623 5119 ἐπαγγειλάμενον,
2660 5051 2876 5121 θέμενοι.
2896 5051 2989 5105 ’.τὶ
3016 5052 3120 5121 χρὴ
3147 5050 3408 5120 πράττειν
3441 5046 3570 5106 τοὺς
3597 5039 3717 5095 πολ-

446 5133 570 5187 aliis
598 5133 793 5188 anima:
839 5135 1047 5190 morbis
1094 5151 1540 5202 connumerasse,
1576 5150 1807 5203 eamque
1842 5134 2001 5189 bruto

2138 5142 2262 5204 λοὺς
2299 5143 2465 5212 ἡμᾶς,
2510 5140 2589 5206 οἷς
2617 5144 2780 5213 τυχδν
2809 5145 2933 5198 οὐδὲ
2961 5146 2994 5215 ἡ
3030 5144 3167 5212 προς
3196 5142 3257 5194 τὸ
3289 5142 3544 5211 κρεῖττον
3571 5132 3717 5193 ἐλπὶς

450 5239 569 5277 rum
615 5225 846 5293 impetus
884 5227 1117 5281 similem
1164 5227 1387 5294 dixisse,
1421 5228 1491 5281 ita
1544 5236 1725 5297 tamen
1766 5237 1823 5282 ut
1865 5230 2001 5282 ctian

2139 5235 2203 5284 ἐκ
2249 5233 2356 5285 τῶν
2391 5232 2743 5304 βεϐιωμένων
2798 5236 2986 5303 ὲστίν;
3039 5235 3238 5288 Ἰστέον
3263 5233 3320 5286 δὲ
3349 5233 3433 5284 ὅτι
3459 5232 3517 5283 ἐν
3541 5227 3619 5297 τῷ
3659 5224 3713 5277 ιτ)

451 5316 719 5372 ratiocinii
748 5332 852 5389 ope
881 5327 1162 5389 augeatur.
1354 5310 1359 5314 ’

2141 5324 2421 5395 κε’ἓαλαίερ
2462 5327 2627 5395 φησὶ,
2669 5327 2769 5398 τὴν
2813 5328 3076 5381 ἀπιστίαν
3106 5327 3245 5398 μετά
3272 5323 3383 5377 τῶν
3413 5318 3620 5375 λοιπῶν
3648 5308 3717 5367 ὧν

518 5499 563 5532 ⁸⁸
587 5498 730 5558 Osee
761 5516 871 5572 xiv,
898 5499 986 5555 10.
1063 5501 1107 5531 ⁸³
1137 5498 1267 5555 Sat).
1294 5514 1332 5565 ι,
1359 5497 1412 5551 4.
1490 5499 1534 5531 ⁸³
1562 5498 1720 5555 Rom.
1756 5513 1830 5595 tv,
1867 5499 1921 5553 5.

2109 5503 2220 5557 ’s..l.
2247 5503 2525 5569 Lxsx,16.
2594 5505 2638 5537 ⁸⁵
2677 5504 2841 5559 llebr.
2872 5520 2949 5567 XI,
2977 5506 3067 5559 40.

680 5656 792 5733 luto
818 5657 977 5733 longe
1012 5653 1149 5733 infra
1180 5670 1231 5725 p.
1263 5656 1382 5710 19.5.

2148 5665 2347 5717 etenim
2377 5664 2429 5718 in
2462 5665 2701 5719 editione
2728 5663 3023 5733 Gregorius
3057 5662 3294 5733 loquitur
3327 5660 3514 5733 potius
3538 5656 3717 5733 deire.

687 5726 743 5807 [ιι
775 5728 863 5807 ad.
901 5726 1020 5795 cap.
1206 5806 1209 5807 ν
1290 5797 1305 5807 .
1472 5798 1535 5807 Α..
1577 5798 1610 5807 η
1673 5797 1712 5807 ν
1869 5798 1881 5807 .

2144 5751 2305 5804 quam
2360 5736 2520 5789 homo
2543 5738 2705 5791 habet
2733 5726 3076 5807 communem
3109 5726 3233 5787 cum
3268 5726 3482 5798 be—lluis,
3519 5730 3611 5785 sed
3649 5738 3720 5782 tuo

531 5798 642 5865 (92)
691 5797 757 5874 l_t_t_
778 5798 880 5874 ed._
903 5812 1021 5874 cap.
1051 5802 1170 5874 _tti,_
1200 5806 1238 5852 ι.
1278 5797 1329 5874 Δ1,
1384 5798 1539 5874 p._95
1671 5797 1916 5874 Notanda
1956 5815 2001 5853 et

2147 5797 2266 5861 men
2301 5815 2512 5860 auctant
2537 5806 2703 5861 etiam
2740 5820 2768 5860 a
2799 5805 3025 5862 rationis
3047 5818 3169 5874 0pc.

461 5877 644 5922 autem
698 5867 987 5938 Nic-ephori
1047 5868 1210 5924 lectio
1266 5870 1545 5939 ἀπιστίαν,
1573 5869 2038 5936 incredulitatem;
