3994 6432
451 329 561 390 837

1151 321 1722 383 APOLOGETICUS
1761 324 2010 384 MINOR
2044 326 2189 383 PRO
2231 327 2496 385 SACRIS
2535 327 3016 389 IMAGlNIBUS.

3617 336 3720 394 RT‘S

454 452 546 488 νου
575 433 668 487 τοῦ
704 433 1020 504 οίουδήποτε
1053 434 1196 487 κατά
1223 435 1315 488 τὸν
1344 435 1802 506 ἐκκλησιαστικὸν
1821 438 2040 501 κανόνα,

2160 455 2342 505 picus,
2377 439 2456 493 vel
2501 441 2680 506 potius
2707 441 2990 510 tyrannici
3035 443 3283 510 superbia
3331 453 3504 512 ulcus,
3543 445 3719 499 divina

453 527 532 596 τῷ
581 527 770 595 οἰκείῳ
818 525 1074 578 δυσσεϐεῖ
1107 527 1374 596 θελήματι
1417 529 1717 596 ἑπόμενος,
1751 529 1953 598 μᾶλλον
1983 531 2038 581 δὲ

449 620 748 686 τυραννικῇ
786 615 1074 686 ἀλαζονείᾳ
1101 616 1405 686 χρώμενος,
1440 619 1654 672 καὶτοῦ
1691 620 1837 672 θείου
1869 621 2037 689 νόμου

451 707 900 776 καταφρονήσας,
924 707 1013 759 διὰ
1039 706 1148 759 τῶν
1175 709 1266 761 ὑπ’
1296 709 1464 762 αὑτοῦ
1494 711 1728 776 ἀναιδῶς
1753 713 2036 784 συναθροι-

453 797 692 849 σθέντων
739 798 975 868 ἀνιέρων
1025 798 1237 868 ἱερέων,
1288 800 1416 853 ὅσον
1463 795 1532 873 ἦν
1580 804 1668 855 ἐπ’
1714 804 1885 874 αὐτῷ,
1941 805 2040 874 τὴν

450 887 658 941 τούτων
721 890 1110 960 καταστροφὴν
1168 893 1614 964 κατειργάσατο,
1673 895 1954 965 τολμήσας
2010 896 2039 947 6

455 977 613 1038 ἄθεος
659 976 1062 1048 εἰδωλολάτραις
1099 980 1228 1044 τοὺς
1261 981 1622 1052 Χριστιανοὺς
1655 985 2033 1039 ἀποκαλέσαι·

454 1068 549 1122 καὶ
593 1068 931 1138 δογματίσας
981 1072 1040 1123 ἐν
1087 1070 1166 1142 τῷ
1220 1073 1332 1143 ὅρῳ
1376 1072 1470 1128 τοῦ
1521 1075 1768 1129 τοιούτου
1819 1077 2038 1148 ἀνιέρου

455 1159 826 1231 ζθροίσματος
853 1161 949 1232 (g),
977 1160 1053 1233 μὴ
1083 1164 1514 1232 προσκυνεῖσθαι
1544 1166 1637 1220 τοῦ
1669 1167 1858 1220 λοιποῦ
1886 1169 2040 1238 ίεράς

454 1252 694 1318 εἰκόνας,
732 1255 867 1324 μήτε
895 1253 1033 1316 ὅλως
1062 1255 1600 1319 κατασκευάζεσθαιο
1636 1257 1731 1311 καὶ
1761 1257 1951 1327 ἐπειδὴ
1980 1259 2040 1312 τὸ

456 1344 628 1396 κακόν
657 1343 899 1415 ἀρχῆθεν
942 1345 1039 1398 οὐκ
1087 1345 1213 1415 ἔστη
1261 1345 1346 1414 ἐφ’
1378 1345 1556 1416 ἐαυτῷ
1581 1387 1595 1412 ,
1628 1348 2038 1419 ἐπηκολούθησε

456 1435 550 1486 καὶ
572 1433 641 1485 τὰ
677 1434 735 1497 ἐξ
767 1433 1024 1495 ἀσεϐείας
1053 1433 1303 1502 δόγματα
1323 1451 1336 1465 ·
1379 1436 1477 1497 τάς
1507 1451 1568 1487 τε
1598 1437 1707 1507 γὰρ
1740 1438 2039 1507 πρεσϐείας

454 1524 563 1576 τῶν
598 1525 772 1592 ἁγίων
790 1525 888 1595 τῆς
919 1523 1251 1592 Ἐκκλησίας
1281 1524 1528 1590 ἐξέϐαλε,
1554 1526 1647 1578 καὶ
1666 1527 2039 1597 ἆγιασλείψανα

455 1617 551 1669 καὶ
583 1616 799 1686 βίϐλους
833 1615 983 1687 ίεράς
1014 1616 1279 1680 πλείστας
1310 1616 1649 1681 κατέκαυσε,
1691 1619 1931 1683 καὶτοὺς
1964 1619 2038 1690 μὴ

456 1707 926 1779 καταδεχομένους
953 1706 1115 1760 τοῦτο
1146 1708 1210 1761 τὸ
1241 1707 1401 1761 ἄθεον
1443 1707 1619 1778 δόγμα
1643 1709 1904 1780 διωγμοῖς
1944 1712 2038 1764 καὶ

456 1800 670 1862 αἰκίαις
702 1800 796 1852 καί
821 1797 1077 1868 βασάνοις
1099 1798 1324 1862 πολλαῖς
1353 1802 1758 1871 ἐτιμωρήσατο.

529 1880 591 1945 8'.
635 1892 698 1944 Εί
735 1891 790 1944 δὲ
830 1892 912 1944 δεῖ
955 1892 1051 1944 καὶ
1096 1891 1162 1946 ἐκ
1203 1892 1313 1944 τῶν
1346 1893 1608 1946 ἐναντίων
1655 1894 1787 1964 περὶ
1834 1891 2039 1947 τούτων

461 1981 863 2045 πιστώσασθαι,
899 1981 1238 2052 μαρτυροῦσι
1277 1981 1376 2034 καὶ
1401 1983 1458 2034 aii
1483 1981 1712 2052 χρήσεις
1737 1981 1792 2034 αἱ
1813 1980 2040 2051 λεγόμε-

460 2093 549 2129 ναι
619 2074 962 2143 Ἐπιφανίου’
1014 2075 1111 2127 καὶ
1167 2075 1276 2144 γὰρ
1333 2075 1451 2127 ἐκεῖ
1487 2077 1516 2127 6
1581 2069 1920 2142 Ἐπιφάνιος,
1965 2073 2042 2138 ὡς

463 2167 953 2238 προσκυνουμένας
979 2165 1148 2229 αὑτὰς
1179 2165 1331 2236 παρὰ
1357 2165 1468 2219 τῶν
1496 2164 1840 2236 Χριστιανῶν
1876 2163 2040 2235 ὀρῶν,

463 2261 725 2331 ἐπειρᾶτο
748 2257 846 2328 τὴν
876 2257 1083 2310 τούτων
1114 2258 1399 2327 ἀναίρεσιν
1429 2257 1759 2328 ποιήσασθαι
1787 2256 1885 2326 (Ιι)·
1907 2258 2044 2327 ὅπερ

462 2350 586 2403 οὔτε
614 2352 671 2403 ἐν
703 2351 814 2412 τοῖς
845 2351 1057 2419 χρόνοις
1087 2349 1319 2412 ἐκείνοις
1346 2348 1590 2412 εὐσεϐεῖς
1615 2347 1876 2418 βασιλεῖς,
1909 2347 2044 2417 πρὸς

463 2444 557 2508 οὓς
600 2444 661 2498 τὸ
707 2443 940 2514 γράμμα
995 2443 1146 2496 δοκεῖ
1200 2440 1465 2511 φέρεσθαι
1499 2440 1584 2511 (i),
1629 2439 1721 2492 τὸν
1770 2439 1899 2510 περὶ
1947 2438 2043 2506 τῆς

466 2536 854 2606 καταστροφῆς
885 2533 1062 2587 αὐτῶν
1103 2532 1262 2599 λόγον
1292 2531 1571 2597 ἐδέξαντο,
1603 2530 1677 2593 ῶς
1703 2529 1956 2600 δηλοῦσιν
1987 2527 2049 2582 αῖ

463 2640 526 2676 τε
562 2623 653 2676 ὑπ’
695 2622 872 2674 αὐτῶν
911 2619 1216 2674 κτισθεῖσαι
1252 2619 1565 2689 ἐκκλησίαι,
1593 2618 1688 2671 καὶ
1718 2617 1785 2670 τὰ
1813 2615 1934 2685 ίερά
1966 2617 2047 2668 εἰ-

429 2697 434 2701 .
467 2716 773 2786 κονίσματα
806 2715 1146 2786 τυγχάνοντα
1167 2729 1181 2743 °
1212 2711 1348 2781 πρὸς
1373 2711 1586 2774 τούτοις
1619 2712 1714 2763 καὶ
1747 2711 1803 2762 αί
1847 2711 1903 2762 ἐν
1934 2707 2048 2761 Κύ-

467 2825 592 2878 πρῳ
616 2807 901 2878 ἐκκλησίαι
935 2804 1130 2877 βοῶσιν
1163 2802 1252 2874 (j),
1285 2805 1367 2856 ὅτι
1410 2803 1460 2855 oi
1501 2802 1731 2856 τοιοῦτοι
1760 2801 1907 2868 λόγοι
1949 2801 2050 2853 οὐκ

467 2898 820 2969 ἠκούσθησαν
868 2897 1109 2950 πώποτε·
1156 2897 1270 2949 ἀλλ’
1305 2896 1427 2948 οὐδὲ
1459 2897 1507 2948 οί
1554 2896 1618 2962 ἐκ
1665 2895 1766 2965 τῆς
1794 2893 2050 2962 Κυπρίας

469 2993 635 3062 νήσου
668 2991 1002 3062 ὁρμώμενοι,
1039 2984 1114 3044 ὧν
1155 2989 1304 3040 ἐστιν
1341 2989 1370 3040 6
1411 2989 1469 3040 ἐν
1518 2986 1698 3053 ἁγίοις
1744 2983 1990 3047 Παῦλος,
2022 2984 2050 3035 6

468 3082 712 3152 γεγονὼς
743 3083 851 3136 τῶν
889 3081 1124 3135 ἐνταῦθα
1157 3080 1472 3151 ἀρχιερεὺς,
1507 3077 1601 3130 καὶ
1640 3077 2050 3136 Κωνσταντῐνος

476 3172 506 3225 6
542 3172 784 3242 γεγονὼς
833 3173 976 3225 κατά
1022 3171 1118 3241 τὴν
1162 3170 1333 3240 αὐτὴν
1386 3169 1550 3238 νῆσον
1589 3167 2045 3238 ἀρχιεπίσκοπος,

470 3266 665 3336 ἄνδρες
709 3264 865 3334 σοφοὶ
909 3265 1002 3317 καὶ
1039 3263 1354 3331 ἐλλόγιμοι,
1406 3260 1501 3314 καὶ
1548 3259 1618 3312 τὰ
1655 3259 1904 3328 δόγματα
1953 3256 2046 3309 τοῦ

473 3357 632 3424 ἁγίου
690 3355 1009 3424 Ἐπιιρανίου
1064 3353 1157 3406 τοῦ
1218 3354 1320 3422 τῆς
1368 3352 1534 3421 νήσου
1585 3348 2053 3420 προεδρεύσαντος

473 3448 848 3518 ἐπιστάμενοι,
875 3449 975 3499 οὐκ
1005 3447 1301 3516 ἠνέσχοντο
1335 3442 1428 3496 τοῦ
1462 3441 1628 3494 αὐτοῦ
1661 3440 1874 3510 [ἰατρὸς
1909 3435 2050 3492 εἶναι

472 3541 572 3602 τὰς
610 3539 869 3610 χρήσεις,
900 3536 966 3600 ἂς
998 3539 1054 3590 ἐν
1093 3536 1172 3606 τῷ
1214 3533 1628 3604 ψευδοσυλλόγῳ
1671 3533 1718 3584 οἱ
1769 3529 2050 3601 συναθροι-

478 3633 697 3693 σθέντες
747 3629 896 3700 αὐτῷ
939 3628 1320 3700 προσήγαγον·
1362 3627 1419 3678 ἐν
1464 3624 1676 3685 τούτοις
1725 3622 1753 3673 6
1801 3621 1934 3682 Θεὸς
1976 3622 2051 3691 μὴ

473 3723 868 3794 ἀρεσκόμενος,
895 3720 1186 3788 εὐδόκησεν
1209 3714 1628 3784 ἐπιτελεσθῆναι
1651 3713 1750 3782 τὴν
1773 3714 1829 3764 ἐν
1848 3711 2053 3781 Νικαίᾳ

473 3816 539 3868 τὸ
567 3814 816 3884 δεύτερον
849 3811 891 3875 ζ’
941 3811 1101 3879 ἁγίαν
1145 3811 1236 3863 καὶ
1278 3806 1668 3877 οἰκουμενικὴν
1708 3803 1949 3867 σύνοδον,
1987 3796 2056 3872 ἦς

475 3908 515 3976 ἠ
547 3905 806 3976 κάταρξις
846 3902 987 3956 κατά
1016 3901 1172 3970 λόγον
1207 3902 1302 3952 καὶ
1331 3895 1798 3969 ἐκκλησιαστικὴν
1827 3893 2054 3948 ἀκολου-

476 3999 604 4052 θίαν
625 3997 814 4065 γέγονε
832 3996 980 4062 παρά
1004 3993 1306 4064 ἀρχιερέων
1332 3990 1394 4044 τὸ
1414 3989 1718 4062 τηνικαῦτα
1748 3987 2050 4056 κινηθεῖσα·

476 4088 694 4152 Παῦλος
725 4088 834 4156 γὰρ
863 4086 892 4137 6
933 4084 1266 4157 προῤῥηθεὶς
1297 4084 1591 4154 ἀρχιερεὺς
1628 4081 1723 4134 τοῦ
1759 4079 2055 4143 Βυζαντίου

479 4181 624 4250 ὁρῶν
651 4181 730 4232 ὅτι
756 4181 804 4231 οἱ
827 4177 1123 4246 ἀρχιερεῖς,
1152 4175 1283 4227 οἵτε
1307 4174 1407 4245 τῆς
1435 4171 1810 4244 πρεσϐυτέρας
1842 4168 2058 4238 Ῥώμης

479 4335 714 4392 Albitius
745 4329 1144 4402 πρωτόϐλητον.
1171 4324 1740 4402 Διϐοιιιῢοίὶεὶιιεηιιιιὶ
1761 4323 2062 4402 paiiloante

481 4397 799 4476 pra‘tlldﬂlll
825 4397 1242 4476 disputationem
1266 4397 1531 4476 ediderat,
1572 4397 1878 4476 liabetm'rofi
1917 4412 1950 4444 ιτ

481 4465 774 4544 τοκλήτου,
805 4465 924 4539 (ιιιιὺ
955 4469 1244 4544 ρωιετοιιιιῑ
1282 4467 1440 4544 lectio
1470 4465 1770 4544 ψει-Πουίηί
1814 4475 2060 4544 suspecta

483 4531 718 4599 videtur.
746 4531 954 4605 lleapse
980 4539 1150 4592 codex
1172 4531 1476 4590 Vaticanus
1497 4533 1627 4605 Vita:
1654 4531 1940 4605 Niceplioi-i
1967 4533 2062 4605 lia-

485 4621 578 4670 l.et
636 4601 1055 4682 πρωτόκλητον,
1110 4621 1214 4682 non
1244 4605 1338 4658 τοῦ
1375 4604 1784 4682 πρωτοκλήτου.
1838 4601 2064 4682 dllatius

486 4700 616 4739 ιρι-ο
643 4670 724 4735 vcl
749 4682 821 4732 ita
849 4670 1055 4745 legens,
1080 4677 1163 4730 vel
1183 4689 1325 4728 recte
1353 4670 1664 4745 emendatus,
1686 4670 2062 4745 πρωτόϐλητον

486 4771 586 4823 iro
618 4742 1005 4821 πρωτόκληῖτον
1053 4747 1258 4823 maluit.
1314 4745 1404 4798 Est
1451 4744 1728 4823 t‘_llltlt"ll(lll
1758 4742 1974 4823 insolita
2012 4743 2062 4823 in

488 4810 774 4876 indicibus
799 4810 1120 4886 permutatio
1147 4817 1446 4869 litterarum
1470 4810 1907 4886 etK,‘pr_opter_
1925 4810 2064 4861 inul-

491 4908 597 4946 iam
617 4880 928 4946 earum-dem
959 4887 1009 4938 in
1035 4886 1209 4948 prisco
1231 4883 1498 4938 scribendi
1519 4896 1615 4935 usu
1633 4880 2062 4943 similitudinem,

488 4974 544 5015 ut
570 4979 779 5016 mecum
814 4954 1104 5023 antiquarii
1151 4957 1348 5023 sciunt.
1380 4952 1445 5006 Et
1488 4951 1884 5004 Couibelisiana
1932 4949 2068 5023 qui-

487 5037 612 5086 ilciii
649 5031 808 5083 lectio
839 5022 1361 5094 τοῦίπρωτοκλήτου
1417 5025 1604 5074 insana
1635 5029 1770 5094 est;
1823 5022 2067 5084 sequitur

487 5103 634 5155 enim
677 5115 796 5152 mox
827 5089 1145 5166 κορυφαίου,
1189 5089 1434 5166 μέτρους
1464 5089 1847 5166 πρωτόκλητος
1887 5097 2064 5166 autem

488 5154 756 5233 Andreas,
793 5154 909 5220 non.
937 5154 1150 5217 Petrus.
1190 5154 1571 5233 Verumtamen
1600 5154 2069 5233 ιιιιειίπρωτόϐλη-

488 5259 582 5294 τον
615 5229 776 5310 (quod
823 5235 1075 5310 malo)_et
1123 5230 1528 5310 πρωτόκλητον,
1589 5229 1744 5310 nulla:
1794 5229 2067 5304 tragmdiae

491 5302 892 5378 suut‘agendae.
925 5305 1048 5371 quia
1088 5303 1308 5378 perinde
1360 5303 1599 5378 lere-cst
1634 5302 1812 5378 dicere
1839 5302 2066 5376 primum

490 5366 780 5438 aederufac
817 5366 1386 5442 prim-ampuppe/(utam
1408 5370 1582 5442 sedent
1615 5377 1707 5442 aut
1738 5366 1924 5418 basim.

565 5452 640 5515 (α)
675 5435 866 5500 Ἠιιὶιιὶιι
900 5447 995 5495 Ιίιιι
1026 5435 1485 5515 (ἰοιιξιιιιιιίιιιψι-ιιὶ
1532 5439 1642 5490 lucc
1687 5435 2070 5515 lenii-iniiai-Iiof

496 5505 616 5571 i-iiiii
657 5517 892 5585 synodus
935 5528 1076 5585 anno
1115 5509 1452 5585 Cuprouymi
1494 5518 1764 5585 regnantis
1798 5505 1886 5564 15,
1917 5508 2070 5585 ιιι-ειη.

494 5573 869 5651 ’1ἰ.ιξιηιῖιιιιιυε,
899 5581 1126 5647 ejusque
1161 5573 1262 5651 non
1291 5573 1455 5651 semel
1486 5573 1732 5651 meminit
1757 5587 1940 5651 uoster
1971 5573 2068 5651 δί-

453 5701 456 5706 .
494 5645 759 5722 ccphoi'us
786 5656 835 5706 in
876 5645 1326 5722 stiliscqiieutihus
1350 5649 1584 5722 scriptis.
1616 5649 1744 5697 Actu
1785 5645 1902 5722 i-jus
1935 5645 2067 5722 alio-

496 5715 592 5783 tita
654 5715 1069 5779 interciderunt.
1111 5720 1226 5771 Alia
1268 5718 1745 5772 lcououi.iclioi-uiii
1785 5715 1836 5766 in
1881 5716 2066 5765 eadem

2098 4431 2138 4484 ι)

2145 528 2262 593 iuge
2317 541 2664 599 contempta,
2713 546 2808 599 per
2859 531 3120 584 collectos
3165 547 3193 584 ει
3245 543 3418 586 semet
3466 533 3724 602 profanos

2140 620 2425 689 episcopos
2447 662 2462 686 ,
2495 631 2756 689 quantum
2791 623 2840 674 in
2874 621 2990 689 ipso
3022 619 3146 688 fuit,
3184 634 3498 678 sanctarum
3533 626 3724 694 imagi-

2144 729 2269 763 num
2320 711 2446 766 fecit
2492 713 2883 778 abolitionem,
2927 729 3198 780 aususque
3253 723 3336 767 cst
3387 713 3476 768 hic
3526 717 3721 770 atlicus

2143 799 2546 854 idololatrarum
2583 802 2799 854 nomine
2823 801 3161 856 Christianos
3205 801 3516 870 appellare;
3545 816 3598 856 et
3627 804 3721 856 do-

2142 891 2374 961 guiatico
2405 892 2712 961 hujusmodi
2751 891 2990 962 profante
3015 893 3202 963 synodi
3236 908 3442 946 canone
3467 894 3715 962 delinire,

2143 999 2249 1038 non
2279 999 2399 1038 esse
2439 984 2491 1036 iu
2534 994 2804 1052 posterum
2847 986 3189 1040 venerandas
3241 1000 3426 1039 sacras
3457 985 3723 1054 imagines

2143 1091 2317 1144 neque
2343 1075 2566 1130 omnino
2617 1077 2979 1132 fabricandas.
3013 1077 3078 1132 Et
3110 1077 3235 1146 quia
3285 1078 3484 1131 malum
3521 1077 3623 1132 hoc
3668 1078 3720 1130 in

2143 1167 2254 1220 suis
2306 1167 2474 1220 initiis
2516 1167 2782 1221 contineri
2838 1183 2945 1221 non
2986 1169 3197 1236 potuit,
3239 1179 3546 1223 consecutae
3598 1176 3724 1222 sunt

2143 1258 2264 1311 alia:
2309 1259 2534 1326 insuper
2581 1258 2897 1327 irreligiosae
2925 1261 3272 1324 sanctiones;
3313 1276 3507 1328 nempe
3543 1270 3595 1314 et
3638 1261 3722 1314 iu-

2142 1351 2459 1404 vocationes
2500 1360 2815 1404 sanctorum
2890 1351 2961 1404 ab
3008 1347 3251 1403 Ecclesia
3290 1352 3547 1413 exclusit;
3603 1341 3726 1403 San-

2141 1450 2368 1508 ctasquc
2409 1439 2667 1508 reliquias
2691 1448 2745 1492 et
2779 1453 2966 1494 sacros
2993 1439 3158 1494 libros
3189 1439 3449 1508 plurimos
3477 1440 3732 1494 combus-

2142 1532 2244 1598 sit;
2277 1539 2331 1584 et
2377 1532 2626 1585 homines
2647 1571 2662 1596 ,
2693 1531 2784 1600 qui
2815 1531 2918 1584 hoc
2950 1529 3170 1596 impium
3198 1530 3392 1606 dogma
3428 1529 3726 1584 uoluerunt

2141 1627 2430 1680 admittere
2457 1667 2472 1691 ,
2505 1624 3002 1694 persecutionibns,
3031 1624 3365 1677 cruciatibus
3387 1663 3404 1689 ,
3433 1624 3723 1693 pomisque

2143 1716 2328 1771 multis
2360 1714 2570 1770 all‘ecit.

2214 1894 2380 1966 268
2416 1893 2470 1948 4.
2513 1893 2667 1960 Quod
2714 1893 2761 1949 si
2810 1902 3024 1964 oportet
3061 1908 3125 1949 ex
3168 1894 3456 1950 contrariis
3507 1909 3721 1964 quoque

2143 1986 2476 2053 argumeulis
2499 1985 2637 2039 idem
2657 1985 3003 2050 conﬁrmare,
3025 1995 3187 2041 testes
3206 1989 3401 2040 adsunt
3438 1987 3540 2041 illae
3556 1989 3719 2040 etiam

2143 2091 2262 2145 qua:
2299 2076 2586 2144 Epiplianii
2621 2076 2877 2129 dicuntur
2925 2079 3298 2134 auctoritates.
3349 2076 3615 2146 Namque,
3656 2087 3720 2132 ut

2144 2168 2216 2221 ibi
2266 2167 2480 2237 legitur,
2519 2168 2877 2236 Epiphanius,
2910 2168 3098 2224 videns
3147 2185 3334 2224 sacras
3381 2171 3642 2238 imagines
3687 2187 3720 2223 a

2144 2259 2470 2312 Christianis
2501 2258 2797 2325 honorari,
2850 2269 3079 2313 conatus
3112 2269 3196 2315 est
3243 2275 3336 2315 eas
3367 2262 3585 2316 abolere
3618 2279 3630 2314 :
3665 2277 3720 2314 et

2147 2359 2323 2404 tamen
2375 2364 2475 2404 nec
2518 2350 2628 2403 illis
2676 2349 3009 2418 temporibus
3041 2350 3273 2420 religiosi
3322 2350 3714 2420 imperatores,

2147 2441 2214 2494 ad
2246 2456 2379 2509 quos
2422 2441 2472 2494 id
2507 2441 2767 2510 scriptum
2803 2442 2940 2495 mitti
2975 2442 3204 2504 videtur,
3235 2441 3375 2496 hanc
3408 2444 3472 2495 de
3502 2442 3724 2496 abolen-

2145 2532 2230 2586 dis
2263 2532 2583 2602 imaginibus
2618 2532 2942 2586 scntentiam
2975 2533 3344 2595 admiserunt,
3382 2533 3457 2586 nti
3495 2533 3723 2588 demou-

2148 2632 2320 2678 strant
2345 2623 2573 2677 conditae
2603 2623 2671 2677 ab
2703 2623 2767 2678 iis
2791 2623 3034 2677 ecclesia;
3060 2661 3074 2687 ,
3121 2633 3174 2676 et
3211 2624 3531 2691 superstites
3554 2638 3725 2679 sacra

2152 2715 2358 2769 icones.
2389 2714 2614 2785 Insuper
2643 2714 2804 2784 Cypri
2835 2716 2999 2769 etiam
3031 2714 3272 2770 ecclesia:
3305 2715 3577 2781 clamant,
3611 2730 3736 2770 ser-

2150 2804 2336 2860 mones
2370 2805 2652 2875 Epiphanii
2701 2805 2961 2873 ejusmodi
3009 2822 3275 2876 nusquam
3320 2822 3442 2861 esse
3489 2809 3721 2862 auditos.

2152 2896 2256 2950 Sed
2281 2911 2348 2949 ne
2372 2897 2446 2948 illi
2465 2896 2702 2964 quidem,
2727 2897 2816 2964 qui
2842 2911 2907 2948 ex
2933 2896 3105 2948 insula
3138 2897 3313 2966 Cypro
3332 2907 3459 2950 sunt
3483 2897 3724 2964 oriundi,

2151 2997 2286 3056 quos
2321 2987 2460 3040 inter
2490 2997 2575 3040 est
2623 2997 2843 3041 sanctus
2873 2986 3070 3040 Paulus
3107 2997 3304 3041 nostrae
3335 2989 3485 3041 urbis
3544 2988 3728 3041 archi-

2159 3079 2536 3148 episc0pus,el
2563 3076 2954 3131 Constantinus
2987 3077 3076 3144 qui
3109 3075 3211 3129 fuit
3240 3075 3358 3145 ejus
3389 3077 3574 3131 insula:
3601 3078 3726 3132 item

2155 3169 2595 3238 archiepiscopus
2616 3208 2631 3234 ,
2658 3168 2925 3236 sapientes
2949 3167 3190 3235 clarique
3223 3168 3352 3231 viri,
3388 3169 3727 3237 dagmatum-

2157 3275 2263 3328 que
2297 3261 2472 3313 sancti
2506 3258 2786 3326 Epiphanii
2808 3295 2824 3321 ,
2851 3258 3039 3310 insula:
3067 3257 3336 3324 praesulis.
3363 3258 3528 3324 probe
3550 3261 3727 3328 gnari,

2160 3368 2264 3405 non
2299 3351 2532 3405 tulerunt
2565 3349 2742 3402 Patris
2774 3349 3014 3417 ejusdem
3045 3352 3394 3406 auctoritates
3421 3365 3562 3415 esse,
3594 3367 3730 3419 quas

2149 3445 2195 3499 ei
2231 3444 2390 3513 hujus
2421 3442 2818 3513 pseudosynodi
2888 3451 3141 3495 auctores
3176 3443 3566 3510 ascripserunt.
3601 3441 3732 3508 Qun:

2149 3550 2269 3589 cuni
2339 3535 2448 3588 Deo
2507 3532 2932 3602 displicuissent,
2968 3533 3167 3600 placuit
3214 3532 3389 3586 eidem
3435 3535 3730 3587 secundani
3776 3602 3782 3608 _

2150 3624 2340 3678 Nicaea:
2377 3625 2491 3678 ﬁeri
2528 3625 2789 3694 synodum
2822 3638 2944 3692 quae
2977 3634 3060 3675 est
3091 3633 3400 3677 sanctorum
3433 3625 3732 3678 (ecumcni-

2151 3731 2334 3769 carum
2379 3718 2642 3783 septima;
2700 3716 2853 3784 cujus
2895 3716 3049 3781 origo
3095 3714 3486 3768 rationabiliter
3537 3723 3593 3766 et
3643 3729 3734 3768 se-

2161 3805 2394 3858 cundum
2427 3805 2856 3858 ecclesiasticam
2911 3803 3199 3858 formulam
3233 3819 3262 3856 a
3302 3810 3426 3857 tunc
3461 3805 3736 3858 exsisten-

2163 3899 2306 3951 tibus
2339 3896 2684 3966 pontiﬁcibus
2716 3907 2988 3951 commota
3026 3895 3150 3950 fuit.
3199 3894 3330 3948 Nam
3373 3895 3568 3948 Paulus
3601 3912 3738 3964 pric-

2161 3987 2336 4039 dictus
2362 4029 2376 4053 ,
2429 3985 2670 4056 Byzantii
2709 3986 2947 4054 pontifex
2968 4025 2984 4051 ,
3015 3987 3202 4040 videns
3257 3986 3389 4038 alios
3422 3987 3736 4053 pontiiiccs,

2164 4094 2355 4147 nempe
2385 4089 2496 4132 tum
2543 4079 2689 4131 illum
2723 4079 2955 4132 senioris
2987 4078 3208 4144 Romae,
3247 4087 3356 4132 tuin
3391 4079 3616 4131 aliarum
3651 4095 3739 4132 se-

2165 4167 2344 4230 diuiu,
2377 4169 2664 4222 sacerdotii
2703 4170 2787 4221 sui
2816 4169 3060 4237 dignitati
3089 4184 3194 4222 non
3228 4170 3697 4225 communicantes
3722 4211 3737 4234 ,

2173 4319 2318 4388 regia
2353 4320 2488 4388 urbe
2526 4321 2766 4388 synodus
2801 4336 2942 4376 anno
2971 4321 3096 4384 815,
3137 4322 3238 4376 sub
3275 4321 3452 4374 Leone
3505 4322 3743 4376 Armcno

2171 4387 2287 4442 fuit.
2335 4387 2437 4441 Vit.
2469 4388 2530 4443 S.
2559 4387 2872 4457 ’Niceplim'i,
2905 4405 3024 4458 cap.
3051 4392 3106 4458 5,
3140 4408 3193 4445 ii.
3217 4391 3424 4458 55,4vel
3457 4396 3617 4444 etiam
3648 4393 3738 4456 10,

2169 4477 2222 4513 ιι.
2256 4459 2360 4523 63;
2395 4474 2515 4527 cap.
2549 4459 2636 4522 12,
2674 4476 2726 4512 ιι.
2758 4459 2846 4511 73.

2238 4527 2313 4598 (Ii)
2355 4527 2504 4581 llauc
2563 4528 2732 4581 sancti
2780 4527 3063 4598 Epiphauii
3113 4529 3492 4584 auctoritatem
3521 4529 3604 4582 his
3635 4531 3738 4598 sibi

2167 4599 2355 4665 objicit
2389 4598 2551 4650 etiam
2589 4607 2811 4650 sanctus
2857 4597 3092 4652 Joannes
3139 4599 3498 4652 Damascenus
3529 4598 3602 4651 De
3635 4597 3736 4656 SS.

2165 4670 2322 4736 i‘iuag.
2350 4675 2490 4720 orat.
2523 4665 2560 4724 I,
2589 4683 2645 4719 ιι.
2673 4666 2740 4731 2;
2767 4676 2820 4719 et
2849 4679 2986 4720 orat.
3023 4683 3082 4731 ιι,
3107 4685 3160 4722 ιι.
3185 4669 3272 4731 18,
3305 4678 3532 4735 utroque
3560 4678 3741 4723 autem

2170 4737 2221 4790 iu
2270 4741 2389 4791 loco
2421 4737 2549 4789 dicit
2595 4739 2836 4790 tictitiain
2865 4775 2879 4799 ,
2911 4739 3069 4806 ciquc
3093 4743 3159 4791 ab
3197 4739 3465 4792 luci-elicis
3495 4742 3744 4806 supposi-

2169 4817 2274 4859 tam
2303 4825 2318 4874 ;
2351 4807 2506 4876 cujus
2540 4814 2717 4877 tamen
2747 4807 2932 4877 sci-jpti
2969 4811 3019 4860 in
3060 4807 3271 4860 Niczeua
3305 4822 3516 4876 quoque
3535 4823 3580 4877 ii
3613 4823 3746 4877 syn-

2167 4877 2270 4929 odo
2308 4874 2431 4931 ιιςῑξ
2459 4877 2522 4941 6;
2569 4874 2701 4928 Lah.
2747 4886 2786 4929 t.
2831 4875 2940 4938 \‘il,
2987 4878 3090 4930 col.
3121 4877 3248 4940 475,
3285 4874 3486 4930 mentio
3517 4876 3592 4931 lit.
3629 4874 3746 4932 Uti—

2168 4964 2270 5014 que
2302 4946 2534 4999 dubitari
2566 4945 2846 5016 nequittle
2876 4945 3062 4999 Latina
3098 4946 3377 5015 Epiplianii
3405 4946 3628 5016 epistola
3664 4949 3745 5000 iii-

2172 5028 2250 5068 ler
2276 5015 2723 5085 lliet'ouyiniauas
2754 5015 2844 5074 51,
2885 5016 3040 5082 cujus
3064 5018 3114 5068 in
3142 5017 3290 5068 calce
3325 5017 3413 5069 illa
3442 5015 3542 5069 Vest
3590 5017 3744 5068 [inii-

2171 5097 2350 5150 gerula
2393 5087 2456 5137 de
2485 5086 2602 5136 velo
2651 5087 2795 5151 picto
2836 5087 3091 5139 narratio.
3136 5086 3240 5139 Sed
3285 5097 3340 5138 ct
3385 5086 3531 5137 adest
3577 5086 3740 5136 ctiam

2172 5156 2458 5223 lVltepllOI'l
2490 5156 2554 5205 ad
2597 5157 2847 5220 priedii-la
2896 5157 3202 5222 responsio;
3245 5165 3439 5223 praeter
3487 5155 3622 5208 alios
3669 5166 3746 5206 tot

2172 5237 2422 5276 auctores
2450 5226 2538 5291 qui
2576 5224 2624 5275 in
2652 5228 2840 5276 eadem
2879 5225 2991 5275 alea
3023 5227 3217 5275 \crsati
3257 5234 3398 5276 stitit.

2243 5297 2304 5362 ti)
2361 5290 2562 5361 Nempe
2605 5291 2792 5346 Gi‘aica
2839 5295 3069 5357 epistola
3131 5295 3194 5343 ad
3231 5291 3594 5346 TllClM‘OSi'l'll
3628 5290 3744 5344 Sla-

2172 5379 2377 5432 gnum,
2403 5379 2584 5432 quani
2611 5377 2734 5414 esse
2777 5363 3060 5432 genuinam
3119 5373 3278 5429 negat
3330 5364 3494 5432 iotec
3521 5371 3748 5415 (κείω-οτι

2170 5430 2332 5486 etiam
2366 5431 2656 5499 Leqniuius
2690 5435 2756 5483 ad
2826 5431 3137 5499 praedictam
3183 5430 3499 5484 Ilainusccni
3536 5434 3748 5485 oratio-

2174 5520 2294 5555 lieni
2327 5502 2381 5563 9.,
2421 5521 2471 5554 ii.
2518 5502 2598 5552 l8.

2245 5573 2307 5640 (j)
2360 5572 2676 5640 lloccodeni
2723 5568 2891 5620 utitur
2918 5579 3237 5637 argumento
3270 5570 3748 5624 Dainascenusioc.

2171 5639 2288 5702 cil.,
2325 5657 2514 5705 nempe
2537 5639 2676 5704 quod
2714 5641 2972 5707 Cypi'iiicu
3003 5641 3282 5710 lipipliaiiii
3319 5642 3544 5696 ecclesia
3577 5643 3751 5695 saetis

2174 5714 2327 5782 plena
2367 5710 2690 5780 imaginibus
2722 5727 2779 5762 es
2812 5720 2884 5761 et.
