3994 6430
460 340 567 405 839

1497 334 1559 397 S.
1599 332 2023 398 NICEI’HORI
2062 330 2570 396 PATRIARCHKE
2611 331 2722 395 (ΣΡ.

3623 336 3719 405 stu

462 456 573 508 imo
602 459 656 507 et
683 447 1120 506 anathematibus
1153 454 1208 503 et
1256 446 1597 519 depositione
1640 448 2032 510 adversantes,

2145 446 2240 499 καὶ
2283 445 2395 500 τῶν
2424 445 2629 501 λοιπῶν
2664 447 2874 519 θρόνων
2923 445 3322 517 ἀπεσχισμένοι
3366 439 3506 518 ἦσαν
3542 452 3603 503 ἐκ
3632 453 3719 523 τῆς

460 539 832 614 pontiﬁcatum
851 540 1157 597 abdicavit:
1182 549 1348 611 atque
1372 541 1422 595 in
1446 539 1638 611 primis
1659 539 2041 608 imperatores,

459 634 699 706 seposito
735 644 881 689 metu
901 673 916 699 ,
946 632 1297 696 conveniens,
1334 640 1394 686 ut
1424 630 1576 685 multi
1609 630 1658 685 ei
1697 629 1774 685 rei
1806 644 2043 700 praesen-

462 736 543 781 tes
568 733 622 781 et
642 724 820 779 adhuc
850 724 904 777 in
930 723 1067 778 vivis
1097 730 1318 793 agentes
1352 728 1661 775 testantur:
1686 717 2041 789 Ego,iuquit,

460 832 562 873 nec
593 832 764 887 usque
796 816 862 871 ad
900 816 1005 871 hoc
1052 824 1265 884 tempus
1302 822 1448 868 recta
1480 810 1817 867 conscientia
1850 809 1958 878 fui;
1990 816 2044 864 et

460 918 605 958 nunc
639 903 792 959 vobis
825 903 1080 958 omnibus
1112 902 1396 962 denuntio.
1430 915 1538 966 me,
1579 900 1893 955 dominante
1926 900 2040 954 ha)-

460 995 568 1069 resi
595 1036 612 1063 ,
657 1003 712 1050 ct
748 1011 777 1050 a
812 994 1036 1064 reliquis
1083 993 1302 1049 sedibus
1331 992 1861 1051 excommunicatum
1892 1030 1908 1055 ,
1942 1005 2039 1045 ve.-

459 1094 635 1140 strum
681 1086 823 1140 haud
858 1085 1061 1140 diutius
1110 1085 1423 1155 episcopum
1450 1097 1573 1138 esse
1614 1097 1795 1153 posse.
1833 1082 2040 1150 Quibus

455 1175 639 1243 dictis,
673 1178 832 1244 paulo
855 1185 977 1246 post
1007 1177 1197 1231 morbo
1238 1183 1546 1245 correptus,
1583 1184 1814 1228 mortem
1846 1174 2002 1228 obiit.

2150 537 2276 591 κατ’
2333 538 2499 593 αὐτὸν
2549 537 3005 610 ἀρχιερωσύνης,
3045 537 3355 609 ἀναθέμασι
3405 538 3499 593 καὶ
3543 542 3725 596 καθαι-

2152 629 2337 699 ρέσεσι
2367 629 2912 697 καθυποὸάλλοντες,
2944 629 3303 700 παρῃτήσατο
3346 628 3408 682 τὸ
3437 632 3533 703 τῆς
3572 632 3722 704 ἱερωο
3786 700 3799 703 _

2152 719 2321 791 σύνης
2367 719 2609 791 ἀξίωμα·
2659 720 2755 774 καὶ
2804 722 3025 792 πρῶτον
3076 720 3178 793 μὲν
3209 724 3323 786 τοῖς
3355 739 3416 775 τε
3457 723 3721 793 βασιλεῦσι

2149 812 2437 884 παρρησίᾳ
2459 812 2699 883 ἐντυχὼν
2716 812 2972 884 ὲλάλησε,
2992 813 3066 876 ὼς
3089 811 3276 867 πολλοὶ
3291 813 3401 868 τῶν
3424 813 3501 868 ἔτι
3525 818 3723 883 περιόν-

2145 920 2254 957 των
2296 905 2564 959 αὐτόπται
2597 904 2883 976 γενόμενοι
2926 905 3334 977 μαρτυροῦσιν,
3370 907 3451 960 ὅτι
3495 908 3602 961 Καὶ
3626 909 3721 974 ἕως

2145 992 2241 1045 τοῦ
2269 993 2363 1046 νῦν
2383 994 2484 1047 οὐκ
2511 992 2679 1066 ὀρθὴν
2708 995 3016 1065 συνείδησιν
3045 993 3186 1065 ἔχων
3214 995 3505 1053 διετέλουνο
3530 997 3651 1069 ἀρτι
3668 998 3721 1052 δὲ

2146 1085 2314 1138 πᾶσιν
2345 1086 2474 1155 ὑμῖν
2516 1086 2823 1157 διαγορεύω
2862 1089 2961 1157 τῆς
2992 1086 3259 1158 αἱρέσεως
3292 1088 3713 1160 ἐπικρατούσης,

2146 1172 2685 1248 ἀναθεματιζόμενος
2727 1177 2832 1231 ὑπὸ
2868 1178 2979 1231 τῶν
3007 1177 3214 1231 λοιπῶν
3247 1178 3476 1246 θρόνων,
3508 1179 3721 1233 ἐπίσκο-

456 1272 741 1343 πος-ὐμῶν
768 1268 911 1328 εἴναι
936 1272 996 1326 ού
1025 1270 1286 1344 δύναμαι·
1311 1269 1520 1324 τούτων
1543 1269 1890 1342 λαληθέντων
1957 1271 2079 1341 μετ’
2120 1271 2300 1341 ὀλίγον
2331 1274 2395 1344 τῇ
2436 1272 2581 1344 νόσῳ
2627 1273 3009 1345 συνεχόμενος,
3079 1274 3481 1347 ἐπιλαϐόμενος
3513 1275 3603 1330 τοῦ
3636 1277 3723 1332 θα·

456 1362 617 1419 νάτου
646 1363 740 1436 (Ii).

526 1381 617 1418 του
646 1366 740 1436 (k).

525 1459 582 1519 5.
624 1456 756 1513 Post
785 1458 931 1513 hunc
965 1455 1149 1527 itaque
1195 1465 1398 1527 sancta:
1454 1457 1731 1512 memoria:
1780 1454 2043 1512 Tarasius

456 1549 526 1605 ad
591 1550 987 1606 sacerdotalem
1026 1552 1279 1605 thronum
1328 1560 1642 1620 promotus,
1672 1559 1726 1604 et
1763 1549 1882 1618 ejus
1916 1559 2047 1604 arta-

458 1643 525 1699 tis
577 1642 996 1713 imperatoribus
1050 1643 1248 1697 restitit
1302 1654 1359 1698 et
1413 1643 1625 1698 senatui
1671 1643 2037 1712 universeque

2225 1456 2288 1511 ε’.
2324 1458 2483 1512 Μετὰ
2510 1459 2702 1512 τοῦτον
2724 1454 2819 1513 οὖν
2848 1462 2876 1514 ό
2896 1461 2956 1514 ὲν
2977 1460 3112 1531 ἀγίᾳ
3142 1462 3207 1532 τῇ
3238 1461 3430 1532 μνήμῃ
3462 1461 3723 1534 Ταράσιος

2152 1551 2498 1621 προτραπεὶς
2536 1552 2618 1615 εἱς
2644 1552 2737 1605 τὸν
2768 1551 3044 1623 ἱερατικὸν
3069 1552 3263 1626 θρόνον
3289 1553 3506 1624 ὲνέστη,
3540 1557 3648 1619 τοῖς
3666 1573 3719 1609 τε

2154 1641 2440 1714 βασιλεῦσι
2477 1641 2601 1695 τότε
2627 1642 2721 1696 καὶ
2743 1645 2810 1714 τῇ
2846 1642 3139 1715 συγκλήτῳ
3168 1642 3267 1698 καὶ
3303 1643 3472 1696 παντὶ
3502 1643 3579 1714 τῷ
3617 1645 3722 1715 λαῷ

453 1735 605 1791 urbis
671 1736 869 1806 populo
926 1744 1258 1804 protestatus
1311 1744 1434 1801 est,
1477 1735 1577 1788 nisi
1630 1736 1843 1805 puliltca
1906 1734 2032 1789 ﬁdes

2140 1736 2240 1804 τῆς
2276 1733 2487 1795 πόλεως
2507 1733 2703 1802 λέγων,
2734 1734 2815 1787 ὅτι
2841 1733 2904 1786 Εἰ
2938 1732 3013 1805 μὴ
3045 1733 3428 1806 πληροφορίαν
3459 1733 3607 1788 λάεω
3635 1736 3720 1789 τοῦ

451 1827 555 1881 sibi
603 1826 778 1895 ﬁeret,
820 1826 937 1883 fore
964 1836 1022 1882 ut
1071 1829 1405 1883 oecumenica
1442 1826 1608 1898 269
1631 1829 1871 1899 synodus
1903 1844 2032 1881 cun-

453 1920 764 1974 traheretur
819 1928 931 1978 tum
964 1921 1309 1990 praesentium
1342 1920 1396 1973 in
1444 1920 1658 1985 urbem,
1695 1917 2029 1973 tum'etiam

453 2012 785 2081 reliquarum
820 2012 1030 2067 sedium
1057 2015 1432 2083 episc0porum
1453 2052 1468 2079 ,
1539 2014 1609 2067 ob
1664 2027 1859 2068 novum
1892 2013 2035 2066 hunc

449 2119 690 2159 errorem
724 2103 780 2158 in
835 2103 1077 2159 Ecclesia
1124 2105 1550 2174 corrigendum,
1586 2120 1614 2157 a
1657 2119 1717 2159 se
1756 2118 2033 2169 nunquam

449 2195 826 2264 pontiﬁcatum
886 2196 1186 2250 admissum
1250 2195 1340 2249 iri.
1414 2194 1650 2263 Accepta
1711 2209 1837 2248 vero
1919 2192 2035 2260 ejus

448 2287 529 2342 rei
557 2303 587 2341 a
619 2287 834 2342 cunctis
867 2287 992 2351 ﬁde,
1017 2288 1099 2343 sic
1132 2291 1346 2343 demum
1370 2287 1676 2357 patriarcha
1721 2284 1895 2339 factus
1928 2295 2032 2339 est.

450 2372 586 2431 Tum
619 2376 731 2432 Deo
764 2377 1054 2446 adjuvante
1084 2392 1307 2447 sc0pum
1342 2387 1425 2431 est
1451 2385 1796 2443 consecutus,
1829 2385 1882 2429 et
1906 2390 2034 2446 syn-

447 2468 586 2523 odus
624 2468 860 2537 legitime
889 2481 943 2524 et
976 2468 1272 2523 secundum
1305 2483 1545 2523 canones
1575 2468 1691 2521 luit
1736 2466 2030 2533 celebrata,

447 2558 811 2627 praesentibus
854 2560 1017 2612 etiam
1077 2556 1296 2628 legatis,
1339 2556 1643 2630 litterisque
1688 2555 1965 2623 synodicis
2001 2571 2033 2610 a

447 2647 779 2717 reliquarum
814 2649 1025 2704 sedium
1067 2650 1676 2718 primatibusacccptis.
1713 2648 2031 2702 Decretum-

447 2756 556 2811 que
590 2740 659 2795 ab
707 2741 957 2796 universa
993 2742 1200 2813 synodo
1254 2742 1530 2797 conditum
1580 2740 1717 2805 fuit,
1752 2750 1915 2809 atque
1963 2738 2031 2793 ab

447 2830 703 2886 universo
747 2833 880 2887 orbe
935 2844 1255 2902 receptum,
1308 2834 1392 2887 cui
1448 2834 1611 2886 etiam
1668 2833 2032 2918 inmeratores

447 2921 905 2989 subscripserunt.
946 2921 1021 2977 De
1075 2936 1179 2990 qua
1233 2922 1547 2976 deﬁnitione
1598 2922 1739 2974 haud
1781 2920 1892 2988 jam
1935 2936 2031 2975 cu-

445 3011 592 3067 riose
630 3013 984 3081 quaerendum
1032 3022 1133 3068 est.
1182 3011 1318 3067 Nam
1366 3014 1509 3068 sicut
1558 3012 1780 3082 reliquae
1831 3023 2034 3067 sancta:

444 3116 543 3158 sex
579 3104 772 3175 synodi
821 3104 1164 3160 deﬁnitiones
1205 3119 1335 3160 suas
1380 3096 1709 3171 ediderunt,
1759 3105 1888 3174 quin
1933 3084 2103 3157 ali-C

444 3195 572 3266 quis
623 3195 693 3250 iis
749 3196 1194 3264 contradiceret;
1250 3205 1306 3251 et
1362 3196 1482 3266 ejus
1539 3196 1802 3266 temporis
1863 3195 2036 3264 impe-

446 3289 646 3344 ratoris
668 3328 684 3355 ,
719 3288 1148 3344 sacerdotalibus
1178 3288 1464 3344 sententiis
1500 3288 1900 3359 obsequentes,
1939 3300 2035 3341 eas

446 3381 792 3437 admiserunt
869 3363 1035 3451 atqtte
1123 3381 1453 3446 ﬁrmarunt,
1515 3392 1782 3449 nemoque
1852 3379 2037 3432 ortho-

446 3472 622 3526 doxus
674 3481 795 3539 post
828 3470 1322 3542 promulgationem
1375 3471 1599 3524 dubium
1636 3470 1854 3538 aliquod
1888 3484 2035 3522 com-

403 3576 415 3586 '
448 3562 645 3625 movit,
689 3561 783 3617 sed
831 3573 1089 3633 tanquam
1133 3577 1163 3617 a
1216 3563 1390 3618 sancti
1425 3561 1662 3632 Spiritus
1709 3560 1885 3630 sigillo
1917 3575 2034 3613 mu-

449 3655 563 3708 nita
616 3652 911 3708 Christiani
980 3669 1168 3710 omnes
1227 3668 1348 3723 qua:
1385 3654 1723 3723 promulgata
1771 3660 1896 3707 sunt
1953 3665 2037 3704 re-

447 3756 737 3814 ceperunt;
767 3747 848 3800 sic
879 3745 1042 3801 etiam
1076 3746 1348 3815 praedicta:
1385 3746 1591 3816 synodo
1625 3744 1869 3815 septima:
1903 3758 2036 3799 con-

450 3836 590 3904 tigit,
626 3835 780 3906 cujus
807 3837 1083 3890 decretum
1128 3843 1383 3905 tauquam
1419 3835 1616 3893 divina:
1644 3836 1835 3907 gratia:
1886 3835 2034 3892 fonte

443 3914 791 3993 editumkiu
840 3928 1054 3982 cunctis
1102 3927 1250 3982 orbis
1317 3926 1516 3983 ﬁnibus
1565 3928 1867 3982 admissum
1923 3938 2028 3981 est.

446 4016 662 4086 Alioqui
702 4026 1029 4072 veterenret
1056 4016 1519 4086 prazexsistentem
1553 4017 1606 4070 in
1636 4015 1880 4072 Ecclesia
1918 4026 2031 4070 tra-

441 4108 705 4162 ditionem
731 4126 794 4163 eu
819 4109 1063 4164 deﬁnitio
1085 4109 1465 4175 continuabat,
1491 4110 1737 4179 nihilque
1760 4110 2033 4179 peculiare

444 4198 529 4252 vel
562 4214 757 4252 novum
790 4199 1084 4254 statuebat.
1120 4199 1419 4267 Propterea
1447 4210 1599 4253 extra
1625 4215 1842 4255 omnem
1873 4201 2033 4255 dubi-

443 4291 700 4345 tationem
727 4293 983 4362 synodica
1015 4289 1105 4344 illa
1135 4291 1379 4346 deﬁnitio
1401 4291 1681 4355 observari
1711 4306 1741 4345 a
1766 4289 2032 4347 Christia-

443 4382 528 4435 uis
556 4381 810 4436 omnibus
835 4380 958 4451 jure
996 4381 1299 4450 meritoque
1331 4380 1513 4436 debet.

512 4474 566 4529 6.
611 4473 723 4528 Hac
755 4476 938 4542 itaque
984 4472 1161 4527 fauste
1189 4487 1254 4526 ac
1304 4472 1562 4526 divinitus
1604 4470 1853 4525 absoluta
1897 4485 2029 4540 syn-

442 4568 548 4621 odo
571 4607 586 4632 ,
617 4567 708 4635 qui
745 4566 1002 4635 deinceps
1037 4568 1105 4618 ad
1139 4566 1483 4634 episcopatus
1533 4565 1852 4633 dignitatem
1904 4578 2030 4632 pro-

443 4660 574 4713 moti
614 4657 832 4713 fuerunt
860 4701 874 4720 ,
910 4664 1128 4713 decreto
1172 4657 1250 4712 illi
1301 4658 1539 4713 libenter
1579 4658 1796 4728 pr0pria
1832 4673 2027 4723 manu,

442 4753 741 4806 secundum
776 4751 1077 4818 antiquitus
1128 4750 1380 4804 traditam
1420 4748 1681 4804 Ecclesiae
1733 4756 2028 4805 consuetu-

439 4846 657 4907 dinem,
711 4858 804 4897 sua
835 4844 1067 4912 quisque
1126 4843 1411 4912 praeposita
1443 4855 1639 4904 cruce,
1693 4841 2033 4912 subscripse-

440 4946 571 4993 runt
613 4952 627 4991 :
665 4951 802 5004 quos
852 4937 994 4989 inter
1040 4934 1287 4989 nonnulli
1317 4942 1480 4998 sunt,
1531 4932 1623 5001 qui
1671 4932 1831 4988 hodie
1861 4948 1919 4988 se
1965 4933 2031 4988 de

442 5043 676 5099 corpore
705 5028 961 5083 Ecclesia:
994 5028 1311 5082 avulserunt
1335 5034 1392 5080 et
1423 5025 1829 5091 abalienarunt,
1861 5036 2027 5094 atque

441 5121 517 5176 ita
546 5120 672 5176 latis
698 5121 752 5174 in
784 5119 872 5175 illa
905 5120 1116 5191 synodo
1146 5116 1588 5173 anathematibus
1637 5128 1811 5175 semet
1838 5121 2019 5189 subje-

513 5271 588 5343 (lt)
617 5272 849 5342 Copiose
879 5272 998 5326 haec
1024 5286 1089 5325 ex
1129 5271 1461 5341 Theophane
1491 5272 1735 5342 Cuperus
1774 5278 1825 5330 in
1864 5278 2015 5334 Patr.

437 5343 1089 5419 Cpllsulillili(?_|t0ij1{1lll3,
1139 5346 1266 5396 item
1308 5343 1645 5412 prrzcmius
1682 5347 2017 5419 chronogra—

440 5414 580 5483 phus
612 5428 665 5470 ν.
699 5411 861 5483 9956-
875 5412 1034 5466 9979.

513 5485 597 5557 (I)_
626 5481 764 5534 bibil
808 5486 1051 5557 (Livpcrus
1092 5483 1157 5536 de
1208 5483 1308 5536 hac
1350 5484 1565 5557 egregia
1610 5484 1820 5540 Tarasii
1887 5491 2027 5557 apud

440 5553 694 5619 populum
746 5555 1155 5620 protestatione,
1186 5566 1312 5607 ante
1368 5555 1770 5624 suscipiendum
1817 5553 2032 5629 epist-0.

441 5632 644 5689 patum.

518 5690 598 5759 (ι’)
631 5690 762 5765 God.
795 5691 1025 5765 secunda
1062 5709 1227 5765 manu
1272 5693 1455 5765 ἐτέθη.

513 5765 609 5829 (ιη)
658 5760 1020 5816 Cousidcrent
1058 5763 1173 5818 haec
1232 5760 1537 5822 nostrorum
1572 5781 1786 5837 quoque
1816 5778 2029 5839 tempo-

2141 1825 2401 1896 γενέσθαι
2425 1824 2642 1881 σύνοδον
2663 1824 3054 1898 οἱκουμενικὴν
3083 1826 3488 1897 συνευρισκομέ
3499 1844 3603 1881 νων
3622 1827 3716 1898 ἤδη

2138 1919 2363 1974 καὶτῶν
2385 1917 2589 1971 λοιπῶν
2614 1917 2844 1989 θρόνων,
2869 1918 2957 1971 ἵνα
2986 1918 3046 1971 τὸ
3073 1917 3475 1989 καινοτομηθὲν
3507 1919 3721 1988 σφάλμα

2137 2012 2194 2064 ὲν
2224 2013 2292 2082 τῇ
2344 2008 2645 2080 Ἐκκλησία
2664 2009 2959 2081 διορθωθῇ,
2984 2011 3065 2074 εἱς
3095 2009 3195 2081 τήν
3225 2008 3531 2081 ἱερωσύνην
3558 2011 3722 2080 ἐμαυ-

2137 2101 2229 2153 τὸν
2256 2100 2356 2153 οὐκ
2376 2099 2692 2169 ἐπιδίδωμι’
2717 2099 2812 2153 καὶ
2828 2099 2980 2171 παρὰ
3011 2099 3231 2154 πάντων
3248 2099 3317 2154 τὰ
3341 2099 3442 2169 τῆς
3462 2101 3721 2170 πληροᾳοα

2139 2190 2262 2260 ρίας
2296 2190 2590 2260 δεξάμενος
2637 2188 2783 2243 οὕτω
2814 2189 3227 2263 ’προεχειρίσθη
3286 2192 3581 2262 ἀρχιερεύς
3615 2192 3675 2264 (ί)
3704 2208 3716 2222 ·

2136 2283 2234 2337 καὶ
2263 2282 2399 2337 Θεοῦ
2428 2282 2722 2355 συνεργεὶᾳ
2747 2284 2828 2346 εἱς
2851 2282 3024 2353 πέρας
3054 2283 3350 2354 ὲκόέίῖηκε,
3380 2284 3483 2338 καὶ
3512 2286 3718 2348 σύνοδος

2135 2375 2380 2444 ἐννόμως
2405 2374 2503 2428 καὶ
2525 2374 2830 2438 κανονικῶς
2854 2374 3137 2446 ἐτελέσθη,
3170 2376 3609 2446 συνευρεθέντω)
3633 2379 3720 2431 καὶ

2134 2466 2553 2538 τοποτηρητῶν,
2583 2465 2680 2518 καὶ
2706 2467 3054 2537 γραμμάτων
3079 2467 3376 2521 συνοδικῶν
3406 2469 3514 2522 τῶν
3537 2471 3592 2521 ἐν
3614 2472 3717 2532 τοῖς

2134 2556 2343 2621 λοιποῖς
2374 2557 2586 2627 θρόνοις
2615 2555 2715 2627 τὴν
2748 2557 3167 2628 ἀρχιερωσύνην
3194 2563 3556 2630 κεκτημένων
3582 2577 3595 2590 ·
3622 2559 3710 2613 καὶ

2131 2649 2257 2720 ὄρος
2283 2648 2393 2701 ἀπὸ
2410 2648 2630 2701 συνόδου
2649 2647 2843 2718 ἐδέχθη
2865 2646 2949 2720 (ι’)
2976 2649 3127 2720 παρά
3147 2666 3207 2700 τε
3229 2651 3379 2703 οἰκου
3390 2649 3531 2720 μένῃ
3558 2650 3716 2720 πάσῃ,

2133 2739 2193 2792 ὲν
2214 2730 2258 2806 ᾧ
2280 2738 2378 2793 καὶ
2413 2740 2463 2792 οἱ
2491 2738 2866 2808 βασιλεύοντες
2892 2738 3177 2810 σύμψηφοι
3202 2741 3495 2809 γεγόνασι·
3520 2740 3612 2794 καὶ
3634 2743 3717 2792 τὸν

2133 2829 2382 2885 τοιοῦτον
2412 2831 2539 2902 ὅρον
2566 2831 2627 2885 ού
2667 2829 2774 2903 χρὴ
2806 2831 3303 2903 περιεργάζεσθαι·
3336 2832 3597 2907 καθάπερ
3617 2833 3716 2902 γὰρ

2131 2921 2190 2975 αἱ
2221 2920 2413 2975 λοιπαὶ
2441 2923 2826 2992 οἱκουμενικαὶ
2872 2921 2932 2989 ἒξ
2965 2908 3120 2992 ἅγιαι
3200 2922 3416 2977 σύνοδοι
3447 2925 3604 2996 ὄρους
3639 2925 3711 2977 οἱ·

2133 3013 2318 3077 κείους
2344 3012 2613 3079 ἐξέθεντο,
2658 3013 2754 3067 καὶ
2797 3012 2976 3077 οὐδεὶς
3007 3014 3138 3085 περὶ
3164 3013 3672 3070 τούτωνιάντέπεσε
3688 3029 3706 3085 ξ

2135 3104 2231 3156 καὶ
2278 3104 2328 3155 οἱ
2361 3102 2504 3155 κατὰ
2553 3101 2782 3172 καιροὺς
2810 3101 2921 3172 γὰρ
2950 3100 3338 3172 βασιλεύοντες
3369 3107 3489 3168 ταῖς
3513 3102 3706 3175 ψήφοις

2135 3193 2245 3249 τῶν
2263 3194 2458 3266 ἱερέων
2481 3194 2761 3266 ἑπόμενοι,
2785 3195 2884 3248 καὶ
2906 3193 3240 3260 ἀπεδέξαντο
3262 3195 3358 3248 καὶ
3381 3197 3677 3267 ὲκράτυναν
3694 3210 3708 3224 ⁶

2136 3287 2230 3340 καὶ
2266 3287 2446 3350 οὐδεὶς
2492 3286 2602 3340 τῶν
2646 3286 3078 3357 ὀρθοδοξούντων
3116 3288 3259 3358 μετὰ
3282 3289 3385 3360 τὴν
3416 3287 3713 3360 ἐκφώνησιν

2137 3376 2268 3450 [εἰς]
2299 3378 2715 3449 ἀμφισϐήτησιν
2748 3378 3011 3448 κατέστη,
3046 3378 3164 3433 ἀλλ’
3184 3379 3262 3442 ὡς
3306 3380 3376 3433 ὲκ
3407 3381 3713 3449 Πνεύματος

2137 3468 2294 3538 ἁγίου
2324 3469 2777 3541 σφραγισθὲντων
2812 3469 2924 3524 τῶν
2962 3468 3403 3541 ὲκφωνηθέντων
3440 3472 3637 3532 πάντες
3666 3469 3712 3521 οἱ

2135 3559 2453 3631 Χριστιανοὶ
2486 3558 2759 3626 ἐδέξαντο,
2802 3558 2948 3613 οὕτω
2980 3561 3075 3615 καὶ
3104 3562 3197 3613 ἐπὶ
3227 3563 3329 3632 τῆς
3354 3564 3649 3635 εἰρημένης
3662 3562 3712 3627 ,ζ’

2138 3654 2361 3707 συνόδου
2388 3653 2852 3724 ἐπηκολούθησεν,
2895 3654 2991 3709 καὶ
3036 3655 3112 3718 ῶς
3155 3658 3221 3710 ὲκ
3255 3656 3412 3720 θείας
3450 3657 3664 3729 χάριτος
3687 3657 3712 3707 ὀ

2135 3746 2260 3819 ὄρος
2290 3748 2463 3818 αὐτῆς
2485 3748 2725 3812 ἐκδοθεὶς
2757 3747 3058 3812 ἀπόδεκτος
3081 3747 3304 3818 γέγονεν
3329 3750 3392 3803 ὲν
3419 3752 3584 3805 πᾶσιν
3609 3751 3713 3811 τοῖς

2136 3840 2206 3893 πέ
2215 3856 2390 3911 ρασινο
2406 3839 2582 3904 ἄλλως
2609 3856 2670 3893 τε
2690 3840 2747 3893 δὲ
2765 3839 2861 3893 ιιιαὶ⁸
2889 3838 3122 3912 ἀρχαίαν
3141 3843 3236 3895 καὶ
3255 3843 3710 3914 προϋπάρχουσαν

2135 3931 2194 3984 ὲν
2216 3933 2282 4001 τῇ
2312 3930 2612 4003 Ἐκκλησία
2641 3932 2943 4003 παράδοσιν
2966 3932 3278 3987 ἀνεκαίνισε
3307 3937 3407 3989 καὶ
3434 3936 3708 4008 ἐκράτυνε,

2135 4021 2226 4075 καὶ
2256 4022 2387 4075 ἴδιον
2412 4022 2564 4075 οὐδὲν
2598 4023 3028 4094 ὲκαινοτόμησεν
3052 4038 3066 4053 ·
3105 4022 3295 4078 ἕνεκεν
3315 4029 3512 4080 τούτου
3544 4027 3709 4096 ἀναμ-

2134 4112 2469 4182 φισϐήτητος
2494 4111 2640 4170 κατά
2657 4112 2836 4168 πάντα
2852 4114 3054 4186 τρόπον
3081 4116 3109 4167 ὁ
3125 4117 3248 4171 κατ’
3277 4117 3452 4190 αὐτὴν
3479 4120 3600 4188 ὅρος
3615 4136 3710 4188 φυ-

2132 4202 2426 4256 λάττεσθαι
2459 4204 2613 4274 παρὰ
2661 4203 2775 4257 τῶν
2817 4205 3166 4272 Χριστιανῶν
3215 4207 3446 4273 δικαίως
3506 4208 3709 4278 ὀφείλε-

2131 4311 2223 4346 ται
2264 4292 2361 4364 (m)
2374 4337 2385 4349 .

2211 4496 2286 4554 ς’.
2329 4489 2546 4560 Ταύτης
2567 4485 2660 4545 οὖν
2686 4490 2790 4560 τῆς
2821 4493 2977 4564 ἱερᾶς
3003 4493 3224 4549 συνόδου
3255 4495 3450 4560 αἱσὶως
3484 4496 3577 4551 καὶ⁸
3606 4495 3711 4549 θεο-

2137 4586 2368 4656 πρεπῶς
2397 4585 2771 4657 τελεσθείσης,
2812 4590 2861 4641 οἱ
2908 4587 3051 4653 μετά
3083 4589 3260 4644 ταῦτα
3294 4592 3378 4656 εἱς
3421 4590 3710 4664 ἱερωσύνης

2128 4677 2351 4755 ἀξίωμα
2412 4678 2928 4748 προχειρισθέντες,
2971 4678 3049 4750 τῷ
3092 4681 3185 4734 ὑπ’
3232 4684 3407 4754 αὐτὴν
3442 4682 3708 4738 ἐκτεθέντι

2127 4767 2240 4838 ὅρῳ
2271 4768 2597 4838 στέργοντες
2636 4768 2939 4838 ἱδιοχείρως
2976 4770 3119 4823 κατά
3143 4770 3241 4843 τὴν
3273 4773 3710 4843 παραδεδομένην

2128 4857 2372 4928 ἀρχῆθεν
2399 4859 2691 4928 συνήθειαν
2718 4862 2782 4931 τῇ
2813 4861 3136 4935 Ἐκκλησία,
3157 4865 3285 4928 τοὺς
3301 4865 3541 4928 οἰκείους
3556 4878 3712 4917 σταυ-

2116 4949 2260 5020 σροὺς
2284 4949 2657 5021 προτάξαντες
2697 4951 2774 5023 (ιι)
2808 4952 3137 5024 ὑπέγραψαν
3158 4967 3174 4983 ⁸
3224 4950 3301 5010 ὧν
3328 4960 3438 5012 εἱσι
3476 4958 3570 5011 καὶ
3609 4954 3699 5008 νῦν

2126 5041 2178 5095 οἱ
2215 5040 2448 5104 ἑαυτοὺς
2478 5040 2575 5094 τοῦ
2615 5030 2720 5112 τῆς
2766 5041 3100 5116 Ἐκκλησίας
3140 5048 3514 5122 πληρώματος
3543 5048 3704 5119 ἀπορο

2130 5128 2400 5201 ῥήξαντες
2441 5131 2537 5184 καὶ
2562 5131 3112 5205 ἀπαλλοτριῶσαντες
3142 5139 3367 5203 καὶτοῖς
3390 5142 3450 5192 ὲν
3482 5144 3548 5211 τῇ
3576 5137 3705 5204 αὐτῇ

2127 5298 2250 5366 rum
2287 5284 2664 5366 iconnmacbi;
2697 5289 2906 5366 rideant
2929 5333 2944 5357 ,
2977 5296 3247 5360 quomodo
3288 5297 3554 5366 generalis
3584 5309 3706 5364 syn-

2129 5353 2219 5406 odi
2272 5357 2669 5434 auctoritatem
2706 5353 3258 5434 despiccre'qneant,
3288 5353 3420 5434 quin
3472 5353 3629 5419 simui
3660 5374 3708 5418 et

2132 5434 2361 5505 caeteras
2388 5431 2772 5505 .mcunsenicas
2814 5446 2994 5505 irque
3025 5431 3267 5491 inﬁrmas
3299 5431 3576 5503 judicent;
3609 5449 3707 5505 quo

2132 5493 2296 5573 facto,
2317 5494 2462 5573 ﬁdes
2486 5496 2794 5573 Christiana
2818 5493 3041 5555 corruit.

2205 5565 2280 5645 (n2
2317 5563 2395 5647 liii
2426 5583 2628 5647 moi'ern
2659 5570 2795 5647 apud
2841 5586 2936 5647 nos
2972 5574 3149 5628 adnue
3187 5563 3483 5647 vigentem,
3519 5586 3573 5628 ut
3603 5573 3707 5647 epi-

2132 5636 2281 5717 scopi
2316 5635 2806 5717 subscriptimiibus
2832 5642 2953 5717 suis
2988 5658 3203 5717 crucem
3237 5635 3572 5717 fira'pouant.
3608 5635 3706 5699 Ex-

2132 5712 2276 5780 stant
2308 5714 2484 5780 autem
2510 5709 2717 5780 Concil.
2749 5717 2789 5762 ι.
2832 5708 2939 5776 Vll,
2966 5716 3067 5767 col.
3097 5714 3187 5780 55,
3216 5708 3489 5771 conifessio
3522 5718 3626 5768 lirec
3652 5724 3701 5766 et

2095 5793 2098 5797 ’
2132 5773 2562 5842 subscriptiones
2614 5773 2991 5850 episcoporum
3019 5786 3087 5840 ab
3121 5773 3309 5843 haeresi
3346 5797 3696 5843 reversarum.
