3994 6488
471 435 570 498 ειι

1202 406 1770 491 APOLOGETlCUS
1806 429 2056 491 mxon
2095 429 2244 488 uno
2285 429 2552 490 sacms
2591 428 3072 490 IMAGINIBUS.

3637 425 3744 488 812

472 547 679 616 συνόδῳ
713 542 1185 612 ἀναθεματισμοῖς
1227 541 1454 602 ἑαυτοὺς
1493 538 2004 600 καθυποϐἀλλοντες
2036 555 2049 568 ο

2187 547 2372 592 erunt.
2409 539 2504 592 Est
2531 547 2710 592 autem
2732 537 3064 592 deﬁnitionis
3086 543 3242 592 tenor
3269 535 3372 591 hic.
3403 553 3422 587 ι
3447 535 3745 593 Credcntes

472 639 586 709 ἔχει
621 637 680 690 δὲ
727 638 796 690 τὰ
836 633 1129 688 ἐκτεθέντα
1165 630 1362 694 οὕτως’
1399 650 1416 682 ι
1457 631 1817 693 Πιστεύοντες
1847 633 1927 694 εἰς
1957 630 2054 683 ἕνα

472 713 606 784 Θεὸν
646 727 740 781 τὸν
771 729 828 780 ἐν
855 725 1044 795 Τριάδι
1091 721 1463 792 ὑμνούμενον,
1498 723 1598 784 τὰς
1640 720 1803 789 ἁγίας
1841 719 2058 784 εἰκόνας

473 817 874 890 ἀσπαζόμεθα·
908 817 1004 870 καὶ
1036 817 1086 868 οἱ
1142 815 1218 886 μὴ
1273 811 1450 876 οὕτως
1505 813 1746 882 ἔχοντες,
1803 811 2058 877 ἀνάθεμα

475 911 715 964 ἔστωσαν
741 927 752 940 ·
787 908 882 962 καὶ
913 907 962 962 οἱ
1018 904 1092 976 μὴ
1120 903 1294 965 οὕτως
1341 902 1690 975 φρονοῦντες,
1737 902 1928 973 τιόρρω
1957 901 2058 968 τῆς

488 997 815 1068 Ἐκκλησίας
850 994 1325 1065 ἐκδιωχθήτωσαν·
1351 994 1512 1062 ἡμεῖς
1537 995 1604 1064 τῇ
1632 991 1839 1063 ἀρχαίᾳ
1861 992 2062 1061 θεσμοη

477 1090 632 1162 θεσίᾳ
648 1087 1016 1142 ἐπακολουθοῦ
1027 1100 1147 1156 μεν’
1173 1085 1336 1155 ἡμεῖς
1352 1085 1478 1148 τοὺς
1498 1083 1738 1155 θεσμοὺς
1757 1083 1866 1137 τῶν
1883 1082 2060 1136 Πατέ-

481 1199 588 1252 ρων
623 1176 1036 1248 φυλαττόμεθαο
1057 1177 1218 1247 ἡμεῖς
1247 1175 1372 1238 τοὺς
1395 1175 1808 1245 παρατιθέντας
1837 1174 1870 1245 ἢ
1899 1175 2064 1242 ἀφαι-

481 1269 730 1342 ροῦντας,
767 1269 830 1322 ἐκ
856 1269 954 1337 τῆς
983 1267 1280 1334 καθολικῆς
1311 1265 1644 1336 Ἐκκλησίας
1667 1264 2067 1334 ἀναθεματίζο-

482 1379 600 1432 μεν·
625 1363 786 1430 ἡμεῖς
809 1359 932 1420 τοὺς
961 1358 1038 1428 μὴ
1059 1357 1232 1416 οὕτως
1272 1356 1495 1426 ἔχοντας
1514 1356 1594 1426 τῷ
1623 1357 1926 1426 ἀναθέματι
1965 1373 2066 1409 κα·

479 1450 917 1519 θυποϐἀλλομεν’
935 1451 1046 1511 τοῖς
1065 1447 1470 1518 ἐκλαμϐάνουσι
1494 1448 1594 1510 τὰς
1615 1448 1768 1516 παρὰ
1786 1447 1886 1510 τὰς
1907 1447 2057 1510 θείας

479 1545 702 1616 Γραφὰς
731 1545 918 1614 ῥήσεις
938 1541 1038 1605 τὰς
1063 1541 1204 1594 κατὰ
1225 1540 1335 1594 τῶν
1356 1539 1592 1594 εἰδώλων
1617 1541 1698 1604 είς
1723 1540 1825 1604 τὰς
1859 1540 2067 1616 σεπτάς

479 1637 716 1700 εἰκόνας,
743 1633 1022 1703 ἀνάθεμα·
1048 1633 1162 1697 τοῖς
1189 1630 1529 1686 ἀποκαλοῦσι
1551 1631 1650 1696 τὰς
1675 1632 1830 1704 ίερὰς
1851 1633 2066 1695 εἰκόνας

480 1725 698 1790 εἴδωλα,
719 1724 991 1796 ἀνάθεμα,
1011 1724 1262 1794 ἀνάθεμα
1279 1723 1377 1796 (0).
1393 1743 1411 1776 ι
1437 1722 1626 1777 Ταῦτα
1645 1724 1694 1776 οί
1721 1723 1926 1796 ἀρτίως
1943 1725 2070 1777 ἐαυ-

479 1821 606 1885 τοὺς
641 1819 744 1889 τῆς
775 1818 1106 1890 Ἐκκλησίας
1148 1817 1552 1888 ἀποσχίσαντες
1592 1815 2067 1888 καθωμολόγησαν

2166 643 2328 680 nnnm
2361 626 2526 697 27o
2561 627 2728 688 Deum
2757 627 2808 681 in
2833 625 3101 681 Trinitate
3133 625 3492 690 celebratum,
3523 641 3743 682 sanctas

2163 719 2423 787 imagines
2481 719 2860 790 admittimus;
2914 727 2971 774 et
3020 718 3111 787 qui
3174 718 3334 774 aliter
3391 733 3452 774 se
3505 721 3742 788 habent,

2162 813 2451 868 anathema
2470 813 2609 877 sint;
2633 823 2690 868 et
2713 815 2803 883 qui
2826 813 2986 868 aliter
3007 814 3273 881 sentiunt,
3293 814 3478 884 procul
3501 815 3749 872 Ecclesia

2163 914 2593 974 proterreantur.
2609 906 2718 961 Nos
2737 907 2953 976 quidem
2971 915 3185 961 veteres
3204 905 3419 975 regulas
3437 909 3748 976 sequimur;

2165 1011 2262 1050 nos
2297 994 2518 1050 Patrum
2550 996 2766 1052 decreta
2799 998 3173 1062 custodimus;
3201 1011 3322 1061 nos,
3358 1010 3453 1052 eos
3479 998 3570 1066 qui
3601 997 3754 1064 quid-

2163 1105 2328 1159 quam
2357 1090 2666 1144 addiderint
2689 1101 2782 1144 aut
2805 1091 3160 1154 abstulerint,
3191 1092 3258 1146 de
3277 1091 3546 1147 catholica
3574 1090 3752 1146 Eccle-

2165 1181 2244 1234 sia
2275 1183 2853 1245 excommunicamus;
2904 1197 3026 1246 nos,
3077 1183 3168 1250 qui
3211 1181 3320 1236 alio
3357 1181 3542 1236 animo
3585 1194 3753 1248 sunt,

2166 1271 2876 1340 anathemati.subiicimus.
2931 1274 3234 1328 Anathema
3289 1273 3396 1328 illis
3449 1275 3541 1344 qui
3596 1275 3754 1330 locu-

2168 1363 2346 1418 tiones
2379 1363 2432 1418 in
2462 1363 2663 1419 divinis
2691 1363 2993 1434 Scripturis
3029 1374 3218 1420 contra
3251 1367 3394 1420 idola
3428 1368 3637 1431 dictas,
3686 1369 3756 1422 de

2167 1454 2375 1510 sanctis
2423 1454 2752 1527 imaginibus
2784 1456 2973 1511 volunt
3021 1457 3342 1526 intelligere.
3381 1457 3493 1513 lllis
3526 1461 3618 1528 qui
3666 1475 3757 1514 sa-

2169 1558 2294 1599 cras
2345 1545 2615 1616 imagines
2672 1545 2816 1600 idola
2871 1547 3188 1617 appellant,
3241 1547 3572 1612 anathema,
3626 1565 3761 1603 ana-

2171 1641 2374 1696 thema.
2416 1660 2436 1693 ι
2474 1639 2616 1707 llas,
2653 1642 2912 1711 inquam,
2952 1641 3216 1696 formulas
3246 1640 3342 1704 hi,
3374 1643 3464 1710 qui
3499 1644 3762 1696 adversus

2169 1730 2470 1786 Ecclesiam
2501 1747 2676 1802 nuper
2702 1733 2938 1788 schisma
2967 1731 3236 1797 fecerunt,
3281 1733 3512 1801 professi
3545 1733 3764 1786 fuerant

2169 1838 2268 1894 per
2293 1839 2422 1880 suas
2446 1826 2898 1894 subscriptiones.
2935 1825 3089 1892 Quod
3119 1826 3161 1880 si
3191 1841 3334 1880 nunc
3363 1825 3760 1880 confessionem

481 1912 570 1965 διὰ
585 1911 696 1966 τῶν
711 1911 936 1980 ,οἰκείων
957 1909 1316 1979 ὑπογραφῶν·
1341 1909 1436 1962 καὶ
1453 1911 1500 1963 εί
1518 1907 1810 1982 ἀρνοῦνται
1829 1907 1928 1977 τὴν
1949 1911 2073 1981 ὁμο-

2187 1930 2325 1970 tuam
2361 1925 2562 1986 negant
2585 1955 2602 1982 ,
2635 1917 2669 1971 ii
2697 1918 2932 1986 scriptas
2957 1933 3120 1972 manu
3159 1917 3377 1987 propria
3413 1931 3605 1972 cruces
3637 1934 3764 1977 con-

480 2005 671 2074 λογίαν
691 2004 894 2068 αὐτῶν,
925 2003 1055 2066 τοὺς
1083 2002 1400 2072 ίδιοχείρους
1437 2002 1616 2055 αὐτῶν
1642 2002 1914 2074 σταυροὺς
1959 2020 2067 2056 πα-

480 2096 658 2163 τοῦσι,
677 2099 774 2150 καὶ
788 2099 902 2160 τοῖς
924 2095 1308 2166 προκειμένοις
1331 2094 1667 2164 ἀναθέμασιν
1685 2095 1914 2158 ἑαυτοὺς
1938 2093 2071 2148 καθ·

483 2189 876 2261 υποϐἁλλουσι,
895 2185 1255 2258 καὶοὺδαμῶς
1279 2187 1340 2238 ἐν
1367 2189 1436 2257 τῇ
1463 2185 1760 2258 Ἐκκλησία
1787 2185 2067 2240 ἵστανται*

484 2283 609 2339 ἐπεὶ
647 2283 705 2336 δέ
759 2282 856 2335 καὶ
895 2281 956 2334 τὸ
1013 2279 1194 2350 δόγμα
1237 2279 1339 2347 τῆς
1391 2279 1632 2342 πίστεως
1677 2280 1736 2332 ἐν
1774 2271 1818 2346 ᾧ
1858 2279 2068 2348 ἐχειροο

483 2377 792 2448 τονήθησαν
811 2374 1142 2444 ἠρνήσαντο,
1163 2371 1380 2442 ἀνάγκη
1411 2370 1612 2435 αὐτοὺς
1642 2371 1738 2424 καὶ
1765 2373 1864 2441 τὴν
1891 2387 2074 2442 χειρο·

486 2469 666 2522 τονῐαν
705 2463 1081 2536 ἀρνήσασθαι.
1136 2463 1234 2516 καὶ⁸
1295 2457 1436 2515 εἶναι
1481 2462 1938 2534 καθῃρημένους,
1995 2461 2073 2525 ὡς

487 2555 1126 2632 ἐτεροδιδασκαλοῦνταςο
1151 2557 1248 2610 καὶ
1269 2555 1359 2608 διὰ
1383 2554 1544 2608 τοῦτο
1562 2556 1623 2607 ού
1637 2554 1744 2626 χρὴ
1763 2555 1967 2618 αὐτοὺς
1993 2557 2074 2618 εἰς

487 2651 826 2722 διαλέξειςῆ
885 2651 966 2714 εἰς
1013 2648 1322 2716 ἀντιλογίας
1380 2647 1518 2718 πρὸς
1571 2647 1852 2718 ἱερατικὸν
1903 2647 2076 2718 ἄνδρα

451 2781 454 2786 -
489 2743 744 2816 ἔρχεσθαι
775 2744 884 2812 (ρ)·
915 2742 948 2812 ἢ
1001 2741 1109 2812 γὰρ
1157 2739 1406 2810 συζητῶν
1443 2741 1562 2810 μετ’
1601 2738 1781 2791 αὐτῶν
1819 2738 1952 2810 περὶ
1984 2739 2075 2792 ὁοο

489 2837 716 2906 γμὰτων
737 2833 1235 2905 ἐκκλησιαστικῶν,
1269 2833 1384 2895 τοῖς
1409 2833 1592 2894 αὐτοῖς
1622 2830 1928 2901 ἀναθέμασι
1948 2830 2092 2886 ἦεν-³

492 2931 582 2984 τὸν
637 2928 984 3000 περιϐάλλει.
1031 2925 1198 2994 Αὔξει
1253 2925 1311 2979 δέ
1348 2925 1529 2978 αὐτῶν
1568 2925 1630 2978 τὸ
1669 2924 1949 2995 ἔγκλημα,
1981 2927 2080 2979 καὶ

500 3022 702 3093 μείζων
732 3025 766 3093 ὴ
797 3023 1128 3093 κατάκρισις
1149 3021 1383 3088 γίνεται,
1409 3019 1490 3072 ὃτι
1521 3019 1581 3071 ού
1603 3018 1803 3071 νεωστὶ
1824 3019 2078 3084 ἐπιγνόνο

493 3131 586 3180 τες
611 3117 680 3170 τὰ
701 3115 1034 3184 ζητούμενα,
1067 3113 1182 3166 ἀλλ’
1204 3115 1268 3166 ἐκ
1289 3111 1532 3173 πλείονος
1552 3111 1748 3181 χρόνου
1766 3111 2000 3180 πρᾶγμα
2023 3111 2080 3162 ἐν

492 3211 560 3280 τῇ
597 3207 901 3278 Ἐκκλησία
929 3208 1319 3276 κεκυρωμένον
1359 3203 1562 3265 ἰδόντες
1591 3203 1686 3254 καὶΙ
1716 3202 2078 3271 ὑπογράψανο-

405 3292 408 3301 ’
493 3318 608 3365 τες,
656 3299 922 3362 ἑκουσίως
972 3299 1204 3360 ἑαυτοὺς
1251 3299 1319 3368 τῇ
1371 3295 1695 3364 παρανομίᾳ
1723 3294 1840 3365 ἐπέε

495 3395 597 3448 καὶ
616 3393 791 3447 ταῦτα
817 3391 1136 3446 διδάσκαλοι
1157 3391 1268 3444 τῶν
1303 3389 1403 3460 τῆς
1435 3389 1766 3457 Ἐκκλησίας
1795 3387 2086 3458 δογμάτων

496 3484 967 3556 χρηματίσαντες,
1009 3483 1104 3536 καὶ
1132 3483 1190 3535 ἐν
1227 3483 1294 3552 τῇ
1319 3479 1547 3550 τοιαύτῃ
1571 3479 1759 3549 διδαχῇ
1795 3478 2088 3548 χρονίσαν-

496 3595 612 3642 τες·
632 3578 728 3630 καὶ
743 3577 946 3648 ἑτέρως
971 3576 1028 3629 δὲ
1047 3575 1430 3646 καθῃρημένοι
1451 3571 1783 3642 τυγχάνουσι
1803 3573 1956 3641 παρὰ
1977 3569 2088 3623 τῶν

499 3669 664 3724 θείων
694 3671 957 3732 κανόνων,
992 3669 1070 3732 ὡς
1109 3665 1594 3738 παρασυναγωγάς
1638 3663 1962 3728 ποιοῦντες,
1993 3662 2089 3716 καὶ

498 3762 601 3826 τὰς
631 3762 916 3832 βασιλικὰς
947 3762 1116 3823 ἀκοὰς
1162 3759 1500 3828 διοχλοῦντες
1530 3758 1605 3827 (q)
1629 3772 1644 3788 ’
1681 3755 1866 3810 τέλεον
1899 3755 1956 3808 δέ
1987 3755 2089 3808 αὺ-

499 3856 630 3918 τοὺς
667 3854 953 3908 ἀποκλείει
993 3854 1095 3923 τῆς
1157 3851 1297 3922 πρὸς
1343 3849 1842 3920 ἐκκλησιαστικοὺς
1889 3848 2091 3918 ἄνδρας

499 3949 743 4019 ὁμιλίας,
779 3947 876 4000 καὶ
911 3943 1011 3999 τοῦ
1063 3942 1342 4014 ἱερατικοῦ
1385 3941 1644 4007 συλλόγου
1688 3940 1961 4004 ἐκϐάλλει,
1999 3941 2092 3994 καὶ

501 4043 670 4112 ἕτερα
709 4043 810 4110 μέν
843 4055 986 4102 τινα,
1031 4035 1326 4104 ἐξαιρέτως
1363 4035 1423 4087 δὲ
1452 4035 1522 4087 τὰ
1557 4035 1614 4087 ἐν
1653 4037 1720 4104 τῇ
1751 4033 1884 4103 ἁγίᾳ
1911 4033 2096 4086 οἰκου-

504 4136 704 4204 μενικῇ
726 4137 778 4196 ς’
798 4130 1002 4200 συνόδῳ
1023 4129 1344 4197 ἐγκείμενα,
1367 4124 1554 4195 καθὼς
1587 4123 1911 4194 ἐμφαίνεται
1945 4125 2003 4176 ἐν
2023 4128 2090 4196 τῇ

498 4225 757 4294 συνοδικῇ
785 4221 1041 4290 ἐπιστολῇ
1074 4217 1384 4286 Ἀγάθωνος
1410 4215 1568 4269 πὰπα
1593 4216 1693 4285 τῆς
1710 4213 2093 4287 πρεσϐυτέρας

514 4315 736 4385 Ῥώμης
759 4317 850 4385 (ι’)⁸
885 4311 998 4382 ἔχει
1026 4309 1136 4380 γὰρ
1165 4301 1290 4364 ὧδε·
1326 4324 1346 4358 ι
1383 4305 1577 4368 Ὅστις
1607 4303 1738 4358 ποτὲ
1769 4305 1878 4358 τῶν
1905 4305 2094 4374 ίερέων

503 4408 574 4460 τὰ
595 4409 652 4459 ἐν
667 4409 734 4476 τῇ
755 4404 1020 4476 ὁμολογίᾳ.
1035 4402 1134 4470 τῆς
1151 4401 1430 4472 ἡμετέρας
1455 4396 1810 4468 μετριότητος
1839 4413 1904 4448 πε
1913 4395 2093 4465 ριεχό-

507 4515 648 4569 μενα
703 4497 819 4566 ἅμα
859 4497 995 4564 ἡμῖν
1043 4491 1358 4562 εἰλικρινῶς
1393 4487 1701 4558 κηρύσσειν
1729 4485 2091 4556 ἐπιθυμήσει,

504 4589 634 4660 περὶ
663 4591 728 4658 τῇ
757 4585 1006 4658 ἡμετέρα
1035 4581 1370 4652 ἁποστολικῇ
1403 4580 1610 4644 πίστει,
1645 4579 1722 4639 ὡς
1755 4578 2090 4646 ὁμόφρονας,

1832 3293 2034 3366 ww
2063 3309 2078 3322 ο
2109 3272 2152 3328 (³

2170 2007 2414 2072 culcant,
2463 2023 2632 2079 seque
2687 2009 3019 2078 supradictis
3069 2008 3510 2064 anathematibus
3559 2025 3763 2080 suppo-

2171 2111 2328 2163 nunt,
2361 2108 2526 2168 atqne
2547 2099 2772 2154 omnino
2794 2099 2846 2152 in
2874 2099 3118 2154 Ecclesia
3148 2115 3252 2154 non
3286 2109 3434 2155 sunt.
3461 2099 3597 2166 Quia
3631 2115 3764 2154 vero

2169 2197 2227 2244 et
2261 2189 2389 2245 lldei
2442 2191 2640 2260 dog‘ma
2691 2191 2744 2245 in
2781 2205 2890 2258 quo
2939 2191 3175 2245 ordinati
3225 2189 3414 2256 fuere,
3452 2201 3761 2262 negarunt,

2171 2283 2423 2350 sequitur
2448 2291 2508 2336 ut
2539 2298 2690 2337 suam
2720 2296 2938 2353 quoque
2969 2282 3370 2337 ordinationem
3404 2282 3762 2352 negaverint,

2173 2375 2394 2442 sintque
2453 2373 2712 2444 depositi,
2757 2387 2854 2429 ceu
2911 2373 3104 2428 alienae
3146 2375 3412 2428 doctrinae
3467 2371 3764 2442 magistri;

2175 2465 2406 2535 ideoque
2441 2479 2546 2518 non
2578 2465 2707 2520 licet
2733 2479 2828 2520 eos
2848 2464 2916 2520 ad
2938 2464 3270 2536 colloquium
3307 2465 3394 2518 vel
3417 2453 3768 2532 disceptatio-

2177 2571 2301 2611 nem
2333 2571 2454 2610 cum
2477 2557 2594 2612 viro
2618 2557 2861 2626 quolibet
2887 2557 3212 2612 sacerdotali
3237 2555 3529 2612 admittere
3555 2573 3571 2610 :
3609 2569 3768 2609 secus

2175 2650 2352 2712 enim,
2380 2647 2472 2720 qni
2505 2664 2626 2702 cum
2659 2649 2746 2703 bis
2775 2649 2842 2704 de
2865 2649 3255 2705 ecclesiasticis
3284 2649 3629 2721 dogmatibus
3656 2649 3770 2704 dis-

2178 2743 2472 2810 putaverit,
2507 2742 2698 2796 iisdem
2730 2755 2791 2796 se
2819 2742 3264 2798 anathematibus
3303 2743 3566 2812 implicat.
3597 2739 3767 2797 Porro

2179 2837 2384 2892 crimen
2415 2837 2631 2892 illorum
2663 2837 2922 2910 augebit,
2955 2839 3280 2908 graviorque
3320 2837 3604 2890 damnatio
3643 2833 3766 2899 ﬂet,

2179 2931 2306 2999 quia
2354 2946 2460 2984 non
2513 2946 2687 2999 nuper
2733 2932 3089 3000 qumstionem
3138 2930 3283 2984 hanc
3330 2939 3626 2993 noverunt,
3671 2925 3770 2984 sed

2185 3037 2295 3074 rem
2335 3021 2505 3074 multo
2537 3031 2664 3076 ante
2705 3031 2948 3092 tempore
2984 3023 3038 3076 in
3067 3021 3306 3077 Ecclesia
3339 3022 3639 3086 deﬁnitam,
3678 3021 3770 3077 cui

2181 3116 2346 3168 etiam
2397 3115 2814 3186 subscripsere.
2849 3124 3275 3189 cognoscentes,
3325 3127 3520 3185 sponte
3571 3115 3774 3172 sceleri

2184 3216 2610 3273 consenserunt;
2631 3219 2684 3263 et
2706 3209 2924 3278 quidem
2950 3209 3330 3278 magistrorum
3355 3208 3516 3278 271
3547 3207 3776 3276 dogma-

2192 3299 2422 3354 ticorum
2439 3299 2618 3355 locum
2644 3300 2698 3354 in
2725 3299 2965 3354 Ecclesia
2991 3306 3259 3363 tenentes,
3278 3309 3332 3351 et
3363 3301 3416 3352 in
3440 3299 3542 3352 hoc
3565 3297 3775 3367 magis-

2197 3390 2338 3445 terio
2369 3391 2457 3443 ditt
2492 3389 2714 3446 versati.
2735 3388 2856 3444 Alio
2883 3389 3047 3442 etiam
3079 3387 3235 3443 titulo
3267 3404 3295 3442 a
3329 3387 3527 3443 divinis
3550 3387 3780 3442 canoni-

2193 3479 2291 3534 bus
2320 3487 2777 3543 exauctorantur,
2827 3492 2927 3534 ceu
2972 3479 3064 3548 qui
3111 3479 3470 3533 conciliabula
3519 3477 3777 3549 fecerint,

2191 3582 2248 3626 et
2275 3572 2440 3640 regiis
2475 3569 2702 3626 auribus
2745 3572 2961 3626 molesti
3002 3569 3230 3626 fuerint.
3268 3571 3551 3626 Postremo
3582 3585 3676 3624 cos
3709 3573 3779 3625 ah

2192 3659 2690 3714 ecclesiasticorum
2717 3661 3002 3714 consortio
3033 3659 3349 3726 excludunt,
3369 3671 3424 3715 et
3451 3659 3780 3716 sacerdotali

2193 3762 2337 3805 cmtn
2371 3749 2616 3817 ejicinnt,
2645 3751 2750 3805 alia
2787 3755 3056 3822 quaedam,
3091 3753 3524 3822 nominatimque
3561 3766 3626 3806 ea
3658 3766 3782 3821 quae

2193 3844 2247 3897 in
2291 3851 2442 3898 sexta
2481 3845 2823 3899 mcumenica
2866 3846 3076 3916 synodo
3118 3843 3390 3908 feruntur,
3427 3845 3588 3899 sicuti
3621 3859 3785 3914 appa-

2194 3943 2278 3988 rct
2307 3947 2372 3987 ex
2406 3935 2661 4004 synodica
2691 3933 2922 4003 epistola
2965 3933 3272 4003 Agathonis
3317 3933 3503 3988 [lenne
3549 3935 3783 3988 senioris

2195 4042 2380 4096 papas,
2427 4041 2548 4096 quae
2597 4025 2672 4080 ita
2703 4025 2890 4081 habet.
2945 4044 2964 4076 ι
3000 4026 3276 4094 Quotquot
3323 4025 3670 4092 sacerdotes,
3717 4041 3784 4081 ea

2196 4133 2315 4188 quat
2342 4119 2395 4170 in
2429 4126 2632 4172 nostrae
2663 4117 2986 4172 humilitatis
3029 4116 3374 4172 confessione
3404 4118 3782 4183 continentur,

2197 4211 2480 4266 nobiscum
2506 4210 2720 4266 sincere
2748 4210 3046 4281 praedicare
3068 4209 3337 4265 voluerint
3361 4209 3507 4266 circa
3535 4219 3785 4266 nostram

2197 4301 2548 4372 apostolicam
2574 4302 2736 4358 ﬁdem
2761 4318 2778 4369 ;
2807 4305 2905 4358 hos
2928 4311 2986 4356 ut
3016 4316 3205 4371 parem
3232 4309 3432 4355 nostra:
3458 4301 3786 4363 sententiam

2196 4401 2448 4463 gerentes
2468 4435 2485 4458 ,
2513 4393 2934 4448 consacerdotes
2954 4434 2970 4456 ,
2999 4401 3053 4446 et
3079 4391 3486 4446 cnmministros
3505 4431 3520 4455 ,
3553 4400 3608 4445 et
3636 4389 3757 4461 ejus
3783 4420 3792 4435 η

2197 4484 2319 4539 dem
2357 4484 2482 4538 ﬁdei
2511 4494 2830 4552 consortes;
2875 4492 3036 4554 atque
3070 4492 3129 4537 ut
3159 4482 3485 4551 simpliciter
3516 4485 3784 4548 dicamus,

2199 4586 2256 4632 ut
2282 4576 2560 4646 spiritales
2581 4577 2777 4631 fratres
2791 4586 2845 4632 et
2867 4576 3218 4645 coepiscopos
3233 4585 3452 4630 nostros
3473 4577 3579 4629 reci
3589 4577 3787 4644 pimus.

703 4639 728 4658 ,,
781 4639 812 4658 ,,
935 4639 992 4656 ,,
1345 4639 1370 4652 ,,
1597 4639 1606 4644 .
1789 4639 1802 4646 -
1875 4639 1916 4646 -.
2052 4639 2057 4640 κ

503 4683 582 4744 ὡς
614 4681 908 4750 συνιερεῖς,
941 4677 1018 4737 ὡς
1050 4670 1647 4741 συλλειτουργοὺς,ἰῖ›ς
1670 4669 1770 4739 τῆς
1803 4669 1977 4738 αὐτῆς
2002 4669 2080 4721 πί-

2208 4669 2311 4724 Eos
2345 4683 2474 4724 vero
2511 4670 2600 4734 qui
2637 4669 2710 4723 ita
2749 4667 2999 4725 conﬁteri
3031 4669 3257 4734 nolunt.
3288 4684 3384 4724 ceu
3420 4669 3706 4724 catholica:
3735 4679 3794 4724 et

506 4789 698 4836 στεως,
751 4770 849 4823 καὶ
893 4769 982 4820 ἵνα
1015 4765 1205 4828 ἁπλῶς
1259 4765 1530 4832 εἴπωμεν,
1577 4759 1652 4823 ὼς
1686 4761 2096 4829 πνευματικοὺς

503 4865 769 4934 ἀδελφοὺς
801 4861 896 4914 καὶ
945 4855 1387 4915 συνεπισκόπους
1419 4851 1581 4924 ἡμῶν
1622 4849 1896 4920 δεχόμεθα
1917 4865 1931 4880 °
1969 4848 2097 4911 τοὺς

504 4957 561 5014 δὲ
584 4955 762 5012 ταῦτα
793 4952 1182 5024 συνομολογεῖν
1209 4947 1286 5019 μὴ
1305 4945 1590 5008 θέλοντας,
1635 4944 1712 5006 ὡς
1741 4941 1974 5014 ἐχθροὺς
1996 4941 2097 5010 τῆς

504 5049 805 5119 καθολικῆς
831 5047 926 5100 καὶ
959 5043 1332 5112 ἀποστολικῆς
1366 5038 1687 5112 ὁμολογίας,
1707 5035 1928 5106 ἐνόχους
1955 5031 2098 5088 εἶναι

504 5141 770 5214 κρίνομεν
805 5139 906 5210 τῆς
959 5135 1188 5199 αίωνίας
1241 5132 1661 5204 κατακρίσεως·
1695 5127 1822 5183 οὔτε
1868 5127 1926 5181 δὲ
1969 5129 2100 5191 τοὺς

505 5231 784 5294 τοιούτους
820 5229 954 5284 ποτέ
985 5231 1046 5282 ὲν
1098 5227 1178 5299 τῷ
1243 5225 1488 5295 συλλόγῳ
1515 5225 1617 5293 τῆς
1661 5219 1947 5292 ἡμετέρας
1999 5237 2096 5291 με-

506 5328 814 5400 τριότητος,
842 5327 892 5378 εἰ
933 5322 1010 5394 μὴ
1032 5321 1450 5392 διορθωθέντας,
1483 5317 1877 5386 ἁναδεξόμεθα·

509 5421 780 5491 ελὰϐομεν
815 5418 970 5488 παρὰ
997 5415 1108 5468 τῶν
1133 5413 1616 5486 προηγησαμένων
1655 5410 1828 5482 ἡμᾶς.
1863 5427 1882 5460 ι

586 5534 664 5603 (o)
699 5532 888 5586 Exstat
915 5533 1030 5588 luce
1061 5513 1293 5586 formula
1329 5531 1522 5603 iisdem
1557 5527 1878 5599 plerumque
1925 5528 2108 5584 verbis

515 5605 569 5660 in
587 5599 792 5672 ay'nodo
826 5604 944 5656 Nic.
965 5604 1052 5658 ed.
1087 5602 1218 5656 ιω».
1255 5619 1308 5671 p.
1339 5599 1464 5655 5'75.

590 5665 783 5742 (pllta
809 5685 864 5726 et
904 5689 1029 5728 mox
1051 5687 1172 5740 cap.
1203 5665 1495 5742 9.'lleapse
1522 5668 1796 5742 recusavit
1831 5665 2110 5742 Nicepho-

517 5737 623 5798 ηιξ
645 5737 922 5811 disputare
947 5760 1070 5798 cum
1099 5737 1494 5798 Iconomachis.
1517 5737 1714 5811 (Ignat.
1733 5738 1875 5811 diae.
1902 5739 1958 5791 in
1991 5737 2106 5792 Vita

517 5828 634 5882 epis
675 5807 794 5881 cap.
821 5813 876 5875 6,
907 5811 1006 5879 il;
1041 5823 1096 5868 et
1125 5813 1308 5882 9,54;
1342 5811 1431 5872 10.
1467 5807 1587 5878 61ζὶ
1625 5807 1704 5864 De
1756 5809 2010 5878 dogmate
2055 5811 2106 5862 in

517 5881 869 5940 (ccutnenicts
897 5884 1139 5938 conciliis
1179 5881 1290 5950 jam
1320 5883 1561 5936 deliuito.

906 5977 1174 6040 PATBOL.
1212 5981 1329 6041 Gtt.
1363 5978 1433 6038 C.

2206 4762 2514 4832 apostolicae
2537 4763 2903 4820 confessionis
2933 4765 3114 4820 hostes
3141 4801 3156 4829 ,
3183 4773 3404 4819 αξιοι-ηαξ
3425 4764 3795 4819 damnationis

2209 4872 2332 4912 reos
2359 4871 2480 4912 esse
2497 4856 2830 4927 iudicamus.
2877 4857 3064 4928 Neque
3095 4859 3192 4912 hos
3221 4873 3459 4927 unquam
3489 4859 3556 4913 ad
3595 4866 3796 4912 nostra:

2209 4950 2532 5006 humilitatis
2574 4951 2954 5014 consortium,
3009 4953 3111 5006 nisi
3152 4953 3505 5015 emendatos,
3539 4949 3796 5004 admitte-

2209 5057 2348 5096 mus.
2387 5040 2578 5113 Neque
2622 5058 2754 5100 vero
2803 5045 3078 5114 quispiam
3133 5053 3314 5112 putet,
3357 5058 3456 5097 nos
3497 5042 3792 5111 quidquam

2210 5145 2397 5186 eorum
2449 5137 2754 5205 transgredi
2784 5178 2798 5202 ,
2830 5151 2950 5206 qua:
2992 5152 3020 5190 a
3059 5137 3378 5204 majoribus
3408 5134 3608 5188 tradita
3639 5141 3816 5186 aet-e-‘

2209 5237 2410 5289 pimus.
2448 5241 2467 5273 ι

1978 5315 2113 5386 μηδὲ
2156 5317 2475 5388 παραϐῆναι
2513 5321 2664 5392 ἡμᾶς
2693 5338 2777 5384 τις
2842 5320 2902 5384 ἐξ
2934 5320 3114 5374 αὐτῶν
3177 5318 3472 5382 ὑπολάϐοι,
3503 5320 3641 5389 ὅπερ
3661 5335 3798 5390 προο-

2289 5531 2364 5601 (q)
2413 5531 2491 5586 Ex
2528 5531 2828 5586 canonibus
2883 5533 2972 5592 Η,
3009 5542 3066 5586 et
3132 5531 3220 5585 192.
3270 5532 3655 5598 Antinchenis,
3704 5533 3799 5600 qui

2216 5602 2430 5673 suntin
2488 5603 2688 5673 Photii
2720 5603 3086 5673 Syntagutate
3113 5603 3254 5672 apud
3301 5619 3400 5656 nos
3445 5603 3630 5668 Spicil.
3666 5619 3802 5660 rom.

2217 5681 2254 5725 t.
2292 5669 2400 5730 VII.
2427 5688 2480 5742 p.
2513 5672 2640 5737 200,
2667 5669 2794 5726 20f.
2825 5669 3026 5728 Confer
3060 5669 3284 5734 ibidem,
3315 5689 3368 5742 p.
3396 5673 3517 5726 l24.

2395 5743 2687 5865 [δὲὶῗιιιὲθᾶη
2717 5745 2947 5799 concilio
2984 5755 3142 5800 sexto
3178 5746 3518 5798 metut-cnice
3551 5743 3637 5798 cd.
3673 5742 3805 5798 ιλιι).

2216 5821 2257 5869 ι.
2291 5811 2388 5881 Vl,
2416 5814 2522 5870 col.
2552 5811 2676 5868 690.

3363 5973 3437 6034 2⁵(
