3994 6422
425 396 535 459 843

1453 394 1511 452 S.
1555 390 1968 451 NICEPHORI
2013 389 2519 449 PATRIARCHE
2557 391 2665 450 (ΞΡ.

3568 390 3667 455 846

501 512 555 568 7.
591 509 779 579 Majuri
808 517 989 564 autem
1026 510 1148 565 illos
1193 509 1527 565 damnationi
1572 507 1876 571 obnoxios,
1919 507 1994 561 di-

2180 505 2244 570 ζ’.
2288 504 2511 569 Μείζονι
2549 506 2603 558 δὲ
2658 506 2854 568 αὐτοὺς
2909 504 3177 576 καταδίκῃ
3237 504 3526 575 δεσμίους,
3578 509 3669 560 καὶ

427 602 673 671 vinaque
715 600 809 655 irae
861 611 1131 657 merentes
1170 602 1529 666 constituunt,
1565 608 1621 655 et
1671 615 1739 654 ne
1777 600 2001 653 salutari

427 692 643 762 quidem
667 691 989 759 paenitentia
1020 693 1209 761 dignos
1232 690 1543 756 ostendunt,
1571 705 1636 744 ca
1665 704 1786 759 qua:
1820 690 2003 743 mundi

430 784 614 838 lumen
666 782 941 848 Joannes,
988 783 1076 851 qui
1134 781 1302 851 regiae
1353 780 1505 834 urbis
1535 780 1719 833 sedem
1751 779 2001 845 ornavit,

427 874 887 945 Chrysostomus,
922 876 1140 943 inquam
1170 911 1186 936 ,
1222 872 1273 925 in
1324 871 1577 940 Epistolas
1613 870 1722 925 divi
1776 869 2002 938 apostoli

428 965 582 1021 Pauli
629 966 698 1021 ad
732 966 993 1033 Ephesios
1040 963 1425 1031 explanatione
1466 961 1790 1030 jampridem
1831 960 2000 1023 dixit,

428 1073 547 1126 quae
579 1059 651 1110 ita
699 1072 758 1110 se
788 1057 1024 1109 habent:
1059 1073 1079 1106 ι
1115 1052 1259 1108 Nihil
1295 1055 1431 1108 adeo
1464 1054 1662 1122 poterit
1702 1051 2001 1107 Ecclesium

426 1149 708 1210 scin-lere,
745 1156 802 1199 ιιι
833 1146 1142 1200 dominandi
1178 1161 1351 1200 amor.
1383 1144 1527 1199 Nihil
1569 1145 1639 1197 ita
1673 1142 1837 1197 Deum
1874 1158 2002 1198 exa-

429 1247 632 1305 sperat,
664 1249 828 1305 quatn
862 1234 905 1288 si
961 1234 1014 1288 iu
1065 1233 1359 1288 Ecclesium
1412 1232 1648 1287 schistna
1693 1231 1997 1286 invehatur.

426 1326 652 1382 Etiamsi
686 1342 783 1380 nos
814 1326 1232 1380 innumerabilia
1263 1325 1406 1380 bona
1440 1322 1767 1387 fecerimus,
1799 1323 2001 1378 nihilo-

426 1421 641 1485 minus,
697 1419 742 1473 si
792 1418 1158 1487 integritatem
1208 1417 1635 1472 ecclesiasticam
1675 1416 2004 1471 mutilaveri-

424 1527 587 1575 mus,
638 1511 779 1564 haud
830 1510 1062 1563 leviores
1109 1522 1301 1577 pinnas
1340 1507 1590 1561 dabimus
1624 1521 1786 1575 quam
1824 1505 1858 1560 ii
1908 1505 1999 1573 qui

427 1606 604 1673 ipsum
634 1601 839 1655 Christi
874 1614 1072 1669 corpus
1100 1599 1282 1653 cresim
1334 1597 1642 1651 violarunt:
1695 1598 1810 1651 lucc
1853 1597 1996 1650 enim

424 1692 600 1747 caades
653 1690 812 1744 saluti
858 1689 1058 1742 mundo
1107 1685 1228 1751 fuit,
1279 1685 1380 1739 etsi
1433 1692 1629 1751 praeter
1673 1682 1997 1737 caedentium

424 1781 782 1836 voluntatem.
818 1776 1068 1832 Schisuta
1104 1786 1286 1828 autem
1318 1774 1608 1827 utilitatem
1628 1772 1869 1836 .nullam,
1908 1770 1998 1824 de-

2108 594 2260 658 θείας
2286 596 2457 666 ὀργῆς
2494 598 2713 666 ἐνόχους
2748 595 3066 665 καθίστησι,
3112 596 3206 650 καὶ
3232 597 3353 650 οὐδὲ
3390 599 3667 667 μετανοίας

2106 686 2138 757 ἢ
2174 689 2451 758 σωτηρίας
2479 687 2664 753 ἀξίους
2700 689 2955 756 γενέσθαι
2985 689 3278 758 ἀποφαίνει
3310 691 3404 743 καὶ
3429 690 3495 743 τὰ
3526 692 3669 760 παρά

2105 776 2199 831 τοῦ
2239 777 2487 831 Ἰωάννου
2523 777 2617 830 τοῦ
2671 778 2774 847 τῆς
2818 778 3146 849 οἰκουμένης
3197 777 3549 849 λαμπτῆρος,
3582 781 3671 832 καί

2105 869 2196 922 τὸν
2233 870 2333 939 τῆς
2359 869 2632 940 βασιλίδος
2662 870 3046 939 κοσμήσαντος
3090 869 3281 940 θρόνον
3326 871 3420 923 τοῦ
3463 872 3668 941 Χρυσο-

2106 959 2307 1029 στόμου
2338 963 2395 1014 ὲν
2421 964 2487 1032 τῇ
2514 960 2784 1032 ἑρμηνείᾳ
2814 960 2916 1030 τῆς
2948 960 3086 1030 πρὸς
3113 960 3398 1030 Ἐφεσίους
3433 962 3671 1014 Ἐπιστο-

2103 1054 2203 1123 λῆς
2234 1054 2327 1108 τοῦ
2352 1054 2500 1107 θείου
2540 1054 2841 1108 ἀποστόλου
2889 1051 3105 1106 Παύλου
3160 1052 3352 1123 πρώην
3387 1054 3668 1123 λεγόμενα,

2104 1147 2429 1216 περιέχοντα
2463 1146 2638 1209 οὕτως
2701 1144 2802 1217 (ε)⁶
2842 1162 2861 1196 r
2908 1143 3075 1199 Οὐδὲν
3124 1144 3300 1207 οὕτως
3353 1145 3673 1217 Ἐκκλησίαν

2102 1237 2385 1307 δυνήσεται
2415 1239 2666 1306 διαιρεῖν,
2698 1237 2774 1300 ῶς
2810 1235 3107 1306 φιλαρχία·
3145 1235 3303 1289 οὐδὲν
3329 1235 3502 1299 οὕτως
3535 1253 3668 1308 παρέ

2102 1326 2280 1391 οξύνει
2324 1328 2418 1380 τὸν
2474 1327 2632 1391 Θεὸν,
2675 1326 2752 1389 ὡς
2804 1326 2866 1379 τὸ
2908 1325 3242 1395 Ἐκκλησίαν
3293 1307 3665 1396 διαιρεθῆναι-ο

2103 1420 2207 1473 κᾶν
2240 1418 2411 1489 μυρία
2437 1413 2591 1488 ὦμεν
2635 1418 3009 1489 ἐργασάμενοι
3049 1417 3229 1484 καλὰ,
3280 1417 3389 1470 τῶν
3427 1417 3488 1470 τὸ
3519 1418 3673 1487 σῶμα

2101 1513 2266 1567 αὺτοῦ
2300 1513 2666 1583 διατεμόντων
2690 1514 2788 1566 οὐκ
2806 1513 3069 1566 ἐλάττονα
3090 1511 3340 1582 δώσομεν
3359 1511 3518 1579 δίκην
3539 1513 3585 1563 οἰ
3609 1511 3668 1563 τὸ

2104 1605 2379 1675 πλήρωμα
2423 1606 2825 1675 κατατεμόντες
2865 1605 2926 1658 τὸ
2972 1603 3429 1675 ἐκκλησιαστικὸν
3452 1619 3465 1632 ·
3503 1605 3673 1656 ἐκεῖνο

2104 1694 2204 1765 μὲν
2231 1696 2342 1764 γὰρ
2382 1694 2475 1746 ὲπί
2519 1694 2701 1765 κέρδει
2744 1694 2844 1764 τῆς
2886 1694 3218 1762 οἰκουμένης
3246 1693 3485 1760 ἐγένετο,
3508 1694 3599 1746 καί
3626 1696 3670 1746 εἰ

2105 1786 2179 1855 μὴ
2209 1785 2317 1837 ἀπὸ
2337 1784 2579 1849 διανοίας
2607 1786 2864 1855 τοιαύτης
2888 1803 2903 1817 ·
2937 1785 3097 1838 τοῦτο
3142 1785 3200 1838 δὲ
3228 1785 3383 1838 οὐδὲν
3427 1784 3672 1854 οὐδαμῶς

426 1872 738 1927 trimeutum
769 1868 1060 1937 plurimum
1093 1865 1271 1921 affert.
1326 1865 1457 1918 Haec
1492 1881 1520 1917 a
1560 1880 1644 1919 tne
1674 1864 1818 1918 dicta
1870 1871 1994 1917 sunt

2099 1848 2455 1946 ’τὸ-χρήσιμον
2486 1876 2623 1948 εχει,
2673 1848 3068 1947 ἀλλά-βλάϐην
3116 1874 3357 1946 πολλήν·
3388 1848 3670 1942 ταῦτάτμοι

422 1976 529 2017 non
574 1962 894 2032 prtesulibus
937 1968 1167 2021 tantum,
1203 1972 1389 2012 verum
1420 1956 1583 2010 etiam
1616 1954 1869 2009 subditis.
1904 1953 1999 2008 Vir

421 2067 601 2112 autem
633 2053 852 2123 quidam
885 2059 1141 2115 sanctus,
1174 2047 1393 2105 ellatum
1434 2049 1652 2118 protulit
1681 2049 1862 2115 specie
1910 2062 2001 2100 au-

419 2147 548 2210 dax,
574 2146 667 2199 sed
697 2154 874 2197 tamen
904 2141 1162 2210 protulit;
1199 2153 1389 2208 nempe
1418 2154 1483 2192 ne
1503 2130 1745 2210 martyrii
1776 2137 1995 2207 quidem

420 2239 684 2305 sanguine
714 2236 820 2290 hoc
861 2243 1145 2301 peccatum
1184 2232 1311 2285 elui.
1358 2231 1452 2285 Dic
1495 2232 1641 2285 enim
1692 2230 1856 2296 mihi,
1899 2244 1998 2283 cur

422 2329 739 2401 martyrium
774 2336 827 2382 tu
856 2324 1030 2381 facis?
1056 2338 1236 2379 nonne
1260 2326 1331 2378 ob
1357 2323 1586 2393 gloriam
1614 2322 1817 2377 Christi
1841 2320 1864 2373 ?
1886 2320 1997 2376 Cur

418 2434 552 2490 ergo
572 2419 864 2474 Ecclesium
887 2418 1125 2481 subruis,
1138 2431 1240 2487 pro
1261 2430 1363 2485 qua
1382 2415 1547 2467 vitam
1572 2427 1725 2469 suam
1744 2412 1996 2468 Christus

418 2508 689 2583 projecit?
734 2508 873 2564 Audi
918 2508 998 2563 sic
1040 2507 1264 2561 Paulum
1312 2505 1663 2574 loquentem:
1699 2500 1825 2558 Non
1878 2520 1995 2558 sum

418 2602 610 2671 dignus
652 2601 827 2654 uocari
878 2599 1178 2668 apostolus,
1238 2598 1490 2668 quoniam
1525 2606 1828 2666 persecutus
1877 2612 1993 2649 sum

416 2687 714 2749 Ecclesium
747 2690 866 2754 Dei,
901 2706 1116 2761 eamque
1156 2689 1504 2757 depoyulatus
1538 2689 1577 2744 ί.
1620 2687 1735 2742 Νοιι
1766 2699 1849 2743 est
1881 2688 1994 2741 haec

419 2784 599 2840 minor
635 2782 785 2837 labes
807 2822 825 2849 ,
864 2797 1027 2851 quam
1057 2796 1177 2850 qua!
1207 2782 1276 2835 ab
1307 2780 1542 2834 inimicis
1587 2779 1851 2845 infertur;
1888 2780 1994 2831 imo

417 2873 589 2931 multo
628 2872 824 2941 major.
862 2872 987 2927 Haec
1016 2873 1161 2925 enim
1194 2872 1614 2941 splendidiorem
1649 2870 1777 2924 facit
1810 2870 1995 2923 Eccle-

415 2966 579 3029 slam,
608 2964 697 3019 illa
729 2979 858 3018 vero
883 2965 1049 3035 etiam
1085 2979 1268 3019 coram
1304 2963 1540 3019 inimicis
1568 2961 1841 3031 perfundit
1874 2976 1991 3014 eam

406 3058 657 3127 pudore,
695 3070 819 3110 cum
858 3070 889 3109 a
922 3056 1155 3124 propriis
1196 3054 1322 3109 filiis
1368 3062 1734 3124 oppugnatur.
1772 3052 1992 3108 Grande

415 3146 562 3201 enim
591 3145 796 3199 erroris
830 3145 1089 3198 iudiciutn
1120 3160 1230 3213 prae
1273 3159 1332 3199 se
1358 3143 1561 3208 ferunt,
1596 3146 1687 3213 qui
1725 3144 1778 3197 in
1807 3157 1870 3198 ea
1897 3157 1991 3212 ge-

417 3235 516 3292 niti
549 3247 711 3306 atgue
737 3236 949 3298 nutriti,
978 3235 1205 3305 ejusque
1243 3250 1443 3291 arcana
1486 3236 1662 3290 edocti
1686 3274 1700 3298 ,
1735 3250 1994 3305 perverso

416 3341 545 3382 mox
575 3325 779 3397 judicio
806 3328 1041 3389 mutati,
1087 3334 1306 3395 repente
1332 3340 1393 3380 se
1431 3326 1483 3379 in
1521 3326 1759 3380 hostium
1799 3339 1992 3392 agmen

414 3419 730 3485 conjiciunt.
776 3416 901 3473 Haec
953 3433 986 3471 a
1046 3433 1133 3472 me
1186 3418 1329 3471 dicta
1397 3419 1508 3473 sint
1574 3418 1835 3471 adversus
1901 3429 1995 3469 eos

415 3510 508 3581 qui
562 3509 717 3564 facile
764 3525 823 3563 se
877 3509 1195 3564 consociant
1255 3508 1586 3564 facientibus
1643 3508 1696 3561 in
1752 3504 1992 3562 Ecclesia

412 3599 675 3656 schisma.
709 3618 728 3650 ι
763 3596 1035 3654 Hactenus
1060 3601 1337 3670 magister.

486 3888 652 3959 272
690 3885 744 3942 8.
786 3886 938 3953 Quod
974 3887 1022 3943 si
1060 3886 1198 3942 forte
1234 3887 1288 3942 hi
1339 3886 1672 3942 schismatici
1706 3888 1891 3941 dicunt
1932 3902 1994 3942 se

421 3980 687 4035 hactenus
722 3979 1079 4033 idololatriam
1099 3981 1455 4045 commisisse,
1489 3979 1788 4033 idololatra:
1809 3981 1994 4049 utique

413 4069 813 4135 existimentur,
832 4078 888 4123 et
914 4069 1021 4123 siut
1046 4070 1445 4133 catcchumeni,
1482 4085 1822 4138 nequaquam
1851 4086 1980 4124 vero

413 4177 535 4215 cum
567 4159 893 4215 Christianis
942 4160 1296 4213 misceantur.
1327 4159 1462 4214 Nam
1507 4171 1657 4215 certe
1709 4162 1813 4216 hoc
1860 4164 1992 4231 ipsis

414 4253 675 4322 proderit,
698 4251 741 4305 si
768 4251 1116 4305 consiliorum
1141 4266 1360 4306 suorum
1394 4264 1724 4322 acutumque
1750 4254 1992 4308 stultitiae

410 4358 507 4397 cos
544 4345 837 4411 pmniteat;
877 4343 951 4397 ita
989 4343 1205 4397 etiamsi
1230 4358 1343 4397 rem
1370 4359 1525 4398 suam
1567 4358 1671 4398 non
1702 4346 1840 4401 bene
1862 4360 1985 4414 ges-

411 4435 603 4500 serint,
650 4436 843 4489 saltem
876 4434 1112 4503 ipsorum
1168 4436 1543 4506 paenitentiam
1592 4438 1831 4493 Ecclesia
1863 4454 1988 4492 sus-

2097 1966 2217 2036 ούχί
2267 1966 2404 2035 πρὸς
2459 1970 2585 2030 τοὺς
2638 1968 2906 2037 ἄρχοντας
2934 1968 3148 2037 εἴρηται
3210 1967 3396 2036 μόνον,
3428 1965 3558 2019 ἀλλὰ
3585 1968 3671 2017 καί

2098 2056 2235 2127 πρὸς
2266 2056 2391 2118 τοὺς
2428 2056 2791 2126 ἀρχομένους.
2848 2056 3015 2127 Ἀνὴρ
3044 2056 3100 2108 δέ
3149 2075 3234 2121 τις
3275 2058 3431 2126 ἇγιος
3475 2054 3591 2111 εἶπέ
3621 2074 3669 2109 τι

2095 2145 2287 2199 δοκοῦν
2322 2141 2463 2200 εἶναι
2491 2148 2786 2218 τολμηρὸν,
2817 2148 2957 2219 πλὴν
2988 2148 3105 2201 ἀλλ’
3145 2150 3294 2218 ὅμως
3333 2150 3630 2219 ἐφθέγξατο
3653 2162 3668 2177 ⁸

2093 2237 2215 2289 οὐδὲ
2251 2237 2552 2308 μαρτυρίου
2575 2232 2716 2307 αἷμα
2738 2239 2943 2309 ταύτην
2989 2240 3125 2310 φησὶ
3162 2240 3260 2311 τὴν
3291 2241 3566 2312 ἁμαρτίαν
3591 2237 3672 2303 ἐξ-

2093 2329 2337 2398 αλείφειν
2364 2344 2377 2357 ’
2414 2330 2536 2382 εἰπὲ
2562 2329 2671 2400 γάρ
2706 2348 2819 2400 μοι,
2856 2331 3002 2396 τίνος
3030 2333 3217 2386 ἕνεκεν
3251 2333 3548 2403 μαρτυρεῖς
3571 2347 3585 2396 ;
3611 2332 3669 2383 ού

2092 2421 2181 2475 διὰ
2228 2422 2325 2490 τὴν
2376 2419 2537 2484 δόξαν
2564 2420 2661 2473 τοῦ
2705 2423 2984 2493 Χριστοῦς
3037 2423 3154 2487 πῶς
3203 2423 3304 2492 τὴν
3347 2421 3669 2493 Ἐκκλησίαν

2095 2512 2337 2585 πορθείς,
2367 2513 2507 2584 ὑπὲρ
2539 2508 2608 2584 ἦς
2638 2513 2735 2584 τὴν
2756 2514 2936 2585 ψυχὴν
2967 2515 3135 2569 αὑτοῦ
3180 2514 3468 2587 προήκατο
3491 2516 3519 2567 ὁ
3546 2515 3670 2583 Χρι-

2096 2607 2250 2673 στό;;
2275 2606 2474 2658 ’Λκουε
2507 2604 2683 2659 ταῦτα
2721 2605 2937 2660 Παύλου
2991 2606 3240 2677 λέγοντος
3271 2609 3354 2661 ὅτι
3405 2610 3527 2661 Οὐκ
3558 2604 3670 2674 εἰμὶ

2092 2698 2261 2763 ἄξιος
2315 2699 2629 2754 καλεῖσθαι
2666 2700 3035 2767 ἀπόστολος,
3091 2700 3244 2754 διότι
3296 2700 3517 2765 ἐδίωξα
3563 2699 3671 2765 τὴν

2106 2788 2481 2854 Ἐκκλησίαν
2511 2789 2616 2841 τοῦ
2662 2789 2812 2843 Θεοῦ
2842 2791 2943 2842 καί
2981 2791 3285 2859 ἐπόρθουν
3310 2788 3532 2856 αὑτήν.
3560 2787 3669 2840 Οὐκ

2092 2878 2240 2932 ἐστιν
2288 2877 2427 2951 αῦτη
2492 2881 2735 2933 ἐλάσσων
2791 2883 2825 2950 ή
2872 2882 3044 2953 βλάϐη
3104 2882 3207 2951 τῆς
3261 2882 3399 2952 παρ’
3438 2879 3666 2952 ἐχθρῶν,

2093 2972 2229 3026 ἀλλά
2254 2972 2389 3027 πολὺ
2422 2974 2626 3044 μείζων
2648 2992 2660 3004 ·
2693 2976 2879 3044 εκείνη
2908 2976 3004 3046 μὲν
3029 2976 3138 3047 γὰρ
3163 2976 3262 3029 καὶ
3281 2974 3669 3046 λαμπροτέραν

2096 3065 2417 3135 ἐργάζεται,
2451 3065 2593 3136 αῦτη
2616 3067 2674 3120 δὲ
2723 3067 2929 3137 ταύτην
2964 3070 3056 3123 καὶ
3097 3068 3250 3137 παρά
3303 3070 3424 3132 τοῖς
3465 3067 3671 3138 ἐχθροῖς

2096 3156 2477 3226 καταισχύνει,
2513 3159 2641 3211 ὅταν
2664 3160 2767 3212 ὑπὸ
2800 3160 2907 3213 τῶν
2933 3161 3076 3214 ἰδίων
3097 3162 3305 3214 τέκνων
3327 3161 3667 3229 πολεμεῖται·

2100 3249 2242 3317 μέγα
2272 3250 2380 3319 γὰρ
2417 3249 2618 3319 δεῖγμα
2663 3252 2879 3321 ἀπάτης
2906 3248 3045 3305 εἶναι
3076 3252 3206 3323 παρ’
3237 3254 3426 3315 αὐτοῖς
3469 3252 3530 3304 τὸ
3551 3250 3671 3314 τοὺς

2097 3339 2458 3410 γεννηθέντας
2488 3342 2548 3393 ὲν
2569 3342 2706 3411 αὐτῇ
2737 3344 2830 3395 καὶ
2850 3344 3160 3413 τραφέντας
3179 3345 3274 3398 καὶ
3297 3345 3369 3397 τά
3391 3343 3670 3414 ἀπόρρητα

2095 3432 2268 3502 αὐτῆς
2305 3433 2718 3504 μεμαθηκότας,
2753 3435 3018 3505 ἀκρίτους
3040 3436 3067 3474 ι)
3089 3435 3312 3498 τούτους
3342 3432 3671 3505 μεταϐαλλο-

2098 3524 2315 3595 μένους,
2344 3523 2607 3593 ἐξαίφνης
2632 3525 2702 3577 τά
2729 3526 2838 3578 τῶν
2870 3525 3083 3597 ἐχθρῶν
3114 3526 3288 3596 αὐτὴν
3315 3523 3666 3579 διατίθεσθαι·

1978 3652 1983 3659 -
2095 3614 2271 3670 ταῦτά
2303 3634 2396 3685 μοι
2444 3616 2581 3685 πρὸς
2632 3617 2760 3677 τοὺς
2802 3616 3113 3688 ἀδιαφόρως
3161 3617 3407 3679 διδόντας
3449 3614 3671 3673 ἑαυτοὺς

2094 3709 2209 3770 τοῖς
2244 3707 2487 3777 σχίζουσι
2539 3707 2638 3778 τὴν
2692 3707 3040 3779 Ἐκκλησίαν.
3084 3726 3101 3758 ι
3135 3708 3246 3760 Καὶ
3280 3706 3459 3761 ταῦτα
3516 3704 3614 3777 μὲν
3641 3701 3670 3757 6

2094 3799 2436 3864 διδάσκαλος.

2165 3918 2235 3982 η’.
2274 3914 2333 3964 Εἰ
2358 3911 2415 3965 δὲ
2432 3912 2787 3982 ὁμολογοῦσιν
2808 3912 3267 3983 εἰδωλολατρῆσαι
3291 3910 3400 3981 πρὸ
3417 3910 3510 3964 τοῦ
3535 3924 3669 3979 παρ-

2093 3998 2249 4062 όντος
2298 4001 2514 4069 καιροῦ,
2568 4002 2644 4065 ὡς
2695 4002 3078 4074 εἰδωλολάτραι
3142 4000 3540 4071 κρινέσθωσαν,
3582 3995 3670 4051 καὶ

2093 4088 2340 4143 ἔστωσαν
2383 4091 2818 4161 κατηχούμενοι,
2860 4092 2955 4144 καὶ
3007 4090 3144 4161 μετὰ
3199 4087 3547 4160 Χριστιανῶν
3596 4085 3666 4156 μὴ

2097 4178 2484 4248 μιγνύσθωσαν
2504 4196 2519 4211 ο
2563 4179 2788 4250 ἀρκέσει
2818 4178 2927 4248 γὰρ
2960 4179 3143 4242 αὐτοῖς
3171 4179 3268 4231 καὶ
3291 4176 3454 4231 τοῦτο
3483 4176 3531 4229 εἰ
3562 4189 3666 4244 με·

2091 4266 2452 4339 ταμεληθεῖεν
2491 4266 2579 4334 ἐφ’
2638 4261 2720 4330 οἷς
2780 4267 3025 4330 ἀϐούλως
3050 4300 3057 4305 ι
3084 4268 3423 4338 ἑμελέτησάν
3468 4282 3529 4319 τε
3577 4263 3666 4317 καὶ

2093 4355 2336 4428 ἔπραξαν
2362 4370 2377 4386 °
2406 4354 2597 4425 ὥσπερ
2634 4357 2683 4407 εἰ
2718 4357 2792 4426 μὴ
2825 4359 2894 4409 τὰ
2918 4356 3040 4410 κατ’
3080 4357 3277 4419 αὐτοὺς
3305 4351 3665 4426 οἰκονομηθῆ-

2093 4465 2202 4511 ναι,
2233 4448 2326 4501 καὶ
2354 4448 2453 4517 τὴν
2486 4446 2776 4517 μετάνοιαν
2816 4448 2995 4501 αὐτῶν
3048 4447 3202 4518 παρά
3248 4451 3317 4519 τῇ
3377 4445 3667 4518 Ἐκκλησία

413 4526 600 4595 cipiat.
630 4526 781 4591 Quod
807 4525 851 4580 si
875 4526 929 4579 in
960 4525 1146 4580 eadem
1173 4526 1364 4581 haeresi
1392 4536 1654 4597 perstant,
1680 4539 1734 4585 et
1781 4529 1987 4598 aliquot

2099 4540 2347 4611 δεχθῆναι
2368 4556 2380 4570 ⁸
2407 4541 2455 4592 εἰ
2484 4539 2542 4593 δὲ
2572 4540 2918 4610 διαμένουσιν
2943 4541 3001 4593 ὲν
3028 4543 3094 4611 τῇ
3134 4541 3271 4612 αὐτῇ
3310 4540 3545 4611 αἱρέσει,
3573 4536 3662 4591 καὶ

412 4615 644 4671 fortasse
691 4617 828 4670 alios
869 4617 1119 4671 rudiores
1172 4632 1237 4671 ac
1296 4618 1656 4687 simpliciores
1716 4618 1986 4673 abducere

421 4708 717 4777 potuerint,
738 4708 780 4763 si
795 4709 1115 4763 seditionem
1136 4708 1383 4772 fecerint,
1408 4710 1701 4778 turbasque
1717 4709 1991 4765 conﬂave-

413 4801 550 4865 rint;
599 4801 649 4854 hi
694 4800 863 4869 plane
911 4812 1065 4856 extra
1118 4817 1273 4857 sacra
1327 4802 1585 4857 Ecclesia:
1639 4811 1788 4871 septa
1842 4814 1992 4858 sunt.

414 4889 567 4958 Quod
602 4892 647 4945 si
692 4901 747 4945 et
792 4893 989 4962 Oppido
1049 4893 1205 4963 pauci
1249 4895 1301 4945 in
1358 4893 1683 4947 ortltodoxia
1740 4902 1994 4961 rectaque

413 4985 615 5052 pietate
658 4992 995 5053 permaneat,
1047 4984 1101 5038 hi
1159 4994 1283 5038 sunt
1325 4983 1587 5050 Ecclesia,
1649 4994 1706 5040 et
1752 4986 1994 5040 auctori-

416 5084 497 5123 tas
554 5082 712 5141 atque
770 5084 1012 5141 potestas
1078 5073 1573 5129 ecclesiasticurutu
1641 5073 1984 5130 decretorum

334 5174 341 5179 ‘
417 5160 469 5215 in
523 5162 605 5215 his
635 5175 910 5232 remanet;
942 5164 1156 5220 etiamsi
1213 5165 1349 5216 mala
1402 5165 1513 5232 pati
1554 5176 1769 5235 propter
1802 5182 1983 5220 veram

492 5337 509 5370 ι
547 5336 563 5389 l
596 5341 719 5395 Cor.
749 5357 839 5405 xv,
869 5343 924 5396 9.

2097 4629 2226 4693 ἴσως
2264 4629 2359 4683 καὶ
2384 4629 2605 4699 ἐτέρους
2636 4629 2787 4692 τινὰς
2814 4630 3227 4702 ἀμαθεστέρους
3247 4631 3346 4684 καὶ
3376 4623 3666 4683 ἁπλουστέ-

2096 4739 2225 4793 ρους
2254 4720 2560 4791 δυνηθῶσιν
2587 4721 3050 4791 ἀποϐουκολῆσαι,
3091 4722 3197 4775 κᾶν
3237 4721 3662 4792 ὀχλαγωγήσωσι

2094 4812 2188 4864 καὶ
2218 4810 2424 4880 πλῆθος
2453 4810 2780 4877 συνάγωσιν,
2811 4810 2917 4877 ἔξω
2954 4813 3062 4864 τῶν
3094 4812 3257 4878 ἱερῶν
3287 4814 3390 4881 τῆς
3441 4808 3665 4877 Ἐκκλη-
3724 4874 3735 4881 1

2094 4903 2217 4966 σίας
2246 4903 2551 4974 περιϐόλων
2593 4904 2763 4957 εἰσίν·
2798 4905 2848 4957 εἰ
2881 4905 2940 4958 δὲ
2968 4906 3063 4958 καὶ
3093 4907 3235 4959 πάνυ
3279 4905 3454 4973 ὀλίγοι
3503 4905 3560 4956 ὲν
3595 4900 3661 4969 τῇ

2091 4994 2373 5066 ὀρθοδοξίᾳ
2439 4996 2535 5049 καί
2592 4995 2844 5065 εὐσεϐείᾳ
2900 4996 3273 5066 διαμείνωσιν,
3331 4990 3479 5048 οὗτοί
3530 4992 3663 5043 εἰσιν

2106 5085 2425 5156 Ἐκκλησία,
2479 5088 2572 5139 καὶ
2619 5086 2680 5138 τὺ
2732 5086 2898 5157 κῦρος
2950 5087 3045 5138 καί
3105 5088 3138 5156 ὴ
3207 5082 3510 5154 προστασία
3559 5075 3662 5131 τῶν

2094 5173 2567 5242 ἑκκλησιαστικῶν
2602 5174 2819 5243 θεσμῶν
2850 5175 2908 5227 ὲν
2939 5174 3122 5237 αὐτοῖς
3144 5177 3345 5227 κεῖταιο
3374 5174 3478 5225 κᾶν
3502 5183 3664 5222 κακο-

1673 5436 1908 5492 vanu;
1934 5426 2338 5495 LECTIONES.

486 5522 514 5562 3’
538 5524 622 5576 ed.
659 5524 849 5592 Chrys.
884 5523 1150 5594 ἀκριϐῶς.

1892 5624 2121 5683 ΝΟΤίἘ.

488 5769 555 5842 (ι)
605 5769 803 5826 liotuil.
848 5767 948 5845 ill,
996 5775 1048 5831 in
1098 5773 1329 5837 editione
1376 5779 1778 5845 Moutfancnuii,
1824 5796 1862 5837 ι.
1905 5783 1996 5848 XI,
2036 5798 2087 5851 p.
2122 5783 2209 5837 86.
