3994 6428
441 382 548 445 Ε’ἓὸ

1146 375 1718 440 APOLOGETICUS
1754 375 2011 435 MINOI‘.
2049 374 2198 434 PRO
2233 375 2500 435 SACRIS
2541 375 3027 438 IMAGINIBUS.

3625 373 3731 436 846

447 495 695 565 παθῆσαι
740 464 921 555 αὐτοῖς
974 489 1116 560 ὑπὲρ
1162 488 1266 558 τῆς
1315 485 1600 549 εὐσεϐείας
1639 484 1861 552 δεήσοι·
1903 485 2039 553 ὅπερ

2179 483 2461 552 eligione'm
2521 484 2668 554 ipsos
2718 485 3051 555 oportuerit;
3112 484 3255 554 quod
3308 486 3526 555 quidem
3579 497 3735 540 arter-

452 588 603 639 ἐστὶν
646 586 725 647 είς
754 582 1022 653 καύχημα
1072 577 1317 640 αἰώνιον,
1353 578 1451 631 καὶ
1485 575 1728 646 ψυχικῆς
1762 575 2040 645 σωτηρίας

450 676 711 750 πρόξενον
731 693 742 707 ·
785 676 867 728 ὅτι
892 673 1016 726 οὐδὲ
1050 669 1380 741 συζητήσεις
1413 667 1542 738 περὶ
1566 666 1675 720 τῶν
1704 665 1867 736 ἱερῶν
1898 665 2043 720 εἰκό-

451 789 558 825 νων
614 768 887 822 ποιεῖσθαι
918 766 1028 819 δεῖ·
1075 764 1137 817 οὐ
1170 763 1283 833 γὰρ
1336 760 1670 831 προσφάτως
1718 758 1928 829 ἀνεφύη
1982 758 2044 811 τὸ

455 864 587 933 περὶ
625 861 809 914 αὐτῶν
860 860 1062 929 δόγμα,
1101 856 1218 909 ἀλλ’
1271 857 1335 907 ἐκ
1367 853 1613 915 πλείονος
1647 851 1843 921 χρόνου
1874 850 2045 920 ζητη-

455 958 571 1018 θὲν.
606 957 705 1026 τὴν
735 955 978 1025 κύρωσιν
1009 951 1162 1022 παρὰ
1192 950 1292 1018 τῆς
1319 948 1541 1001 συνόδου
1574 946 1733 999 ἔλαϐε
1756 964 1768 977 ·
1804 948 1900 999 καὶ
1935 947 2046 998 πᾶν

457 1051 565 1119 γὰρ
593 1049 817 1118 ζήτημα
861 1042 1195 1115 δογματικον
1227 1046 1286 1095 ὲν
1317 1044 1384 1113 τῇ
1447 1039 1747 1109 Ἐκκλησία⁵
1772 1038 1868 1092 τοῦ
1909 1036 2045 1090 Θεοῦ

458 1141 719 1207 ἀναφυὲν,
776 1139 915 1208 μετά
972 1136 1202 1206 ζήτησιν
1255 1131 1541 1203 συνοδικὴν
1587 1131 1682 1184 καὶ
1735 1128 2048 1199 ἐκφὼνησιν

462 1230 765 1289 πέπαυται,
790 1225 1123 1298 ἀμφιϐολίαν
1154 1224 1209 1277 δὲ
1231 1223 1329 1292 τὴν
1356 1220 1568 1274 οίανοῦν
1588 1220 1690 1273 οὐκ
1706 1218 2015 1288 ἐπιδέχεται
2031 1234 2047 1249 ·

460 1318 637 1383 οὕτως
666 1319 776 1389 γὰρ
806 1321 904 1370 ἐπὶ
934 1316 1044 1369 τῶν
1088 1314 1294 1367 λοιπῶν
1323 1312 1494 1382 ἁγίων
1526 1313 1621 1363 καὶ
1651 1310 2049 1379 οίκουμενικῶν

466 1411 699 1464 συνόδων
728 1410 944 1478 γέγονε.

538 1502 605 1556 θ’.
644 1503 783 1573 Περὶ
807 1502 864 1555 δὲ
890 1502 1002 1554 τῶν
1026 1500 1241 1564 ἀσεϐῶς
1267 1498 1745 1571 δογματισθέντων
1778 1498 1931 1568 παρά
1957 1495 2053 1549 τοῦ

465 1593 913 1657 Κωνσταντίνου,
939 1593 1124 1657 καλῶς
1148 1593 1296 1664 ἔχειν
1327 1582 1487 1646 δοκεῖ
1513 1592 1588 1661 μὴ
1622 1591 1822 1654 ἐξεῖναι
1853 1588 2055 1660 ἐκκλη-

467 1684 737 1757 σιαστικῷ
761 1685 1038 1757 ἀνθρώπῳ
1064 1688 1146 1749 είς
1178 1686 1427 1753 ἐξέτασιν
1462 1686 1558 1738 καὶ
1590 1683 1919 1753 δοκιμασίαν
1952 1682 2053 1735 αύ-

465 1782 562 1834 τοῦ
586 1779 849 1855 ἔρχεσθαι
868 1797 882 1812 ο
906 1778 1017 1832 τῶν
1040 1780 1149 1848 γὰρ
1184 1780 1242 1832 ὲν
1269 1781 1382 1841 τοῖς
1412 1777 1649 1838 ἀνοσίοις
1682 1773 2056 1844 συγγράμμα-

470 1889 556 1925 σιν
582 1844 749 1926 αύτοῦ
780 1844 1181 1940 ἐμφερομένων
1205 1868 1480 1939 χρήσεων,
1513 1864 1610 1927 τὰς
1645 1864 1747 1932 μὲν
1769 1862 1877 1914 τῶν
1905 1863 2056 1930 αίρε-
2091 1844 2131 1898 Β

468 1963 638 2017 τικῶν
673 1960 863 2025 οὔσας.
920 1960 1203 2022 παντελῶς
1237 1957 1696 2027 ἀποπέμπεσθαι⁶
1729 1954 1825 2016 τὰς
1858 1953 1916 2006 δὲ
1956 1953 2058 2006 οὐκ

471 2055 688 2124 εὑαγῶς
725 2054 817 2107 ὑπ’
846 2052 1018 2107 αὑτοῦ
1046 2052 1359 2124 νοηθείσας,
1387 2050 1704 2121 ἀπράκτους
1732 2047 1827 2099 καὶ
1881 2045 2059 2115 ἀργὰς

473 2147 837 2214 ἀποφαίνειν
878 2144 972 2199 ἐὰν
1002 2144 1060 2197 δὲ
1110 2145 1175 2196 ὲκ
1225 2142 1435 2196 τούτων
1486 2140 1594 2192 τῶν
1624 2139 1898 2209 χρήσεων,
1940 2135 2061 2191 τινὰ

476 2236 663 2307 βιϐλία
712 2236 998 2308 πρακτικά
1032 2232 1343 2306 εὑρέθησαν
1370 2234 1504 2300 περὶ
1542 2230 1768 2283 εἰκόνων
1797 2246 1849 2281 τι
1877 2228 2061 2296 διαγοο

479 2330 732 2400 ρεύοντα,
764 2327 854 2380 διὰ
883 2326 982 2397 τὴν
1000 2328 1078 2389 εἰς
1107 2325 1199 2378 τὸν
1229 2323 1621 2377 εύσεϐέστατον
1652 2320 1876 2391 βασιλέα
1907 2318 2065 2389 ἡμῶν

479 2422 881 2493 πληροφορίαν,
911 2418 1171 2491 δέχεσθαι
1203 2417 1376 2472 ταῦτα
1409 2415 1437 2455 ιι
1464 2416 1564 2485 τὴν
1599 2414 1930 2484 Ἐκκλησίαν
1970 2414 2067 2467 καὶ

480 2514 805 2568 ἐπιλύεσθαι
828 2531 841 2544 ·
871 2514 1000 2568 εἰδὲ
1029 2515 1128 2567 οὐκ
1151 2510 1439 2583 ἐξαρκέσει
1466 2509 1535 2561 τὰ
1562 2509 1662 2578 τῆς
1691 2507 2068 2578 πληροφορίας

480 2603 571 2658 διὰ
600 2604 710 2658 τῶν
746 2605 805 2656 ὲν
834 2607 903 2675 τῇ
947 2601 1255 2673 Ἐκκλησία
1308 2600 1601 2674 ίερατικῶν
1654 2598 1888 2667 ἀνδρῶν,
1919 2590 2069 2651 οὗτοι

481 2695 559 2766 τῷ
608 2692 1053 2765 ἐκκλησιαστικῷ
1109 2693 1226 2747 ἔθει
1257 2695 1352 2747 καὶ
1398 2694 1585 2747 κανόνι
1633 2692 2069 2764 ὲπερειδόμενοι,

486 2789 704 2842 σύνοδον
729 2786 1122 2859 οἰκουμενικὴν
1159 2784 1570 2840 ἀποκαλοῦνται
1591 2801 1605 2813 ·
1637 2784 1783 2836 ὥστε
1812 2782 1940 2845 τοὺς
1966 2781 2071 2833 τῶν

486 2880 688 2933 λοιπῶν
706 2878 915 2951 θρόνων
942 2880 1222 2951 ἀρχιερεῖς
1239 2878 1334 2932 καὶ
1360 2878 1524 2948 ἱερεῖς
1548 2878 1641 2928 ἐπὶ
1665 2878 1730 2946 τῇ
1760 2870 1873 2927 τῶν
1894 2872 2072 2927 τοιού-

487 2988 593 3024 των
616 2970 840 3040 βιϐλίων
865 2968 1113 3035 ἐξετάσει
1138 2970 1236 3023 καὶ
1252 2967 1574 3038 δοκιμασία,
1595 2968 1692 3019 καὶ
1717 2966 1785 3019 τὰ
1808 2963 2074 3018 δοκοῦντα

489 3063 769 3117 ἐπινεύσει
791 3063 887 3117 τοῦ
919 3063 1066 3117 θείου
1097 3057 1420 3133 Πνεύματος
1442 3060 1575 3132 περὶ
1604 3058 1787 3113 αὐτῶν
1818 3061 2074 3127 ἐκφωνη-

2149 589 2269 627 nam
2345 575 2570 644 gloriam
2633 576 2937 647 animaeque
2998 574 3228 631 salutem
3282 576 3416 646 ipsis
3499 575 3732 633 confert.

2149 668 2361 738 Reapse
2392 684 2461 724 ne
2489 669 2868 725 controversia
2897 669 3117 739 quidem
3171 669 3430 739 deinceps
3485 672 3553 725 de
3606 686 3736 724 san-

2149 760 2253 814 ctis
2302 760 2631 828 imaginibus
2685 760 2802 815 ﬁeri
2845 761 3026 814 debet.
3072 755 3191 814 Non
3235 760 3380 814 enim
3429 760 3625 830 dogma
3673 759 3743 814 de

2151 852 2302 920 ipsis,
2358 867 2529 922 nuper
2581 861 2769 906 natum
2823 861 2948 918 est,
3002 852 3099 909 sed
3156 852 3363 921 jamdiu
3416 853 3744 923 disputando

2152 942 2429 1008 libratum,
2458 952 2760 1013 ratumque
2802 959 2831 996 a
2882 944 3093 1014 synodo
3149 942 3393 998 habitum
3432 953 3537 997 est.
3576 944 3745 997 Porro

2153 1036 2332 1090 omnis
2360 1036 2592 1105 qttzeStio
2627 1037 2931 1106 dogma‘tica
2959 1052 3082 1107 qua:
3112 1037 3163 1091 in
3202 1036 3443 1091 Ecclesia
3489 1037 3579 1091 Dei
3624 1046 3745 1091 orta

2156 1126 2340 1195 fuerit,
2373 1138 2494 1196 post
2536 1143 2766 1183 examen
2817 1130 3140 1201 synodicqu
3191 1129 3470 1201 latamque
3529 1129 3749 1201 publico

2154 1218 2505 1281 sententiam,
2532 1217 2769 1283 desinit;
2804 1233 2981 1288 neque
3023 1229 3209 1286 postea
3254 1219 3554 1289 quamlibet
3586 1220 3749 1274 dubi-

2158 1310 2417 1364 tationem
2456 1312 2685 1380 patitur.
2729 1311 2821 1365 Sic
2881 1313 3026 1365 enim
3076 1321 3131 1367 et
3190 1313 3241 1365 in
3279 1315 3495 1368 caneris
3545 1315 3751 1369 sanctis

2158 1410 2321 1470 atque
2350 1403 2707 1457 (Boumenicis
2741 1403 2965 1473 synodis
2993 1415 3176 1458 actum
3210 1413 3317 1459 est.

2229 1493 2284 1550 9.
2321 1494 2437 1565 Age
2479 1509 2607 1551 vero
2640 1495 2709 1551 de
2756 1496 2937 1564 impiis
2984 1494 3330 1551 Constantini
3375 1496 3750 1570 (Copronymi)

2159 1586 2494 1653 constitutis,
2532 1597 2687 1642 recte
2728 1586 2837 1643 dici
2866 1587 3081 1642 videtur
3113 1602 3219 1643 non
3257 1587 3424 1644 licere
3489 1591 3756 1644 ecclesia-

2162 1679 2301 1735 3tico
2340 1679 2548 1734 homini
2614 1694 2844 1735 examen
2890 1690 2943 1736 et
3005 1680 3535 1737 animadversionem
3579 1687 3647 1738 de
3692 1683 3758 1738 iis

2162 1772 2472 1829 instituere.
2501 1771 2639 1826 Nam
2669 1772 2966 1828 relatorum
2990 1774 3040 1828 in
3069 1773 3313 1843 profanis
3338 1774 3507 1844 ipsius
3535 1775 3759 1844 scriptis

2161 1864 2575 1931 auctoritatum,
2611 1864 2728 1918 alia:
2757 1865 2882 1933 quia
2919 1866 3207 1921 haereticos
3238 1875 3492 1921 auctores
3530 1867 3756 1932 habent,

2162 1969 2391 2026 prorsus
2424 1964 2555 2009 sunt
2597 1953 2954 2023 abiicienda};
2988 1957 3110 2012 alia:
3160 1972 3289 2012 vero
3318 1973 3417 2014 ceu
3472 1973 3577 2013 non
3610 1957 3760 2013 bono

2164 2063 2324 2103 sensu
2358 2049 2426 2103 ab
2456 2048 2548 2102 illo
2580 2048 2889 2114 intellectae,
2922 2048 3137 2105 inutiles
3162 2050 3325 2122 273
3360 2061 3415 2105 et
3448 2052 3638 2107 otiosae
3668 2068 3761 2107 re-

2165 2141 2417 2210 putantlm
2433 2151 2582 2196 sunt.
2605 2140 2758 2209 Quod
2777 2142 2824 2196 si
2848 2143 3065 2197 demum
3086 2142 3139 2196 in
3164 2144 3356 2196 harum
3377 2144 3762 2198 auctoritatnm

2168 2245 2397 2285 numero
2416 2230 2705 2301 synodales
2724 2231 2930 2301 aliquot
2958 2232 3080 2288 libri
3100 2234 3366 2303 comperti
3391 2233 3670 2305 fuere,qui
3692 2237 3762 2291 de

2170 2320 2501 2391 imaginibus
2529 2322 3021 2401 aliquid‘dicerent,
3045 2325 3146 2380 hos
3174 2335 3232 2379 ut
3260 2326 3504 2395 piissimo
3524 2327 3765 2395 impera-

2173 2416 2275 2469 tori
2309 2424 2497 2470 nostro
2529 2401 2920 2488 (Cousiantino
2952 2415 3157 2490 lrenes)
3185 2419 3324 2474 satis
3352 2418 3528 2483 ilerct,
3562 2420 3762 2475 Eccle-

2174 2507 2254 2562 sia
2278 2507 2499 2563 admisit
2522 2519 2578 2564 ct
2599 2509 2912 2580 explicavit.
2937 2509 3091 2577 Quod
3116 2512 3160 2567 si
3184 2511 3445 2567 suasoria:
3466 2494 3767 2567 solutiones

2176 2617 2281 2655 non
2333 2600 2696 2668 sufﬁciebant,
2734 2618 2832 2672 per
2866 2604 3280 2660 ecclesiasticos
3310 2606 3459 2661 viros
3511 2605 3770 2671 facthii

2175 2694 2392 2763 quidem
2421 2695 2797 2750 ecclesiastica
2831 2698 3231 2753 consuetudine
3283 2698 3579 2767 rcgnlaque
3614 2696 3765 2763 freti,

2177 2788 2573 2855 meumcnicam
2619 2789 2885 2860 synodum
2913 2798 3324 2856 convocarunt;
3361 2792 3433 2846 ita
3465 2801 3526 2845 ut
3554 2800 3612 2846 et
3643 2791 3772 2847 reli-

2179 2894 2408 2946 quarum
2465 2880 2675 2935 sedium
2739 2882 3027 2951 pontiﬁces
3079 2896 3145 2937 ac
3198 2884 3517 2939 sacerdotes
3574 2884 3771 2939 horum

2181 2970 2444 3027 librorum
2500 2986 2730 3026 examen
2779 2981 2835 3026 et
2867 2972 3280 3042 inquisitionem
3337 2983 3680 3044 peragerent,
3714 2984 3774 3030 et

2181 3062 2324 3130 quod
2376 3061 2553 3116 visum
2608 3060 2825 3127 fuisset,
2853 3061 3093 3132 Spiritus
3146 3063 3321 3118 sancti
3350 3073 3481 3118 nutu
3511 3066 3578 3120 de
3636 3065 3772 3135 ipsis

490 3154 683 3225 θῆναι·
739 3155 823 3209 ὅτι
873 3154 1195 3224 ἀναγκαίως
1253 3155 1350 3208 καὶ
1404 3152 1501 3206 νῦν
1554 3150 1924 3220 φυλάττονται
1981 3150 2071 3202 καὶ

2184 3152 2400 3223 publice
2467 3154 2901 3222 pronuntiarent.
2974 3154 3186 3208 Etenim
3255 3157 3571 3210 necessario
3626 3172 3774 3213 nunc

489 3247 823 3319 κρατοῦνται
851 3248 901 3301 οἱ
927 3247 1029 3316 τῆς
1057 3247 1219 3312 ἁγίας
1248 3244 1303 3311 ς’
1334 3243 1553 3298 συνόδου
1579 3243 1831 3305 κανόνες,
1864 3240 1956 3305 οὒς
1983 3243 2075 3310 ἀφ’

490 3334 553 3394 οῦ
595 3326 780 3411 χάριτι
836 3339 933 3393 τοῦ
969 3339 1115 3392 θείου
1160 3338 1483 3408 Πνεύματος
1544 3335 1988 3406 ὲξεφωνήθησαν,
2044 3336 2078 3404 ἡ

504 3432 807 3502 Ἐκκλησία
862 3430 1263 3501 παραλαϐοῦσα
1305 3429 1375 3483 δι’
1421 3428 1604 3483 αὐτῶν
1641 3427 1710 3481 τὰ
1742 3428 1854 3480 τῶν
1888 3427 2080 3498 ίερέων

495 3524 826 3594 μετέρχεται
876 3524 1160 3594 κρίματα’
1216 3522 1360 3593 ὑπὲρ
1408 3521 1518 3593 γὰρ
1552 3522 1619 3574 τὰ
1666 3520 1861 3574 ἑκατὸν
1906 3520 2081 3574 εἴκοσι

492 3617 588 3687 ἔτη
615 3615 676 3687 (ι)
710 3619 769 3669 ἐν
793 3615 935 3685 αὐτῇ
960 3614 1360 3685 διαπρέπουσιν
1394 3614 1441 3667 οἱ
1461 3612 1697 3667 τοιοῦτοι
1726 3612 1976 3678 κανόνες,
2008 3613 2083 3677 ὡς

494 3709 542 3761 εἰ
579 3707 654 3778 μὴ
686 3710 745 3761 ὲν
776 3710 844 3776 τῇ
896 3706 1199 3778 Ἐκκλησία
1229 3705 1629 3777 ἐχρημάτιζον,
1668 3705 1930 3776 πλείστην
1949 3707 2083 3773 ὅσην

495 3796 704 3871 ζημίαν
762 3797 1080 3870 ὑπέμενεν,
1122 3798 1222 3853 οὐκ
1277 3799 1477 3867 ὀλίγων
1527 3797 1863 3869 σφαλμάτων
1911 3798 1968 3850 ὲν
2013 3799 2081 3867 τῇ

497 3891 773 3964 ἱερωσύνῃ
803 3892 1116 3946 ἀνευθύνων
1149 3891 1551 3963 διαμενόντωνο
1582 3891 1678 3945 καὶ
1702 3890 1763 3967 τί)
1787 3890 2084 3962 ἀξιόχρεων

492 3983 604 4037 τῶν
640 3983 955 4055 ὲκθεμένων
985 3985 1185 4048 αὐτοὺς
1212 3984 1273 4037 τό
1308 4001 1368 4037 τε
1404 3982 1610 4052 πλῆθος
1647 3983 1743 4036 καὶ
1781 3982 1843 4035 τὸ
1872 3981 2087 4045 ἀξιόπι-

496 4076 622 4130 στον
644 4075 754 4129 τῶν
778 4076 1093 4146 προσώπων
1124 4077 1257 4131 πᾶσι
1284 4077 1331 4130 Χ
1342 4079 1643 4148 ριστιανοῖς
1674 4074 1922 4146 ἐμφανὲς
1950 4075 2088 4128 καθ-

498 4168 713 4223 ίσταται
735 4185 750 4201 ο
798 4171 855 4223 οἴ
878 4187 941 4224 τε
996 4171 1107 4242 γὰρ
1136 4169 1281 4223 κατὰ
1308 4168 1400 4222 τὸν
1431 4168 1625 4240 χρόνον
1680 4170 1890 4222 ἐκεῖνον
1926 4166 2087 4237 ἱερώ-

493 4277 651 4316 τατοι
701 4265 1063 4335 πατριάρχαι,
1119 4263 1216 4316 καὶ
1260 4261 1439 4332 ἕτεροι
1472 4260 1579 4325 ἕως
1631 4260 1742 4313 τῶν
1794 4260 2087 4314 διακοσίων

495 4352 596 4405 καὶ
647 4353 1063 4426 τεσσαράκοντα
1119 4353 1469 4418 ἐπισκόπων,
1543 4351 1783 4415 οἰκείους
1855 4351 2089 4413 κανόνας

495 4444 922 4514 ἐκφωνήσαντες
956 4444 1046 4498 διά
1085 4442 1197 4497 τῶν
1236 4443 1458 4497 οἰκείων
1488 4440 1832 4512 ὑπογραφῶν
1863 4439 2088 4510 δηλοῦν-

2183 3248 2346 3301 etiam
2398 3246 2758 3301 observantur
2798 3257 2853 3301 et
2882 3247 3067 3318 vigent
3117 3256 3322 3302 sanctae
3369 3248 3559 3319 synodi
3604 3260 3775 3304 sexta:

2184 3352 2456 3405 canones;
2491 3353 2650 3406 quos,
2686 3354 2751 3393 ex
2787 3354 2896 3407 quo
2926 3355 3049 3393 cum
3099 3339 3268 3393 divini
3304 3340 3544 3407 Spiritus
3594 3340 3772 3406 gratia

2184 3431 2510 3499 promulgati
2560 3430 2804 3495 fuerunt,
2840 3432 3085 3487 Ecclesia
3145 3433 3387 3496 admisit,
3433 3447 3640 3501 perque
3677 3449 3775 3489 eos

2187 3521 2543 3577 sacerdotalia
2573 3522 2775 3591 judicia
2826 3534 3067 3579 exercet.
3111 3522 3246 3578 Nam
3292 3523 3414 3594 plus
3448 3533 3665 3579 centum
3719 3533 3778 3581 et

2185 3612 2375 3682 viginti
2403 3613 2516 3684 jam
2549 3614 2707 3667 annis
2761 3614 2814 3667 hi
2853 3614 3122 3668 habentur
3157 3613 3210 3667 in
3255 3614 3460 3669 honore
3515 3630 3777 3678 canones,

2186 3708 2277 3774 qui
2339 3707 2440 3761 nisi
2497 3707 2552 3760 in
2605 3705 2848 3761 Ecclesia
2905 3706 3291 3770 exstitissent,
3359 3706 3650 3776 plnrinnun
3710 3722 3777 3762 ea

2188 3813 2344 3868 passa
2392 3810 2541 3852 esset
2582 3798 3001 3863 detrimentum,
3053 3800 3180 3869 quia
3238 3798 3411 3866 culpa:
3475 3799 3658 3853 multa:
3724 3801 3779 3854 in

2187 3900 2331 3944 cmtu
2373 3889 2699 3944 sacerdotali
2729 3890 2848 3944 sine
2880 3889 3122 3944 remedio
3154 3901 3384 3957 poenave
3421 3889 3779 3960 mansissent.

2187 3979 2305 4035 Jam
2349 3991 2404 4037 et
2452 3982 2688 4051 dignitas
2741 3982 2958 4037 illorum
3007 3981 3098 4050 qui
3155 3996 3250 4037 eos
3298 3982 3682 4046 condiderunt,
3724 3992 3783 4037 et

2154 4134 2160 4156 Ι
2189 4071 2480 4126 multitudo
2516 4080 2680 4141 atque
2702 4072 3005 4127 auctoritas
3044 4087 3427 4141 personarum,
3455 4072 3782 4127 Christianis

2189 4165 2445 4219 omnibus
2475 4164 2759 4234 explorata
2786 4173 2895 4219 est.
2934 4164 3070 4217 Nam
3118 4174 3174 4219 et
3198 4166 3295 4235 qui
3327 4175 3457 4220 tunc
3496 4175 3655 4220 erant
3692 4180 3783 4220 sa-

2190 4255 2484 4311 cratissimi
2510 4256 2862 4324 patriarchae,
2886 4264 2943 4310 et
2962 4256 3051 4309 alii
3074 4270 3245 4324 usque
3269 4255 3338 4309 ad
3355 4269 3491 4310 σου.
3512 4255 3780 4324 episcopi,

2194 4357 2452 4416 tanquam
2492 4360 2622 4400 suos
2665 4346 2764 4399 hos
2812 4358 3051 4399 canones
3097 4344 3506 4414 pronuntiasse,
3547 4342 3784 4411 propriis

2191 4437 2679 4506 subscriptionibus
2724 4438 3126 4491 demonstrant.
3170 4434 3382 4502 Quibus
3423 4433 3783 4489 consentiens

494 4550 618 4589 ται·
636 4529 718 4597 οἷς
742 4534 1036 4606 σύμψηφος
1060 4536 1156 4589 καὶ
1182 4534 1446 4606 συνεργὸς
1469 4534 1710 4603 γεγονὼς
1730 4536 1758 4587 ό
1782 4533 2071 4603 τηνικαῦτα

2192 4545 2247 4589 et
2272 4548 2576 4602 coopernns
2629 4533 2804 4588 factus
2856 4533 2921 4596 is,
2972 4533 3065 4601 qui
3131 4542 3256 4585 tunc
3310 4542 3428 4586 erat
3488 4532 3786 4600 imperator

499 4625 757 4696 βασιλεὺς
803 4626 1181 4691 Ἰουστινιανὸς
1210 4638 1256 4691 θ,
1291 4627 1386 4680 καὶ
1406 4626 1568 4688 αὐτὸς
1600 4624 1730 4696 περὶ
1757 4625 1856 4696 τὴν
1884 4625 2087 4678 εὐκλεᾶ

496 4718 595 4770 καὶ
643 4716 949 4788 ἀμώμητον
976 4719 1138 4789 ἡμῶν
1189 4717 1490 4790 θρησκείαν
1539 4718 1803 4783 εὐσεϐῶν,
1848 4718 1936 4771 διὰ
1989 4720 2087 4790 τῆς

502 4807 642 4873 ιδίας
674 4809 1006 4883 ὑπογραφῆς
1028 4811 1332 4867 δείκνυται.

574 4907 629 4953 ι’.
659 4901 784 4965 Πῶς
809 4898 905 4955 οὖν
947 4900 1056 4975 [ού]
1099 4902 1445 4973 βλάσφημον,
1482 4903 1579 4956 καὶ
1612 4903 1953 4975 παράνομον,
1990 4904 2089 4976 τὴν

497 4993 772 5063 τοσαύτην
794 4994 902 5046 τῶν
944 4997 1137 5064 ἱερέων
1186 4995 1402 5066 πληθὺν
1447 4996 1522 5069 μὴ
1556 4997 1948 5067 ἀποδέχεσθαι,
1994 5000 2092 5052 καί⁵

503 5084 625 5136 ἀντὶ
648 5084 767 5147 ἑνὸς
799 5085 1077 5156 ἱστορικοῦ
1113 5085 1472 5156 λογίζεσθαι;
1525 5088 1595 5141 τὰ
1626 5089 1735 5159 γὰρ
1770 5088 1877 5156 πρὸ
1918 5089 2094 5157 αὐτῆς

504 5176 771 5244 γεγονότα
798 5178 1144 5249 ἱστοροῦντες
1174 5180 1453 5248 λέγουσιν,
1485 5181 1567 5233 ὅτι
1602 5182 1796 5233 σεπταὶ
1840 5181 2088 5253 ὑπῆρχον

506 5266 565 5319 al
597 5266 829 5332 εἰκόνες,
850 5270 945 5323 καί⁴
978 5270 1061 5323 ὅτι
1085 5271 1405 5342 Χριστιανοὶ
1438 5271 1857 5340 κατησπάζοντο
1885 5274 2054 5336 αὑτάς
2073 5289 2087 5305 ·

507 5358 570 5411 οὐ
603 5360 712 5431 γὰρ
746 5361 879 5414 [διον
926 5363 1047 5415 τότε
1088 5362 1269 5417 τύπον,
1286 5362 1634 5432 παρέδωκαν,
1674 5363 1811 5417 ἀλλὰ
1844 5362 1915 5416 τά
1947 5366 2091 5417 ίστο-

581 5523 606 5553 °
640 5514 763 5569 cod.
811 5514 1073 5579 εὐσεϐῶς.
1152 5514 1180 5555 ἀ
1215 5516 1337 5571 cod.
1366 5516 1595 5587 ταύτην.

584 5662 646 5735 (ι)
666 5662 803 5719 Hinc
825 5666 1201 5733 cognoscimus
1221 5668 1454 5723 natalem
1477 5667 1640 5737 hujus
1656 5669 1841 5738 scripti
1872 5684 2097 5728 animm.

514 5731 651 5787 Nam
682 5736 805 5787 quia
836 5734 1077 5787 Trullani
1113 5752 1355 5787 canones
1376 5753 1518 5787 anno
1536 5739 1635 5787 (illi
1695 5740 1824 5787 mliti
1856 5740 2093 5787 fuerunt-

516 5734 651 5787 Nam
682 5736 805 5801 quia
836 5734 1077 5789 Truliaui
1113 5752 1355 5793 canones
1376 5753 1518 5793 anno
1536 5734 1636 5794 691
1695 5734 1824 5793 editi
1856 5740 2094 5802 fuerunt,

516 5803 711 5858 additis
737 5821 878 5861 nunc
919 5806 1060 5861 haud
1100 5807 1219 5877 plus
1262 5808 1385 5874 122,
1418 5809 1697 5878 consurgit
1758 5824 1935 5865 annus
1969 5809 2094 5877 813,

1674 5527 1715 5549 ’θ
1750 5517 2156 5579 Rhinotmetus.

2195 4625 2555 4691 Justiuianns,
2590 4636 2644 4681 et
2672 4627 2785 4695 ipse
2818 4640 3033 4695 quoque
3068 4625 3135 4679 de
3166 4624 3362 4678 illustri
3393 4625 3787 4692 irreprehensi-

2197 4720 2400 4790 bilique
2451 4719 2554 4774 (ide
2590 4730 2779 4774 nostra
2816 4735 2875 4775 se
2907 4722 2994 4789 pie
3022 4717 3260 4774 sensisse
3292 4719 3513 4789 propria
3542 4720 3786 4775 subscri~

2182 4813 2370 4885 ptione
2402 4813 2685 4879 ﬁdeclarat.

2269 4906 2436 4979 274
2464 4907 2549 4960 10.
2580 4905 2786 4973 Quidni
2810 4922 2940 4975 ergo
2964 4907 3344 4977 blaspltetnttm
3371 4921 3536 4979 atque
3562 4907 3785 4976 impium

2201 5001 2290 5062 sit,
2328 5001 2489 5052 talem
2539 5008 2860 5065 tantumque
2907 4999 3289 5068 episcoporum
3351 5012 3636 5052 numerum
3679 5010 3784 5048 non

2202 5091 2500 5156 suscipere,
2526 5099 2580 5143 et
2642 5089 2869 5156 alicujus
2924 5092 3098 5144 instar
3174 5091 3417 5145 historici
3462 5104 3565 5142 non
3627 5102 3788 5156 repu.

2201 5185 2351 5237 tare?
2374 5182 2508 5235 Dum
2543 5184 2684 5237 enim
2715 5198 2833 5250 qua:
2849 5193 2976 5238 ante
3002 5184 3264 5254 synodum
3299 5183 3787 5241 exstiteruntnar.

2203 5285 2345 5337 rant,
2403 5274 2743 5328 venerabiles
2790 5274 2958 5329 luisse
3037 5277 3302 5343 imagines
3365 5276 3676 5335 allirmant,
3732 5285 3786 5326 et

2201 5367 2341 5433 apud
2398 5365 2745 5422 Christianos
2803 5369 2855 5421 in
2915 5367 3123 5423 honore
3186 5367 3421 5424 habitas.
3478 5365 3594 5419 Non
3641 5365 3785 5419 enim

2208 5685 2314 5749 quo
2341 5670 2626 5749 imperian
2657 5674 2779 5727 iniit
2812 5674 2922 5728 Leo
2958 5676 3249 5731 Armenius
3281 5694 3433 5734 novre
3465 5684 3791 5749 persecutio.

2209 5742 2294 5821 nis
2339 5754 2546 5821 auctor.
2581 5743 2711 5821 Erat
2756 5757 2936 5798 autem
2969 5749 3013 5801 is
3045 5762 3219 5804 anuus
3248 5742 3594 5821 episcopatus
3632 5748 3790 5810 Nice-

2203 5813 2360 5878 phori
2404 5825 2628 5868 octavus
2669 5815 2933 5878 inceptus.
