4016 6526
369 353 474 417 8ιΞ7

1297 373 1312 384 ·
1398 351 1457 408 S.
1501 339 1925 408 NICEPIIORI
1969 347 2479 407 PATRIARCIL'E
2519 348 2628 406 (ΖΡ.

3565 347 3672 411 8l8
3747 303 3758 320 “

373 459 648 530 proprium
689 457 994 527 exemplum
1039 456 1588 527 proposuerunt,sed
1637 464 1858 510 narrata
1903 463 1958 508 et

2068 454 2306 525 ρούμενα
2341 454 2438 507 καὶ
2491 453 2938 524 ἐζωγραφημένα
2989 451 3342 522 καθορῶντες
3373 451 3484 521 (ιι),
3545 455 3673 524 περὶ

372 555 514 621 picta
571 559 882 617 spectantes
915 589 929 612 ,
978 549 1046 602 de
1097 549 1232 619 ipsis
1284 547 1612 604 sententiam
1665 546 1952 610 tulerunt,

375 626 438 692 ad
491 638 749 692 Ecclesiae
792 637 1208 693 :edilicationem
1243 679 1260 705 ,
1317 636 1504 708 gratia:
1572 634 1955 706 amplilicatio~

374 747 496 784 nem
561 740 616 784 et
685 731 1096 785 cxaltationem.
1156 729 1212 785 Id
1251 731 1631 784 demonstrant
1687 727 1957 798 primariae

373 823 553 888 sedes,
615 833 672 875 et
727 824 820 892 qtti
873 836 968 892 per
1019 836 1082 877 ea
1129 831 1375 890 tempora
1435 817 1658 874 fuerunt
1719 819 1948 886 impera-

375 927 521 970 tores
549 932 612 970 ac
665 917 979 971 sacerdotes
1027 914 1354 984 imaginibus
1397 913 1653 968 certatim
1695 913 1956 966 honorem

374 1009 706 1067 deferentes.
731 1009 884 1076 Quod
906 1009 951 1062 si
981 1006 1224 1062 nonnulli
1249 1006 1526 1076 vaniloqui
1560 1005 1731 1068 aiunt,
1753 1003 1961 1073 aliquot

374 1112 497 1168 post
530 1113 739 1157 sextam
802 1101 1068 1172 synodum
1123 1101 1284 1156 annis
1341 1113 1583 1154 canones
1621 1097 1742 1151 illos
1789 1097 1961 1151 luisse

373 1196 570 1259 editos,
617 1193 750 1248 nihil
800 1193 926 1248 hinc
972 1191 1363 1247 ecclesiasticae
1415 1191 1680 1244 doctrina:
1726 1189 1957 1258 deperit.

372 1287 492 1342 Non
521 1286 668 1341 enim
728 1283 1076 1352 interiectum
1127 1294 1342 1352 tempus
1369 1291 1539 1343 vetat,
1574 1281 1875 1350 quominus
1907 1279 1958 1333 hi

375 1380 625 1434 dicantur
655 1388 822 1434 sexta:
847 1377 1040 1448 synodi
1089 1384 1348 1432 can'ones.
1376 1375 1554 1430 Causa
1588 1375 1733 1428 enim
1767 1375 1960 1429 horum

373 1471 866 1528 conslruendorum
927 1469 1051 1536 fuit,
1102 1469 1248 1538 quod
1299 1481 1398 1522 nec
1441 1467 1630 1536 quinta
1686 1479 1786 1519 nec
1843 1464 1960 1531 ipsa

375 1573 525 1619 sexta
557 1563 798 1634 synodus
827 1575 1063 1617 canones
1086 1559 1396 1614 ediderant.
1428 1556 1726 1626 Propterea
1759 1553 1964 1609 utiliter

377 1659 486 1712 imo
519 1655 831 1712 necessario
861 1655 962 1709 hos
993 1659 1404 1724 compegerunt,
1437 1659 1601 1716 atque
1633 1647 1698 1701 ad
1724 1661 1964 1701 commn-

378 1765 500 1805 nem
561 1748 822 1805 Ecclesia
861 1745 1153 1802 utilitatem
1209 1741 1644 1812 promulgarunt.
1685 1737 1748 1794 lli
1808 1752 1958 1801 vero,

2062 548 2244 601 αὐτῶν
2274 547 2648 616 ἐξεφώνησαν,
2687 545 2982 616 οἰκοδομὴν
3027 544 3132 614 τῆς
3188 543 3539 613 ’Βκκλησίασς
3579 546 3675 597 καὶ

2061 640 2163 708 τῆς
2185 641 2412 712 χάριτος
2446 640 2764 711 πλατυσμὺν
2813 640 2908 692 καὶ
2946 639 3278 711 προτιμησιν
3299 653 3316 669 ⁸
3354 638 3457 691 καὶ
3489 639 3674 707 ἐμφα-

2063 735 2271 798 νίζουσι
2296 733 2455 786 τοῦτο
2483 735 2531 785 οἱ
2565 733 2906 803 προάγοντες
2942 730 3148 802 θρόνοι.
3184 731 3277 784 καὶ
3319 731 3374 782 οί
3419 731 3550 782 κατ’
3577 731 3673 782 αὑ⁴

2063 829 2190 890 τοὺς
2238 825 2480 896 βασιλεῖς
2512 824 2610 877 καὶ
2647 824 2817 894 ἱερεῖς
2846 823 3049 894 ὁμοίως
3109 821 3478 889 δοξάζοντεςο
3519 822 3570 873 εί
3617 813 3675 874 δὲ

2063 916 2283 984 λέγουσί
2308 933 2456 978 τινες
2488 913 2946 984 κενοφωνοῦντες,
2969 914 3052 967 ὅτι
3080 914 3222 984 μετά
3244 913 3492 984 χρόνους
3517 912 3674 975 τινας

2066 1009 2165 1079 τῆς
2209 1007 2374 1078 ἕκτης
2422 1008 2644 1060 συνόδου
2694 1006 2917 1074 γέγονεν
2951 1007 2985 1077 ἡ
3026 1005 3138 1060 τῶν
3167 1006 3425 1060 κανόνων
3462 1004 3674 1058 τούτων

2067 1100 2397 1170 ἐκφώνησις,
2429 1099 2602 1161 οὐδεὶς
2649 1101 2773 1168 περὶ
2810 1097 2973 1151 τοῦτο
2995 1098 3096 1167 τῆς
3136 1098 3482 1168 Ἐκκλησίας
3514 1097 3674 1165 λόγος

2065 1195 2353 1248 διαπίπτει
2373 1211 2387 1223 ·
2425 1193 2545 1246 ούδέ
2573 1191 2684 1262 γὰρ
2705 1193 2734 1244 ό
2767 1193 2825 1244 ἐν
2862 1191 2943 1260 τῷ
2975 1190 3182 1259 μεταξὺ
3215 1192 3421 1262 χρόνος
3465 1175 3702 1242 κωλύε(

2067 1285 2268 1347 αὑτοὺς
2297 1282 2584 1336 καλεῖσθαι
2607 1281 2840 1345 κανόνας
2866 1282 2964 1352 τῆς
2981 1282 3148 1354 ἕκτης
3176 1282 3406 1335 συνόδου
3429 1298 3446 1314 ·
3473 1281 3676 1352 τὸγὰρ

2067 1379 2242 1430 αἴτιον
2268 1377 2369 1445 τῆς
2396 1375 2606 1428 τούτων
2635 1372 2939 1442 ἀθροίσεως
2971 1373 3218 1440 γέγονεν,
3253 1371 3458 1442 ἐπειδὴ
3487 1371 3617 1424 οὔτε
3644 1375 3677 1442 ή

2069 1465 2203 1534 ἁγία
2235 1471 2277 1517 ε’
2309 1465 2551 1527 σύνοδος,
2600 1463 2726 1517 οὔτε
2776 1463 2915 1533 αὑτὴ
2945 1466 2978 1534 ἡ
3012 1469 3067 1528 ς’
3095 1463 3329 1526 κανόνας
3379 1462 3674 1527 ἐξέθεντο⁹
3701 1521 3708 1536 ν

2068 1559 2156 1612 διὰ
2181 1555 2342 1610 τοῦτο
2381 1557 2671 1627 χρησίμως
2697 1557 2792 1609 καὶ
2817 1555 3134 1624 ἀναγκαίως
3161 1553 3556 1624 συνήχθησαν,
3583 1553 3679 1605 καὶ
3705 1605 3711 1611 ,

2069 1651 2292 1713 τούτους
2342 1649 2717 1720 ἐξεφώνησαν,
2763 1649 2904 1717 πρὸς
2949 1649 3130 1702 κοινὸν
3176 1647 3281 1718 τῆς
3325 1644 3674 1715 Ἐκκλησίας
3725 1658 3742 1666 “

2070 1745 2262 1814 ὄφελος
2281 1761 2294 1776 ο
2325 1744 2478 1798 οὑδέν
2502 1744 2559 1796 δέ
2581 1742 2703 1796 οὗτε
2733 1741 2809 1814 τῷ
2833 1741 3057 1813 ἀριθμῷ
3087 1741 3214 1795 οὕτε
3239 1743 3306 1812 τῇ
3333 1740 3474 1811 ἀξίᾳ
3502 1738 3676 1790 ἐλλεί-

377 1843 492 1898 sire
517 1839 866 1904 condentium
901 1853 1188 1893 numerum
1217 1847 1455 1902 spectes,
1479 1834 1592 1888 sive
1619 1832 1959 1900 dignitatem,

2077 1856 2264 1904 πουσι,
2296 1837 2433 1892 ἀλλὰ
2450 1837 2841 1900 πλεονάζουσιν
2857 1854 2872 1868 ·
2902 1837 2961 1890 ἐν
2979 1836 3091 1908 γὰρ
3115 1839 3182 1905 τῇ
3220 1835 3274 1900 ς’
3293 1834 3438 1904 ἁγίᾳ
3463 1831 3673 1900 συνόδῳ

376 1948 720 2014 ncqpaquam
763 1931 1051 1987 inferiores
1107 1937 1254 1992 sunt,
1289 1927 1400 1980 imo
1452 1925 1634 1995 potius
1675 1931 1961 1991 superant.

379 2013 512 2079 Nam
561 2032 727 2079 sexta:
765 2021 956 2094 synodi
1008 2031 1190 2090 patres
1231 2033 1368 2072 oux
1425 2017 1646 2071 circiter
1713 2013 1966 2075 fuerunt;

379 2133 645 2174 canonum
678 2125 859 2170 autem
913 2113 1208 2170 editionem
1241 2110 1463 2165 ducenti
1490 2117 1567 2162 _et
1600 2104 1968 2178 quadraginta

381 2209 618 2276 episcopi
660 2208 932 2266 fecerunt.

452 2348 542 2400 ll.
607 2343 724 2400 Jam
787 2345 854 2400 de
917 2357 1202 2398 sacrarum
1263 2342 1560 2410 imaginum
1615 2336 1971 2392 veneratione

375 2438 736 2492 auctoritates
777 2434 962 2489 multa:
1000 2442 1316 2488 sanctorum
1361 2429 1585 2484 Patrum
1635 2427 1727 2497 pio
1784 2437 1971 2482 nostro

383 2529 695 2600 imperatori
726 2528 924 2584 oblatae
968 2525 1209 2592 luerunt,
1247 2539 1368 2594 quae
1399 2522 1762 2577 indubitatam
1809 2521 1968 2574 iidem

381 2623 690 2694 legentibus
748 2619 1059 2683 faciebant;
1125 2632 1358 2688 quarum
1421 2615 1632 2683 integra
1687 2611 1968 2667 volumina

379 2716 620 2787 synodus
657 2713 867 2778 habuit,
906 2721 1067 2782 prout
1111 2711 1146 2765 ii
1179 2711 1269 2780 qui
1301 2711 1350 2763 ei
1389 2709 1776 2770 interfuerunt,
1805 2701 1968 2774 275

372 2818 550 2878 ratque
575 2809 751 2862 adhuc
775 2812 1092 2876 supersunt,
1125 2817 1253 2857 vere
1283 2799 1774 2857 testantur.-Porro
1809 2787 1971 2852 Euse-

384 2905 505 2956 bius
538 2901 804 2969 Pamphili
845 2901 897 2952 in
928 2898 1112 2954 multis
1141 2897 1363 2966 scriptis
1388 2897 1504 2951 suis
1535 2903 1761 2964 apparet
1799 2904 1967 2962 putus

380 2995 638 3060 Arianns,
682 3003 792 3046 tum
846 2990 1163 3045 nominatim
1219 2988 1272 3042 in
1337 2987 1429 3041 illa
1470 2986 1802 3056 epistola,iu
1859 2999 1966 3054 qua

381 3101 568 3140 sacras
623 3083 888 3153 imagines
947 3088 1135 3146 vetat,
1196 3077 1488 3134 manifeste
1542 3077 1969 3148 deprehenditur

2071 1933 2201 2005 περὶ
2253 1932 2382 1994 τοὺς
2419 1933 2616 1986 ἑκατὸν
2664 1931 3045 2002 ἐϐδομήκοντα
3089 1930 3344 1999 ὑπῆρχον
3395 1925 3672 2004 Πατέρες,

2071 2027 2130 2078 ἐν
2173 2024 2230 2078 δὲ
2274 2026 2341 2094 τῇ
2372 2024 2482 2078 ⁸τῶν
2528 2023 2770 2078 κανόνων
2800 2023 3044 2086 ἐκθέσει,
3071 2021 3351 2076 διακόσιοι
3385 2016 3672 2089 τεσσαράα

2072 2131 2234 2167 κοντα
2246 2156 2257 2166 .

2149 2346 2240 2392 ια’.
2271 2336 2396 2392 Ὅτι
2443 2334 2542 2392 καλ⁹
2587 2337 2715 2409 περὶ
2756 2338 2856 2409 τῆς
2885 2337 3320 2411 προσκυνήσεως
3351 2335 3470 2389 τῶν
3505 2335 3672 2406 ἱερῶν

2073 2432 2298 2486 εἰκόνιον
2340 2433 2566 2503 χρήσεις
2599 2431 2794 2485 πολλαὶ
2834 2431 3294 2503 προσηνέχθησαν
3323 2431 3408 2500 τῷ
3451 2429 3670 2484 εὐσεϐεῖ

2073 2525 2231 2595 ἡμῶν
2261 2525 2474 2595 βασιλεί
2511 2525 2623 2578 τῶν
2656 2525 2828 2593 ἁγίων
2873 2525 3156 2596 ίΙατέρων,
3185 2525 3253 2578 δι’
3281 2518 3359 2578 ὧν
3411 2523 3524 2577 ἔδει
3572 2523 3670 2589 τὴν

2075 2619 2454 2688 πληροφορίαν
2496 2621 2633 2672 πᾶσι
2661 2622 2774 2682 τοῖς
2825 2619 3250 2689 ἐντυγχάνουσιν
3280 2619 3668 2673 ἀνενδοίαστον

2071 2709 2351 2778 γενέσθαι,
2383 2703 2460 2764 ὧν
2503 2710 2573 2764 τὰ
2611 2711 2886 2783 ὁλόκληρα
2933 2710 3115 2780 βιϐλία
3156 2712 3189 2781 ὴ
3231 2709 3459 2775 σύνοδος
3493 2705 3663 2778 εἶχεν,

2071 2803 2144 2866 ὡς
2193 2803 2241 2855 oi.
2272 2802 2382 2856 τῶν
2441 2802 2777 2875 εὑρεθέντων
2810 2805 2869 2857 ἐν
2903 2805 3040 2874 αὐτῇ
3083 2804 3372 2875 περιόντες
3432 2803 3533 2856 σὺν
3599 2805 3663 2872 τῇ

2071 2896 2304 2968 ἀληθείᾳ
2340 2895 2735 2968 μαρτυροῦσιν.
2765 2897 2890 2950 Ὅτι
2924 2897 2980 2949 δὲ
3009 2899 3036 2950 ὁ
3076 2897 3370 2966 Παμφίλου
3401 2894 3667 2956 Εὐσέϐιος

2071 2991 2130 3044 ἐν
2163 2990 2380 3054 πολλοῖς
2405 2990 2839 3063 συγγράμμασιν
2867 2991 3034 3044 αὑτοῦ
3060 2990 3340 3044 δείκνυται
3385 2988 3666 3061 Ἀρειανὸς

2069 3084 2315 3154 γνήσιος,
2374 3083 2514 3136 ἀλλά
2553 3083 2650 3136 καὶ
2683 3086 2742 3136 ἐν
2776 3085 2912 3154 αὐτῇ
2955 3085 3022 3154 τῇ
3053 3083 3316 3152 ἐπιστολῇ
3358 3081 3533 3135 αὑτοῦ
3571 3079 3663 3148 (υ),

383 3178 579 3231 Filium
612 3175 708 3230 Dei
739 3174 924 3230 dicere
959 3173 1183 3228 secundi
1206 3173 1416 3227 ordinis
1447 3171 1638 3234 Deum,
1667 3179 1722 3225 et
1753 3178 1963 3224 creatu-

2073 3175 2132 3226 ἐν
2223 3174 2322 3244 τὴν
2373 3175 2484 3227 τῶν
2513 3174 2678 3244 ἱερῶν
2710 3173 2940 3227 εἰκόνων
2979 3175 3361 3245 ἀπαγόρευσιν
3401 3175 3660 3231 ποιεῖται,

371 3286 523 3334 ram,
560 3268 848 3337 Patrisque
893 3281 1134 3322 servum.
1159 3265 1490 3334 Pariterque
1521 3264 1816 3318 lmmanam
1858 3260 1969 3316 for-

381 3379 550 3425 tnam,
585 3376 748 3430 quam
785 3359 1046 3413 Dominus
1089 3371 1153 3412 ac
1199 3358 1342 3412 Deus
1373 3364 1560 3410 noster
1587 3355 1764 3410 nostri
1804 3367 1971 3408 causa

378 3455 700 3521 assumpsit,
743 3461 1054 3506 concretam
1105 3463 1226 3505 esse
1261 3463 1385 3504 cum
1439 3448 1610 3518 ipsius
1661 3447 1966 3511 divinitate,

381 3539 1029 3610 totamqneimmutatam
1078 3550 1304 3606 censet;
1337 3553 1460 3609 quae
1518 3551 1746 3608 prorsus
1775 3535 1970 3591 catho-

385 3635 502 3688 iicze
525 3617 780 3687 Ecclesia:
809 3632 1092 3687 scntentim
1115 3634 1498 3686 adversantur.
1526 3628 1756 3685 Constat
1789 3633 1967 3682 autent

381 3738 438 3780 et
477 3726 686 3794 aliquot
736 3734 862 3792 post
903 3723 1022 3792 ejus
1055 3725 1260 3778 obitum
1297 3723 1458 3776 annis
1495 3737 1523 3776 a
1559 3720 1836 3776 nonnullis
1865 3719 1968 3773 Pa—

356 3819 561 3873 -tribus
611 3818 872 3890 synodico
927 3818 1151 3873 decreto
1229 3829 1328 3871 ceu
1393 3814 1658 3868 Arianum
1725 3811 1964 3866 Ecclesia

379 3908 636 3975 ejectum,
663 3922 816 3977 aeque
851 3923 916 3963 ac
959 3908 1095 3962 alios
1131 3907 1454 3972 haereticos;
1491 3905 1773 3975 increpitis
1802 3906 1964 3958 etiam

381 4003 488 4056 illis
517 4001 610 4070 qui
635 4002 829 4055 horum
863 3999 1135 4056 iaciebant
1169 3997 1778 4054 commemorationem.
1823 3996 1966 4066 Ergo

375 4095 566 4163 quivis
594 4093 951 4148 Christianus
1006 4093 1346 4148 orthodoxus
1374 4088 1604 4160 iudicet,
1635 4105 1765 4144 num
1799 4091 1870 4144 sit
1910 4090 1964 4144 in

377 4187 683 4242 Ecclesiam
743 4184 1116 4240 admittendus
1169 4184 1259 4239 hic
1291 4222 1307 4247 ,
1350 4183 1444 4253 qui
1503 4182 1638 4237 tales
1702 4180 1965 4235 adversus

381 4280 730 4334 Servatorem
786 4287 1034 4331 nostrum
1099 4276 1376 4332 Christum
1427 4274 1605 4351 Deum
1657 4271 1894 4328 ell‘utivit
1946 4290 1960 4327 :

379 4386 687 4442 quanquam
727 4369 867 4424 idem
899 4369 1100 4439 partim
1126 4368 1291 4423 etiam
1337 4368 1610 4433 laudatur,
1644 4367 1788 4422 velut
1839 4364 1964 4419 Ori-

380 4480 544 4532 genes
601 4461 804 4534 aliique
859 4463 1013 4516 multi
1069 4471 1222 4516 extra
1260 4459 1563 4515 Ecclesiam
1618 4457 1800 4527 positi.
1831 4456 1961 4524 Qua:

2074 3267 2396 3338 εὑρίσκεται
2426 3265 2614 3334 σαφῶς
2665 3266 2759 3318 τὸν
2797 3267 2926 3319 Υίὸν
2974 3266 3068 3319 τοῦ
3099 3265 3237 3321 Θεοῦ
3280 3267 3544 3337 δεύτερον
3575 3266 3662 3319 λέ-

2073 3375 2192 3424 γειν
2228 3357 2362 3409 Θεὸν
2399 3357 2494 3410 καὶ
2541 3356 2747 3427 κτίσμα
2802 3357 2896 3410 καὶ
2943 3359 3226 3430 ὑπηρέτην
3261 3359 3356 3412 τοῦ
3407 3359 3660 3428 Πατρόςο

2071 3449 2334 3511 ὡσαύτως
2364 3448 2420 3501 δὲ
2451 3448 2546 3501 καὶ
2569 3449 2670 3517 τὴν
2710 3447 3064 3522 ἀνθρωπίνην
3097 3449 3335 3522 μορφὴν,
3371 3450 3442 3522 ἣν
3472 3451 3662 3504 ἔλαϐεν

2072 3545 2100 3596 ὁ
2131 3542 2334 3613 Κύριος
2365 3542 2459 3596 καὶ
2489 3541 2625 3605 Θεὸς
2657 3542 2814 3612 ἡμῶν
2861 3544 3002 3612 ὑπὲρ
3051 3543 3210 3613 ἡμῶν
3237 3542 3657 3615 ἀνακεκρᾶσθαι

2070 3638 2138 3707 τῇ
2167 3637 2286 3689 κατ’
2327 3635 2488 3688 αὑτὸν
2535 3633 2772 3705 θεότητι,
2807 3635 2902 3688 καὶ
2941 3635 3402 3708 μεταϐεϐλῆσθαι
3435 3638 3564 3706 ὃλην
3594 3632 3658 3685 δι’

2070 3725 2195 3780 ὅλου
2247 3724 2502 3788 δοξάζει⁸
2553 3724 2698 3794 άπερ
2747 3723 2887 3778 εἰσὶν
2935 3725 3156 3779 ἐναντία
3190 3727 3548 3781 παντάπασιν
3585 3723 3658 3792 τῷ

2071 3817 2172 3886 τῆς
2204 3815 2498 3884 καθολικῆς
2545 3815 2875 3887 Ἐκκλησίας
2918 3817 3230 3888 φρονήματι
3261 3835 3274 3848 ·
3309 3817 3570 3888 φαίνεται
3605 3814 3656 3866 δὲ

2073 3907 2169 3960 καὶ
2217 3905 2358 3974 μετά
2390 3908 2614 3976 χρόνους
2657 3906 2810 3970 τινας
2854 3906 2950 3960 τοῦ
2985 3905 3220 3960 θανάτου
3269 3908 3444 3960 αὑτοῦ
3512 3905 3656 3975 παρά

2067 4017 2232 4053 τινων
2283 4001 2548 4068 Πατέρων
2589 3995 2891 4062 συνοδικῶς
2938 4001 3015 4071 (π)
3077 4001 3156 4064 ὡς
3211 4002 3499 4073 ’Λρειανδς
3559 3999 3652 4067 τῆς

2080 4090 2410 4161 Ἐκκλησίας
2448 4089 2867 4160 ἐκϐαλλόμενος,
2905 4091 3044 4162 μετά
3089 4093 3306 4164 ἐτέρων
3333 4095 3544 4164 ὁμοίως
3573 4093 3654 4144 αἱ·

2071 4185 2322 4254 ρετικῶν,
2360 4183 2796 4252 ἐπιτιμηθέντων
2823 4185 2918 4238 καὶ
2952 4184 3058 4238 τῶν
3089 4187 3188 4249 τὰς
3215 4187 3446 4257 μνήμας
3475 4183 3650 4238 αὐτῶν

2065 4275 2484 4330 ἐπιτελούντων.
2536 4277 2796 4346 Κρινὰτω
2848 4272 2942 4329 οῦν
2981 4279 3092 4340 πᾶς
3157 4277 3490 4348 Χριστιανὸς
3548 4275 3650 4328 τῶν

2064 4367 2489 4437 όρθοδοξούντων
2555 4369 2603 4420 εἰ
2639 4368 2830 4432 δεκτός
2892 4369 3041 4422 ἐστιν
3107 4371 3164 4422 ἐν
3222 4373 3285 4441 τῇ
3353 4370 3648 4440 Ἐκκλησία

2063 4454 2218 4523 οὗτος
2251 4460 2352 4522 τὰς
2399 4459 2657 4523 τοιαύτας
2691 4459 3040 4530 βλασφημίας
3075 4463 3216 4516 κατὰ
3261 4463 3354 4516 τοῦ
3400 4467 3648 4532 Σωτῆρος

382 4571 502 4609 cum
541 4557 610 4608 ita
641 4568 702 4610 se
758 4552 1016 4614 habeant,
1054 4568 1212 4606 nemo
1243 4563 1381 4604 sano
1410 4551 1636 4604 consilio
1678 4549 1960 4618 praeditus,

2068 4553 2224 4622 ἡμῶν
2253 4551 2493 4622 Χριστοῦ
2529 4550 2624 4604 τοῦ
2663 4553 2800 4606 Θεοῦ
2836 4551 3046 4623 ἐκχὲων
3073 4571 3086 4584 ·
3121 4557 3171 4607 εἰ
3197 4554 3254 4607 δέ
3279 4573 3332 4608 τι
3363 4558 3462 4610 καὶ
3490 4557 3644 4608 ἐπαι-

381 4649 461 4702 rel
489 4647 744 4700 Ecclesia:
779 4645 1110 4699 anxietatem
1142 4645 1384 4707 damnet,
1410 4643 1491 4696 vel
1523 4643 1960 4696 criminationem

381 4739 707 4808 culpamque
751 4737 802 4788 in
835 4742 997 4803 caput
1020 4749 1208 4789 eorum
1239 4731 1494 4800 reiectam
1531 4733 1622 4800 qui
1679 4746 1738 4784 se
1773 4737 1966 4800 sponte

381 4829 704 4886 abEt-clcsia
729 4826 1374 4896 separarunt;quamdiu
1407 4835 1574 4886 certe,
1609 4822 1716 4875 Dco
1737 4822 1966 4890 permit-

383 4935 552 4988 tente,
586 4925 701 4978 haec
763 4923 1024 4975 adversus
1084 4919 1201 4986 ejus
1245 4918 1538 4971 constituta
1593 4928 1968 4983 canonemqne

381 5019 576 5073 seditio
607 5023 942 5088 perseverat.
981 5012 1053 5066 llt
1093 5020 1273 5065 autem
1329 5008 1578 5078 superius
1619 5005 1823 5062 dictum
1856 5014 1964 5071 est,

381 5109 650 5179 synodum
691 5106 1086 5162 mcumenicam
1121 5101 1360 5156 Ecclesia
1391 5111 1692 5155 convocare
1726 5095 1867 5153 solet
1897 5094 1966 5152 ob

380 5199 682 5268 quatttlibet
713 5197 1120 5254 contentionem
1155 5195 1222 5249 de
1277 5194 1456 5249 medio
1507 5193 1822 5260 tollendam,
1867 5205 1966 5260 pa-

383 5307 611 5362 cemque
645 5307 765 5346 cum
801 5289 894 5344 Dei
949 5287 1147 5358 placito
1193 5278 1576 5342 Stabiliendam
1621 5301 1718 5357 per
1765 5285 1968 5342 saecula

384 5383 730 5436 uasculorum.
763 5382 955 5434 Amen.

453 5583 534 5657 (τι)
567 5581 786 5657 scilicet
811 5581 863 5635 in
887 5579 1145 5657 Trullano
1166 5591 1378 5657 canone
1393 5575 1468 5657 δῇ
1495 5575 1813 5657 imperatum
1841 5573 1965 5638 fuit,

384 5667 436 5706 ut
463 5646 689 5708 ‘Christi
732 5653 962 5705 humana
1024 5652 1194 5721 iigura
1246 5647 1554 5721 symboligze
1581 5647 1721 5721 _ag_ni
1748 5646 1962 5721 :l'ormze

384 5725 835 5784 substitueretur,
889 5715 1085 5790 quam'
1109 5715 1426 5790 superiores
1465 5715 1805 5780 Christiani,
1861 5730 1958 5770 ceu

383 5793 580 5849 Christi
622 5783 830 5862 typum,
860 5783 1082 5845 eatenus
1121 5783 1356 5842 venerati
1403 5783 1635 5840 fuerant.

2060 4647 2252 4707 νεῖται,
2283 4643 2537 4714 καθάπερ
2583 4644 2868 4714 Ὠριγένης
2895 4647 2990 4698 καὶ
3021 4645 3174 4699 ἄλλοι
3202 4647 3392 4700 πολλοὶ
3415 4648 3523 4701 τῶν
3545 4646 3644 4710 ἔξω

2060 4735 2161 4801 τῆς
2201 4734 2534 4804 Ἐκκλησίας
2559 4736 2731 4789 ὀντων
2757 4752 2770 4765 ·
2805 4735 3011 4806 τούτων
3062 4737 3236 4802 οὕτως
3264 4739 3522 4810 ἐχόντων,
3552 4735 3641 4790 οὑ-

2036 4861 2038 4865 -
2061 4828 2171 4888 Esi;
2202 4827 2312 4878 τῶν
2338 4823 2398 4878 εὖ
2421 4825 2770 4896 φρονούντων
2800 4827 2923 4881 οὔτε
2947 4829 3185 4901 ἀπορίαν
3218 4829 3640 4901 καταψηφιεῖται

2063 4917 2164 4986 τῆς
2211 4915 2564 4986 Ἐκκλησίας,
2600 4916 2722 4970 οὔτε
2771 4917 3028 4989 ἔγκλημα
3068 4921 3164 4973 καὶ
3212 4921 3522 4992 ἁμάρτημα
3552 4917 3639 4970 ἐπὶ

2063 5007 2163 5072 τὰς
2194 5006 2444 5076 κεφαλὰς
2471 5006 2586 5060 τῶν
2620 5009 2851 5073 ἑαυτοὺς
2885 5011 3148 5076 ἑκουσίως
3178 5013 3280 5084 τῆς
3321 5011 3638 5082 Ἐκκλησίας

2064 5097 2476 5171 ἀποσχιςόντων
2497 5117 2512 5132 ·
2543 5101 2594 5154 εί
2619 5101 2755 5156 Θεοῦ
2788 5105 3140 5176 συγχωρήσει
3178 5107 3430 5175 ἐπιμένοι
3457 5104 3524 5158 τά
3541 5100 3636 5169 τῆς

2064 5192 2405 5256 διαστάσεως
2441 5193 2584 5247 κατά
2607 5195 2696 5248 τὸν
2717 5195 2915 5249 ἐαυτοῦ
2949 5196 3151 5268 θεσμὸν
3180 5199 3274 5252 καὶ
3306 5200 3505 5252 κανόνα
3523 5211 3536 5224 ·
3563 5193 3634 5255 ὡς

2065 5282 2110 5336 δ’
2140 5281 2400 5356 ἀνωτέρω
2451 5284 2673 5356 ἐλέχθη,
2710 5285 2926 5342 σύνοδον
2953 5289 3338 5359 οίκουμενικὴν
3367 5284 3634 5344 ἐπικαλεῖ-

2067 5393 2159 5430 ται
2177 5379 2210 5447 ή
2255 5376 2556 5448 Ἐκκλησία
2579 5385 2718 5452 πρὸς
2745 5380 2808 5435 τδ
2837 5375 3018 5436 πᾶσαν
3042 5384 3382 5452 φιλονεικίαν
3401 5376 3632 5437 ἐκποδὼν

2147 5575 2219 5646 (υ)
2273 5575 2472 5646 Nempe
2511 5577 2595 5631 illa
2643 5581 2709 5632 ad
2754 5579 3125 5646 Constantiam
3159 5581 3350 5637 Licinii
3398 5590 3624 5646 uxorem.

2069 5644 2556 5716 qmememoratur
2591 5651 2642 5702 in
2677 5651 2876 5705 concil.
2907 5651 2946 5704 ll
2999 5644 3120 5706 Nic.
3153 5663 3258 5706 act.
3301 5654 3355 5714 5,
3383 5654 3479 5705 col.
3505 5644 3620 5702 565.

2139 5713 2602 5802 (_.e)‘l“iimi.rutn.in
2633 5720 2894 5802 syngdica
2933 5723 3150 5778 concilii
3196 5713 3352 5778 Alex.
3388 5719 3619 5792 cpistola.

2065 5787 2198 5842 Lai).
2229 5787 2431 5846 Concil.
2460 5798 2497 5842 ι.
2528 5789 2564 5854 Ι,
2599 5787 2702 5843 col.
2734 5789 2858 5844 5-H.
3421 5787 3435 5792 ’
3495 5807 3500 5814 ·
