4016 6432
445 358 546 419 849

1136 365 1701 428 APOLOGETICUS
1741 371 1990 431 MINOR
2029 372 2177 432 PRO
2217 375 2480 435 SACRIS
2521 371 3004 439 IMAGINIBUS.

3604 379 3715 439 850

446 465 720 530 γῖνέσθαι,
756 469 854 524 καὶ
883 469 980 540 τὴν
1023 472 1246 542 εἰρήνην
1281 475 1465 546 χάριτι
1494 479 1586 530 καὶ
1634 479 1854 552 εὐδοκία
1883 481 2020 535 Θεοῦ
2065 483 2435 558 βραδευθῆναι
2481 489 2538 540 ὲν
2603 491 2742 559 αὐτ-ᾔ
2777 492 2856 552 εἰς
2917 492 3042 554 τοὺς
3096 490 3295 554 αἰῶνας
3327 492 3436 544 τῶν
3476 489 3710 544 αίώνων.

459 563 513 615 Ἀ
525 564 652 633 μὴν.
824 571 854 603 ⁸

459 725 823 741 *—_——_

1279 873 1505 929 ETEPA
1543 877 1904 933 ΔΠΟΔΕΙΞΙΣ
1939 877 2106 933 ΠΕΡΙ
2141 879 2280 933 ΤΩΝ
2313 879 2518 934 APION
2558 880 2894 938 EIKONON.

947 1184 1116 1258 276
1152 1187 1473 1252 ALTERA
1518 1190 2164 1253 DEMONSTRATIO
2210 1189 2316 1250 DE
2359 1187 2688 1250 SANCTIS
2733 1186 3224 1251 IMAGINIBUS.

519 1351 624 1401 τὸν
651 1349 748 1402 ἕνα
775 1351 1012 1420 Χριστὸν
1033 1351 1410 1422 ὁμολογοῦμεν
1433 1353 1665 1422 ἀόρατον
1694 1353 1786 1406 καὶ
1813 1354 2027 1423 ὁρατὸν,

2208 1328 2386 1406 Unum
2416 1349 2694 1404 Christum
2719 1350 3042 1404 conlitemnr
3081 1348 3406 1404 invisibilem
3438 1359 3494 1404 et
3528 1349 3718 1404 visibi-

450 1442 834 1514 ἀκατάληπτον
891 1447 987 1495 καὶ
1033 1444 1419 1514 καταληπτὸν,
1469 1446 1886 1516 ἁπερίγραπτον
1934 1445 2030 1498 καὶ

451 1535 856 1604 περιγραπτὸν,
889 1535 1078 1604 ἀπαθῆ
1108 1551 1169 1588 τε
1204 1537 1300 1589 καὶ
1328 1536 1595 1606 παθητὸν,
1619 1536 1900 1604 ἄγραπτον
1933 1534 2030 1588 καὶ

448 1627 725 1697 γραπτόν·
779 1629 873 1680 καὶ
902 1627 1377 1700 ἀναθεματίζομεν
1422 1631 1550 1694 τοὺς
1604 1629 1847 1684 ἐναντίον
1899 1647 2030 1702 φρο-

445 1716 696 1782 νοῦντας,
711 1718 1020 1788 ὁμόφρονας
1040 1718 1135 1772 καὶ
1152 1719 1495 1788 συνίστορας,
1513 1721 1603 1790 ὑφ’
1620 1713 1696 1774 ὧν
1715 1721 1856 1790 ὁτῆς
1877 1720 2028 1784 Θείας

447 1806 920 1878 ὲνανορωπήσεως
944 1808 1102 1877 λόγος
1129 1810 1271 1862 κατὰ
1299 1811 1604 1888 φαντασίαν
1625 1813 1912 1881 γεγονέναι
1935 1811 2031 1865 καὶ

446 1897 669 1967 δόκησιν
701 1898 988 1964 ἐδοξάζετο
1009 1915 1025 1929 ο
1054 1900 1144 1954 διὰ
1173 1905 1274 1973 τῆς
1305 1903 1644 1972 ἀναιρέσεως
1681 1904 1782 1974 τῆς
1819 1903 2030 1967 εἰκόνος

445 1991 543 2043 τοῦ
569 1989 810 2060 Χριστοῦ
836 1992 931 2044 καὶ
959 1992 1214 2063 Σωτῆρος
1234 1995 1413 2064 ἡμῶν,
1445 1995 1911 2065 ἐναναιρουμένης
1934 1995 2028 2049 καὶ

446 2079 549 2149 τῆς
591 2081 972 2153 ἀληθεστάτης
1022 2083 1191 2138 αὐτοῦ
1237 2086 1332 2140 καὶ
1389 2085 1648 2157 θεοφόρου
1701 2087 1902 2156 σαρκὸς
1933 2089 2030 2142 κο.)⁸

450 2171 702 2240 μορφῆςο
737 2172 898 2243 διχῶς
931 2173 1040 2244 γὰρ
1075 2174 1368 2244 νοούμενον
1405 2177 1514 2230 πᾶν
1544 2177 1606 2229 τὸ
1641 2177 1912 2247 μηδαμῶς
1953 2178 2028 2232 εί-

447 2263 756 2328 κονίζεσοαι
811 2266 1144 2336 πεφυκὸς,ἢ
1192 2267 1267 2332 ὡς
1302 2268 1399 2340 ζμὴ
1452 2267 1528 2334 ὂν,
1567 2270 1600 2338 ἢ
1653 2269 1729 2333 ὼς
1783 2268 1843 2322 ὃν
1903 2269 2025 2341 μὲν,

445 2354 648 2424 ἥκιστα
707 2356 765 2408 δὲ
810 2356 1391 2428 καταλαμϐανόμενον,
1427 2359 1505 2422 ὡς
1549 2360 1782 2430 ἀόρατόν
1828 2377 1889 2413 τε
1932 2360 2028 2414 καὶ

446 2444 703 2514 κρύφιον,
757 2446 1022 2518 ὁπότερον
1052 2447 1117 2501 ἄν
1153 2465 1239 2512 τις
1284 2449 1378 2502 ἐπὶ
1409 2450 1650 2520 Χριστοῦ
1682 2450 1775 2504 τοῦ
1806 2453 2027 2507 πάντων

445 2539 476 2605 ἡ
487 2537 603 2605 μῶν
629 2537 765 2590 Θεοῦ
796 2538 890 2590 καὶ
912 2539 1168 2610 Σωτῆρος
1199 2540 1435 2606 δοξάσει,
1471 2543 1572 2594 οὐκ
1613 2541 1814 2614 ἀσεϐὴς
1840 2559 2028 2612 φωρα-

444 2625 670 2696 θήσεται
695 2627 1126 2698 προδηλότατον;
1153 2630 1227 2683 Τὸ
1259 2630 1358 2700 μὲν
1386 2629 1518 2702 γὰρ,
1549 2630 1611 2682 τὸ
1639 2630 1714 2701 μὴ
1740 2631 2026 2698 γεγονέναι

2135 1446 2266 1509 lem,
2322 1439 2869 1512 incomprehensilem
2915 1451 2972 1495 et
3019 1442 3591 1510 compreltensihilem,
3626 1443 3713 1496 in-

2131 1533 2612 1601 circumscriptum
2675 1539 2731 1585 et
2771 1531 3274 1609 circumscriptum,
3319 1531 3714 1602 impassibiletn

2131 1637 2187 1680 et
2225 1624 2562 1696 passibilem,
2593 1638 2698 1677 non
2729 1621 3107 1677 delineandum
3157 1621 3322 1677 simul
3353 1631 3409 1678 et
3434 1621 3714 1676 delinean-

2131 1721 2281 1776 dum.
2343 1711 2894 1772 Anatltematizamus
2949 1720 3133 1768 autem
3191 1722 3594 1768 consectaneus
3660 1722 3716 1766 et

2131 1808 2510 1878 conspirantes
2561 1805 2656 1874 qui
2704 1802 3040 1858 contrariam
3098 1803 3442 1859 sententiam.
3475 1812 3714 1874 gerunt,

2131 1917 2161 1956 a
2220 1899 2422 1972 quibus
2473 1898 2670 1954 divinae
2724 1896 3122 1953 incarnationis
3173 1897 3314 1952 ratio
3367 1897 3716 1954 existimatur

2129 1991 2501 2064 pltanslastica
2559 1999 2615 2043 et
2690 1989 2964 2058 putativa;
3023 2003 3054 2042 a
3121 1989 3320 2058 quibus
3377 1989 3511 2044 item
3588 2006 3712 2046 cum

2131 2082 2384 2153 imaginis
2413 2081 2610 2136 Clu-isti
2655 2077 2962 2135 Servatoris
3009 2079 3178 2134 nostri
3212 2079 3529 2146 abolitione,
3563 2080 3713 2151 ejus-

2128 2173 2251 2227 dem
2307 2173 2511 2241 pariler
2563 2171 2844 2226 verissima
2891 2177 2946 2223 et
2999 2167 3206 2224 deifera
3255 2184 3386 2224 caro
3423 2179 3480 2226 et
3534 2170 3709 2226 forma

2131 2265 2451 2320 destruitur.
2485 2261 2619 2317 Nam
2663 2279 2784 2318 cum
2844 2261 3135 2332 dupliciter
3187 2260 3394 2330 aliquid
3453 2277 3553 2316 ceu
3607 2262 3710 2315 mi-

2130 2356 2278 2410 nime
2352 2353 2697 2424 figurandum
2749 2353 3052 2408 existimari
3110 2353 3317 2422 possit;
3378 2367 3571 2423 nempe
3627 2353 3712 2408 vel

2129 2447 2254 2518 quia
2298 2445 2504 2501 nullum
2549 2456 2670 2512 est;
2701 2445 2781 2502 vel
2807 2445 2932 2515 quia
2987 2455 3068 2499 est
3123 2445 3366 2515 quidem,
3397 2445 3492 2500 sed
3527 2453 3712 2500 tamen

2130 2537 2515 2608 comprehendi
2550 2538 2967 2606 nequit,utpote
3012 2535 3286 2591 invisibile
3313 2545 3368 2590 et
3412 2551 3708 2603 arcanum;

2130 2631 2450 2687 utrumlibet
2495 2632 2546 2686 in
2591 2632 2810 2686 Christo
2853 2633 3096 2686 omnium
3153 2641 3464 2688 nostrorum
3509 2631 3620 2687 Deo
3649 2648 3712 2686 ac

445 2717 587 2770 κατὰ
630 2717 896 2788 ἀλήθειαν
945 2719 1235 2790 ἄνθρωπον
1285 2722 1376 2774 τὸν
1426 2723 1775 2793 Ἐμμανουὴλ
1828 2721 2058 2775 διαδείιη

2132 2721 2428 2779 Servatore
2482 2724 2749 2794 quispiam
2797 2725 3093 2788 existimet,
3129 2737 3311 2777 nonne
3378 2721 3712 2778 manifestis-

445 2827 632 2863 κνυσι·
672 2809 733 2862 τὸ
772 2810 848 2874 δὲ,
897 2811 1183 2879 γεγονέναι
1239 2813 1357 2882 μὲν,
1411 2812 1764 2885 ἐξεστηκέναι
1807 2813 1864 2866 δὲ
1918 2813 2026 2866 τῶν

445 2900 804 2971 ἀνθρωπίνων
869 2901 1173 2974 ίδιοτήτων,
1254 2905 1350 2958 καὶ
1427 2905 1528 2976 τὴν
1585 2905 2028 2976 προσληφθεῖσαν

445 2991 820 3046 ἀποϐαλέσθαι
854 2994 1053 3064 σάρκα,
1106 2995 1203 3047 καὶ
1238 2994 1376 3066 πρὸς
1427 2995 1526 3066 τὴν
1561 2995 1713 3050 Θείαν
1755 2996 2027 3068 ἀκαταλη-

444 3083 596 3154 dictv,
625 3085 806 3155 πάντη
851 3102 910 3138 τε
947 3086 1042 3140 καὶ
1071 3082 1230 3150 αὖθις
1271 3086 1608 3158 ἀναδραμεῖν
1633 3104 1648 3119 ⁸
1683 3089 1820 3159 ὅπερ
1869 3088 2029 3142 ἀλλό-

443 3175 596 3244 τριόν
627 3176 748 3228 ἐστι
782 3174 976 3230 πασῶν
1007 3176 1116 3230 τῶν
1141 3176 1519 3232 θεοπνεύστων
1553 3178 1810 3251 Γραφῶν,
1845 3179 1902 3232 αἲ
1934 3179 2028 3233 καὶ

445 3265 612 3320 πάλιν
645 3266 810 3320 αὐτὸν
841 3267 1164 3337 ἐληλυθέναι
1196 3267 1380 3342 [φασὶ]
1425 3269 1617 3341 κριτὴν
1644 3271 1892 3342 δηλονότι
1919 3271 2027 3326 τῶν

444 3360 584 3412 ὅλων
611 3359 755 3413 κατά
784 3359 852 3413 τὰ
891 3361 1032 3413 αὑτά
1065 3361 1162 3412 καὶ
1203 3361 1466 3426 ὡσαύτως
1505 3362 1936 3434 θεαθησόμενον,
1969 3365 2027 3418 ὃν

444 3452 650 3522 τρόπον
679 3451 876 3522 ἐθεάθη
910 3453 1024 3516 τοῖς
1061 3452 1334 3523 μαθηταῖς
1379 3454 1544 3508 αὐτοῦ
1577 3459 1670 3509 καὶ
1703 3457 2026 3521 ἀποστόλοις

447 3546 528 3606 εἰς
560 3544 826 3613 οὐρανοὺς
857 3543 1382 3616 ἀναλαμϐανόμενος
1402 3565 1414 3576 ·
1459 3550 1556 3617 τῆς
1596 3547 1656 3601 δὲ
1677 3550 2028 3622 Μανιχαῖκῆς

445 3635 605 3706 δόξης
653 3637 750 3690 καὶ
794 3637 1118 3702 δυσσεϐείας
1147 3638 1210 3691 τὸ
1249 3639 1492 3693 τοιοῦτόν
1539 3643 1688 3694 ἐστιν
1721 3642 2030 3712 ἀνάμεστον

449 3726 896 3798 φρενοδλαϐοὗς·
954 3731 1050 3782 καὶ
1087 3730 1218 3799 ’περὶ¹
1244 3729 1409 3784 αὐτοῦ
1452 3729 1512 3784 τὸ
1545 3729 1640 3782 τοῦ
1685 3729 1830 3784 θείου
1868 3731 2032 3785 Δαὸὶδ

449 3819 892 3890 προσφθέγγεται
948 3820 1130 3888 λόγιον
1192 3822 1254 3875 τὺ
1292 3822 1522 3892 φάσκον,
1595 3823 1699 3877 Ἐν
1754 3822 1833 3889 τῷ
1880 3823 2034 3889 ἡλίῳ

446 3911 616 3964 ἔθετο
647 3911 710 3964 τὸ
750 3911 1043 3980 σκήνωμα
1075 3913 1286 3977 αὑτοῦ,
1317 3913 1414 3983 τὴν
1451 3913 1724 3984 ἀποϐολὴν
1771 3915 1864 3968 καὶ
1897 3916 2032 3970 ἀπό-

451 4002 602 4056 θεσιν
628 4003 1009 4072 αίνιττὰμενον
1048 4003 1140 4057 τοῦ
1186 4004 1470 4075 Κυριακοῦ
1535 4006 1739 4077 δηλαδὴ
1774 4009 1868 4060 καὶ
1914 4007 2031 4062 θεο-

450 4097 618 4165 φόρου
654 4094 926 4164 σώματος.

516 4341 534 4370 ³
574 4342 693 4396 Act.
734 4353 775 4404 ι.
807 4340 892 4395 ll.
933 4339 953 4370 '
985 4337 1126 4396 Psal.
1163 4356 1318 4407 xvm,
1347 4341 1400 4398 6.

2131 2811 2270 2867 sime
2321 2811 2520 2882 impius
2571 2811 2871 2867 eritiNam
2924 2813 3096 2882 prima
3132 2812 3349 2882 quidem
3390 2812 3574 2881 opinio
3617 2812 3714 2868 deo

2133 2911 2458 2958 monstraret
2488 2901 2896 2960 Emmanuclem
2927 2905 3067 2959 haud
3103 2919 3230 2958 vere
3273 2902 3477 2958 factum
3534 2903 3714 2958 immi-

2131 3009 2290 3060 nem;
2323 2994 2492 3050 altera
2515 2995 2716 3050 factum
2737 3011 2869 3052 sane
2902 2996 3198 3059 hominem,
3218 2995 3313 3051 sed
3343 3006 3524 3050 tamen
3555 3005 3713 3050 extra

2132 3085 2399 3142 humanas
2421 3087 2786 3157 prOprietates
2810 3084 3001 3155 fuisse,
3029 3087 3102 3157 et]
3121 3095 3458 3154 assumptam
3487 3101 3712 3142 carnem
3756 3145 3764 3154 ,

2132 3175 2417 3246 abjecisse,
2450 3188 2614 3247 atque
2641 3178 2711 3232 ad
2733 3176 2972 3232 divinam
3004 3176 3710 3248 incomprehensibilitatem

2134 3285 2322 3326 rursus
2353 3269 2577 3326 omnino
2602 3269 2845 3324 rediisse.
2878 3268 3032 3336 Quod
3079 3269 3292 3324 cunctis
3341 3269 3565 3324 omnino
3627 3267 3714 3323 in-

2135 3360 2357 3431 spiratis
2404 3357 2702 3429 Scripturis
2733 3359 2966 3414 alienum
2995 3369 3100 3422 est,
3145 3373 3268 3428 quae
3321 3367 3484 3412 etiam
3533 3359 3711 3412 denuo

2134 3467 2257 3508 eum
2285 3435 2648 3506 ’reversurum
2693 3452 2888 3518 aiunt,
2935 3449 3176 3520 judicem
3252 3449 3465 3506 scilicet
3522 3449 3711 3505 codem

2134 3545 2294 3598 modo
2324 3543 2700 3614 conspicuum,
2725 3558 2834 3613 quo
2871 3543 3019 3598 visus
3068 3541 3171 3596 fuit
3214 3541 3496 3610 discipulis
3549 3550 3714 3610 atque

2134 3634 2396 3706 apostolis
2460 3651 2583 3690 eum
2622 3635 2676 3688 in
2724 3635 2920 3690 cmium
2975 3643 3349 3689 assumeretur
3387 3633 3442 3686 ’.
3476 3629 3712 3688 Contra-

2135 3726 2274 3780 rium
2293 3726 2490 3796 qnippe
2519 3735 2884 3780 commentum
2918 3723 3216 3779 manicltma
3258 3722 3505 3778 doctrina
3529 3730 3586 3775 et
3623 3721 3710 3774 in-

2134 3834 2264 3874 sana
2296 3818 2573 3886 impietate
2591 3825 2803 3871 scatet:
2837 3818 2905 3870 de
2925 3830 3034 3885 quo
3068 3814 3174 3868 divi
3213 3813 3432 3868 Davidis
3454 3813 3714 3867 recitatur

2137 3910 2204 3966 ab
2240 3911 2512 3966 hazreticis
2544 3909 2745 3964 dictum
2775 3907 2903 3962 illud
2939 3926 2952 3961 :
3000 3906 3062 3961 In
3091 3908 3200 3962 sole
3240 3908 3412 3976 posuit
3463 3907 3713 3958 taberna-

2138 4001 2312 4057 culum
2359 4019 2511 4056 suum
2551 4001 2604 4066 ³;
2637 3999 2832 4070 quibus
2868 3999 3051 4054 verbis
3101 3997 3492 4067 depositionem
3549 4005 3714 4064 atque

2140 4092 2498 4158 abjemionem
2568 4091 2833 4147 Dominici
2884 4089 3184 4160 deiferique
3256 4087 3503 4158 corporis
3561 4083 3713 4140 innui

2141 4185 2351 4240 dicunt.
