4016 6442
467 320 573 383 853

1932 318 2299 381 CANONES.

3635 321 3742 387 854

538 428 634 483 ιιι.
702 428 763 480 '0
826 428 1212 500 χει-ρισάμενος
1256 428 1355 482 τὸν
1402 428 1601 484 ἑαυτοῦ
1652 428 1905 500 πατέρα,
1961 430 2086 489 xui,

2238 428 2354 484 XII.
2398 430 2500 499 Qui
2536 432 2829 501 pulsaverit
2863 442 3073 502 patrem
3105 448 3265 487 suum
3288 440 3341 487 et
3375 443 3566 503 sponte
3590 436 3741 487 occi-

463 519 794 582 ἀποκτείνας
844 520 1130 583 ἑκουσίως,
1166 519 1235 573 τὰ
1270 519 1366 573 τοῦ
1398 519 1564 590 φόνου
1609 519 1866 591 ἐπιτίμια
1901 520 2051 573 τελε·-

464 629 548 663 σει
578 611 671 681 ἐτη
708 611 1001 682 τριάκοντα
1029 612 1210 665 πέντε.

535 704 634 758 ll".
668 703 824 756 Κατὰ
862 703 1189 774 περίστασιν
1218 708 1313 758 καὶ
1344 706 1575 776 μοναχὺς
1597 704 1745 771 λιτὸς
1772 704 2049 776 βαπτίζει,

461 793 725 857 ὡσαύτως
755 796 852 848 καὶ
874 795 1124 860 διάκονος
1148 797 1289 852 κατὰ
1316 797 1640 865 περίστασιν
1672 797 1949 866 βαπτίζει.
1980 807 1993 813 ’

536 888 633 943 lA’.
693 886 817 939 Ἐὰν
857 888 1000 941 κατὰ
1059 887 1283 955 ἄγνοιαν
1334 889 1616 961 πληθυνθῇ
1675 891 2052 960 ἁντιμίνσιον,

463 982 523 1031 οὐ
566 978 879 1048 μολύνεται.
947 980 1006 1034 Ὀ
1039 981 1148 1053 γὰρ
1185 982 1458 1054 ἁγιασμὸς
1511 984 1572 1035 ὲν
1621 980 1772 1053 αὐτῷ
1812 985 1948 1035 ἐστι.
1980 983 2054 1036 Τὸ

466 1070 571 1139 γὰρ
603 1069 783 1139 ἱερὸν,
816 1071 1016 1142 μιαρὸν
1043 1072 1105 1125 οὐ
1137 1073 1365 1140 γίνεται.

534 1162 637 1216 lE’.
685 1163 747 1215 Οἱ
783 1162 893 1216 ἀπὸ
918 1163 1247 1229 παλλακίδος
1283 1166 1378 1220 καὶ
1423 1168 1683 1237 πορνείας
1707 1169 1802 1221 καὶ
1835 1169 1942 1221 ἀπὸ
1977 1168 2053 1221 δι-

464 1255 662 1323 γάμων
708 1256 805 1309 καὶ
848 1255 959 1308 ἀπὸ
987 1256 1294 1326 τριγαμίας
1339 1260 1652 1326 τικτόμενοι
1689 1259 1911 1321 παῖδες,
1960 1259 2055 1313 ἐὰν

466 1346 712 1416 φανῶσιν
753 1346 958 1415 ἀρετὰς
987 1346 1203 1418 ἔχοντες
1223 1390 1238 1412 ,
1261 1350 1356 1403 καὶ
1383 1349 1521 1402 εἰσὶν
1555 1348 1694 1414 ἄξιοι
1729 1348 2054 1420 ἱερωσύνης,

463 1438 1006 1510 χειροτονείσθωσαν.

540 1526 658 1598 Iq'.
690 1530 812 1601 Χρὴ
836 1532 906 1583 τὰ
936 1531 1251 1587 ἀϐάπτιστα
1282 1534 1475 1604 νήπια,
1506 1534 1601 1588 ἐὰν
1632 1533 1834 1605 εὑρεθῇ
1868 1552 1952 1597 τις
1976 1535 2058 1598 εἰς

466 1625 633 1677 τόπον
670 1623 746 1695 μὴ
765 1624 919 1689 ὄντος
954 1628 1170 1695 ἱερέως,
1192 1627 1585 1699 βαπτισθῆναι.
1624 1630 1687 1682 Ei
1718 1629 1973 1699 βαπτίσει
1999 1628 2056 1682 δὲ

465 1718 562 1771 καὶ
610 1716 639 1768 ὁ
670 1715 802 1780 ἴδιος
836 1707 1020 1789 πατὴρ
1042 1759 1057 1783 ,
1088 1717 1122 1790 ἢ
1156 1719 1480 1790 οἰοσδήποτε
1510 1721 1837 1792 ἄνθρωπος,
1893 1721 2057 1793 μόνον

467 1808 555 1859 ἵνα
590 1807 708 1860 ἐστὶ
735 1808 1066 1879 Χριστιανὸς
1086 1850 1100 1874 ,
1133 1811 1236 1865 οὐκ
1264 1812 1411 1866 ἔστιν
1440 1813 1708 1883 ἁμαρτία.

538 1900 637 1955 ῙΖ¹.
697 1900 821 1954 Ὅτι
875 1902 937 1956 οὐ
983 1904 1092 1975 χρὴ
1148 1906 1494 1976 μεταδιδόναι
1544 1909 1659 1970 τοῖς
1715 1906 2055 1978 λαμϐάνουσι

464 1994 661 2067 τόκον,
711 1993 745 2064 ἢ
806 1996 1111 2052 συνεσθίειν
1160 1999 1376 2067 αὐτοῖς,
1413 2000 1737 2072 ἐπιμένουσι
1774 2004 1840 2074 τῇ
1873 2019 2055 2073 παρα-

464 2086 652 2158 νομίᾳ.

2154 521 2319 585 derit,
2369 522 2529 576 annis
2573 521 2795 593 triginta
2839 523 3078 593 quinque
3129 526 3289 594 deget
3323 524 3376 578 in
3430 524 3606 594 poenis
3640 524 3741 579 ho—

2157 612 2384 665 mieidze.

2237 701 2374 756 XIII.
2403 703 2576 756 Etiam
2603 704 2833 775 simplex
2867 707 3170 761 monachus
3193 724 3256 762 ex
3282 723 3443 763 causa
3475 710 3740 780 baptizat.

2157 804 2215 848 ιιι
2254 805 2308 848 et
2340 796 2626 851 diaconus.

2231 884 2375 941 XIV.
2412 887 2472 942 Si
2514 889 2895 945 antiminsium
2936 905 3031 959 per
3063 891 3428 961 ignorantiam
3461 891 3742 962 impletum

2157 978 2251 1045 sit,
2302 993 2408 1031 non
2455 980 2739 1049 polluitur.
2784 980 3162 1036 Sanctilicatio
3210 983 3355 1036 enim
3405 982 3457 1038 itt
3521 999 3585 1037 eo
3637 995 3742 1039 est.

2159 1070 2387 1125 Sacrum
2434 1072 2613 1138 enim,
2634 1073 2905 1143 impurum
2936 1091 3045 1129 non
3075 1073 3327 1130 eilicitur.

2233 1163 2349 1218 XV.
2393 1162 2494 1230 Qui
2531 1181 2598 1219 ex
2638 1168 2944 1222 concubina
2978 1178 3031 1222 et
3061 1178 3267 1234 scorto,
3314 1177 3369 1223 et
3402 1184 3467 1224 ex
3512 1169 3744 1239 higamis

2157 1269 2211 1313 et
2244 1257 2491 1328 trigamis
2545 1258 2655 1311 nati
2691 1268 2840 1322 sunt,
2896 1260 2944 1312 si
2985 1262 3280 1318 virtutibus
3333 1263 3543 1332 prtcditi
3575 1277 3746 1334 appa-

2161 1361 2337 1416 reant,
2376 1360 2432 1404 et
2457 1352 2569 1405 sint
2597 1353 2908 1405 sacerdotio
2938 1352 3106 1424 digni,
3137 1356 3479 1411 ordinentur.

2234 1532 2373 1589 XVI.
2418 1534 2659 1590 Infantes
2692 1551 2797 1590 non
2825 1536 3130 1606 baptizatos
3161 1548 3397 1609 oportet,
3418 1542 3460 1595 si
3489 1556 3597 1611 quo
3626 1542 3747 1598 loco

2163 1630 2471 1696 reperiatur
2524 1629 2669 1698 quis,
2712 1630 2803 1685 ubi
2845 1644 2952 1684 non
2998 1631 3069 1684 sit
3128 1633 3408 1700 sacerdos,
3458 1632 3744 1702 baptizae.

2161 1721 2315 1787 Quod
2367 1721 2412 1777 si
2459 1720 2543 1776 vel
2595 1729 2785 1791 pater,
2821 1733 2915 1776 aut
2957 1722 3188 1793 quilibet
3241 1725 3398 1792 alius,
3457 1727 3616 1781 modo
3678 1728 3751 1781 sit

2087 1779 2132 1835 Β
2165 1813 2534 1883 Christianus,
2569 1813 2829 1883 baptizet,
2861 1823 3144 1883 peccatum
3181 1832 3287 1870 non
3324 1817 3639 1873 committit.

2240 1902 2404 1959 XVII.
2446 1902 2677 1959 Usuram
2712 1905 3107 1989 accipientibus
3148 1923 3253 1962 non
3288 1916 3416 1962 sunt
3438 1907 3746 1979 elargienda

2165 2003 2507 2053 sacratnenta
2539 2012 2557 2051 ιη
2588 2009 2689 2049 nec
2707 2009 2833 2048 cum
2869 1998 3345 2064 perseverantibus
3371 1998 3425 2054 in
3463 1998 3750 2069 iniquitate

2167 2086 2538 2147 communiter
2573 2086 2730 2142 cibus
2768 2088 3088 2144 sumendus.

1801 2374 2422 2464 APPENDIX

1309 2551 1417 2611 AD
1456 2549 1827 2613 CANONES
1875 2548 2313 2612 NICEPHORI
2350 2552 2919 2614 PATRIABCHE.

1589 2703 1683 2766 (Ex
1712 2702 1889 2766 Suppl.
1927 2699 2103 2762 Mansi,
2135 2706 2256 2755 tom.
2290 2701 2328 2763 I,
2355 2716 2467 2766 pag.
2503 2701 2640 2765 805.)

542 2939 733 2996 Sancti
763 2936 1058 3010 Nicephori
1082 2938 1678 3013 ConSIantt'nopolitani
1708 2943 2061 3015 patriarchre,

471 3040 530 3085 et
546 3032 868 3085 orthodoxae
888 3033 955 3085 de
973 3034 1327 3089 veneratione
1344 3045 1656 3089 sanctarum
1678 3035 1975 3105 imaginum
2003 3033 2066 3088 il-

2177 2951 2418 2995 canones
2449 2937 2524 2992 illi
2552 2936 2789 2992 extracti
2825 2942 2973 3001 sunt,
3024 2946 3079 2990 et
3106 2936 3331 3006 quinam
3378 2914 3592 2989 cxstént
3625 2932 3758 2988 editi

2173 3032 2228 3086 in
2251 3030 2314 3085 .lu
2326 3045 2383 3085 re
2412 3029 2603 3085 Graeco
2630 3029 2876 3083 Romano
2896 3036 2953 3081 et
2978 3026 3106 3081 alibi
3129 3045 3145 3095 ;
3171 3026 3265 3097 qui
3293 3040 3422 3080 vero
3444 3040 3503 3080 se
3525 3026 3758 3094 primum

472 3121 559 3177 dei
582 3121 912 3177 confessoris
930 3122 1639 3192 egregii,canones,qnosin
1655 3125 1827 3179 variis
1845 3124 2066 3196 synodis
2094 3153 2138 3211 ε
2173 3132 2398 3176 eruente
2424 3120 2679 3189 prodant.
2713 3120 2983 3175 Caeterum
3019 3118 3282 3173 obscuros
3321 3116 3440 3171 illos
3476 3118 3633 3181 ritus,
3667 3113 3759 3183 qui

472 3217 588 3268 suis
619 3216 859 3268 coiidi-Jit
893 3229 957 3268 ex
989 3215 1114 3285 jure
1140 3215 1332 3270 Graeco
1368 3215 1621 3270 Romano
1645 3227 1935 3284 excerptas
1964 3216 2062 3271 de-

474 3306 555 3358 dit
594 3304 846 3359 Labbeus
888 3316 1019 3360 tom.
1064 3303 1159 3369 IX,
1210 3323 1334 3375 pag.
1366 3307 1496 3373 587,
1530 3305 1754 3362 Veneta:
1783 3308 2060 3364 editionis.

475 3398 583 3450 Sed
615 3412 738 3449 cum
781 3396 854 3451 ibi
903 3397 1076 3451 mutili
1108 3407 1163 3452 et
1217 3399 1346 3453 hinc
1395 3398 1523 3454 inde
1563 3400 1805 3470 excerpti
1846 3415 2068 3471 compa-

475 3499 671 3555 reant;
720 3489 839 3542 ideo
865 3488 1190 3557 integriores
1226 3490 1347 3545 illos
1381 3491 1434 3544 in
1479 3507 1638 3559 nova,
1676 3492 1722 3546 si
1756 3506 1877 3560 qua;
1898 3492 2067 3545 ador-

474 3594 722 3649 naretur,
791 3582 1124 3638 Collectione
1187 3584 1555 3639 Conciliorum
1595 3593 1860 3654 aptarunt
1928 3585 2067 3639 huc-

477 3690 653 3743 usque
691 3675 897 3729 habere
947 3675 1145 3729 eruditi
1180 3692 1195 3730 :
1231 3690 1410 3745 neque
1456 3690 1546 3731 res
1574 3686 1699 3730 erat
1739 3674 2021 3744 deplorata
2048 3716 2063 3741 ,

476 3782 604 3821 cum
656 3765 808 3834 plura
853 3774 1042 3819 essent
1082 3767 1356 3819 volumina
1413 3781 1638 3832 excusa,
1694 3767 1839 3821 unde
1888 3765 2069 3835 colligi

477 3856 807 3922 potuissent,
841 3865 896 3909 et
929 3855 982 3909 in
1033 3856 1253 3908 easdem
1299 3852 1665 3909 Collecliones
1703 3854 1923 3910 referri.
1961 3853 2070 3912 Sed

478 3946 628 4001 hunc
673 3946 915 4000 laborem
972 3944 1208 4001 Venetus
1259 3944 1462 4000 Labbei
1518 3947 1697 4000 editor
1737 3956 1795 4000 et
1847 3950 2069 4017 supple-

479 4048 790 4093 mentorum
823 4047 1017 4092 auctor
1046 4037 1265 4108 refugit.
1300 4036 1456 4091 Hunc
1499 4035 1616 4105 cjus
1667 4038 1939 4093 defectum
1986 4039 2076 4095 hic

491 4130 859 4199 supplendum
884 4130 1039 4196 duxi,
1073 4144 1311 4185 canones
1341 4130 1464 4185 illos
1487 4131 1757 4186 exhibens
1808 4133 2074 4203 integrio-

484 4238 575 4278 res
606 4233 660 4277 et
701 4239 929 4277 numero
970 4223 1230 4293 majores,
1260 4222 1452 4291 quales
1482 4238 1550 4277 ex
1593 4238 1695 4278 ms.
1732 4225 1924 4278 codice
1957 4223 2077 4277 vul-

482 4313 629 4381 gat-it
664 4310 970 4367 Cutelerius
995 4310 1323 4366 Monument.
1354 4321 1486 4367 tom.
1519 4310 1584 4365 ΙΙΙ
1606 4351 1623 4378 ,
1662 4327 1788 4382 pag.
1813 4311 1943 4366 445.
1976 4312 2072 4367 llis

485 4418 620 4457 reru
674 4402 919 4472 adjicere
954 4405 1130 4458 visum
1164 4411 1248 4459 est
1282 4418 1525 4460 canones
1571 4402 1899 4469 nonnullos,
1937 4419 2075 4474 quos

2174 3214 2228 3268 in
2261 3213 2347 3268 his
2378 3214 2679 3268 canonibus
2706 3221 3031 3282 tanguntur,
3069 3211 3113 3265 si
3149 3209 3270 3278 quis
3305 3222 3468 3263 nosse
3505 3206 3758 3271 voluerit,

2174 3304 2336 3359 adeat
2365 3303 2628 3359 Goarium
2662 3304 2714 3358 in
2742 3303 3097 3371 Euchologio,
3133 3312 3195 3356 et
3225 3300 3493 3369 Cangiutn
3524 3300 3575 3353 in
3599 3297 3760 3354 Glos‘

2172 3398 2321 3453 sario
2383 3397 2712 3453 Grmcitalis.
2778 3396 2874 3451 His
2925 3411 3059 3450 vero
3127 3393 3429 3449 canonibus
3482 3391 3763 3464 snbjungit

2170 3491 2478 3546 Cotelerius
2532 3490 2820 3559 epistolam
2879 3486 2940 3543 St
2997 3486 3288 3557 Nicepltori
3335 3485 3658 3556 patriarcha:
3711 3493 3762 3540 et

2173 3584 2520 3658 confessoris,
2566 3598 2729 3652 quam
2762 3580 3172 3651 inscriptionem
3224 3580 3279 3635 in
3312 3594 3414 3635 nis.
3448 3580 3637 3633 codice
3679 3591 3765 3630 re-

2174 3684 2353 3755 perit;
2387 3693 2506 3750 quae
2556 3692 2689 3731 sane
2736 3674 2965 3745 epistola
3019 3673 3316 3728 canonicas
3377 3671 3765 3742 reSponsiones

2175 3775 2244 3829 ad
2278 3770 2741 3841 interrogationes
2780 3766 3068 3835 cujusdam
3096 3766 3343 3821 exhibet.
3374 3766 3473 3819 Diu
3510 3765 3765 3818 multum-

2176 3879 2286 3936 que
2316 3862 2449 3918 luesi
2488 3874 2715 3928 anceps,
2746 3873 2873 3911 num
2902 3857 3043 3910 hanc
3082 3856 3290 3925 pariter
3323 3854 3378 3909 in
3417 3869 3591 3907 meam
3624 3852 3764 3906 hanc

2178 3955 2562 4012 collectionem
2598 3949 2883 4013 referrem,
2929 3948 3138 4002 veritus
3176 3961 3242 4000 ne
3284 3946 3427 3999 forte
3461 3959 3570 3998 non
3603 3942 3766 3997 Nice-

2177 4044 2335 4116 phori
2396 4038 2982 4107 Constantinopolitani
3046 4038 3391 4107 patriarchae,
3440 4037 3533 4091 sed
3587 4037 3768 4103 potius

2183 4138 2428 4194 doctoris
2484 4133 2768 4204 cujusdam
2829 4131 3064 4202 privati,
3122 4143 3317 4197 nempe
3368 4128 3426 4182 S.
3493 4125 3763 4181 Theodori

2180 4230 2415 4285 Studitze
2477 4226 2690 4283 sanctio
2758 4225 3007 4279 habenda
3068 4222 3161 4286 sit,
3215 4235 3339 4275 cum
3396 4222 3573 4289 reipsa
3627 4220 3770 4273 inter

2180 4321 2443 4393 epistolas
2496 4319 2557 4374 S.
2602 4315 2875 4372 Theodori
2926 4329 2957 4368 a
3008 4311 3305 4367 Sirmondo
3364 4312 3540 4365 editas
3590 4311 3767 4364 locum

2180 4428 2339 4469 suum
2378 4410 2637 4466 vindicet.
2690 4407 2889 4463 Verum
2936 4406 3120 4462 omnia
3175 4402 3365 4457 sedulo
3407 4402 3771 4472 perquirendo

485 4496 927 4566 llcrmenopnlus
964 4498 1016 4551 in
1052 4513 1152 4552 sua
1203 4514 1478 4553 canonum
1515 4499 1755 4569 epitome
1809 4500 2073 4566 servavit,
2106 4490 2154 4548 Ι)
2176 4506 2290 4575 jam
2321 4500 2542 4558 tandem
2570 4500 2905 4569 comperisse
2939 4511 3027 4552 me
3050 4494 3287 4550 arbitror
3308 4493 3596 4561 epistolam
3630 4492 3773 4545 hanc

481 4590 552 4644 iis
602 4600 785 4643 tamen
834 4590 1120 4657 detractis,
1151 4605 1291 4661 quos
1319 4589 1432 4661 jam
1475 4591 1731 4647 Labbeus
1786 4591 1969 4657 dedit;
2007 4605 2074 4645 ex

482 4681 682 4749 quibus
726 4683 980 4736 omnibus
1029 4684 1376 4753 exterisque,
1422 4697 1562 4752 quos
1600 4698 1665 4738 es
1716 4682 1851 4738 Jure
1883 4682 2076 4739 Graeco

483 4773 735 4830 Romano
775 4772 1027 4829 Labbeus
1075 4774 1340 4840 corrasit,
1384 4776 1623 4846 integra,
1649 4787 1917 4845 quantttm
1960 4776 2077 4831 ﬁeri

510 4866 708 4935 potuit,
733 4865 983 4920 collectio
1012 4880 1281 4920 canonum
1312 4863 1609 4935 Nicepltori
1664 4869 1993 4938 patriarchae
2025 4869 2078 4924 in

493 4955 835 5011 Collectione
863 4956 1234 5011 Conciliorum
1264 4957 1550 5013 habeatur.
1578 4957 1902 5029 Quanquam
1945 4974 2077 5015 vero

489 5052 546 5105 in
586 5051 673 5115 iis,
713 5064 853 5119 quos
886 5065 954 5104 ex
982 5050 1254 5105 Cotelerio
1290 5049 1531 5107 inferius
1559 5052 1815 5118 exhibeo,
1842 5066 2080 5109 canones

489 5144 711 5211 quidam
743 5152 1068 5208 occurrunt,
1100 5158 1240 5214 quos
1292 5144 1503 5215 pariter
1532 5145 1703 5200 habes
1747 5145 1891 5215 apud
1931 5144 2073 5200 Lab-

490 5235 656 5291 beam
719 5234 1008 5303 repetitos,
1070 5234 1405 5289 omittendos
1473 5246 1653 5289 tamen
1705 5251 1813 5292 non
1870 5238 2080 5303 censui,

499 5333 614 5378 tum
646 5338 715 5377 ne
741 5320 1138 5378 Collectionem
1163 5338 1436 5378 canonum
1470 5323 1790 5394 Nicephori,
1824 5341 1988 5396 quam
2028 5327 2083 5381 in

493 5416 670 5471 veteri
720 5416 911 5470 codice
969 5413 1280 5471 Coteierius
1329 5414 1596 5483 oﬂendit,
1639 5418 1693 5471 in
1748 5419 1932 5487 aliquo
1982 5419 2084 5473 mi-

496 5522 749 5572 nuerem,
787 5522 916 5562 cum
951 5508 1116 5563 etiam
1149 5509 1202 5563 in
1231 5510 1463 5579 gratiam
1502 5511 1863 5566 accuratioris
1883 5513 2087 5566 versio-

498 5599 592 5654 nis
640 5614 671 5655 a
731 5601 1009 5657 Cotelerio
1059 5602 1362 5658 adornatae.
1420 5601 1678 5657 Cotelerii
1738 5618 1869 5658 vero
1928 5613 2085 5659 notas

499 5691 836 5759 adjiciendas
884 5693 1110 5750 minime
1142 5694 1355 5759 censui,
1388 5695 1534 5765 quod
1590 5694 1724 5749 nihil
1767 5697 2086 5766 plerumque

509 5786 656 5845 aliud
696 5787 896 5852 ferant,
942 5804 1102 5857 quant
1127 5788 1390 5844 indicium
1424 5789 1754 5859 pluteorum,
1787 5804 1850 5843 cs
1888 5788 2087 5859 quibus

2182 4596 2347 4668 plane
2378 4592 2754 4663 abnegandam
2812 4601 2936 4644 esse
2970 4587 3303 4657 Nicephoro,
3375 4595 3430 4639 et
3481 4583 3773 4639 Theodoro

2182 4694 2415 4751 Studitae
2455 4688 2829 4746 asserendam.
2863 4686 2921 4740 Id
2954 4683 3088 4740 mihi
3140 4682 3384 4737 indicare
3412 4685 3529 4736 visa
3558 4689 3643 4735 est
3673 4694 3774 4749 pe-

2186 4787 2373 4843 riocha
2436 4784 2523 4837 illa
2556 4796 2662 4852 qua
2714 4776 2948 4847 epistola
3002 4773 3276 4830 clauditur
3332 4790 3345 4826 :
3389 4771 3517 4827 llwc
3561 4771 3774 4840 quidem

2183 4876 2303 4940 tibi,
2332 4886 2589 4943 tanquam
2617 4870 2884 4936 unanimi,
2920 4878 2969 4924 et
3010 4856 3398 4922 collaboratori
3452 4879 3544 4918 nos
3575 4878 3672 4932 pro
3705 4864 3777 4916 ri-

2188 4968 2335 5023 ribus
2390 4964 2760 5033 explicuimus.
2820 4960 2901 5015 Tu
2934 4976 3053 5015 vero
3099 4968 3209 5013 tute
3262 4958 3543 5027 fratribus,
3579 4956 3670 5026 qui
3727 4965 3775 5007 te

2183 5059 2671 5126 interrogaverunt,
2706 5054 2928 5117 tradita,
2973 5062 3081 5108 etc.
3121 5052 3228 5106 Ista
3271 5049 3492 5116 quidem
3548 5045 3776 5115 aequalis

2192 5160 2323 5207 sunt
2361 5149 2432 5203 ad
2461 5151 2745 5219 aequalem,
2775 5146 2956 5217 qualis
2994 5145 3242 5216 profecto
3280 5150 3401 5196 erat
3454 5138 3767 5195 hlethodius

2189 5241 2493 5297 monachus
2551 5237 2661 5309 (cui
2696 5238 2959 5305 inscripta
3016 5236 3134 5290 haec
3163 5232 3397 5303 epistola
3431 5231 3573 5286 inter
3602 5243 3769 5299 opera

2190 5332 2468 5389 Theodori
2506 5331 2732 5386 Studita:
2768 5328 3012 5398 legitur),
3058 5341 3186 5396 erga
3216 5325 3467 5380 eumdem
3520 5321 3774 5377 'I'heodo-

2191 5441 2311 5479 rum
2340 5422 2650 5485 Studitatn,
2685 5419 2832 5473 nulla
2866 5432 2995 5472 vero
3026 5415 3307 5487 dignitatis
3341 5410 3580 5485 aequatio
3609 5414 3780 5468 inter-

2192 5516 2389 5570 cedere
2433 5515 2577 5568 inter
2628 5510 2964 5566 Methodium
3016 5519 3072 5563 et
3110 5508 3483 5577 Nicephorum
3526 5515 3773 5576 poterat;

2195 5623 2366 5676 quare
2387 5622 2449 5660 ea
2475 5603 2720 5673 neglecta
2748 5611 2935 5673 utpote
2952 5601 3199 5655 hominis
3224 5598 3424 5669 privati
3458 5598 3777 5659 monitione.

2191 5714 2298 5753 non
2328 5696 2591 5754 canonica
2619 5696 2859 5766 episcopi
2890 5692 3203 5761 sanctione,
3232 5691 3442 5764 reliqua
3473 5706 3538 5747 ex
3563 5688 3782 5748 Cotcle-

2192 5790 2272 5847 rio
2301 5789 2513 5844 damus.
