  <div class='ocr_page' id='page_1' title='image "/cluster/home/n/w/nwhite01/storage/ocr_20150623/100/coo.31924054870047/433.png"; bbox 0 0 4016 6508; ppageno 0'>
   <div class='ocr_carea' id='block_1_1' title="bbox 354 337 460 414">
    <p class='ocr_par' dir='ltr' id='par_1_1' title="bbox 354 337 460 414">
     <span class='ocr_line' id='line_1_1' title="bbox 354 337 460 414; baseline 0.038 -3"><span class='ocrx_word' id='word_1_1' title='bbox 354 337 460 414; x_wconf 59' lang='lat'><strong>82,5</strong></span> 
     </span>
    </p>
   </div>
   <div class='ocr_carea' id='block_1_2' title="bbox 1394 355 2607 420">
    <p class='ocr_par' dir='ltr' id='par_1_2' title="bbox 1394 355 2607 420">
     <span class='ocr_line' id='line_1_2' title="bbox 1394 355 2607 420; baseline 0.002 -6"><span class='ocrx_word' id='word_1_2' title='bbox 1394 357 1455 415; x_wconf 92' lang='lat' dir='ltr'><strong>S.</strong></span> <span class='ocrx_word' id='word_1_3' title='bbox 1497 355 1919 415; x_wconf 80' lang='lat' dir='ltr'><strong>NICEPHORI</strong></span> <span class='ocrx_word' id='word_1_4' title='bbox 1955 356 2465 420; x_wconf 62' lang='lat' dir='ltr'><strong>PATRIABCHE</strong></span> <span class='ocrx_word' id='word_1_5' title='bbox 2499 359 2607 419; x_wconf 72' lang='grc' dir='ltr'><strong>(ΣΡ.</strong></span> 
     </span>
    </p>
   </div>
   <div class='ocr_carea' id='block_1_3' title="bbox 3541 354 3659 420">
    <p class='ocr_par' dir='ltr' id='par_1_3' title="bbox 3541 354 3659 420">
     <span class='ocr_line' id='line_1_3' title="bbox 3541 354 3659 420; baseline -0.025 0"><span class='ocrx_word' id='word_1_6' title='bbox 3541 354 3659 420; x_wconf 74' lang='lat'><strong>856</strong></span> 
     </span>
    </p>
   </div>
   <div class='ocr_carea' id='block_1_4' title="bbox 355 461 1951 529">
    <p class='ocr_par' dir='ltr' id='par_1_4' title="bbox 355 461 1937 529">
     <span class='ocr_line' id='line_1_4' title="bbox 355 461 1937 529; baseline 0.001 -14"><span class='ocrx_word' id='word_1_7' title='bbox 355 463 414 515; x_wconf 85' lang='lat' dir='ltr'><strong>S.</strong></span> <span class='ocrx_word' id='word_1_8' title='bbox 467 461 837 518; x_wconf 69' lang='lat' dir='ltr'><strong>NICEPHORI</strong></span> <span class='ocrx_word' id='word_1_9' title='bbox 885 463 1727 529; x_wconf 70' lang='lat' dir='ltr'><strong>CONSTANTINOPOIJTANI,</strong></span> <span class='ocrx_word' id='word_1_10' title='bbox 1770 463 1937 519; x_wconf 76' lang='lat' dir='ltr'><strong>CON-</strong></span> 
     </span>
    </p>
   </div>
   <div class='ocr_carea' id='block_1_5' title="bbox 2090 461 3662 529">
    <p class='ocr_par' dir='ltr' id='par_1_5' title="bbox 2090 464 3662 522">
     <span class='ocr_line' id='line_1_5' title="bbox 2090 464 3662 522; baseline -0.003 0"><span class='ocrx_word' id='word_1_11' title='bbox 2090 468 2182 522; x_wconf 71' lang='lat' dir='ltr'><strong>OT</strong></span> <span class='ocrx_word' id='word_1_12' title='bbox 2222 468 2315 520; x_wconf 84' lang='lat' dir='ltr'><strong>EN</strong></span> <span class='ocrx_word' id='word_1_13' title='bbox 2351 468 2573 521; x_wconf 69' lang='grc' dir='ltr'>ΑΓιοιΣ</span> <span class='ocrx_word' id='word_1_14' title='bbox 2609 465 3013 519; x_wconf 82' lang='grc' dir='ltr'><strong>ΝῘΚΗΦΟΡΟΥ</strong></span> <span class='ocrx_word' id='word_1_15' title='bbox 3046 464 3662 519; x_wconf 72' lang='grc' dir='ltr'><strong>ΚΩΝΣΤΑΝΊῚΝυΥ-</strong></span> 
     </span>
    </p>
   </div>
   <div class='ocr_carea' id='block_1_6' title="bbox 793 533 1499 602">
    <p class='ocr_par' dir='ltr' id='par_1_6' title="bbox 793 533 1499 602">
     <span class='ocr_line' id='line_1_6' title="bbox 793 533 1499 602; baseline 0.003 -15"><span class='ocrx_word' id='word_1_16' title='bbox 793 533 1148 602; x_wconf 74' lang='lat' dir='ltr'><strong>FESSOIHS,</strong></span> <span class='ocrx_word' id='word_1_17' title='bbox 1178 534 1499 591; x_wconf 77' lang='lat' dir='ltr'><strong>CANONES</strong></span> 
     </span>
    </p>
   </div>
   <div class='ocr_carea' id='block_1_7' title="bbox 354 642 1937 716">
    <p class='ocr_par' dir='ltr' id='par_1_7' title="bbox 354 642 1937 716">
     <span class='ocr_line' id='line_1_7' title="bbox 354 642 1937 716; baseline 0.004 -20"><span class='ocrx_word' id='word_1_18' title='bbox 354 642 441 696; x_wconf 71' lang='lat' dir='ltr'><strong>Ea:</strong></span> <span class='ocrx_word' id='word_1_19' title='bbox 459 645 831 716; x_wconf 70' lang='lat' dir='ltr'><strong>ecclesiasticis</strong></span> <span class='ocrx_word' id='word_1_20' title='bbox 863 646 1340 702; x_wconf 78' lang='lat' dir='ltr'><strong>Conslilutionibus</strong></span> <span class='ocrx_word' id='word_1_21' title='bbox 1366 649 1533 716; x_wconf 78' lang='lat' dir='ltr'><strong>ipsius</strong></span> <span class='ocrx_word' id='word_1_22' title='bbox 1552 657 1602 701; x_wconf 84' lang='lat' dir='ltr'><strong>et</strong></span> <span class='ocrx_word' id='word_1_23' title='bbox 1631 659 1937 703; x_wconf 77' lang='lat' dir='ltr'><strong>sanctorum</strong></span> 
     </span>
    </p>
   </div>
   <div class='ocr_carea' id='block_1_8' title="bbox 551 715 1733 789">
    <p class='ocr_par' dir='ltr' id='par_1_8' title="bbox 551 715 1733 789">
     <span class='ocr_line' id='line_1_8' title="bbox 551 715 1733 789; baseline 0.003 -22"><span class='ocrx_word' id='word_1_24' title='bbox 551 715 769 769; x_wconf 79' lang='lat' dir='ltr'><strong>Patrum</strong></span> <span class='ocrx_word' id='word_1_25' title='bbox 803 734 921 771; x_wconf 85' lang='lat' dir='ltr'><strong>cum</strong></span> <span class='ocrx_word' id='word_1_26' title='bbox 952 735 1012 773; x_wconf 81' lang='lat' dir='ltr'><strong>eo</strong></span> <span class='ocrx_word' id='word_1_27' title='bbox 1038 715 1474 789; x_wconf 76' lang='lat' dir='ltr'><strong>congregatarum</strong></span> <span class='ocrx_word' id='word_1_28' title='bbox 1506 718 1733 772; x_wconf 76' lang='lat' dir='ltr'><strong>collecti.</strong></span> 
     </span>
    </p>
   </div>
   <div class='ocr_carea' id='block_1_9' title="bbox 2154 535 3541 602">
    <p class='ocr_par' dir='ltr' id='par_1_9' title="bbox 2154 535 3541 602">
     <span class='ocr_line' id='line_1_9' title="bbox 2154 535 3541 602; baseline -0.002 -10"><span class='ocrx_word' id='word_1_29' title='bbox 2154 539 2443 602; x_wconf 82' lang='grc' dir='ltr'><strong>ΠΟΛΕΩΣ,</strong></span> <span class='ocrx_word' id='word_1_30' title='bbox 2482 538 2620 592; x_wconf 81' lang='grc' dir='ltr'><strong>ΤΟΥ</strong></span> <span class='ocrx_word' id='word_1_31' title='bbox 2656 535 3146 601; x_wconf 79' lang='grc' dir='ltr'><strong>ΟΜΟΛΟΓΗΤΟΥ,</strong></span> <span class='ocrx_word' id='word_1_32' title='bbox 3188 537 3541 591; x_wconf 68' lang='grc' dir='ltr'><strong>ΚΑΝΟΝΕΣ</strong></span> 
     </span>
    </p>
   </div>
   <div class='ocr_carea' id='block_1_10' title="bbox 2052 647 3665 714">
    <p class='ocr_par' dir='ltr' id='par_1_10' title="bbox 2052 647 3665 714">
     <span class='ocr_line' id='line_1_10' title="bbox 2052 647 3665 714; baseline 0 -11"><span class='ocrx_word' id='word_1_33' title='bbox 2052 649 2149 705; x_wconf 80' lang='grc' dir='ltr'>Ἐκ</span> <span class='ocrx_word' id='word_1_34' title='bbox 2198 650 2320 705; x_wconf 79' lang='grc' dir='ltr'><strong>τῶν</strong></span> <span class='ocrx_word' id='word_1_35' title='bbox 2364 647 2893 714; x_wconf 75' lang='grc' dir='ltr'>ἐκκλησιαστικῶν</span> <span class='ocrx_word' id='word_1_36' title='bbox 2932 648 3121 702; x_wconf 84' lang='grc' dir='ltr'>αὐτοῦ</span> <span class='ocrx_word' id='word_1_37' title='bbox 3166 647 3514 714; x_wconf 71' lang='grc' dir='ltr'><strong>διατάξεων</strong></span> <span class='ocrx_word' id='word_1_38' title='bbox 3551 648 3665 703; x_wconf 71' lang='grc' dir='ltr'><strong>καί</strong></span> 
     </span>
    </p>
   </div>
   <div class='ocr_carea' id='block_1_11' title="bbox 2314 717 3345 790">
    <p class='ocr_par' dir='ltr' id='par_1_11' title="bbox 2314 717 3345 790">
     <span class='ocr_line' id='line_1_11' title="bbox 2314 717 3345 790; baseline 0 -17"><span class='ocrx_word' id='word_1_39' title='bbox 2314 719 2436 773; x_wconf 80' lang='grc' dir='ltr'>τῶν</span> <span class='ocrx_word' id='word_1_40' title='bbox 2461 720 2587 773; x_wconf 79' lang='grc' dir='ltr'><strong>σὺν</strong></span> <span class='ocrx_word' id='word_1_41' title='bbox 2633 717 2795 784; x_wconf 84' lang='grc' dir='ltr'>αὐτῷ</span> <span class='ocrx_word' id='word_1_42' title='bbox 2837 720 3024 789; x_wconf 74' lang='grc' dir='ltr'>ἁγίων</span> <span class='ocrx_word' id='word_1_43' title='bbox 3049 720 3345 790; x_wconf 81' lang='grc' dir='ltr'>Πατέρων.</span> 
     </span>
    </p>
   </div>
   <div class='ocr_carea' id='block_1_12' title="bbox 1557 801 2428 897">
    <p class='ocr_par' dir='ltr' id='par_1_12' title="bbox 1557 801 2428 897">
     <span class='ocr_line' id='line_1_12' title="bbox 1557 801 2428 897; baseline -0.002 -12"><span class='ocrx_word' id='word_1_44' title='bbox 1557 835 1757 897; x_wconf 65' lang='grc' dir='ltr'><strong>(ΜΑιηει,</strong></span> <span class='ocrx_word' id='word_1_45' title='bbox 1786 833 1967 888; x_wconf 80' lang='lat' dir='ltr'><strong>Concil.</strong></span> <span class='ocrx_word' id='word_1_46' title='bbox 1992 839 2029 883; x_wconf 77' lang='grc' dir='ltr'><strong>ι.</strong></span> <span class='ocrx_word' id='word_1_47' title='bbox 2058 801 2196 894; x_wconf 54' lang='lat' dir='ltr'><strong>xw,</strong></span> <span class='ocrx_word' id='word_1_48' title='bbox 2216 848 2268 897; x_wconf 87' lang='lat' dir='ltr'><strong>p.</strong></span> <span class='ocrx_word' id='word_1_49' title='bbox 2294 833 2428 895; x_wconf 69' lang='grc' dir='ltr'>σεδ.)</span> 
     </span>
    </p>
   </div>
   <div class='ocr_carea' id='block_1_13' title="bbox 426 942 1932 1016">
    <p class='ocr_par' dir='ltr' id='par_1_13' title="bbox 426 942 1932 1016">
     <span class='ocr_line' id='line_1_13' title="bbox 426 942 1932 1016; baseline 0.002 -20"><span class='ocrx_word' id='word_1_50' title='bbox 426 942 467 997; x_wconf 93' lang='grc' dir='ltr'>Ι.</span> <span class='ocrx_word' id='word_1_51' title='bbox 505 944 561 998; x_wconf 90' lang='lat' dir='ltr'><strong>Si</strong></span> <span class='ocrx_word' id='word_1_52' title='bbox 596 960 693 1015; x_wconf 89' lang='lat' dir='ltr'><strong>per</strong></span> <span class='ocrx_word' id='word_1_53' title='bbox 721 945 1086 1016; x_wconf 75' lang='lat' dir='ltr'><strong>ignorantiam</strong></span> <span class='ocrx_word' id='word_1_54' title='bbox 1134 944 1510 1000; x_wconf 80' lang='lat' dir='ltr'><strong>antiminsinm</strong></span> <span class='ocrx_word' id='word_1_55' title='bbox 1537 944 1710 999; x_wconf 88' lang='lat' dir='ltr'><strong>lotum</strong></span> <span class='ocrx_word' id='word_1_56' title='bbox 1744 945 1932 1009; x_wconf 79' lang='lat' dir='ltr'><strong>fuerit,</strong></span> 
     </span>
    </p>
   </div>
   <div class='ocr_carea' id='block_1_14' title="bbox 353 1033 1882 1103">
    <p class='ocr_par' dir='ltr' id='par_1_14' title="bbox 353 1033 1882 1103">
     <span class='ocr_line' id='line_1_14' title="bbox 353 1033 1882 1103; baseline 0 -17"><span class='ocrx_word' id='word_1_57' title='bbox 353 1046 463 1086; x_wconf 84' lang='lat' dir='ltr'><strong>non</strong></span> <span class='ocrx_word' id='word_1_58' title='bbox 498 1034 702 1089; x_wconf 89' lang='lat' dir='ltr'><strong>amittit</strong></span> <span class='ocrx_word' id='word_1_59' title='bbox 729 1033 1242 1099; x_wconf 83' lang='lat' dir='ltr'><strong>sanctiﬁcationem,</strong></span> <span class='ocrx_word' id='word_1_60' title='bbox 1282 1048 1458 1103; x_wconf 88' lang='lat' dir='ltr'><strong>neque</strong></span> <span class='ocrx_word' id='word_1_61' title='bbox 1487 1034 1772 1103; x_wconf 84' lang='lat' dir='ltr'><strong>profanum</strong></span> <span class='ocrx_word' id='word_1_62' title='bbox 1801 1034 1882 1087; x_wconf 85' lang='lat' dir='ltr'><strong>ﬁt.</strong></span> 
     </span>
    </p>
   </div>
   <div class='ocr_carea' id='block_1_15' title="bbox 424 1120 1941 1192">
    <p class='ocr_par' dir='ltr' id='par_1_15' title="bbox 424 1120 1941 1192">
     <span class='ocr_line' id='line_1_15' title="bbox 424 1120 1941 1192; baseline -0.002 -17"><span class='ocrx_word' id='word_1_63' title='bbox 424 1121 492 1177; x_wconf 92' lang='lat' dir='ltr'><strong>ll.</strong></span> <span class='ocrx_word' id='word_1_64' title='bbox 543 1121 799 1192; x_wconf 77' lang='lat' dir='ltr'><strong>Bigamus</strong></span> <span class='ocrx_word' id='word_1_65' title='bbox 836 1137 942 1178; x_wconf 91' lang='lat' dir='ltr'><strong>non</strong></span> <span class='ocrx_word' id='word_1_66' title='bbox 973 1131 1306 1185; x_wconf 88' lang='lat' dir='ltr'><strong>coronatur;</strong></span> <span class='ocrx_word' id='word_1_67' title='bbox 1346 1121 1476 1190; x_wconf 88' lang='lat' dir='ltr'><strong>quin</strong></span> <span class='ocrx_word' id='word_1_68' title='bbox 1525 1120 1705 1188; x_wconf 85' lang='lat' dir='ltr'><strong>potius</strong></span> <span class='ocrx_word' id='word_1_69' title='bbox 1745 1135 1941 1173; x_wconf 81' lang='lat' dir='ltr'><strong>censu-</strong></span> 
     </span>
    </p>
   </div>
   <div class='ocr_carea' id='block_1_16' title="bbox 358 1210 1939 1283">
    <p class='ocr_par' dir='ltr' id='par_1_16' title="bbox 358 1210 1939 1283">
     <span class='ocr_line' id='line_1_16' title="bbox 358 1210 1939 1283; baseline -0.001 -19"><span class='ocrx_word' id='word_1_70' title='bbox 358 1225 476 1265; x_wconf 83' lang='lat' dir='ltr'><strong>ram</strong></span> <span class='ocrx_word' id='word_1_71' title='bbox 513 1211 674 1267; x_wconf 87' lang='lat' dir='ltr'><strong>habet</strong></span> <span class='ocrx_word' id='word_1_72' title='bbox 713 1228 819 1268; x_wconf 93' lang='lat' dir='ltr'><strong>non</strong></span> <span class='ocrx_word' id='word_1_73' title='bbox 852 1213 1188 1283; x_wconf 86' lang='lat' dir='ltr'><strong>percipiendi</strong></span> <span class='ocrx_word' id='word_1_74' title='bbox 1211 1210 1559 1265; x_wconf 87' lang='lat' dir='ltr'><strong>immaculata</strong></span> <span class='ocrx_word' id='word_1_75' title='bbox 1598 1219 1939 1264; x_wconf 86' lang='lat' dir='ltr'><strong>sacramenta</strong></span> 
     </span>
    </p>
   </div>
   <div class='ocr_carea' id='block_1_17' title="bbox 358 1304 1703 1376">
    <p class='ocr_par' dir='ltr' id='par_1_17' title="bbox 358 1304 1703 1376">
     <span class='ocr_line' id='line_1_17' title="bbox 358 1304 1703 1376; baseline 0 -17"><span class='ocrx_word' id='word_1_76' title='bbox 358 1304 570 1359; x_wconf 87' lang='lat' dir='ltr'><strong>duobus</strong></span> <span class='ocrx_word' id='word_1_77' title='bbox 597 1304 790 1371; x_wconf 87' lang='lat' dir='ltr'><strong>annis;</strong></span> <span class='ocrx_word' id='word_1_78' title='bbox 817 1305 1086 1376; x_wconf 67' lang='lat' dir='ltr'><strong>trigamus</strong></span> <span class='ocrx_word' id='word_1_79' title='bbox 1107 1319 1233 1360; x_wconf 84' lang='lat' dir='ltr'><strong>vero</strong></span> <span class='ocrx_word' id='word_1_80' title='bbox 1260 1304 1418 1359; x_wconf 88' lang='lat' dir='ltr'><strong>annis</strong></span> <span class='ocrx_word' id='word_1_81' title='bbox 1441 1304 1703 1374; x_wconf 84' lang='lat' dir='ltr'><strong>quinque.</strong></span> 
     </span>
    </p>
   </div>
   <div class='ocr_carea' id='block_1_18' title="bbox 429 1395 1942 1466">
    <p class='ocr_par' dir='ltr' id='par_1_18' title="bbox 429 1395 1942 1466">
     <span class='ocr_line' id='line_1_18' title="bbox 429 1395 1942 1466; baseline -0.003 -13"><span class='ocrx_word' id='word_1_82' title='bbox 429 1395 523 1453; x_wconf 86' lang='lat' dir='ltr'><strong>III.</strong></span> <span class='ocrx_word' id='word_1_83' title='bbox 557 1397 659 1462; x_wconf 86' lang='lat' dir='ltr'><strong>Oui</strong></span> <span class='ocrx_word' id='word_1_84' title='bbox 689 1414 757 1453; x_wconf 83' lang='lat' dir='ltr'><strong>ex</strong></span> <span class='ocrx_word' id='word_1_85' title='bbox 799 1400 1128 1454; x_wconf 82' lang='lat' dir='ltr'><strong>necessitate</strong></span> <span class='ocrx_word' id='word_1_86' title='bbox 1155 1399 1220 1450; x_wconf 90' lang='lat' dir='ltr'><strong>ad</strong></span> <span class='ocrx_word' id='word_1_87' title='bbox 1280 1397 1695 1466; x_wconf 83' lang='lat' dir='ltr'><strong>breve‘tempus</strong></span> <span class='ocrx_word' id='word_1_88' title='bbox 1739 1396 1791 1449; x_wconf 93' lang='lat' dir='ltr'><strong>in</strong></span> <span class='ocrx_word' id='word_1_89' title='bbox 1841 1395 1942 1449; x_wconf 76' lang='lat' dir='ltr'><strong>Ec-</strong></span> 
     </span>
    </p>
   </div>
   <div class='ocr_carea' id='block_1_19' title="bbox 360 1487 1945 1551">
    <p class='ocr_par' dir='ltr' id='par_1_19' title="bbox 360 1487 1945 1551">
     <span class='ocr_line' id='line_1_19' title="bbox 360 1487 1945 1551; baseline -0.004 -8"><span class='ocrx_word' id='word_1_90' title='bbox 360 1492 547 1546; x_wconf 81' lang='lat' dir='ltr'><strong>clesiae</strong></span> <span class='ocrx_word' id='word_1_91' title='bbox 573 1491 849 1546; x_wconf 83' lang='lat' dir='ltr'><strong>Narthece</strong></span> <span class='ocrx_word' id='word_1_92' title='bbox 874 1492 1213 1545; x_wconf 83' lang='lat' dir='ltr'><strong>mansionem</strong></span> <span class='ocrx_word' id='word_1_93' title='bbox 1246 1488 1459 1551; x_wconf 83' lang='lat' dir='ltr'><strong>fecerit,</strong></span> <span class='ocrx_word' id='word_1_94' title='bbox 1479 1503 1586 1542; x_wconf 91' lang='lat' dir='ltr'><strong>non</strong></span> <span class='ocrx_word' id='word_1_95' title='bbox 1610 1487 1945 1542; x_wconf 76' lang='lat' dir='ltr'><strong>condemna-</strong></span> 
     </span>
    </p>
   </div>
   <div class='ocr_carea' id='block_1_20' title="bbox 362 1579 1947 1652">
    <p class='ocr_par' dir='ltr' id='par_1_20' title="bbox 362 1579 1947 1652">
     <span class='ocr_line' id='line_1_20' title="bbox 362 1579 1947 1652; baseline -0.004 -14"><span class='ocrx_word' id='word_1_96' title='bbox 362 1595 454 1638; x_wconf 85' lang='lat' dir='ltr'><strong>tur</strong></span> <span class='ocrx_word' id='word_1_97' title='bbox 489 1599 503 1638; x_wconf 88' lang='lat'><strong>:</strong></span> <span class='ocrx_word' id='word_1_98' title='bbox 536 1586 679 1652; x_wconf 87' lang='lat' dir='ltr'><strong>quod</strong></span> <span class='ocrx_word' id='word_1_99' title='bbox 710 1585 753 1637; x_wconf 90' lang='lat' dir='ltr'><strong>si</strong></span> <span class='ocrx_word' id='word_1_100' title='bbox 779 1583 1051 1638; x_wconf 84' lang='lat' dir='ltr'><strong>manserit</strong></span> <span class='ocrx_word' id='word_1_101' title='bbox 1080 1582 1196 1648; x_wconf 90' lang='lat' dir='ltr'><strong>diu,</strong></span> <span class='ocrx_word' id='word_1_102' title='bbox 1233 1582 1349 1651; x_wconf 88' lang='lat' dir='ltr'><strong>ipse</strong></span> <span class='ocrx_word' id='word_1_103' title='bbox 1369 1581 1587 1651; x_wconf 81' lang='lat' dir='ltr'><strong>quidem</strong></span> <span class='ocrx_word' id='word_1_104' title='bbox 1617 1595 1738 1633; x_wconf 89' lang='lat' dir='ltr'><strong>cum</strong></span> <span class='ocrx_word' id='word_1_105' title='bbox 1772 1579 1947 1648; x_wconf 72' lang='lat' dir='ltr'><strong>pmnis</strong></span> 
     </span>
    </p>
   </div>
   <div class='ocr_carea' id='block_1_21' title="bbox 2114 937 3663 1011">
    <p class='ocr_par' dir='ltr' id='par_1_21' title="bbox 2114 937 3663 1011">
     <span class='ocr_line' id='line_1_21' title="bbox 2114 937 3663 1011; baseline -0.003 -15"><span class='ocrx_word' id='word_1_106' title='bbox 2114 942 2194 996; x_wconf 86' lang='lat' dir='ltr'><strong>A&#39;.</strong></span> <span class='ocrx_word' id='word_1_107' title='bbox 2238 943 2365 997; x_wconf 72' lang='grc' dir='ltr'>Ἐὰν</span> <span class='ocrx_word' id='word_1_108' title='bbox 2412 942 2556 997; x_wconf 85' lang='grc' dir='ltr'>κατὰ</span> <span class='ocrx_word' id='word_1_109' title='bbox 2594 942 2817 1011; x_wconf 83' lang='grc' dir='ltr'>ἄγνοιαν</span> <span class='ocrx_word' id='word_1_110' title='bbox 2866 940 3042 1010; x_wconf 87' lang='grc' dir='ltr'>πλυθῇ</span> <span class='ocrx_word' id='word_1_111' title='bbox 3076 940 3424 1010; x_wconf 84' lang='grc' dir='ltr'>ἀντιμίνσιον</span> <span class='ocrx_word' id='word_1_112' title='bbox 3462 950 3516 1006; x_wconf 76' lang='grc' dir='ltr'>ε,</span> <span class='ocrx_word' id='word_1_113' title='bbox 3552 937 3663 992; x_wconf 82' lang='grc' dir='ltr'><strong>οὐκ</strong></span> 
     </span>
    </p>
   </div>
   <div class='ocr_carea' id='block_1_22' title="bbox 2045 1029 3527 1103">
    <p class='ocr_par' dir='ltr' id='par_1_22' title="bbox 2045 1029 3527 1103">
     <span class='ocr_line' id='line_1_22' title="bbox 2045 1029 3527 1103; baseline -0.005 -13"><span class='ocrx_word' id='word_1_114' title='bbox 2045 1035 2369 1090; x_wconf 81' lang='grc' dir='ltr'>ἀποτίθεται</span> <span class='ocrx_word' id='word_1_115' title='bbox 2399 1035 2492 1088; x_wconf 75' lang='grc' dir='ltr'><strong>τὸν</strong></span> <span class='ocrx_word' id='word_1_116' title='bbox 2520 1034 2797 1103; x_wconf 82' lang='grc' dir='ltr'>ἀγιασμδν</span> <span class='ocrx_word' id='word_1_117' title='bbox 2818 1073 2834 1098; x_wconf 86' lang='grc'><em>,</em></span> <span class='ocrx_word' id='word_1_118' title='bbox 2862 1032 2985 1085; x_wconf 78' lang='grc' dir='ltr'>οὐδὲ</span> <span class='ocrx_word' id='word_1_119' title='bbox 3014 1030 3243 1101; x_wconf 78' lang='grc' dir='ltr'>βέϐηλον</span> <span class='ocrx_word' id='word_1_120' title='bbox 3270 1029 3527 1098; x_wconf 82' lang='grc' dir='ltr'>γίνεται.</span> 
     </span>
    </p>
   </div>
   <div class='ocr_carea' id='block_1_23' title="bbox 2117 1122 3664 1197">
    <p class='ocr_par' dir='ltr' id='par_1_23' title="bbox 2117 1122 3664 1197">
     <span class='ocr_line' id='line_1_23' title="bbox 2117 1122 3664 1197; baseline -0.002 -18"><span class='ocrx_word' id='word_1_121' title='bbox 2117 1129 2194 1181; x_wconf 88' lang='lat' dir='ltr'><strong>B’.</strong></span> <span class='ocrx_word' id='word_1_122' title='bbox 2238 1128 2296 1181; x_wconf 86' lang='lat'><strong>&#39;0</strong></span> <span class='ocrx_word' id='word_1_123' title='bbox 2342 1128 2575 1197; x_wconf 84' lang='grc' dir='ltr'>δίγαμος</span> <span class='ocrx_word' id='word_1_124' title='bbox 2619 1128 2682 1180; x_wconf 84' lang='grc' dir='ltr'><strong>οὐ</strong></span> <span class='ocrx_word' id='word_1_125' title='bbox 2716 1123 3121 1194; x_wconf 68' lang='grc' dir='ltr'>στεφανοῦται·</span> <span class='ocrx_word' id='word_1_126' title='bbox 3158 1122 3297 1177; x_wconf 86' lang='grc' dir='ltr'><strong>άλλά</strong></span> <span class='ocrx_word' id='word_1_127' title='bbox 3324 1124 3425 1177; x_wconf 79' lang='grc' dir='ltr'><strong>καὶ</strong></span> <span class='ocrx_word' id='word_1_128' title='bbox 3470 1125 3664 1176; x_wconf 83' lang='grc' dir='ltr'>ἐπιτι-</span> 
     </span>
    </p>
   </div>
   <div class='ocr_carea' id='block_1_24' title="bbox 2053 1215 3663 1289">
    <p class='ocr_par' dir='ltr' id='par_1_24' title="bbox 2053 1215 3663 1289">
     <span class='ocr_line' id='line_1_24' title="bbox 2053 1215 3663 1289; baseline -0.004 -17"><span class='ocrx_word' id='word_1_129' title='bbox 2053 1220 2220 1287; x_wconf 83' lang='grc' dir='ltr'>μᾶται</span> <span class='ocrx_word' id='word_1_130' title='bbox 2263 1217 2340 1289; x_wconf 78' lang='grc' dir='ltr'>μὴ</span> <span class='ocrx_word' id='word_1_131' title='bbox 2372 1217 2693 1288; x_wconf 74' lang='grc' dir='ltr'>μεταλαϐεῖν</span> <span class='ocrx_word' id='word_1_132' title='bbox 2719 1216 2828 1270; x_wconf 88' lang='grc' dir='ltr'><strong>τῶν</strong></span> <span class='ocrx_word' id='word_1_133' title='bbox 2853 1216 3145 1286; x_wconf 84' lang='grc' dir='ltr'>ἀχράντων</span> <span class='ocrx_word' id='word_1_134' title='bbox 3187 1215 3527 1287; x_wconf 79' lang='grc' dir='ltr'><strong>μυστηρίων</strong></span> <span class='ocrx_word' id='word_1_135' title='bbox 3558 1216 3663 1285; x_wconf 70' lang='grc' dir='ltr'>ἔτη</span> 
     </span>
    </p>
   </div>
   <div class='ocr_carea' id='block_1_25' title="bbox 2046 1307 2964 1380">
    <p class='ocr_par' dir='ltr' id='par_1_25' title="bbox 2046 1307 2964 1380">
     <span class='ocr_line' id='line_1_25' title="bbox 2046 1307 2964 1380; baseline 0 -18"><span class='ocrx_word' id='word_1_136' title='bbox 2046 1310 2142 1362; x_wconf 81' lang='grc' dir='ltr'>δύο</span> <span class='ocrx_word' id='word_1_137' title='bbox 2165 1328 2178 1340; x_wconf 87' lang='grc'><strong>·</strong></span> <span class='ocrx_word' id='word_1_138' title='bbox 2206 1312 2235 1363; x_wconf 80' lang='grc' dir='ltr'>ὁ</span> <span class='ocrx_word' id='word_1_139' title='bbox 2257 1310 2311 1362; x_wconf 79' lang='grc' dir='ltr'>δὲ</span> <span class='ocrx_word' id='word_1_140' title='bbox 2334 1311 2606 1380; x_wconf 83' lang='grc' dir='ltr'>τρίγαμος</span> <span class='ocrx_word' id='word_1_141' title='bbox 2644 1307 2742 1379; x_wconf 76' lang='grc' dir='ltr'>ἐτη</span> <span class='ocrx_word' id='word_1_142' title='bbox 2774 1309 2964 1363; x_wconf 81' lang='grc' dir='ltr'>πέντε.</span> 
     </span>
    </p>
   </div>
   <div class='ocr_carea' id='block_1_26' title="bbox 2121 1399 3665 1472">
    <p class='ocr_par' dir='ltr' id='par_1_26' title="bbox 2121 1399 3665 1472">
     <span class='ocr_line' id='line_1_26' title="bbox 2121 1399 3665 1472; baseline 0.003 -22"><span class='ocrx_word' id='word_1_143' title='bbox 2121 1400 2194 1453; x_wconf 86' lang='lat' dir='ltr'><strong>I&quot;.</strong></span> <span class='ocrx_word' id='word_1_144' title='bbox 2247 1401 2306 1453; x_wconf 78' lang='grc' dir='ltr'>Ὀ</span> <span class='ocrx_word' id='word_1_145' title='bbox 2347 1400 2407 1464; x_wconf 78' lang='grc' dir='ltr'>ἐξ</span> <span class='ocrx_word' id='word_1_146' title='bbox 2442 1402 2689 1472; x_wconf 81' lang='grc' dir='ltr'><strong>ἀνάγκης</strong></span> <span class='ocrx_word' id='word_1_147' title='bbox 2726 1402 2813 1453; x_wconf 79' lang='grc' dir='ltr'>ἐπ’</span> <span class='ocrx_word' id='word_1_148' title='bbox 2848 1400 3030 1469; x_wconf 77' lang='grc' dir='ltr'><strong>ὀλίγον</strong></span> <span class='ocrx_word' id='word_1_149' title='bbox 3062 1400 3253 1471; x_wconf 82' lang='grc' dir='ltr'>χρόνον</span> <span class='ocrx_word' id='word_1_150' title='bbox 3296 1400 3354 1452; x_wconf 84' lang='grc' dir='ltr'>ὲν</span> <span class='ocrx_word' id='word_1_151' title='bbox 3396 1399 3488 1471; x_wconf 81' lang='grc' dir='ltr'><strong>τῷ</strong></span> <span class='ocrx_word' id='word_1_152' title='bbox 3524 1400 3665 1471; x_wconf 80' lang='grc' dir='ltr'>νάρ-</span> 
     </span>
    </p>
   </div>
   <div class='ocr_carea' id='block_1_27' title="bbox 2048 1491 3663 1564">
    <p class='ocr_par' dir='ltr' id='par_1_27' title="bbox 2048 1491 3663 1564">
     <span class='ocr_line' id='line_1_27' title="bbox 2048 1491 3663 1564; baseline 0.002 -20"><span class='ocrx_word' id='word_1_153' title='bbox 2048 1492 2177 1562; x_wconf 82' lang='grc' dir='ltr'>θηκι</span> <span class='ocrx_word' id='word_1_154' title='bbox 2238 1495 2339 1560; x_wconf 73' lang='grc' dir='ltr'>τῆς</span> <span class='ocrx_word' id='word_1_155' title='bbox 2384 1491 2716 1560; x_wconf 84' lang='grc' dir='ltr'>Ἐκκλησίας</span> <span class='ocrx_word' id='word_1_156' title='bbox 2768 1492 3089 1564; x_wconf 82' lang='grc' dir='ltr'>καταμονὴν</span> <span class='ocrx_word' id='word_1_157' title='bbox 3134 1492 3546 1563; x_wconf 78' lang='grc' dir='ltr'><strong>ποιησάμενος,</strong></span> <span class='ocrx_word' id='word_1_158' title='bbox 3596 1495 3663 1548; x_wconf 85' lang='grc' dir='ltr'><strong>οὐ</strong></span> 
     </span>
    </p>
   </div>
   <div class='ocr_carea' id='block_1_28' title="bbox 2048 1586 3666 1656">
    <p class='ocr_par' dir='ltr' id='par_1_28' title="bbox 2048 1586 3666 1656">
     <span class='ocr_line' id='line_1_28' title="bbox 2048 1586 3666 1656; baseline -0.001 -18"><span class='ocrx_word' id='word_1_159' title='bbox 2048 1586 2439 1656; x_wconf 72' lang='grc' dir='ltr'><strong>κατακρίνεται</strong></span> <span class='ocrx_word' id='word_1_160' title='bbox 2466 1604 2478 1617; x_wconf 92' lang='grc'><strong>·</strong></span> <span class='ocrx_word' id='word_1_161' title='bbox 2510 1586 2606 1641; x_wconf 73' lang='grc' dir='ltr'><strong>ὲάν</strong></span> <span class='ocrx_word' id='word_1_162' title='bbox 2637 1586 2694 1639; x_wconf 80' lang='grc' dir='ltr'>δὲ</span> <span class='ocrx_word' id='word_1_163' title='bbox 2732 1586 2991 1656; x_wconf 83' lang='grc' dir='ltr'>χρονίσῃ,</span> <span class='ocrx_word' id='word_1_164' title='bbox 3022 1586 3187 1650; x_wconf 81' lang='grc' dir='ltr'>αὐτὸς</span> <span class='ocrx_word' id='word_1_165' title='bbox 3221 1586 3321 1656; x_wconf 78' lang='grc' dir='ltr'>μὲν</span> <span class='ocrx_word' id='word_1_166' title='bbox 3352 1587 3487 1654; x_wconf 84' lang='grc' dir='ltr'>μετ’</span> <span class='ocrx_word' id='word_1_167' title='bbox 3532 1587 3666 1638; x_wconf 75' lang='grc' dir='ltr'>ἑπι-</span> 
     </span>
    </p>
   </div>
   <div class='ocr_carea' id='block_1_29' title="bbox 359 1672 1951 1749">
    <p class='ocr_par' dir='ltr' id='par_1_29' title="bbox 359 1672 1943 1743">
     <span class='ocr_line' id='line_1_29' title="bbox 359 1672 1943 1743; baseline -0.001 -18"><span class='ocrx_word' id='word_1_168' title='bbox 359 1675 835 1743; x_wconf 76' lang='lat' dir='ltr'><strong>pmnitentialibus</strong></span> <span class='ocrx_word' id='word_1_169' title='bbox 887 1674 1161 1743; x_wconf 70' lang='lat' dir='ltr'><strong>eiicietur,</strong></span> <span class='ocrx_word' id='word_1_170' title='bbox 1203 1672 1465 1742; x_wconf 88' lang='lat' dir='ltr'><strong>templum</strong></span> <span class='ocrx_word' id='word_1_171' title='bbox 1518 1684 1648 1726; x_wconf 86' lang='lat' dir='ltr'><strong>vero</strong></span> <span class='ocrx_word' id='word_1_172' title='bbox 1688 1685 1809 1741; x_wconf 72' lang='lat' dir='ltr'><strong>quae</strong></span> <span class='ocrx_word' id='word_1_173' title='bbox 1844 1685 1943 1725; x_wconf 86' lang='lat' dir='ltr'><strong>sua</strong></span> 
     </span>
    </p>
   </div>
   <div class='ocr_carea' id='block_1_30' title="bbox 2090 1672 3663 1749">
    <p class='ocr_par' dir='ltr' id='par_1_30' title="bbox 2090 1675 3663 1749">
     <span class='ocr_line' id='line_1_30' title="bbox 2090 1675 3663 1749; baseline 0 -20"><span class='ocrx_word' id='word_1_174' title='bbox 2090 1677 2245 1748; x_wconf 86' lang='grc' dir='ltr'>ιμίων</span> <span class='ocrx_word' id='word_1_175' title='bbox 2297 1677 2738 1748; x_wconf 75' lang='grc' dir='ltr'>ἐκϐληθήσεται,</span> <span class='ocrx_word' id='word_1_176' title='bbox 2790 1679 2818 1729; x_wconf 86' lang='grc' dir='ltr'>ὁ</span> <span class='ocrx_word' id='word_1_177' title='bbox 2873 1676 2931 1729; x_wconf 82' lang='grc' dir='ltr'>δὲ</span> <span class='ocrx_word' id='word_1_178' title='bbox 2985 1678 3115 1740; x_wconf 81' lang='grc' dir='ltr'>ναὸς</span> <span class='ocrx_word' id='word_1_179' title='bbox 3176 1675 3535 1749; x_wconf 67' lang='grc' dir='ltr'>ἀπολήψεται</span> <span class='ocrx_word' id='word_1_180' title='bbox 3591 1676 3663 1729; x_wconf 79' lang='grc' dir='ltr'><strong>τά</strong></span> 
     </span>
    </p>
   </div>
   <div class='ocr_carea' id='block_1_31' title="bbox 362 1766 766 1834">
    <p class='ocr_par' dir='ltr' id='par_1_31' title="bbox 362 1766 766 1834">
     <span class='ocr_line' id='line_1_31' title="bbox 362 1766 766 1834; baseline 0.007 -17"><span class='ocrx_word' id='word_1_181' title='bbox 362 1773 490 1819; x_wconf 82' lang='lat' dir='ltr'><strong>sunt</strong></span> <span class='ocrx_word' id='word_1_182' title='bbox 518 1766 766 1834; x_wconf 81' lang='lat' dir='ltr'><strong>recipiet.</strong></span> 
     </span>
    </p>
   </div>
   <div class='ocr_carea' id='block_1_32' title="bbox 2045 1771 2247 1823">
    <p class='ocr_par' dir='ltr' id='par_1_32' title="bbox 2045 1771 2247 1823">
     <span class='ocr_line' id='line_1_32' title="bbox 2045 1771 2247 1823; baseline 0 0"><span class='ocrx_word' id='word_1_183' title='bbox 2045 1771 2247 1823; x_wconf 77' lang='grc' dir='ltr'>οἰκεῖα.</span> 
     </span>
    </p>
   </div>
   <div class='ocr_carea' id='block_1_33' title="bbox 438 1852 1951 1930">
    <p class='ocr_par' dir='ltr' id='par_1_33' title="bbox 438 1852 1949 1929">
     <span class='ocr_line' id='line_1_33' title="bbox 438 1852 1949 1929; baseline -0.001 -20"><span class='ocrx_word' id='word_1_184' title='bbox 438 1855 528 1909; x_wconf 92' lang='lat' dir='ltr'><strong>IV.</strong></span> <span class='ocrx_word' id='word_1_185' title='bbox 588 1856 851 1910; x_wconf 87' lang='lat' dir='ltr'><strong>lntestato</strong></span> <span class='ocrx_word' id='word_1_186' title='bbox 911 1855 1298 1921; x_wconf 83' lang='lat' dir='ltr'><strong>morientium,</strong></span> <span class='ocrx_word' id='word_1_187' title='bbox 1346 1855 1454 1923; x_wconf 71' lang='lat' dir='ltr'><strong>piae</strong></span> <span class='ocrx_word' id='word_1_188' title='bbox 1514 1852 1834 1929; x_wconf 79' lang='lat' dir='ltr'><strong>largitiones</strong></span> <span class='ocrx_word' id='word_1_189' title='bbox 1893 1861 1949 1907; x_wconf 90' lang='lat' dir='ltr'><strong>et</strong></span> 
     </span>
    </p>
   </div>
   <div class='ocr_carea' id='block_1_34' title="bbox 2090 1852 3665 1930">
    <p class='ocr_par' dir='ltr' id='par_1_34' title="bbox 2121 1857 3665 1930">
     <span class='ocr_line' id='line_1_34' title="bbox 2121 1857 3665 1930; baseline -0.001 -17"><span class='ocrx_word' id='word_1_190' title='bbox 2121 1863 2193 1915; x_wconf 71' lang='lat' dir='ltr'><strong>A&#39;.</strong></span> <span class='ocrx_word' id='word_1_191' title='bbox 2242 1860 2365 1915; x_wconf 87' lang='grc' dir='ltr'><strong>Τῶν</strong></span> <span class='ocrx_word' id='word_1_192' title='bbox 2416 1861 2715 1925; x_wconf 81' lang='grc' dir='ltr'>ἀδιαθέτως</span> <span class='ocrx_word' id='word_1_193' title='bbox 2757 1860 3173 1925; x_wconf 80' lang='grc' dir='ltr'><strong>τελευτώντων,</strong></span> <span class='ocrx_word' id='word_1_194' title='bbox 3225 1861 3331 1930; x_wconf 80' lang='grc' dir='ltr'><strong>χρὴ</strong></span> <span class='ocrx_word' id='word_1_195' title='bbox 3383 1857 3665 1929; x_wconf 80' lang='grc' dir='ltr'><strong>δέχεσθα⁴</strong></span> 
     </span>
    </p>
   </div>
   <div class='ocr_carea' id='block_1_35' title="bbox 364 1944 1946 2017">
    <p class='ocr_par' dir='ltr' id='par_1_35' title="bbox 364 1944 1946 2017">
     <span class='ocr_line' id='line_1_35' title="bbox 364 1944 1946 2017; baseline -0.002 -16"><span class='ocrx_word' id='word_1_196' title='bbox 364 1946 669 2001; x_wconf 84' lang='lat' dir='ltr'><strong>oblationes</strong></span> <span class='ocrx_word' id='word_1_197' title='bbox 717 1962 817 2016; x_wconf 90' lang='lat' dir='ltr'><strong>pro</strong></span> <span class='ocrx_word' id='word_1_198' title='bbox 864 1947 1003 2017; x_wconf 84' lang='lat' dir='ltr'><strong>ipsis</strong></span> <span class='ocrx_word' id='word_1_199' title='bbox 1049 1944 1208 2002; x_wconf 72' lang='lat' dir='ltr'><strong>factae</strong></span> <span class='ocrx_word' id='word_1_200' title='bbox 1262 1946 1628 2016; x_wconf 64' lang='lat' dir='ltr'><strong>suscipiendae</strong></span> <span class='ocrx_word' id='word_1_201' title='bbox 1678 1955 1842 2009; x_wconf 84' lang='lat' dir='ltr'><strong>sunt;</strong></span> <span class='ocrx_word' id='word_1_202' title='bbox 1900 1945 1946 1999; x_wconf 91' lang='lat' dir='ltr'><strong>si</strong></span> 
     </span>
    </p>
   </div>
   <div class='ocr_carea' id='block_1_36' title="bbox 364 2026 1951 2110">
    <p class='ocr_par' dir='ltr' id='par_1_36' title="bbox 364 2026 1951 2110">
     <span class='ocr_line' id='line_1_36' title="bbox 364 2026 1951 2110; baseline 0.003 -22"><span class='ocrx_word' id='word_1_203' title='bbox 364 2038 585 2105; x_wconf 80' lang='lat' dir='ltr'><strong>quidem</strong></span> <span class='ocrx_word' id='word_1_204' title='bbox 620 2039 675 2094; x_wconf 92' lang='lat' dir='ltr'><strong>in</strong></span> <span class='ocrx_word' id='word_1_205' title='bbox 728 2039 838 2093; x_wconf 83' lang='lat' dir='ltr'><strong>vita</strong></span> <span class='ocrx_word' id='word_1_206' title='bbox 888 2026 1234 2110; x_wconf 85' lang='lat' dir='ltr'><strong>propositum</strong></span> <span class='ocrx_word' id='word_1_207' title='bbox 1287 2036 1604 2105; x_wconf 83' lang='lat' dir='ltr'><strong>habuerint,</strong></span> <span class='ocrx_word' id='word_1_208' title='bbox 1636 2047 1696 2093; x_wconf 90' lang='lat' dir='ltr'><strong>ut</strong></span> <span class='ocrx_word' id='word_1_209' title='bbox 1744 2037 1818 2092; x_wconf 84' lang='lat' dir='ltr'><strong>ita</strong></span> <span class='ocrx_word' id='word_1_210' title='bbox 1872 2049 1951 2092; x_wconf 61' lang='lat' dir='ltr'><strong>em</strong></span> 
     </span>
    </p>
   </div>
   <div class='ocr_carea' id='block_1_37' title="bbox 365 2141 779 2198">
    <p class='ocr_par' dir='ltr' id='par_1_37' title="bbox 365 2141 779 2198">
     <span class='ocr_line' id='line_1_37' title="bbox 365 2141 779 2198; baseline 0.014 -17"><span class='ocrx_word' id='word_1_211' title='bbox 365 2141 779 2198; x_wconf 68' lang='lat' dir='ltr'><strong>praestarentur.</strong></span> 
     </span>
    </p>
   </div>
   <div class='ocr_carea' id='block_1_38' title="bbox 441 2221 1949 2295">
    <p class='ocr_par' dir='ltr' id='par_1_38' title="bbox 441 2221 1949 2295">
     <span class='ocr_line' id='line_1_38' title="bbox 441 2221 1949 2295; baseline -0.001 -18"><span class='ocrx_word' id='word_1_212' title='bbox 441 2221 504 2277; x_wconf 84' lang='lat' dir='ltr'><strong>V.</strong></span> <span class='ocrx_word' id='word_1_213' title='bbox 545 2221 603 2279; x_wconf 89' lang='lat' dir='ltr'><strong>Si</strong></span> <span class='ocrx_word' id='word_1_214' title='bbox 634 2226 999 2283; x_wconf 85' lang='lat' dir='ltr'><strong>Annuntiatio</strong></span> <span class='ocrx_word' id='word_1_215' title='bbox 1028 2226 1286 2282; x_wconf 88' lang='lat' dir='ltr'><strong>inciderit</strong></span> <span class='ocrx_word' id='word_1_216' title='bbox 1311 2226 1366 2279; x_wconf 90' lang='lat' dir='ltr'><strong>in</strong></span> <span class='ocrx_word' id='word_1_217' title='bbox 1393 2239 1644 2295; x_wconf 77' lang='lat' dir='ltr'><strong>magnam</strong></span> <span class='ocrx_word' id='word_1_218' title='bbox 1666 2222 1949 2291; x_wconf 81' lang='lat' dir='ltr'><strong>Quintam,</strong></span> 
     </span>
    </p>
   </div>
   <div class='ocr_carea' id='block_1_39' title="bbox 364 2314 1950 2389">
    <p class='ocr_par' dir='ltr' id='par_1_39' title="bbox 364 2314 1950 2389">
     <span class='ocr_line' id='line_1_39' title="bbox 364 2314 1950 2389; baseline 0.001 -20"><span class='ocrx_word' id='word_1_219' title='bbox 364 2318 449 2371; x_wconf 82' lang='lat' dir='ltr'><strong>vei</strong></span> <span class='ocrx_word' id='word_1_220' title='bbox 484 2333 735 2389; x_wconf 81' lang='lat' dir='ltr'><strong>magnam</strong></span> <span class='ocrx_word' id='word_1_221' title='bbox 763 2319 1138 2386; x_wconf 86' lang='lat' dir='ltr'><strong>Parasceven,</strong></span> <span class='ocrx_word' id='word_1_222' title='bbox 1171 2332 1278 2373; x_wconf 91' lang='lat' dir='ltr'><strong>non</strong></span> <span class='ocrx_word' id='word_1_223' title='bbox 1314 2316 1712 2385; x_wconf 86' lang='lat' dir='ltr'><strong>delinquimus,</strong></span> <span class='ocrx_word' id='word_1_224' title='bbox 1749 2314 1794 2370; x_wconf 89' lang='lat' dir='ltr'><strong>si</strong></span> <span class='ocrx_word' id='word_1_225' title='bbox 1822 2324 1950 2370; x_wconf 90' lang='lat' dir='ltr'><strong>tunc</strong></span> 
     </span>
    </p>
   </div>
   <div class='ocr_carea' id='block_1_40' title="bbox 220 2409 1306 2481">
    <p class='ocr_par' dir='ltr' id='par_1_40' title="bbox 220 2409 1306 2481">
     <span class='ocr_line' id='line_1_40' title="bbox 220 2409 1306 2481; baseline 0.001 -20"><span class='ocrx_word' id='word_1_226' title='bbox 220 2412 233 2423; x_wconf 86' lang='lat'>‘</span> <span class='ocrx_word' id='word_1_227' title='bbox 306 2434 311 2437; x_wconf 67' lang='grc' dir='ltr'><em>ι</em></span> <span class='ocrx_word' id='word_1_228' title='bbox 364 2414 551 2464; x_wconf 79' lang='lat' dir='ltr'><strong>vinnnt</strong></span> <span class='ocrx_word' id='word_1_229' title='bbox 580 2419 635 2464; x_wconf 88' lang='lat' dir='ltr'><strong>et</strong></span> <span class='ocrx_word' id='word_1_230' title='bbox 675 2409 855 2481; x_wconf 88' lang='lat' dir='ltr'><strong>pisces</strong></span> <span class='ocrx_word' id='word_1_231' title='bbox 883 2411 1306 2480; x_wconf 86' lang='lat' dir='ltr'><strong>sumpserimus.</strong></span> 
     </span>
    </p>
   </div>
   <div class='ocr_carea' id='block_1_41' title="bbox 446 2500 1952 2572">
    <p class='ocr_par' dir='ltr' id='par_1_41' title="bbox 446 2500 1952 2572">
     <span class='ocr_line' id='line_1_41' title="bbox 446 2500 1952 2572; baseline -0.001 -15"><span class='ocrx_word' id='word_1_232' title='bbox 446 2502 533 2557; x_wconf 73' lang='lat' dir='ltr'><strong>\‘l.</strong></span> <span class='ocrx_word' id='word_1_233' title='bbox 565 2502 671 2572; x_wconf 83' lang='lat' dir='ltr'><strong>Qui</strong></span> <span class='ocrx_word' id='word_1_234' title='bbox 717 2503 771 2557; x_wconf 91' lang='lat' dir='ltr'><strong>in</strong></span> <span class='ocrx_word' id='word_1_235' title='bbox 818 2503 1213 2559; x_wconf 85' lang='lat' dir='ltr'><strong>monachorum</strong></span> <span class='ocrx_word' id='word_1_236' title='bbox 1244 2502 1594 2571; x_wconf 54' lang='lat' dir='ltr'><strong>praepositum</strong></span> <span class='ocrx_word' id='word_1_237' title='bbox 1632 2500 1952 2556; x_wconf 86' lang='lat' dir='ltr'><strong>benedictus</strong></span> 
     </span>
    </p>
   </div>
   <div class='ocr_carea' id='block_1_42' title="bbox 367 2593 1954 2664">
    <p class='ocr_par' dir='ltr' id='par_1_42' title="bbox 367 2593 1954 2664">
     <span class='ocr_line' id='line_1_42' title="bbox 367 2593 1954 2664; baseline -0.003 -15"><span class='ocrx_word' id='word_1_238' title='bbox 367 2604 422 2649; x_wconf 82' lang='lat' dir='ltr'><strong>et</strong></span> <span class='ocrx_word' id='word_1_239' title='bbox 453 2602 810 2650; x_wconf 86' lang='lat' dir='ltr'><strong>consecratus</strong></span> <span class='ocrx_word' id='word_1_240' title='bbox 855 2594 978 2658; x_wconf 82' lang='lat' dir='ltr'><strong>fuit,</strong></span> <span class='ocrx_word' id='word_1_241' title='bbox 1008 2604 1202 2664; x_wconf 89' lang='lat' dir='ltr'><strong>estque</strong></span> <span class='ocrx_word' id='word_1_242' title='bbox 1228 2593 1543 2664; x_wconf 79' lang='lat' dir='ltr'><strong>presbyter,</strong></span> <span class='ocrx_word' id='word_1_243' title='bbox 1582 2593 1842 2647; x_wconf 86' lang='lat' dir='ltr'><strong>lectorem</strong></span> <span class='ocrx_word' id='word_1_244' title='bbox 1886 2606 1954 2645; x_wconf 86' lang='lat' dir='ltr'><strong>ac</strong></span> 
     </span>
    </p>
   </div>
   <div class='ocr_carea' id='block_1_43' title="bbox 367 2684 1746 2757">
    <p class='ocr_par' dir='ltr' id='par_1_43' title="bbox 367 2684 1746 2757">
     <span class='ocr_line' id='line_1_43' title="bbox 367 2684 1746 2757; baseline -0.001 -17"><span class='ocrx_word' id='word_1_245' title='bbox 367 2687 768 2742; x_wconf 74' lang='lat' dir='ltr'><strong>subdiaconum</strong></span> <span class='ocrx_word' id='word_1_246' title='bbox 800 2686 853 2742; x_wconf 92' lang='lat' dir='ltr'><strong>in</strong></span> <span class='ocrx_word' id='word_1_247' title='bbox 890 2686 1114 2757; x_wconf 86' lang='lat' dir='ltr'><strong>proprio</strong></span> <span class='ocrx_word' id='word_1_248' title='bbox 1144 2685 1482 2740; x_wconf 87' lang='lat' dir='ltr'><strong>monasterio</strong></span> <span class='ocrx_word' id='word_1_249' title='bbox 1507 2684 1746 2739; x_wconf 89' lang='lat' dir='ltr'><strong>ordinat.</strong></span> 
     </span>
    </p>
   </div>
   <div class='ocr_carea' id='block_1_44' title="bbox 448 2778 1953 2851">
    <p class='ocr_par' dir='ltr' id='par_1_44' title="bbox 448 2778 1953 2851">
     <span class='ocr_line' id='line_1_44' title="bbox 448 2778 1953 2851; baseline -0.001 -17"><span class='ocrx_word' id='word_1_250' title='bbox 448 2778 562 2835; x_wconf 89' lang='lat' dir='ltr'><strong>VII.</strong></span> <span class='ocrx_word' id='word_1_251' title='bbox 601 2782 659 2835; x_wconf 87' lang='lat' dir='ltr'><strong>Si</strong></span> <span class='ocrx_word' id='word_1_252' title='bbox 696 2782 819 2850; x_wconf 88' lang='lat' dir='ltr'><strong>quis</strong></span> <span class='ocrx_word' id='word_1_253' title='bbox 863 2796 1034 2851; x_wconf 87' lang='lat' dir='ltr'><strong>usque</strong></span> <span class='ocrx_word' id='word_1_254' title='bbox 1069 2780 1137 2835; x_wconf 91' lang='lat' dir='ltr'><strong>ad</strong></span> <span class='ocrx_word' id='word_1_255' title='bbox 1170 2795 1343 2835; x_wconf 89' lang='lat' dir='ltr'><strong>annos</strong></span> <span class='ocrx_word' id='word_1_256' title='bbox 1374 2779 1562 2851; x_wconf 75' lang='lat' dir='ltr'><strong>viginti</strong></span> <span class='ocrx_word' id='word_1_257' title='bbox 1590 2790 1646 2835; x_wconf 90' lang='lat' dir='ltr'><strong>et</strong></span> <span class='ocrx_word' id='word_1_258' title='bbox 1699 2780 1867 2843; x_wconf 89' lang='lat' dir='ltr'><strong>ultra.</strong></span> <span class='ocrx_word' id='word_1_259' title='bbox 1899 2780 1953 2834; x_wconf 92' lang='lat' dir='ltr'><strong>in</strong></span> 
     </span>
    </p>
   </div>
   <div class='ocr_carea' id='block_1_45' title="bbox 370 2873 1954 2943">
    <p class='ocr_par' dir='ltr' id='par_1_45' title="bbox 370 2873 1954 2943">
     <span class='ocr_line' id='line_1_45' title="bbox 370 2873 1954 2943; baseline 0.001 -17"><span class='ocrx_word' id='word_1_260' title='bbox 370 2873 502 2927; x_wconf 81' lang='lat' dir='ltr'><strong>luxu</strong></span> <span class='ocrx_word' id='word_1_261' title='bbox 531 2884 587 2929; x_wconf 90' lang='lat' dir='ltr'><strong>et</strong></span> <span class='ocrx_word' id='word_1_262' title='bbox 615 2873 835 2928; x_wconf 78' lang='lat' dir='ltr'><strong>luxuria</strong></span> <span class='ocrx_word' id='word_1_263' title='bbox 866 2874 1089 2940; x_wconf 83' lang='lat' dir='ltr'><strong>vixerit,</strong></span> <span class='ocrx_word' id='word_1_264' title='bbox 1140 2873 1337 2928; x_wconf 90' lang='lat' dir='ltr'><strong>deinde</strong></span> <span class='ocrx_word' id='word_1_265' title='bbox 1368 2887 1498 2927; x_wconf 87' lang='lat' dir='ltr'><strong>vero</strong></span> <span class='ocrx_word' id='word_1_266' title='bbox 1538 2873 1756 2928; x_wconf 76' lang='lat' dir='ltr'><strong>virtutis</strong></span> <span class='ocrx_word' id='word_1_267' title='bbox 1788 2889 1954 2943; x_wconf 84' lang='lat' dir='ltr'><strong>opera</strong></span> 
     </span>
    </p>
   </div>
   <div class='ocr_carea' id='block_1_46' title="bbox 371 2964 1952 3036">
    <p class='ocr_par' dir='ltr' id='par_1_46' title="bbox 371 2964 1952 3036">
     <span class='ocr_line' id='line_1_46' title="bbox 371 2964 1952 3036; baseline 0.001 -17"><span class='ocrx_word' id='word_1_268' title='bbox 371 2964 556 3021; x_wconf 83' lang='lat' dir='ltr'><strong>facere</strong></span> <span class='ocrx_word' id='word_1_269' title='bbox 590 2966 843 3036; x_wconf 77' lang='lat' dir='ltr'><strong>cognitus</strong></span> <span class='ocrx_word' id='word_1_270' title='bbox 873 2965 1059 3027; x_wconf 78' lang='lat' dir='ltr'><strong>fuerit.</strong></span> <span class='ocrx_word' id='word_1_271' title='bbox 1093 2981 1198 3019; x_wconf 87' lang='lat' dir='ltr'><strong>non</strong></span> <span class='ocrx_word' id='word_1_272' title='bbox 1247 2973 1466 3033; x_wconf 88' lang='lat' dir='ltr'><strong>oportet</strong></span> <span class='ocrx_word' id='word_1_273' title='bbox 1512 2980 1635 3019; x_wconf 90' lang='lat' dir='ltr'><strong>eum</strong></span> <span class='ocrx_word' id='word_1_274' title='bbox 1678 2964 1952 3021; x_wconf 89' lang='lat' dir='ltr'><strong>ordinari.</strong></span> 
     </span>
    </p>
   </div>
   <div class='ocr_carea' id='block_1_47' title="bbox 370 3057 1809 3126">
    <p class='ocr_par' dir='ltr' id='par_1_47' title="bbox 370 3057 1809 3126">
     <span class='ocr_line' id='line_1_47' title="bbox 370 3057 1809 3126; baseline 0.001 -15"><span class='ocrx_word' id='word_1_275' title='bbox 370 3058 525 3125; x_wconf 83' lang='lat' dir='ltr'><strong>Quod</strong></span> <span class='ocrx_word' id='word_1_276' title='bbox 545 3060 692 3112; x_wconf 90' lang='lat' dir='ltr'><strong>cnim</strong></span> <span class='ocrx_word' id='word_1_277' title='bbox 723 3072 943 3113; x_wconf 85' lang='lat' dir='ltr'><strong>sacrum</strong></span> <span class='ocrx_word' id='word_1_278' title='bbox 967 3067 1075 3119; x_wconf 80' lang='lat' dir='ltr'><strong>est,</strong></span> <span class='ocrx_word' id='word_1_279' title='bbox 1109 3057 1450 3126; x_wconf 90' lang='lat' dir='ltr'><strong>impollutum</strong></span> <span class='ocrx_word' id='word_1_280' title='bbox 1480 3073 1604 3113; x_wconf 87' lang='lat' dir='ltr'><strong>esse</strong></span> <span class='ocrx_word' id='word_1_281' title='bbox 1626 3058 1809 3113; x_wconf 85' lang='lat' dir='ltr'><strong>debet.</strong></span> 
     </span>
    </p>
   </div>
   <div class='ocr_carea' id='block_1_48' title="bbox 441 3147 1955 3219">
    <p class='ocr_par' dir='ltr' id='par_1_48' title="bbox 441 3147 1955 3219">
     <span class='ocr_line' id='line_1_48' title="bbox 441 3147 1955 3219; baseline 0.001 -17"><span class='ocrx_word' id='word_1_282' title='bbox 441 3147 578 3202; x_wconf 89' lang='lat' dir='ltr'><strong>VIII.</strong></span> <span class='ocrx_word' id='word_1_283' title='bbox 614 3147 716 3215; x_wconf 86' lang='lat' dir='ltr'><strong>Qui</strong></span> <span class='ocrx_word' id='word_1_284' title='bbox 750 3164 813 3203; x_wconf 85' lang='lat' dir='ltr'><strong>ex</strong></span> <span class='ocrx_word' id='word_1_285' title='bbox 841 3149 1171 3214; x_wconf 81' lang='lat' dir='ltr'><strong>concubina,</strong></span> <span class='ocrx_word' id='word_1_286' title='bbox 1202 3157 1296 3203; x_wconf 90' lang='lat' dir='ltr'><strong>aut</strong></span> <span class='ocrx_word' id='word_1_287' title='bbox 1322 3147 1560 3218; x_wconf 80' lang='lat' dir='ltr'><strong>digamis</strong></span> <span class='ocrx_word' id='word_1_288' title='bbox 1593 3148 1676 3203; x_wconf 82' lang='lat' dir='ltr'><strong>vel</strong></span> <span class='ocrx_word' id='word_1_289' title='bbox 1706 3149 1955 3219; x_wconf 82' lang='lat' dir='ltr'><strong>trigamis</strong></span> 
     </span>
    </p>
   </div>
   <div class='ocr_carea' id='block_1_49' title="bbox 2052 1951 3665 2024">
    <p class='ocr_par' dir='ltr' id='par_1_49' title="bbox 2052 1951 3665 2024">
     <span class='ocr_line' id='line_1_49' title="bbox 2052 1951 3665 2024; baseline -0.002 -18"><span class='ocrx_word' id='word_1_290' title='bbox 2052 1954 2152 2017; x_wconf 78' lang='grc' dir='ltr'>τὰς</span> <span class='ocrx_word' id='word_1_291' title='bbox 2176 1953 2319 2024; x_wconf 81' lang='grc' dir='ltr'>ὑπὲρ</span> <span class='ocrx_word' id='word_1_292' title='bbox 2340 1953 2521 2007; x_wconf 81' lang='grc' dir='ltr'>αὐτῶν</span> <span class='ocrx_word' id='word_1_293' title='bbox 2546 1956 2840 2024; x_wconf 82' lang='grc' dir='ltr'>γινομένας</span> <span class='ocrx_word' id='word_1_294' title='bbox 2867 1952 3116 2015; x_wconf 77' lang='grc' dir='ltr'><strong>εὐποιίας</strong></span> <span class='ocrx_word' id='word_1_295' title='bbox 3135 1969 3148 1984; x_wconf 88' lang='grc'><strong>·</strong></span> <span class='ocrx_word' id='word_1_296' title='bbox 3175 1952 3290 2019; x_wconf 80' lang='grc' dir='ltr'>εἴγε</span> <span class='ocrx_word' id='word_1_297' title='bbox 3316 1954 3416 2005; x_wconf 79' lang='grc' dir='ltr'><strong>καὶ</strong></span> <span class='ocrx_word' id='word_1_298' title='bbox 3447 1951 3665 2016; x_wconf 75' lang='grc' dir='ltr'>ζῶντες</span> 
     </span>
    </p>
   </div>
   <div class='ocr_carea' id='block_1_50' title="bbox 2053 2041 3394 2117">
    <p class='ocr_par' dir='ltr' id='par_1_50' title="bbox 2053 2041 3394 2117">
     <span class='ocr_line' id='line_1_50' title="bbox 2053 2041 3394 2117; baseline 0 -20"><span class='ocrx_word' id='word_1_299' title='bbox 2053 2045 2316 2117; x_wconf 79' lang='grc' dir='ltr'>πρόθεσιν</span> <span class='ocrx_word' id='word_1_300' title='bbox 2349 2041 2494 2115; x_wconf 82' lang='grc' dir='ltr'>εἶχον</span> <span class='ocrx_word' id='word_1_301' title='bbox 2529 2044 2622 2099; x_wconf 79' lang='grc' dir='ltr'><strong>τοῦ</strong></span> <span class='ocrx_word' id='word_1_302' title='bbox 2649 2046 2794 2098; x_wconf 72' lang='grc' dir='ltr'>οὕτω</span> <span class='ocrx_word' id='word_1_303' title='bbox 2820 2045 3023 2108; x_wconf 77' lang='grc' dir='ltr'>ταύτας</span> <span class='ocrx_word' id='word_1_304' title='bbox 3050 2044 3394 2115; x_wconf 72' lang='grc' dir='ltr'>τελεσθῆναι.</span> 
     </span>
    </p>
   </div>
   <div class='ocr_carea' id='block_1_51' title="bbox 2123 2228 3659 2300">
    <p class='ocr_par' dir='ltr' id='par_1_51' title="bbox 2123 2228 3659 2300">
     <span class='ocr_line' id='line_1_51' title="bbox 2123 2228 3659 2300; baseline -0.003 -17"><span class='ocrx_word' id='word_1_305' title='bbox 2123 2230 2211 2283; x_wconf 76' lang='grc' dir='ltr'>Ε’.ι</span> <span class='ocrx_word' id='word_1_306' title='bbox 2270 2229 2399 2282; x_wconf 80' lang='grc' dir='ltr'><strong>Ἐὰν</strong></span> <span class='ocrx_word' id='word_1_307' title='bbox 2467 2229 2650 2300; x_wconf 76' lang='grc' dir='ltr'>φθάσῃ</span> <span class='ocrx_word' id='word_1_308' title='bbox 2722 2232 2751 2283; x_wconf 84' lang='grc' dir='ltr'>ὀ</span> <span class='ocrx_word' id='word_1_309' title='bbox 2808 2229 3227 2298; x_wconf 73' lang='grc' dir='ltr'>Εὐαγγελισμὸς</span> <span class='ocrx_word' id='word_1_310' title='bbox 3279 2230 3347 2297; x_wconf 78' lang='grc' dir='ltr'>τῇ</span> <span class='ocrx_word' id='word_1_311' title='bbox 3433 2228 3659 2299; x_wconf 77' lang='grc' dir='ltr'>μεγάλῃ</span> 
     </span>
    </p>
   </div>
   <div class='ocr_carea' id='block_1_52' title="bbox 2055 2318 3662 2390">
    <p class='ocr_par' dir='ltr' id='par_1_52' title="bbox 2055 2318 3662 2390">
     <span class='ocr_line' id='line_1_52' title="bbox 2055 2318 3662 2390; baseline 0.001 -20"><span class='ocrx_word' id='word_1_312' title='bbox 2055 2318 2312 2389; x_wconf 81' lang='grc' dir='ltr'>Πέμπτῃ,</span> <span class='ocrx_word' id='word_1_313' title='bbox 2353 2319 2387 2388; x_wconf 83' lang='grc' dir='ltr'><strong>ἦ</strong></span> <span class='ocrx_word' id='word_1_314' title='bbox 2446 2322 2513 2389; x_wconf 78' lang='grc' dir='ltr'>τῇ</span> <span class='ocrx_word' id='word_1_315' title='bbox 2564 2318 2776 2390; x_wconf 79' lang='grc' dir='ltr'>μεγάλῃ</span> <span class='ocrx_word' id='word_1_316' title='bbox 2823 2320 3182 2389; x_wconf 82' lang='grc' dir='ltr'>Παρασκευῇ,</span> <span class='ocrx_word' id='word_1_317' title='bbox 3235 2318 3335 2387; x_wconf 79' lang='grc' dir='ltr'>οὐχ</span> <span class='ocrx_word' id='word_1_318' title='bbox 3391 2318 3662 2387; x_wconf 83' lang='grc' dir='ltr'>ἁμαρτά-</span> 
     </span>
    </p>
   </div>
   <div class='ocr_carea' id='block_1_53' title="bbox 2055 2409 3652 2481">
    <p class='ocr_par' dir='ltr' id='par_1_53' title="bbox 2055 2409 3652 2481">
     <span class='ocr_line' id='line_1_53' title="bbox 2055 2409 3652 2481; baseline -0.001 -18"><span class='ocrx_word' id='word_1_319' title='bbox 2055 2426 2217 2480; x_wconf 86' lang='grc' dir='ltr'>νομεν</span> <span class='ocrx_word' id='word_1_320' title='bbox 2237 2409 2382 2464; x_wconf 76' lang='grc' dir='ltr'>οἴνου</span> <span class='ocrx_word' id='word_1_321' title='bbox 2409 2410 2714 2480; x_wconf 80' lang='grc' dir='ltr'>τηνικαῦτα</span> <span class='ocrx_word' id='word_1_322' title='bbox 2737 2411 3256 2481; x_wconf 77' lang='grc' dir='ltr'>μεταλαμόάνοντες</span> <span class='ocrx_word' id='word_1_323' title='bbox 3282 2411 3380 2463; x_wconf 75' lang='grc' dir='ltr'>καὶ</span> <span class='ocrx_word' id='word_1_324' title='bbox 3413 2409 3652 2479; x_wconf 80' lang='grc' dir='ltr'>ἰχθύων.</span> 
     </span>
    </p>
   </div>
   <div class='ocr_carea' id='block_1_54' title="bbox 2126 2498 3657 2572">
    <p class='ocr_par' dir='ltr' id='par_1_54' title="bbox 2126 2498 3657 2572">
     <span class='ocr_line' id='line_1_54' title="bbox 2126 2498 3657 2572; baseline -0.004 -15"><span class='ocrx_word' id='word_1_325' title='bbox 2126 2499 2218 2568; x_wconf 69' lang='grc' dir='ltr'>ς’.</span> <span class='ocrx_word' id='word_1_326' title='bbox 2276 2502 2336 2555; x_wconf 88' lang='grc' dir='ltr'>Ὁ</span> <span class='ocrx_word' id='word_1_327' title='bbox 2377 2502 2518 2571; x_wconf 80' lang='grc' dir='ltr'>ἔχων</span> <span class='ocrx_word' id='word_1_328' title='bbox 2553 2501 2721 2571; x_wconf 81' lang='grc' dir='ltr'>εὐχὴν</span> <span class='ocrx_word' id='word_1_329' title='bbox 2772 2501 3077 2572; x_wconf 78' lang='grc' dir='ltr'>ἡγουμένου</span> <span class='ocrx_word' id='word_1_330' title='bbox 3109 2500 3495 2571; x_wconf 76' lang='grc' dir='ltr'>πρεσϐύτερος</span> <span class='ocrx_word' id='word_1_331' title='bbox 3543 2498 3657 2562; x_wconf 82' lang='grc' dir='ltr'>ῶν,</span> 
     </span>
    </p>
   </div>
   <div class='ocr_carea' id='block_1_55' title="bbox 2055 2591 3662 2664">
    <p class='ocr_par' dir='ltr' id='par_1_55' title="bbox 2055 2591 3662 2664">
     <span class='ocr_line' id='line_1_55' title="bbox 2055 2591 3662 2664; baseline -0.002 -18"><span class='ocrx_word' id='word_1_332' title='bbox 2055 2597 2357 2664; x_wconf 82' lang='grc' dir='ltr'>χειροτονεῖ</span> <span class='ocrx_word' id='word_1_333' title='bbox 2398 2596 2754 2664; x_wconf 74' lang='grc' dir='ltr'>ἀναγνώστην</span> <span class='ocrx_word' id='word_1_334' title='bbox 2795 2595 2891 2647; x_wconf 58' lang='grc' dir='ltr'><strong>καὶ⁵</strong></span> <span class='ocrx_word' id='word_1_335' title='bbox 2936 2593 3293 2648; x_wconf 83' lang='grc' dir='ltr'>ὑποδιάκονον</span> <span class='ocrx_word' id='word_1_336' title='bbox 3335 2594 3394 2647; x_wconf 82' lang='grc' dir='ltr'><strong>ὲν</strong></span> <span class='ocrx_word' id='word_1_337' title='bbox 3428 2594 3500 2662; x_wconf 78' lang='grc' dir='ltr'>τῇ</span> <span class='ocrx_word' id='word_1_338' title='bbox 3550 2591 3662 2663; x_wconf 66' lang='grc' dir='ltr'>ἰδία</span> 
     </span>
    </p>
   </div>
   <div class='ocr_carea' id='block_1_56' title="bbox 2057 2678 2745 2757">
    <p class='ocr_par' dir='ltr' id='par_1_56' title="bbox 2057 2678 2745 2757">
     <span class='ocr_line' id='line_1_56' title="bbox 2057 2678 2745 2757; baseline 0.001 -19"><span class='ocrx_word' id='word_1_339' title='bbox 2057 2689 2215 2757; x_wconf 83' lang='grc' dir='ltr'>μονῇ.</span> <span class='ocrx_word' id='word_1_340' title='bbox 2742 2678 2745 2679; x_wconf 16' lang='grc' dir='ltr'><em>ν</em></span> 
     </span>
    </p>
   </div>
   <div class='ocr_carea' id='block_1_57' title="bbox 2127 2777 3657 2850">
    <p class='ocr_par' dir='ltr' id='par_1_57' title="bbox 2127 2777 3657 2850">
     <span class='ocr_line' id='line_1_57' title="bbox 2127 2777 3657 2850; baseline -0.003 -17"><span class='ocrx_word' id='word_1_341' title='bbox 2127 2781 2203 2833; x_wconf 93' lang='lat' dir='ltr'><strong>Z&#39;.</strong></span> <span class='ocrx_word' id='word_1_342' title='bbox 2252 2778 2377 2832; x_wconf 87' lang='grc' dir='ltr'>Ἐάν</span> <span class='ocrx_word' id='word_1_343' title='bbox 2402 2795 2487 2843; x_wconf 82' lang='grc' dir='ltr'><strong>τις</strong></span> <span class='ocrx_word' id='word_1_344' title='bbox 2504 2779 2561 2833; x_wconf 83' lang='grc' dir='ltr'>ὲν</span> <span class='ocrx_word' id='word_1_345' title='bbox 2599 2778 2808 2850; x_wconf 77' lang='grc' dir='ltr'>ἀσωτίᾳ</span> <span class='ocrx_word' id='word_1_346' title='bbox 2838 2777 3005 2848; x_wconf 80' lang='grc' dir='ltr'>ἔζησε</span> <span class='ocrx_word' id='word_1_347' title='bbox 3043 2777 3237 2848; x_wconf 78' lang='grc' dir='ltr'>μέχρις</span> <span class='ocrx_word' id='word_1_348' title='bbox 3261 2778 3407 2830; x_wconf 78' lang='grc' dir='ltr'>ἐτῶν</span> <span class='ocrx_word' id='word_1_349' title='bbox 3443 2777 3657 2840; x_wconf 72' lang='grc' dir='ltr'>εῖκοσι,</span> 
     </span>
    </p>
   </div>
   <div class='ocr_carea' id='block_1_58' title="bbox 2054 2867 3659 2943">
    <p class='ocr_par' dir='ltr' id='par_1_58' title="bbox 2054 2867 3659 2943">
     <span class='ocr_line' id='line_1_58' title="bbox 2054 2867 3659 2943; baseline -0.001 -20"><span class='ocrx_word' id='word_1_350' title='bbox 2054 2871 2087 2941; x_wconf 84' lang='grc' dir='ltr'>ἢ</span> <span class='ocrx_word' id='word_1_351' title='bbox 2137 2872 2232 2923; x_wconf 73' lang='grc' dir='ltr'><strong>καὶ</strong></span> <span class='ocrx_word' id='word_1_352' title='bbox 2276 2872 2556 2937; x_wconf 79' lang='grc' dir='ltr'>ἐπέκεινα,</span> <span class='ocrx_word' id='word_1_353' title='bbox 2590 2867 2709 2924; x_wconf 85' lang='grc' dir='ltr'>εἶτα</span> <span class='ocrx_word' id='word_1_354' title='bbox 2744 2874 2887 2943; x_wconf 80' lang='grc' dir='ltr'>φανῇ</span> <span class='ocrx_word' id='word_1_355' title='bbox 2936 2870 3107 2924; x_wconf 87' lang='grc' dir='ltr'>ποιῶν</span> <span class='ocrx_word' id='word_1_356' title='bbox 3140 2870 3277 2940; x_wconf 78' lang='grc' dir='ltr'>ἔργα</span> <span class='ocrx_word' id='word_1_357' title='bbox 3320 2869 3563 2940; x_wconf 68' lang='grc' dir='ltr'>ἀρετῆς,</span> <span class='ocrx_word' id='word_1_358' title='bbox 3597 2870 3659 2923; x_wconf 88' lang='grc' dir='ltr'><strong>οὐ</strong></span> 
     </span>
    </p>
   </div>
   <div class='ocr_carea' id='block_1_59' title="bbox 2054 2962 3660 3036">
    <p class='ocr_par' dir='ltr' id='par_1_59' title="bbox 2054 2962 3660 3036">
     <span class='ocr_line' id='line_1_59' title="bbox 2054 2962 3660 3036; baseline -0.002 -19"><span class='ocrx_word' id='word_1_359' title='bbox 2054 2964 2162 3034; x_wconf 82' lang='grc' dir='ltr'>χρὴ</span> <span class='ocrx_word' id='word_1_360' title='bbox 2192 2963 2356 3017; x_wconf 75' lang='grc' dir='ltr'>αὐτὸν</span> <span class='ocrx_word' id='word_1_361' title='bbox 2405 2962 2858 3036; x_wconf 84' lang='grc' dir='ltr'>χειροτονεῖσθαι.</span> <span class='ocrx_word' id='word_1_362' title='bbox 2895 2964 2969 3016; x_wconf 87' lang='grc' dir='ltr'><strong>Τὸ</strong></span> <span class='ocrx_word' id='word_1_363' title='bbox 3013 2962 3125 3033; x_wconf 83' lang='grc' dir='ltr'>γὰρ</span> <span class='ocrx_word' id='word_1_364' title='bbox 3160 2962 3309 3032; x_wconf 72' lang='grc' dir='ltr'>ἱερὸν</span> <span class='ocrx_word' id='word_1_365' title='bbox 3342 2962 3660 3032; x_wconf 79' lang='grc' dir='ltr'>ἁμόλυντον</span> 
     </span>
    </p>
   </div>
   <div class='ocr_carea' id='block_1_60' title="bbox 2055 3050 2322 3112">
    <p class='ocr_par' dir='ltr' id='par_1_60' title="bbox 2055 3050 2322 3112">
     <span class='ocr_line' id='line_1_60' title="bbox 2055 3050 2322 3112; baseline 0.015 -4"><span class='ocrx_word' id='word_1_366' title='bbox 2055 3050 2199 3108; x_wconf 82' lang='grc' dir='ltr'>εἶναι</span> <span class='ocrx_word' id='word_1_367' title='bbox 2222 3057 2322 3112; x_wconf 85' lang='grc' dir='ltr'>δεῖ.</span> 
     </span>
    </p>
   </div>
   <div class='ocr_carea' id='block_1_61' title="bbox 2131 3145 3660 3227">
    <p class='ocr_par' dir='ltr' id='par_1_61' title="bbox 2131 3145 3660 3227">
     <span class='ocr_line' id='line_1_61' title="bbox 2131 3145 3660 3227; baseline -0.003 -26"><span class='ocrx_word' id='word_1_368' title='bbox 2131 3149 2310 3227; x_wconf 42' lang='grc' dir='ltr'>ΗχΟί</span> <span class='ocrx_word' id='word_1_369' title='bbox 2363 3148 2474 3203; x_wconf 84' lang='grc' dir='ltr'><strong>ἀπὸ</strong></span> <span class='ocrx_word' id='word_1_370' title='bbox 2523 3147 2855 3211; x_wconf 79' lang='grc' dir='ltr'>παλλακίδος</span> <span class='ocrx_word' id='word_1_371' title='bbox 2893 3149 2927 3219; x_wconf 83' lang='grc' dir='ltr'><strong>ἥ</strong></span> <span class='ocrx_word' id='word_1_372' title='bbox 2959 3148 3209 3217; x_wconf 86' lang='grc' dir='ltr'>διγάμων</span> <span class='ocrx_word' id='word_1_373' title='bbox 3258 3145 3293 3218; x_wconf 79' lang='grc' dir='ltr'>ἢ</span> <span class='ocrx_word' id='word_1_374' title='bbox 3356 3147 3660 3217; x_wconf 83' lang='grc' dir='ltr'>τριγάμων</span> 
     </span>
    </p>
   </div>
   <div class='ocr_carea' id='block_1_62' title="bbox 370 3222 1951 3312">
    <p class='ocr_par' dir='ltr' id='par_1_62' title="bbox 370 3240 1951 3305">
     <span class='ocr_line' id='line_1_62' title="bbox 370 3240 1951 3305; baseline 0.003 -11"><span class='ocrx_word' id='word_1_375' title='bbox 370 3241 484 3295; x_wconf 90' lang='lat' dir='ltr'><strong>nati</strong></span> <span class='ocrx_word' id='word_1_376' title='bbox 541 3254 701 3305; x_wconf 89' lang='lat' dir='ltr'><strong>sunt,</strong></span> <span class='ocrx_word' id='word_1_377' title='bbox 767 3243 929 3297; x_wconf 87' lang='lat' dir='ltr'><strong>modo</strong></span> <span class='ocrx_word' id='word_1_378' title='bbox 1003 3242 1169 3296; x_wconf 82' lang='lat' dir='ltr'><strong>vitam</strong></span> <span class='ocrx_word' id='word_1_379' title='bbox 1227 3240 1581 3296; x_wconf 77' lang='lat' dir='ltr'><strong>exbibuerint</strong></span> <span class='ocrx_word' id='word_1_380' title='bbox 1647 3242 1951 3300; x_wconf 82' lang='lat' dir='ltr'><strong>sacerdotio</strong></span> 
     </span>
    </p>
   </div>
   <div class='ocr_carea' id='block_1_63' title="bbox 2090 3222 3658 3312">
    <p class='ocr_par' dir='ltr' id='par_1_63' title="bbox 2098 3222 3658 3312">
     <span class='ocr_line' id='line_1_63' title="bbox 2098 3222 3658 3312; baseline -0.001 -18"><span class='ocrx_word' id='word_1_381' title='bbox 2098 3222 2374 3312; x_wconf 81' lang='grc' dir='ltr'>ικτόμενοι</span> <span class='ocrx_word' id='word_1_382' title='bbox 2415 3243 2628 3307; x_wconf 83' lang='grc' dir='ltr'>παῖδες,</span> <span class='ocrx_word' id='word_1_383' title='bbox 2662 3243 2761 3297; x_wconf 72' lang='grc' dir='ltr'><strong>ἐὰν</strong></span> <span class='ocrx_word' id='word_1_384' title='bbox 2794 3242 2946 3309; x_wconf 79' lang='grc' dir='ltr'>ἀξιον</span> <span class='ocrx_word' id='word_1_385' title='bbox 2977 3240 3281 3312; x_wconf 80' lang='grc' dir='ltr'>ἱερωσύνης</span> <span class='ocrx_word' id='word_1_386' title='bbox 3329 3241 3658 3307; x_wconf 78' lang='grc' dir='ltr'>ἐπιδείξωνο</span> 
     </span>
    </p>
   </div>
   <div class='ocr_carea' id='block_1_64' title="bbox 369 3332 999 3399">
    <p class='ocr_par' dir='ltr' id='par_1_64' title="bbox 369 3332 999 3399">
     <span class='ocr_line' id='line_1_64' title="bbox 369 3332 999 3399; baseline 0.002 -13"><span class='ocrx_word' id='word_1_387' title='bbox 369 3332 616 3399; x_wconf 77' lang='lat' dir='ltr'><strong>dignam,</strong></span> <span class='ocrx_word' id='word_1_388' title='bbox 648 3335 999 3388; x_wconf 85' lang='lat' dir='ltr'><strong>ordinantur.</strong></span> 
     </span>
    </p>
   </div>
   <div class='ocr_carea' id='block_1_65' title="bbox 432 3423 1955 3502">
    <p class='ocr_par' dir='ltr' id='par_1_65' title="bbox 432 3423 1955 3502">
     <span class='ocr_line' id='line_1_65' title="bbox 432 3423 1955 3502; baseline 0.003 -25"><span class='ocrx_word' id='word_1_389' title='bbox 432 3423 535 3502; x_wconf 76' lang='lat' dir='ltr'><strong>IX.</strong></span> <span class='ocrx_word' id='word_1_390' title='bbox 586 3424 777 3480; x_wconf 79' lang='lat' dir='ltr'><strong>Divina</strong></span> <span class='ocrx_word' id='word_1_391' title='bbox 810 3425 1127 3481; x_wconf 88' lang='lat' dir='ltr'><strong>communio</strong></span> <span class='ocrx_word' id='word_1_392' title='bbox 1159 3425 1421 3480; x_wconf 86' lang='lat' dir='ltr'><strong>tradenda</strong></span> <span class='ocrx_word' id='word_1_393' title='bbox 1453 3433 1538 3480; x_wconf 90' lang='lat' dir='ltr'><strong>est</strong></span> <span class='ocrx_word' id='word_1_394' title='bbox 1581 3425 1870 3493; x_wconf 46' lang='lat' dir='ltr'><strong>egrotanti</strong></span> <span class='ocrx_word' id='word_1_395' title='bbox 1902 3425 1955 3481; x_wconf 91' lang='lat' dir='ltr'><strong>in</strong></span> 
     </span>
    </p>
   </div>
   <div class='ocr_carea' id='block_1_66' title="bbox 369 3517 1678 3587">
    <p class='ocr_par' dir='ltr' id='par_1_66' title="bbox 369 3517 1678 3587">
     <span class='ocr_line' id='line_1_66' title="bbox 369 3517 1678 3587; baseline -0.001 -14"><span class='ocrx_word' id='word_1_396' title='bbox 369 3517 618 3587; x_wconf 83' lang='lat' dir='ltr'><strong>periculo</strong></span> <span class='ocrx_word' id='word_1_397' title='bbox 650 3520 867 3587; x_wconf 81' lang='lat' dir='ltr'><strong>mortis,</strong></span> <span class='ocrx_word' id='word_1_398' title='bbox 896 3517 1113 3574; x_wconf 84' lang='lat' dir='ltr'><strong>etiamsi</strong></span> <span class='ocrx_word' id='word_1_399' title='bbox 1144 3517 1335 3583; x_wconf 73' lang='lat' dir='ltr'><strong>cibum</strong></span> <span class='ocrx_word' id='word_1_400' title='bbox 1361 3519 1678 3587; x_wconf 86' lang='lat' dir='ltr'><strong>sumpserit.</strong></span> 
     </span>
    </p>
   </div>
   <div class='ocr_carea' id='block_1_67' title="bbox 333 3696 1961 3778">
    <p class='ocr_par' dir='ltr' id='par_1_67' title="bbox 333 3696 1961 3778">
     <span class='ocr_line' id='line_1_67' title="bbox 333 3696 1961 3778; baseline 0 -27"><span class='ocrx_word' id='word_1_401' title='bbox 333 3773 339 3778; x_wconf 30' lang='lat'><strong><em>.</em></strong></span> <span class='ocrx_word' id='word_1_402' title='bbox 443 3697 512 3753; x_wconf 79' lang='grc' dir='ltr'>Χ.</span> <span class='ocrx_word' id='word_1_403' title='bbox 558 3697 788 3764; x_wconf 85' lang='lat' dir='ltr'><strong>Oportet</strong></span> <span class='ocrx_word' id='word_1_404' title='bbox 840 3698 1189 3752; x_wconf 83' lang='lat' dir='ltr'><strong>salutationis</strong></span> <span class='ocrx_word' id='word_1_405' title='bbox 1216 3711 1380 3752; x_wconf 85' lang='lat' dir='ltr'><strong>causa</strong></span> <span class='ocrx_word' id='word_1_406' title='bbox 1435 3711 1574 3767; x_wconf 82' lang='lat' dir='ltr'><strong>genu</strong></span> <span class='ocrx_word' id='word_1_407' title='bbox 1612 3696 1829 3752; x_wconf 81' lang='lat' dir='ltr'><strong>ﬂectere</strong></span> <span class='ocrx_word' id='word_1_408' title='bbox 1871 3698 1961 3752; x_wconf 86' lang='lat' dir='ltr'><strong>die</strong></span> 
     </span>
    </p>
   </div>
   <div class='ocr_carea' id='block_1_68' title="bbox 376 3791 1959 3863">
    <p class='ocr_par' dir='ltr' id='par_1_68' title="bbox 376 3791 1959 3863">
     <span class='ocr_line' id='line_1_68' title="bbox 376 3791 1959 3863; baseline -0.004 -15"><span class='ocrx_word' id='word_1_409' title='bbox 376 3795 679 3858; x_wconf 87' lang='lat' dir='ltr'><strong>Dominico,</strong></span> <span class='ocrx_word' id='word_1_410' title='bbox 729 3803 784 3848; x_wconf 87' lang='lat' dir='ltr'><strong>et</strong></span> <span class='ocrx_word' id='word_1_411' title='bbox 827 3809 927 3863; x_wconf 87' lang='lat' dir='ltr'><strong>per</strong></span> <span class='ocrx_word' id='word_1_412' title='bbox 962 3802 1133 3846; x_wconf 88' lang='lat' dir='ltr'><strong>totam</strong></span> <span class='ocrx_word' id='word_1_413' title='bbox 1179 3791 1583 3856; x_wconf 80' lang='lat' dir='ltr'><strong>Pentecosten;</strong></span> <span class='ocrx_word' id='word_1_414' title='bbox 1638 3805 1744 3845; x_wconf 88' lang='lat' dir='ltr'><strong>non</strong></span> <span class='ocrx_word' id='word_1_415' title='bbox 1780 3801 1959 3845; x_wconf 87' lang='lat' dir='ltr'><strong>tamen</strong></span> 
     </span>
    </p>
   </div>
   <div class='ocr_carea' id='block_1_69' title="bbox 369 3884 1336 3956">
    <p class='ocr_par' dir='ltr' id='par_1_69' title="bbox 369 3884 1336 3956">
     <span class='ocr_line' id='line_1_69' title="bbox 369 3884 1336 3956; baseline -0.005 -13"><span class='ocrx_word' id='word_1_416' title='bbox 369 3897 668 3943; x_wconf 87' lang='lat' dir='ltr'><strong>consuetas</strong></span> <span class='ocrx_word' id='word_1_417' title='bbox 697 3885 1109 3956; x_wconf 71' lang='lat' dir='ltr'><strong>genuﬂexiones</strong></span> <span class='ocrx_word' id='word_1_418' title='bbox 1134 3884 1336 3939; x_wconf 80' lang='lat' dir='ltr'><strong>facere.</strong></span> 
     </span>
    </p>
   </div>
   <div class='ocr_carea' id='block_1_70' title="bbox 443 3976 1961 4050">
    <p class='ocr_par' dir='ltr' id='par_1_70' title="bbox 443 3976 1961 4050">
     <span class='ocr_line' id='line_1_70' title="bbox 443 3976 1961 4050; baseline -0.003 -15"><span class='ocrx_word' id='word_1_419' title='bbox 443 3979 538 4035; x_wconf 80' lang='lat' dir='ltr'><strong>XI.</strong></span> <span class='ocrx_word' id='word_1_420' title='bbox 570 3978 685 4034; x_wconf 86' lang='lat' dir='ltr'><strong>Non</strong></span> <span class='ocrx_word' id='word_1_421' title='bbox 731 3991 943 4050; x_wconf 82' lang='lat' dir='ltr'><strong>peccat,</strong></span> <span class='ocrx_word' id='word_1_422' title='bbox 983 3979 1073 4047; x_wconf 88' lang='lat' dir='ltr'><strong>qni</strong></span> <span class='ocrx_word' id='word_1_423' title='bbox 1120 3994 1216 4048; x_wconf 89' lang='lat' dir='ltr'><strong>pro</strong></span> <span class='ocrx_word' id='word_1_424' title='bbox 1253 3978 1428 4032; x_wconf 89' lang='lat' dir='ltr'><strong>tribus</strong></span> <span class='ocrx_word' id='word_1_425' title='bbox 1456 3976 1773 4033; x_wconf 87' lang='lat' dir='ltr'><strong>hominibus</strong></span> <span class='ocrx_word' id='word_1_426' title='bbox 1799 3991 1961 4031; x_wconf 88' lang='lat' dir='ltr'><strong>unam</strong></span> 
     </span>
    </p>
   </div>
   <div class='ocr_carea' id='block_1_71' title="bbox 373 4070 1960 4136">
    <p class='ocr_par' dir='ltr' id='par_1_71' title="bbox 373 4070 1960 4136">
     <span class='ocr_line' id='line_1_71' title="bbox 373 4070 1960 4136; baseline -0.002 -10"><span class='ocrx_word' id='word_1_427' title='bbox 373 4073 1032 4136; x_wconf 84' lang='lat' dir='ltr'><strong>consecratoblationem,</strong></span> <span class='ocrx_word' id='word_1_428' title='bbox 1056 4082 1151 4126; x_wconf 91' lang='lat' dir='ltr'><strong>aut</strong></span> <span class='ocrx_word' id='word_1_429' title='bbox 1177 4086 1341 4125; x_wconf 85' lang='lat' dir='ltr'><strong>unam</strong></span> <span class='ocrx_word' id='word_1_430' title='bbox 1370 4071 1621 4125; x_wconf 80' lang='lat' dir='ltr'><strong>accendit</strong></span> <span class='ocrx_word' id='word_1_431' title='bbox 1650 4070 1960 4124; x_wconf 86' lang='lat' dir='ltr'><strong>candelam.</strong></span> 
     </span>
    </p>
   </div>
   <div class='ocr_carea' id='block_1_72' title="bbox 443 4163 1961 4233">
    <p class='ocr_par' dir='ltr' id='par_1_72' title="bbox 443 4163 1961 4233">
     <span class='ocr_line' id='line_1_72' title="bbox 443 4163 1961 4233; baseline -0.003 -13"><span class='ocrx_word' id='word_1_432' title='bbox 443 4163 563 4220; x_wconf 75' lang='lat' dir='ltr'><strong>XII.</strong></span> <span class='ocrx_word' id='word_1_433' title='bbox 597 4164 753 4229; x_wconf 85' lang='lat' dir='ltr'><strong>Quod</strong></span> <span class='ocrx_word' id='word_1_434' title='bbox 802 4178 907 4217; x_wconf 92' lang='lat' dir='ltr'><strong>non</strong></span> <span class='ocrx_word' id='word_1_435' title='bbox 945 4175 1195 4233; x_wconf 86' lang='lat' dir='ltr'><strong>oporteat</strong></span> <span class='ocrx_word' id='word_1_436' title='bbox 1244 4166 1298 4217; x_wconf 90' lang='lat' dir='ltr'><strong>in</strong></span> <span class='ocrx_word' id='word_1_437' title='bbox 1330 4177 1492 4231; x_wconf 81' lang='lat' dir='ltr'><strong>prece</strong></span> <span class='ocrx_word' id='word_1_438' title='bbox 1545 4163 1961 4232; x_wconf 78' lang='lat' dir='ltr'><strong>Scevopltylacii</strong></span> 
     </span>
    </p>
   </div>
   <div class='ocr_carea' id='block_1_73' title="bbox 373 4254 1963 4329">
    <p class='ocr_par' dir='ltr' id='par_1_73' title="bbox 373 4254 1963 4329">
     <span class='ocr_line' id='line_1_73' title="bbox 373 4254 1963 4329; baseline 0.001 -22"><span class='ocrx_word' id='word_1_439' title='bbox 373 4270 467 4308; x_wconf 86' lang='lat' dir='ltr'><strong>seu</strong></span> <span class='ocrx_word' id='word_1_440' title='bbox 512 4254 742 4310; x_wconf 86' lang='lat' dir='ltr'><strong>sacrarii</strong></span> <span class='ocrx_word' id='word_1_441' title='bbox 802 4256 983 4310; x_wconf 76' lang='lat' dir='ltr'><strong>facere</strong></span> <span class='ocrx_word' id='word_1_442' title='bbox 1024 4255 1497 4325; x_wconf 79' lang='lat' dir='ltr'><strong>consignatiouem</strong></span> <span class='ocrx_word' id='word_1_443' title='bbox 1553 4270 1718 4329; x_wconf 83' lang='lat' dir='ltr'><strong>super</strong></span> <span class='ocrx_word' id='word_1_444' title='bbox 1746 4269 1963 4310; x_wconf 83' lang='lat' dir='ltr'><strong>sacrum</strong></span> 
     </span>
    </p>
   </div>
   <div class='ocr_carea' id='block_1_74' title="bbox 374 4347 623 4401">
    <p class='ocr_par' dir='ltr' id='par_1_74' title="bbox 374 4347 623 4401">
     <span class='ocr_line' id='line_1_74' title="bbox 374 4347 623 4401; baseline 0.004 -1"><span class='ocrx_word' id='word_1_445' title='bbox 374 4347 623 4401; x_wconf 78' lang='lat' dir='ltr'><strong>calicem.</strong></span> 
     </span>
    </p>
   </div>
   <div class='ocr_carea' id='block_1_75' title="bbox 446 4437 1961 4510">
    <p class='ocr_par' dir='ltr' id='par_1_75' title="bbox 446 4437 1961 4510">
     <span class='ocr_line' id='line_1_75' title="bbox 446 4437 1961 4510; baseline 0 -18"><span class='ocrx_word' id='word_1_446' title='bbox 446 4437 584 4492; x_wconf 73' lang='lat' dir='ltr'><strong>XIII.</strong></span> <span class='ocrx_word' id='word_1_447' title='bbox 621 4438 739 4492; x_wconf 83' lang='lat' dir='ltr'><strong>Non</strong></span> <span class='ocrx_word' id='word_1_448' title='bbox 788 4449 1003 4509; x_wconf 89' lang='lat' dir='ltr'><strong>oportet</strong></span> <span class='ocrx_word' id='word_1_449' title='bbox 1032 4438 1155 4494; x_wconf 85' lang='lat' dir='ltr'><strong>sine</strong></span> <span class='ocrx_word' id='word_1_450' title='bbox 1186 4453 1327 4509; x_wconf 88' lang='lat' dir='ltr'><strong>aqua</strong></span> <span class='ocrx_word' id='word_1_451' title='bbox 1359 4439 1535 4493; x_wconf 85' lang='lat' dir='ltr'><strong>caIida</strong></span> <span class='ocrx_word' id='word_1_452' title='bbox 1581 4440 1961 4510; x_wconf 85' lang='lat' dir='ltr'><strong>presbyterum</strong></span> 
     </span>
    </p>
   </div>
   <div class='ocr_carea' id='block_1_76' title="bbox 378 4530 1962 4607">
    <p class='ocr_par' dir='ltr' id='par_1_76' title="bbox 378 4530 1962 4607">
     <span class='ocr_line' id='line_1_76' title="bbox 378 4530 1962 4607; baseline 0.003 -26"><span class='ocrx_word' id='word_1_453' title='bbox 378 4530 600 4583; x_wconf 85' lang='lat' dir='ltr'><strong>missam</strong></span> <span class='ocrx_word' id='word_1_454' title='bbox 635 4530 941 4597; x_wconf 85' lang='lat' dir='ltr'><strong>celebrare,</strong></span> <span class='ocrx_word' id='word_1_455' title='bbox 973 4532 1076 4585; x_wconf 85' lang='lat' dir='ltr'><strong>nisi</strong></span> <span class='ocrx_word' id='word_1_456' title='bbox 1116 4531 1176 4607; x_wconf 75' lang='lat' dir='ltr'><strong>in</strong></span> <span class='ocrx_word' id='word_1_457' title='bbox 1203 4545 1399 4600; x_wconf 76' lang='lat' dir='ltr'><strong>magna</strong></span> <span class='ocrx_word' id='word_1_458' title='bbox 1446 4531 1799 4597; x_wconf 88' lang='lat' dir='ltr'><strong>necessitate,</strong></span> <span class='ocrx_word' id='word_1_459' title='bbox 1832 4541 1888 4587; x_wconf 87' lang='lat' dir='ltr'><strong>et</strong></span> <span class='ocrx_word' id='word_1_460' title='bbox 1915 4532 1962 4587; x_wconf 90' lang='lat' dir='ltr'><strong>si</strong></span> 
     </span>
    </p>
   </div>
   <div class='ocr_carea' id='block_1_77' title="bbox 376 4621 1532 4692">
    <p class='ocr_par' dir='ltr' id='par_1_77' title="bbox 376 4621 1532 4692">
     <span class='ocr_line' id='line_1_77' title="bbox 376 4621 1532 4692; baseline 0.003 -19"><span class='ocrx_word' id='word_1_461' title='bbox 376 4621 690 4675; x_wconf 83' lang='lat' dir='ltr'><strong>nullatenus</strong></span> <span class='ocrx_word' id='word_1_462' title='bbox 718 4622 990 4691; x_wconf 88' lang='lat' dir='ltr'><strong>ejusmodi</strong></span> <span class='ocrx_word' id='word_1_463' title='bbox 1034 4638 1174 4692; x_wconf 85' lang='lat' dir='ltr'><strong>aqua</strong></span> <span class='ocrx_word' id='word_1_464' title='bbox 1206 4622 1532 4691; x_wconf 89' lang='lat' dir='ltr'><strong>reperiatnr.</strong></span> 
     </span>
    </p>
   </div>
   <div class='ocr_carea' id='block_1_78' title="bbox 452 4704 1965 4783">
    <p class='ocr_par' dir='ltr' id='par_1_78' title="bbox 452 4704 1965 4783">
     <span class='ocr_line' id='line_1_78' title="bbox 452 4704 1965 4783; baseline 0.002 -18"><span class='ocrx_word' id='word_1_465' title='bbox 452 4710 594 4766; x_wconf 69' lang='lat' dir='ltr'><strong>XIV.</strong></span> <span class='ocrx_word' id='word_1_466' title='bbox 625 4712 954 4767; x_wconf 83' lang='lat' dir='ltr'><strong>Monachum</strong></span> <span class='ocrx_word' id='word_1_467' title='bbox 979 4715 1070 4783; x_wconf 83' lang='lat' dir='ltr'><strong>qui</strong></span> <span class='ocrx_word' id='word_1_468' title='bbox 1120 4714 1369 4768; x_wconf 88' lang='lat' dir='ltr'><strong>habitum</strong></span> <span class='ocrx_word' id='word_1_469' title='bbox 1387 4704 1672 4782; x_wconf 76' lang='lat' dir='ltr'><strong>altjecerit,</strong></span> <span class='ocrx_word' id='word_1_470' title='bbox 1692 4721 1750 4767; x_wconf 87' lang='lat' dir='ltr'><strong>et</strong></span> <span class='ocrx_word' id='word_1_471' title='bbox 1778 4723 1965 4781; x_wconf 80' lang='lat' dir='ltr'><strong>postea</strong></span> 
     </span>
    </p>
   </div>
   <div class='ocr_carea' id='block_1_79' title="bbox 373 4804 1967 4873">
    <p class='ocr_par' dir='ltr' id='par_1_79' title="bbox 373 4804 1967 4873">
     <span class='ocr_line' id='line_1_79' title="bbox 373 4804 1967 4873; baseline 0.002 -17"><span class='ocrx_word' id='word_1_472' title='bbox 373 4818 674 4857; x_wconf 84' lang='lat' dir='ltr'><strong>conversus</strong></span> <span class='ocrx_word' id='word_1_473' title='bbox 704 4814 809 4870; x_wconf 86' lang='lat' dir='ltr'><strong>est,</strong></span> <span class='ocrx_word' id='word_1_474' title='bbox 861 4814 1081 4873; x_wconf 90' lang='lat' dir='ltr'><strong>oportet</strong></span> <span class='ocrx_word' id='word_1_475' title='bbox 1133 4806 1333 4861; x_wconf 89' lang='lat' dir='ltr'><strong>iterum</strong></span> <span class='ocrx_word' id='word_1_476' title='bbox 1394 4804 1726 4859; x_wconf 86' lang='lat' dir='ltr'><strong>vestimento</strong></span> <span class='ocrx_word' id='word_1_477' title='bbox 1774 4819 1967 4859; x_wconf 83' lang='lat' dir='ltr'><strong>mona-</strong></span> 
     </span>
    </p>
   </div>
   <div class='ocr_carea' id='block_1_80' title="bbox 375 4897 1966 4967">
    <p class='ocr_par' dir='ltr' id='par_1_80' title="bbox 375 4897 1966 4967">
     <span class='ocr_line' id='line_1_80' title="bbox 375 4897 1966 4967; baseline 0.003 -19"><span class='ocrx_word' id='word_1_478' title='bbox 375 4897 541 4959; x_wconf 76' lang='lat' dir='ltr'><strong>cliuli,</strong></span> <span class='ocrx_word' id='word_1_479' title='bbox 581 4898 724 4966; x_wconf 87' lang='lat' dir='ltr'><strong>quod</strong></span> <span class='ocrx_word' id='word_1_480' title='bbox 773 4898 946 4962; x_wconf 78' lang='lat' dir='ltr'><strong>exuit,</strong></span> <span class='ocrx_word' id='word_1_481' title='bbox 1004 4897 1252 4965; x_wconf 86' lang='lat' dir='ltr'><strong>induere,</strong></span> <span class='ocrx_word' id='word_1_482' title='bbox 1309 4898 1516 4967; x_wconf 86' lang='lat' dir='ltr'><strong>absque</strong></span> <span class='ocrx_word' id='word_1_483' title='bbox 1547 4898 1804 4967; x_wconf 83' lang='lat' dir='ltr'><strong>precibus</strong></span> <span class='ocrx_word' id='word_1_484' title='bbox 1831 4912 1966 4952; x_wconf 83' lang='lat' dir='ltr'><strong>con-</strong></span> 
     </span>
    </p>
   </div>
   <div class='ocr_carea' id='block_1_81' title="bbox 374 4987 607 5043">
    <p class='ocr_par' dir='ltr' id='par_1_81' title="bbox 374 4987 607 5043">
     <span class='ocr_line' id='line_1_81' title="bbox 374 4987 607 5043; baseline 0.013 -4"><span class='ocrx_word' id='word_1_485' title='bbox 374 4987 607 5043; x_wconf 79' lang='lat' dir='ltr'><strong>stitutis.</strong></span> 
     </span>
    </p>
   </div>
   <div class='ocr_carea' id='block_1_82' title="bbox 356 5075 1961 5147">
    <p class='ocr_par' dir='ltr' id='par_1_82' title="bbox 356 5075 1961 5147">
     <span class='ocr_line' id='line_1_82' title="bbox 356 5075 1961 5147; baseline 0.003 -13"><span class='ocrx_word' id='word_1_486' title='bbox 356 5075 363 5081; x_wconf 74' lang='grc'><strong><em>’</em></strong></span> <span class='ocrx_word' id='word_1_487' title='bbox 450 5077 570 5134; x_wconf 75' lang='lat' dir='ltr'><strong>XV.</strong></span> <span class='ocrx_word' id='word_1_488' title='bbox 607 5079 833 5147; x_wconf 82' lang='lat' dir='ltr'><strong>Oportet</strong></span> <span class='ocrx_word' id='word_1_489' title='bbox 854 5089 910 5135; x_wconf 89' lang='lat' dir='ltr'><strong>ut</strong></span> <span class='ocrx_word' id='word_1_490' title='bbox 939 5081 1385 5136; x_wconf 87' lang='lat' dir='ltr'><strong>sanctimoniales</strong></span> <span class='ocrx_word' id='word_1_491' title='bbox 1418 5084 1470 5135; x_wconf 86' lang='lat' dir='ltr'><strong>in</strong></span> <span class='ocrx_word' id='word_1_492' title='bbox 1497 5092 1750 5137; x_wconf 83' lang='lat' dir='ltr'><strong>sanctum</strong></span> <span class='ocrx_word' id='word_1_493' title='bbox 1785 5082 1961 5138; x_wconf 83' lang='lat' dir='ltr'><strong>altare</strong></span> 
     </span>
    </p>
   </div>
   <div class='ocr_carea' id='block_1_83' title="bbox 374 5171 1960 5241">
    <p class='ocr_par' dir='ltr' id='par_1_83' title="bbox 374 5171 1960 5241">
     <span class='ocr_line' id='line_1_83' title="bbox 374 5171 1960 5241; baseline -0.001 -14"><span class='ocrx_word' id='word_1_494' title='bbox 374 5173 755 5241; x_wconf 73' lang='lat' dir='ltr'><strong>ingrediantur</strong></span> <span class='ocrx_word' id='word_1_495' title='bbox 808 5179 864 5225; x_wconf 92' lang='lat' dir='ltr'><strong>et</strong></span> <span class='ocrx_word' id='word_1_496' title='bbox 911 5171 1214 5225; x_wconf 85' lang='lat' dir='ltr'><strong>accendant</strong></span> <span class='ocrx_word' id='word_1_497' title='bbox 1267 5186 1491 5227; x_wconf 90' lang='lat' dir='ltr'><strong>cereum</strong></span> <span class='ocrx_word' id='word_1_498' title='bbox 1540 5181 1597 5228; x_wconf 88' lang='lat' dir='ltr'><strong>et</strong></span> <span class='ocrx_word' id='word_1_499' title='bbox 1650 5172 1960 5239; x_wconf 70' lang='lat' dir='ltr'><strong>candelam,</strong></span> 
     </span>
    </p>
   </div>
   <div class='ocr_carea' id='block_1_84' title="bbox 374 5263 1215 5330">
    <p class='ocr_par' dir='ltr' id='par_1_84' title="bbox 374 5263 1215 5330">
     <span class='ocr_line' id='line_1_84' title="bbox 374 5263 1215 5330; baseline -0.001 -13"><span class='ocrx_word' id='word_1_500' title='bbox 374 5263 616 5330; x_wconf 85' lang='lat' dir='ltr'><strong>illudque</strong></span> <span class='ocrx_word' id='word_1_501' title='bbox 650 5273 847 5316; x_wconf 87' lang='lat' dir='ltr'><strong>ornent</strong></span> <span class='ocrx_word' id='word_1_502' title='bbox 875 5278 941 5317; x_wconf 88' lang='lat' dir='ltr'><strong>ac</strong></span> <span class='ocrx_word' id='word_1_503' title='bbox 973 5270 1215 5316; x_wconf 84' lang='lat' dir='ltr'><strong>verrant.</strong></span> 
     </span>
    </p>
   </div>
   <div class='ocr_carea' id='block_1_85' title="bbox 446 5351 1956 5426">
    <p class='ocr_par' dir='ltr' id='par_1_85' title="bbox 446 5351 1956 5426">
     <span class='ocr_line' id='line_1_85' title="bbox 446 5351 1956 5426; baseline 0.001 -20"><span class='ocrx_word' id='word_1_504' title='bbox 446 5351 586 5407; x_wconf 74' lang='lat' dir='ltr'><strong>XVI.</strong></span> <span class='ocrx_word' id='word_1_505' title='bbox 618 5352 739 5408; x_wconf 87' lang='lat' dir='ltr'><strong>Non</strong></span> <span class='ocrx_word' id='word_1_506' title='bbox 769 5352 970 5408; x_wconf 77' lang='lat' dir='ltr'><strong>debent</strong></span> <span class='ocrx_word' id='word_1_507' title='bbox 998 5354 1251 5408; x_wconf 84' lang='lat' dir='ltr'><strong>monachi</strong></span> <span class='ocrx_word' id='word_1_508' title='bbox 1283 5370 1479 5424; x_wconf 82' lang='lat' dir='ltr'><strong>magna</strong></span> <span class='ocrx_word' id='word_1_509' title='bbox 1520 5356 1824 5411; x_wconf 83' lang='lat' dir='ltr'><strong>Parasceve</strong></span> <span class='ocrx_word' id='word_1_510' title='bbox 1859 5354 1956 5426; x_wconf 77' lang='lat' dir='ltr'><strong>(at.</strong></span> 
     </span>
    </p>
   </div>
   <div class='ocr_carea' id='block_1_86' title="bbox 377 5446 1959 5518">
    <p class='ocr_par' dir='ltr' id='par_1_86' title="bbox 377 5446 1959 5518">
     <span class='ocr_line' id='line_1_86' title="bbox 377 5446 1959 5518; baseline 0.003 -22"><span class='ocrx_word' id='word_1_511' title='bbox 377 5446 827 5518; x_wconf 78' lang='lat' dir='ltr'><strong>Quadragesima)</strong></span> <span class='ocrx_word' id='word_1_512' title='bbox 857 5462 1019 5513; x_wconf 82' lang='lat' dir='ltr'><strong>opera</strong></span> <span class='ocrx_word' id='word_1_513' title='bbox 1046 5448 1394 5518; x_wconf 71' lang='lat' dir='ltr'><strong>agriculturae</strong></span> <span class='ocrx_word' id='word_1_514' title='bbox 1422 5462 1705 5513; x_wconf 81' lang='lat' dir='ltr'><strong>exercere,</strong></span> <span class='ocrx_word' id='word_1_515' title='bbox 1735 5462 1959 5501; x_wconf 89' lang='lat' dir='ltr'><strong>eorum-</strong></span> 
     </span>
    </p>
   </div>
   <div class='ocr_carea' id='block_1_87' title="bbox 377 5539 1960 5608">
    <p class='ocr_par' dir='ltr' id='par_1_87' title="bbox 377 5539 1960 5608">
     <span class='ocr_line' id='line_1_87' title="bbox 377 5539 1960 5608; baseline 0.003 -19"><span class='ocrx_word' id='word_1_516' title='bbox 377 5552 482 5603; x_wconf 84' lang='lat' dir='ltr'><strong>que</strong></span> <span class='ocrx_word' id='word_1_517' title='bbox 515 5546 779 5605; x_wconf 58' lang='lat' dir='ltr'><strong>praetextu</strong></span> <span class='ocrx_word' id='word_1_518' title='bbox 820 5539 1033 5593; x_wconf 84' lang='lat' dir='ltr'><strong>solvere</strong></span> <span class='ocrx_word' id='word_1_519' title='bbox 1055 5539 1348 5608; x_wconf 72' lang='lat' dir='ltr'><strong>jejunium,</strong></span> <span class='ocrx_word' id='word_1_520' title='bbox 1380 5540 1649 5593; x_wconf 86' lang='lat' dir='ltr'><strong>sumendo</strong></span> <span class='ocrx_word' id='word_1_521' title='bbox 1682 5540 1864 5593; x_wconf 83' lang='lat' dir='ltr'><strong>vinum</strong></span> <span class='ocrx_word' id='word_1_522' title='bbox 1903 5551 1960 5595; x_wconf 82' lang='lat' dir='ltr'><strong>et</strong></span> 
     </span>
    </p>
   </div>
   <div class='ocr_carea' id='block_1_88' title="bbox 378 5628 1555 5701">
    <p class='ocr_par' dir='ltr' id='par_1_88' title="bbox 378 5628 1555 5701">
     <span class='ocr_line' id='line_1_88' title="bbox 378 5628 1555 5701; baseline 0.004 -20"><span class='ocrx_word' id='word_1_523' title='bbox 378 5629 577 5701; x_wconf 63' lang='lat' dir='ltr'><strong>picum.</strong></span> <span class='ocrx_word' id='word_1_524' title='bbox 616 5628 744 5684; x_wconf 69' lang='lat' dir='ltr'><strong>“me</strong></span> <span class='ocrx_word' id='word_1_525' title='bbox 779 5630 923 5683; x_wconf 74' lang='lat' dir='ltr'><strong>enim</strong></span> <span class='ocrx_word' id='word_1_526' title='bbox 956 5640 1083 5685; x_wconf 80' lang='lat' dir='ltr'><strong>sunt</strong></span> <span class='ocrx_word' id='word_1_527' title='bbox 1113 5630 1254 5698; x_wconf 80' lang='lat' dir='ltr'><strong>gulae</strong></span> <span class='ocrx_word' id='word_1_528' title='bbox 1284 5629 1555 5686; x_wconf 70' lang='lat' dir='ltr'><strong>instituta.</strong></span> 
     </span>
    </p>
   </div>
   <div class='ocr_carea' id='block_1_89' title="bbox 454 5765 1959 5838">
    <p class='ocr_par' dir='ltr' id='par_1_89' title="bbox 454 5765 1959 5838">
     <span class='ocr_line' id='line_1_89' title="bbox 454 5765 1959 5838; baseline 0.005 -22"><span class='ocrx_word' id='word_1_529' title='bbox 454 5777 476 5805; x_wconf 75' lang='grc' dir='ltr'><strong><em>ο</em></strong></span> <span class='ocrx_word' id='word_1_530' title='bbox 512 5768 583 5820; x_wconf 78' lang='lat' dir='ltr'><strong>n1.</strong></span> <span class='ocrx_word' id='word_1_531' title='bbox 630 5765 837 5837; x_wconf 78' lang='grc' dir='ltr'>πλυνθῇ</span> <span class='ocrx_word' id='word_1_532' title='bbox 861 5768 1201 5837; x_wconf 76' lang='grc' dir='ltr'>άντιμήτιον.</span> <span class='ocrx_word' id='word_1_533' title='bbox 1284 5772 1328 5809; x_wconf 65' lang='grc' dir='ltr'><strong>θ’</strong></span> <span class='ocrx_word' id='word_1_534' title='bbox 1369 5768 1442 5822; x_wconf 84' lang='lat' dir='ltr'><strong>al.</strong></span> <span class='ocrx_word' id='word_1_535' title='bbox 1474 5769 1959 5838; x_wconf 62' lang='grc' dir='ltr'>σκενοςυλακεεον.</span> 
     </span>
    </p>
   </div>
   <div class='ocr_carea' id='block_1_90' title="bbox 2059 3334 2793 3406">
    <p class='ocr_par' dir='ltr' id='par_1_90' title="bbox 2059 3334 2793 3406">
     <span class='ocr_line' id='line_1_90' title="bbox 2059 3334 2793 3406; baseline 0 -19"><span class='ocrx_word' id='word_1_536' title='bbox 2059 3352 2150 3387; x_wconf 87' lang='grc' dir='ltr'><strong>ται</strong></span> <span class='ocrx_word' id='word_1_537' title='bbox 2176 3334 2310 3404; x_wconf 80' lang='grc' dir='ltr'>βίον,</span> <span class='ocrx_word' id='word_1_538' title='bbox 2341 3335 2793 3406; x_wconf 82' lang='grc' dir='ltr'>χειροτονοῦνται.</span> 
     </span>
    </p>
   </div>
   <div class='ocr_carea' id='block_1_91' title="bbox 2130 3424 3699 3496">
    <p class='ocr_par' dir='ltr' id='par_1_91' title="bbox 2130 3424 3699 3496">
     <span class='ocr_line' id='line_1_91' title="bbox 2130 3424 3699 3496; baseline -0.002 -17"><span class='ocrx_word' id='word_1_539' title='bbox 2130 3426 2212 3480; x_wconf 74' lang='lat'><strong>8&#39;.</strong></span> <span class='ocrx_word' id='word_1_540' title='bbox 2246 3428 2341 3479; x_wconf 84' lang='grc' dir='ltr'>Δεῖ</span> <span class='ocrx_word' id='word_1_541' title='bbox 2374 3425 2725 3496; x_wconf 84' lang='grc' dir='ltr'>μεταδιδόναι</span> <span class='ocrx_word' id='word_1_542' title='bbox 2750 3426 2848 3496; x_wconf 86' lang='grc' dir='ltr'>τῆς</span> <span class='ocrx_word' id='word_1_543' title='bbox 2887 3426 3038 3488; x_wconf 81' lang='grc' dir='ltr'>θείας</span> <span class='ocrx_word' id='word_1_544' title='bbox 3069 3426 3359 3486; x_wconf 85' lang='grc' dir='ltr'>κοινωνίας</span> <span class='ocrx_word' id='word_1_545' title='bbox 3384 3424 3469 3494; x_wconf 78' lang='grc' dir='ltr'>τῷ</span> <span class='ocrx_word' id='word_1_546' title='bbox 3494 3424 3657 3477; x_wconf 86' lang='grc' dir='ltr'>ἀσθε-</span> <span class='ocrx_word' id='word_1_547' title='bbox 3698 3436 3699 3441; x_wconf 85' lang='lat'>‘</span> 
     </span>
    </p>
   </div>
   <div class='ocr_carea' id='block_1_92' title="bbox 2062 3513 3659 3586">
    <p class='ocr_par' dir='ltr' id='par_1_92' title="bbox 2062 3513 3659 3586">
     <span class='ocr_line' id='line_1_92' title="bbox 2062 3513 3659 3586; baseline -0.001 -15"><span class='ocrx_word' id='word_1_548' title='bbox 2062 3517 2267 3584; x_wconf 83' lang='grc' dir='ltr'>νοῦντι,</span> <span class='ocrx_word' id='word_1_549' title='bbox 2326 3519 2626 3573; x_wconf 82' lang='grc' dir='ltr'>ἀποθανεῖν</span> <span class='ocrx_word' id='word_1_550' title='bbox 2673 3516 3076 3580; x_wconf 77' lang='grc' dir='ltr'>κινδυνεύοντι,</span> <span class='ocrx_word' id='word_1_551' title='bbox 3118 3516 3224 3570; x_wconf 80' lang='grc' dir='ltr'><strong>κᾶν</strong></span> <span class='ocrx_word' id='word_1_552' title='bbox 3275 3516 3419 3586; x_wconf 82' lang='grc' dir='ltr'><strong>μετά</strong></span> <span class='ocrx_word' id='word_1_553' title='bbox 3441 3519 3505 3569; x_wconf 88' lang='grc' dir='ltr'>τὸ</span> <span class='ocrx_word' id='word_1_554' title='bbox 3534 3513 3659 3583; x_wconf 80' lang='grc' dir='ltr'>γεύ-</span> 
     </span>
    </p>
   </div>
   <div class='ocr_carea' id='block_1_93' title="bbox 2063 3609 2569 3680">
    <p class='ocr_par' dir='ltr' id='par_1_93' title="bbox 2063 3609 2569 3680">
     <span class='ocr_line' id='line_1_93' title="bbox 2063 3609 2569 3680; baseline 0 -17"><span class='ocrx_word' id='word_1_555' title='bbox 2063 3609 2264 3664; x_wconf 86' lang='grc' dir='ltr'>σασθαι</span> <span class='ocrx_word' id='word_1_556' title='bbox 2290 3609 2569 3680; x_wconf 82' lang='grc' dir='ltr'>βρώσεως.</span> 
     </span>
    </p>
   </div>
   <div class='ocr_carea' id='block_1_94' title="bbox 2136 3696 3654 3770">
    <p class='ocr_par' dir='ltr' id='par_1_94' title="bbox 2136 3696 3654 3770">
     <span class='ocr_line' id='line_1_94' title="bbox 2136 3696 3654 3770; baseline -0.003 -16"><span class='ocrx_word' id='word_1_557' title='bbox 2136 3701 2193 3754; x_wconf 84' lang='lat' dir='ltr'><strong>I&#39;.</strong></span> <span class='ocrx_word' id='word_1_558' title='bbox 2222 3700 2343 3769; x_wconf 79' lang='grc' dir='ltr'>Χρὴ</span> <span class='ocrx_word' id='word_1_559' title='bbox 2380 3699 2543 3770; x_wconf 72' lang='grc' dir='ltr'>χάριν</span> <span class='ocrx_word' id='word_1_560' title='bbox 2565 3697 2862 3768; x_wconf 84' lang='grc' dir='ltr'>ἀσπασμοῦ</span> <span class='ocrx_word' id='word_1_561' title='bbox 2888 3696 3095 3752; x_wconf 84' lang='grc' dir='ltr'>κλίνειν</span> <span class='ocrx_word' id='word_1_562' title='bbox 3123 3698 3254 3765; x_wconf 76' lang='grc' dir='ltr'>γόνυ</span> <span class='ocrx_word' id='word_1_563' title='bbox 3280 3699 3338 3751; x_wconf 75' lang='grc' dir='ltr'>ἐν</span> <span class='ocrx_word' id='word_1_564' title='bbox 3369 3699 3654 3767; x_wconf 82' lang='grc' dir='ltr'>Κυριακῇ,</span> 
     </span>
    </p>
   </div>
   <div class='ocr_carea' id='block_1_95' title="bbox 2063 3789 3657 3863">
    <p class='ocr_par' dir='ltr' id='par_1_95' title="bbox 2063 3789 3657 3863">
     <span class='ocr_line' id='line_1_95' title="bbox 2063 3789 3657 3863; baseline -0.004 -17"><span class='ocrx_word' id='word_1_565' title='bbox 2063 3794 2158 3846; x_wconf 76' lang='grc' dir='ltr'><strong>καὶ</strong></span> <span class='ocrx_word' id='word_1_566' title='bbox 2191 3793 2251 3844; x_wconf 77' lang='grc' dir='ltr'><strong>ἐν</strong></span> <span class='ocrx_word' id='word_1_567' title='bbox 2273 3792 2374 3863; x_wconf 80' lang='grc' dir='ltr'>ὅλῃ</span> <span class='ocrx_word' id='word_1_568' title='bbox 2406 3795 2474 3863; x_wconf 81' lang='grc' dir='ltr'>τῇ</span> <span class='ocrx_word' id='word_1_569' title='bbox 2511 3793 2862 3862; x_wconf 72' lang='grc' dir='ltr'>Πεντηκοστῇ</span> <span class='ocrx_word' id='word_1_570' title='bbox 2882 3805 2896 3819; x_wconf 75' lang='grc'><strong>⁸</strong></span> <span class='ocrx_word' id='word_1_571' title='bbox 2929 3793 2990 3843; x_wconf 78' lang='grc' dir='ltr'>οὺ</span> <span class='ocrx_word' id='word_1_572' title='bbox 3028 3792 3135 3861; x_wconf 76' lang='grc' dir='ltr'>μὴν</span> <span class='ocrx_word' id='word_1_573' title='bbox 3157 3790 3257 3854; x_wconf 85' lang='grc' dir='ltr'>τὰς</span> <span class='ocrx_word' id='word_1_574' title='bbox 3285 3789 3346 3855; x_wconf 73' lang='grc' dir='ltr'>ἐξ</span> <span class='ocrx_word' id='word_1_575' title='bbox 3377 3790 3541 3852; x_wconf 75' lang='grc' dir='ltr'>ἔθους</span> <span class='ocrx_word' id='word_1_576' title='bbox 3565 3804 3657 3856; x_wconf 86' lang='grc' dir='ltr'>γο-</span> 
     </span>
    </p>
   </div>
   <div class='ocr_carea' id='block_1_96' title="bbox 2051 3884 2571 3947">
    <p class='ocr_par' dir='ltr' id='par_1_96' title="bbox 2051 3884 2571 3947">
     <span class='ocr_line' id='line_1_96' title="bbox 2051 3884 2571 3947; baseline -0.004 -9"><span class='ocrx_word' id='word_1_577' title='bbox 2051 3884 2344 3947; x_wconf 81' lang='grc' dir='ltr'>,νυκλισίας</span> <span class='ocrx_word' id='word_1_578' title='bbox 2370 3886 2571 3937; x_wconf 83' lang='grc' dir='ltr'>ποιεῖν.</span> 
     </span>
    </p>
   </div>
   <div class='ocr_carea' id='block_1_97' title="bbox 2136 3974 3657 4047">
    <p class='ocr_par' dir='ltr' id='par_1_97' title="bbox 2136 3974 3657 4047">
     <span class='ocr_line' id='line_1_97' title="bbox 2136 3974 3657 4047; baseline -0.003 -16"><span class='ocrx_word' id='word_1_579' title='bbox 2136 3979 2238 4031; x_wconf 79' lang='grc' dir='ltr'><strong>1Α’.</strong></span> <span class='ocrx_word' id='word_1_580' title='bbox 2257 3976 2368 4045; x_wconf 82' lang='grc' dir='ltr'><strong>υύχ</strong></span> <span class='ocrx_word' id='word_1_581' title='bbox 2395 3976 2705 4046; x_wconf 83' lang='grc' dir='ltr'>ἁμαρτάνει</span> <span class='ocrx_word' id='word_1_582' title='bbox 2724 3991 2809 4040; x_wconf 88' lang='grc' dir='ltr'><strong>τις</strong></span> <span class='ocrx_word' id='word_1_583' title='bbox 2837 3975 2979 4046; x_wconf 83' lang='grc' dir='ltr'>ὑπὲρ</span> <span class='ocrx_word' id='word_1_584' title='bbox 2999 3974 3168 4047; x_wconf 83' lang='grc' dir='ltr'>τριῶν</span> <span class='ocrx_word' id='word_1_585' title='bbox 3188 3974 3286 4028; x_wconf 83' lang='grc' dir='ltr'><strong>ἀνθ</strong></span> <span class='ocrx_word' id='word_1_586' title='bbox 3299 3974 3505 4044; x_wconf 84' lang='grc' dir='ltr'>ρώπων</span> <span class='ocrx_word' id='word_1_587' title='bbox 3531 3974 3657 4044; x_wconf 89' lang='grc' dir='ltr'>μίαν</span> 
     </span>
    </p>
   </div>
   <div class='ocr_carea' id='block_1_98' title="bbox 2066 4065 3655 4140">
    <p class='ocr_par' dir='ltr' id='par_1_98' title="bbox 2066 4065 3655 4140">
     <span class='ocr_line' id='line_1_98' title="bbox 2066 4065 3655 4140; baseline -0.001 -20"><span class='ocrx_word' id='word_1_588' title='bbox 2066 4066 2456 4140; x_wconf 78' lang='grc' dir='ltr'>προσκομίζων</span> <span class='ocrx_word' id='word_1_589' title='bbox 2490 4066 2835 4137; x_wconf 79' lang='grc' dir='ltr'>προσφορὰν,</span> <span class='ocrx_word' id='word_1_590' title='bbox 2863 4067 2896 4137; x_wconf 88' lang='grc' dir='ltr'>ἢ</span> <span class='ocrx_word' id='word_1_591' title='bbox 2955 4066 3086 4137; x_wconf 84' lang='grc' dir='ltr'>μίαν</span> <span class='ocrx_word' id='word_1_592' title='bbox 3119 4065 3309 4121; x_wconf 82' lang='grc' dir='ltr'>ἆπτων</span> <span class='ocrx_word' id='word_1_593' title='bbox 3354 4067 3655 4138; x_wconf 80' lang='grc' dir='ltr'>κανδήλαν.</span> 
     </span>
    </p>
   </div>
   <div class='ocr_carea' id='block_1_99' title="bbox 2138 4153 3656 4228">
    <p class='ocr_par' dir='ltr' id='par_1_99' title="bbox 2138 4153 3656 4228">
     <span class='ocr_line' id='line_1_99' title="bbox 2138 4153 3656 4228; baseline -0.001 -20"><span class='ocrx_word' id='word_1_594' title='bbox 2138 4156 2236 4209; x_wconf 90' lang='lat' dir='ltr'><strong>lB&#39;.</strong></span> <span class='ocrx_word' id='word_1_595' title='bbox 2283 4155 2410 4209; x_wconf 79' lang='grc' dir='ltr'>Ὀτι</span> <span class='ocrx_word' id='word_1_596' title='bbox 2439 4155 2500 4207; x_wconf 81' lang='grc' dir='ltr'>οὐ</span> <span class='ocrx_word' id='word_1_597' title='bbox 2531 4156 2637 4225; x_wconf 85' lang='grc' dir='ltr'><strong>χρὴ</strong></span> <span class='ocrx_word' id='word_1_598' title='bbox 2661 4156 2938 4226; x_wconf 81' lang='grc' dir='ltr'>σφραγῖδα</span> <span class='ocrx_word' id='word_1_599' title='bbox 2968 4159 3145 4208; x_wconf 85' lang='grc' dir='ltr'>ποιεῖν</span> <span class='ocrx_word' id='word_1_600' title='bbox 3174 4159 3233 4209; x_wconf 80' lang='grc' dir='ltr'>ὲν</span> <span class='ocrx_word' id='word_1_601' title='bbox 3276 4158 3343 4228; x_wconf 81' lang='grc' dir='ltr'>τῇ</span> <span class='ocrx_word' id='word_1_602' title='bbox 3394 4157 3531 4227; x_wconf 68' lang='grc' dir='ltr'><strong>ερχῇ</strong></span> <span class='ocrx_word' id='word_1_603' title='bbox 3564 4153 3656 4219; x_wconf 77' lang='grc' dir='ltr'>τοῦ</span> 
     </span>
    </p>
   </div>
   <div class='ocr_carea' id='block_1_100' title="bbox 2045 4246 3300 4322">
    <p class='ocr_par' dir='ltr' id='par_1_100' title="bbox 2045 4246 3300 4322">
     <span class='ocr_line' id='line_1_100' title="bbox 2045 4246 3300 4322; baseline 0.004 -21"><span class='ocrx_word' id='word_1_604' title='bbox 2045 4246 2518 4318; x_wconf 83' lang='grc' dir='ltr'>’Σκευοφυλακίου</span> <span class='ocrx_word' id='word_1_605' title='bbox 2548 4260 2594 4314; x_wconf 75' lang='grc' dir='ltr'><em>ο,</em></span> <span class='ocrx_word' id='word_1_606' title='bbox 2628 4248 2723 4302; x_wconf 75' lang='grc' dir='ltr'>ἐπὶ</span> <span class='ocrx_word' id='word_1_607' title='bbox 2749 4248 2811 4303; x_wconf 84' lang='grc' dir='ltr'><strong>τὸ</strong></span> <span class='ocrx_word' id='word_1_608' title='bbox 2839 4247 2996 4317; x_wconf 76' lang='grc' dir='ltr'>ἅγιον</span> <span class='ocrx_word' id='word_1_609' title='bbox 3017 4251 3300 4322; x_wconf 85' lang='grc' dir='ltr'>ποτήριον.</span> 
     </span>
    </p>
   </div>
   <div class='ocr_carea' id='block_1_101' title="bbox 2138 4429 3654 4502">
    <p class='ocr_par' dir='ltr' id='par_1_101' title="bbox 2138 4429 3654 4502">
     <span class='ocr_line' id='line_1_101' title="bbox 2138 4429 3654 4502; baseline -0.003 -18"><span class='ocrx_word' id='word_1_610' title='bbox 2138 4432 2241 4487; x_wconf 79' lang='lat' dir='ltr'><strong>ll&quot;.</strong></span> <span class='ocrx_word' id='word_1_611' title='bbox 2280 4432 2402 4485; x_wconf 85' lang='grc' dir='ltr'>Ὅτι</span> <span class='ocrx_word' id='word_1_612' title='bbox 2433 4432 2495 4485; x_wconf 80' lang='grc' dir='ltr'><strong>οὐ</strong></span> <span class='ocrx_word' id='word_1_613' title='bbox 2526 4431 2633 4502; x_wconf 82' lang='grc' dir='ltr'>χρὴ</span> <span class='ocrx_word' id='word_1_614' title='bbox 2678 4431 2809 4484; x_wconf 83' lang='grc' dir='ltr'>ἀνευ</span> <span class='ocrx_word' id='word_1_615' title='bbox 2840 4429 3051 4502; x_wconf 75' lang='grc' dir='ltr'>θερμοῦ</span> <span class='ocrx_word' id='word_1_616' title='bbox 3088 4429 3481 4501; x_wconf 82' lang='grc' dir='ltr'>λειτουργῆσαι</span> <span class='ocrx_word' id='word_1_617' title='bbox 3522 4444 3654 4500; x_wconf 83' lang='grc' dir='ltr'>πρε-</span> 
     </span>
    </p>
   </div>
   <div class='ocr_carea' id='block_1_102' title="bbox 2071 4522 3654 4595">
    <p class='ocr_par' dir='ltr' id='par_1_102' title="bbox 2071 4522 3654 4595">
     <span class='ocr_line' id='line_1_102' title="bbox 2071 4522 3654 4595; baseline -0.003 -18"><span class='ocrx_word' id='word_1_618' title='bbox 2071 4524 2356 4593; x_wconf 71' lang='grc' dir='ltr'>σϐύτερον.</span> <span class='ocrx_word' id='word_1_619' title='bbox 2381 4527 2430 4578; x_wconf 79' lang='grc' dir='ltr'>εἰ</span> <span class='ocrx_word' id='word_1_620' title='bbox 2463 4524 2538 4595; x_wconf 85' lang='grc' dir='ltr'><strong>μὴ</strong></span> <span class='ocrx_word' id='word_1_621' title='bbox 2572 4525 2721 4578; x_wconf 82' lang='grc' dir='ltr'>κατὰ</span> <span class='ocrx_word' id='word_1_622' title='bbox 2755 4523 2958 4595; x_wconf 80' lang='grc' dir='ltr'>πολλὴν</span> <span class='ocrx_word' id='word_1_623' title='bbox 2984 4523 3332 4593; x_wconf 80' lang='grc' dir='ltr'>περίστασιν,</span> <span class='ocrx_word' id='word_1_624' title='bbox 3354 4524 3450 4576; x_wconf 74' lang='grc' dir='ltr'><strong>καὶ</strong></span> <span class='ocrx_word' id='word_1_625' title='bbox 3483 4525 3531 4575; x_wconf 81' lang='grc' dir='ltr'>εἰ</span> <span class='ocrx_word' id='word_1_626' title='bbox 3564 4522 3654 4573; x_wconf 82' lang='grc' dir='ltr'><strong>οὑ·-</strong></span> 
     </span>
    </p>
   </div>
   <div class='ocr_carea' id='block_1_103' title="bbox 1992 4584 2872 4689">
    <p class='ocr_par' dir='ltr' id='par_1_103' title="bbox 1992 4584 2872 4689">
     <span class='ocr_line' id='line_1_103' title="bbox 1992 4584 2872 4689; baseline 0.001 -19"><span class='ocrx_word' id='word_1_627' title='bbox 1992 4584 2042 4644; x_wconf 81' lang='lat' dir='ltr'><strong>D</strong></span> <span class='ocrx_word' id='word_1_628' title='bbox 2070 4617 2262 4687; x_wconf 84' lang='grc' dir='ltr'>δαμῶς</span> <span class='ocrx_word' id='word_1_629' title='bbox 2292 4617 2617 4689; x_wconf 80' lang='grc' dir='ltr'>εὑρίσκεται</span> <span class='ocrx_word' id='word_1_630' title='bbox 2646 4617 2872 4688; x_wconf 82' lang='grc' dir='ltr'>θερμόν.</span> 
     </span>
    </p>
   </div>
   <div class='ocr_carea' id='block_1_104' title="bbox 2140 4707 3653 4781">
    <p class='ocr_par' dir='ltr' id='par_1_104' title="bbox 2140 4707 3653 4781">
     <span class='ocr_line' id='line_1_104' title="bbox 2140 4707 3653 4781; baseline -0.003 -16"><span class='ocrx_word' id='word_1_631' title='bbox 2140 4714 2247 4766; x_wconf 82' lang='grc' dir='ltr'><strong>ΙΔ’.</strong></span> <span class='ocrx_word' id='word_1_632' title='bbox 2289 4712 2395 4764; x_wconf 87' lang='grc' dir='ltr'><strong>Τὸν</strong></span> <span class='ocrx_word' id='word_1_633' title='bbox 2427 4711 2778 4775; x_wconf 84' lang='grc' dir='ltr'>ἀθετήσαντα</span> <span class='ocrx_word' id='word_1_634' title='bbox 2814 4711 3052 4781; x_wconf 81' lang='grc' dir='ltr'>μοναχὸν</span> <span class='ocrx_word' id='word_1_635' title='bbox 3092 4711 3154 4764; x_wconf 85' lang='grc' dir='ltr'>τὺ</span> <span class='ocrx_word' id='word_1_636' title='bbox 3186 4711 3394 4781; x_wconf 79' lang='grc' dir='ltr'>σχῆμα.</span> <span class='ocrx_word' id='word_1_637' title='bbox 3433 4712 3528 4763; x_wconf 79' lang='grc' dir='ltr'><strong>καὶ</strong></span> <span class='ocrx_word' id='word_1_638' title='bbox 3558 4707 3653 4761; x_wconf 80' lang='grc' dir='ltr'>πά-</span> 
     </span>
    </p>
   </div>
   <div class='ocr_carea' id='block_1_105' title="bbox 2070 4802 3651 4875">
    <p class='ocr_par' dir='ltr' id='par_1_105' title="bbox 2070 4802 3651 4875">
     <span class='ocr_line' id='line_1_105' title="bbox 2070 4802 3651 4875; baseline -0.003 -19"><span class='ocrx_word' id='word_1_639' title='bbox 2070 4804 2155 4858; x_wconf 89' lang='grc' dir='ltr'><strong>λιν</strong></span> <span class='ocrx_word' id='word_1_640' title='bbox 2186 4804 2620 4875; x_wconf 68' lang='grc' dir='ltr'>ἐπίστρέψαντα,</span> <span class='ocrx_word' id='word_1_641' title='bbox 2650 4803 2734 4857; x_wconf 86' lang='grc' dir='ltr'><strong>δεῖ</strong></span> <span class='ocrx_word' id='word_1_642' title='bbox 2782 4804 2949 4856; x_wconf 84' lang='grc' dir='ltr'>πάλιν</span> <span class='ocrx_word' id='word_1_643' title='bbox 2997 4804 3211 4857; x_wconf 77' lang='grc' dir='ltr'>ὲνδύειν</span> <span class='ocrx_word' id='word_1_644' title='bbox 3263 4805 3428 4857; x_wconf 77' lang='grc' dir='ltr'>αὐτὸν</span> <span class='ocrx_word' id='word_1_645' title='bbox 3460 4804 3523 4873; x_wconf 70' lang='grc' dir='ltr'>ἣν</span> <span class='ocrx_word' id='word_1_646' title='bbox 3552 4802 3651 4853; x_wconf 83' lang='grc' dir='ltr'><strong>ἁπ-</strong></span> 
     </span>
    </p>
   </div>
   <div class='ocr_carea' id='block_1_106' title="bbox 2066 4878 3650 4967">
    <p class='ocr_par' dir='ltr' id='par_1_106' title="bbox 2066 4878 3650 4967">
     <span class='ocr_line' id='line_1_106' title="bbox 2066 4878 3650 4967; baseline -0.006 -18"><span class='ocrx_word' id='word_1_647' title='bbox 2066 4896 2299 4949; x_wconf 80' lang='grc' dir='ltr'>εδύσατο</span> <span class='ocrx_word' id='word_1_648' title='bbox 2332 4878 2636 4967; x_wconf 78' lang='grc' dir='ltr'>μοναχικὴν</span> <span class='ocrx_word' id='word_1_649' title='bbox 2677 4894 2896 4966; x_wconf 80' lang='grc' dir='ltr'>στολὴν,</span> <span class='ocrx_word' id='word_1_650' title='bbox 2939 4894 3116 4965; x_wconf 80' lang='grc' dir='ltr'>χωρὶς</span> <span class='ocrx_word' id='word_1_651' title='bbox 3158 4894 3271 4948; x_wconf 85' lang='grc' dir='ltr'><strong>τῶν</strong></span> <span class='ocrx_word' id='word_1_652' title='bbox 3300 4890 3650 4962; x_wconf 81' lang='grc' dir='ltr'>τεταγμένων</span> 
     </span>
    </p>
   </div>
   <div class='ocr_carea' id='block_1_107' title="bbox 2065 4989 2268 5060">
    <p class='ocr_par' dir='ltr' id='par_1_107' title="bbox 2065 4989 2268 5060">
     <span class='ocr_line' id='line_1_107' title="bbox 2065 4989 2268 5060; baseline 0 -18"><span class='ocrx_word' id='word_1_653' title='bbox 2065 4989 2268 5060; x_wconf 83' lang='grc' dir='ltr'>εὐχῶν.</span> 
     </span>
    </p>
   </div>
   <div class='ocr_carea' id='block_1_108' title="bbox 2140 5073 3646 5149">
    <p class='ocr_par' dir='ltr' id='par_1_108' title="bbox 2140 5073 3646 5149">
     <span class='ocr_line' id='line_1_108' title="bbox 2140 5073 3646 5149; baseline -0.006 -15"><span class='ocrx_word' id='word_1_654' title='bbox 2140 5081 2241 5135; x_wconf 84' lang='lat' dir='ltr'><strong>IE’.</strong></span> <span class='ocrx_word' id='word_1_655' title='bbox 2280 5083 2373 5134; x_wconf 88' lang='grc' dir='ltr'>Δεῖ</span> <span class='ocrx_word' id='word_1_656' title='bbox 2399 5080 2500 5144; x_wconf 81' lang='grc' dir='ltr'>τὰς</span> <span class='ocrx_word' id='word_1_657' title='bbox 2531 5078 2876 5149; x_wconf 77' lang='grc' dir='ltr'>μοναζούσας</span> <span class='ocrx_word' id='word_1_658' title='bbox 2902 5079 3135 5135; x_wconf 79' lang='grc' dir='ltr'>εἰσιέναι</span> <span class='ocrx_word' id='word_1_659' title='bbox 3158 5081 3239 5143; x_wconf 80' lang='grc' dir='ltr'>εἰς</span> <span class='ocrx_word' id='word_1_660' title='bbox 3274 5079 3336 5132; x_wconf 76' lang='grc' dir='ltr'><strong>τὸ</strong></span> <span class='ocrx_word' id='word_1_661' title='bbox 3359 5078 3515 5147; x_wconf 78' lang='grc' dir='ltr'>ἅγιον</span> <span class='ocrx_word' id='word_1_662' title='bbox 3556 5073 3646 5125; x_wconf 88' lang='grc' dir='ltr'>θυ-</span> 
     </span>
    </p>
   </div>
   <div class='ocr_carea' id='block_1_109' title="bbox 2073 5163 3647 5245">
    <p class='ocr_par' dir='ltr' id='par_1_109' title="bbox 2073 5163 3647 5245">
     <span class='ocr_line' id='line_1_109' title="bbox 2073 5163 3647 5245; baseline -0.006 -18"><span class='ocrx_word' id='word_1_663' title='bbox 2073 5174 2418 5245; x_wconf 84' lang='grc' dir='ltr'>σιαστήριον,</span> <span class='ocrx_word' id='word_1_664' title='bbox 2452 5173 2549 5225; x_wconf 66' lang='grc' dir='ltr'>καὶ</span> <span class='ocrx_word' id='word_1_665' title='bbox 2610 5172 2804 5226; x_wconf 76' lang='grc' dir='ltr'>ἅπτειν</span> <span class='ocrx_word' id='word_1_666' title='bbox 2854 5171 3026 5242; x_wconf 70' lang='grc' dir='ltr'>κηρὸν</span> <span class='ocrx_word' id='word_1_667' title='bbox 3067 5171 3163 5226; x_wconf 72' lang='grc' dir='ltr'>καὶ</span> <span class='ocrx_word' id='word_1_668' title='bbox 3217 5171 3506 5243; x_wconf 77' lang='grc' dir='ltr'>κανδήλαν,</span> <span class='ocrx_word' id='word_1_669' title='bbox 3558 5163 3647 5218; x_wconf 81' lang='grc' dir='ltr'>καὶ</span> 
     </span>
    </p>
   </div>
   <div class='ocr_carea' id='block_1_110' title="bbox 2070 5266 2836 5337">
    <p class='ocr_par' dir='ltr' id='par_1_110' title="bbox 2070 5266 2836 5337">
     <span class='ocr_line' id='line_1_110' title="bbox 2070 5266 2836 5337; baseline -0.008 -13"><span class='ocrx_word' id='word_1_670' title='bbox 2070 5270 2298 5336; x_wconf 79' lang='grc' dir='ltr'>κοσμεῖν</span> <span class='ocrx_word' id='word_1_671' title='bbox 2325 5267 2462 5320; x_wconf 83' lang='grc' dir='ltr'>αὐτὸ</span> <span class='ocrx_word' id='word_1_672' title='bbox 2490 5267 2585 5319; x_wconf 72' lang='grc' dir='ltr'>καὶ</span> <span class='ocrx_word' id='word_1_673' title='bbox 2612 5266 2836 5337; x_wconf 80' lang='grc' dir='ltr'>σαροῦν.</span> 
     </span>
    </p>
   </div>
   <div class='ocr_carea' id='block_1_111' title="bbox 2136 5352 3644 5429">
    <p class='ocr_par' dir='ltr' id='par_1_111' title="bbox 2136 5352 3644 5429">
     <span class='ocr_line' id='line_1_111' title="bbox 2136 5352 3644 5429; baseline -0.007 -18"><span class='ocrx_word' id='word_1_674' title='bbox 2136 5360 2256 5425; x_wconf 65' lang='grc' dir='ltr'><strong>ΙΕΓ.</strong></span> <span class='ocrx_word' id='word_1_675' title='bbox 2288 5360 2362 5411; x_wconf 74' lang='grc' dir='ltr'><strong>Οὐ</strong></span> <span class='ocrx_word' id='word_1_676' title='bbox 2418 5359 2525 5429; x_wconf 80' lang='grc' dir='ltr'>χρὴ</span> <span class='ocrx_word' id='word_1_677' title='bbox 2585 5358 2714 5422; x_wconf 79' lang='grc' dir='ltr'>τοὺς</span> <span class='ocrx_word' id='word_1_678' title='bbox 2783 5359 3055 5428; x_wconf 74' lang='grc' dir='ltr'>μοναχοὺς</span> <span class='ocrx_word' id='word_1_679' title='bbox 3087 5361 3153 5429; x_wconf 83' lang='grc' dir='ltr'><strong>τῇ</strong></span> <span class='ocrx_word' id='word_1_680' title='bbox 3216 5357 3426 5428; x_wconf 80' lang='grc' dir='ltr'>μεγάλῃ</span> <span class='ocrx_word' id='word_1_681' title='bbox 3471 5352 3644 5420; x_wconf 73' lang='grc' dir='ltr'>Παρα-</span> 
     </span>
    </p>
   </div>
   <div class='ocr_carea' id='block_1_112' title="bbox 2072 5438 3638 5521">
    <p class='ocr_par' dir='ltr' id='par_1_112' title="bbox 2072 5438 3638 5521">
     <span class='ocr_line' id='line_1_112' title="bbox 2072 5438 3638 5521; baseline -0.009 -16"><span class='ocrx_word' id='word_1_682' title='bbox 2072 5454 2243 5521; x_wconf 77' lang='grc' dir='ltr'>σκευῇ</span> <span class='ocrx_word' id='word_1_683' title='bbox 2280 5450 2297 5489; x_wconf 71' lang='grc' dir='ltr'><strong>ί</strong></span> <span class='ocrx_word' id='word_1_684' title='bbox 2327 5450 2462 5519; x_wconf 75' lang='grc' dir='ltr'>ἔργα</span> <span class='ocrx_word' id='word_1_685' title='bbox 2495 5451 2781 5520; x_wconf 84' lang='grc' dir='ltr'>γεωργικά</span> <span class='ocrx_word' id='word_1_686' title='bbox 2810 5451 3077 5520; x_wconf 84' lang='grc' dir='ltr'>μετιέναι,</span> <span class='ocrx_word' id='word_1_687' title='bbox 3113 5451 3205 5502; x_wconf 73' lang='grc' dir='ltr'><strong>καὶ</strong></span> <span class='ocrx_word' id='word_1_688' title='bbox 3229 5448 3499 5518; x_wconf 74' lang='grc' dir='ltr'>προφάσει</span> <span class='ocrx_word' id='word_1_689' title='bbox 3525 5438 3638 5492; x_wconf 81' lang='grc' dir='ltr'>τού-</span> 
     </span>
    </p>
   </div>
   <div class='ocr_carea' id='block_1_113' title="bbox 2067 5536 3636 5606">
    <p class='ocr_par' dir='ltr' id='par_1_113' title="bbox 2067 5536 3636 5606">
     <span class='ocr_line' id='line_1_113' title="bbox 2067 5536 3636 5606; baseline -0.003 -12"><span class='ocrx_word' id='word_1_690' title='bbox 2067 5561 2177 5596; x_wconf 81' lang='grc' dir='ltr'><strong>των</strong></span> <span class='ocrx_word' id='word_1_691' title='bbox 2212 5545 2291 5604; x_wconf 79' lang='grc' dir='ltr'><strong>είς</strong></span> <span class='ocrx_word' id='word_1_692' title='bbox 2323 5539 2467 5595; x_wconf 79' lang='grc' dir='ltr'>οἶνον</span> <span class='ocrx_word' id='word_1_693' title='bbox 2508 5541 2801 5595; x_wconf 74' lang='grc' dir='ltr'>καταλύειν</span> <span class='ocrx_word' id='word_1_694' title='bbox 2831 5542 2929 5595; x_wconf 75' lang='grc' dir='ltr'><strong>καὶ</strong></span> <span class='ocrx_word' id='word_1_695' title='bbox 2958 5541 3161 5595; x_wconf 78' lang='grc' dir='ltr'>ἔλαιον.</span> <span class='ocrx_word' id='word_1_696' title='bbox 3187 5540 3379 5594; x_wconf 77' lang='grc' dir='ltr'>Ταῦτα</span> <span class='ocrx_word' id='word_1_697' title='bbox 3412 5536 3514 5606; x_wconf 78' lang='grc' dir='ltr'><strong>γὰρ</strong></span> <span class='ocrx_word' id='word_1_698' title='bbox 3544 5546 3636 5599; x_wconf 77' lang='grc' dir='ltr'>γα·</span> 
     </span>
    </p>
   </div>
   <div class='ocr_carea' id='block_1_114' title="bbox 2076 5635 3086 5705">
    <p class='ocr_par' dir='ltr' id='par_1_114' title="bbox 2076 5635 3086 5705">
     <span class='ocr_line' id='line_1_114' title="bbox 2076 5635 3086 5705; baseline 0 -18"><span class='ocrx_word' id='word_1_699' title='bbox 2076 5636 2443 5705; x_wconf 76' lang='grc' dir='ltr'>στριμαργίας</span> <span class='ocrx_word' id='word_1_700' title='bbox 2481 5635 2619 5687; x_wconf 80' lang='grc' dir='ltr'>εἰσὶν</span> <span class='ocrx_word' id='word_1_701' title='bbox 2653 5635 3086 5705; x_wconf 77' lang='grc' dir='ltr'>ἐπιτηδεύματα.</span> 
     </span>
    </p>
   </div>
   <div class='ocr_carea' id='block_1_115' title="bbox 2042 5768 2645 5841">
    <p class='ocr_par' dir='ltr' id='par_1_115' title="bbox 2042 5768 2645 5841">
     <span class='ocr_line' id='line_1_115' title="bbox 2042 5768 2645 5841; baseline 0.003 -20"><span class='ocrx_word' id='word_1_702' title='bbox 2042 5768 2059 5807; x_wconf 70' lang='grc' dir='ltr'><strong>ί</strong></span> <span class='ocrx_word' id='word_1_703' title='bbox 2113 5770 2181 5822; x_wconf 74' lang='lat' dir='ltr'><strong>at.</strong></span> <span class='ocrx_word' id='word_1_704' title='bbox 2212 5773 2645 5841; x_wconf 76' lang='grc' dir='ltr'>τεσσαρακοστῇ.</span> 
     </span>
    </p>
   </div>
  </div>
