4016 6428
644 334 751 398 859
1206 362 1251 373 -
1696 333 1754 391 S.
1795 326 2212 392 NICEPHORI
2251 326 2525 390 PATRIA
2538 333 2757 395 RCHE
2797 336 2903 399 CP.
3776 349 3837 410 εδ

714 442 885 499 XXX.
918 444 973 499 Si
999 444 1169 500 laicus
1194 448 1378 513 lapsus
1401 460 1528 501 suos
1556 455 1749 513 sponte
1777 445 2060 500 confessus
2094 445 2193 497 i'ue

2386 445 2465 497 A'.
2539 446 2664 500 Ἐὰν
2730 448 3197 525 ἐξομολογήσηται
3251 454 3436 521 λαῖκὸς
3478 459 3506 499 ιι
3576 458 3639 511 τὰ
3690 460 3841 512 tau-:0

640 537 733 600 rit,
769 537 1231 604 dispensationem
1279 536 1541 593 adbibere
1574 546 1749 606 potest
1783 538 1875 607 qui
1904 536 2193 592 confessio

2323 535 2618 606 σφάλματα
2656 541 2721 593 ὲκ
2751 543 3143 614 προαιρέσεως,
3174 545 3398 602 δύναται
3435 548 3652 619 ποιῆσαι
3684 550 3842 602 οἱκονο

640 643 764 681 netu
807 627 1021 694 recipit.

2324 626 2454 695 μίαν
2476 629 2504 679 ὁ
2524 629 2833 700 δεχόμενος.

714 717 908 774 XXXI.
934 718 1013 773 Ex
1043 719 1282 789 episcopi
1306 719 1686 790 permissioue,
1723 719 1887 773 etiam
1919 719 2193 789 presbyter

2390 720 2516 775 AA'.
2555 723 2690 775 Κατ’
2715 726 3018 798 ἐπιτροπὴν
3044 727 3141 782 τοῦ
3172 730 3475 784 ἐπισκόπου
3501 734 3641 784 ποιεῖ
3664 749 3842 803 σταυρο

637 811 1042 878 stauropegium
1064 810 1213 877 facit,
1234 826 1329 865 seu
1352 811 1649 866 solemnem
1672 810 1853 877 crucis
1876 811 2186 867 iniixionem

2321 810 2516 880 πήγιον
2540 813 2634 866 καὶ
2665 816 3057 890 πρεσϐύτερος.

710 899 924 956 XXXII.
971 902 1208 958 Usuraut
1260 903 1653 972 accipientibus
1709 917 1816 957 non
1858 911 1986 956 sunt
2037 903 2193 956 danda

2389 904 2513 958 AB'.
2570 906 2692 960 Ὅτι
2740 910 2803 962 ού
2849 911 2955 981 χρὴ
3006 913 3347 983 μεταδιδόναι
3396 919 3510 980 τοῖς
3559 916 3842 987 λαμύάνουσ

635 1003 1005 1057 sacramenta,
1029 1009 1203 1062 neque
1232 1009 1356 1048 cum
1393 994 1460 1048 iis
1491 1004 1706 1063 Oportet
1725 993 2013 1048 convivere
2041 1008 2193 1062 quant

2316 994 2499 1060 τόκον,
2534 997 2568 1067 ἢ
2601 999 2908 1055 συνεσθίειν
2938 1003 3142 1071 αὐτοῖς,
3193 1006 3512 1076 ἐπιμένουσι
3558 1009 3622 1078 τῇ
3654 1024 3842 1078 παρανε

636 1084 729 1137 ditt
765 1084 816 1135 in
847 1083 1133 1153 iniquitate
1164 1086 1658 1154 perseveraverint.
2321 1087 2440 1167 μία.

706 1173 950 1231 XXXIII.
988 1175 1213 1244 Oportet
1240 1178 1537 1232 monachos
1562 1175 1819 1244 jejunare
1846 1184 2040 1244 quarta
2074 1172 2193 1228 ferit

2386 1178 2509 1234 AI".
2548 1183 2644 1234 Δεῖ
2672 1185 2954 1253 νηστεύειν
2982 1186 3110 1249 τοὺς
3142 1188 3413 1257 μοναχοὺς
3444 1190 3508 1259 τῇ
3542 1187 3758 1255 Τετράδι
3783 1189 3842 1254 τῆ

633 1265 990 1321 Ιινὺάοιιιειιιιε
1041 1267 1296 1323 lacticinii
1345 1283 1411 1321 ac
1456 1266 1783 1335 Parasceve,
1816 1277 1875 1325 et
1908 1276 2032 1337 post
2065 1265 2193 1320 Prae

2315 1273 2648 1340 τυροεράγου,
2688 1275 2780 1327 καὶ⁵
2804 1277 2871 1345 τῇ
2895 1276 3229 1348 Παρασκευῇ
3257 1294 3270 1308 ·
3298 1279 3392 1331 καὶ
3457 1278 3594 1349 μετὰ
3618 1278 3712 1350 τὴν
3743 1280 3842 1347 Ilpc

632 1358 1100 1413 sanctiﬁcatorqu
1148 1359 1313 1414 ﬁnem
1345 1361 1832 1431 dimissionemque
1861 1374 2083 1415 caseum
2117 1372 2193 1441 eo

2317 1362 2670 1431 ηγιασμένων
2690 1364 2960 1419 ἀπόλυσιν
2982 1367 3191 1421 ἐσθίειν
3217 1369 3383 1440 τυρὸν
3413 1370 3456 1435 ί,
3481 1370 3587 1439 ὅπη
3620 1368 3632 1419 i
3668 1368 3729 1422 ἂν
3760 1372 3842 1423 ὲπι

634 1448 888 1512 medere,
922 1450 1137 1504 ubicttm
1174 1450 1569 1518 habitaverint;
1616 1453 1686 1506 ad
1729 1450 2073 1506 eversionem
2107 1450 2193 1506 d0-

2317 1453 2665 1524 χωριάζωσιν
2687 1471 2701 1486 ·
2743 1458 3183 1529 είς,ἀνατροπὴν
3217 1459 3310 1513 τοῦ
3358 1459 3625 1530 δόγματος
3655 1459 3745 1513 τοῦ
3776 1460 3842 1513 'la

631 1541 831 1608 gmatis
858 1539 1068 1607 Jacobi,
1092 1553 1256 1612 atque
1282 1545 1551 1600 haereseos
1585 1546 2011 1600 Tetraditarum.

2316 1546 2519 1611 κὼσου,
2558 1546 2654 1600 καὶ
2684 1548 2783 1618 τῆς
2817 1548 2927 1600 τῶν
2957 1550 3299 1620 Τετραδιτῶν
3327 1552 3610 1622 αἱρέσεως.

703 1630 944 1687 XXXIV.
981 1632 1039 1687 Si
1075 1636 1197 1702 quis
1244 1637 1547 1690 concubina
1597 1647 1780 1703 utens,
1812 1652 1919 1691 nou
1969 1636 2085 1689 vult
2115 1646 2193 1689 aut

2384 1638 2504 1691 AA'.
2547 1638 2617 1693 EI’
2638 1657 2721 1702 τις
2759 1641 3040 1712 παλλακὴν
3087 1646 3449 1713 κεκτημένος,
3480 1646 3541 1698 ού
3575 1645 3815 1715 βούλεται

630 1720 782 1774 illam
819 1724 1152 1790 relinquere,
1185 1736 1278 1780 aut
1310 1727 1689 1781 benedictione
1719 1728 1938 1792 donari,
1983 1735 2039 1781 et
2082 1739 2193 1780 cutr

2316 1731 2638 1786 καταλιπεῖν
2667 1733 2857 1803 αὐτὴν,
2894 1734 2928 1806 ἢ
2971 1734 3335 1807 εύλογηθῆναι
3367 1738 3462 1791 καὶ
3501 1739 3641 1807 μετὰ
3686 1742 3842 1809 ἱερολ‹

631 1815 960 1868 sacramenti
1004 1816 1108 1888 ritu
1146 1831 1263 1870 eam
1306 1819 1530 1884 habere,
1565 1834 1670 1872 non
1701 1829 1919 1887 oportet
1962 1820 2193 1887 recipere

2310 1819 2435 1889 γίας
2468 1820 2632 1891 ἔχειν,
2665 1823 2725 1875 ού
2881 1799 3129 1894 δέχεσθαι
3158 1799 3242 1879 ’τά
3269 1828 3401 1897 παρ’
3447 1799 3610 1882 αύτοῦ
3648 1799 3842 1900 προσφε

633 1919 753 1972 quae
776 1907 842 1958 ab
873 1906 987 1977 ipso
1017 1909 1267 1963 ecclesia:
1296 1909 1621 1976 oii‘ereutur,
1653 1912 1812 1980 cujus
1841 1913 2055 1967 divinas
2085 1927 2193 1966 san-

2315 1910 2611 1984 ρόμενατῇ
2657 1914 2944 1985 ἐκκλησία,
2980 1910 3049 1987 ἦς
3099 1918 3229 1980 τοὺς
3278 1916 3458 1982 θείους
3521 1919 3752 1990 θεσμοὺς
3799 1920 3842 1974 δι

629 1996 847 2050 ctiones
875 1998 1131 2065 operibus
1161 2001 1470 2055 contemnit
1504 2003 1949 2073 contumeliaque
1974 2002 2161 2061 aﬂicit.

705 2085 921 2142 XXXV.
984 2090 1041 2143 Si
1088 2094 1413 2157 monachus,
1444 2105 1635 2149 sancto
1703 2095 1888 2150 habitu
1939 2097 2204 2166 deposito,

2309 2002 2419 2056 τῶν
2447 2003 2625 2074 ἔργων
2659 2007 3014 2077 καταφρονῶν
3049 2008 3340 2078 ὲνυὸρίξει.

2381 2098 2505 2152 ΛΕ’.
2551 2099 2676 2152 Ἐὰν
2732 2102 2963 2173 μοναχὸς
2996 2102 3057 2156 τὸ
3107 2104 3263 2172 ἆγιον
3309 2104 3647 2173 ἀποθέμενος
3703 2107 3842 2175 σχῆμ

628 2195 848 2234 carnem
919 2184 1239 2250 comederit,
1305 2200 1639 2255 uxoremque
1692 2187 1931 2256 duxerit,
1993 2201 2193 2258 oportel

2311 2193 2681 2264 κρεωφαγήσῃ
2710 2194 2801 2246 καὶ
2824 2198 3057 2262 γυναῖκα
3090 2195 3251 2267 λάϐῃ,
3284 2198 3367 2250 δεῖ
3391 2199 3466 2269 μὴ
3496 2201 3842 2269 ὲπιστρέφοντ

627 2286 776 2331 eum.
821 2275 1065 2328 converti
1125 2274 1430 2341 uolentem,
1477 2279 1810 2334 anathemati
1845 2281 2115 2347 submitti,
2152 2292 2193 2335 et

2308 2282 2519 2346 τοῦτον,
2565 2284 2871 2353 άναθέματι
2903 2286 3417 2357 καθυποὸληθῆναι,
3457 2290 3552 2343 καὶ
3588 2291 3788 2343 άκοντα
3816 2309 3842 2343 τ

626 2363 855 2417 invitum
895 2366 1211 2422 monasticis
1245 2367 1492 2422 vestibds
1522 2369 1695 2435 indui,
1731 2379 1896 2440 atque
1933 2371 1985 2425 iu
2019 2387 2207 2426 mona-

624 2458 795 2511 sterio
817 2457 1085 2512 concludi.

696 2547 942 2604 XXXVI.
977 2549 1077 2616 Qui
1110 2551 1194 2605 vel
1222 2557 1390 2609 semel
1419 2555 1714 2610 fornicatus
1733 2564 1836 2620 est,
1863 2569 2202 2625 nequaquam

2311 2373 2583 2442 μοναχικὰ
2624 2374 2942 2444 ὲνδυθῆναι,
3007 2376 3103 2429 καὶ⁹
3136 2379 3485 2450 μοναστηρίῳ
3534 2383 3833 2449 ἐγκατακλε

2310 2463 2523 2534 σθῆναι.

2377 2556 2518 2623 AG".
2552 2558 2625 2610 Οὐ
2653 2559 2736 2611 δεῖ
2753 2559 2843 2612 τὸν
2866 2559 3013 2626 ἅπαξ
3034 2561 3408 2632 πορνεύσαντα
3438 2554 3838 2632 χειρότονείσθα

624 2642 929 2707 ordinetur,
976 2644 1192 2698 tametsi
1224 2659 1252 2698 a
1290 2645 1418 2700 vitio
1470 2647 1822 2702 abscesserit.
1878 2647 1968 2701 Ait
2004 2648 2193 2716 quippe

2305 2648 2356 2700 εί
2385 2648 2481 2700 καὶ
2512 2648 2603 2701 τοῦ
2655 2649 2863 2713 πάθους
2895 2650 3107 2722 ἀπέστη
3134 2666 3147 2680 ·
3208 2652 3342 2721 φησὶ
3374 2651 3482 2723 γὰρ
3511 2653 3540 2704 ὁ
3571 2652 3745 2723 μέγας
3780 2653 3842 2705 B:

628 2747 858 2801 magnus
892 2730 1158 2787 Basilius:
1194 2753 1214 2785 ι
1250 2734 1402 2791 Licet
1429 2736 1591 2791 homo
1624 2736 1935 2807 hujusmodi
1956 2747 2199 2790 mortuos

625 2821 991 2884 suscitaverit,
1021 2825 1276 2878 sacerdos
1304 2840 1413 2878 non
1441 2825 1553 2880 Iiet.
1595 2844 1613 2877 ι

695 2911 961 2967 XXXVII.
1004 2914 1232 2979 Quando
1262 2917 1558 2985 Apostolus
1580 2918 1712 2973 dicit
1739 2934 1755 2972 :
1787 2917 1848 2972 Si
1882 2919 2000 2988 quis
2026 2917 2199 2986 frater

2308 2738 2529 2802 σίλειος,
2571 2758 2589 2790 ι
2627 2737 2689 2792 Ei
2718 2741 2811 2794 καὶ
2836 2743 3065 2812 νεκροὺς
3111 2744 3308 2814 άνιστᾷ
3351 2745 3381 2796 ὁ
3409 2742 3672 2808 τοιοῦτος,
3712 2744 3842 2813 ἱερεί

2303 2829 2363 2881 ού
2398 2832 2686 2901 γενήσεται
2715 2832 2798 2886 Il.»

2373 2920 2496 2975 AZ'n.
2550 2923 2610 2975 Ὀ
2671 2924 2999 2988 Ἀπόστολος
3020 2925 3219 2994 λέγων,
3236 2925 3320 2979 El
3346 2943 3436 2989 τις
3463 2926 3733 2994 ἀδελφὸς
3756 2926 3842 2979 dri

623 3004 941 3065 nominatus,
971 3006 1041 3059 sit
1080 3006 1376 3075 fornicator
1398 3049 1411 3074 ,
1450 3026 1568 3062 cum
1611 3010 1872 3079 ejusmodi
1902 3026 1995 3064 nec
2027 3009 2193 3063 cibum

2302 3011 2627 3082 μαζόμενος
2640 3011 2681 3085 ᾗ
2697 3014 2971 3082 πόρνοςι,
2990 3015 3070 3080 τῷ
3084 3018 3332 3080 τοιούτῳ
3340 3016 3496 3084 μηδὲ
3514 3016 3842 3069 συνεσθίει]

620 3110 825 3148 sumere
848 3096 900 3162 ’ς
933 3110 1038 3150 non
1075 3110 1235 3166 quem
1281 3098 1371 3153 ille
1400 3104 1457 3153 et
1499 3099 1589 3154 ille
1631 3098 1992 3156 fornicantem
2024 3100 2193 3165 novit,

2304 3105 2402 3176 οὐχ
2430 3104 2489 3159 ὃν
2521 3107 2549 3160 ὁ
2579 3107 2726 3160 δεῖνα
2760 3109 2855 3162 καὶ
2875 3111 2903 3162 ὁ
2925 3109 3073 3161 δεῖνα
3118 3104 3226 3161 εἶδε
3258 3120 3298 3147 ω
3346 3107 3681 3176 πορνεύοντα
3710 3106 3836 3173 λέγε

622 3186 843 3239 videtur
871 3186 1079 3252 dicere,
1105 3190 1201 3243 sed
1226 3190 1582 3257 nominatum,
1614 3192 1733 3247 sive
1765 3193 1980 3247 cunctis
2014 3193 2200 3259 cogni-

622 3283 759 3329 tum.
790 3273 926 3329 Nam
975 3291 1097 3345 quas
1137 3277 1483 3347 impudenter
1516 3281 1932 3336 committuntur
1965 3282 2194 3347 delicta,

623 3368 857 3437 majores
884 3380 1070 3438 pinnas
1101 3371 1408 3428 attrahunt.

935 3477 1026 3531 EX
1074 3479 1465 3538 CANONIBUS
1511 3482 1885 3541 NICEPHORI

620 3583 953 3658 sanctissimi
988 3589 1313 3669 Patriarciue
1339 3592 1452 3648 CP.
1484 3606 1532 3669 et
1574 3598 1902 3665 aecumenici,
1945 3615 2011 3653 ea:
2035 3601 2197 3669 ipsius

959 3662 1322 3717 ecclesiasticis
1348 3667 1839 3723 constitutionibus.

687 3810 825 3866 Can.
860 3811 902 3867 ι.
938 3812 994 3867 In
1022 3795 1288 3873 ecclesias
1314 3818 1382 3874 ab
1416 3819 1692 3877 haereticis
1723 3822 2190 3879 inthronizatione

618 3897 917 3966 dedicatas,
950 3902 1157 3972 ingredi
1194 3921 1259 3960 ex
1294 3910 1642 3975 necessitate,
1677 3911 1823 3965 velut
1854 3913 1907 3966 in
1941 3928 2193 3968 commu-

617 4004 718 4044 nes
743 3991 909 4056 sedes,
955 4002 1011 4048 et
1061 3995 1116 4049 in
1157 3996 1224 4051 iis
1266 3998 1369 4053 lixa
1422 4001 1474 4054 in
1528 4003 1707 4057 medio
1760 4019 1924 4060 cruce
1963 4007 2199 4073 psallere

617 4082 1022 4153 permittimus;
1080 4103 1186 4142 non
1230 4099 1408 4146 tamen
1463 4094 1515 4147 in
1562 4095 1734 4151 altare
1780 4097 2015 4167 ingredi,
2072 4099 2195 4153 thus

615 4172 860 4240 adolere,
891 4192 1105 4244 precem
1136 4196 1422 4254 peragere,
1457 4201 1558 4241 nec
1582 4189 1861 4244 candelam
1891 4201 1986 4244 aut
2019 4191 2196 4245 lucer-

616 4276 743 4316 nam
771 4270 1097 4325 accendere.

694 4354 779 4410 Vl.
805 4355 1129 4416 Monachum
1162 4366 1251 4433 qui
1302 4377 1556 4425 sanctum
1614 4372 1860 4429 habitum
1917 4376 2191 4446 deposuit,

2303 3197 2471 3261 δοκεῖ,
2500 3197 2637 3249 ἀλλὰ
2656 3197 2752 3250 τὸν
2789 3198 3214 3268 ὀνομαζόμενον,
3270 3198 3391 3263 ἤτοι
3443 3199 3583 3250 πᾶσι
3618 3214 3842 3265 γινωσκ‹

2305 3305 2465 3358 μενον
2490 3304 2502 3316 ·
2531 3288 2600 3340 τὰ
2623 3288 2730 3359 γὰρ
2750 3288 3125 3359 ἀναισχύντως
3144 3289 3254 3360 πλη
3265 3288 3473 3360 μμελού
3483 3306 3642 3357 μενα,
3667 3288 3842 3340 πλείοι.

2300 3377 2400 3448 τὴν
2429 3379 2702 3449 τιμωρίαν
2734 3380 3047 3448 ἐφέλκεται.

2752 3494 2847 3548 ΕΚ
2888 3495 3025 3547 ΤΩΝ
3080 3495 3416 3549 ΚΑΝΟΝΩΝ

2307 3606 2417 3661 Τοῦ
2452 3607 2903 3686 παναγιωτᾴζου
2933 3610 3275 3686 Νικηφόρον
3309 3607 3713 3686 πατριάρχου⁸
3728 3609 3842 3686 Κῳι

2370 3679 2931 3744 σταντινουπόλεως
2961 3681 3059 3731 καὶ
3088 3678 3527 3747 οὶκουμενικοῦ,
3551 3681 3622 3732 ἐκ
3640 3678 3764 3731 τῶν
3792 3678 3842 3728 ἑ)

2370 3748 2820 3815 κλησιαστικῶν
2854 3750 3071 3803 τούτου
3112 3748 3490 3812 συντάξεων.

2371 3837 2511 3890 Καν.
2549 3838 2628 3892 A’.
2665 3839 2777 3901 Τάς
2817 3840 3120 3911 ἐκκλησίας
3171 3839 3272 3904 τὰς
3307 3841 3412 3893 ὑπὸ
3441 3840 3748 3912 αίρετικῶν
3796 3839 3842 3890 ὲκ

2300 3928 2730 4000 θρονιασθείσας,
2763 3933 3256 4004 παρακελευόμεθα
3288 3933 3364 3996 ὡς
3395 3935 3475 3997 εἰς
3507 3936 3692 3988 κοινὸν
3740 3932 3842 3990 οἷκι

2301 4022 2440 4075 κατὰ
2504 4022 2749 4093 ἀνάγκην
2802 4024 3025 4077 εἰσιέναι
3082 4026 3176 4078 καὶ
3226 4024 3468 4095 ψάλλειν,
3503 4027 3791 4096 πήξαντας
3834 4031 3842 4080 i

2303 4113 2457 4183 μέσῳ
2495 4114 2758 4185 σταυρόν·
2785 4116 2843 4167 ὲν
2885 4115 2943 4168 δὲ
2993 4113 3070 4186 τῷ
3101 4115 3495 4188 θυσιαστηρίῳ,
3531 4119 3672 4189 μήτε
3712 4120 3842 4189 είσέι

2300 4202 2511 4273 χεσθαι,
2549 4205 2688 4275 μήτε
2737 4205 2959 4277 θυμιᾷν,
3014 4209 3152 4278 μήτε
3207 4210 3374 4281 εὐχὴν
3425 4211 3722 4278 ἐπιτελεῖν,
3753 4213 3842 4282 μή·

2301 4296 2570 4366 κανδήλαν
2595 4298 2628 4369 ἢ
2670 4298 2863 4368 λύχνον
2890 4299 3104 4358 ἅπτειν.

2373 4389 2465 4454 ς’.
2508 4389 2630 4442 Ὀτι
2683 4389 2765 4442 δεῖ
2819 4391 2913 4444 τὸν
2959 4391 3259 4449 ἀθετοῦντα
3315 4394 3547 4465 μοναχὸν
3604 4396 3668 4448 τὸ
3735 4395 3842 4464 ἆγιι

617 4458 918 4516 rursusque
936 4454 1301 4521 convertitur,
1338 4469 1555 4527 oportet
1585 4476 1614 4514 a
1649 4462 1911 4520 fratribus
1933 4465 1987 4519 in
2015 4465 2193 4521 oiiicio

2305 4482 2512 4550 σχῆμα,
2563 4480 2657 4534 καὶ
2702 4481 2866 4535 πάλιν
2908 4454 3331 4555 έπιστρέφονταξ
3366 4454 3734 4556 κατηχεῖσθαι

615 4537 857 4603 institui,
913 4556 1024 4596 non
1087 4554 1266 4601 tamen
1322 4564 1420 4617 per
1473 4550 1825 4620 Catecheses,
1883 4557 1978 4611 sed
2032 4548 2193 4626 prout

2302 4537 2687 4643 ἀδελφῶν
2713 4574 2781 4627 τὰ
2810 4575 3021 4638 δέοντα,
3063 4537 3178 4629 άλλ’
3209 4537 3330 4647 οὐχί
3480 4537 3591 4632 eis».
3624 4580 3749 4634 Κατ
3762 4597 3842 4649 ηχι

615 4629 913 4700 unicuique
962 4637 1342 4704 suppeditatur
1391 4657 1456 4696 ex
1495 4644 1680 4699 verbis
1720 4646 1957 4702 Domini.
1996 4650 2102 4703 Sed
2137 4662 2191 4706 et

613 4720 846 4790 psallere
895 4736 1108 4793 oportet
1161 4734 1606 4799 compunctivum
1660 4752 1929 4792 cauonem
1986 4742 2190 4812 obliqui

617 4811 750 4873 toni.
789 4827 855 4867 ac
911 4831 1111 4884 ponere
1146 4820 1316 4888 ipsius
1351 4834 1533 4878 vestes
1586 4826 1638 4880 in
1690 4829 1855 4884 altari
1902 4834 2003 4887 sub
2034 4811 2192 4887 saera

616 4918 824 4971 mensa,
855 4917 913 4960 ut
942 4922 1067 4961 cum
1115 4910 1337 4967 habitus
1368 4916 1640 4984 sumitur;
1674 4930 1836 4990 atque
1860 4935 1983 4992 post
2016 4925 2197 4980 Evan-

613 4995 812 5065 gelium
870 4998 1049 5055 missa:
1098 5005 1416 5060 monasterii
1463 5011 1790 5079 praepositus
1855 5014 2016 5071 debet
2067 5032 2192 5071 eum

616 5085 865 5149 tondere,
901 5096 957 5141 et
1021 5089 1217 5144 habitu
1270 5093 1520 5162 Induere,
1574 5098 1782 5170 absque
1838 5102 1950 5159 ulla
2003 5098 2194 5162 excla-

592 5174 878 5241 ,matioue.

684 5263 776 5320 IX.
813 5267 893 5321 Ex
925 5274 1208 5329 sacerdote
1230 5276 1323 5346 qui
1350 5280 1562 5347 quartis
1593 5283 1873 5353 sextisque
1898 5286 2056 5344 feriis
2085 5305 2191 5345 non

582 5357 841 5430 'jejuuat,
873 5370 1388 5427 communicandum
1426 5390 1532 5430 non
1566 5388 1683 5442 est,
1714 5384 1967 5448 quamvis
1996 5387 2185 5440 ortho-

2305 4680 2477 4727 σεων,
2532 4665 2648 4718 ἀλλ’
2689 4666 2921 4730 ἕκαστος
2965 4668 3024 4731 ἐξ
3053 4662 3130 4722 ὧν
3170 4670 3589 4740 ὲπιχορηγεῖται
3617 4671 3729 4724 ὑπὸ
3798 4688 3842 4721 τι

2304 4754 2513 4824 Κυρίου
2544 4755 2747 4822 λόγωνσ
2771 4756 2864 4809 καὶ
2889 4756 3111 4826 ψάλλειν
3145 4758 3235 4811 τὸν
3263 4758 3659 4830 κατανυκτικὴν
3684 4758 3842 4812 κανόι

2301 4844 2396 4898 τοῦ
2433 4846 2664 4914 πλαγίου
2692 4848 2825 4917 ἤχου
2859 4863 2873 4879 ο
2901 4850 2996 4902 καὶ
3029 4849 3237 4902 τιθέναι
3278 4850 3348 4903 τὰ
3404 4851 3598 4920 ἱμάτια
3626 4848 3799 4901 αὐτοῦ
3831 4850 3842 4900 ἐ

2300 4934 2379 5003 τῷ
2430 4935 2803 5007 θυσιαστηρίῳ
2847 4938 3108 4992 ὑποκάτω
3135 4939 3237 5009 τῆς
3275 4940 3438 5007 ἁγίας
3475 4938 3783 5008 τραπέζης,
3814 4938 3842 4989 ἀ

2299 5026 2394 5079 ἐπὶ
2440 5027 2534 5080 τοῦ
2578 5029 2859 5099 σχήματος
2892 5046 2907 5061 ’
2940 5031 3033 5084 κα)⁸
3082 5031 3190 5085 ἀπὸ
3229 5031 3326 5084 τοῦ
3390 5029 3733 5097 Εὐαγγελίου
3792 5029 3842 5080 τί

2298 5115 2645 5187 λειτουργίας
2691 5118 2977 5190 κουρεύειν
3020 5121 3184 5173 αὐτὸν
3238 5121 3332 5173 τὸν
3376 5119 3682 5191 ἡγούμενον
3718 5135 3733 5147 ·
3797 5136 3842 5171 κ·

2299 5206 2507 5261 ὲνδύειν
2534 5210 2597 5261 τὸ
2623 5209 2809 5279 σχῆμα
2835 5210 3003 5280 μηδὲν
3026 5210 3400 5279 ὲκφωνοῦντα.

2367 5299 2446 5353 6'.
2484 5299 2589 5353 Τὸν
2617 5299 2691 5369 μὴ
2716 5300 3050 5372 νηστεύοντα
3096 5303 3343 5374 Τετράδα
3387 5303 3483 5356 καὶ
3518 5302 3842 5373 Παρασκευί

2299 5389 2469 5460 ἱερέα,
2498 5390 2559 5442 ού
2592 5391 2698 5462 χρὴ
2732 5396 3011 5446 κοινωνεῖν
3051 5393 3111 5457 ἐξ
3158 5393 3346 5454 αὑτοῦ.
3377 5393 3483 5447 κᾶν
3533 5393 3668 5463 δοκῇ
3731 5393 3841 5462 ὀρθι

613 5458 788 5507 doxus
810 5469 932 5510 esse
963 5459 1233 5518 videatur.
1270 5464 1481 5520 Etenim
1513 5483 1580 5523 ex
1617 5482 1774 5540 parte
1805 5475 1890 5543 pie
1920 5491 2104 5546 agere,
2138 5487 2192 5533 et

2302 5458 2443 5547 δοξος
2495 5458 2643 5535 εἶναι
2672 5458 2697 5510 '7
2739 5484 2801 5538 τὸ
2852 5485 2966 5567 γὰρ
3003 5488 3067 5538 ὲκ
3126 5486 3328 5555 μέρους
3367 5458 3787 5551 εύσιὸεῖνξκαῖ
3833 5487 3842 5537 i

611 5556 676 5595 ex
711 5555 867 5613 parte
916 5550 1214 5624 inquinari,
1252 5558 1544 5627 profanum
1580 5562 1961 5637 impurumque
1992 5579 2092 5625 est.

682 5657 700 5685 ²
741 5658 759 5711 I
791 5657 917 5714 Cor.
954 5676 1002 5725 v,
1042 5665 1145 5719 iI.’

2300 5575 2499 5646 μέρους
2536 5575 2864 5643 κοινοῦσθαι,
2899 5575 3149 5647 βέϐηλον.

679 5766 706 5807 5‘-
744 5769 817 5823 αι.
846 5773 1128 5842 κοσμικὸς.
1214 5783 1225 5819 ί
1257 5780 1327 5835 αι.
1354 5783 1515 5854 τυρὸν
1544 5789 1633 5841 καὶ
1658 5787 1760 5844 tbi.
1844 5789 1858 5842 ἱ
1910 5792 1984 5848 al.
2016 5796 2176 5854 ὅπου.

2322 5801 2396 5857 al.
2426 5799 2638 5870 γίνεται
2671 5799 2993 5873 ειγένηται.
3076 5798 3093 5842 1
3130 5800 3194 5857 ab
3224 5811 3298 5859 est
3329 5803 3391 5858 ab
3424 5805 3498 5859 al.
3573 5813 3613 5837 "‘
3652 5804 3732 5861 al.
3757 5801 3842 5861 οῐδ
