4016 6404
345 361 467 426 861

1836 368 2085 434 CANON
2090 371 2198 434 ES.

2660 350 2681 379 Ι

3550 375 3656 438 863

434 476 555 543 ις’.
609 474 733 528 ’Ότι
786 475 868 530 δεῖ
927 477 1054 540 τοὺς
1109 478 1518 550 ἐργαζομένους
1582 483 1853 552 μοναχοὲις
1889 487 1949 551 τῇ

2139 484 2280 540 XVI.
2317 486 2473 553 Quod
2505 495 2758 557 oporteat
2804 486 3106 542 monachos
3142 486 3232 556 qui
3267 502 3366 559 per
3405 499 3651 542 sanctam

346 570 500 641 ἁγίᾳ
535 570 960 641 Τεσσαρακοστῇ
1002 572 1100 643 τὴν
1157 572 1374 642 θ’ὦραν
1427 573 1732 641 γεύσασθαι
1788 576 1956 642 ἄρτου

348 661 620 734 βραχέος,
664 662 761 716 καὶ
782 667 849 735 τῇ
876 665 1090 736 ἑσπέρᾳ
1110 664 1369 722 δειπνεῖν.

432 756 536 809 IZ'.
573 754 697 808 Ὅτι
743 756 804 809 οὐ
839 757 946 826 χρὴ
974 758 1033 808 ὲν
1075 761 1145 828 τῇ
1189 758 1323 830 ἁγίᾳ
1366 758 1792 831 Τετσαρακοστῇ
1833 762 1959 823 τοὺς

355 847 641 916 μοναχοὺς
671 846 938 916 ἐργασίαν
980 849 1172 907 ποιεῖν,
1204 848 1298 901 καὶ
1328 849 1605 920 προφάσει
1631 849 1727 902 τοῦ
1768 849 1955 919 ἔργου,

354 935 660 990 καταλύειν
686 937 763 999 εἰς
791 931 933 988 οἶνον
961 935 1056 988 καὶ
1094 936 1274 990 ἔλαιον
1308 954 1322 968 ⁶
1354 936 1531 991 ταῦτα
1573 937 1684 1008 γὰρ
1731 956 1959 1009 γαστρι-

363 1027 608 1099 μαργίας
634 1028 1066 1099 ἐπιτηδεύματα.

442 1120 540 1173 ιθι.
577 1120 725 1172 Πόσα
755 1121 1033 1186 κεφάλαια
1080 1119 1401 1174 ἐκϐάλλουσι
1443 1121 1535 1174 τδν
1578 1122 1815 1190 μοναχὸν
1850 1122 1957 1174 dish

355 1214 466 1284 τῆς
494 1214 701 1283 μονῆς;
735 1212 958 1283 Πρῶτον
993 1213 1115 1283 μὲν,
1154 1216 1203 1266 εἰ
1231 1215 1379 1267 ἔστιν
1406 1216 1435 1268 ὁ
1467 1215 1771 1285 ἡγούμενος
1803 1218 1956 1278 αἱρε-

353 1304 519 1367 τικός
550 1322 566 1337 θ
616 1304 892 1376 δεύτερον,
917 1307 964 1359 εί
1015 1305 1164 1359 ἐστιν
1220 1306 1423 1369 εἴσοδος
1452 1305 1733 1375 γυναικῶν
1785 1309 1842 1359 ἐν
1888 1310 1955 1376 τῇ

358 1400 504 1467 μονῇ
534 1412 549 1428 ·
578 1397 641 1450 τὸ
669 1397 725 1450 δὲ
758 1398 964 1468 τρίτον,
997 1397 1093 1450 ἐὰν
1127 1398 1317 1450 παιδία
1354 1398 1673 1468 μανθάνωσι
1716 1399 1958 1467 κοσμικὰ

353 1492 424 1544 ὲν
447 1489 525 1560 τῷ
550 1490 805 1562 κοινοῦίῳ
840 1508 852 1521 ·
882 1489 1082 1545 ἄτοπον
1116 1490 1228 1562 γὰρ
1255 1490 1433 1555 τοῦτο,
1453 1491 1515 1544 τὸ
1534 1491 1598 1561 δη
1609 1490 1955 1560 μοσιεύεσθαι

351 1584 432 1636 τὰ
479 1585 537 1637 ὲν
589 1586 656 1655 τῇ
703 1586 836 1655 μονῇ
893 1582 1077 1647 καλῶς
1135 1584 1490 1654 πραττόμενα
1526 1600 1541 1614 ·
1581 1583 1657 1646 ὥς
1706 1602 1844 1655 φησι
1895 1588 1955 1636 τὸ

350 1675 701 1742 Εὑαγγέλιον
733 1691 749 1706 ο
807 1674 904 1743 Μὴ
941 1675 1291 1746 σαλπίσητε
1336 1677 1682 1745 ἔμπροσθεν
1731 1676 1901 1746 ὑμῶν
1935 1718 1950 1743 ,

346 1764 509 1819 ὅταν
523 1761 594 1819 εὖ
617 1764 851 1833 ποιῆτε.

2067 574 2556 645 Quadragesimam
2615 593 2780 644 opera
2821 576 3052 643 faciunt,
3087 578 3219 632 hora
3277 595 3418 633 nona
3455 595 3649 649 parum

2064 666 2223 734 panis
2255 682 2494 735 sumere,
2533 682 2763 736 vespere
2797 680 2978 723 autem
3009 683 3251 724 camare.

2131 750 2294 807 XVII.
2334 755 2448 809 Non
2474 756 2670 810 debent
2696 758 2946 811 monachi
2989 774 3182 827 magna
3218 758 3648 830 Quadragesima

2062 860 2239 912 Opera:
2280 845 2615 912 incumbere,
2657 864 2720 901 ac
2747 849 2930 917 operis
2961 859 3224 916 pragtcxtu
3260 851 3471 905 solvere
3501 852 3650 922 jeju-

2062 937 2209 988 nium
2243 953 2339 1004 per
2391 939 2577 992 viuum
2623 950 2678 993 et
2708 940 2912 995 oleum.
2954 938 3080 995 Haec
3130 942 3275 995 enim
3330 943 3468 1014 gula:
3521 954 3651 1000 sunt

2062 1026 2284 1080 inventa
2308 1026 2350 1081 ³.

2133 1113 2277 1168 ΧιΧ.
2308 1119 2449 1181 Quot
2484 1133 2662 1171 causm
2693 1121 3020 1175 monachum
3065 1133 3096 1174 e
3130 1122 3462 1176 monasterio
3494 1123 3647 1176 exire

2060 1207 2433 1274 campelluut?
2464 1209 2648 1262 Primo
2670 1211 2888 1278 quidem
2916 1213 2958 1265 si
2992 1215 3318 1281 praepositus
3350 1214 3646 1269 haereticus

2058 1299 2127 1350 sit
2169 1316 2181 1352 :
2234 1300 2475 1354 secundo
2525 1302 2567 1354 si
2619 1303 2939 1356 tnonasterii
3006 1303 3265 1359 introitus
3324 1306 3647 1361 mulieribus

2057 1390 2408 1458 permittatur
2449 1409 2463 1445 :
2497 1394 2665 1446 tertio
2693 1394 2930 1462 denique
2962 1397 3180 1464 quando
3227 1396 3388 1451 ludus
3434 1397 3646 1452 littera-

2061 1484 2173 1536 rius
2206 1485 2260 1537 iu
2298 1486 2557 1541 coctiobio
2607 1487 2790 1555 pueris
2818 1486 3179 1541 smcularibus
3208 1487 3490 1555 aperitur;
3541 1490 3645 1543 hoc

2056 1573 2202 1625 enim
2253 1577 2553 1630 absurdum
2594 1587 2699 1642 est,
2732 1592 2852 1645 qua:
2905 1577 2957 1629 in
2995 1577 3333 1631 monasterio
3385 1578 3645 1646 praeclare

2056 1677 2290 1734 aguntur
2314 1668 2599 1735 evulgari;
2637 1670 2780 1723 sicut
2820 1667 3178 1736 Evangelium
3232 1668 3364 1739 dicit
3404 1685 3419 1721 :
3465 1666 3644 1722 Nolite

2055 1758 2181 1810 tuba
2219 1772 2405 1810 cauere
2434 1768 2557 1812 ante
2594 1774 2703 1824 vos,
2735 1774 2850 1810 cum
2884 1757 3008 1810 bene
3040 1745 3220 1825 facitis
3244 1757 3287 1813 ‘.

431 1856 564 1911 ΚΘ.
588 1857 700 1927 Τὴν
743 1824 1205 1928 Τεσσαρακοστὴν
1243 1858 1353 1912 τῶν
1381 1859 1555 1927 ἁγίων
1589 1857 1950 1921 Ἀποστόλων,
1985 1824 2028 1882 Β
2128 1842 2324 1898 ΧΧΙΧ·
2385 1847 2817 1915 Ωιωδτθὲθεῖιηίδ
2900 1860 2997 1899 εθυ
3042 1824 3270 1914 licium"
3327 1854 3641 1900 εθηειοτιηη

342 1946 590 2019 ἦτοιτὴν
617 1948 884 2018 νήστιμον
907 1949 1109 2013 αὐτῶν,
1142 1948 1250 2021 χρὴ
1272 1950 1577 2021 νηστεύειν,
1602 1948 1834 2019 Τετράδι
1858 1950 1952 2002 καὶ

342 2037 715 2109 Παρασκευῇ,
771 2041 899 2101 τοὺς
936 2039 1360 2110 ἐργαζομένους,
1410 2039 1513 2104 ἕως
1560 2039 1709 2112 ὧρας
1760 2039 1948 2110 ἕκτης,

341 2129 463 2182 aut
504 2127 676 2192 οὕτως
729 2128 1012 2198 γεύεσθαι,
1041 2130 1136 2183 καὶ
1200 2130 1303 2201 τὴν
1360 2131 1405 2185 θ’
1453 2130 1605 2204 ὥραν
1670 2133 1904 2203 ἀριστᾷν
1934 2148 1951 2165 ο

338 2217 622 2282 ὡσαύτως
664 2219 722 2272 δὲ
767 2220 862 2272 καὶ
905 2218 1001 2272 τοῦ
1050 2220 1209 2288 ἁγίου
1254 2219 1548 2283 Φιλίππου,
1588 2220 1739 2293 ὤραν
1782 2220 1952 2291 ἕκτην

338 2309 640 2379 γεύεσθαι,
673 2310 768 2365 καὶ
784 2310 1026 2382 ἑσπέρας
1054 2311 1295 2365 δειπνεῖν
1316 2328 1331 2344 ο
1359 2313 1487 2376 τοὺς
1516 2312 1574 2366 δὲ
1595 2314 1654 2365 ἐν
1676 2314 1744 2383 τῇ
1788 2316 1948 2384 μονῇ,

338 2402 508 2469 ἅπαξ
539 2404 639 2469 ἕως
663 2404 925 2475 ἑσπέρας.

425 2573 572 2642 NQ".
605 2576 730 2629 Ἐὰν
760 2575 1133 2647 πρεσϐύτερός
1169 2577 1340 2645 ἐστιν,
1368 2578 1400 2649 ἢ
1433 2576 1705 2643 διάκονος,
1734 2577 1768 2648 ἢ
1816 2576 1950 2628 ἀνα-

336 2666 606 2737 γνώστης
638 2668 1042 2741 καθῃρημένος,
1078 2671 1174 2723 καὶ
1192 2671 1394 2742 εὑρεθῇ
1447 2669 1705 2740 μοναχδς,
1730 2668 1950 2737 εὐλογεϊ

334 2760 454 2831 τὴν
480 2760 781 2829 τράπεζαν.

425 2851 564 2920 EG”.
611 2853 738 2907 Ἐάν
784 2870 868 2916 τις
928 2852 1174 2924 ἀθετήσῃ
1218 2852 1282 2906 τὸ
1306 2851 1465 2920 ἅγιον
1509 2852 1716 2922 σχῆμα,
1748 2851 1845 2904 καὶ
1883 2852 1944 2904 ού

341 2941 686 3015 διοροοῦται,
730 2941 830 3013 τὴν
883 2942 941 2995 δὲ
992 2940 1306 3012 ὀρθοδοξίαν
1355 2943 1557 3013 κρατῇ,
1587 2941 1649 2994 ού
1706 2939 1815 3011 χρὴ
1853 2941 1946 2993 τὸν

338 3035 601 3099 τοιοῦτον
627 3033 732 3087 ὑπὸ
777 3034 975 3104 στέγην
1033 3033 1210 3103 ἄγειν,
1235 3031 1361 3086 οὔτε
1393 3032 1694 3086 συνεσθίειν
1713 3071 1729 3098 ,
1764 3032 1796 3102 ἢ
1822 3030 1946 3103 χαί-

348 3141 481 3197 ρειν
512 3124 715 3193 λέγειν.

684 3240 796 3295 Τοῦ
852 3239 1224 3310 πατριάρχου
1252 3241 1621 3310 Νικηφόρον.

443 3354 504 3409 ’0
528 3354 788 3425 δημοσίου
823 3354 1035 3422 κλοπῆς
1069 3353 1327 3417 ἑαλωκὼς
1360 3355 1582 3425 περὶτὰ
1622 3352 1950 3424 καφαλαιὼ-

345 3447 425 3516 δη
444 3446 757 3516 κλέμματα,
795 3446 895 3514 οὐχ
935 3445 1149 3514 ἱερᾶται
1172 3460 1185 3473 ·
1213 3444 1354 3498 ἀλλὰ
1375 3444 1471 3498 καὶ
1491 3448 1519 3499 ὁ
1549 3445 1822 3516 ίερωθεὶς,
1852 3447 1950 3500 καὶ

346 3537 436 3609 τῷ
461 3536 692 3606 τοιούτῳ
734 3534 1075 3607 περιπεσὼν,
1108 3535 1479 3607 καθαιρείται.

967 3716 1079 3771 Τοῦ
1114 3716 1325 3772 αὐτοῦ.

429 3810 514 3866 Τὰ
554 3810 894 3882 ἀντιμίνσια,
925 3809 1053 3863 ἔνθα
1098 3809 1166 3862 ἂν
1223 3809 1384 3881 χρεία
1439 3810 1664 3881 γένηται
1717 3811 1945 3880 τούτων,

354 3901 655 3966 ἀκωλύτως
689 3901 1181 3973 παραπέμπονται,
1207 3902 1301 3956 καὶ
1323 3903 1385 3954 οὐ
1419 3902 1859 3974 περιγράφονται
1889 3905 1948 3957 ὲν

354 3996 486 4065 τῇδε
511 3999 578 4068 τῇ
601 3995 838 4073 ὲνορίςιῆ
867 3995 1082 4069 ἐκείνῃ,
1116 3996 1251 4049 ἀλλὰ
1270 3997 1363 4049 καὶ¹
1396 3996 1667 4067 ὑπερόρια
1682 3997 1945 4065 γίνονται,

357 4088 503 4143 καθὰ
529 4089 624 4142 καὶ
652 4089 714 4141 τὸ
753 4089 897 4141 θεῖον
927 4088 1124 4161 μύρον.
1188 4088 1497 4144 Καλοῢνται.
1546 4088 1604 4142 δὲ
1653 4088 1849 4153 οὕτως,
1872 4089 1948 4152 ὡς

358 4176 750 4246 ἁντιπρόσωπα
812 4177 909 4230 καὶ
961 4176 1232 4229 ἀντίτυπα
1281 4176 1391 4230 τῶν
1437 4176 1667 4241 πολλῶν,
1718 4180 1946 4249 μίνσων,

360 4269 466 4323 τῶν
491 4268 929 4340 καταρτιζόντων
954 4270 1055 4345 τὴν
1078 4269 1241 4337 ἁγίαν
1269 4269 1366 4323 καὶ
1384 4270 1721 4342 Δεσποτικὴν
1740 4272 1948 4342 τράπε-

362 4359 479 4425 ζαν.
547 4363 767 4432 κυρίως
793 4362 851 4415 δὲ
911 4361 999 4416 ἐπ’
1025 4364 1267 4428 ἐκείναις
1298 4364 1407 4418 τῶν
1424 4365 1727 4438 τραπεζῶν
1772 4366 1947 4419 τίθεν-

362 4470 467 4515 ται.
505 4453 572 4518 ἃς
597 4455 929 4525 καθιέρωσις
960 4454 1060 4526 οὐχ
1085 4455 1335 4527 ἡγίασεν.

302 4664 341 4757 ἲ
516 4694 521 4713 .
602 4654 665 4707 '0
687 4653 760 4709 ιδ’
788 4654 895 4709 τοῦ
911 4656 1284 4727 πατριάρχου
1321 4659 1719 4727 Νικηφόρον..

426 4768 518 4819 Aet
540 4764 639 4830 τὰς
667 4766 1009 4837 μοναζούσας
1031 4768 1263 4823 εἰσιέναι
1281 4771 1360 4832 είς
1386 4768 1448 4822 τὸ
1468 4770 1625 4838 ἅγιον
1650 4768 1943 4841 θυσιαστή-

369 4874 491 4930 ριον,
525 4860 621 4913 καὶ
655 4859 850 4913 ἅπτειν
893 4860 1066 4931 κηρὸν
1094 4860 1192 4914 καὶ
1236 4861 1533 4932 κανδήλας,
1569 4862 1666 4916 καὶ
1716 4867 1944 4933 κοσμεῖν

364 4949 447 5004 τὸν
466 4948 594 5003 ναόν
630 4965 647 4981 ο
680 4950 823 5007 κατὰ
844 4950 1166 5021 περίστασιν
1194 4952 1290 5004 καὶ
1316 4952 1549 5022 μοναχὸς
1581 4952 1726 5016 λιτὸς
1750 4952 1945 5023 βαπτί-

366 5042 460 5107 ζει.
508 5041 784 5105 Ὡσαύτως
826 5042 924 5096 καὶ
963 5042 1231 5105 διάκονος.
1294 5043 1407 5097 Καὶ
1466 5042 1653 5106 λαῖκὸς
1705 5043 1784 5109 δὲ,
1846 5044 1943 5097 ἐὰν

365 5135 553 5207 εὑρεθῇ
571 5136 652 5201 εἰς
678 5136 867 5201 τόπον,
890 5135 966 5208 μὴ
994 5135 1149 5200 ὄντος
1180 5136 1395 5208 ἱερέως.

962 5250 1073 5306 Τοῦ
1116 5251 1327 5305 αὐτοῦ.

436 5360 562 5415 Ἐὰν
593 5361 735 5433 γυνὴ
758 5363 1018 5434 γεννήσῃ,
1054 5364 1147 5416 καὶ
1168 5363 1318 5418 ἐστιν
1371 5366 1431 5420 ἐν
1460 5365 1690 5437 κινδύνῳ
1721 5368 1781 5421 τὸ
1806 5383 1940 5420 παι-

365 5452 484 5518 δίον,
536 5453 647 5507 ἀπὸ
691 5454 916 5525 ἡμερῶν
967 5455 1136 5527 τριῶν
1177 5458 1212 5530 ἢ
1244 5459 1408 5513 πέντε
1436 5474 1452 5488 ⁸
1486 5460 1551 5513 τὸ
1582 5462 1682 5531 μὲν
1728 5461 1939 5515 παιδίον

365 5541 699 5615 φωτισθήτω,
733 5543 872 5614 ἄλλη
892 5543 949 5598 δὲ
983 5546 1121 5618 γυνὴ
1148 5545 1561 5619 βεϐαπτισμένη
1600 5549 1695 5602 καὶ
1720 5548 1939 5619 καθαρὰ

2055 1940 2425 2007 apostolorum
2451 1946 2668 2007 oportet
2693 1938 2974 2005 operarios
2997 1938 3297 1990 monachos
3329 1936 3380 1989 in
3406 1937 3644 1990 'l‘etrade

2053 2047 2120 2086 ac
2168 2030 2473 2087 Parasceve
2526 2030 2778 2100 jejunare
2826 2043 2998 2098 usque
3041 2029 3108 2082 ad
3165 2030 3354 2081 horam
3390 2013 3638 2092 sextam,

2052 2127 2351 2187 posteaque
2392 2118 2595 2182 'edere,
2650 2118 2785 2172 liora
2836 2133 2967 2171 vero
3020 2132 3164 2171 nona
3226 2117 3529 2186 prandere;
3586 2129 3643 2172 et

2051 2209 2326 2263 consimili
2372 2213 2533 2264 modo
2594 2208 3026 2278 Quadragesima
3082 2218 3139 2261 et
3195 2206 3401 2276 jejunio
3460 2209 3640 2263 saneti

2051 2298 2311 2370 Philippi,
2368 2299 2502 2353 hora
2556 2309 2711 2353 sexta
2742 2306 2988 2369 gustare,
3045 2312 3109 2352 ac
3140 2298 3349 2365 vesperi
3386 2312 3640 2365 caenare;

2051 2406 2148 2447 eos
2179 2401 2363 2445 autem
2394 2391 2487 2461 qui
2522 2391 2577 2445 in
2629 2390 2969 2446 monasterio
3003 2398 3346 2454 manserunt,
3376 2390 3545 2443 semel
3571 2392 3641 2445 ad

2051 2498 2335 2553 vesperam
2379 2484 2694 2538 comedere.

2123 2573 2260 2629 LVI.
2303 2574 2360 2629 Si
2393 2575 2672 2645 depositus
2699 2574 2990 2644 presbyter
3026 2573 3193 2637 adsit,
3225 2580 3318 2627 aut
3348 2573 3637 2639 diaconus,

2052 2681 2144 2724 aut
2172 2670 2365 2735 lector,
2401 2681 2458 2725 et
2494 2669 2801 2723 monachus
2831 2667 3091 2722 inventus
3126 2666 3314 2733 fuerit,
3350 2666 3440 2721 hic
3468 2668 3639 2723 bene-

2050 2762 2343 2819 dictionem
2378 2776 2581 2817 mensm
2605 2759 2760 2817 facit.

2121 2853 2258 2909 LXI.
2324 2853 2536 2925 Siquis
2587 2852 2851 2920 abiecerit
2905 2860 3154 2907 sanctum
3219 2851 3486 2920 habitum,
3540 2865 3639 2907 nec

2049 2949 2390 3012 emendatur,
2430 2956 2630 3000 rectam
2665 2959 2794 2999 vero
2841 2944 3001 2999 [idem
3059 2955 3225 3007 tenet,
3283 2960 3389 2999 non
3424 2953 3640 3015 oportet

2051 3038 2366 3108 hujusmodi
2422 3035 2697 3089 hominem
2737 3045 2885 3088 tecto
2908 3034 3133 3100 donare,
3171 3051 3349 3104 neque
3393 3051 3514 3089 cum
3549 3035 3639 3089 illo

1977 3166 2020 3224 α
2056 3130 2224 3194 vesci,
2261 3139 2355 3183 aut
2380 3131 2497 3183 Ave
2526 3127 2575 3182 ei
2617 3127 2826 3182 dicere.

2500 3236 2790 3307 Nicephori
2846 3234 3188 3304 patriarcha).

2124 3353 2227 3423 Qui
2259 3351 2462 3423 publici
2497 3349 2627 3405 furti
2664 3349 2949 3405 convictus
2981 3358 3065 3401 est
3108 3347 3163 3402 in
3195 3338 3357 3405 furtis
3384 3347 3638 3418 capitali-

2051 3448 2175 3511 bus,
2226 3449 2293 3501 ad
2334 3443 2705 3500 sacerdotium
2746 3458 2858 3496 nou
2912 3440 3245 3495 admittitur.
3298 3441 3438 3508 Quin
3470 3440 3636 3495 etiam

2050 3539 2355 3595 sacerdotio
2387 3536 2652 3602 initiatus,
2677 3534 2723 3590 si
2751 3532 2858 3588 tale
2917 3532 3122 3587 crimen
3156 3531 3437 3595 inciderit,
3471 3534 3637 3600 depo-

2048 3633 2218 3688 nitur.

2703 3717 2980 3788 Ejusdem.

2120 3813 2451 3870 Autiminsia
2498 3812 2637 3867 citra
2670 3809 3093 3880 prohibitionem
3123 3850 3139 3876 ,
3178 3807 3489 3875 ubicunque
3523 3802 3633 3859 fue-

2051 3911 2123 3963 rit
2147 3909 2214 3964 iis
2247 3923 2414 3977 Opus,
2444 3905 2756 3970 mittuntur,
2788 3917 2889 3956 nec
2918 3901 2998 3955 vel
3043 3902 3143 3956 hac
3174 3901 3258 3954 vel
3285 3899 3373 3953 illa
3415 3898 3637 3967 regione

2049 3999 2609 4062 circumscribuutur,
2635 3996 2729 4052 sed
2761 3996 2814 4051 in
2845 3996 3006 4050 aliam
3041 4007 3258 4064 quoque
3291 3989 3635 4061 provinciam

2051 4091 2483 4155 transferuntur,
2521 4089 2666 4143 sicut
2692 4099 2750 4143 et
2777 4102 2996 4142 sacrum
3025 4091 3385 4152 unguentum.
3425 4078 3517 4135 Sic
3541 4095 3640 4132 au-

2052 4196 2157 4241 tem
2205 4183 2571 4254 appellantur,
2625 4181 2775 4235 velut
2841 4177 3092 4249 Opposita
3139 4187 3193 4229 et
3248 4170 3639 4243 respondentia

2049 4277 2233 4332 multis
2285 4276 2394 4330 illis
2450 4274 2655 4327 mensis
2698 4272 2864 4344 (quid
2904 4268 3235 4324 antimimiu.
3299 4264 3496 4319 Missus
3536 4260 3636 4314 alii

2050 4368 2344 4439 reddunt),
2401 4382 2523 4436 qua:
2584 4380 2804 4419 sacram
2865 4373 2920 4418 et
2982 4360 3318 4417 Dominicam
3390 4368 3636 4409 mensam

2050 4462 2363 4518 absolvunt.
2398 4459 2629 4529 Proprie
2662 4472 2814 4520 vero,
2864 4469 3080 4508 mensas
3124 4452 3246 4506 illas
3295 4450 3632 4519 signiﬁcant,

2049 4569 2183 4617 cpias
2215 4551 2565 4607 consecratio
2592 4564 2699 4603 non
2731 4544 3118 4604 sanctiﬁcavit.

2366 4663 2506 4719 XIV.
2544 4660 2837 4732 Nicephori
2870 4659 3197 4730 patriarcha:
3229 4657 3273 4708 ⁸.

2120 4777 2423 4832 Monacbas
2469 4775 2772 4831 sacrarium
2823 4771 3034 4843 ingredi
3067 4778 3304 4841 oportet,
3361 4777 3418 4821 et
3447 4780 3640 4820 cereos

2049 4882 2215 4940 atque
2245 4868 2504 4924 candelas
2534 4866 2871 4931 accendere,
2906 4865 3276 4932 templumque
3314 4875 3540 4916 ornare.
3578 4858 3637 4911 lu

2050 4960 2293 5032 periculo
2324 4959 2556 5028 simplex
2587 4958 2758 5011 etiam
2793 4955 3095 5011 monachus
3134 4953 3396 5024 baptizat.
3431 4949 3640 5006 Simili-

2051 5063 2134 5108 ter
2163 5063 2219 5106 et
2268 5053 2554 5107 diaconus.
2591 5050 2734 5116 Quin
2764 5050 2932 5104 etiam
2987 5047 3182 5111 laicus,
3216 5045 3262 5100 si
3296 5052 3546 5113 repertus
3580 5041 3639 5097 in

2053 5148 2170 5204 loco
2199 5144 2386 5214 fuerit,
2425 5144 2654 5199 absente
2684 5143 2995 5198 sacerdote.

2672 5255 2952 5327 Ejusdem.

2122 5369 2179 5425 Si
2212 5369 2408 5423 mulier
2454 5366 2688 5435 peperit,
2740 5373 2797 5419 et
2846 5338 3026 5418 iniaus
3081 5362 3134 5417 iu
3189 5358 3429 5429 periculo
3460 5365 3568 5422 est,
3600 5373 3632 5413 a

2052 5462 2231 5516 tribus
2276 5471 2373 5514 aut
2413 5460 2657 5529 quinque
2705 5454 2919 5521 diebus,
2977 5470 3110 5524 puer
3140 5455 3360 5524 quidem
3396 5466 3494 5523 per
3530 5450 3632 5506 ba-

2053 5552 2315 5624 ptismum
2346 5551 2712 5614 illuminatur,
2767 5547 2861 5603 sed
2896 5547 3004 5600 alia
3052 5547 3245 5601 mulier
3276 5546 3553 5614 baptizata
3578 5553 3630 5593 et

425 5726 445 5757 ³
474 5723 616 5805 idem
641 5735 725 5780 est
747 5739 869 5779 cum
900 5739 1108 5805 canone
1140 5727 1200 5782 l6
1230 5726 1428 5797 prioris
1461 5727 1828 5785 Collectionis.
1910 5729 1929 5759 ⁸
1955 5728 2153 5784 Matth.
2190 5745 2265 5791 γι,
2291 5729 2347 5783 ‘3.
2426 5729 2447 5760 ³
2475 5726 2714 5783 Cononis
2746 5723 2905 5805 hujus
2928 5739 2991 5792 pa
3005 5740 3059 5778 rs
3092 5722 3240 5792 prior
3270 5731 3449 5780 exstat
3471 5735 3635 5792 supra

366 5797 410 5854 in
438 5812 454 5853 ι
482 5794 864 5859 Collect.,cau.
898 5797 985 5853 l5.
