4016 6470
551 347 658 409 863
1501 371 1512 386 ‘
1578 363 1638 423 S.
1673 363 2091 429 NICEPIIORI
2131 364 2635 428 PATRIARCHIE
2673 368 2783 428 CP.
3809 367 3913 427 80

555 455 760 514 innnda
796 460 1020 518 lactabit
1049 478 1194 522 eum.
1227 465 1402 521 Mater
1423 477 1601 525 autem
1639 473 1808 546 ipsius
1832 474 2141 527 cubiculum

2329 477 2468 529 ’.ἀςει
2500 476 2631 530 αὑτό
2658 493 2672 506 ο
2705 478 2739 546 ἡ
2773 475 2830 544 δὲ
2863 474 3048 544 μήτηρ
3073 471 3236 526 αὐτοῦ
3265 471 3341 542 μὴ
3369 471 3632 543 εἰσέλθῃ
3691 473 3812 534 εἰς
3847 474 3915 524 τί

558 567 662 604 non
716 553 1040 624 ingreditur,
1087 558 1139 613 in
1177 575 1284 629 quo
1335 576 1469 630 puer
1496 561 1666 631 jacet,
1714 545 1974 634 usquead
2005 581 2138 635 qua-

2333 567 2498 630 τῶνα,
2539 566 2619 630 εἰς
2647 565 2706 618 ὃν
2731 563 2792 617 τὸ
2827 563 3040 617 παιδίον
3075 563 3384 626 ἀνάκειται,
3419 561 3624 630 μέχρι.
3691 561 3854 613 τῶν
3902 580 3917 630 ι

557 644 924 712 ili-agesimnm
980 650 1144 730 diem,
1193 650 1322 704 dum
1386 664 1612 724 purgata
1665 656 1877 710 scilicet
1932 657 2140 728 integre

2333 658 2486 729 ἱρῶν,
2523 657 2629 720 ἕως
2664 655 2730 710 ἂν
2777 653 3028 726 καθαρθῇ
3067 652 3308 717 τελείως,
3344 652 3441 704 καὶ
3489 651 3696 722 λάϐῃ
3733 650 3919 718 εὐχὴ

557 733 752 801 fuerit,
779 748 833 792 et
869 755 1060 808 preces
1089 758 1120 795 a
1145 745 1430 798 sacerdote
1463 745 1859 816 impetraverit,
1893 763 1992 805 nec
2021 765 2140 804 om-

2333 749 2390 803 ιὰ
2414 752 2508 804 τοῦ
2543 749 2754 821 ἱερέως,
2782 749 2921 819 μήτε
2947 745 3053 817 μὴν
3085 745 3289 817 ἅψηται
3315 743 3652 800 τοσύνολον
3689 741 3919 796 αὐτοῦ

558 841 688 880 nino
722 846 951 899 puerum
979 837 1226 906 attinget.

1209 930 1481 1002 Ejusdem.

2849 925 2957 980 Τοῦ
3002 923 3211 980 αὑτοῦ.

629 1012 686 1064 Si
715 1016 898 1071 adulta
936 1021 1129 1074 nmlier
1156 1023 1301 1079 facta
1337 1025 1649 1098 Christiana
1679 1036 1804 1095 post
1834 1044 2000 1082 unum
2052 1029 2134 1082 vel

2333 1021 2446 1075 Εὰν
2476 1020 2659 1074 τελεία
2690 1020 2829 1088 γυνὴ
2850 1017 3114 1088 γενομένη
3134 1013 3438 1086 Χριστιανὴ
3477 1016 3658 1085 μετὰ
3688 1016 3868 1086 μίαν
3901 1020 3919 1068 1'

553 1109 686 1157 tinos
715 1109 796 1159 vel
838 1122 1208 1180 quotcumque
1249 1113 1369 1169 dies
1401 1131 1576 1184 usque
1631 1117 1700 1172 ad
1758 1127 1990 1187 septem,
2029 1120 2132 1174 sibi

2336 1152 2350 1174 ,
2381 1112 2412 1182 ἢ
2445 1113 2576 1174 ὅσας
2629 1111 2830 1180 δήποτε
2867 1108 3082 1179 ἡμέρας
3125 1107 3292 1178 μέχρι
3321 1107 3429 1159 τῶν
3457 1105 3662 1171 ἑπτὰ,
3701 1107 3814 1178 ἴδη
3855 1107 3919 1158 τέ

551 1209 810 1250 consueta
844 1199 1063 1266 viderit,
1108 1203 1160 1257 in
1191 1203 1352 1258 domo
1391 1221 1488 1260 sua
1513 1208 1963 1264 communicabit.
2027 1210 2133 1264 Ec-

2331 1221 2400 1273 μα
2435 1205 2592 1273 αὐτῇ,
2635 1205 2690 1254 ὲν
2713 1201 2789 1270 τῷ
2820 1202 2953 1272 οῐκῳ
2972 1199 3143 1268 αὐτῆς
3164 1201 3510 1268 κοινωνήσει.
3551 1198 3677 1260 Εἰς
3707 1199 3783 1252 δὲ
3808 1199 3917 1268 τὴι

550 1288 774 1342 clesiaui
805 1307 933 1344 vero
966 1307 1072 1346 ιιοιι
1099 1293 1460 1365 ingredietur,
1491 1299 1663 1353 donec
1691 1310 1920 1370 purgata
1950 1300 2134 1355 fuerit.

2057 1302 2134 1355 ~it.
2237 1294 2536 1365 ἐκκλησίαν
2563 1295 2624 1346 οὑ
2661 1293 2736 1365 μὴ
2767 1291 3009 1361 εἰσέλθῃ.
3049 1290 3155 1354 ἕως
3183 1283 3244 1343 οὗ
3275 1288 3643 1360 καθαρισθῇ·

669 1398 958 1492 ινὶεερΙιοιῆ
983 1389 1366 1474 archiepiscopi
1397 1405 1992 1478 Constantinopolitani.
2234 1411 2255 1462 1

2332 1410 2577 1478 ιηςρόρου
2599 1405 3074 1476 ἀρχιεπισκόπου
3111 1403 3918 1465 Κωνσταντινουπόλεως.

619 1483 774 1572 Quod
808 1522 1060 1578 Oporteat
1098 1517 1348 1584 jejnnare
1395 1519 1696 1574 monachos
1727 1531 1922 1590 quarta
1955 1520 1998 1574 Τ
2003 1537 2132 1593 yro-

2333 1521 2430 1573 Οτι
2457 1519 2540 1573 δεῖ
2568 1518 2857 1589 νηστεύειν
2891 1518 3021 1580 τοὺς
3058 1516 3329 1586 μοναχοὺς
3363 1516 3430 1584 τῇ
3464 1514 3752 1583 Tarpeia:
3793 1513 3917 1579 τῆς

466 1635 474 1643 .
549 1599 702 1666 pliasi
735 1601 892 1666 feria,
923 1617 978 1658 et
1009 1607 1060 1660 in
1091 1606 1415 1678 l’arasceve,
1443 1627 1508 1666 ac
1538 1623 1661 1681 post
1681 1615 2052 1682 pracsanctilic:

2325 1613 2546 1682 ιοφάγυυ
2600 1612 2695 1664 καὶ
2739 1613 2806 1680 τῇ
2871 1611 3228 1680 Παρασκευῇ,
3263 1606 3360 1660 καὶ
3401 1605 3551 1674 μετά
3585 1603 3709 1675 τὴν
3773 1606 3911 1656 τῶν

549 1707 768 1747 caseum
805 1700 1097 1754 comedere
1128 1717 1459 1773 quocunque
1503 1703 1557 1758 in
1591 1703 1714 1760 loco
1759 1707 2126 1776 reperiantur.

2318 1705 2709 1778 νοηγιασμὲνων
2758 1702 3022 1756 deditiva
3075 1699 3280 1754 ἐσθίειν
3325 1698 3518 1770 τυρὸν,
3581 1697 3749 1749 ὅπου
3823 1696 3904 1748 ἂν

549 1782 650 1880 llic
691 1798 874 1841 autem
909 1804 1084 1845 canon
1141 1791 1330 1849 Jacobi
1383 1796 1578 1866 dogma
1622 1806 1678 1852 et
1723 1796 2126 1854 Tetraditarum

2313 1797 2554 1868 ρεθῶσιν.
2621 1779 2947 1864 Ἀνατρέπει
2988 1791 3044 1845 δὲ
3089 1791 3185 1844 καὶ
3232 1784 3388 1853 οὗτος
3429 1791 3460 1841 ὁ
3507 1786 3724 1841 κανὼν
3783 1787 3899 1839 τοῦ

549 1873 800 1931 haeresim
832 1885 1052 1935 evettit.
2103 1903 2119 1912 ‘
2161 1873 2200 1880 ’⁷
2244 1889 2504 1945 Ἰακώϐου
2527 1889 2587 1942 τὸ
2615 1888 2794 1958 δόγμα
2833 1885 2930 1939 καὶ
2957 1883 3054 1956 τὴν
3075 1883 3184 1937 τῶν
3211 1881 3570 1953 Τετραδιτῶν
3610 1879 3890 1950 αἵρεσιν.

579 2053 3877 2098 W

1109 2210 1794 2372 SANCTI
1906 2221 2948 2378 NICEPHORI
3049 2219 3348 2431 CP.
3481 2413 3486 2419 _

1690 2467 2186 2530 BREVIARIUM
2225 2468 2699 2530 HISTORICUM

776 2642 924 2730 DE
1003 2643 1382 2734 REBUS
1451 2646 1861 2738 GESTIS
1932 2649 2236 2742 POST-
2305 2650 2868 2741 MAURICII
2955 2647 3614 2736 lMPERIUM.

1588 2815 1998 2902 BECOGNOVIT
2034 2817 2394 2869 EMMANUEL
2429 2817 2793 2870 BEKKERUS.

1091 3042 1554 3090 ILLUSTRISSIMO
1595 3047 1746 3093 VIRO
1787 3048 2102 3097 GULIELMO
2141 3052 2352 3098 VAIRIO
2384 3049 2669 3096 FRANCIE
2701 3046 3283 3101 PROCANCELLARIO,

1342 3148 1682 3195 DIONYSIUS
1713 3151 2023 3199 PETAVIUS
2069 3157 2105 3198 Ε
2149 3155 2488 3201 SOCIETATE
2531 3153 2681 3197 JESU
2730 3151 3042 3197 SALUTEM.

633 3271 754 3338 Quo
787 3271 1022 3353 primum
1061 3282 1302 3342 tempore
1335 3275 1688 3346 magistratus
1724 3281 2050 3350 amplissimi
2077 3283 2398 3353 dignitatem
2430 3283 2656 3350 adeptus
2690 3293 2770 3343 es,
2807 3276 2900 3332 Vir
2936 3274 3359 3336 lllnstrissime,
3401 3272 3701 3326 communis
3741 3271 3831 3326 liic

558 3357 800 3413 omnium
835 3348 1030 3415 setisus
1077 3360 1196 3426 fuit,
1249 3378 1356 3416 non
1389 3363 1571 3418 minus
1615 3348 1920 3421 litterarum
1971 3348 2334 3424 incolumitati
2377 3348 2546 3436 quam
2569 3367 2780 3434 imperii
2821 3363 2982 3420 saluti
3043 3377 3164 3417 esse
3201 3367 3570 3431 prospectum.
3621 3358 3827 3411 l'ltenim

465 3476 469 3481 -
559 3446 706 3512 quod
737 3445 806 3501 de
827 3447 1139 3502 civitatibus
1170 3464 1199 3502 a
1225 3447 1453 3503 Platone
1488 3452 1694 3505 dictum
1725 3465 1832 3517 est,
1877 3453 2044 3510 multo
2087 3457 2137 3510 id
2181 3457 2356 3526 magis
2389 3457 2454 3508 ad
2488 3455 2685 3508 artium
2721 3453 2900 3507 Studia
2951 3449 3380 3518 disciplinasque
3426 3447 3679 3515 pertinet.
3715 3455 3824 3498 tum

559 3549 656 3586 eas
685 3533 902 3587 demum
945 3533 1133 3590 felices
1166 3534 1400 3600 futuras,
1427 3553 1552 3591 cuni
1585 3550 1679 3592 aut
1709 3541 1986 3609 sapientes
2013 3553 2311 3614 praeessent
2333 3554 2426 3598 aut
2457 3543 2769 3612 Sapientum
2808 3541 2885 3594 illi
2922 3539 3022 3608 ipsi
3049 3538 3140 3605 qui
3175 3544 3471 3604 praesselll
3510 3533 3825 3587 ειυεῑονίιειιθ

563 3630 910 3689 regerentur.
945 3620 1020 3674 Ea
1076 3637 1241 3690 porro
1285 3629 1339 3676 te
1372 3625 1643 3692 sapientia
1714 3627 1992 3683 hominem
2027 3646 2150 3685 esse
2191 3631 2404 3700 qualem
2455 3629 2855 3685 constituendis
2897 3625 3217 3680 civitatibus
3274 3620 3633 3676 adhibendam
3675 3618 3820 3672 Plato

562 3707 798 3770 censuit,
817 3705 1136 3776 jamdudum
1157 3709 1370 3777 publica
1402 3712 1646 3779 quaedam
1673 3714 1856 3783 p0puli
1875 3731 1977 3770 vox
2001 3733 2066 3772 ac
2095 3729 2355 3774 constans
2383 3719 2549 3774 totius
2574 3717 2725 3786 regni
2752 3713 2896 3768 fama
2927 3711 3251 3769 celebravit.
3275 3709 3427 3776 Quod
3465 3711 3631 3778 ipsunt
3688 3708 3818 3762 adeo

565 3794 686 3848 leve
708 3809 817 3848 non
852 3803 938 3848 est
968 3803 1029 3848 nt
1059 3795 1112 3848 in
1139 3809 1204 3849 eo
1235 3796 1540 3853 divinitatis
1569 3799 1780 3870 aliquid
1815 3803 1993 3858 inesse
2038 3815 2227 3860 vetere
2269 3807 2344 3862 sit
2373 3804 2668 3874 proverbio
2713 3802 3039 3857 contritum.
3078 3799 3222 3853 Idem
3262 3812 3390 3850 vero
3434 3796 3596 3850 multo
3625 3797 3816 3848 certius

566 3897 690 3935 cuin
739 3891 994 3936 anteacta
1039 3881 1149 3936 vita
1195 3885 1397 3949 omnis,
1446 3895 1586 3960 tum,
1636 3897 1692 3942 ut
1731 3890 1974 3944 nondum
2005 3890 2076 3947 ab
2105 3892 2288 3948 alieno
2321 3891 2583 3964 suffragio
2629 3890 2962 3954 discedatur,
3016 3885 3337 3957 gravissima
3365 3886 3430 3939 de
3458 3894 3508 3938 te
3534 3884 3812 3954 principum

561 3969 771 4038 judicia
810 3969 1272 4040 comprobarunt,
1325 3987 1560 4042 quorum
1613 3976 1754 4030 alter
1797 3979 2120 4047 amplissimi
2163 3990 2215 4035 te
2245 3981 2459 4036 consilii
2512 3977 2814 4050 principem
2860 3975 3027 4039 fecit,
3073 3975 3212 4030 alter
3245 3973 3312 4028 ab
3345 3973 3504 4026 unius
3541 3972 3812 4038 pI‘OVlllClil}

567 4073 700 4110 cura
745 4059 914 4114 totius
954 4060 1022 4114 ad
1061 4059 1210 4129 regni
1263 4061 1695 4118 moderationem
1743 4066 2038 4122 convertit.
2075 4065 2182 4120 Sed
2231 4069 2320 4122 hic
2351 4077 2630 4134 postremo
2663 4073 2930 4133 quantum
2979 4060 3264 4130 sapientiae
3320 4069 3424 4112 tua:
3477 4073 3591 4112 cum
3639 4059 3805 4126 regina

570 4157 745 4203 matre
779 4152 1048 4204 tribueret
1090 4153 1357 4216 ostendit,
1401 4167 1527 4206 cuin
1569 4156 1730 4209 ambo
1763 4167 1814 4210 te
1845 4156 2053 4211 ultimis
2081 4173 2110 4209 e
2136 4155 2322 4210 Gallia:
2362 4155 2558 4208 finibus
2593 4153 2940 4215 exciverunt,
2976 4165 3138 4218 quem
3175 4147 3539 4202 formidulosis
3569 4145 3804 4215 tempori-

475 4224 481 4230 ’
571 4236 674 4289 bus
704 4236 760 4290 in
798 4238 1036 4306 quadam
1079 4238 1227 4292 velut
1258 4239 1472 4310 imperii
1511 4242 1735 4310 specula
1766 4243 2128 4307 collocarent,
2167 4244 2434 4311 siquidem
2467 4253 2660 4310 pacato
2691 4240 2826 4294 mari
2859 4237 3264 4308 tranquilloque
3307 4235 3446 4289 coelo
3483 4234 3624 4288 facile
3648 4233 3800 4288 cuivis

570 4329 922 4394 gubernatori
947 4327 1211 4395 creditur,
1247 4329 1332 4383 vel
1362 4329 1718 4384 mediocriter
1750 4331 1948 4399 perito,
1977 4331 2030 4386 in
2059 4331 2301 4399 periculo
2324 4346 2484 4385 nemo
2517 4339 2601 4384 est
2631 4327 2722 4397 qui
2757 4342 2862 4382 non
2893 4339 3044 4391 eum,
3077 4323 3122 4379 si
3151 4331 3354 4392 potest,
3385 4320 3628 4385 asciseat,
3657 4336 3794 4390 quem

571 4413 1001 4470 scientissimum
1034 4416 1640 4486 prudentissimumque
1670 4419 1948 4486 cognorit.

641 4501 700 4556 lu
737 4518 846 4572 quo
882 4519 1047 4558 unum
1078 4514 1162 4558 est
1195 4505 1420 4560 minime
1457 4509 1926 4574 praetereundum,
1967 4506 2114 4576 quod
2141 4504 2208 4559 ad
2243 4503 2347 4557 ltoc
2379 4499 2656 4572 negotium
2693 4496 2926 4552 multum
2964 4495 3236 4551 interesse
3269 4493 3464 4549 sentio.
3501 4491 3618 4546 Nam
3654 4491 3793 4561 pleri-

566 4605 678 4657 que
700 4591 790 4657 qui
822 4591 1086 4660 prodesse
1110 4592 1397 4660 "sapientia
1431 4607 1527 4647 sua
1569 4593 1788 4660 publice
1817 4595 2062 4658 student,
2103 4605 2392 4660 operosam
2431 4589 2580 4642 illam
2610 4587 2879 4640 duntaxat
2905 4597 2972 4638 ac
3001 4582 3165 4637 rebus
3197 4580 3450 4650 gerendis
3485 4583 3788 4634 exercitatam

569 4676 853 4741 adhibent,
879 4692 1001 4732 eam
1027 4692 1160 4732 vero
1193 4693 1317 4747 qua:
1343 4679 1396 4732 in
1433 4677 1595 4733 libris
1633 4680 2012 4748 doctrinisque
2047 4681 2313 4743 cernitur,
2349 4687 2612 4744 tanquam
2645 4671 2966 4728 civitatibus
3005 4669 3254 4724 inutilem
3287 4667 3496 4722 feriatis
3526 4667 3788 4722 hominibus

571 4762 911 4830 relinquunt.
941 4763 1023 4818 Tu
1058 4778 1190 4817 vero
1216 4763 1294 4818 sic
1325 4772 1620 4834 utramque
1651 4765 2056 4820 admirabiliter
2087 4767 2400 4834 complexus
2427 4781 2510 4830 es,
2538 4776 2599 4818 ut
2624 4777 2746 4817 cum
2781 4775 2940 4816 nemo
2972 4757 3381 4814 tractandaruin
3413 4771 3578 4812 rerum
3610 4755 3782 4825 majore

569 4847 769 4915 peritia
802 4849 895 4912 sit,
926 4859 1038 4902 tum
1073 4864 1172 4902 usu
1205 4849 1518 4906 litterarum
1559 4867 1622 4906 ac
1654 4853 2018 4922 philosophiae
2051 4854 2233 4908 studio
2257 4854 2342 4908 bis
2375 4851 2714 4921 temporibus
2759 4847 3076 4904 antecellas.

644 4933 798 4990 llanc
827 4937 974 4990 enim
1019 4936 1226 5005 primus
1257 4937 1398 4991 inter
1431 4937 1639 5004 Gallos,
1669 4950 1726 4993 ut
1768 4940 1858 4994 ille
1891 4943 2171 5010 quondam
2204 4941 2258 4994 in
2285 4941 2500 4996 Graecia
2551 4937 2836 5002 Socrates,
2871 4935 3218 5004 languentem
3253 4933 3307 4987 in
3335 4931 3530 4988 scholis
3547 4929 3604 4983 ab
3631 4929 3776 4982 etiosa

570 5023 1035 5093 contemplatione
1075 5039 1288 5078 morum
1320 5026 1387 5080 ad
1420 5025 1712 5082 utilitatem
1749 5043 2022 5097 usumque
2049 5029 2396 5086 transtulisti.
2429 5026 2568 5092 Tum
2597 5042 2660 5080 ea
2704 5025 3057 5081 monimentis
3091 5021 3363 5077 mandasti
3405 5015 3641 5090 plurimis,
3669 5015 3773 5084 qui-

571 5109 673 5164 bus
699 5122 753 5162 et
783 5111 1000 5164 dicendi
1057 5111 1268 5168 civibus
1316 5113 1425 5167 tuis
1454 5123 1510 5168 et
1540 5115 1754 5169 vivendi
1801 5115 1900 5170 tibi
1929 5116 2094 5170 etiam
2127 5133 2192 5171 ac
2225 5118 2452 5187 reliquis
2496 5114 2749 5182 excitipla
2798 5110 3204 5187 praescriberes.
3243 5109 3450 5176 Quibus
3481 5106 3527 5158 iit
3557 5103 3682 5158 libris
3709 5104 3768 5157 ita

573 5197 798 5252 virtutis
831 5207 939 5251 tua“:
966 5198 1260 5268 imaginem
1291 5203 1638 5271 impressisti,
1668 5213 1725 5258 ut
1749 5219 1843 5258 eos
1868 5219 1974 5257 una
2002 5205 2150 5258 velut
2175 5205 2403 5276 pignora
2437 5204 2766 5272 obsidesque
2797 5201 2968 5254 Gallis
3005 5187 3508 5266 traderes;ut‘quze
3531 5205 3602 5246 tua
3624 5189 3770 5246 futura

573 5298 720 5339 esset
761 5287 838 5340 rei
873 5287 1102 5354 publica:
1141 5291 1392 5357 gerenda:
1449 5292 1590 5343 ratio
1615 5329 1630 5354 ,
1669 5300 1926 5360 tanquam
1965 5307 2032 5346 ex
2063 5295 2313 5362 praetoris
2349 5293 2530 5344 edicto
2575 5297 2973 5359 cognoscerent
3021 5301 3196 5354 neque
3227 5299 3348 5338 eam
3402 5295 3607 5352 unquam
3637 5279 3768 5332 licere

572 5375 881 5439 crederent,
917 5389 1081 5444 quam
1110 5386 1225 5430 tute
1260 5379 1356 5431 tibi
1395 5379 1778 5446 iinposuisScs,
1829 5395 2117 5447 personam
2153 5379 2462 5434 detrahere.
2498 5377 2650 5444 Quod
2695 5377 2913 5446 quidem
2955 5374 3160 5444 paucis
3191 5373 3278 5428 bis
3309 5371 3586 5431 mensibus,
3609 5381 3660 5420 ex
3686 5381 3768 5434 qm)

576 5475 815 5529 praeesse
841 5463 891 5516 ei
921 5464 1131 5518 muneri
1179 5466 1415 5534 coepisti,
1466 5473 1684 5536 egregie
1710 5477 1796 5521 est
1831 5482 1861 5520 a
1900 5479 1952 5522 te
1985 5465 2322 5537 perfectum;
2371 5484 2548 5534 neque
2583 5467 2879 5535 quisquam
2928 5464 3162 5528 dubitat,
3209 5460 3507 5530 cuiusmodi
3533 5455 3767 5512 bieciuitia

581 5559 731 5613 sunt,
769 5552 898 5616 quin
933 5551 1082 5606 brevi
1113 5566 1212 5621 per
1248 5564 1298 5606 te
1333 5553 1491 5619 hujus
1523 5554 1734 5622 imperii
1773 5551 1923 5608 saltis
1950 5555 2214 5609 constitui
2252 5571 2316 5609 ac
2343 5558 2518 5626 lcgnin
2552 5557 2853 5609 auctoritas
2887 5551 3196 5622 recuperari
3229 5550 3421 5619 possit.

657 5635 766 5690 llac
796 5648 849 5690 tu
879 5639 1133 5706 graviore
1162 5655 1292 5693 cura
1329 5641 1490 5694 simul
1521 5656 1585 5694 ac
1615 5640 1939 5710 perfunctus
1977 5642 2088 5696 eris
2117 5654 2172 5696 et
2204 5641 2415 5710 majora
2457 5643 2548 5696 illa
2589 5643 2738 5710 regni
2784 5640 3000 5709 negotia
3045 5639 3321 5708 sapienter
3370 5630 3640 5701 explicaris,
3672 5638 3755 5682 tum

589 5730 640 5774 te
665 5723 728 5774 ad
762 5724 874 5776 lucc
925 5735 1144 5789 nostra,
1198 5741 1296 5781 nec
1335 5727 1513 5782 minus
1550 5737 1729 5782 tamen
1766 5731 1830 5781 ad
1864 5730 1999 5783 bene
2051 5729 2310 5797 beateque
2357 5729 2646 5783 vivendum
2696 5728 3003 5782 necessaria
3033 5767 3046 5792 ,
3091 5731 3408 5786 convertes,
3438 5737 3496 5775 ac
3521 5719 3752 5772 litterarum

581 5818 793 5863 tuarum
825 5812 1152 5866 salubritati
1189 5815 1549 5884 dignitatique
1585 5816 1855 5870 consules.
1893 5813 2048 5870 Venit
2085 5819 2227 5870 enim
2278 5818 2410 5873 inibi
2440 5818 2492 5872 iit
2530 5827 2787 5880 mentem,
2827 5814 2918 5882 qui
2955 5824 3078 5868 tuus
3111 5820 3238 5866 ante
3271 5824 3473 5880 paucos
3500 5801 3756 5873 dicsptlrlim
