4016 6438
231 407 347 470 365
1167 410 1261 468 DE
1297 411 1552 471 REBUS
1588 413 1772 472 POST
1813 412 2261 472 MAURICIUM
2299 413 2588 472 GES'l‘iS.
3409 414 3514 475 8C6

235 535 263 569 a
303 531 392 570 me
437 516 657 570 auditus
694 516 894 584 partim
930 519 997 572 ab
1030 518 1150 573 aliis
1182 533 1444 589 exceptus
1479 538 1661 577 sermo
1697 524 1892 586 fuerit,
1925 541 2046 578 cum
2077 533 2131 576 tu
2170 523 2300 577 illud
2330 525 2683 592 proﬁtebare,
2719 525 2851 578 nihil
2886 525 2978 579 tibi
3019 526 3226 592 gratius
3267 541 3510 594 unquam

233 603 520 658 exstitisse
553 604 710 657 bonis
745 605 958 659 artibus
998 607 1307 676 artiumque
1337 611 1547 680 peritis,
1595 625 1772 681 neque
1801 611 1852 666 in
1883 621 2188 679 posterum,
2223 626 2332 680 quo
2365 609 2538 679 major
2591 611 2910 665 sublevandi
2945 622 3090 665 esset
3129 612 3376 676 facultas,
3407 615 3512 667 nlla

235 692 289 743 in
326 705 383 742 re
411 689 746 744 defuturum.

307 777 675 843 Quamobrem
713 786 772 830 ut
815 778 930 846 ejus
962 780 1110 836 vocis
1148 783 1473 852 consiliique
1508 785 1878 850 meminisses,
1941 795 2194 855 tanquam
2244 786 2648 840 admonitorem
2692 785 2921 856 allegavi
2995 785 3361 854 Nicephorum
3409 806 3511 844 no-

235 877 446 944 strum,
493 868 586 935 qui
624 865 718 920 tibi
753 881 876 920 cum
919 869 1172 938 privatim
1219 872 1300 924 sui
1339 883 1450 925 tum
1483 875 1761 927 communi
1809 873 2027 928 nomine
2073 872 2374 926 litterarqu
2405 874 2773 942 patrocinium
2823 875 3086 940 deferret,
3140 877 3300 930 simul
3344 880 3510 932 etiam

235 965 478 1025 rogaret,
507 956 649 1023 quod
681 955 734 1008 in
774 957 839 1010 iis
871 959 1173 1012 tractandis
1205 960 1636 1028 prolitendisque
1670 971 1859 1014 nostra
1895 963 2134 1015 societas
2170 961 2436 1022 elaboret,
2471 972 2682 1030 partem
2715 972 2773 1016 ut
2801 965 2868 1018 ad
2896 981 3014 1019 eam
3044 967 3282 1036 aliquam
3308 967 3516 1020 sollici-

240 1042 444 1097 tudinis
481 1041 642 1111 hujus
675 1043 1180 1114 benevolentiaque
1230 1047 1596 1114 transferres;
1630 1060 1687 1102 ιιι
1721 1049 1788 1103 iis
1818 1050 2016 1118 quibus
2048 1065 2194 1118 saepe
2231 1049 2435 1117 jactata
2485 1058 2570 1104 est
2622 1053 2889 1106 molestiis
2922 1053 3212 1122 perfuncta
3255 1069 3362 1107 non
3401 1063 3512 1108 tant

241 1131 351 1199 ipsa
405 1131 799 1199 conquiescere
857 1131 1047 1200 possit,
1085 1148 1246 1201 quam
1273 1146 1325 1187 et
1354 1134 1613 1189 Ecclesiae
1668 1136 1861 1192 ciliciis
1908 1139 2160 1192 omnibus
2199 1147 2255 1191 et
2298 1139 2672 1192 doctrinarum
2710 1141 2909 1194 studiis
2947 1141 3150 1211 vigiliis
3205 1141 3514 1196 laboribus-

239 1233 344 1286 que
385 1218 500 1270 suis
559 1217 830 1272 commodi
884 1219 1089 1288 aliquid
1145 1220 1362 1276 all‘erre.
1402 1221 1476 1276 De
1525 1237 1613 1277 me
1644 1238 1776 1278 vero
1825 1226 1969 1296 quod
2019 1227 2289 1292 praecipue
2339 1225 2604 1295 postulem
2655 1227 2791 1280 nihil
2845 1237 2947 1291 est,
3008 1228 3112 1283 nisi
3165 1239 3224 1282 ut
3269 1231 3512 1284 audacia:

248 1306 298 1358 in
331 1314 381 1358 te
415 1305 816 1373 interpellando
849 1321 982 1360 mete
1013 1309 1092 1361 sic
1122 1310 1374 1378 ignoscas
1401 1319 1460 1365 ut
1494 1311 1669 1365 amori
1711 1325 1840 1380 erga
1869 1320 1920 1364 te
1947 1311 2326 1380 voluntatique
2377 1312 2583 1368 faveas.
2624 1313 2773 1367 Vale.
2829 1313 3054 1369 Lutetia:
3105 1314 3282 1369 Paris.
3315 1317 3348 1369 6
3389 1317 3506 1369 Kal.

251 1391 386 1462 Sept.
418 1406 471 1444 a.
499 1387 560 1444 D.
598 1389 758 1445 1616.

253 1586 3500 1614 Mm

678 1777 798 1865 D.
875 1775 1381 1869 PETAVII’
1441 1775 1600 1916 AD.
1661 1775 2264 1870 LECTORED

1477 1779 1600 1916 tD.
1661 1775 2304 1870 LECTOREM
2379 1781 3063 1872 PRIEFATIO.

305 1992 596 2063 Nicephori
641 1992 944 2062 epitomen,
992 2007 1155 2062 quam
1191 1994 1283 2048 hic
1324 1993 1420 2048 tibi
1452 1994 1667 2055 damus,
1704 1990 1944 2047 candide
1981 1999 2034 2046 et
2065 1992 2279 2048 erudite
2311 1991 2526 2056 Lector,
2561 1992 2872 2063 accepimus
2895 2008 2922 2046 a
2957 1993 3024 2047 Β.
3053 1992 3114 2048 Ρ.
3143 1993 3346 2048 Jacnho
3389 1995 3509 2050 Sir‘

239 2081 460 2148 mundo,
489 2081 580 2152 qui
613 2093 736 2137 eam
773 2071 961 2137 Roma:
993 2096 1056 2136 ex
1094 2083 1264 2137 veteri
1301 2079 1604 2152 exemplari
1635 2078 1950 2148 descripsit.
1977 2079 2052 2134 De
2077 2087 2302 2134 auctore
2325 2094 2489 2150 porro
2522 2080 2640 2149 ipso
2671 2089 2851 2134 exstat
2881 2079 3060 2134 Photii
3095 2083 3146 2134 in
3175 2082 3506 2138 Bibliotheca

237 2169 636 2237 perhonoriﬁca
683 2169 914 2236 mentio,
955 2184 1061 2238 qua
1097 2177 1151 2224 et
1176 2170 1450 2238 epitomen
1490 2169 1650 2221 istam
1708 2180 2049 2238 magnopere
2095 2168 2465 2232 commendat,
2501 2178 2556 2221 et
2591 2167 2690 2222 hac
2723 2184 2829 2222 una
2879 2169 3260 2224 lucubratione
3295 2171 3508 2241 judicat

239 2272 352 2311 non
383 2271 705 2325 provocasse
757 2259 918 2312 modo
967 2259 1284 2328 superiores
1329 2255 1764 2327 quamplurimos
1823 2258 1916 2309 sed
1969 2255 2127 2324 longo
2165 2256 2355 2308 etianr
2386 2256 2676 2310 intervallo
2739 2272 3054 2326 superasse.
3093 2258 3165 2311 lle
3201 2259 3324 2312 aliis
3373 2274 3506 2314 vero

243 2345 456 2399 relictis
481 2346 548 2398 ab
581 2359 645 2400 eo
669 2344 1020 2410 monimentis
1061 2359 1130 2400 ne
1153 2345 1322 2400 verbo
1362 2342 1582 2414 quidem
1619 2341 1906 2398 meminit.
1947 2341 2022 2395 Ex
2055 2357 2164 2412 quo
2209 2341 2371 2396 dubia
2419 2343 2595 2396 videri
2633 2353 2813 2413 potest
2863 2345 3169 2399 communis
3214 2349 3504 2410 sententia,

243 2445 366 2498 quae
393 2446 514 2485 cum
553 2431 653 2486 hoc
684 2431 994 2502 Nicephoro
1046 2433 1372 2500 scriptorem
1415 2429 1661 2498 ejusdem
1708 2429 1950 2484 nominis
1999 2431 2231 2482 alterum
2286 2428 2593 2494 confundit,
2627 2432 2780 2501 cujus
2823 2433 3027 2492 editum
3074 2443 3159 2486 est
3197 2435 3508 2490 tlltronicon

247 2517 446 2572 Latine
475 2518 603 2572 olim
633 2535 664 2574 a
699 2520 906 2584 multis,
939 2515 1132 2574 Grtcce
1180 2518 1345 2574 etiam
1383 2533 1412 2572 a
1443 2517 1741 2586 Scaligero.
1775 2517 1984 2570 Etenim
2020 2532 2142 2572 cum
2180 2515 2322 2571 inter
2359 2515 2679 2586 Cpolitanos
2727 2520 3012 2587 pontiﬁces
3051 2519 3277 2576 Phatius
3317 2523 3508 2577 eodem

243 2609 295 2660 in
322 2607 594 2662 Chronico
633 2609 970 2672 attineretur,
1003 2607 1151 2662 credi
1182 2615 1364 2676 potest
1391 2622 1499 2660 non
1537 2607 1642 2660 hoc
1663 2619 1788 2659 esse
1813 2605 1882 2658 ab
1907 2617 1971 2657 eo
2008 2603 2314 2672 Nicephoro
2349 2601 2654 2672 profectum
2680 2605 2774 2675 qui
2811 2615 2942 2672 tum,
2974 2623 3098 2661 cum
3145 2609 3248 2663 ista
3284 2609 3512 2666 Photius

249 2695 494 2763 smipsit,
525 2709 556 2748 e
584 2696 694 2749 vita
729 2692 1056 2750 discesserat
1101 2704 1264 2765 atque
1291 2696 1352 2747 ὲν
1383 2694 1586 2762 ἁγίοις,
1625 2702 1685 2747 ιιι
1720 2693 1808 2747 hic
1840 2691 2100 2762 loquitur.
2141 2691 2244 2746 hoc
2286 2700 2370 2745 est
2407 2701 2721 2746 sanctorum
2769 2707 3000 2748 numero
3033 2706 3153 2748 erat
3195 2697 3505 2763 adjunctus.

257 2781 454 2836 Veram
487 2782 602 2836 lleri
631 2791 811 2852 potest
837 2792 897 2835 ut
933 2784 1001 2836 ad
1041 2781 1352 2838 Chronicon
1399 2781 1692 2850 Nicephori
1741 2781 2014 2835 recentior
2047 2780 2136 2834 illa
2169 2794 2364 2834 manus
2395 2779 2678 2846 adjecerit.
2715 2780 3007 2850 Utcunque
3031 2799 3118 2838 res
3155 2783 3337 2845 habet,
3375 2787 3512 2840 nihil

247 2885 357 2921 csse
384 2883 566 2924 causae
610 2870 826 2925 videtur
870 2871 1000 2941 quin
1045 2871 1384 2940 Nicephorus
1424 2881 1611 2925 noster
1663 2869 1975 2938 patriarcha
2022 2867 2115 2922 ille
2150 2868 2224 2922 sit
2268 2867 2360 2938 qui
2401 2877 2486 2922 est
2532 2870 2585 2922 in
2621 2868 2711 2922 illo
2742 2869 3020 2924 Chronico
3069 2873 3261 2928 ordine
3305 2873 3394 2928 78.
3436 2873 3512 2928 De

251 2971 349 3022 quo
380 2957 580 3010 ibidem
641 2957 756 3011 hzec
797 2960 1100 3028 produntur
1131 2976 1145 3012 :
1178 2958 1492 3028 Νικηφόρος
1517 2957 1546 3009 ὁ
1573 2955 1837 3028 ἅσηκρῆτι

1937 2955 2170 3026 μοναχὸς
2235 2956 2477 3024 γεγονὼς
2532 2958 2627 3028 ἔτη
2678 2956 2746 3010 θ’.
2806 2959 2913 3010 Καὶ
2960 2959 3230 3029 ἐξεϐλήθη
3266 2961 3371 3013 ὑπὸ
3409 2960 3507 3014 τοῦ

245 3045 467 3110 ἀσεϐοῦς
488 3046 719 3112 Λέοντος
749 3047 840 3102 τοῦ
884 3049 942 3102 Ἀ
959 3047 1182 3119 ρμένου.
1219 3047 1350 3115 Quae
1367 3046 1559 3102 Latine
1592 3047 1698 3102 hoc
1731 3047 1831 3113 sigt

1922 3053 2042 3097 cant
2075 3060 2090 3096 :
2127 3041 2461 3112 Nicephorus
2495 3060 2528 3096 a
2556 3045 2771 3098 secretis
2801 3049 3092 3100 monac/ms
3127 3050 3262 3101 sedit
3284 3065 3336 3100 α.
3370 3048 3424 3109 9,
3457 3059 3508 3102 et

242 3133 301 3184 ab
333 3134 492 3200 impio
539 3131 712 3189 Leone
764 3136 992 3189 Armeno
1025 3137 1082 3190 in
1116 3137 1364 3190 exsilium
1395 3135 1592 3206 ejectus
1620 3143 1719 3188 est.
1766 3131 1898 3185 Nam
1933 3139 1987 3213 (ξι
2016 3130 2208 3184 unicus
2244 3132 2333 3185 hic
2361 3141 2490 3185 ante
2535 3130 2790 3186 Photium
2834 3133 3142 3201 patriarcha
3186 3134 3509 3204 Cpolitanus

241 3221 367 3283 fuit,
405 3231 464 3276 ttt
493 3221 562 3276 ab
590 3222 682 3276 illo
730 3238 890 3277 nemo
919 3223 1058 3279 alius
1111 3224 1339 3292 intelligi
1381 3223 1644 3292 potuerit,
1677 3229 1734 3276 et
1763 3221 1903 3276 inter
1950 3229 2172 3272 sanctos
2205 3233 2310 3272 non
2358 3217 2732 3272 Gratculorum
2781 3220 3157 3274 assentatione
3205 3221 3378 3274 solum
3413 3225 3509 3276 sed

237 3309 402 3364 etiam
435 3311 708 3362 communi
755 3309 1008 3366 Ecclesiae
1041 3309 1306 3381 sull'ragio
1356 3318 1604 3378 receptus
1641 3319 1725 3362 est
1756 3325 1769 3361 :
1803 3305 1962 3375 hujus
2000 3305 2146 3359 euint
2191 3308 2453 3358 memoria
2509 3321 2536 3357 a
2577 3305 2788 3360 Latinis
2819 3307 2854 3362 5
2903 3308 2982 3364 ld.
3015 3307 3206 3373 Maias,
3236 3324 3265 3362 a
3301 3308 3507 3362 Cra-cis

237 3397 282 3466 4_
311 3391 454 3449 Non.
489 3393 682 3450 Junias
721 3396 1113 3452 ecclesiasticis
1141 3409 1226 3452 est
1251 3404 1572 3452 consecrata
1617 3393 1838 3459 tabulis,
1869 3391 2158 3463 postquam
2187 3407 2216 3445 a
2249 3391 2432 3446 Leone
2474 3394 2716 3446 Armeuo
2763 3394 3098 3449 iconoclasta
3134 3396 3508 3464 perditissimo

237 3487 495 3538 redactus
528 3485 580 3538 in
625 3486 872 3540 ordinem
905 3501 958 3540 a.
989 3485 1054 3542 D.
1091 3487 1218 3549 8?8,
1239 3486 1418 3541 exsilii
1452 3487 1542 3552 14,
1573 3485 1860 3540 felicitere
1898 3482 2038 3538 vivis
2068 3482 2328 3535 excessit.
2365 3481 2610 3548 Quocum
2643 3484 2916 3552 praecipua
2954 3481 3244 3538 Theodoro
3275 3482 3506 3538 Studitze

240 3572 363 3625 viro
389 3571 750 3626 sanctissimo
779 3572 1128 3628 familiaritas
1158 3573 1489 3629 intercessit.
1525 3573 1810 3628 Postremo
1835 3584 2003 3626 unum
2033 3569 2412 3622 admonendus
2431 3584 2512 3635 es,
2539 3566 2856 3639 Nicephori,
2885 3571 3027 3638 quod
3057 3585 3224 3640 penes
3255 3586 3353 3624 nos
3382 3570 3506 3634 luit,

234 3659 610 3728 apographum
640 3662 844 3729 passim
888 3662 1208 3718 mendosum
1239 3677 1304 3716 ac
1331 3664 1686 3730 depravatum
1732 3659 1926 3724 fuisse,
1961 3672 2190 3726 nosque,
2217 3666 2278 3714 ut
2303 3657 2646 3712 tolerabilem
2693 3673 2915 3715 sensum
2949 3659 3296 3726 eliceremus,
3333 3660 3508 3730 pluri-

235 3762 390 3801 mum
422 3746 476 3800 in
506 3749 748 3817 interpre
762 3749 926 3803 tando
959 3751 1240 3804 laborasse
1271 3767 1283 3804 :
1315 3765 1501 3802 verum
1530 3745 1597 3804 ei:
1622 3764 1684 3802 ea
1717 3747 1836 3816 lege
1867 3761 2028 3816 quam
2060 3744 2191 3799 olim
2239 3745 2397 3801 nobis
2436 3745 2821 3815 imposuimus,
2874 3747 3007 3800 nihil
3042 3762 3142 3802 nos
3170 3748 3222 3801 in
3249 3757 3506 3802 contextu

241 3835 367 3900 ipso
407 3843 670 3900 mutasse,
708 3845 907 3904 praeter
955 3835 1229 3891 levissima
1265 3837 1512 3904 quaedam
1558 3834 1891 3903 omninoque
1939 3831 2249 3894 manifesta,
2285 3841 2448 3901 atque
2481 3833 2536 3886 in
2572 3834 2826 3888 omnibus
2877 3834 3240 3906 Pythagorico
3291 3834 3510 3888 decreto

232 3921 508 3988 paruisse,
549 3923 692 3989 quod
723 3937 790 3977 ex
827 3923 1048 3993 Syuesii
1105 3923 1272 3978 Dione
1311 3932 1565 3990 tanquam
1594 3936 1660 3976 ex
1697 3919 1917 3976 Solonis
1963 3919 2164 3974 tabulis
2211 3919 2314 3973 hoc
2345 3919 2466 3974 loco
2518 3921 2902 3988 proferendum
2955 3932 3060 3985 est,
3111 3921 3332 3990 dignum
3375 3936 3510 3976 sane

232 4008 380 4075 quod
408 4009 583 4062 critici
613 4023 815 4063 omnes
843 4019 968 4064 ante
997 4011 1189 4063 oculos
1227 4010 1484 4074 habeant,
1517 4009 1584 4061 ad
1633 4008 1795 4077 idque
1842 4017 2073 4062 conatus
2128 4021 2194 4062 ac
2251 4006 2660 4063 lucubrationes
2699 4014 3114 4065 accommodent
3143 4028 3158 4065 :
3186 4009 3510 4080 Πυθαγόρας

228 4094 572 4164 Μνησάρχου
619 4095 823 4166 Σάμιος
867 4097 1280 4167 ἐπιγέγραπται
1315 4095 1396 4166 τῷ
1431 4095 1602 4166 νόμῳ,
1649 4095 1800 4158 ὅστις
1827 4097 1858 4148 ὁ
1887 4095 2053 4164 νόμος
2085 4095 2186 4148 οὐκ
2223 4095 2290 4166 ὲᾷ.
2323 4097 2439 4158 τοῖς
2477 4094 2708 4165 βιϐλίοις
2747 4095 3043 4164 ἐπιποιετν,
3084 4098 3226 4152 ἀλλά
3255 4098 3509 4168 βούλεται

232 4183 422 4252 μένειν
452 4182 593 4236 αὐτὰ
623 4183 718 4236 ἐπὶ
751 4185 851 4254 τῆς
876 4185 1100 4254 πρώτης
1133 4184 1339 4255 χειρὸς,
1371 4183 1520 4247 ὅπως
1550 4182 1684 4236 ποτὲ
1711 4181 1838 4252 ἔσχε
1867 4182 2038 4253 τύχης
2069 4183 2100 4252 ἢ
2135 4183 2354 4253 τέχνης.

1403 4579 2320 4698 ΠΡΟΘΕΩΡΙΑ.

299 4804 383 4857 Ex
429 4804 672 4857 omnium
734 4803 1128 4872 imperatorum
1183 4818 1413 4858 numero
1467 4801 1742 4857 neminem
1797 4807 2038 4872 reperies
2087 4811 2178 4878 qui
2225 4819 2321 4864 aut
2367 4810 2670 4867 diﬂiciliora
2720 4801 2883 4883 quam
2932 4811 3214 4869 lleraclius
3259 4823 3504 4883 tempora

233 4898 434 4942 nat-tus
465 4887 538 4939 sit
565 4897 660 4940 aut
691 4887 846 4955 plura
881 4885 1376 4956 praestantiamque
1411 4885 1562 4940 brevi
1595 4885 1732 4940 adeo
1779 4888 1956 4955 spatio
2003 4890 2316 4958 perfecerit.
2365 4892 2570 4948 Eadem
2604 4908 2739 4948 vero
2783 4895 2868 4948 illa
2913 4905 3154 4964 tempora
3193 4913 3298 4951 non
3332 4900 3507 4966 magis

230 4971 368 5023 olim
404 4970 665 5023 bellorum
702 4969 1026 5024 tumultibus
1075 4979 1234 5025 erant
1265 4985 1430 5040 quam
1457 4968 1619 5022 hodie
1663 4971 1981 5024 narratione
2007 4972 2119 5040 ipsa
2151 4985 2277 5029 sunt
2313 4985 2476 5046 atque
2524 4991 2789 5030 annorum
2843 4978 2988 5032 serie
3019 4981 3358 5045 perturbata.
3396 4981 3508 5034 Hoc

227 5054 380 5106 enim
412 5054 551 5106 citra
603 5052 862 5106 invidiam
896 5053 1000 5106 dici
1037 5061 1236 5120 potest,
1291 5052 1498 5106 nullum
1533 5052 1640 5106 huc
1671 5066 1844 5120 usque
1869 5055 2189 5116 chronicon.
2249 5059 2476 5112 annales
2523 5061 2705 5116 nullos
2753 5061 3053 5126 exstitisse,
3087 5063 3138 5116 in
3167 5063 3362 5132 quibus
3399 5080 3505 5117 non

229 5139 325 5191 illa
361 5146 696 5206 przepostere
720 5137 996 5206 descripta
1027 5137 1160 5202 sint,
1198 5145 1363 5206 atque
1379 5147 1458 5194 ex
1485 5149 1752 5188 annorum
1781 5133 1862 5189 vel
1895 5136 2290 5206 anticipatione
2316 5141 2397 5194 vel
2429 5140 2754 5214 traiectione
2801 5143 2918 5197 vitii
2952 5143 3155 5213 aliquid
3191 5147 3502 5201 atlhmserit.

228 5219 500 5290 Equidem
551 5230 816 5288 quantum
843 5220 898 5274 in
927 5220 1035 5276 illis
1084 5220 1284 5288 partim
1327 5218 1590 5274 eruendis
1631 5218 1832 5286 partim
1884 5223 2244 5276 emendandis
2290 5239 2471 5290 operae
2512 5226 2813 5292 posuerim,
2861 5225 2992 5278 mihi
3040 5227 3154 5294 ipse
3202 5243 3321 5281 smn
3368 5243 3507 5283 con-

229 5304 380 5356 scius
417 5319 431 5354 :
469 5307 732 5368 quantum
782 5315 947 5378 porro
992 5309 1324 5357 consecutus
1359 5301 1579 5367 fuerim,
1611 5300 1776 5358 malo
1822 5301 1876 5356 id
1918 5302 2150 5356 aliorum
2191 5305 2402 5373 judicio
2451 5308 2760 5378 relinquere
2815 5300 2978 5378 quam
3016 5311 3069 5363 in
3112 5311 3356 5365 oratione
3385 5328 3505 5366 mea

231 5399 459 5454 ponere.

303 5471 579 5521 Auctores
623 5479 752 5522 vero
783 5482 847 5522 ac
876 5467 1044 5523 duces
1074 5467 1298 5523 adhibui
1349 5481 1473 5522 cum
1516 5467 1654 5522 alios
1705 5467 2023 5539 plerosque,
2065 5478 2179 5524 tum
2233 5468 2544 5526 Cedrenum
2572 5487 2638 5528 ac
2673 5471 3084 5544 Theophanem,
3126 5473 3284 5544 cujus
3311 5473 3504 5532 Graeca

232 5551 476 5606 nondum
506 5552 559 5605 in
587 5549 730 5606 hanc
760 5553 902 5606 diem
946 5551 1162 5622 vulgata
1192 5565 1356 5620 penes
1389 5567 1490 5608 nos
1517 5552 1834 5620 habuimus,
1876 5561 1989 5606 tum
2037 5552 2470 5608 Alexandrinum
2523 5555 2838 5612 Chronicon
2860 5557 2996 5613 ‘sive
3026 5555 3222 5614 Fastos
3267 5558 3505 5626 Siculos,

232 5637 376 5701 quos
402 5632 507 5686 hoc
541 5647 684 5688 anno
712 5631 773 5688 Ρ.
807 5633 1096 5690 Μιιιιιιωιιε
1128 5633 1399 5700 Raderus,
1431 5635 1516 5690 vir
1547 5650 1673 5694 cum
1720 5635 1916 5705 primis
1946 5636 2216 5702 eruditus,
2245 5637 2298 5690 in
2329 5636 2506 5692 lucem
2532 5639 2724 5695 edidit.
2761 5639 2965 5695 Horum
3017 5644 3347 5698 auctoritate
3379 5642 3505 5700 freti

231 5729 341 5768 non
373 5717 538 5770 modo
571 5717 702 5786 quid
742 5732 1075 5788 tn-oquoque
1115 5717 1465 5786 imperatoris
1495 5733 1638 5774 anno
1667 5731 1882 5789 gestum
1915 5720 1991 5774 sit
2019 5732 2279 5776 accurate
2309 5721 2684 5787 distinximus,
2717 5738 2906 5779 verum
2947 5726 3135 5792 etiam,
3171 5729 3318 5796 quod
3346 5738 3508 5797 caput

231 5809 336 5863 est,
369 5799 585 5853 cuinam
614 5809 756 5857 esset
780 5800 997 5856 Juliano
1030 5815 1174 5856 anno
1205 5801 1577 5867 tribuendum,
1628 5818 1734 5872 qua
1780 5803 1907 5858 anni
1937 5802 2304 5860 modulatione
2351 5805 2578 5861 annales
2618 5808 2790 5863 nostri
2819 5822 3011 5865 omnes
3036 5825 3100 5864 ac
3131 5813 3502 5881 chronologite
