4016 6460
528 387 631 450 867
1557 379 1618 438 S.
1661 374 2080 437 NICEPHORI
2118 374 2628 438 PATRIARCHA‘I
2666 375 2777 437 CP.
3788 372 3885 431 δε

531 497 797 549 nituntur.
828 492 945 560 Quo
968 492 1186 561 quidem
1220 504 1320 543 nos
1349 488 1545 558 partim
1599 487 1980 546 indictionum,
2019 501 2154 554 quas
2195 487 2301 538 duo
2332 486 2405 538 illi
2434 486 2763 554 posteriores
2797 484 3102 552 ascribunt,
3139 494 3329 544 exacta
3374 494 3579 544 ratio,
3647 495 3899 550 partu

533 592 800 632 annorum
833 583 976 630 notat
1009 574 1151 629 velut
1179 587 1340 626 manu
1372 570 1735 625 deduxerunt.
1771 566 1903 620 Sunt
1943 568 1993 620 hi
2031 567 2169 621 lunae
2197 569 2436 635 Solisque
2474 569 2636 637 cycli,
2672 584 2735 622 ac
2765 569 3085 637 paschatum
3119 580 3173 622 et
3207 569 3471 622 feriarum
3517 567 3901 620 characle

534 661 708 713 rismi.
749 660 988 724 Quorum
1027 656 1311 710 methodus
1349 662 1407 705 ut
1433 651 1612 705 facilis
1656 660 1762 713 est,
1796 651 1875 702 sic
1910 650 2280 703 incredibilem
2319 665 2383 702 ac
2420 665 2586 717 prope
2633 653 2998 705 necessarium
3034 652 3195 705 habet
3240 665 3421 711 nsum,
3460 658 3543 702 ut.
3589 649 3906 702 historia

536 743 929 797 munimentttm
959 756 1022 794 ac
1050 749 1350 806 temporum
1378 735 1564 806 ὄχημα
1596 735 1702 787 dici
1734 736 1927 788 merito
1956 736 2144 802 possit.
2176 732 2453 804 Ejusmodi
2483 734 2628 787 enim
2666 743 2793 788 sunt
2824 743 2882 788 ut
2909 735 3028 789 sine
3059 735 3126 787 iis
3156 735 3208 787 in
3243 749 3528 788 annorum
3569 732 3908 801 designat

537 830 684 881 tione
710 827 999 895 plurimum
1033 825 1274 883 aberres,
1314 821 1420 873 imo
1453 821 1617 872 etiam
1654 821 1945 886 pugnantia
1979 831 2164 871 secum
2195 818 2526 886 minimeque
2558 818 2884 871 cohaerentia
2933 816 3191 886 loquare;
3221 829 3314 870 aut
3341 817 3383 871 si
3420 826 3660 870 tamen
3722 827 3908 868 recti

538 912 717 979 aliqua
747 908 1058 975 digesseris,
1096 907 1146 958 iu
1173 918 1235 957 ea
1272 902 1497 955 fortuito
1532 901 1855 963 incurrisse,
1884 916 1990 953 non
2022 910 2173 953 certo
2199 900 2365 953 animi
2393 900 2596 967 judicio
2629 901 2894 966 delegisse
2928 902 3172 955 videare.
3199 902 3278 954 Ac
3306 915 3426 954 cum
3473 900 3803 953 diversis
3835 914 3908 951 es

539 994 711 1047 initiis
758 993 1143 1059 imperatorum
1174 989 1223 1039 in
1254 985 1431 1041 Fastis
1463 985 1732 1051 descripta
1769 984 1878 1036 sint
1923 992 2185 1050 tempora,
2238 998 2336 1037 nec
2375 985 2443 1036 ah
2471 984 2661 1036 eodem
2701 997 2810 1050 quo
2858 983 2984 1035 anni
3015 981 3215 1036 Iuliani
3266 983 3445 1051 capite
3479 980 3908 1037 Graecorum

540 1075 862 1129 indictiones
894 1074 1129 1138 annique
1177 1077 1513 1136 repetantur,
1565 1082 1788 1119 necesse
1825 1077 1907 1119 est
1933 1066 2182 1119 eumdem
2224 1080 2391 1118 unum
2425 1080 2624 1118 annum
2659 1065 2858 1135 aliquid
2886 1080 2916 1118 e
2943 1064 3156 1120 duobus
3199 1064 3434 1119 Julianis
3479 1066 3908 1130 decerpere.

541 1158 693 1224 Quod
729 1158 829 1210 nisi
860 1170 1030 1207 annos
1068 1154 1210 1214 illos,
1245 1152 1310 1203 ad
1358 1166 1493 1218 quos
1545 1150 1691 1204 velut
1732 1150 1797 1203 ad
1847 1149 2084 1217 regulam
2135 1149 2428 1218 quamdam
2472 1148 2757 1201 historiam
2812 1148 3009 1216 exigis,
3055 1149 3221 1203 certis
3257 1148 3403 1202 notis
3447 1161 3529 1201 ac
3584 1147 3908 1212 vestigiis

541 1241 878 1299 distinxeris,
914 1253 1112 1302 nonne,
1149 1247 1208 1290 ut
1235 1235 1394 1304 paulo
1418 1244 1544 1288 ante
1568 1235 1703 1295 dixi,
1739 1234 1958 1287 ariolari
1986 1248 2049 1286 ac
2077 1233 2322 1286 divinare
2350 1230 2545 1298 sapius
2576 1229 2895 1297 Oportebit?
2928 1231 3035 1284 dici
3068 1232 3158 1283 vix
3182 1239 3361 1299 potest
3392 1229 3657 1298 quoties
3697 1227 3908 1294 lmjus

541 1338 608 1377 ex
637 1321 896 1374 doctrinae
928 1320 1008 1372 vel
1041 1326 1352 1384 contemptu
1397 1316 1478 1367 vel
1527 1315 1957 1367 dissimulatione
2011 1322 2290 1380 peccatum
2328 1313 2396 1364 sit
2435 1313 2501 1363 ah
2546 1312 2857 1365 hominibus
2889 1313 3141 1377 eruditis,
3176 1322 3233 1366 ut
3264 1313 3345 1365 vel
3389 1327 3622 1365 eorum
3688 1326 3907 1363 casus

542 1407 837 1458 admonere
866 1417 964 1455 nos
989 1401 1184 1454 debeat
1207 1409 1263 1450 ut
1291 1401 1341 1450 in
1377 1399 1672 1451 tractandis
1701 1397 2046 1464 antiquorum
2082 1394 2416 1462 temporibus
2443 1395 2507 1446 ad
2534 1409 2656 1446 eum
2699 1396 2881 1447 (illiilla
2909 1395 3072 1449 veluti
3103 1399 3168 1449 ad
3197 1408 3439 1448 normam
3488 1395 3899 1463 exigantur.

545 1488 792 1554 Quodne
825 1487 945 1553 quis
974 1484 1139 1554 gratis
1175 1498 1205 1535 a
1240 1481 1396 1535 nobis
1437 1479 1688 1533 allirmari
1739 1489 1910 1548 putet,
1949 1491 2056 1530 uno
2087 1476 2136 1529 id
2166 1477 2216 1529 in
2251 1476 2501 1544 exemplo
2563 1478 2803 1530 alterove
2844 1478 3255 1545 periclitandum
3287 1488 3388 1539 est,
3436 1492 3513 1530 ex
3571 1477 3658 1530 iis
3718 1490 3901 1542 pra:-

545 1570 731 1624 sertim
765 1584 882 1635 qua:
930 1583 1053 1621 cum
1109 1568 1356 1618 instituto
1405 1572 1590 1617 nostro
1644 1561 1953 1615 necessario
1994 1558 2282 1627 conjuncta
2317 1568 2465 1609 sunt.
2507 1556 2584 1611 Ac
2614 1558 2847 1626 prinunn
2895 1562 3037 1628 quod
3084 1560 3152 1614 ad
3202 1560 3549 1613 indictiones
3607 1558 3889 1622 attinet,

546 1655 745 1722 quibus
773 1653 889 1704 hare
938 1659 1118 1703 nostra
1143 1658 1201 1700 ut
1232 1658 1286 1700 et
1311 1648 1641 1701 recentiores
1695 1658 1886 1697 omnes
1924 1642 2233 1697 Graecorum
2278 1640 2517 1695 hiSIorire
2571 1652 2771 1695 notata:
2823 1650 2966 1706 sunt,
3000 1643 3274 1697 videamus
3317 1643 3446 1711 quid
3488 1644 3572 1697 de
3615 1642 3884 1695 illarum

546 1736 751 1803 epocha
798 1734 1008 1802 magnis
1063 1732 1170 1784 illis
1218 1739 1380 1797 atque
1428 1728 1576 1781 omni
1622 1727 1883 1780 doctrinae
1929 1740 2129 1793 genere
2176 1724 2394 1778 refertis
2449 1724 2500 1778 iu
2543 1726 2844 1779 Annalibus
2900 1724 3226 1794 disputetur.
3285 1724 3379 1781 Sic
3428 1725 3629 1792 igitur
3704 1738 3884 1779 anno

546 1816 752 1873 Christi
798 1816 922 1880 562,
965 1812 1256 1869 Justiniani
1284 1812 1375 1877 56,
1403 1810 1597 1866 scribit
1636 1808 1927 1872 Baronius,
1977 1809 2194 1862 omissis
2235 1808 2489 1875 deinceps
2538 1807 2877 1869 consulibus,
2927 1810 3018 1876 qui
3070 1809 3200 1862 nulli
3254 1808 3368 1864 fere
3412 1816 3746 1875 notantur,
3807 1821 3881 1862 se

549 1901 941 1958 indictionihus
990 1911 1215 1950 usurum
1249 1911 1312 1949 ex
1345 1894 1599 1948 methodo
1639 1891 1998 1959 exemploque
2040 1891 2373 1946 Cassiodori.
2408 1890 2472 1944 In
2502 1907 2603 1961 quo
2635 1892 2769 1944 illud
2808 1893 3150 1957 monendum,
3181 1893 3278 1956 ait,
3310 1895 3455 1963 quod
3491 1894 3610 1947 etsi
3655 1908 3877 1946 nume-

551 1997 625 2038 ret
655 1982 1003 2038 Cassiodorus
1033 1980 1095 2031 ab
1126 1977 1514 2041 incarnatione,
1545 1991 1636 2028 nos
1686 1990 1802 2027 vero
1835 1991 1868 2026 a
1899 1974 2068 2027 natali
2115 1974 2347 2036 Domini,
2401 1992 2537 2028 unus
2580 1975 2823 2045 idemque
2861 1991 3031 2028 annus
3076 1975 3291 2029 Domini
3326 1986 3424 2041 est,
3456 1993 3594 2029 cum
3653 1990 3869 2030 novem

552 2075 758 2122 tantum
795 2081 991 2118 menses
1029 2062 1355 2116 intercedant
1380 2060 1444 2115 ab
1480 2060 1863 2114 incarnationis
1903 2069 2137 2121 tempore
2171 2074 2331 2128 usque
2364 2059 2433 2111 ad
2460 2057 2690 2111 natalem
2730 2059 2900 2127 ipsius
2946 2060 3109 2121 diem,
3138 2068 3245 2113 etc.
3285 2059 3480 2113 Verum
3505 2062 3556 2115 si
3591 2079 3629 2113 ιι
3659 2074 3864 2115 mense

554 2149 847 2212 Septembri
874 2163 1015 2199 more
1049 2145 1312 2213 majorum
1351 2158 1628 2197 numerare
1669 2142 1886 2211 cmperis
1919 2141 2255 2204 indictiones,
2297 2150 2419 2193 tunc
2444 2140 2532 2206 ﬁet
2567 2151 2623 2192 nt
2662 2156 2764 2194 non
2796 2144 2977 2196 eadem
3012 2143 3081 2195 sit
3108 2143 3322 2195 indictio
3363 2147 3496 2199 anni
3532 2147 3605 2196 ab
3651 2147 3859 2197 incar-

554 2232 767 2285 natione
806 2229 1066 2283 numerati
1090 2238 1137 2282 et
1166 2227 1281 2297 ejus
1328 2227 1418 2296 qui
1467 2226 1741 2279 exorditur
1769 2242 1799 2276 a
1838 2226 2071 2291 sejnenti
2122 2223 2288 2277 natali
2325 2221 2561 2275 Domini.
2616 2220 2765 2285 Swpe
2812 2225 2951 2278 enim
2985 2241 3114 2293 opus
3160 2226 3261 2279 erit
3293 2236 3351 2279 ut
3392 2228 3563 2279 unius
3606 2243 3853 2280 nuntero

554 2319 755 2364 Crescat
781 2325 948 2361 annus
978 2327 1007 2360 a
1035 2308 1201 2359 natali
1237 2306 1446 2359 Domini
1478 2313 1712 2357 notatus.
1752 2301 1940 2372 Sicque
1966 2304 2051 2355 hic
2074 2303 2183 2369 ipse
2207 2321 2377 2357 annus
2410 2306 2619 2358 Dontini
2649 2308 3094 2376 quingentesimus
3120 2311 3489 2379 sexagesimus
3523 2312 3845 2367 secundus.

556 2392 652 2446 sub
687 2393 968 2444 consulatu
1018 2389 1207 2443 Basilii
1242 2388 1399 2442 vicies
1433 2386 1615 2449 semel,
1649 2385 1952 2438 indictionis
1984 2385 2198 2438 decima:
2225 2388 2288 2438 ab
2321 2387 2685 2440 incarnatione
2740 2386 2975 2453 Domini,
3009 2390 3149 2443 idem
3176 2392 3242 2443 sit
3270 2391 3596 2443 mdictionis
3652 2391 3843 2444 unde-

556 2477 706 2530 cinia:
734 2493 764 2527 a
799 2472 997 2526 natalis
1028 2482 1276 2537 tempore.
1325 2469 1679 2534 Quamobrem
1717 2483 1834 2520 cum
1879 2468 1976 2519 hoc
2022 2482 2161 2518 anno
2201 2467 2428 2538 (Christi
2465 2468 2588 2535 562)
2638 2471 2856 2523 indictio
2890 2471 3091 2524 decima
3117 2489 3148 2525 a
3175 2472 3499 2526 Cassiodoro
3546 2482 3832 2542 ponatur,

556 2557 837 2613 undecima
889 2556 1127 2623 ponenda
1165 2569 1198 2606 a
1226 2552 1375 2607 nobis
1425 2562 1577 2613 esset,
1610 2552 1724 2621 ipsa
1765 2552 2045 2618 incipiente
2076 2569 2106 2603 a
2145 2566 2319 2603 mense
2368 2549 2655 2618 Septembri
2692 2552 2922 2617 ejusdem
2973 2554 3100 2606 anni
3137 2556 3549 2624 quingentesimi
3596 2557 3835 2608 secundi

558 2640 942 2695 incarnationis
976 2638 1208 2700 Domini,
1238 2638 1328 2705 qui
1358 2636 1639 2689 deducitur
1677 2652 1839 2704 usque
1866 2641 1933 2688 ad
1962 2634 2257 2688 vicesimam
2289 2636 2524 2704 quintam
2556 2637 2748 2690 mensis
2778 2635 2967 2691 Martii
3007 2643 3130 2691 anni
3176 2639 3354 2707 hujus,
3388 2655 3419 2691 a
3449 2655 3558 2708 quo
3590 2648 3835 2708 tempore

558 2736 737 2791 postea
763 2723 1115 2790 sexagesimus
1161 2721 1345 2774 tertius
1387 2719 1571 2786 incipit
1608 2719 1899 2772 numerari.
1936 2716 2063 2771 ila’c
2100 2716 2189 2771 ille
2216 2717 2471 2786 perplexa
2505 2733 2634 2772 sane
2665 2735 2726 2773 ac
2758 2735 2980 2788 prorsus
3021 2721 3446 2776 inextricabilia.
3497 2722 3602 2785 Qui
3645 2735 3833 2775 annos

559 2806 768 2863 Christi
800 2806 868 2858 ab
893 2803 1267 2857 incarnatione
1300 2811 1490 2870 putare
1512 2801 1822 2860 instituunt,
1861 2800 1894 2852 ii
1922 2800 2245 2855 numerandi
2276 2802 2346 2852 ah
2373 2815 2439 2854 eo
2471 2817 2615 2853 anno
2643 2812 2859 2857 sumunt
2902 2805 3187 2856 exordium
3216 2803 3307 2872 qui
3338 2817 3462 2857 atrae
3486 2802 3829 2857 Christiana:

560 2890 770 2958 primus
803 2898 883 2941 est
910 2895 965 2941 et
995 2887 1145 2956 cyclo
1177 2893 1398 2938 notatur
1427 2883 1558 2937 solis
1586 2881 1639 2946 9,
1674 2883 1812 2937 lunae
1843 2884 1896 2945 2.
1934 2883 2227 2937 indictione
2254 2882 2308 2937 4.
2340 2881 2416 2936 Ita
2449 2885 2591 2938 enim
2644 2886 3003 2941 Cassiodorus
3038 2889 3104 2941 ad
3132 2903 3306 2942 annos
3327 2888 3394 2942 ab
3433 2887 3826 2941 incarnatione

557 2971 711 3040 jubet
759 2972 955 3023 addere
982 2969 1037 3032 '5,
1068 2977 1128 3020 ut
1161 2967 1385 3021 indictio
1434 2967 1671 3034 cujusvis
1710 2967 1836 3020 anni
1889 2967 2211 3035 reperiatur.
2269 2968 2441 3039 Igitur
2477 2985 2653 3023 annus
2708 2973 2915 3038 primus
2967 2973 3359 3027 incarnationis
3413 2972 3697 3028 notandus
3734 2978 3825 3025 est

565 3054 859 3109 indictione
887 3059 1101 3118 quarta,
1137 3064 1244 3117 qua
1271 3058 1333 3103 et
1350 3063 1471 3102 terte
1501 3048 1828 3102 Christianae
1858 3049 2065 3116 primus
2095 3051 2340 3118 signatur
2369 3068 2561 3106 annus.
2598 3054 2753 3117 Quod
2800 3056 3020 3123 insuper
3050 3072 3115 3109 ex
3143 3054 3627 3109 decemnovennali
3656 3052 3815 3123 cyclo

563 3147 619 3190 et
649 3137 925 3190 Dominica
956 3133 1225 3203 paschalis
1254 3133 1340 3187 die
1371 3133 1515 3186 illius
1547 3131 1673 3184 anni
1703 3131 1983 3200 probatur,
2015 3147 2177 3203 quam
2210 3134 2262 3187 in
2293 3137 2598 3203 exemplum
2649 3136 2884 3189 methodi
2910 3152 3021 3190 suae
3049 3137 3190 3191 idem
3228 3137 3590 3191 Cassiodorus
3614 3136 3772 3191 aliert
3799 3154 3815 3201 ;

565 3219 657 3287 qui
685 3228 770 3273 est
802 3233 974 3271 annus
1002 3218 1204 3271 Christi
1240 3217 1364 3271 562.
1406 3215 1558 3269 llnnc
1589 3214 1733 3267 enim
1776 3228 1974 3267 annum
2011 3217 2389 3271 duodecimum
2439 3227 2689 3271 numerat
2719 3219 2855 3284 cycli
2897 3219 3428 3282 decemnovennalis,
3465 3234 3574 3288 quo
3602 3216 3815 3273 Pascha

567 3302 822 3356 incidisse
857 3301 1045 3354 scribit
1076 3301 1128 3353 in
1162 3300 1304 3352 diem
1349 3313 1552 3351 nonum
1606 3295 1828 3363 Aprilis.
1863 3295 1994 3361 Qua:
2027 3312 2218 3352 omnes
2265 3311 2403 3353 noue
2448 3299 2727 3355 conﬂuunt
2760 3303 2811 3354 in
2845 3317 3044 3356 annum
3086 3302 3288 3356 Christi
3319 3300 3446 3367 562,
3478 3301 3568 3370 qui
3601 3300 3809 3371 cycluut

566 3388 698 3440 solis
731 3388 916 3438 hahuit
959 3386 1040 3444 ll,
1068 3384 1207 3438 lunae
1240 3383 1327 3444 12,
1349 3382 1704 3435 indictionem
1732 3379 1819 3434 10.
1848 3377 2053 3431 Littera
2082 3381 2430 3435 Dominicalis
2460 3383 2526 3446 Λ,
2555 3385 2837 3437 nemncnia
2868 3386 3143 3453 paschalis
3171 3385 3353 3440 Martii
3377 3384 3471 3450 22,
3506 3395 3693 3455 quarta
3717 3387 3810 3443 de-

567 3471 731 3529 cima,
764 3468 964 3534 Aprilis
1005 3467 1060 3533 4,
1099 3467 1233 3520 feria
1270 3466 1452 3519 tertia.
1489 3462 1628 3532 Ergo
1656 3462 1857 3529 Aprilis
1893 3477 2036 3515 ιιοιιο
2067 3462 2346 3517 Dominica
2384 3464 2654 3533 paschalis
2687 3465 2806 3521 fuit.

643 3552 809 3617 Igitur
840 3553 883 3604 si
914 3566 1089 3603 annus
1136 3564 1257 3602 tera:
1286 3548 1611 3602 Christiana:
1665 3544 2131 3614 quingentesimns
2177 3549 2548 3617 sexagesimus
2604 3551 2898 3617 secundus,
2949 3550 3210 3620 praeditus
3245 3550 3347 3605 fuit
3378 3550 3529 3622 cyelo
3555 3550 3685 3606 solis
3715 3549 3801 3617 Η,

569 3635 711 3690 lunae
741 3635 822 3697 12,
860 3634 1168 3686 indictionis
1204 3631 1290 3693 10,
1317 3641 1371 3685 et
1398 3630 1607 3698 primus
1659 3642 1924 3681 annorum
1956 3626 2159 3683 Christi
2201 3639 2418 3684 notatur
2464 3632 2618 3702 cyclo
2663 3633 2793 3688 solis
2841 3634 3088 3701 decimo,
3157 3634 3300 3689 luna:
3349 3635 3614 3698 secundo,
3657 3633 3798 3688 indi-

569 3721 769 3775 ctionis
817 3726 1035 3787 quarto,
1083 3726 1140 3775 et
1182 3718 1276 3785 qui
1330 3714 1475 3769 hunc
1513 3711 1761 3782 proxime
1796 3711 2097 3779 pratcessit,
2148 3713 2332 3786 cyclos
2378 3715 2567 3770 habuit
2594 3717 2725 3770 solis
2756 3732 2982 3784 nonum,
3023 3718 3164 3772 luna:
3198 3719 3456 3788 primum,
3502 3716 3797 3774 indictionis

568 3801 808 3857 tertium.

532 3976 541 3982 _
643 3907 778 3962 Cum
810 3915 991 3962 autem
1024 3916 1239 3962 veteres
1264 3904 1608 3975 computistte
1642 3917 1813 3957 annos
1842 3902 2045 3959 Christi
2084 3903 2151 3956 ab
2186 3904 2559 3961 incarnatione
2599 3919 2973 3972 numerarent,
3008 3922 3239 3979 eamque
3274 3907 3579 3964 conferrent
3607 3907 3656 3961 in
3681 3904 3789 3976 pri-

573 4004 721 4044 mum
763 4006 964 4044 annum
999 4006 1120 4044 mrar
1153 3988 1499 4052 Christianae,
1555 3986 1717 4040 iidem
1766 3987 2002 4040 natalem
2054 3986 2256 4042 Christi
2305 3996 2428 4057 post
2479 4005 2693 4045 menses
2742 4000 2965 4045 exactos
3015 3986 3208 4047 novem
3266 3991 3592 4061 imputabant
3625 3992 3785 4049 eidem

573 4087 717 4126 anno
764 4072 1056 4140 desinenti,
1111 4073 1424 4129 Decembris
1477 4071 1740 4125 vicesimo
1790 4068 2012 4138 quinto;
2055 4081 2113 4124 ut
2166 4072 2469 4126 incarnatio
2500 4073 2554 4127 in
2588 4074 2838 4127 eumdem
2894 4088 3017 4127 cum
3074 4075 3242 4129 natali
3293 4074 3557 4131 Julianum
3603 4091 3785 4132 annum

573 4156 813 4213 caderet.
849 4160 918 4211 At
968 4168 1152 4228 postea
1191 4156 1386 4211 natalis
1434 4153 1637 4209 Christi
1693 4152 1994 4207 translatus
2042 4163 2127 4208 est
2176 4154 2229 4210 in
2264 4170 2467 4209 annum
2523 4158 2955 4221 antecedentem,
3004 4159 3097 4227 qui
3152 4161 3400 4227 proxime
3454 4161 3782 4217 ChriSIianatn

574 4243 855 4307 praecessit
876 4255 1065 4304 teram,
1093 4239 1166 4293 ita
1208 4248 1267 4292 ut
1309 4237 1450 4293 annil
1470 4235 1667 4290 Christi
1729 4236 1795 4289 ah
1852 4233 2018 4287 natali
2069 4235 2341 4304 prolicisci
2391 4239 2678 4310 cmperint,
2731 4240 2857 4307 quia
2904 4241 3117 4310 primus
3168 4250 3362 4299 octavo
3390 4243 3473 4298 die
3501 4253 3607 4315 post
3642 4253 3781 4300 nata-

574 4321 679 4378 lem
709 4324 847 4379 iniit.

606 4438 610 4442 '
647 4428 764 4484 1am
797 4445 925 4485 vero
957 4428 1097 4497 quod
1128 4430 1193 4483 ad
1227 4429 1581 4485 indictionem
1630 4436 1862 4496 spectat,
1889 4441 1953 4481 ea
1987 4441 2051 4482 ex
2085 4425 2447 4483 Orientalium
2484 4430 2832 4495 institutdab
2865 4430 3169 4499 Septembri
3215 4445 3402 4486 mense
3449 4432 3594 4500 cmpit
3636 4436 3774 4486 exor-

579 4514 725 4568 dium
752 4531 768 4579 ;
801 4525 856 4568 et
888 4515 978 4583 qui
1006 4515 1109 4569 hoc
1135 4514 1306 4569 secuti
1331 4521 1477 4577 sunt,
1512 4521 1747 4580 quatuor
1777 4520 1903 4565 ante
1941 4509 2221 4565 mensibus
2253 4511 2601 4567 indictionem
2635 4525 2828 4580 putare
2856 4524 3142 4583 coeperunt
3171 4528 3332 4583 quam
3357 4513 3446 4582 qui
3481 4514 3538 4569 ab
3555 4514 3774 4569 Kalendis

479 4621 489 4633 -
578 4595 855 4652 Ianuariis
887 4613 1005 4652 eam
1039 4597 1301 4663 auspicati
1356 4605 1483 4649 sunt
1511 4612 1524 4648 :
1558 4608 1834 4663 nunquam
1893 4603 2072 4646 autem
2103 4595 2171 4646 ah
2204 4593 2509 4662 Septembri
2561 4597 2813 4663 ineuntes
2859 4598 3012 4651 illum
3041 4597 3256 4666 elegere
3295 4596 3661 4666 Septembrem;
3690 4598 3768 4665 qui

581 4696 760 4736 nonus
801 4691 945 4735 esset
973 4681 1040 4732 ab
1070 4680 1325 4735 Kalendis
1357 4679 1653 4743 Januariis,
1691 4677 1832 4731 unde
1863 4677 2094 4731 aliorum
2132 4677 2357 4731 indictio
2402 4681 2689 4747 processit.
2727 4680 2799 4735 De
2828 4695 2933 4748 quo
2976 4679 3101 4734 vide
3133 4694 3252 4747 quae
3283 4679 3335 4733 in
3372 4681 3629 4735 undecimo
3652 4681 3768 4735 libro

582 4764 649 4816 de
675 4758 931 4816 Doctrina
962 4774 1271 4831 temporum,
1305 4776 1353 4816 ο.
1381 4761 1476 4827 40,
1506 4762 1640 4815 disi.

655 4863 1017 4931 Quamobrem
1049 4880 1239 4917 omnes
1270 4863 1342 4917 illi
1372 4866 1463 4933 qui
1492 4878 1520 4917 a
1549 4863 1854 4934 Septembri
1888 4862 2208 4917 indictiones
2232 4873 2543 4928 numerant,
2572 4862 2848 4919 Christqu
2878 4882 2942 4920 ex
2973 4866 3179 4937 vulgari
3212 4877 3462 4937 computo
3483 4869 3757 4922 incarnatum

583 4964 707 5002 esse
741 4958 960 5001 censent
1005 4948 1298 5001 indictione
1333 4949 1515 5009 tertia,
1570 4959 1758 5002 natum
1809 4963 1938 5002 vero
1985 4946 2283 5000 indictione
2336 4957 2548 5015 quarta.
2585 4951 2654 5019 At
2683 4959 2895 5003 veteres
2940 4951 3300 5020 compntistaz,
3337 4954 3425 5019 qui
3466 4966 3585 5004 anno
3613 4948 3756 5018 primo

584 5046 709 5086 terte
758 5032 1027 5086 hodiernae
1065 5030 1268 5085 Christi
1321 5031 1747 5084 incarnationem
1796 5046 1860 5085 ac
1926 5030 2158 5083 natalem
2214 5034 2420 5096 pariter
2469 5029 2712 5100 allignnt,
2768 5033 3126 5087 incarnationi
3178 5042 3424 5103 quartam
3472 5031 3753 5085 indictionem
3818 5076 3825 5081 .

585 5115 886 5183 assignant,
926 5114 1089 5166 natali
1138 5115 1404 5182 quintam.
1456 5114 1606 5179 Quod
1641 5115 1685 5167 si
1716 5114 1783 5168 ab
1814 5114 2072 5169 Januario
2101 5111 2184 5166 vel
2212 5113 2282 5166 ab
2308 5121 2501 5166 octavo
2530 5114 2652 5168 Kal.
2701 5114 2913 5183 Apriles
2962 5116 3273 5171 indictionis
3302 5116 3501 5171 initium
3538 5124 3751 5182 repetant.

587 5199 928 5253 iucarnatum
984 5208 1280 5264 natumque
1330 5196 1517 5251 dicunt
1561 5197 1648 5252 vel
1694 5198 1990 5251 indictione
2044 5197 2238 5260 tertia,
2285 5212 2430 5250 anno
2478 5196 2568 5250 illo
2623 5198 2714 5264 qui
2760 5213 2883 5253 arae
2946 5199 3275 5254 Christianas
3336 5200 3546 5269 primum
3594 5210 3753 5251 annum

589 5283 833 5349 proxime
863 5281 1161 5348 praecessit,
1193 5280 1277 5334 vel
1303 5292 1519 5348 quarta,
1552 5282 1596 5336 si
1627 5281 1679 5333 iu
1709 5282 1945 5351 primum
1978 5280 2154 5348 ipsum
2184 5296 2306 5334 terte
2333 5280 2661 5336 Christiana:
2686 5294 2978 5353 utrumque
3011 5285 3327 5353 cenjiciant.

657 5386 734 5441 Ex
766 5388 849 5440 his
879 5388 1101 5442 evidens
1144 5396 1227 5440 est
1258 5403 1361 5442 non
1395 5397 1543 5441 recte
1569 5386 1698 5441 illud
1743 5388 2017 5455 usurpari,
2062 5402 2181 5452 nos,
2225 5388 2316 5457 qui
2347 5387 2415 5440 ab
2443 5387 2607 5443 natali
2655 5404 3003 5444 numeramus
3035 5406 3204 5445 annos
3240 5391 3463 5452 Christi,
3493 5392 3534 5445 in
3561 5389 3750 5445 eumdem

586 5488 708 5524 cum
758 5471 1085 5528 Cassiodoro
1120 5473 1213 5541 qui
1256 5474 1324 5524 ab
1356 5471 1734 5525 incarnatione
1779 5478 1930 5536 putat
1978 5484 2179 5522 annum
2232 5486 2585 5537 concurrere,
2636 5474 2679 5527 si
2726 5474 2944 5541 quidem
2993 5473 3354 5528 Cassiodorus
3409 5474 3749 5527 incarnationem

584 5555 791 5609 Christi
841 5558 1031 5609 statuit
1085 5557 1137 5609 in
1165 5571 1307 5609 anno
1332 5558 1510 5625 primo
1543 5570 1666 5610 certe
1694 5555 2039 5618 Christiana,
2079 5553 2381 5607 iudiCtione
2414 5565 2606 5621 quarta
2646 5558 2885 5620 ineunte,
2914 5557 2957 5609 si
2996 5556 3063 5609 ab
3090 5567 3283 5611 octavo
3310 5556 3431 5611 Kal.
3459 5559 3615 5627 Aprilis
3633 5574 3746 5611 com-

588 5646 779 5702 putare
824 5636 1148 5691 indictiones
1198 5635 1450 5699 instituit,
1507 5649 1604 5687 nos
1654 5642 1832 5686 autem
1867 5633 1921 5685 in
1967 5648 2113 5686 anno
2155 5633 2507 5690 antecedente
2557 5639 2856 5693 indictione
2911 5639 3127 5698 labente
3173 5641 3355 5705 tertia,
3392 5642 3437 5695 si
3473 5641 3743 5697 indictionum

591 5717 1178 5795 epotltam'deﬁgimus
1211 5721 1263 5772 in
1294 5716 1557 5771 Kalendis
1583 5713 1858 5770 Ianuariis
1894 5726 1986 5767 aut
2014 5714 2068 5768 in
2102 5713 2281 5770 Martii
2312 5718 2398 5771 die
2425 5719 2689 5775 vicesima
2722 5722 2931 5791 quinta.
3161 5708 3165 5712 ’
