4016 6430
251 412 369 474 869
1210 409 1308 469 DE
1350 381 1606 471 REBUS
1647 403 2309 470 POST‘MAURICIUM
2350 407 2643 477 GESTIS.
3425 405 3533 467 8το

328 523 576 593 Denique
617 537 793 577 annus
823 522 913 577 ille
940 522 1029 592 qui
1063 538 1092 575 a
1122 523 1453 580 Cassiodoro
1501 525 1725 595 ponitur
1763 528 1830 576 ah
1868 522 2243 577 incarnatione
2293 522 2760 592 quis-gentesimus
2809 519 3181 587 sexagesimts
3234 521 3528 582 secundus,

248 610 358 661 sub
409 606 697 661 consulatu
763 604 953 661 Basilii
995 606 1165 660 vicies
1210 608 1399 669 semel,
1466 608 1760 661 ititlictiovc
1808 599 2029 658 'decima
2096 613 2318 657 notatur
2367 612 2474 655 tam
2524 603 2592 656 ab
2635 603 2719 657 his
2750 602 2838 671 qui
2891 601 3215 657 indictioues
3252 600 3528 664 aMartio.

247 705 419 759 quam
458 688 531 743 ab
564 689 686 743 aliis
728 690 819 758 qui
857 689 925 743 ab
959 689 1274 744 Decembris
1311 692 1397 744 die
1426 689 1498 744 ἓξ)
1534 698 1626 743 aut
1656 689 1918 743 Kalendis
1959 686 2200 739 Januarii
2246 685 2607 752 sequentibus
2653 686 2961 738 ordiuntur.
3008 681 3209 741 Verum
3263 684 3530 750 prioresa

246 773 517 829 Kalendis
568 771 852 827 Januariis
886 771 952 825 ad
989 773 1022 827 8
1054 771 1332 825 Kalendas
1378 774 1592 843 Apriles
1650 772 2000 826 indictionem
2037 769 2484 841 adhue,tcrtiam
2540 768 2827 836 putabant.
2882 767 3300 820 Concurrebaut
3348 776 3528 819 autem

253 859 422 913 ambo
455 857 506 909 iu
553 857 802 911 eamdem
865 854 1216 910 indictioncm
1266 868 1541 924 quartam,
1590 856 1707 924 ipso
1755 855 1841 908 die
1883 852 2295 916 incarnationis,
2349 849 2529 905 Martii
2581 850 2674 915 253,
2708 865 2738 903 a
2766 864 2877 917 quo
2922 851 3134 903 scilicet
3170 848 3529 903 Cassiodorus

258 955 467 995 annum
499 938 707 994 Christi
746 948 1001 994 numerat
1033 940 1533 1008 quingentesimum
1575 939 1972 1007 sexagesimum
2010 935 2329 988 secundum.

327 1044 448 1098 Non
506 1042 672 1112 igitur
721 1043 909 1098 eodem
939 1056 1083 1097 anno
1129 1043 1430 1112 iisdemque
1474 1043 1789 1097 consulibus
1832 1041 1993 1094 ambo
2049 1038 2351 1111 luecinitio
2400 1024 2751 1103 conveniunt,
2796 1038 3189 1094 incarnationis
3238 1039 3445 1093 Scilicet
3478 1049 3535 1095 et

257 1128 455 1183 nalalis
495 1125 732 1180 Domini.
771 1128 872 1193 Qui
910 1127 1052 1181 enim
1091 1142 1118 1177 a
1177 1127 1342 1179 natali
1376 1126 1660 1193 incipiunt,
1697 1125 1797 1178 hoc
1829 1131 1912 1177 est
1944 1123 2015 1177 25
2049 1124 2380 1189 Decembris,
2429 1139 2612 1177 corum
2662 1125 2922 1192 epocham
2962 1140 3067 1177 non
3100 1134 3403 1191 sequuntur
3437 1122 3533 1191 qui

259 1215 325 1266 ab
358 1210 756 1275 incarnatione,
805 1212 909 1267 hoc
956 1219 1041 1262 est
1073 1208 1143 1262 25
1177 1208 1377 1271 Martii,
1435 1217 1745 1270 numerant,
1796 1208 1889 1261 sed
1922 1207 2094 1259 tribus
2131 1207 2407 1260 mensibus
2438 1216 2818 1273 antevertunt;
2853 1216 2911 1260 ut
2953 1218 3007 1261 et
3032 1206 3205 1262 Grzcci
3248 1208 3375 1259 anui
3413 1209 3534 1274 plus

263 1292 512 1355 semisse,
560 1292 675 1357 qui,
718 1295 863 1362 quod
915 1292 997 1346 vel
1038 1292 1190 1359 pueri
1240 1301 1464 1354 norunt,
1518 1292 1842 1344 indictioues
1892 1305 2020 1344 suas
2057 1290 2185 1343 olim
2220 1306 2247 1344 a
2281 1290 2353 1343 ‘25
2383 1290 2740 1359 Septembris,
2802 1301 2988 1358 postea
3043 1307 3173 1344 vero
3203 1307 3232 1344 a
3264 1292 3534 1345 Kalendis

266 1373 440 1428 exorsi
476 1382 623 1427 sunt.
657 1375 811 1441 Qtrod
844 1374 1138 1444 posterius.
1172 1384 1231 1427 ut
1259 1375 1395 1427 alios
1427 1374 1699 1437 omittam,
1735 1372 2031 1441 Gregorius
2061 1372 2359 1445 Κεραμεύς
2390 1372 2875 1428 Taurominitanus
2908 1373 3356 1443 archiepiscOpus
3386 1374 3531 1429 indic

274 1470 350 1512 rat
386 1458 607 1511 humilia
641 1460 721 1521 εἰς
750 1457 850 1530 τὴν
882 1457 1059 1528 ἀρχὴν
1086 1457 1188 1527 τῆς
1221 1457 1475 1510 Ἰνδίκτου
1512 1457 1632 1528 ἦτοι
1662 1454 1757 1509 τοῦ
1786 1456 1911 1509 νέου
1947 1455 2125 1520 ἔτους.

330 1564 598 1620 Caeterum
629 1565 771 1633 quod
805 1565 869 1617 de
902 1563 1259 1617 indictionum
1297 1565 1504 1631 epocha
1538 1562 1670 1626 dixi,
1704 1561 2022 1617 meminisse
2059 1576 2182 1617 cum
2217 1562 2407 1631 primis
2437 1571 2651 1631 oportet
2680 1550 2893 1629 eos‘qui
2923 1561 3238 1617 Graecorum
3277 1560 3534 1615 historias

262 1649 558 1717 attingunt,
602 1648 726 1700 dum
766 1647 1158 1717 imperatorum
1195 1660 1369 1700 annos
1420 1645 1579 1698 simul
1609 1655 1664 1699 et
1698 1659 1820 1698 cum
1875 1646 2264 1700 indictiouibus
2298 1655 2507 1699 etcum
2554 1646 2714 1699 annis
2744 1644 2974 1698 Julianis
3015 1655 3355 1712 comparant.
3397 1644 3534 1697 Nam

263 1737 409 1803 quia
434 1731 695 1786 Kalendis
724 1731 974 1786 Januarii
1014 1748 1216 1786 annum
1260 1732 1469 1795 ineunt,
1508 1731 1559 1783 id
1594 1731 1736 1798 quod
1776 1727 2027 1783 hodierni
2080 1727 2379 1795 scriptores
2415 1726 2643 1791 faciunt,
2690 1742 2889 1780 annum
2951 1728 3258 1796 quemlibet
3289 1742 3350 1780 ea
3386 1727 3535 1780 indi-

261 1817 441 1870 ctione
480 1826 675 1868 notare
705 1814 905 1868 debent
933 1829 1053 1882 qua!
1075 1830 1139 1869 ex
1164 1813 1451 1881 Cpolitana
1479 1812 1737 1865 methodo
1763 1827 1792 1864 a
1816 1809 2076 1864 Kalendis
2116 1808 2453 1877 Septembris
2485 1810 2612 1863 anni
2648 1811 2940 1864 anterioris
2978 1810 3192 1863 initium
3232 1810 3438 1871 habuit,
3478 1810 3531 1862 in

257 1915 417 1966 quam
467 1897 670 1952 Juliani
708 1898 856 1952 ‘anni
909 1898 1269 1965 primordium
1324 1896 1535 1956 incidit,
1591 1909 1699 1948 non
1732 1894 1801 1948 ab
1832 1908 1896 1947 ea
1931 1906 2050 1960 quae
2098 1893 2287 1943 eodem
2343 1906 2490 1945 anno
2544 1892 2762 1947 nonnisi
2792 1893 2825 1946 8
2860 1893 3205 1945 vertentibus
3255 1893 3532 1945 mensibus
3606 1884 3611 1888 ’

259 1981 569 2034 inchoatur.
607 1978 743 2033 Tum
789 1994 919 2033 vero
949 1982 996 2035 si
1026 1981 1118 2048 qui
1154 1981 1511 2047 imperatores
1544 1983 1778 2031 exeunte
1810 1976 1995 2045 aliquo
2044 1990 2187 2028 anno
2231 1974 2447 2029 Juliauo
2496 1974 2784 2045 imperium
2838 1976 3104 2045 anspicati
3138 1985 3287 2038 sunt,
3322 1991 3427 2030 non
3460 1976 3531 2029 ab

257 2066 326 2116 iis
360 2064 739 2131 cognominari
773 2063 919 2118 hunc
949 2077 1176 2130 annum,
1209 2062 1304 2117 sed
1338 2063 1405 2117 ab
1435 2060 1887 2115 antecedentibus
1921 2075 2018 2129 par
2046 2070 2153 2125 est,
2197 2059 2289 2128 qui
2321 2058 2533 2127 majore
2560 2060 2687 2113 anni
2719 2069 2874 2129 parte
2908 2062 3089 2115 adhuc
3123 2061 3351 2130 imperio
3393 2075 3533 2130 pra:-

256 2146 505 2201 fuerunt.

331 2252 459 2307 Haec
484 2252 753 2307 levissima
787 2253 1006 2320 quidem
1041 2262 1189 2317 sunt,
1234 2251 1327 2306 sed
1362 2265 1389 2304 a
1423 2249 1749 2318 quihusdam
1794 2251 1976 2304 minus
2022 2249 2437 2313 animadversa;
2468 2262 2532 2302 ex
2566 2263 2672 2317 quo
2704 2248 2966 2310 Heraclii,
3000 2258 3058 2303 ut
3086 2250 3241 2303 initio
3272 2246 3531 2319 praefatus

258 2351 405 2399 sum,
438 2350 701 2388 annorum
748 2336 882 2388 ordo
919 2334 1275 2387 labefactatus
1322 2341 1427 2396 est,
1479 2331 1749 2401 siquidem
1804 2334 2011 2401 prinms
2062 2334 2204 2388 illius
2251 2348 2424 2386 anuus
2475 2332 2773 2386 indictione
2823 2332 3103 2402 Cpolitana
3146 2334 3312 2400 erepit
3354 2332 3443 2390 Η,
3476 2347 3528 2385 a.

260 2418 321 2472 C.
356 2417 479 2478 6l0,
512 2416 732 2471 Octobri
766 2432 975 2478 mense,
1015 2427 1072 2469 ut
1101 2431 1168 2470 ex
1205 2415 1559 2482 Theophane,
1589 2412 1837 2468 Cedreno
1881 2416 2112 2486 aliisque
2143 2414 2398 2470 constare
2428 2416 2824 2482 potuit.Quare
2854 2430 2996 2468 anno
3023 2424 3307 2482 sequente,
3337 2417 3530 2467 eadem

257 2501 552 2555 indictione
588 2500 807 2554 labente
842 2510 934 2553 aut
961 2500 1183 2553 ineunte
1214 2497 1484 2561 Romana,
1519 2498 1797 2552 numerati
1838 2503 2044 2565 primus
2078 2500 2314 2554 Heraclii
2346 2499 2555 2563 debuit,
2604 2515 2727 2552 cum
2764 2499 3177 2552 antecedentem
3230 2498 3425 2567 majori
3462 2511 3531 2551 ex

255 2597 407 2655 parte
434 2584 635 2639 Phoce
669 2584 703 2638 8
732 2593 1080 2652 occupasset.
1110 2584 1182 2635 At
1210 2583 1283 2635 illi
1318 2581 1553 2635 lleraclii
1606 2588 1900 2635 secundum
1929 2582 2135 2637 Christi
2167 2582 2263 2636 (ill
2305 2583 2610 2651 signarunt.
2643 2582 2716 2634 Ita
2758 2582 2967 2650 priums
2987 2581 3242 2650 ,ejusdem
3292 2585 3533 2650 impera-

255 2666 386 2720 toris
417 2682 597 2721 aunus
627 2666 884 2719 trimestri
918 2667 1096 2733 spatio
1127 2666 1581 2730 circumscriptus
1608 2673 1709 2719 est.
1740 2665 1912 2730 Quam
1947 2666 2121 2720 labent
2153 2682 2275 2720 cum
2303 2667 2554 2720 homines
2583 2666 2784 2720 eruditi
2821 2666 2977 2720 facile
3016 2666 3528 2734 deprehendisscut,

256 2749 324 2802 ita
352 2751 648 2803 emendare
695 2759 824 2804 sunt
872 2750 1108 2817 aggressi
1141 2759 1198 2801 ut
1227 2749 1384 2801 annis
1419 2747 1615 2801 Phocte
1664 2748 1877 2801 nonnisi
1913 2749 1943 2801 7
1975 2750 2264 2803 attributis
2312 2765 2410 2817 pro
2461 2759 2682 2813 octavo,
2726 2749 2817 2817 qui
2848 2751 2899 2803 in
2927 2748 3132 2804 Christi
3174 2748 3282 2803 610
3314 2750 3527 2810 incidit,

257 2832 482 2888 lleraclii
516 2834 541 2889 1
577 2834 974 2900 inscripserint.
1010 2833 1116 2886 Sed
1155 2833 1285 2887 illud
1329 2841 1447 2887 erat
1476 2847 1717 2885 errorem
1751 2832 2025 2898 corrigere
2052 2831 2133 2884 vel
2167 2831 2333 2884 veteri
2356 2830 2533 2899 potius
2560 2846 2757 2884 novum
2786 2842 3035 2885 astruere
3062 2848 3077 2884 :
3100 2846 3223 2895 nam
3252 2841 3307 2883 et
3340 2830 3532 2884 Phoceu

261 2915 290 2968 8
322 2917 561 2970 adimere
589 2926 781 2970 contra
818 2918 1062 2970 historiae
1114 2917 1274 2969 tidem
1326 2925 1433 2977 est,
1480 2932 1639 2983 quem
1670 2923 1883 2969 constat
1911 2915 1944 2968 8
1973 2914 2176 2967 solidos
2216 2928 2409 2977 annos,
2442 2912 2589 2967 binis
2634 2913 2876 2981 exceptis
2908 2913 3211 2976 mensibus,
3246 2911 3526 2982 implesse,
3608 2964 3611 2967 ,

260 2999 329 3053 uti
354 3000 606 3068 pluribus
636 3010 824 3067 postea
855 3000 1384 3072 dcmgnstrabimus.
1423 2999 1531 3053 Sed
1558 3010 1614 3053 et
1650 2998 1994 3053 Constantini
2023 2996 2294 3053 Manassis
2323 2997 2377 3051 id
2401 3012 2590 3052 versus
2616 2996 2847 3061 indicat,

958 3127 1044 3197 ἐφ’
1085 3127 1228 3190 ὅλοις
1260 3127 1438 3180 ἔτεσιν
1467 3126 1613 3181 ὀκτὼ
1642 3125 1869 3197 βιώσας,
1903 3130 2275 3200 τυραννήσας.

249 3262 300 3308 et
329 3272 396 3311 ne
434 3258 515 3311 sic
550 3259 773 3327 quidem
811 3259 1214 3329 insequentium
1248 3275 1514 3313 annorum
1550 3260 1681 3313 vitia
1715 3260 1925 3314 sublata
1960 3270 2108 3315 sunt.
2144 3259 2277 3313 Nam
2315 3259 2551 3314 lleraclii
2586 3260 2819 3329 primus,
2855 3260 2899 3314 si
2930 3259 3234 3315 Romanam
3268 3259 3526 3313 indictio-

250 3352 372 3396 nem
416 3354 672 3406 sequare,
723 3342 787 3393 ad
829 3340 898 3394 H
951 3342 1146 3410 majori
1187 3357 1255 3395 ex
1290 3354 1445 3409 parte
1480 3342 1800 3397 referendus
1843 3351 1948 3396 est.
1986 3342 2275 3398 Secundus
2310 3345 2439 3397 item
2472 3358 2594 3397 cum
2647 3343 2715 3396 14
2748 3343 3111 3412 copulaudus,
3151 3359 3273 3397 cum
3331 3358 3396 3397 ex
3435 3344 3528 3395 illa

250 3437 471 3476 menses
507 3426 756 3490 integros
786 3423 844 3490 9,
877 3439 943 3478 ex
977 3426 1080 3478 hac
1112 3434 1224 3479 tres
1256 3425 1357 3479 sibi
1387 3425 1728 3479 solummodo
1771 3426 2029 3481 vindicet.
2073 3428 2287 3495 Alioqui
2319 3437 2375 3481 et
2411 3427 2604 3481 Phocze
2637 3426 2689 3490 1,
2726 3428 2817 3495 qui
2855 3430 3237 3496 sesquimense
3269 3428 3383 3480 lere
3422 3426 3529 3479 lle-

252 3505 546 3559 racliauam
584 3509 844 3574 epocbam
874 3508 1143 3578 sequitur,
1193 3524 1342 3562 anno
1386 3524 1496 3578 quo
1531 3509 1699 3577 cmpit
1733 3507 1839 3563 60?.
1868 3511 2193 3567 tribuendus
2225 3510 2328 3565 fuit
2352 3549 2370 3578 ,
2404 3526 2568 3581 quem
2608 3511 2772 3566 iidem
2827 3511 2904 3566 illi
2937 3511 3186 3566 Mauricii
3223 3511 3296 3566 ‘20
3336 3511 3531 3566 merito

249 3599 657 3655 nuncuparunt.

315 3692 431 3747 Par
482 3695 611 3748 huic
662 3703 718 3748 et
752 3694 931 3750 afﬁnis
970 3710 1129 3750 error
1175 3697 1229 3751 in
1263 3696 1562 3753 Justiniani
1606 3711 1779 3752 annos
1812 3696 2001 3753 iisdem
2041 3697 2107 3752 de
2152 3699 2335 3753 causis
2369 3698 2631 3767 irrepsit,
2657 3699 2801 3765 quod
2839 3700 3000 3755 annis
3028 3699 3237 3754 Christi
3271 3700 3388 3755 sive
3431 3696 3533 3753 Ja-

248 3778 417 3833 lianis
449 3787 559 3832 tam
592 3778 953 3833 indictionum
983 3780 1138 3834 initia
1169 3796 1333 3850 quam
1371 3782 1586 3851 imperii
1618 3796 1887 3835 annorum
1917 3781 2450 3851 epochtc,perperatu
2484 3783 2781 3851 illigantur.
2819 3783 3050 3837 Creatus
3074 3792 3160 3837 est
3187 3781 3532 3838 Justiniantts

249 3861 556 3932 imperator
606 3859 878 3916 Kalendas
923 3864 1127 3932 Aprilis
1158 3865 1457 3920 indictione
1503 3863 1557 3928 ὅ,
1587 3879 1617 3918 a
1662 3880 1771 3934 quo
1803 3863 1890 3919 die
1923 3875 2134 3934 tempus
2181 3867 2413 3934 imperiii
2456 3876 2815 3925 numeratur.
2848 3877 2907 3920 ttt
2942 3875 3025 3921 est
3064 3867 3116 3919 in
3159 3868 3533 3921 Alexandrino

249 3945 525 4000 Chronico
575 3967 588 4001 :
624 3947 995 4016 astipulantur
1020 3956 1075 4000 et
1099 3948 1463 4018 Theophanes
1499 3964 1564 4004 ac
1594 3949 1943 4003 Marcellinus
1973 3947 2024 3999 in
2059 3946 2352 4002 Chronico.
2390 3949 2580 4002 Annus
2605 3958 2726 4001 erat
2756 3948 2962 4003 Christi
3000 3950 3128 4013 5‘27,
3162 3965 3268 4017 quo
3303 3950 3531 4003 indictio

248 4028 282 4082 5
321 4029 667 4097 Septembris
708 4030 1085 4084 antecedentis
1128 4032 1257 4084 anni
1306 4034 1558 4085 inchoata
1606 4031 1872 4085 decurrit.
1919 4028 2088 4097 llnjus
2134 4030 2481 4097 imperatoris
2530 4047 2582 4083 a.
2620 4022 2673 4096 5,
2714 4039 2774 4084 ut
2830 4041 2915 4084 est
2961 4034 3102 4099 apud
3137 4032 3533 4101 Theophanem

248 4111 553 4166 Alexandr.
593 4112 801 4166 Chron.
838 4124 893 4166 et
925 4113 1093 4176 alios,
1126 4114 1427 4169 indictione
1469 4116 1535 4170 l0
1575 4115 1764 4185 ingens
1790 4113 1941 4184 Cpoli
1978 4112 2240 4166 tumultus
2286 4114 2352 4166 ab
2392 4115 2669 4169 Anastasii
2708 4116 2998 4184 nepetibus
3028 4115 3322 4179 excitatur,
3371 4131 3533 4185 quem

252 4193 420 4249 iidem
467 4196 541 4249 illi
584 4195 867 4251 lusissitne
898 4198 1233 4251 describunt.
1263 4198 1454 4253 Aunus
1495 4199 1584 4252 hic
1617 4199 1670 4252 in
1700 4198 1992 4252 annalibus
2022 4205 2106 4250 est
2135 4195 2335 4250 Christi
2364 4198 2462 4252 531
2491 4216 2505 4263 ;
2541 4199 2594 4251 id
2630 4200 2772 4267 quod
2800 4199 2966 4252 etiam
3001 4198 3274 4254 Calvisius
3313 4210 3535 4254 secutus

250 4287 365 4331 est.
391 4278 462 4331 At
485 4279 631 4332 enim
663 4294 785 4333 cum
816 4279 1044 4335 indictio
1082 4280 1147 4335 10
1184 4282 1399 4336 nonnisi
1432 4298 1484 4334 a.
1519 4281 1616 4336 531
1653 4281 1957 4350 Septembri
1989 4294 2175 4334 mense
2205 4280 2389 4332 inierit
2430 4282 2731 4350 eademque
2759 4296 2813 4333 a.
2847 4280 2953 4334 582
2984 4290 3278 4352 propagata
3311 4283 3404 4343 sit.
3437 4297 3534 4336 ne-

253 4375 411 4415 cesse
435 4372 519 4414 est
548 4362 871 4416 seditionem
905 4362 1053 4417 illam
1086 4366 1189 4417 hoc
1233 4366 1535 4432 posteriore
1569 4380 1736 4429 anno,
1787 4363 1835 4418 si
1872 4364 2089 4430 quidem
2119 4363 2363 4420 Julianus
2394 4366 2695 4433 sequimur,
2730 4365 3049 4435 contigisse.
3099 4365 3253 4431 Quod
3282 4376 3333 4419 et
3366 4364 3536 4421 feria-

253 4458 380 4495 rum
406 4444 753 4498 characteres
783 4444 1112 4499 conﬁrmant
1144 4447 1196 4500 in
1221 4446 1382 4501 Alex.
1408 4446 1689 4503 Chronico
1722 4448 1811 4501 ubi
1838 4446 1945 4500 778
1974 4448 2076 4501 hoc
2104 4462 2245 4499 anno
2268 4444 2517 4500 Januarii
2551 4448 2617 4501 16
2648 4446 2946 4502 Parasceve
2973 4447 3142 4502 fuisse
3170 4448 3448 4511 scribitur.
3480 4457 3536 4503 et

248 4528 511 4592 sequenti
545 4528 636 4582 die
666 4527 990 4593 Sabbatum,
1030 4530 1158 4584 inde
1188 4530 1255 4583 18
1280 4530 1367 4585 dic
1389 4531 1746 4585 Dominicam.
1786 4528 1899 4586 lloc
1923 4545 2055 4586 vero
2085 4546 2189 4585 non
2218 4530 2373 4584 alteri
2404 4530 2640 4600 quadrat
2680 4546 2844 4601 quam
2875 4530 2983 4585 532
3023 4547 3189 4598 anno,
3224 4533 3379 4602 cyclo
3402 4533 3535 4589 solis

253 4609 285 4665 9
312 4610 612 4679 bissextili,
643 4613 827 4669 littera
858 4612 1014 4667 Dom.
1056 4615 1117 4668 D.

227 4743 235 4757 ι
319 4717 410 4771 Ab
445 4721 547 4773 hoc
583 4717 734 4772 fonte
767 4719 821 4774 in
851 4719 991 4775 alios
1031 4720 1275 4789 ejusdem
1310 4721 1657 4790 imperatoris
1692 4737 1866 4777 annos
1899 4721 2146 4777 derivata
2180 4734 2305 4777 sunt
2334 4724 2490 4778 vitia.
2525 4722 2632 4778 Sed
2663 4722 2875 4792 insigne
2906 4722 3010 4777 hoc
3035 4731 3120 4778 est
3156 4738 3267 4792 prae
3300 4727 3536 4779 celeris.

218 4798 415 4857 ,Λιιηο
471 4797 764 4856 Justiniani
836 4801 928 4867 l9,
985 4803 1178 4858 indict.
1238 4803 1273 4859 9
1335 4805 1516 4859 adhuc
1579 4804 1820 4868 labente,
1881 4805 2080 4859 accidit
2143 4804 2431 4859 Paschalis
2495 4805 2821 4876 διαστροφή,
2879 4804 2964 4858 ιη’
3004 4806 3197 4860 scribit
3255 4806 3540 4878 Cedreuus

250 4898 315 4938 ac
391 4880 775 4949 Theophanes.
842 4885 1010 4956 llujus
1083 4888 1248 4941 verba
1307 4888 1592 4953 subjiciam
1646 4904 1662 4941 :
1720 4886 1788 4940 Et
1842 4887 2015 4956 factus
2065 4900 2141 4942 est
2200 4899 2530 4942 terra'motus
2591 4896 2812 4958 magnus
2865 4886 3018 4954 Cpoli
3079 4897 3129 4941 et
3195 4890 3394 4943 eversio
3453 4892 3540 4945 die

248 4974 438 5018 sancto
499 4964 741 5030 Pace/tae,
782 4978 831 5020 et
860 4970 1010 5037 (cepit
1073 4970 1261 5039 vulgus
1322 4972 1586 5024 abstinere
1644 4988 1675 5024 η
1718 4971 1966 5023 carnibus
2004 4987 2178 5023 meme
2234 4968 2527 5025 Februario
2576 4971 2662 5024 die
2700 4970 2756 5024 4.
2813 4967 3117 5035 Imperator
3168 4983 3346 5023 autem
3399 4987 3539 5036 prte-

249 5054 391 5115 cepit
444 5048 554 5101 alia
609 5049 939 5104 hebdomada
978 5068 1189 5105 carnem
1236 5056 1469 5119 apponi;
1509 5066 1555 5107 et
1597 5070 1777 5108 omnes
1821 5055 2063 5106 carnium
2106 5054 2400 5107 venditores
2446 5055 2751 5108 occiderunt
2796 5064 2844 5107 et
2890 5064 3269 5123 opposuerunt,
3304 5066 3350 5108 et
3384 5070 3537 5107 nemo

248 5132 436 5186 edebat
464 5143 555 5184 aut
590 5135 817 5186 emebat.
846 5134 1021 5188 Porro
1047 5135 1251 5189 I’asclta
1279 5136 1481 5205 factum
1512 5146 1588 5190 est
1617 5145 1674 5189 ul
1706 5138 1999 5204 imperator
2016 5137 2205 5204 jussit,
2230 5147 2276 5192 et
2308 5139 2547 5191 inventus
2580 5146 2655 5192 est
2688 5138 2915 5207 populus
2930 5137 3185 5207 jejunum
3212 5138 3539 5191 hebdomade

248 5215 547 5284 superﬂua.
586 5217 659 5269 Ex
687 5219 883 5284 quibus
917 5218 1192 5287 colligitur
1222 5221 1477 5288 populum
1509 5221 1788 5288 praefixum
1812 5222 1879 5273 ab
1906 5221 2242 5288 imperatore
2276 5221 2570 5274 terminum
2600 5221 2941 5275 hebdomada
2974 5222 3146 5276 solida
3180 5222 3532 5292 praevertisse.

249 5295 309 5351 In
340 5298 636 5351 annalibus
664 5300 944 5352 confertur
972 5302 1075 5355 hoc
1111 5301 1165 5354 iu
1199 5318 1247 5353 a.
1278 5303 1339 5355 C.
1367 5302 1493 5355 545.
1537 5302 1731 5356 Verum
1761 5302 2006 5371 sequenti
2034 5302 2194 5370 plane
2219 5303 2442 5371 contigit
2473 5302 2599 5366 516,
2620 5303 2913 5358 Justiniani
2953 5306 3019 5361 19
3044 5306 3284 5357 nondum
3315 5302 3537 5357 evoluto

252 5380 446 5449 (quod
486 5383 662 5450 ipsum
705 5384 1067 5454 scriptoribus
1106 5384 1429 5454 imposuit),
1468 5386 1718 5439 inchoata
1741 5386 1851 5455 jam
1887 5384 2076 5439 indict.
2115 5386 2167 5440 9.
2206 5386 2259 5439 In
2294 5400 2402 5454 quo
2446 5386 2800 5441 vehementer
2840 5388 3250 5443 hallucinautttr
3290 5387 3382 5455 qui
3442 5396 3538 5441 aut

250 5476 501 5515 errorem
529 5463 677 5517 illmn
702 5463 1013 5520 Justiniano
1041 5466 1302 5531 tribuunt,
1329 5477 1421 5521 aut
1448 5469 1610 5521 ullam
1637 5470 1856 5522 omnino
1881 5468 2166 5523 Paschalis
2187 5469 2519 5540 διαστροφήν
2548 5470 2810 5523 accidisse
2832 5474 3100 5537 scribunt,
3131 5473 3207 5526 uti
3232 5470 3537 5535 Cedrenus,

253 5542 619 5615 Theophanes
666 5558 720 5600 et
754 5549 881 5612 alii,
915 5551 1009 5618 qui
1041 5565 1223 5604 secum
1264 5550 1373 5620 ipsi
1402 5551 1690 5619 perSpicue
1738 5560 1996 5620 pugnant.
2032 5550 2245 5606 Etenim
2295 5553 2339 5606 si
2373 5568 2437 5607 ex
2490 5553 2835 5621 imperatoris
2884 5557 3235 5624 prmscripto,
3270 5556 3413 5623 quod
3445 5570 3539 5609 ca-

254 5627 386 5680 noni
420 5641 851 5685 consentaneum
909 5630 1076 5685 fuisse
1111 5649 1233 5687 mox
1270 5635 1649 5699 ostendemus,
1686 5634 1893 5688 Pascha
1923 5634 2255 5689 celebratum
2295 5643 2415 5699 est,
2447 5635 2593 5688 nulla
2626 5635 2744 5705 ejus
2789 5635 3034 5704 profecto
3065 5637 3365 5707 διαστροφή
3395 5635 3531 5701 fuit,

260 5711 357 5764 sed
388 5711 487 5781 τῆς
530 5713 961 5784 ἁποκρεωσεμου
996 5716 1194 5787 ἑορτῆς
1225 5716 1509 5778 duntaxat,
1547 5731 1706 5783 quam
1745 5717 1846 5783 vulg

1984 5716 2295 5783 imperitum
2338 5732 2462 5770 cum
2498 5717 2999 5785 quartadecimanis
3029 5730 3217 5773 contra
3268 5734 3532 5772 canoncm

256 5790 459 5846 inierat
486 5791 771 5849 Februarii
800 5796 849 5852 4.
877 5796 989 5851 lloc
1018 5801 1162 5871 enim
1194 5813 1336 5854 anno
1358 5799 1550 5873 cycjus
1579 5799 1718 5854 luna:
1742 5799 1847 5856 fuit
1868 5799 1954 5867 15,
1977 5800 2161 5871 cyclus
2188 5801 2319 5857 solis
2348 5800 2627 5855 Romanus
2643 5800 2736 5870 25,
2764 5801 2844 5856 lit.
2873 5800 3030 5858 Dom.
3054 5803 3118 5869 (ἶ,
3145 5814 3535 5859 concurrentes
