4016 6452
515 388 616 453 871
1554 381 1614 438 s.
1659 375 2080 438 Ntcnrtmnt
2123 373 2632 433 mmmam:
2673 375 2780 434 cr.
3855 373 3892 432 ε

523 506 640 558 sive
673 499 888 566 Epactrc.
920 496 1048 549 solis
1095 496 1147 562 '7,
1190 494 1527 550 novilnnium
1567 493 1826 561 paschale
1859 493 1924 544 19
1970 490 2171 552 Martii,
2206 490 2471 554 tcrmjnus
2500 505 2628 539 wro
2677 488 2794 541 K'Ii.
2831 491 2958 556 Apr.
2989 503 3002 550 ;
3038 505 3157 554 qum
3194 503 3316 542 eum
3349 490 3882 542 concurrent“

529 589 662 639 dant
695 583 886 636 feriam
923 581 974 634 1.
1011 581 1194 646 Quare
1225 578 1631 648 prorogandum
1666 588 1876 645 tempus
1916 591 1978 628 cx
2017 587 2246 629 cauunc,
2279 583 2331 622 et
2365 573 2566 637 Aprilis
2599 573 2632 622 8
2660 571 2866 622 l’astha
2903 570 3313 634 celcbramlum,
3349 579 3408 624 ιιι
3446 571 3673 625 scivit
3701 569 3764 623 J
3785 587 3898 622 us

527 671 742 722 uiantis.
781 664 992 717 Rursus
1021 680 1083 716 ex
1117 664 1307 715 eodem
1337 660 1556 715 Maximi
1591 669 1847 727 computo
1873 657 2138 710 terminus

2237 674 2261 716 ς
2298 656 2718 722 παρεισῧάσεως
2753 657 2861 706 τῶν
2894 655 3063 722 ἁγίων
3099 655 3364 725 νηστειῶν
3393 656 3536 708 sive
3573 655 3728 723 τῆς
3779 657 3895 706 ἁτ,

524 749 845 820 κρεωσίμου
881 747 1075 816 ἑορτῆς
1113 746 1394 800 Februarii
1424 745 1478 805 ι,
1511 757 1631 810 qua:
1659 757 1784 795 cum
1808 741 2138 810 προσθεταῖς

2229 739 2389 790 tidctn
2417 751 2471 790 et
2498 739 2954 791 concurrentibus
2987 739 3149 790 ttullis
3176 740 3264 789 dat
3291 737 3510 792 feriam
3563 738 3594 790 1
3627 756 3646 804 ;
3696 739 3893 806 proi

526 834 701 899 deque
747 831 1132 884 dill‘undeudus
1178 831 1295 884 dies
1342 829 1394 881 in
1425 829 1458 882 9
1497 825 1806 880 Februarii.
1841 825 1976 880 Cttm
2007 824 2173 894 igitur
2196 820 2427 889 populus
2458 831 2585 875 ante
2625 821 2926 888 legitimum
2959 831 3172 888 tempus
3207 823 3260 873 in
3307 821 3572 888 ipsumet
3626 822 3896 874 ΙρΓιηὶι

428 943 435 952 ι
521 915 791 984 jejunium
829 916 946 966 sive
991 911 1472 980 quadragesimum
1511 908 1590 962 vel
1630 908 1812 976 potius
1840 923 2141 977 πεντηκοντ

2229 904 2354 973 ίτὴν
2387 902 2702 957 inclinasset
2734 903 2892 957 Febr.
2941 904 2996 966 4,
3033 905 3410 958 Celebraturus
3439 904 3722 957 Pascha
3795 904 3894 956 K:

525 998 751 1065 Aprilis,
781 995 1129 1049 Justiniauus
1175 995 1348 1047 etlixit
1374 1008 1439 1045 ue
1474 1000 1599 1046 ante
1634 992 1666 1045 8
1697 991 1898 1058 Aprilis
1940 999 2211 1058 ageretur.
2247 990 2433 1056 Itaque
2471 988 2864 1042 hebdomadcm
2895 1003 3056 1038 unam
3093 989 3158 1040 ad
3190 987 3224 1042 8
3259 987 3560 1041 solemnes
3610 987 3894 1038 addidi

527 1096 635 1148 qua
671 1079 1079 1147 religiosissima
1111 1077 1265 1145 plcbs
1294 1077 1700 1142 interrumpere
1731 1073 1996 1142 jcjuniutu
2029 1073 2201 1126 uoluit
2230 1083 2283 1125 et
2315 1072 2524 1124 oblatas
2549 1085 2742 1148 carpes
2773 1071 3001 1140 respuit.
3031 1070 3304 1124 Crcte'rutn
3344 1071 3396 1122 in
3436 1068 3638 1136 hujus
3699 1071 3892 1138 e-xpl

527 1141 742 1217 catione
775 1141 883 1214 loci
913 1141 1144 1214 miriﬁce
1171 1159 1392 1213 aberrat
1418 1141 1688 1225 Joscpbus
1725 1141 1967 1222 Scaliger
2007 1153 2087 1225 (l.
2117 1154 2150 1208 4
2197 1155 2266 1208 de
2306 1155 2590 1208 Etttendat.
2625 1141 2814 1224 'l'cmp.
2837 1154 2876 1224 ),
2912 1169 3035 1206 cum
3073 1155 3214 1222 apud
3263 1153 3609 1208 Cedrenum
3661 1168 3817 1220 pro
3871 1162 3900 1204 ,ί

528 1249 630 1300 hoc
665 1254 749 1301 est
776 1247 810 1301 4
847 1245 1154 1308 Februarii,
1192 1244 1276 1302 ΙΔ.
1318 1245 1418 1296 hoc
1448 1253 1534 1296 est
1565 1242 1653 1302 M,
1689 1241 1964 1301 rescribit,
1994 1251 2045 1292 et
2074 1238 2144 1292 55
2172 1238 2290 1292 dies
2311 1238 2588 1308 jcjunasse
2621 1238 2878 1308 populum
2913 1249 3077 1304 atque
3115 1238 3184 1288 ab
3209 1250 3306 1290 esu
3351 1237 3639 1289 carnium
3689 1235 3898 1289 absti

527 1331 714 1384 nuisse
759 1329 972 1394 scribit,
1009 1343 1134 1382 cum
1172 1343 1235 1380 ex
1273 1327 1667 1380 consuetudine
1693 1324 1762 1379 46
1787 1329 1996 1376 tantum
2040 1322 2155 1372 dies
2192 1319 2402 1389 jejunio
2443 1323 2556 1376 sint
2603 1322 2873 1376 attributi.
2910 1321 3112 1375 Verum
3155 1336 3219 1375 ex
3269 1319 3494 1374 Maximi
3550 1328 3900 1386 computc

529 1428 689 1478 quem
721 1412 834 1479 ipse.
863 1415 914 1465 in
962 1412 1168 1464 calcem
1198 1408 1322 1462 libri
1347 1409 1430 1460 sui
1458 1407 1712 1477 coniecit,
1742 1404 2030 1459 manifeste
2051 1405 2416 1461 convincitur.
2444 1405 2716 1460 Maximus
2739 1405 2886 1458 enim
2917 1406 2982 1459 ad
3012 1406 3307 1458 eruendam
3331 1404 3434 1474 τὴν
3463 1401 3897 1472 ἁποκρεὼσι

533 1511 633 1565 μον
663 1496 860 1566 ἑορτήν
893 1493 1140 1559 indagari
1189 1491 1368 1560 primo
1401 1489 1556 1556 jubet
1610 1491 1794 1560 cyclos
1840 1487 1972 1540 solis
2020 1500 2082 1538 ac
2118 1485 2260 1539 lume
2299 1501 2366 1541 ex
2403 1488 2578 1542 lunari
2624 1489 2867 1556 periodo,
2905 1497 3020 1540 tum
3052 1495 3474 1542 concurrentes.
3537 1485 3704 1540 Haec
3755 1499 3900 1538 cun

531 1577 887 1646 προσθεταῖς,
915 1577 958 1630 si
995 1576 1118 1628 ulla:
1149 1583 1296 1635 sunt,
1326 1582 1380 1624 ct
1401 1574 1467 1642 τῇ
1501 1573 1766 1640 manui;
1795 1571 1926 1622 dant
1961 1567 2143 1620 feriam

2229 1568 2357 1634 Quod
2381 1571 2424 1624 si
2456 1571 2509 1625 in
2549 1573 2840 1626 terminum
2865 1571 3038 1639 ipsum
3067 1567 3344 1622 Dominica
3378 1567 3508 1622 dies
3551 1570 3886 1620 incurrat

529 1659 942 1713 dill‘uudendum
981 1673 1104 1710 esse
1137 1657 1278 1708 diem
1312 1655 1366 1707 in
1393 1667 1714 1721 sequentem
1745 1652 2103 1714 Doutinicam,
2142 1657 2201 1704 ut
2241 1655 2292 1707 in
2322 1654 2583 1710 Pascltate
2619 1657 2733 1711 lieri
2766 1656 2924 1711 solet.
2958 1653 3122 1708 Addit
3157 1667 3312 1706 usqu
3341 1651 3671 1722 ψηφισμοῦ
3719 1651 3792 1704 in
3845 1667 3883 1702 a

535 1741 773 1796 lleraclii
812 1739 900 1803 51,
942 1739 1034 1809 qui
1077 1748 1162 1793 est
1188 1739 1389 1793 Christi
1421 1737 1544 1790 641.

607 1873 720 1928 Hoc
763 1884 822 1927 ut
861 1873 1077 1942 planius
1109 1873 1414 1941 intelligas,
1451 1873 1593 1927 scito
1628 1871 1848 1928 Gra>cos
1875 1874 2312 1945 Quadragesimre
2347 1877 2614 1945 jejunium
2656 1891 2684 1928 a
2738 1875 3039 1938 Dominica,
3077 1889 3240 1941 quam
3285 1889 3388 1928 nos
3445 1869 3900 1942 Sexagesima:

532 1945 978 2027 vulgojdicimus,
1008 1956 1270 2009 inchoare
1297 1955 1519 2022 solitos;
1553 1956 1696 2024 quod
1726 1957 1946 2024 quidem
1985 1972 2050 2011 ex
2090 1958 2143 2012 11.

2236 1960 2305 2010 mi
2337 1969 2596 2028 computo
2627 1958 2957 2027 colligimus.
2995 1958 3084 2010 ubi
3115 1959 3149 2026 ἡ
3181 1953 3630 2027 ἀποκρεὼσιμος
3677 1954 3891 2025 ἑορτή

533 2042 603 2095 56
637 2042 830 2095 diebus
879 2049 1006 2094 ante
1049 2037 1258 2092 Pascha
1302 2038 1634 2093 celebratur.
1679 2039 1855 2106 Atque
1887 2040 2027 2092 idem
2066 2042 2205 2110 apud
2235 2041 2492 2096 Albinum
2539 2039 2790 2095 Flaccum
2820 2041 3019 2107 legitur
3047 2041 3144 2094 lib.
3179 2041 3246 2093 de
3279 2039 3493 2093 Divinis
3521 2037 3640 2092 00‘.
3687 2054 3754 2093 c.
3809 2041 3897 2088 de

533 2125 792 2190 Septuag.
824 2123 908 2176 his
938 2121 1118 2176 verbis
1141 2139 1154 2174 :
1180 2117 1352 2173 (ἕνατὶ
1374 2123 1668 2188 proximam
1695 2119 2098 2186 hebdomadam,
2117 2126 2171 2178 id
2191 2136 2266 2179 est
2289 2126 2688 2193 sexagesimum,
2717 2125 3050 2191 sanctiﬁcuut
3069 2142 3164 2177 suo
3183 2123 3416 2192 jejunio,
3441 2122 3639 2175 clerici
3667 2124 3893 2177 nos/ri

532 2215 750 2260 auctore
779 2204 1095 2268 Telesphore
1132 2221 1272 2271 papa
1301 2205 1702 2274 sequentem,id
1729 2215 1802 2258 est
1830 2206 2341 2275 quinquagesimum,
2383 2209 2473 2278 qui
2517 2209 2790 2262 constituit
2837 2207 2868 2259 7
2897 2208 3350 2260 hebdomadarum
3388 2205 3677 2275 jejunium
3725 2213 3884 2258 ante

535 2286 768 2344 Pascha.
803 2287 972 2357 Cujus
998 2288 1232 2340 instituti
1265 2301 1329 2341 ea
1363 2289 1501 2340 ratio
1527 2298 1628 2342 est.
1655 2287 1830 2342 (ἓνεροὶ
1857 2288 1942 2340 die
1968 2289 2247 2346 Dominica
2278 2301 2334 2344 et
2361 2291 2602 2343 Sabbato
2631 2305 2738 2344 non
2761 2289 3032 2359 jejunant,
3060 2301 3288 2358 excepto
3317 2288 3568 2344 Saltbato
3599 2304 3876 2358 tnagtto,

537 2385 600 2423 ex
638 2371 960 2440 praescripto
991 2371 1194 2423 veteris
1234 2371 1492 2433 CaIIIOIIiS,
1525 2370 1614 2438 qui
1645 2380 1728 2424 est
1756 2371 1899 2424 inter
1927 2375 2258 2439 apostolicos
2291 2373 2392 2438 65;
2427 2376 2513 2428 cui
2547 2374 2768 2439 quidem
2809 2389 2940 2428 usus
2971 2372 3328 2428 occidentalis
3354 2371 3627 2424 Ecclesia:
3666 2373 3869 2423 dero-

535 2457 702 2523 gavit.
740 2454 912 2522 lgitur
937 2455 1394 2524 quemadmodum
1427 2465 1614 2506 sancta
1653 2453 1896 2507 Romana
1921 2452 2198 2522 Ecclesia,
2221 2471 2343 2523 quae
2367 2457 2466 2527 τὴν
2495 2456 2946 2524 τεσσαρακοστήν
2983 2457 3083 2510 iuit
3111 2471 3141 2509 a
3177 2455 3453 2510 Dominica
3485 2467 3615 2519 quat
3649 2451 3867 2518 Quin-

535 2537 911 2606 quagesitnam
961 2539 1228 2605 sequitur,
1264 2545 1562 2604 quaternos
1595 2535 1712 2604 «lips
1743 2535 1944 2604 adjecit
1967 2548 2020 2591 et
2054 2547 2199 2594 retro
2225 2539 2489 2607 jejunium
2518 2539 2788 2606 promovit
2812 2541 2878 2593 ad
2909 2537 3102 2594 feriam
3141 2539 3196 2602 4,
3232 2553 3391 2606 quam
3417 2547 3592 2606 caput
3625 2535 3855 2603 jejuuii

542 2621 764 2672 rituales
797 2620 920 2674 libri
963 2630 1176 2674 veteres
1205 2620 1514 2696 appellant,
1541 2628 1598 2671 ιιι
1628 2620 1925 2674 Christiani
1953 2622 2020 2675 40
2051 2620 2143 2676 die:

2229 2623 2412 2678 iolidos
2450 2624 2554 2696 τὴν
2585 2625 2984 2694 νενομισμένην
3028 2625 3244 2693 ἁποχήν
3289 2638 3394 2678 non
3436 2621 3603 2676 modo
3639 2620 3856 2690 κρεῶν

539 2697 724 2756 verum
762 2704 926 2756 etiam
973 2703 1080 2758 cibi
1122 2694 1304 2756 omnis
1333 2703 1660 2767 observent,
1693 2714 1978 2772 propterea
2019 2705 2160 2772 quod
2193 2719 2223 2758 a
2263 2694 2542 2760 Dominica
2577 2707 2645 2763 40
2683 2707 2749 2760 ad
2781 2705 3078 2762 Sabbatum
3117 2716 3368 2761 sanctum
3413 2705 3534 2758 dies
3569 2717 3712 2758 sunt
3743 2705 3848 2763 4:2,

539 2783 606 2836 de
641 2785 838 2852 quibus
872 2783 905 2838 6
942 2785 1240 2839 Dominicis
1269 2785 1625 2855 ὰνηστεύτοις
1663 2788 1934 2854 exemptis
1962 2787 2031 2840 56
2067 2784 2332 2844 duntaxat
2363 2791 2564 2845 residui
2590 2803 2720 2846 sunt
2745 2791 2762 2862 (
2791 2793 2912 2846 ideo
2941 2789 3191 2860 quaterni
3225 2789 3300 2844 illi
3342 2789 3458 2844 dies
3484 2797 3644 2840 extra
3677 2787 3854 2840 ordi-

540 2883 665 2920 nem
700 2869 1042 2940 arrogandi),
1074 2871 1148 2924 ita
1183 2869 1359 2925 (ἓτωοί
1384 2909 1400 2934 ,
1434 2869 1527 2937 qui
1562 2868 1814 2946 Sabbatis
1844 2885 2094 2940 peritique
2125 2887 2190 2928 ac
2223 2871 2520 2928 Dominicis
2546 2890 2650 2928 nou
2677 2876 2920 2946 jejunant
2947 2917 2960 2940 ,
2995 2873 3330 2942 proindeque
3359 2871 3426 2926 de
3459 2869 3529 2924 56
3557 2870 3776 2923 diebus
3814 2870 3852 2920 6

541 2949 679 3004 alios
710 2962 801 3004 aut
829 2951 1018 3006 saltem
1049 2953 1082 3006 5
1109 2953 1430 3022 decerpunt,
1464 2951 1528 3004 10
1558 2952 1675 3005 dics
1707 2966 1772 3004 ex
1801 2955 2252 3011 antecedentibus
2279 2966 2530 3026 repetunt
2557 2966 2613 3012 et
2645 2961 2947 3014 anteriores
2977 2956 3341 3014 hcbdomades
3366 2955 3507 3008 duas
3529 2951 3844 3018 adjiciunt,

540 3047 611 3088 ex
649 3035 852 3100 quibus
885 3034 1186 3090 Dominicis
1216 3036 1426 3089 duabus
1458 3037 1790 3103 totidemque
1822 3035 2075 3091 Sabbatis
2103 3043 2389 3108 expunctis
2418 3039 2486 3094 10
2517 3051 2644 3095 sunt
2678 3042 2931 3096 ἀπόσιτοι
2964 3043 3100 3104 dies,
3127 3037 3264 3092 adeo
3293 3047 3351 3092 ιιι
3378 3037 3656 3089 universae
3685 3035 3843 3087 ἁπο-

537 3117 846 3188 κρεὼσιμοι
877 3119 995 3172 dies
1025 3119 1137 3173 sint
1162 3119 1255 3182 56,
1297 3119 1550 3171 ἀπόσιτοι
1591 3134 1718 3172 vero
1757 3118 1826 3172 40
1860 3121 1940 3171 vel
1984 3121 2074 3174 41.
2114 3120 2143 3172 [1

2229 3121 2310 3174 bis
2340 3133 2491 3188 patet
2520 3123 2862 3190 Cp‘olitanum
2891 3122 3150 3192 populum
3185 3133 3289 3172 non
3338 3117 3407 3171 55
3445 3119 3558 3169 dies
3587 3132 3693 3184 pro
3733 3116 3836 3180 46,

539 3209 600 3255 ιιι
627 3212 781 3270 putat
823 3202 1088 3271 Scaliger,
1123 3201 1217 3256 sed
1254 3216 1350 3270 pro
1387 3201 1454 3253 56
1483 3201 1736 3268 legitimis
1765 3202 1834 3255 05
1862 3217 1891 3256 a
1922 3204 2179 3258 carnibus
2215 3204 2560 3258 abstinuisse.
2593 3207 2646 3257 Id
2678 3193 2851 3274 ipsum
2884 3216 2938 3258 et
2981 3219 3047 3259 ex
3072 3203 3386 3256 Graecorum
3424 3199 3723 3268 horologia
3750 3199 3840 3252 di-

539 3284 810 3350 dicimus;
848 3285 1010 3354 idque
1039 3284 1280 3353 iusuper,
1312 3282 1650 3336 Dominicaut
1688 3283 2143 3353 Quinquagesima

2229 3288 2390 3339 'ocari
2420 3290 2486 3338 ab
2529 3289 2596 3341 iis
2624 3287 2722 3359 τὴν
2749 3289 3042 3357 Κυριακὴν
3085 3285 3187 3353 τῆς
3213 3284 3542 3352 τυροφάγου.
3577 3283 3831 3336 Causam

540 3369 749 3420 addunt
782 3369 882 3421 hoc
909 3369 1118 3421 scltolio
1153 3383 1168 3420 :
1203 3367 1417 3421 Εῐδέναι
1439 3368 1544 3438 χρὴ
1569 3368 1649 3419 ὅτι
1679 3369 1744 3437 τῇ
1777 3369 2010 3437 Τετρὰδι
2037 3369 2132 3421 καὶ
2162 3367 2496 3438 Παρασκευῇ
2529 3369 2631 3438 τῆς
2659 3371 2972 3440 τυροφάγου
3006 3370 3142 3438 μετά
3173 3368 3271 3436 τὴν
3303 3366 3346 3416 θ’
3377 3365 3631 3433 ἐσθίομεν
3655 3367 3831 3436 τυρὸν

539 3449 638 3502 καὶ
668 3449 752 3501 didi
774 3449 863 3502 διὰ
885 3449 1010 3514 τοὺς
1054 3451 1369 3512 Ἰακωὸίτας
1403 3449 1500 3503 καὶ
1529 3449 1880 3518 Τετραδίτας,
1919 3450 2062 3501 κατὰ
2094 3450 2186 3504 τὸν
2217 3452 2419 3505 κανόνα
2445 3451 2538 3504 τοῦ
2577 3454 2634 3504 ἐν
2667 3453 2844 3519 ἁγίοις
2883 3451 3094 3522 Πατρδς
3121 3450 3280 3520 ἡμῶν
3305 3449 3622 3517 Νικηφόρου
3657 3451 3829 3503 Κων-

550 3532 1074 3594 στωντινουπόλεως.
1112 3533 1478 3599 Quamobrem
1507 3544 1632 3585 aute
1673 3547 1922 3601 magnam
1953 3533 2425 3602 quadragesimam
2455 3535 2669 3587 mollius
2701 3537 2984 3604 latiusque
3025 3532 3288 3604 jejunium
3322 3541 3426 3584 est.
3459 3529 3666 3584 Idcirco
3716 3531 3824 3586 Do-

542 3615 802 3668 tniuicatn
843 3615 1274 3682 quadragesima
1321 3627 1519 3668 vocant
1557 3614 1781 3685 πρώτην
1809 3614 1920 3667 τῶν
1954 3633 2137 3686 νηστει

2260 3618 2378 3688 ἢτοι
2423 3617 2523 3687 τῆς
2554 3619 2888 3687 ὀρθοδοξίας.
2933 3620 3111 3687 Atque
3163 3619 3264 3670 ltoe
3305 3630 3470 3668 unum
3505 3617 3820 3686 exemplum

541 3696 792 3750 st-ctariis
837 3712 901 3749 ac
940 3697 1038 3766 τῆς
1073 3697 1529 3767 τεσσαρακοστῆς
1559 3698 1834 3759 osoribtts,
1869 3699 1912 3752 si
1953 3714 2016 3751 os
2065 3698 2232 3752 ullttm
2265 3701 2570 3764 haberent,
2617 3719 2737 3754 eum
2788 3701 3010 3754 silentio
3046 3700 3305 3768 pudorem
3351 3697 3585 3749 incutere
3619 3701 3814 3767 potuit.

613 3776 770 3831 Nune
796 3788 1094 3846 antequam
1137 3781 1201 3832 ad
1225 3779 1521 3846 Nicepltori
1548 3781 1880 3834 breviarium
1903 3781 2212 3850 aggrediar,
2245 3782 2375 3835 libet
2399 3784 2502 3837 hoc
2529 3783 2649 3836 loco
2675 3785 3060 3850 chronologica
3091 3780 3308 3853 synopsi
3337 3779 3541 3847 priorcs
3565 3781 3813 3839 lleraclii

539 3863 804 3914 duntaxat
832 3876 1004 3916 annos
1035 3864 1502 3931 comprehendere
1527 3903 1540 3926 ,
1589 3864 1641 3916 in
1675 3864 1888 3932 quibus
1921 3865 2260 3932 potissimum
2307 3866 2644 3919 illustraudis
2679 3881 2900 3935 operam
2943 3867 3222 3936 posuimus
3244 3903 3259 3928 ,
3293 3871 3350 3914 ιιι
3384 3863 3638 3916 historica
3667 3865 3808 3918 scrie

538 3953 818 4013 perspecta
850 3942 1066 3999 facilius
1101 3961 1222 4012 quae
1251 3961 1280 3999 a
1311 3948 1468 4000 nobis
1495 3946 1818 4013 disputanda
1847 3956 1973 3999 sunt
2012 3947 2186 4000 lector
2211 3947 2504 4018 intelligat.

1123 4166 1503 4229 SYNOPSIS
1549 4165 2191 4230 CHRONOLOGICA
2236 4168 2622 4230 IIISBACLH
2667 4170 3062 4231 ANNORUM
3123 4172 3220 4232 18.

536 4363 693 4432 Anno
725 4377 940 4432 Domini
970 4377 1100 4445 610,
1139 4377 1458 4458 Ιρτιῑι·ι.“1ἰ²›ἐ
1489 4377 1681 4432 Phocw
1713 4379 1768 4441 8,
1801 4377 1948 4448 cyclo
1975 4378 2124 4434 'lume
2153 4391 2201 4447 Λ
2304 4381 2600 4452 Epiphania
2635 4383 2867 4441 lleraclii
2899 4384 3010 4438 lilia
3049 4387 3290 4442 nascitur
3335 4385 3456 4441 Julii
3489 4389 3535 4452 7,
3578 4391 3664 4445 fer.
3713 4392 3781 4458 ις

1178 4449 1233 4514 5,
1268 4449 1394 4502 solis
1428 4451 1481 4502 5.

2229 4449 2362 4545 (ιυαέ
2381 4449 2570 4530 eadem
2605 4476 2840 4532 Eudocia
2869 4481 3032 4533 dicta.

613 4559 724 4664 line
755 4558 1160 4664 a-nnuonS-ergius
1191 4560 1501 4629 patriarcha
1540 4561 1860 4630 Cpolitanus
1907 4575 2128 4619 creatur
2229 4593 2294 4644 Α,
2329 4589 2394 4645 υ,
2429 4591 2556 4657 6η,
2584 4590 2779 4646 [mh-cl.
2819 4594 2904 4654 ,5.
2932 4594 3169 4647 "eram-,-
3196 4593 3250 4657 ε’
3278 4607 3390 4664 νος,
3425 4595 3637 4650 "0mm
3660 4613 3770 4651 ma

539 4652 741 4720 Aprilis
774 4652 862 4715 18,
888 4651 1129 4707 Sabbato
1161 4667 1379 4720 magno.
2544 4651 2553 4657 ’
2603 4665 2858 4727 sulatum,
2897 4651 3044 4734 ἐρίοιο
3077 4651 3350 4734 utrubique
3379 4667 3429 4722 5.

616 4741 899 4798 Heraclitus
929 4760 956 4796 a
987 4743 1178 4812 Crispo
1222 4744 1422 4797 Pbocze
1449 4757 1654 4813 genero
1687 4755 1739 4798 et
1769 4755 1959 4800 senatu
1989 4747 2128 4816 Cpo-

541 4836 712 4890 litauo
743 4835 942 4891 litteris
973 4845 1236 4891 evocatus
1265 4852 1332 4891 ex
1359 4837 1543 4890 Africa
1583 4837 1815 4892 lecam
1835 4841 2090 4910 Opprituit
2109 4880 2124 4904 ,

541 4940 596 4983 et
624 4945 691 4982 ex
721 4945 771 4981 a.
808 4929 867 4982 D.
905 4927 1042 4983 Non.
1075 4928 1200 4984 Oct.
1233 4929 1522 4997 imperium
1550 4931 1866 5000 auspicatus
1901 4942 2002 4995 est,
2039 4931 2122 4986 ln-
2206 4951 2210 4956 ί

539 5022 674 5075 dict.
702 5020 854 5088 Cpoli
889 5019 958 5073 M-
977 5021 1088 5091 jam
1117 5021 1396 5076 inchoata.
1429 5021 1666 5092 Moxque
1691 5021 1987 5077 Eudociam
2017 5025 2130 5078 Au-

540 5123 751 5182 gustatu
789 5129 1014 5169 uxorem
1049 5113 1220 5169 ducit.

614 5204 848 5260 Sanctus
874 5207 1113 5262 Joannes
1166 5204 1426 5262 Eleemon
1456 5205 1799 5262 Alexandria:
1834 5207 2157 5276 episcopus'

537 5297 731 5352 saltem
771 5299 872 5352 hoc
901 5311 1046 5352 anno
1078 5307 1295 5352 creatus
1324 5306 1567 5366 putatur.

540 5409 608 5465 Α.
660 5409 726 5464 D.
778 5409 904 5475 611,
936 5408 1133 5464 lndict.
1171 5409 1275 5476 M,
1317 5407 1556 5463 Heraclii
1607 5409 1658 5474 1,
1707 5409 1851 5479 cyclo
1880 5410 2038 5464 ιιιιηα]
2071 5414 2122 5474 1,
2175 5431 2180 5436 ·

2301 4772 2584 4830 lleraclius
2629 4776 2833 4843 junior,
2881 4779 2970 4846 qui
3015 4789 3071 4832 et
3111 4777 3524 4844 Constantinus,
3553 4779 3764 4834 nascitur

2232 4865 2282 4918 itt
2315 4867 2628 4922 suburbano
2661 4870 3062 4937 Sophianorum
3097 4871 3220 4925 Maii
3259 4874 3314 4926 5.
3345 4871 3476 4927 feria
3502 4871 3546 4926 4.

2303 4958 2538 5013 Eudoeia
2564 4935 2794 5014 lleraclii
2820 4935 2960 5016 uxor
2983 4965 3212 5018 moritur
3236 4966 3372 5035 Aug.
3401 4965 3479 5026 15,
3501 4960 3750 5016 Dominica.

2302 5046 2601 5116 Epiphania
2634 5049 2869 5104 lleraclii
2897 5053 3002 5106 lilia
3031 5053 3084 5106 in
3102 5054 3305 5122 palatio
3326 5047 3750 5107 coronaturaSer-

2231 5140 2318 5209 gio
2347 5137 2542 5194 Octob.
2573 5138 2632 5204 4,
2671 5137 2864 5194 Indici.
2899 5142 2921 5195 1
2962 5141 3270 5212 Cpolitana.

2229 5256 2291 5306 Α.
2341 5251 2405 5305 D.
2435 5253 2560 5328 (ΗΞ,
2597 5253 2792 5328 Iudici.
2825 5257 2880 5328 1,
2933 5253 3179 5328 lleraclii
3213 5259 3268 5324 3,
3312 5267 3426 5328 post
3467 5256 3558 5327 ejus
3586 5269 3676 5306 cos.
3703 5251 3749 5314 2,

2491 5322 2619 5378 Her.
2650 5324 2774 5392 jun.
2815 5326 2866 5389 1,
2901 5327 3048 5396 cyclo
3083 5322 3212 5382 solis
3255 5322 3540 5391 et'lunw'b'.

2303 5437 2587 5492 lleraclius
2627 5437 2817 5506 junior
2853 5439 3099 5496 Januarii
3130 5443 3223 5507 22,
3267 5443 3403 5499 feria
3435 5444 3464 5497 2
3491 5449 3748 5498 coronatur.

1035 5551 1040 5556 _
1227 5480 1355 5534 solis
1385 5480 1440 5534 4.
1923 5563 1930 5572 1

2229 5531 2298 5587 Α.
2332 5529 2398 5586 Ι).
2425 5529 2552 5610 (iii,
2587 5480 2784 5610 ludia.
2834 5533 2892 5610 2,
2944 5480 3337 5610 lleractii’seu:
3371 5538 3430 5610 7,
3457 5480 3558 5610 mist
3587 5548 3676 5586 cos.
3703 5529 3748 5598 5,

613 5593 902 5650 l-leraclius
931 5593 1174 5650 Januarii
1207 5595 1276 5650 M
1305 5594 1394 5648 die
1423 5593 1764 5648 consulatqu
1799 5594 1918 5648 init.
2430 5593 2669 5654 lleraclii
2693 5600 2819 5670 jun.
2861 5605 2916 5668 2,
2948 5605 3094 5672 cyclo
3125 5608 3267 5659 tuna:
3298 5593 3512 5672 satisque
3535 5607 3576 5658 7.

609 5685 793 5740 Persa:
831 5687 972 5742 Maio
1021 5702 1208 5742 mense
1253 5687 1466 5760 Syriam
1504 5684 1794 5752 infestant,
1829 5687 2125 5756 Apameam
2306 5687 2594 5746 ileraclius
2618 5676 2914 5748 Martinam
2948 5697 3160 5752 sororis
3193 5696 3359 5751 filiam
3393 5697 3520 5750 ducit
3544 5708 3744 5751 uxorem.

537 5787 593 5832 et
618 5777 878 5833 Edessam
906 5769 1200 5850 Occupant.
2164 5771 2204 5825 Β
2302 5781 2481 5840 Persae
2512 5783 2834 5840 Damascum
2867 5798 3200 5858 expugnant.
