4016 6480
700 486 798 551 εῖι

1689 492 1749 550 S.
1802 489 2215 551 NICEPHORI
2257 487 2758 548 PATRIARCHE
2795 489 2903 549 ΟΡ.

701 608 907 663 litatem
957 608 1079 662 vitae
1137 615 1297 679 atque
1329 606 2270 677 eptitnurumleguminstitutionem

2137 620 2270 659 mem
2302 608 2343 665 Α
2373 603 2682 672 ἀνθρώποις
2732 607 2845 666 τοῖς
2898 602 3066 657 πάλαι
3118 601 3215 654 καὶ
3269 596 3362 653 νῦν
3415 596 3624 667 τυγχάνει
3650 595 3723 649 ἆπι

700 695 878 759 aﬂ'ert,
918 706 974 752 et
1035 697 1102 751 ad
1153 697 1205 752 id
1264 697 1406 766 quod
1438 698 1503 752 de
1548 697 1772 765 imperio
1800 697 1974 750 adhuc
2023 705 2270 765 superest

704 785 955 840 tuendum
973 786 1299 857 magnopere
1321 788 1570 857 pertinet.
1588 785 1774 856 Neque
1790 788 1932 843 enim
1955 787 2270 855 ignoramus

702 876 905 930 nullum
929 890 1162 946 unquam
1193 878 1478 947 imperium
1504 878 1655 941 ~lore,
1689 878 1832 946 quod
1881 892 2006 930 cum
2061 877 2270 933 duobus

703 966 809 1021 illis
867 967 1104 1022 conferri
1150 969 1337 1038 possit.
1369 970 1545 1038 Atque
1577 969 1706 1021 illud
1735 967 1888 1043 nefas
1942 984 2064 1024 esse
2110 971 2267 1035 duco,

702 1057 844 1110 inter
891 1073 1028 1127 quos
1065 1058 1348 1126 prudentia
1380 1071 1543 1128 atque
1585 1059 1813 1113 consilio
1875 1071 2059 1114 mutua
2110 1059 2269 1115 bette-

700 1148 932 1203 volentia
975 1159 1031 1203 et
1090 1150 1329 1205 amicitia
1392 1151 1707 1206 conﬁrmari
1760 1153 1953 1218 possit,
1985 1166 2079 1205 eus
2118 1166 2267 1205 arma

701 1239 800 1294 sibi
838 1241 1063 1296 invicem
1096 1242 1301 1297 inferre
1336 1257 1399 1297 ac
1432 1242 1706 1312 subjectos
1745 1243 1848 1296 sihi
1889 1244 2111 1312 pupulas
2152 1244 2270 1299 sine

700 1346 857 1385 causa
911 1331 1249 1387 detrimentis
1303 1333 1541 1390 allicere.
1599 1335 1677 1388 Ex
1726 1348 1834 1404 quo
1875 1334 2006 1403 quid
2053 1335 2266 1389 tandem

700 1423 953 1477 accidet?
988 1424 1245 1478 nimirum
1270 1424 1316 1479 si
1356 1426 1703 1479 concordiam
1742 1425 1885 1480 inter
1914 1441 2008 1479 vos
2060 1442 2269 1494 pacem-

699 1528 805 1580 que
836 1514 1189 1580 stahilieritis,
1222 1497 1439 1585 utrique
1496 1517 1707 1571 caeteris
1755 1516 2061 1572 hominibus
2100 1518 2269 1571 multo

703 1603 973 1660 feliciores
992 1614 1048 1659 et
1082 1615 1193 1660 toto
1226 1607 1345 1661 vita:
1377 1618 1621 1677 tempore
1669 1607 1855 1675 majori
1888 1608 1938 1660 in
1989 1599 2270 1678 splendore

700 1702 757 1747 et
776 1695 1017 1748 omnium
1059 1696 1420 1752 admiratione
1461 1698 1649 1763 eritis,
1696 1713 1759 1751 ac
1822 1697 2057 1753 laborem
2120 1700 2265 1755 illmn

702 1798 993 1854 curamque
1025 1802 1146 1842 cum
1180 1789 1363 1865 quiete
1388 1798 1441 1844 ct
1464 1792 1577 1844 otio
1599 1792 2022 1847 commutabitis.
2056 1793 2150 1846 Sin
2186 1794 2269 1849 his

700 1878 1022 1947 contemptis
1042 1893 1105 1933 ac
1131 1880 1348 1949 rejectis
1369 1896 1554 1949 pacem
1584 1881 1740 1951 longe
1762 1866 2264 1949 praestantissimum

702 1968 900 2021 bonum
955 1962 1235 2038 repudiare
1287 1969 1612 2037 malueritis,
1657 1970 1792 2025 nihil
1834 1986 1913 2024 ea
1980 1988 2086 2038 res,
2136 1974 2266 2027 mihi

699 2058 922 2125 credite,
952 2060 1102 2114 vobis
1149 2062 1398 2117 utilitatis
1433 2062 1642 2117 alferet.
1667 2062 1771 2117 Sed
1828 2063 1931 2132 12
1978 2079 2099 2117 cum
2168 2066 2266 2118 ho-

700 2148 877 2203 stilem
928 2160 1112 2206 mutuo
1156 2154 1207 2207 in
1262 2169 1356 2209 vos
1378 2155 1616 2208 animum
1673 2169 1740 2209 ac
1788 2152 2110 2209 discordiam
2157 2171 2271 2210 sus-

699 2241 979 2308 ceperitis,
1015 2243 1411 2312 quamplurima
1476 2245 1629 2300 vobis
1675 2243 1836 2309 bella,
1884 2244 2026 2309 quod
2095 2244 2267 2313 ipsum

702 2330 939 2385 immane
986 2348 1051 2387 ac
1098 2334 1473 2391 detestandum
1502 2344 1608 2401 est,
1644 2336 2017 2391 consciscetis.
2048 2336 2125 2391 Ac
2157 2346 2267 2389 tum

700 2421 911 2477 sudoris
945 2431 999 2478 et
1045 2423 1266 2491 laboris,
1301 2434 1360 2479 ut
1401 2433 1646 2495 apparet,
1681 2425 1969 2495 plurimum
2021 2428 2265 2494 capietis,

632 2586 645 2589 _
707 2522 815 2571 tum
843 2527 1133 2581 corporum
1172 2530 1236 2569 ac
1266 2519 1615 2584 pecuniarum
1647 2517 2122 2572 innumerabilium
2179 2517 2269 2587 ja-

702 2614 908 2656 ctmam
935 2603 1168 2661 facietis.
1207 2607 1356 2672 Et,ut
1390 2623 1497 2663 uno
1522 2607 1686 2663 verbo
1710 2607 1909 2673 dicam,
1935 2623 2145 2663 summa
2176 2624 2269 2665 ca-

703 2693 947 2749 lamitate
974 2696 1095 2749 belli
1125 2698 1279 2753 nobis
1307 2698 1462 2754 istius
1514 2699 1696 2754 exitus
1728 2699 2039 2767 constabit;
2081 2700 2268 2771 cujus-

703 2786 847 2838 modi
884 2787 935 2840 iu
992 2791 1278 2856 praesentia
1324 2791 1523 2846 intueri
1581 2793 1857 2860 potestis:
1897 2806 2043 2846 nam
2074 2807 2104 2845 a
2160 2806 2269 2861 quo

703 2884 947 2945 tempore
970 2876 1271 2935 Romanum
1314 2880 1600 2950 imperium
1645 2882 1922 2951 ingressus
1946 2884 2089 2948 sum,
2116 2892 2267 2938 atro-

699 2965 914 3029 cissima
933 2984 1161 3039 quaeque
1190 2971 1320 3026 vidit
1345 2988 1407 3027 ac
1432 2987 1746 3042 perpessum
1771 2980 1875 3029 est.
1900 2972 2266 3042 Quamobrem

703 3058 968 3126 reliquum
1000 3062 1104 3115 erit
1126 3070 1182 3115 ut
1214 3076 1392 3116 rerum
1421 3064 1757 3132 publicarum
1784 3073 2096 3119 vestrarum
2131 3064 2265 3120 infe-

701 3146 989 3204 licissimus
1020 3151 1091 3205 sit
1120 3161 1294 3209 status
1321 3167 1386 3206 ac
1405 3153 1894 3222 deploratissimus.
1930 3173 1948 3207 ι
1988 3153 2082 3211 llis
2101 3156 2264 3212 dictis

692 3238 1072 3338 jusjurandum
1103 3242 1323 3338 insitper
1350 3241 1564 3311 adjecit,
1606 3258 1931 3329 magnopere
1964 3247 2181 3338 studere
2204 3261 2264 3302 se
2290 3276 2335 3338 ο

699 3337 756 3381 ιιι
805 3329 1036 3385 Romani
1072 3345 1136 3387 ac
1176 3329 1355 3387 Persae
1383 3334 1530 3402 pacis
1565 3335 1711 3388 inter
1741 3350 1799 3389 se
1835 3335 2012 3391 ltedus
2041 3337 2262 3391 inirent.

699 3417 778 3472 Ad
828 3419 940 3473 haec
989 3420 1287 3488 imperator
1321 3423 1394 3476 ita
1425 3422 1690 3477 iacturum
1723 3438 1783 3478 se
1829 3425 2146 3494 pollicetur;
2172 3426 2268 3481 sed

697 3524 883 3561 eorum
927 3525 1047 3577 quae
1071 3511 1426 3580 jurejurando
1453 3512 1772 3568 contlrntata
1801 3526 1958 3570 erant
1992 3515 2148 3571 [idem
2173 3516 2270 3570 ali-

698 3610 863 3664 quam
913 3596 1213 3653 faciendam
1261 3615 1381 3655 esse
1433 3601 1599 3667 dixit,
1667 3604 1860 3658 iisdem
1904 3602 2011 3659 illis
2076 3612 2268 3674 sponte

699 3690 1025 3743 Chrosroem
1053 3706 1428 3749 assensurum.
1454 3694 1524 3747 At
1548 3692 1731 3748 Saitus
1767 3713 1781 3749 :
1824 3713 1844 3746 ι
1896 3696 1951 3750 Si
1996 3697 2149 3760 mihi,
2182 3698 2299 3752 in-'

646 3780 653 3791 ’
699 3779 836 3846 quit,
871 3781 1113 3847 creditis,
1149 3782 1352 3855 legatos
1398 3794 1608 3837 mecum
1654 3800 1715 3837 ea
1749 3784 1815 3838 de
1854 3798 1913 3838 re
1965 3785 2030 3838 ad
2062 3785 2267 3842 Chros-

702 3882 846 3922 roem
884 3870 1147 3926 mittctis:
1186 3887 1285 3927 nec
1316 3872 1504 3928 dubito
1542 3875 1671 3942 quin
1715 3876 1781 3927 ad
1820 3889 1991 3929 meam
2051 3887 2270 3931 senten-

701 3959 827 4013 tiam
880 3964 1121 4027 accedat,
1150 3963 1220 4017 ita
1278 3971 1455 4018 tamen
1478 3965 1522 4019 si
1558 3974 1612 4019 et
1661 3966 1936 4021 nobiscum
1977 3966 2154 4023 foedus
2182 3984 2267 4023 so-

696 4047 855 4101 cietis
889 4059 943 4102 et
994 4049 1048 4103 iu
1081 4060 1356 4119 posterum
1374 4038 1577 4120 rpacem
1621 4053 1830 4108 ﬁrmam
1884 4070 1949 4110 ac
1994 4057 2263 4112 sinceram

696 4139 1039 4197 cus‘todiutis.
1075 4159 1095 4193 ι
1553 4134 1569 4145 ’

767 4317 1045 4375 Heraclius
1083 4318 1291 4376 blanda
1331 4321 1434 4377 hac
1450 4283 1711 4378 oratione
1749 4322 2006 4378 delinitus
2059 4324 2265 4392 prolixe

2368 693 2447 757 εἷς
2477 692 2522 726 ³⁸
2550 711 2609 747 τε
2639 697 2737 764 τῆς
2764 694 2910 765 ζωῆς
2939 711 2999 749 τε
3027 694 3128 764 τῆς
3162 692 3393 754 εὐκτέας
3420 691 3497 743 καὶ
3518 689 3724 757 εὐγνωμο

2366 802 2464 855 νης
2496 786 2837 851 αἰτιώτατον,
2866 786 2961 839 καὶ
2990 786 3069 856 τῷ
3091 785 3335 855 περιόντι
3359 782 3445 854 τῆς
3464 780 3692 846 ἐξουσίας·

2369 878 2708 946 παραμένειν
2748 876 2805 929 δὲ
2862 877 2925 930 τὸ
2981 877 3087 947 τῆς
3135 874 3450 946 συμϐάσεως
3499 868 3707 942 μέγεθος.

2367 970 2480 1040 γὰρ
2512 970 2673 1039 ῐσμεν
2702 969 2779 1032 ὡς
2819 970 3025 1040 ἥκιστα
3057 972 3176 1033 ταῖς
3200 966 3457 1032 ἐξουσίαις
3478 964 3531 1036 δὴ
3560 964 3596 996 ³⁵
3621 956 3713 1032 (Ξθ)

2366 1076 2488 1122 ταις
2518 1060 2815 1129 ἐφάμιλλος
2843 1059 3090 1112 πολιτεία
3115 1058 3313 1128 φανείη
3345 1057 3406 1110 ἂν
3433 1053 3639 1143 πώποτεζ
3667 1052 3724 1104 Οὐ

2365 1147 2532 1211 ὅσιον,
2561 1148 2738 1220 παρὸν
2765 1149 3109 1221 ἐπιφροσύνῃ
3140 1149 3236 1201 καὶ
3264 1146 3499 1216 εὐϐουλίᾳ
3513 1145 3723 1214 χρωμένο

2367 1235 2558 1290 εὔνουν
2595 1239 2693 1292 καί⁵
2738 1239 2915 1308 φίλιον
2944 1242 3026 1303 εἰς
3057 1239 3321 1309 ἀλλήλους
3372 1236 3709 1308 κρατύνασθαι,

2366 1326 2487 1380 κατ’
2513 1326 2761 1398 ἀλλήλων
2809 1329 3062 1400 αἴρεσθαι
3104 1330 3198 1383 καὶ
3243 1327 3519 1398 πημαίνειν
3561 1326 3649 1378 οὐκ
3676 1326 3724 1377 ὲν

2368 1418 2462 1470 καί
2504 1418 2709 1471 κακοῦν
2758 1418 2821 1472 τὸ
2852 1420 3116 1490 ὑπήκοον.
3163 1418 3254 1482 Ἐξ
3280 1411 3355 1470 ὧν
3387 1418 3433 1470 τί
3475 1416 3724 1486 συμϐαίνει

2371 1509 2471 1578 μὲν
2519 1510 2581 1561 τὸ
2627 1509 2952 1581 ὀμόγνωμον
3006 1511 3102 1564 καὶ
3134 1509 3409 1581 είρηνικδν
3442 1507 3672 1579 θήσεσθε,
3707 1523 3724 1559 ε

2371 1600 2509 1668 μονά
2538 1617 2597 1652 τε
2625 1601 2888 1673 ἑκάτερον
2919 1602 3076 1671 ὑμῶν
3104 1601 3215 1654 τῶν
3263 1601 3431 1655 ἄλλων
3457 1598 3724 1668 ἀνθρώπιον

2366 1691 2457 1744 λον
2492 1691 2752 1762 ὑπάρξαι,
2797 1692 3074 1764 ζηλωτούς
3101 1710 3161 1747 τε
3200 1694 3292 1767 καί
3330 1690 3658 1758 ἁξιαγὰστους
3689 1690 3724 1740 ei

2368 1782 2580 1836 ἅπαντα
2607 1783 2721 1852 βίον
2752 1784 3066 1837 δείκνυσθαι
3099 1801 3113 1816 ο
3168 1785 3247 1846 εἷς
3273 1801 3333 1836 τε
3357 1783 3416 1836 τὸ
3441 1781 3656 1853 ᾶμοχθον
3687 1798 3724 1832 κα

2371 1854 2544 1941 θυρίον
2575 1873 2604 1925 ὁ
2639 1873 2802 1937 πόνος
2832 1874 2888 1927 δὲ
2925 1874 3055 1944 ὑμῖν
3087 1873 3311 1943 φροντὶς
3354 1874 3399 1906 ³⁸
3428 1873 3724 1943 περιστήσετ

2370 1963 2416 2017 δ’
2445 1963 2515 2018 αὖ
2544 1981 2606 2033 γε
2653 1965 2812 2018 ταυτί
2846 1966 3185 2036 μεθιέμενοι,
3228 1966 3323 2018 καί
3366 1965 3537 2036 ἡλίκον
3571 1957 3672 2017 οἷον
3703 1964 3724 2015 ὁ

2370 2056 2593 2125 είρήνην
2624 2057 2869 2110 ἐκποδὼν
2903 2058 3233 2127 ποιήσασθαι
3255 2057 3436 2111 suae;
3458 2057 3516 2088 ’τ’
3549 2057 3637 2109 καὶ
3662 2056 3717 2108 οὐ

2369 2146 2693 2218 ὀνησιφόρον
2719 2147 3035 2217 λογίσασθαι
3062 2149 3191 2219 ὑμῖν
3217 2146 3384 2211 cia-0v,
3411 2148 3710 2218 δυσμένειαν

2369 2238 2450 2299 είς
2480 2238 2741 2306 ἀλλήλους
2767 2239 2862 2292 καὶ
2895 2239 2955 2292 τὸ
2989 2238 3237 2309 ἔχθιστον
3258 2238 3631 2310 ἀνθῃρημένοι,
3665 2254 3724 2289 πο

2373 2329 2472 2398 μὲν
2502 2329 2577 2393 ὡς
2631 2330 2925 2392 ⁴πλείστων.
2974 2330 3112 2402 ὅπερ
3158 2331 3369 2400 ἀπηχὲς
3412 2330 3453 2362 ³⁸
3485 2322 3721 2383 italu-.221)

2372 2422 2652 2492 παραίτιοι
2687 2421 3017 2491 γενήσεσθε,
3072 2421 3276 2492 ίδρῶτὰ
3315 2439 3373 2475 τε
3409 2421 3501 2474 καὶ
3530 2420 3718 2481 πόνους

2368 2510 2517 2572 είκὸς
2539 2511 2795 2564 ὰνελέσθε
2822 2511 2866 2543 ³⁸
2899 2511 3194 2581 μεγίστους
3221 2554 3237 2578 ,
3262 2511 3432 2565 πολλὰ
3454 2511 3508 2565 δὲ
3537 2509 3719 2579 σώματ

2369 2602 2418 2654 is
2428 2617 2577 2671 μενοι
2599 2602 2964 2671 δαπανήσετε,
2984 2602 3285 2673 χρημάτων
3300 2619 3370 2655 λτε
3390 2594 3724 2657 ἀνάλωσινώ.

2370 2708 2502 2761 στην
2525 2692 2847 2763 ποιήσεσθε,
2882 2695 2976 2747 καὶ
2999 2692 3339 2759 ἁπαξαπλῶς
3377 2696 3457 2757 είς
3495 2693 3636 2763 μέγα
3668 2708 3724 2744 κο

2366 2780 2463 2834 τοῦ
2493 2782 2732 2853 πολέμου
2759 2784 2889 2853 ὑμῖν
2924 2784 3098 2854 πέρας
3127 2781 3270 2854 ἥξει.
3321 2779 3421 2836 Οἷα
3444 2783 3508 2853 δὴ
3541 2782 3633 2835 καὶ
3663 2780 3724 2833 νῠ

2368 2868 2499 2939 ὑμῖν
2529 2870 2812 2940 πάρεστιν,
2833 2871 2933 2938 ἀφῖ
2953 2864 3029 2925 ὧν
3057 2872 3235 2941 ἔγωγε
3260 2872 3338 2935 είς
3370 2873 3471 2942 τὴν
3514 2869 3720 2939 Ῥωμαί

2369 2956 2551 3011 ϐαλὼν
2581 2962 2715 3030 γῆν,
2772 2960 2842 3014 τὰ
2886 2962 3171 3017 δεινότατα
3214 2959 3328 3015 εἶδε
3359 2962 3453 3015 καί
3491 2960 3724 3037 πέπονθε

2365 3048 2557 3102 τεῦθεν
2585 3045 2679 3102 οὖν
2719 3050 3023 3120 λελείψεται
3056 3052 3123 3106 τὰ
3155 3052 3264 3105 τῶν
3292 3051 3578 3105 πολιτειῶν
3615 3053 3724 3105 οίκτ

2367 3139 2460 3192 καὶ
2518 3139 2829 3194 ἀθλιώτατα
2882 3141 3276 3197 διακείσεσθαι.
3352 3161 3372 3193 ι
3429 3140 3618 3195 Ταῦτα
3669 3141 3721 3194 δι

2365 3225 2539 3296 λέγων
2566 3228 2727 3291 αὐτὸς
2754 3229 2844 3282 καί
2867 3229 2943 3291 ώς
2961 3231 3019 3283 ὲν
3034 3230 3237 3301 σπουδῇ
3264 3229 3513 3284 τίθεσθαι
3542 3230 3642 3292 τὰς
3668 3246 3724 3282 πι

2378 3317 2664 3389 Ῥωμαίων
2706 3336 2769 3372 τε
2811 3323 2907 3374 καὶ
2952 3321 3179 3391 Περσῶν
3226 3324 3306 3385 είς
3346 3322 3409 3374 τὸ
3461 3322 3532 3376 τὰ
3592 3323 3724 3391 συμί

2366 3410 2542 3480 ἥκειν.
2568 3409 2757 3466 Ταῦτα
2773 3411 2997 3482 ἐπιτελῆ
3024 3414 3069 3445 ιθ
3094 3413 3206 3483 (50)
3227 3415 3477 3484 ποιήσειν
3494 3414 3591 3481 ὅγε
3619 3414 3724 3483 ὲπή

2366 3502 2463 3554 καὶ
2491 3500 2567 3564 ὡς
2589 3501 2697 3554 τῶν
2719 3502 3131 3573 ὀμωμοσμένων
3152 3502 3223 3556 τὰ
3246 3504 3416 3557 πιστὰ
3440 3503 3562 3574 δοίη
3590 3519 3724 3574 προς

2365 3589 2449 3642 ὅτι
2479 3606 2543 3659 γε
2570 3590 2634 3661 δὴ
2674 3590 2848 3647 ταῦτα
2871 3591 2950 3661 τῷ
2977 3593 3193 3663 Χοσρόῃ
3230 3592 3553 3663 βουλομένῳ
3587 3593 3724 3662 ιιίρε⁴

2370 3697 2391 3731 ‹
2438 3680 2505 3734 Et
2544 3697 2597 3733 τι
2650 3678 2773 3757 οὖν,
2792 3700 2888 3752 μοι
2913 3724 2929 3749 ,
2966 3684 3143 3753 φησὶ,
3174 3682 3432 3737 πείθεσθε
3460 3723 3477 3748 ,
3535 3682 3723 3752 εχοιτε

2365 3770 2431 3839 δὴ
2475 3771 2517 3803 ⁵⁸
2557 3772 2703 3842 μάλα
2753 3776 2882 3837 τοὺς
2928 3774 3004 3837 ὡς
3047 3774 3296 3846 Χοσρόην
3353 3773 3724 3845 πρεσϐευσομ

2365 3862 2559 3915 τούτου
2612 3863 2767 3934 ἕκητι
2798 3863 2918 3934 ἅμα
2945 3864 3069 3934 ἐμοὶ
3095 3865 3463 3937 ὲκπέμποιτε.
3506 3865 3721 3917 Πεισθε

2370 3972 2460 4025 μοι
2495 3955 2589 4008 καί
2626 3956 2811 4023 αὐτὸς,
2860 3952 2919 4011 εὖ
2953 3954 3097 4025 οίδα,
3121 3959 3203 4022 είς
3238 3957 3403 4011 τοῦτο
3435 3958 3682 4029 γνώμης
3710 3975 3724 4010 t

2368 4060 2550 4112 μενος.
2595 4045 2892 4100 Σπείσεσθε
2928 4047 3050 4117 μεθ’
3098 4048 3292 4118 ὑμῶν,
3341 4047 3442 4102 καὶ
3486 4047 3598 4120 τὴν
3645 4049 3724 4119 είς

2365 4132 2550 4186 λοιπὸν
2580 4137 2636 4198 ὲς
2658 4135 2749 4188 τὸν
2764 4135 2981 4191 ἅπαντα
3002 4138 3190 4209 χρόνον
3213 4136 3443 4208 βεϐαίαν
3470 4154 3535 4192 τε
3566 4139 3670 4192 καὶ
3695 4139 3724 4192 ἀ

2364 4226 2611 4296 καταστή
2620 4226 2799 4282 σεσθε.
2843 4246 2862 4279 ι

2435 4335 2696 4403 Βασιλεὺς
2725 4339 2782 4394 δὲ
2818 4339 3137 4412 Ἡράκλειος
3169 4342 3294 4395 ἐπεὶ
3325 4341 3484 4396 τοῦτ’
3516 4337 3624 4396 οὖν
3654 4342 3724 4394 ἔτι

698 4408 880 4462 omnia
920 4407 1293 4501 perfecturum
1358 4424 1418 4466 se
1447 4426 1568 4487 esse
1619 4413 1885 4482 promisit.
1916 4412 1991 4468 Ita
2036 4413 2264 4470 consilio

2142 4413 2264 4470 silio
2362 4422 2441 4493 τῷ
2471 4429 2735 4497 προσηνεί
2764 4429 2860 4482 καὶ
2887 4407 3199 4501 θελκτηρίῳ
3229 4429 3339 4483 τῶν
3367 4429 3563 4498 λόγων
3602 4447 3723 4483 συνε

696 4484 1279 4564 habito,‘vehementer
1335 4517 1395 4557 ea
1459 4484 1556 4557 res
1593 4504 1917 4573 patriarchae
1960 4518 2024 4560 ac
2090 4505 2259 4575 magi-

2362 4516 2457 4567 καὶ
2487 4517 2989 4589 κατακηλούμενος,
3020 4520 3289 4591 ὑπέσχετο
3317 4522 3400 4584 είς
3433 4521 3685 4575 ἅπαντα
3717 4541 3724 4556 ι

692 4588 957 4645 stratibus
1007 4591 1226 4658 placuit,
1256 4592 1414 4663 eique
1435 4595 1814 4660 promovenda
1862 4608 2026 4662 opera
2080 4594 2258 4651 omnis

2137 4594 2258 4651 nnis
2290 4604 2333 4660 D
2360 4604 2689 4676 ἑτοιμότατοι
2718 4624 2778 4660 τε
2810 4588 2911 4662 καὶ
2944 4588 3342 4666 σπουδαιότατα
3362 4626 3378 4641 ο
3401 4612 3508 4664 καὶ
3540 4605 3635 4674 οἷς
3664 4609 3723 4664 se

694 4679 951 4734 adhibita.
1011 4682 1195 4746 Quare
1261 4682 1363 4753 13
1431 4682 1588 4750 legati
1652 4683 1795 4738 illico
1871 4685 2255 4753 decernuntur,
2307 4684 2311 4691 ’

694 4769 971 4840 Olympius
992 4773 1242 4839 prtetorio
1262 4782 1317 4827 et
1332 4773 1588 4828 Leontius
1608 4773 1730 4827 u‘rhi
1756 4773 2065 4843 praefectus,
2113 4780 2261 4831 Ana-

694 4860 894 4915 stasius
921 4860 1141 4927 majoris
1167 4861 1515 4931 templi,quod
1543 4863 1756 4931 Sophia:
1775 4864 2092 4933 appellatur,
2112 4880 2259 4921 oeco-

695 4965 906 5017 uomus,
963 4965 1086 5006 cum
1147 4950 1231 5006 bis
1296 4949 1498 5017 Saitus,
1545 4954 1790 5009 abductis
1848 4970 1879 5010 ιι
1925 4955 2267 5016 Chalcedone

2365 4695 2569 4750 τούτων
2608 4698 2736 4766 πέρι
2777 4700 3150 4771 συνέπραττόν
3175 4719 3234 4755 τε
3274 4702 3535 4771 μάλιστα
3571 4702 3685 4756 καὶ

2367 4789 2397 4841 ό
2439 4788 2775 4861 ίερομύστης
2804 4807 2864 4848 τε
2903 4792 2997 4845 καὶ
3025 4793 3077 4845 οί
3105 4796 3165 4848 ὲν
3189 4792 3423 4849 τέλειδδ.
3462 4794 3594 4849 Καὶ
3636 4794 3724 4847 ὅτι

2365 4880 2416 4932 οί
2494 4879 3051 4953 διαπρεσϐευσόμενοι
3110 4883 3156 4916 ⁸⁸
3218 4884 3597 4953 ἐξελέγοντο,
3680 4885 3724 4931 ’Ἴ

2374 4963 2475 5033 μὲν
2517 4967 2631 5036 (3i)
2668 4971 2697 5025 ό
2729 4970 2828 5041 τὴν
2860 4971 2969 5025 τῶν
3012 4972 3276 5045 ὑπάρχων
3303 4972 3422 5028 τῶν
3472 4990 3724 5045 πραιτα

2004 5131 2238 5190 VARIIE
2271 5137 2674 5199 LECTIONES.

798 5271 842 5304 "‘
864 5269 943 5336 εἷς
967 5252 1402 5357 ΙΩὲτιβςξξιξῖξιεε
1537 5273 1603 5357 δὴ
1629 5240 1900 5357 Petavius.
1932 5276 2013 5357 θεῖ
2037 5278 2079 5333 Ρ
2112 5280 2254 5357 igitur;
2283 5282 2384 5357 κᾶν
2404 5282 2453 5357 [ξ
2476 5287 2758 5357 :_correxit
2787 5287 2843 5357 in
2870 5256 3113 5357 margine
3142 5289 3421 5348 Petavius.

3570 5292 3627 5325 81
3662 5308 3724 5345 τε

695 5342 726 5417 ᾖ
752 5341 1013 5417 φροντιςζ
1061 5343 1130 5417 ’³⁷
1158 5342 1402 5417 ἐλλεῖσθεῖ
1473 5344 1521 5417 f‘
1550 5341 1760 5417 ἀπηνὲς
1784 5346 2059 5417 Petavius.
2123 5341 2179 5384 ’³³
2202 5341 2521 5408 ἀνελεῖσθεῖ
2590 5354 2640 5389 ⁴⁹
2665 5358 2759 5409 ἐπὶ
2790 5341 3212 5416 τέλέί’“ῐι⁰;”ὲιῐ›ἱτῖ
3225 5341 3532 5417 ﬁcta-avius.
3632 5341 3685 5394 ’δέ

694 5412 930 5505 Extitre,“
947 5412 1147 5505 αὐτίκα
1174 5412 1687 5505 ἓῖᾼὲκπὲμπὶοιτέ
1708 5416 1980 5489 (πεισθείη
1999 5447 2067 5459 --
2102 5420 2553 5505 καθιστάμενος),
2583 5412 2907 5482 σπείσεσθεί
2981 5412 3028 5462 δέ
3060 5412 3631 5502 ἇτρείάσὲόἁὲιμέῦὸυς
3671 5432 3720 5486 Ρ

656 5492 661 5496 ‘
693 5495 743 5533 τ.
774 5481 812 5534 ιι
885 5481 930 5512 ⁸⁸
954 5480 1513 5553 διαπρεπὸευσὰμενοὶ
1543 5482 1583 5536 Ρ

2052 5583 2327 5642 PETAVII
2358 5585 2589 5645 ΝΟΤᾸΞ.
3434 5624 3463 5643 κ

767 5709 880 5777 (29)
929 5711 1273 5782 Ἐξουσίαις
1300 5713 1407 5767 δεῖ.
1444 5713 1696 5769 Mendosa
1737 5716 1851 5771 haec
1885 5702 2033 5782 ευιῖι,
2068 5731 2127 5775 ut
2164 5723 2265 5777 alia

696 5780 968 5850 pleraque.
1017 5781 1144 5850 lmg.
1170 5783 1231 5850 δή
1264 5793 1316 5835 et
1339 5782 1570 5848 φαίνοιτ’
1593 5783 1659 5838 ἂν
1689 5785 1926 5839 πώποτε.

775 5848 885 5918 (50)
929 5849 1115 5902 Ταῦτα
1144 5848 1237 5903 ἐπὶ
1275 5852 1451 5905 τέλει.
1504 5853 1686 5921 Neque
1738 5857 1851 5911 haec
1895 5859 2154 5914 saniora:
2207 5877 2271 5914 ex

2376 5727 2569 5794 quibus
2595 5720 2771 5782 tamen
2792 5745 3107 5796 germanum
3130 5746 3348 5788 sensum
3375 5734 3653 5787 odorari
3682 5747 3715 5785 s

2458 5795 2934 5869 (δυ-Ὀλύμπιος
2958 5801 3092 5868 μέν.
3131 5800 3294 5855 Iidem
3324 5803 3510 5869 plane
3552 5819 3723 5857 recei

2384 5867 2532 5932 Alex,
2561 5867 2756 5921 Chron.
2810 5869 2863 5922 in
2908 5867 3131 5939 cpistola
3166 5867 3404 5941 lleraclii
3438 5872 3526 5926 ad
3565 5873 3724 5927 Chrt
