4016 6460
349 395 460 459 90.1

1324 385 1422 448 DE
1461 385 1716 446 REBUS
1750 383 1934 443 POST
1976 385 2426 458 MAURICIUM
2465 385 2754 446 GESTIS.

3518 381 3624 444 910

347 521 380 564 ο
412 509 524 562 τῶν
551 501 850 574 Ῥωμαίων
871 499 1128 572 βασιλεὺς
1154 499 1296 570 ὑπὲρ
1313 501 1412 570 τῆς
1443 497 1642 554 ἑαυτοῦ
1668 495 1946 560 πολιτείας

2073 507 2437 567 mperatorent
2467 499 2730 552 vidissent
2767 511 2862 566 pro
2896 497 3094 552 tuendo
3123 497 3351 567 imperio
3393 513 3458 552 ne
3503 499 3626 553 vita:

347 599 456 670 τῆς
477 596 691 658 οἰκείας
741 589 890 666 ζωῆς
937 587 1338 658 κατεφρόνησε.
1391 585 1534 658 μετὰ
1575 575 1799 656 Σειρόου
1850 581 1946 636 τοῦ

349 689 476 744 υἱοῦ
499 687 744 759 Χοσρόου
777 681 1124 754 βουλεύονται
1155 681 1408 754 Χοσρόην
1451 678 1746 742 ἀνελεῖντδ,
1803 677 1950 747 μέγα

351 780 492 852 περὶ
511 779 610 850 τῆς
639 774 852 837 οἰκείας
881 773 1160 835 πολιτείας
1188 776 1705 842 καταφρονήσαντα.
1741 767 1948 822 Τοῦτον

350 866 454 923 οὖν
488 867 646 936 ὲφ’⁷⁸
675 867 757 920 ἑνὶ
816 861 928 918 τῶν
987 859 1290 932 βασιλικῶν
1338 860 1505 914 οἴκων
1554 859 1948 921 κατέκλεισαν,

353 962 459 1014 καὶ
486 958 700 1029 τροφὴν
727 957 827 1010 οὒκ
855 953 1122 1020 ἐδίδοσαν,
1151 937 1474 1024 προύθηκαν
1509 951 1564 1004 δὲ
1589 951 1792 1022 χρυσὸν
1843 950 1942 1004 καὶ

353 1052 604 1122 ὄργυρον
658 1047 756 1101 καὶ
812 1045 963 1098 λίθον
1028 1043 1304 1110 πλεῖστον,
1355 1041 1629 1110 λέγοντες*
1673 1059 1693 1092 ι
1729 1039 1950 1093 Τούτων

354 1142 605 1196 ἀπόλαυε
661 1134 744 1204 οἷς
777 1125 1111 1207 κατεμάνης
1166 1137 1262 1190 καὶ
1319 1133 1466 1204 ἅπερ
1521 1131 1950 1204 ἠγάπησαςικαὶ

359 1235 693 1305 συνήγαγες.
762 1249 780 1282 ι
860 1225 1166 1292 Καὶιούτω
1234 1226 1576 1297 λιμώττοντα
1629 1224 1953 1288 ἐπελθόντες

357 1327 594 1380 ἀνεῖλον.
631 1323 856 1395 Σειρόην
886 1321 943 1374 δὲ
968 1319 1058 1375 τὸν
1087 1319 1276 1373 τούτου
1305 1319 1422 1371 υἱδν
1471 1317 1700 1389 βασιλέα
1725 1315 1952 1388 Περσῶν

359 1418 782 1487 ἀνηγόρευσαν·
837 1413 896 1477 ὃς
937 1411 1102 1475 εὐθὺς
1152 1411 1290 1483 πρὸς
1338 1409 1663 1481 Ἡράκλειον
1718 1408 1949 1480 διαπρε-

365 1505 646 1572 σϐεύεται,
693 1507 840 1578 δῶρά
903 1521 962 1557 τε
1015 1502 1326 1573 ἐξέπεμψεν
1407 1502 1484 1566 ὡς
1560 1501 1954 1554 σπείσασθαιπ

363 1599 537 1669 αὐτῷ.
584 1599 789 1669 Γράφει
811 1595 868 1650 δὲ
903 1597 1040 1666 πρὸς
1071 1596 1234 1650 αὑτὸν
1259 1593 1661 1666 (61)’ἒνοῦσθαι
1689 1610 1749 1646 τε
1784 1593 1954 1662 ἀλλή-

365 1693 488 1754 λαις
508 1691 552 1722 ⁷⁷
581 1690 682 1752 τὰς
715 1687 807 1742 ὑπ’
839 1688 1019 1740 αὐτῶν
1065 1687 1347 1750 πολιτείας
1392 1685 1488 1739 καὶ
1537 1681 1766 1756 εἰρήνήν
1797 1684 1954 1756 παρᾶ

369 1781 509 1837 Θεοῦ
589 1779 964 1844 ἀσπάζεσθαι,
1047 1779 1123 1844 ὡς
1201 1779 1440 1847 ἑκάστην
1537 1777 1672 1848 παρ’
1753 1775 1956 1846 ἑαυτὴν

2051 590 2268 657 quidem
2293 605 2404 646 sua:
2438 605 2665 662 parcere
2706 589 2824 664 [au.
2855 588 3008 662 628],
3057 591 3122 644 de
3155 590 3415 645 Cbosrois
3469 607 3625 653 nere.

2051 677 2142 746 qui
2172 678 2458 749 iniperimn
2491 694 2648 734 suum
2695 681 2829 734 adeo
2863 687 3258 745 contemneret,
3304 695 3426 734 cum
3466 677 3629 734 Siroe

2050 769 2166 838 ejus
2198 770 2306 826 ﬁlio
2347 750 2636 826 consilium
2668 770 2922 838 capiunt;
2971 785 3134 839 quem
3167 755 3381 823 demum
3419 770 3472 823 in
3523 785 3627 823 una

2051 874 2119 913 ex
2150 861 2314 929 regiis
2332 859 2541 916 :edibus
2565 861 2916 925 concludunt,
2942 869 2995 914 et
3017 861 3138 914 cibo
3160 861 3307 914 omni
3326 860 3626 923 subtracto,

2053 950 2168 1006 auri
2189 943 2247 1005 et
2280 951 2490 1020 argenti
2523 965 2588 1006 ac
2625 951 2933 1020 lapillorum
2979 951 3086 1004 vim
3125 949 3414 1004 maximam
3443 964 3628 1002 coram

2053 1059 2120 1100 eo
2145 1054 2470 1112 proponunt,
2497 1053 2661 1112 atque
2684 1044 2750 1098 iis
2777 1042 3283 1098 vocibusinsultant
3329 1059 3343 1095 ι
3375 1057 3395 1093 ι
3429 1040 3633 1096 Fruere

2053 1131 2124 1188 iis
2153 1112 2666 1204 agedum,quornin
2696 1131 2889 1187 insana
2916 1133 3171 1201 cupidine
3197 1129 3460 1201 ﬂagrasti,
3485 1144 3635 1200 quaa-

2054 1242 2160 1296 que
2195 1227 2388 1280 amasti
2435 1236 2716 1295 tantopere
2761 1236 2926 1296 atque
2975 1225 3266 1294 collegisti.
3309 1245 3329 1278 ι
3371 1225 3452 1280 Ita
3491 1223 3634 1278 fatue

2055 1330 2307 1374 enectum
2356 1330 2637 1388 postremo
2679 1321 2946 1374 irruentes
2984 1319 3343 1374 interiiciunt.
3377 1317 3513 1373 Tum
3549 1316 3634 1371 Si.

2056 1427 2187 1466 roeu
2213 1413 2329 1481 ejus
2377 1412 2496 1466 loco
2545 1411 2838 1466 Persarum
2897 1427 3076 1481 regem
3111 1412 3486 1480 pronuntiant.
3530 1409 3631 1475 Qui

2062 1503 2248 1557 statim
2281 1489 2474 1571 legatis
2498 1504 2562 1556 ad
2592 1495 2895 1557 Heracli'um
2935 1503 3116 1557 missis
3163 1517 3385 1555 munera
3415 1504 3480 1554 ad
3509 1517 3631 1555 eum

2059 1593 2380 1663 placandum
2413 1593 2628 1650 obtulit.
2663 1594 2883 1647 Addidit
2910 1593 3132 1663 insuper
3163 1593 3396 1654 litteras,
3429 1592 3628 1660 quibus

2060 1665 2384 1740 hortabatur
2418 1695 2475 1739 ut
2507 1687 2666 1740 ambo
2711 1685 2940 1739 invicem
2976 1685 3201 1754 imperia
3237 1683 3634 1753 cenjungerent

2063 1787 2116 1832 et
2138 1792 2392 1832 concessa
2413 1792 2442 1829 a
2471 1777 2579 1832 Deo
2599 1792 2733 1847 pace
2759 1779 3095 1840 fruerentur,
3115 1793 3178 1830 ea
3205 1777 3320 1844 lege
3343 1785 3400 1829 ut
3424 1787 3634 1830 utrum-

369 1875 688 1947 ἡσυχάζειν.
709 1865 778 1944 ᾮ
805 1872 1112 1942 ἀντέγραφε
1138 1871 1234 1924 καὶ
1263 1869 1609 1942 Ἡράκλειος,
1643 1867 1836 1920 τέκνον
1865 1867 1955 1920 τὸν

2065 1883 2166 1936 que
2194 1869 2308 1922 suis
2331 1885 2389 1922 se
2426 1869 2620 1925 finibus
2651 1871 2974 1925 contineret.
3009 1870 3088 1923 Ad
3113 1871 3226 1924 inec
3253 1868 3537 1923 lleraclius
3559 1883 3637 1922 rc-

375 1965 600 2038 Σειρόην
629 1959 828 2028 καλῶν,
855 1965 951 2016 καὶ
977 1963 1054 2026 ὼς
1087 1962 1186 2016 οὐκ
1205 1957 1274 2032 ἦν
1301 1961 1453 2031 αὐτῷ
1479 1977 1610 2014 ποτε
1635 1961 1780 2015 κατᾶ
1807 1959 1952 2030 γνὼ-

383 2075 486 2127 μην
537 2055 765 2126 βασιλέα
799 2055 896 2124 τῆς
946 2053 1142 2107 ἑαυτοῦ
1175 2052 1333 2123 δόξης
1367 2052 1825 2106 ἐκπεπτωκέναν
1877 2051 1958 2129 διὸ

383 2146 501 2200 οἱδὶ
549 2143 816 2215 Χοσρόην.
888 2141 1029 2195 Ἀλλ’
1069 2143 1118 2195 ει
1171 2143 1284 2214 καὶ,
1319 2141 1550 2196 πλεῖστα
1578 2141 1674 2194 καὶ
1719 2137 1962 2194 κάκιστα

399 2235 680 2306 Ῥωμαιοις
741 2236 838 2288 καὶ
887 2233 1144 2314 Πέρσαις.
1177 2233 1476 2300 ἐπέδειξεν,
1505 2230 1787 2296 Ἕσπευσα
1870 2231 1959 2298 ἂν,

391 2329 604 2398 ἔφασκε,
641 2326 1038 2398 περισωθέντα,
1083 2329 1132 2380 εἰ
1183 2319 1279 2380 καῖ
1305 2325 1378 2379 τά
1437 2326 1693 2396 μάλιστα⁵
1731 2326 1964 2396 ἐπικραν-

381 2422 630 2492 τὲστερος
699 2413 998 2488 ὲγεςόμήν,
1067 2420 1147 2481 εἰς
1209 2418 1309 2490 τὴν
1351 2416 1518 2470 αὑτοῦ
1571 2414 1953 2486 ἀποκαθιστᾷν

381 2511 677 2583 βασιλειαν.
723 2509 857 2570 Θεὸς
884 2509 985 2580 τὴν
1013 2509 1226 2562 ἐκείνου
1255 2507 1520 2582 πρόθεσιν
1545 2507 1805 2576 ἐγνωκὼς
1829 2523 1961 2577 μετ-

387 2603 558 2674 ῆλθεν
594 2601 745 2672 αὐτῷ
773 2600 936 2681 ἀξίαν
967 2600 1066 2672 τὴν
1097 2601 1276 2670 δίκην,
1305 2589 1381 2664 ὥς
1413 2601 1488 2672 μὴ
1523 2599 1634 2653 τῶν
1681 2597 1894 2681 πολλῶν
1915 2599 1962 2632 ⁷⁸

377 2695 632 2764 γενέσθαι
659 2675 975 2757 κατάλυσιν,
1003 2694 1134 2764 ἡμῖν
1181 2691 1278 2746 νῦν
1325 2692 1422 2760 τὴν
1459 2693 1652 2744 ἕνωσιν
1684 2693 1964 2763 παρασχό-

383 2785 568 2856 μενος.
603 2783 740 2852 Περὶ
767 2799 824 2834 τε
847 2781 958 2834 τῶν
989 2779 1274 2846 ζωοποιῶν
1301 2779 1472 2844 ξύλων
1504 2774 1578 2833 ὧν
1601 2773 1714 2832 εἷλε
1746 2779 1963 2850 Σάρδει-

381 2892 479 2948 po;
523 2875 584 2939 ἐξ
621 2871 1036 2944 Ἰεροσολύμων,
1067 2867 1314 2942 λιπαρῶς
1349 2871 1600 2924 ἐπέκειτο
1645 2870 1922 2942 ἐπιζητῶν
1944 2887 1959 2902 ο

379 2969 412 3021 ὁ
430 2969 490 3022 δὲ
509 2965 776 3036 ὑπέσχετο
803 2957 1016 3030 δώσειν,
1044 2962 1205 3032 εἴπερ
1222 2961 1372 3031 αὐτῷ
1393 2963 1694 3034 κατάφωρα
1724 2962 1959 3045 γένοιτο.

384 3055 520 3125 Περι
547 3045 752 3107 τετῶν
790 3051 1150 3123 πρεσϐευτῶν
1179 3049 1275 3112 οὒς
1309 3051 1502 3114 Σαΐτος
1547 3053 1686 3122 πρὸς
1711 3053 1962 3122 Χοσρόην

382 3145 646 3214 ἄπὴγαγε
671 3143 824 3215 δόλῳ,
857 3143 930 3208 ὡς
959 3142 1210 3205 Λεόντιος
1242 3141 1340 3211 μὲν
1369 3143 1533 3214 κοινῷ
1569 3144 1790 3214 θανάτῳ
1841 3145 1962 3195 ἑτε-

380 3239 576 3302 λεύτα,
627 3235 753 3299 τοὺς
809 3235 868 3288 δὲ
924 3234 1118 3298 ἄλλους
1169 3234 1421 3304 Χοσρόης
1475 3233 1654 3298 ξύλοις
1699 3233 1962 3297 ἔκτεινεν,

384 3332 708 3403 αἰσθόμενος
767 3311 929 3382 eam
1005 3325 1330 3398 Ἡράκλειον
1381 3328 1464 3389 εις
1535 3327 1633 3398 τὴν·
1689 3327 1966 3398 Περσικὴν

387 3423 730 3479 εἰσϐαλόντα.
906 3423 912 3428 ’
1126 3431 1141 3440 '
1469 3450 1476 3460 ε
1901 3427 1908 3434 ’

460 3591 636 3664 adeo;
665 3594 758 3654 οὖν
795 3597 1022 3668 Σειρόης
1050 3595 1331 3661 ἐτελεύτα,
1363 3595 1562 3666 κρατεῖ
1603 3595 1660 3649 δὲ
1688 3596 1787 3666 τῆς
1815 3596 1970 3666 βασι-

384 3691 538 3756 λείας
573 3690 800 3762 Περσῶν
821 3687 932 3758 (62)
963 3686 1204 3758 Καϐύης,
1259 3688 1410 3750 ὅστις
1451 3687 1570 3756 μετ’
1599 3688 1661 3739 ού
1699 3687 1838 3741 ’πολὺ
1885 3689 1971 3742 τὲ-

387 3785 578 3852 θνηκε.
603 3781 742 3835 Μεθ’
763 3779 824 3832 ὃν
864 3777 1141 3850 βασιλεύει
1172 3779 1396 3849 Περσῶν
1435 3777 1748 3849 Ὁρμίσδας,
1783 3778 1844 3842 ὃς
1874 3779 1970 3832 καὶ

387 3873 551 3935 αῢτὸς
575 3868 1032 3942 διαπρεσϐεύεται
1061 3867 1200 3940 πρὸς
1243 3867 1587 3938 Ἡράκλειον,
1619 3867 1712 3920 τόν
1738 3884 1797 3920 τε
1837 3868 1968 3921 ἴδιον

387 3965 507 4018 υἱὸν
553 3962 650 4016 σὺν
709 3961 960 4031 χρήμασι
1009 3959 1106 4026 καὶ
1151 3957 1345 4030 δώροις
1399 3958 1784 4029 πώιυτιμήτοις
1833 3958 1971 4030 πρὸς

386 4052 554 4108 αὐτὸν
605 4050 944 4104 ἀπέστειλεν.
1017 4048 1314 4118 Ἑσήμαινε
1365 4049 1422 4100 δὲ
1478 4048 1568 4102 διὰ
1621 4051 1970 4120 γραμμάτων

385 4143 516 4198 τάδε
544 4157 559 4172 ·
601 4160 621 4194 ι
661 4143 758 4196 Ὃν
786 4141 989 4212 τρόπον
1031 4139 1219 4208 λέγετε
1256 4139 1348 4192 τὸν
1386 4138 1519 4192 Θεὸν
1563 4139 1717 4210 ὑμῶν
1747 4141 1968 4210 δοθῆναι

387 4232 608 4304 γηραιῷ
655 4249 760 4286 τινι
810 4229 1110 4300 ἀνθρώπῳ,
1138 4229 1363 4301 Συμεὼν
1413 4231 1494 4294 εἰς
1543 4233 1643 4294 τὰς
1699 4232 1967 4300 ἀγκάλας,

388 4325 566 4387 οὕτως
593 4323 810 4378 καὶτὸν
837 4321 1024 4376 δοῦλόν
1053 4337 1150 4374 σου
1194 4321 1288 4374 τὸν
1339 4321 1454 4374 υἱόν
1503 4339 1608 4393 μου
1647 4321 1842 4394 δίδωμι
1885 4325 1970 4386 εἰς

388 4417 490 4477 τὰς
521 4414 711 4487 χεῖράς
743 4431 859 4473 σου.
887 4412 1046 4482 Γνοξη
1069 4412 1127 4466 δὲ
1157 4411 1288 4477 Θεὸς
1318 4413 1378 4467 ὃν
1398 4413 1443 4446 ⁷⁸
1471 4412 1686 4484 σεμνῶς
1719 4417 1969 4486 ποιήσεις

2075 1961 2286 2024 scribit,
2317 1959 2422 2030 23
2454 1961 2620 2016 lilium
2645 1962 2924 2032 appellans
2945 1961 3160 2025 Siroen,
3179 1961 3633 2030 nulliseunquam

2063 2049 2298 2118 principi
2327 2051 2614 2120 imperium
2645 2052 2858 2122 eripere
2883 2052 3114 2106 voluisse
3165 2066 3340 2122 neque
3368 2050 3470 2116 ipsi
3500 2052 3634 2103 adeo

2059 2138 2311 2195 Cltosroi.
2364 2159 2382 2191 ι
2445 2141 2547 2208 Qui
2605 2143 2819 2196 tametsi
2871 2143 3274 2212 quamplurima
3329 2145 3381 2196 in
3442 2142 3634 2196 Persas

2062 2243 2215 2297 aeque
2241 2241 2306 2284 ac
2350 2231 2626 2286 Romanos
2679 2233 2945 2288 scelerate
2993 2235 3351 2296 commiserit,
3404 2232 3636 2286 libenter

2068 2319 2444 2384 nihilominus,
2467 2321 2666 2383 aiebat,
2686 2323 2942 2391 sospitem
2963 2338 3084 2377 eum
3101 2335 3266 2393 atque
3282 2323 3634 2386 incolumem,

2065 2409 2192 2462 licet
2210 2409 2263 2462 in
2292 2419 2560 2486 potestate
2579 2412 2862 2475 haberem,
2886 2415 3112 2484 imperio
3134 2430 3232 2470 suo
3252 2415 3636 2470 restituissem.

2067 2497 2175 2554 Sed
2225 2498 2391 2565 Deus,
2435 2502 2526 2572 qui
2557 2501 2700 2556 illius
2739 2503 2964 2558 consilia
3006 2515 3290 2576 cognorat,
3343 2506 3534 2576 dignas
3583 2506 3639 2560 in

2065 2605 2186 2644 eum
2215 2605 2406 2660 poenas
2439 2593 2745 2660 constituit,
2789 2612 2855 2650 ne
2882 2597 2949 2650 ab
2975 2612 3041 2652 eo
3087 2597 3304 2668 plurimi
3338 2598 3454 2653 suis
3480 2599 3642 2654 rebus

2065 2694 2484 2750 evertereutur;
2518 2685 2770 2756 idemque
2798 2689 2956 2744 nobis
2994 2703 3178 2758 pacem
3208 2706 3270 2744 ac
3292 2692 3640 2746 concordiam

2066 2775 2360 2829 concessit.
2395 2794 2414 2828 ι
2452 2775 2665 2846 Adjecit
2693 2787 2951 2849 praeterea
2985 2790 3036 2834 et
3071 2781 3440 2838 conditionem
3479 2784 3638 2846 banc,

2067 2877 2126 2922 ttt
2170 2869 2384 2922 viviliea
2433 2869 2613 2939 ligna,
2667 2887 2786 2940 quze
2841 2871 3114 2930 Barbarus
3157 2889 3223 2930 ex
3252 2875 3642 2948 Hierosolymis

2077 2960 2457 3026 transtulerat,
2479 2961 2584 3016 sibi
2616 2963 2999 3032 redderentur,
3046 2967 3208 3036 eique
3243 2969 3320 3022 rei
3353 2968 3640 3022 admodum

2067 3049 2324 3106 instabat.
2363 3049 2493 3116 Quae
2537 3051 2720 3107 Siroes
2787 3053 3124 3109 redditurum
3175 3069 3234 3110 se
3279 3057 3548 3126 promisit,
3596 3059 3642 3112 si

2068 3142 2278 3209 uspiam
2317 3141 2575 3207 invenire
2614 3155 2818 3212 posset.
2853 3145 2930 3199 De
2960 3147 3149 3216 legatis
3167 3163 3319 3211 vero,
3355 3164 3494 3218 quos
3518 3149 3642 3204 Sai-

2069 3238 2156 3285 tus
2201 3229 2394 3286 fraude
2426 3233 2830 3291 circumventos
2859 3237 2926 3292 ad
2969 3236 3250 3294 CllOSl‘OCll
3281 3243 3640 3308 perduxt'rat,

2070 3321 2144 3374 ita
2174 3321 2525 3392 signiﬁcavit,
2568 3325 2854 3381 Leomium
2906 3329 3137 3383 naturali
3189 3335 3336 3386 exitu
3388 3333 3552 3386 vitam
3583 3332 3647 3387 ll-

2069 3413 2236 3478 nisse,
2265 3424 2493 3470 canet-os
2515 3416 2792 3472 Cltosroen
2823 3418 3090 3476 fustuario
3116 3437 3366 3490 necasse,
3387 3439 3510 3478 cum
3536 3425 3647 3493 pri-

2068 3503 2486 3582 tttutti,llerac'lii
2526 3507 2578 3561 in
2613 3507 2888 3566 Persidem
2917 3511 3274 3582 irruptionem
3306 3516 3567 3572 audisset.

2139 3597 2307 3651 Paulo
2339 3608 2462 3667 post
2496 3597 2658 3654 Sit-oe
2689 3613 2928 3668 mortuo,
2957 3603 3166 3662 Caboes
3203 3608 3496 3664 Persarum
3543 3609 3645 3663 im-

2069 3689 2280 3758 perium
2315 3691 2556 3752 obtinet;
2589 3707 2698 3762 quo
2734 3693 2930 3750 iterum
2979 3714 3086 3753 non
3134 3699 3294 3770 longe
3329 3715 3518 3770 p05tea
3547 3701 3646 3758 de-

2071 3777 2260 3833 functo
2301 3777 2620 3834 llormisdas
2645 3785 2917 3838 succedit.
2953 3785 3054 3852 Qui
3088 3788 3310 3856 quidem
3355 3789 3561 3860 legatos
3591 3799 3649 3844 et

2069 3869 2278 3939 ipse’ad
2312 3869 2624 3925 Ileraelium
2677 3875 2897 3929 mittens
2922 3915 2937 3938 ,
2989 3876 3156 3931 lilium
3188 3894 3346 3934 suum
3383 3896 3505 3934 cum
3552 3896 3649 3951 pe-

2071 3963 2250 4017 cuniis
2279 3978 2346 4016 ac
2381 3963 2706 4020 muneribus
2735 3957 3026 4034 exquisitis
3059 3971 3126 4021 ad
3154 3971 3404 4025 eumdem
3424 3969 3644 4042 allegat.

2071 4052 2518 4124 Porroejusmodi
2540 4057 2845 4111 litterarum
2873 4061 3142 4114 sententia
3165 4062 3296 4116 fuit:
3331 4082 3351 4115 ι
3375 4063 3648 4129 Quemad-

2073 4145 2288 4198 modum
2320 4144 2489 4198 Deum
2520 4155 2764 4200 vestrum
2805 4148 2988 4203 dicitis
3023 4151 3372 4205 senicuidam
3399 4152 3644 4208 Sitneoni

2071 4236 2124 4289 in
2181 4239 2336 4290 ulnas
2402 4235 2607 4298 datum,
2667 4238 2742 4292 ita
2798 4253 2898 4307 ego
2950 4255 3170 4294 servum
3222 4252 3412 4308 tuum,
3475 4243 3642 4297 ﬁlium

2072 4340 2274 4391 meum,
2305 4327 2509 4380 tttas.in
2542 4343 2734 4382 manus
2766 4333 3067 4385 committo.
3102 4329 3259 4385 Norit
3305 4331 3449 4386 Deus
3479 4349 3644 4404 quam

2073 4427 2126 4470 tu
2162 4417 2310 4470 illum
2344 4417 2572 4472 honeste
2604 4419 2682 4473 sis
2716 4420 3024 4478 habiturus.
3062 4441 3081 4474 ι
3147 4421 3303 4477 llunc
3346 4423 3647 4494 imperator

1661 4599 1898 4657 VARle
1939 4598 2344 4658 LECTIONES.

463 4758 513 4832 ’ξ
541 4757 874 4832 ἀνελεῑνλίτὸν
894 4760 1038 4832 ύπᾷρ
1065 4759 1260 4814 ἑαυτοῦ
1275 4759 1410 4830 τῆςῗ
1484 4759 1529 4792 ⁷⁸
1555 4759 1650 4814 tv?
1721 4759 1768 4790 "
1795 4757 2123 4811 σπείσασθαι
2151 4757 2428 4822 Petavius,
2466 4755 2752 4810 πείσεσθαι
2774 4757 2834 4811 Ρ.
2909 4759 2952 4790 π
2977 4757 3248 4831 ἀλλήλοις.
3290 4761 3348 4816 P.
3426 4766 3470 4795 7“
3501 4766 3651 4820 πολι-

385 4828 592 4883 τειῶνῗ
668 4831 714 4864 ⁷⁵
744 4829 824 4884 ὅν.
859 4831 992 4884 ὃσαῗ

1751 4963 2028 5020 PETAVII
2078 4961 2314 5020 ΝΟΤΔΞ.

463 5097 827 5179 (61λΓρᾴφει
857 5117 922 5154 τε
978 5103 1129 5168 πρὸς
1161 5103 1408 5179 ἀὐτ-ὀπί.-
1443 5101 1752 5179 Εεειιιιηὶη
1805 5103 1960 5179 Alex.
1995 5108 2038 5162 D
2067 5103 2346 5179 successio
2371 5103 2771 5179 _a_Theopltane
2798 5107 2886 5179 ita_
2900 5106 3254 5162 describitur.

386 5166 668 5224 Chronico
704 5166 1064 5237 fragmentum
1091 5166 1331 5240 epistola:
1355 5172 1527 5226 Sirois
1557 5174 1622 5226 ad
1649 5171 1956 5228 Heracliutn

387 5253 517 5292 cum
555 5241 654 5293 hac
677 5241 1069 5308 inscriptione:
1110 5242 1351 5296 Aeabata
1383 5240 1656 5298 Sadasace
1707 5243 1956 5298 Heraclio

389 5308 842 5368 clementissimo,
877 5319 986 5364 etc.

471 5379 582 5449 (63)
613 5379 835 5446 Κρατεῐ
857 5379 926 5432 δὲ
952 5378 1056 5447 τῆς
1079 5381 1408 5446 βασιλείας
1443 5379 1711 5449 Περσῶν.
1743 5380 1957 5437 Caboes

387 5449 497 5504 iste
544 5465 810 5520 nusquam
853 5451 904 5503 in
939 5449 1230 5504 Persarum
1281 5467 1502 5520 regnum
1555 5466 1781 5506 numero
1828 5468 1960 5506 cen-

386 5532 564 5591 setur.
601 5518 863 5588 Suspicor
895 5535 1083 5575 errore
1130 5518 1421 5591 Nicephori
1468 5521 1668 5576 factum
1717 5530 1777 5576 ut
1819 5523 1958 5587 ejus-

388 5589 517 5662 dem
549 5592 764 5662 nomina
791 5592 902 5644 duo
929 5605 1030 5658 pro
1060 5589 1290 5662 dtversis
1317 5591 1533 5662 regibus
1582 5593 1952 5662 traherentur:

387 5658 600 5730 Siroes
637 5660 782 5730 enim
833 5662 1070 5730 Aeabata
1118 5661 1314 5724 dictus,
1367 5658 1508 5730 quod
1569 5661 1734 5716 ϐηὺοί
1781 5660 1958 5716 simile

387 5738 499 5783 eat.
556 5725 671 5782 Nisi
735 5729 875 5782 forte
911 5729 1118 5786 Atleser
1167 5730 1344 5785 Sirois
1383 5725 1540 5785 'lilius
1584 5731 1692 5784 alio
1741 5731 1958 5784 nomiue

387 5799 599 5854 Caboes
627 5801 698 5854 sit
743 5810 1106 5876 nuncupatus.
1135 5801 1234 5876 {te
1255 5815 1445 5876 regum
1480 5801 1698 5871 quidem
1729 5802 1954 5858 istorum

2139 5171 2328 5227 Siroes
2357 5171 2832 5241 Adeser,'menses
2856 5175 2911 5229 7.

2137 5241 2307 5296 Ssrba
2319 5257 2496 5307 razas,
2520 5260 2679 5312 quem
2712 5246 2970 5304 Barazam
2990 5255 3147 5299 vocat
3169 5244 3648 5314 Cedrenus,inter-

2064 5310 2209 5365 freto
2240 5314 2468 5376 Ades-er,
2497 5310 2712 5368 menses
2740 5317 2796 5370 2.
3077 5327 3089 5334 ’

2135 5380 2366 5452 μονιηιε,
2385 5382 2632 5438 Cedretto
2653 5385 2848 5439 Baram
2873 5383 3162 5439 Chrosrois
3186 5385 3320 5452 lilia,
3350 5403 3566 5446 menses
3593 5392 3644 5446 7.

2140 5449 2482 5516 llormisdas,
2523 5469 2698 5509 annos
2729 5455 2815 5508 ll.

2065 5519 2148 5574 Ab
2178 5519 2615 5600 ii§__Nieepl_1_ortts
2654 5536 2837 5579 noster
2868 5526 3029 5598 longe
3073 5531 3323 5587 diversus
3362 5529 3517 5596 abiit,
3552 5531 3645 5600 qui

2067 5601 2191 5658 post
2218 5589 2422 5669 Sirpen'
2449 5589 3124 5669 Caboen‘recensetfbine
3163 5589 3531 5666 llortnisdam,
3555 5589 3652 5669 po-

2065 5671 2268 5741 stremo
2296 5660 2616 5741 $arbarunt.
2649 5665 2792 5720 Sane
2816 5674 3128 5741 communis
3159 5676 3273 5727 haec
3303 5671 3490 5741 opinio
3516 5660 3628 5725 'ést

2065 5728 2692 5811 ﬂortrtisdattiultimum
2727 5738 2968 5791 onmium
3023 5743 3074 5795 in
3110 5728 3624 5810 Perside'regnasse

2070 5799 2169 5856 Cui
2193 5799 2511 5871 Sigebertus
2542 5815 2749 5860 annum
2785 5822 2948 5868 unum
2973 5811 3239 5868 duntaxat
3271 5799 3534 5868 attribuit.
