4016 6428
410 416 518 483 917

1370 424 1469 483 DE
1509 427 1758 487 REBUS
1799 430 1981 489 POST
2020 433 2466 493 MAURICIUM
2503 432 2788 491 GESTIS.

3571 421 3673 481 MS

411 534 550 603 ηγὺν
574 534 982 605 προχειρίζεται
1012 537 1105 589 καὶ
1130 539 1340 608 πέμπει
1361 541 1498 594 κατά
1530 542 1868 613 Σαρακηνῶν
1892 546 2000 601 τῶν

2106 565 2268 604 cenos
2297 549 2388 617 qui
2419 548 2713 618 Aigyplum
2757 543 3095 613 occupabant
3128 538 3674 605 mittit..Quibusmnm

411 626 475 677 ἐν
500 625 796 697 Αἰγύπτῳ·
830 622 911 691 οἷς
954 628 1244 699 συμϐαλὼν
1282 630 1474 684 πίπτει
1526 635 1620 686 καὶ
1654 635 1837 697 αὐτὸς.
1867 637 1989 690 Ἔτι

410 719 473 771 δὲ
501 719 744 790 Μαρῖνος
773 719 800 772 ὁ
823 719 933 773 τῶν
987 720 1280 792 Θρᾳκικῶν
1328 724 1836 795 ἐκστρατευμάτων
1856 730 1987 798 ἡγεο

415 809 539 879 μὼν
570 811 852 882 συμμίξας
911 812 1099 876 αὐτοῖς
1145 815 1372 886 ἡττήθη,
1444 815 1695 871 πολὺνδέ
1757 820 1988 889 στρατὸν

415 901 717 956 ἀποϐαλὼν
741 902 837 957 καὶ
863 903 1027 966 αὐτὸς
1046 904 1200 975 μόλις
1218 905 1568 971 ἀποσώζεται
1596 909 1664 964 ’⁸.
1686 900 1822 962 Μετ’
1852 911 1993 962 ἐκεῖ·

406 1008 510 1047 νον
540 993 908 1063 προϐάλλεται
951 997 1259 1067 στρατηγὸν
1304 998 1584 1069 Μαριανὸν
1632 999 1993 1053 κουϐικουλά-

415 1104 537 1157 ριον
567 1088 723 1158 παρὰ
762 1087 1050 1159 Ῥωμαίων
1087 1090 1188 1159 τὴν
1215 1088 1392 1155 ἀξίαν,
1425 1090 1517 1144 καὶ
1551 1092 1760 1161 πέμπει
1789 1094 1988 1160 ἐκεῖσε,

411 1181 802 1251 παραγγείλας
837 1181 911 1245 ὼς
960 1182 1373 1237 ἀνακοινοῦσθαι
1424 1185 1592 1256 Κύρῳ
1619 1184 1694 1256 τῷ
1744 1186 1993 1252 Ἀλεξαν-

409 1273 878 1344 δρείαςίεράρχῃ,
939 1274 1034 1327 καὶ
1064 1266 1151 1338 ’ὼς
1199 1275 1263 1328 ἂν
1315 1279 1464 1347 κοινῇ
1523 1276 1897 1346 βουλεύσοιντο
1922 1278 1991 1331 τὰ

414 1365 557 1436 πρδς
594 1367 722 1427 τοὺς
756 1366 1109 1436 Σαρακηνοῦς
1135 1367 1422 1421 διάθοιντο.
1460 1369 1638 1439 Κῦρος
1666 1370 1720 1422 δὲ
1736 1354 1803 1440 ἦν
1837 1369 1991 1440 δεδη-

409 1450 612 1516 λωκὼς
634 1453 845 1522 βασιλεῖ
872 1455 1196 1509 σπείσεσθαι
1238 1458 1332 1509 ἐπὶ
1382 1457 1713 1528 τελέσμασιν
1756 1458 1989 1529 ’Λμϐρῳ

410 1543 496 1612 τῷ
517 1544 626 1596 τῶν
660 1544 1002 1628 Σαρακηνῶν
1040 1546 1321 1616 φυλάρχῳ,
1349 1546 1377 1599 ὃ
1412 1546 1474 1618 δὴ
1506 1550 1599 1601 καὶ
1623 1546 1891 1619 ὑπάρχειν
1922 1549 1989 1601 δι’

413 1633 720 1702 ἐμπολαίω
752 1637 1109 1706 συνεισφορᾶς
1142 1637 1430 1707 ἐσήμαινε,
1455 1637 1522 1690 τὰ
1575 1637 1632 1690 δέ
1658 1637 1735 1708 τῷ
1784 1639 1992 1708 βασιλεῖ

416 1725 773 1794 παρεχόμενα
822 1723 1142 1779 ἀδιάπτωτα
1190 1726 1408 1795 μένειν·
1442 1730 1886 1800 κατεγγυηθῆναι
1933 1731 1990 1783 δὲ

418 1815 572 1885 αὐτῷ
600 1814 865 1868 Εύδοκίαν
888 1814 987 1886 τὴν
1026 1815 1347 1884 ,λύγοῦσταν
1377 1818 1410 1888 ἢ
1458 1818 1587 1887 μίαν
1615 1820 1723 1871 τῶν
1757 1812 1989 1888 θυγατέ-

2098 640 2391 694 commisso
2443 639 2629 709 pra-lio
2698 638 2958 699 exeditur,
3017 650 3228 702 unaque
3300 642 3353 683 ct
3433 629 3676 683 Marinus

2100 729 2351 785 Thracia:
2391 730 2729 783 exercitibus
2757 725 3048 796 praefectus
3079 739 3107 775 a
3141 721 3393 775 Barbaris
3416 718 3673 780 vincitur.

2100 831 2155 874 et
2182 819 2365 875 multis
2403 835 2625 874 suorum
2659 817 2877 872 amissis
2922 829 3066 885 aegre
3124 814 3237 883 ipse
3284 820 3529 865 servatus
3568 820 3673 861 cst.

2097 910 2227 965 Post
2265 910 2413 964 illum
2446 909 2720 963 Marianus
2749 906 3121 961 cubicularius
3153 903 3260 957 dux
3288 900 3528 966 eligitur,
3552 913 3675 951 cum

2100 1006 2371 1060 mandatis
2425 1014 2487 1059 ut
2536 1003 2940 1060 communicato
2991 1016 3115 1055 eum
3171 998 3316 1067 Cyro
3368 992 3676 1065 patriarcha

2097 1098 2323 1154 consilio
2348 1098 2509 1152 ambo
2539 1098 2680 1152 inter
2707 1111 2768 1152 se
2795 1095 2863 1149 de
2896 1090 3226 1148 Saracenico
3246 1088 3387 1142 bello
3410 1085 3680 1140 delibera-

2096 1198 2244 1257 rent.
2296 1188 2512 1245 Etenim
2548 1189 2723 1258 Cyrus
2754 1184 3065 1255 imperatori
3108 1180 3516 1252 significaverat
3554 1192 3662 1231 cuu

2095 1281 2298 1342 Omaw
2351 1282 2749 1357 Saracenorum
2782 1277 3063 1349 principe,
3114 1276 3434 1343 interposita
3488 1270 3650 1323 tribui

2098 1377 2369 1444 pactione,
2407 1373 2689 1430 conveniri
2736 1386 2911 1440 posse,
2949 1370 3091 1439 quod
3134 1368 3309 1436 ipsum
3347 1362 3489 1416 nullo
3517 1373 3654 1413 cano

2096 1470 2181 1521 uis
2233 1467 2561 1540 dett'imento
2602 1464 2873 1518 mercibus
2904 1462 3260 1516 indiceretur.
3308 1458 3385 1509 Ad
3428 1456 3541 1507 lure
3592 1452 3679 1505 de-

2095 1557 2350 1628 sponderi
2384 1558 2626 1612 barbaro
2663 1554 2956 1610 Eudociam
2979 1554 3277 1621 Augustam
3300 1556 3571 1616 opm-tere,
3593 1555 3683 1597 aut

2097 1649 2446 1718 imperatoris
2499 1648 2737 1702 filiarum
2783 1647 2943 1700 aliam
2980 1643 3315 1715 quampiam.
3374 1637 3490 1693 Hoc
3537 1638 3678 1690 enim

2096 1739 2256 1794 modo
2280 1739 2349 1795 ad
2388 1740 2628 1793 divinum
2667 1739 2946 1794 lavacrum
2987 1748 3338 1791 accessurum
3375 1731 3677 1793 hominem,

2096 1837 2152 1882 et
2197 1827 2568 1882 Christianum
2598 1827 2743 1881 haud
2780 1826 2943 1880 dubie
2982 1824 3250 1879 futurum.
3296 1820 3439 1891 Cyro
3482 1819 3682 1887 quippe

421 1921 534 1974 ρων
554 1901 651 1957 τοῦ
703 1901 969 1973 βασιλέως
996 1904 1073 1968 ὼς
1104 1905 1358 1958 ἐντεῦθεν
1390 1908 1484 1959 καὶ
1514 1908 1591 1979 τῷ
1622 1907 1752 1979 θείῳ
1781 1908 1993 1982 λουτρῴ

2106 1914 2331 1973 Omarus
2360 1917 2584 1987 ejusque
2612 1915 2885 1971 exercitus
2913 1914 3036 1969 ﬁdei
3066 1912 3358 1983 plurimum
3384 1909 3678 1968 habebant,

419 1996 916 2068 βαπτισθησομένῳ
932 1998 1077 2050 καὶΧ
1090 1998 1350 2071 ριστιανῷ
1371 2017 1478 2072 χρη
1488 2001 1788 2071 ματίσοντι.
1815 2003 1998 2056 Ἐπεί-

425 2090 548 2142 θετο
573 2088 681 2160 γὰρ
716 2088 962 2161 Ἀμϐρος
993 2090 1071 2159 τῷ
1098 2091 1266 2162 Κύρῳ
1305 2092 1401 2144 καὶ
1430 2095 1458 2146 ὁ
1497 2092 1688 2146 τούτου
1724 2096 1951 2165 στρατός
1978 2112 1992 2128 ο

434 2182 526 2233 καὶ
542 2183 649 2252 γὲρ
671 2182 902 2251 ἠγάπων
926 2184 1087 2235 αὐτὸν
1125 2182 1268 2237 λίαν.
1300 2186 1412 2238 Καὶ
1431 2184 1635 2240 τούτων
1672 2186 1995 2258 Ἡράκλειος

437 2274 638 2338 οῦδενὲις
680 2273 948 2345 ἠνείχετο.
1012 2275 1232 2346 Ἐπειδὴ
1265 2260 1456 2329 δὲ’καὶ
1506 2278 1792 2349 Μαριανὸς
1822 2278 1996 2332 ταῦτα

430 2363 772 2434 ἐξηπίστατο,
829 2364 1074 2419 διίστατο
1100 2362 1203 2431 τῆς
1252 2366 1346 2419 τοῦ
1389 2366 1576 2440 Κύρου
1653 2367 1900 2441 γνώμης,
1939 2371 2034 2423 καὶ

425 2457 573 2529 αὐτῷ
602 2459 832 2530 στρατὸς
865 2460 1068 2524 ἱκανός.

492 2552 679 2626 Τούτῳ
731 2554 810 2625 τῷ
845 2555 1020 2626 χρόνῳ
1050 2557 1309 2626 ἀνέζευξε
1348 2559 1485 2628 πρὸς
1528 2560 1596 2615 τὰ
1619 2562 1794 2614 οἰκεῖα
1836 2561 2004 2633 ἸΙρά-

424 2644 628 2709 κλειος,
656 2647 752 2699 καὶ
784 2646 1036 2717 ηὐλίζετο
1085 2650 1146 2702 ἐν
1175 2648 1252 2722 τῷ
1283 2650 1534 2722 παλατίῳ
1565 2651 1643 2722 τῷ
1677 2653 2000 2725 καλουμένῳ

422 2738 523 2808 τῆς
587 2738 784 2810 Ἰερίας
813 2739 947 2819 (72)·
989 2741 1178 2795 ἐδεδίει
1253 2744 1364 2813 γὰρ
1420 2743 1678 2814 ἐπιϐῆναι
1729 2745 2001 2817 θαλάσσῃ,

425 2831 601 2886 πολλά
634 2848 694 2885 τε
721 2832 1000 2900 ἀξιοῦντες
1030 2834 1086 2888 οἵ
1105 2852 1165 2888 τε
1182 2835 1441 2906 ἄρχοντες
1460 2837 1552 2889 καὶ
1583 2838 1634 2890 οἱ
1654 2838 1756 2907 τῆς
1788 2837 2000 2902 πόλεως

422 2923 487 2974 ἐν
516 2926 580 2994 τῇ
609 2924 764 2977 πόλει
802 2926 1068 2979 εἰσελθεῖν
1101 2926 1319 2981 ἔπειθον
1345 2927 1617 2999 οὐδαμῶς.
1654 2929 1744 2982 Ἐν
1777 2929 1835 2983 δὲ
1876 2918 2000 2994 ταῖς

423 3015 641 3085 ἑορταῖς
684 3015 880 3084 μόνους
915 3017 1044 3080 τοὺς
1074 3018 1223 3081 υἱοὺς
1277 3014 1558 3088 ἐξέπεμπε
1584 3016 1652 3084 ⁸⁸,
1696 3019 1791 3072 καὶ
1847 3018 2004 3072 αὐτοὶ

421 3105 804 3171 ἐπιτελοῦντες
832 3108 891 3160 ἐν
919 3106 998 3177 τῷ
1030 3107 1164 3179 ίερῷ
1186 3108 1283 3179 τὴν
1305 3108 1818 3183 θείανλειτουργίαν
1841 3109 2005 3174 εὐθὺς
2042 3156 2050 3161 .

424 3200 565 3271 πρὸς
596 3200 763 3255 αὑτὸν
791 3199 1040 3274 ἐξῄεσαν.
1104 3201 1384 3266 Ὡσαύτως
1429 3202 1526 3257 καὶ
1574 3201 1701 3267 τοὺς
1745 3204 2002 3267 ἱππικοὺς

2103 2024 2262 2079 quem
2294 2017 2347 2063 et
2379 2009 2624 2079 impense
2651 2007 2928 2062 amabant.
2969 2005 3078 2060 Sed
3120 2004 3235 2058 haec
3283 1999 3536 2054 Heraclio
3577 1998 3679 2051 mi-

2088 2101 2251 2167 nime
2307 2100 2648 2169 placuerunt.
2703 2097 2837 2164 Quae
2870 2097 2962 2151 ubi
2995 2095 3179 2167 omnia
3215 2092 3496 2149 Marianus
3530 2104 3679 2143 com-

2106 2191 2281 2259 perit,
2316 2203 2347 2249 ιι
2393 2188 2535 2259 Cyro
2573 2188 2903 2243 dissentiens
2935 2194 3134 2241 etcum
3170 2181 3463 2238 Saracenis
3491 2176 3682 2233 confli-

2107 2292 2238 2349 gens
2272 2294 2395 2334 cum
2432 2280 2635 2349 ingenti
2664 2292 2891 2339 numero
2922 2276 3152 2331 militum
3187 2273 3461 2330 occubuit.

2106 2369 2400 2442 συμϐαλὼν
2449 2371 2791 2442 Σαρακηνοίς
2848 2368 3044 2421 πίπτει
3091 2382 3150 2418 τε
3215 2364 3381 2428 αὐτὸς
3429 2363 3524 2417 καὶ
3586 2363 3682 2415 σὺν

2185 2563 2298 2618 Sub
2330 2563 2443 2617 haec
2474 2562 2755 2617 lleraclius
2782 2560 2849 2616 ad
2874 2561 3061 2616 urbem
3093 2572 3349 2614 reversus
3380 2557 3432 2609 in
3457 2554 3680 2624 palatio,

2109 2655 2252 2723 quod
2282 2654 2481 2709 llieriae
2502 2650 2724 2717 dicitur,
2760 2653 2962 2707 mansit
3001 2668 3014 2704 :
3045 2663 3224 2720 neque
3271 2649 3416 2701 enim
3451 2645 3586 2700 mari
3623 2662 3683 2697 se

2109 2748 2449 2803 committere
2480 2745 2730 2801 audebat.
2767 2743 3014 2812 Cumque
3035 2751 3091 2796 et
3120 2741 3472 2808 magistratus
3494 2746 3550 2793 et
3573 2738 3685 2806 pri-

2111 2854 2292 2895 mores
2314 2839 2535 2894 civium
2566 2838 2837 2893 instarent
2884 2844 2941 2889 ut
2972 2834 3026 2888 itt
3059 2835 3246 2889 urbem
3286 2833 3682 2902 ingrederetur,

2108 2927 2438 2998 persuadere
2486 2924 2600 2996 29
2649 2939 2757 2980 non
2794 2933 3107 2995 potuerunt.
3140 2924 3218 2978 Ac
3237 2938 3337 2993 per
3370 2921 3538 2989 festos
3568 2920 3685 2974 dies

2106 3018 2248 3074 filios
2277 3019 2540 3074 duntaxat
2588 3016 2857 3082 mittebat,
2903 3015 2995 3085 qui
3041 3015 3219 3070 sacris
3261 3014 3317 3068 iu
3365 3011 3564 3082 templo
3617 3025 3687 3065 ex

2105 3123 2257 3164 more
2301 3108 2559 3178 perfectis
2607 3108 2790 3162 statim
2833 3107 2902 3161 ad
2943 3106 3117 3173 ipsum
3164 3102 3544 3167 revertebant;
3599 3101 3687 3153 iti—

2107 3202 2341 3270 demque
2386 3209 2678 3269 postquam
2729 3196 3081 3253 Circensibus
3141 3195 3467 3264 spectaculis
3516 3195 3685 3248 inter»

421 3290 644 3360 ἀγῶνας
689 3293 856 3363 ἡνίκα
909 3294 1164 3359 ἐθεῶντο,
1224 3294 1388 3348 πάλιν
1455 3294 1595 3366 πρὸς
1645 3294 1739 3349 τὸν
1791 3295 2000 3365 πατέρα

2110 3292 2346 3358 fuerant,
2391 3292 2576 3349 statim
2624 3291 2691 3344 atl
2742 3298 3023 3360 parentem
3055 3287 3325 3342 redibant.
3366 3285 3533 3354 igitur
3560 3300 3682 3336 cum

422 3382 770 3455 ἀπεχώρουν.
810 3385 901 3441 Ἑν
927 3380 972 3454 ᾧ
1016 3387 1072 3440 δὲ
1119 3387 1388 3457 διέτριϐεν
1434 3387 1645 3451 ἐκεῖσε,
1677 3387 2007 3456 ἀγγέλλεται

424 3478 573 3547 αὐτῷ
604 3477 737 3540 sge-
780 3478 896 3541 υἱὸς
948 3476 1115 3531 αὐτοῦ
1173 3476 1532 3547 Ἀταλάριχος
1594 3477 1690 3531 καῖ⁵
1731 3478 2012 3550 Θεόδωρος

423 3571 456 3621 ὁ
510 3569 607 3640 τὴν
655 3569 811 3633 ἀξίαν
863 3568 1185 3639 μάγιστρος,
1225 3566 1506 3639 Θεοδώρου
1541 3568 1599 3621 δὲ
1622 3568 1717 3623 τοῦ
1745 3569 2014 3640 βασιλέως

423 3659 658 3730 ἀδελφοῦ
712 3661 848 3725 υίὸς,
890 3660 989 3713 σὺν
1020 3660 1200 3724 ἀλλοις
1240 3663 1384 3715 τισὶν
1434 3660 1809 3716 ἐπιϐουλεύειν
1860 3661 2011 3732 αύτῷ

424 3751 657 3824 ἤμελλον
686 3767 701 3782 ⁸
782 3755 877 3806 καὶ
948 3754 1062 3816 τοῖς
1132 3750 1408 3823 μηνύσασι
1462 3752 1711 3817 πεισθεὶς
1795 3752 2004 3808 τούτων

423 3844 526 3908 τὰς
574 3846 730 3913 ῥῖνας
770 3844 994 3908 καὶτὰς
1025 3847 1212 3915 χεῖρας
1240 3843 1487 3914 ἐξέτεμε,
1548 3845 1645 3898 καὶ
1709 3845 2003 3916 Ἀταλάριο

406 3952 522 4006 χον
591 3935 692 4006 μὲν
745 3938 829 4000 είς
888 3937 987 4007 τὴν
1041 3936 1217 4007 νῆσοντ
1252 3935 1351 4007 τὴν
1399 3935 1705 4006 λεγομένην
1763 3936 1999 4008 Πρίγκιει

426 4041 529 4078 πον
559 4026 672 4098 (75)
733 4026 1011 4097 ἐξόριστον
1072 4024 1373 4096 ἐξέπεμψε,
1421 4023 1803 4095 Θεόδωρονδὲ
1864 4026 2003 4097 πρὸς

425 4117 525 4189 τὴν
556 4119 720 4190 νῆσον
744 4120 866 4190 ,τὴν
888 4118 934 4153 ⁹⁶
965 4118 1373 4190 Γαυδομελέτην
1419 4118 1998 4190 προσαγορευομένην,

2110 3386 2223 3442 illic
2294 3385 2654 3446 consisteret,
2711 3381 3015 3436 nuntiatum
3059 3380 3109 3433 ei
3165 3388 3251 3433 est
3310 3377 3683 3431 Atalarichum

2111 3477 2279 3531 filium
2312 3486 2368 3531 et
2406 3472 2747 3530 Theodorum
2791 3473 3132 3541 magistrum,
3169 3468 3442 3539 Theodori
3499 3467 3686 3522 fratris

2111 3568 2305 3634 filium,
2330 3582 2455 3622 cum
2492 3566 2615 3621 aliis
2650 3565 2974 3633 quibusdam
3003 3572 3191 3617 contra
3241 3576 3299 3616 se
3344 3559 3681 3630 coniurasse.

2111 3661 2350 3729 Quarum
2392 3674 2573 3715 rerum
2604 3657 2875 3713 indicibus
2899 3655 3130 3711 credens
3159 3668 3319 3711 nares
3350 3651 3455 3706 illis
3488 3660 3543 3705 et
3570 3666 3687 3705 ma—

2116 3766 2217 3805 nus
2243 3748 2506 3820 praecidit.
2533 3746 2882 3801 Atalarichus
2917 3747 2969 3798 in
3001 3743 3233 3797 insulam
3269 3742 3488 3795 nomine
3532 3737 3689 3791 Prin-

2113 3841 2292 3910 cipum
2322 3838 2657 3909 depertatur,
2690 3836 3010 3891 Theodorus
3038 3848 3167 3888 vero
3199 3833 3251 3886 in
3285 3830 3514 3887 insulam
3551 3827 3690 3883 Gau-

2113 3931 2437 3986 domeleten.
2465 3930 2631 4000 Cujus
2661 3928 2850 3983 insulae
2880 3925 3005 3983 duci
3030 3925 3250 3979 mandat
3270 3932 3349 3988 ut,
3381 3936 3501 3977 cum
3540 3920 3606 3973 ad
3630 3935 3689 3973 se

2112 4025 2469 4093 pervenisset,
2500 4038 2665 4077 unum
2693 4022 2739 4076 ei
2768 4036 2846 4075 ex.
2870 4018 3099 4089 pedibus
3125 4024 3450 4085 amputaret.
3486 4011 3685 4066 Eadem

2111 4126 2165 4170 et
2189 4117 2240 4168 in
2276 4130 2467 4169 omnes
2497 4112 2755 4168 facinoris
2798 4109 3045 4166 conscios
3081 4121 3239 4178 poena
3273 4104 3612 4162 decernitur.

427 4211 731 4282 ἐπιτρέψας
785 4211 863 4281 τῷ
915 4212 1095 4265 ἐκεῖσε
1122 4212 1322 4293 δουκὶ,
1391 4212 1555 4282 ἡνίκα
1627 4212 1765 4283 πρὸς
1822 4211 1985 4264 αὐτὸν
2050 4207 2370 4272 καταλάϐοι,
2419 4207 2516 4261 καὶ
2563 4207 2654 4259 τὸν
2723 4203 2912 4273 ἓτερον
2951 4198 3064 4252 τῶν
3146 4197 3325 4251 ποδῶν
3367 4192 3685 4265 ἀφελέσθαι.

427 4306 586 4359 Κατὰ
618 4305 793 4359 ταῦτα
819 4304 877 4360 δὲ
927 4305 1021 4358 καὶ
1051 4304 1177 4368 τοὺς
1207 4303 1538 4371 συγγνόντας
1568 4303 1752 4367 αὐτοῖς
1775 4302 1844 4356 τὰ
1882 4303 1983 4373 τῆς
2018 4298 2314 4369 ἐπιϐουλῆς
2343 4296 2748 4370 ἐτιμωρήσατο.

499 4401 719 4472 Χρόνου⁸
758 4382 837 4453 δὲ⁵
882 4398 1069 4453 ίκανοῦ
1121 4397 1426 4461 διελθόντος
1485 4397 2003 4468 παρασκευάζουσιν

425 4494 480 4545 οἱ
503 4491 596 4546 τοῦ
630 4490 896 4562 βασιλέως
934 4490 1192 4560 ἄρχοντες
1242 4489 1336 4542 τὸν
1382 4489 1622 4560 ἔπαρχον
1649 4488 1727 4552 ὼς
1765 4503 2004 4556 συναγα-

2180 4393 2391 4449 Deinde
2436 4391 2596 4461 longo
2628 4399 2820 4460 postea
2866 4397 3112 4456 tempore
3158 4381 3452 4454 praefectus
3509 4378 3686 4433 urbis.

2112 4486 2526 4557 magistratuum
2554 4482 2791 4548 hortatu,
2826 4479 3012 4534 multis
3047 4480 3101 4532 in
3133 4491 3301 4531 unum
3342 4471 3553 4530 coactis
3594 4486 3690 4524 ua-

426 4585 547 4649 γεῖν
599 4583 828 4636 πλεῖστα
881 4582 1042 4636 πλοῖα
1071 4583 1165 4635 καὶ
1221 4583 1459 4653 ἐχόμενα
1508 4581 1764 4653 ἀλλήλοις
1804 4579 2000 4650 ἐξάψαι

2112 4577 2266 4630 vibus
2292 4583 2346 4630 et
2366 4572 2598 4628 invicem
2627 4569 2884 4645 alligatis,
2910 4568 3050 4625 freto
3082 4567 3224 4639 quod
3261 4563 3556 4636 Angustias
3581 4578 3683 4616 vo.-

427 4674 618 4747 ὥσπερ
647 4674 964 4746 γεφυρώσει
992 4670 1036 4708 θ’
1097 4676 1189 4729 τὸν
1236 4674 1482 4746 πορθμὸν
1534 4673 1630 4727 τοῦ
1664 4672 2006 4743 καλουμένου

429 4766 650 4833 Στενοῦ,
686 4766 915 4829 κλώνοις
943 4768 991 4801 ⁸⁸
1021 4784 1081 4819 τε
1132 4766 1365 4837 δένδρων
1393 4767 1490 4819 καὶ
1517 4766 1782 4836 φυλλάσιν
1809 4764 2008 4819 ἐκατέ-

434 4859 606 4930 ρωθεν
631 4859 1006 4943 διατειχίζειν,
1054 4859 1130 4925 ὼς
1162 4860 1302 4935 μηδὲ
1351 4858 1584 4931 ὁρᾶσθαι
1624 4859 1876 4931 παριόντι
1910 4856 2009 4928 τὴν

2116 4677 2241 4723 cant
2288 4666 2439 4722 velut
2483 4672 2700 4734 pontem
2754 4662 3007 4732 iniungit,
3035 4677 3100 4716 ac
3151 4661 3317 4715 ramis
3342 4658 3598 4712 arborum
3633 4662 3691 4709 et

2120 4756 2272 4815 foliis
2308 4757 2562 4824 utrinque
2624 4753 2795 4806 latera
2854 4750 3171 4821 praetendit,
3222 4757 3280 4802 ut
3337 4745 3687 4817 przetereunti

2118 4865 2383 4920 nusquam
2437 4862 2586 4904 mare
2614 4844 3045 4915 prospiceretur.
3079 4839 3234 4909 Quod
3265 4854 3403 4909 opus
3434 4852 3557 4893 cum
3595 4849 3690 4890 ce.-

1729 5028 1962 5087 VARl/E
1996 4992 2404 5084 LECTIONES.

506 5174 550 5204 "
572 5170 1006 5241 γρ.,διασώζεται
1037 5183 1233 5239 [ηπεοη
1251 5167 1325 5226 Ι).⁵
1388 5167 1436 5200 ’⁸
1460 5166 1802 5237 είσέπεμπεί
1876 5166 1923 5198 ⁸⁸
1944 5168 2047 5237 τὴν
2073 5180 2185 5221 om.
2212 5164 2270 5220 P.
2345 5164 2390 5198 ’⁷
2411 5162 2556 5216 ὥστε
2590 5160 2953 5232 γεφυρῶσαιῖ
3024 5160 3071 5193 ⁸⁸
3098 5158 3308 5222 κλόνσις
3340 5156 3401 5212 Ρ.

1799 5278 2078 5334 ΡΕτΑνιι
2110 5279 2351 5336 NOTAE.

508 5416 616 5485 (72)
663 5415 780 5486 Τῆς
831 5417 1062 5485 Ἰερίας.
1095 5415 1231 5471 Vide
1260 5431 1386 5471 num
1430 5430 1497 5472 eo
1539 5416 1809 5486 pertinent
1841 5414 2002 5486 disti-

436 5488 572 5541 chon
602 5484 737 5541 illud
754 5505 820 5542 ex
843 5490 1008 5542 Anth.
1044 5488 1082 5542 Ι.
1102 5503 1183 5551 tv,
1212 5503 1264 5542 c.
1297 5487 1351 5552 5,
1384 5486 1479 5549 Εἰς
1508 5486 1712 5539 εἴσοδον
1750 5484 1998 5557 Ἱερείας.

544 5598 746 5653 Τοῦτον
787 5598 1167 5662 Ἰουστινιανὺς
1187 5598 1434 5668 ἀγακλέα
1459 5596 1685 5667 δείματο
1708 5595 1910 5668 χῶρον.

537 5669 734 5723 “fda-rt
764 5670 858 5723 καὶ
888 5671 1017 5740 γαίῃ
1047 5669 1242 5731 κάλλος
1271 5669 1680 5740 ἐπικρεμάσας.

437 5761 624 5830 Neque
650 5764 794 5815 enim
827 5762 891 5815 ad
911 5762 1080 5817 tndem
1106 5760 1167 5816 Β.
1201 5759 1438 5832 Virginis
1469 5762 1742 5831 pertinere
1768 5762 2000 5827 videtur,

443 5844 499 5887 ut
535 5834 798 5902 interpres
850 5833 1064 5897 asserit,
1091 5833 1183 5887 sed
1213 5833 1278 5886 ad
1336 5832 1592 5902 palatium
1634 5833 1992 5887 maritimum.

2113 5415 2361 5480 Ejusdem
2426 5414 2613 5485 palatii
2651 5411 2924 5485 meminit_
2952 5418 3008 5485 e_t
3061 5406 3420 5485 Theophanes
3445 5405 3498 5459 in
3538 5422 3591 5461 ε.
3622 5408 3688 5462 l2

2107 5479 2477 5556 (Inpronymi',
2530 5484 2618 5556 ubi
2678 5479 3106 5556 conciliabulum
3151 5480 3436 5556 adversus_
3469 5487 3687 5556 sanctas

2121 5547 2386 5617 iuiaginés
2444 5547 2497 5608 in
2545 5553 2719 5607 Ilierm
2750 5550 2948 5620 palatio
2976 5548 3309 5620 celebratum
3353 5547 3537 5601 refert.
3579 5548 3686 5602 Sed

2117 5634 2171 5680 ct
2205 5624 2543 5680 Nicenhorus
2600 5619 2786 5677 noster
2818 5622 2871 5673 in
2909 5621 3014 5672 line
3043 5619 3300 5672 historiae.

2188 5695 2299 5820 ‘35)
2321 5687 2791 5775 Thr-ﬁam;er
2803 5689 3150 5760 Πρίγκιπον.
3172 5687 3487 5757 Principum
3510 5687 3688 5744 insula

2242 5766 2523 5820 rouonttdc
2551 5775 2653 5818 stta
2684 5774 2786 5815 est.

2114 5766 2164 5819 in
2195 5765 2523 5835 Propontide
2551 5765 2653 5818 sita
2684 5774 2786 5815 est.
