4016 6434
665 264 770 329 939

1694 270 1754 330 S.
1798 272 2215 335 NICEPHORI
2252 275 2755 341 PATRIARCHE
2795 281 2906 349 ΟΡ.

668 370 935 443 greditur,
970 373 1112 429 unde
1145 388 1240 445 per
1273 384 1439 431 totam
1463 377 1650 433 urbem
1680 377 1972 449 dissipatos
2007 381 2245 438 clamare

2169 397 2245 438 tre
2275 391 2314 447 Α
2350 406 2510 458 μενος
2540 391 2791 454 Λεόντιος
2819 391 3025 455 πάντας
3044 394 3169 458 τοὺς
3196 396 3608 467 καθειργμένους
3630 399 3755 452 ἔλυσε

667 466 815 532 jubet
845 476 903 521 ut
932 467 1000 521 ad
1037 466 1254 535 Sophiae
1292 470 1550 539 templum
1580 469 1876 526 Christiani
1901 487 2092 528 omnes
2117 489 2248 529 con-

667 558 920 612 venirent
964 556 1081 630 [an.
1114 558 1264 630 694].
1292 560 1410 628 Quo
1474 562 1702 617 tumultu
1758 563 2044 618 multitudo
2073 566 2250 620 omnis

665 650 879 705 concita
904 656 970 706 ad
1000 651 1376 723 baptisterium
1416 652 1673 725 frequens
1719 656 1955 713 adrenit.
1989 655 2248 712 Leontius

666 757 789 797 cum
843 744 1129 799 monachis
1182 753 1238 799 et
1287 746 1409 801 aliis
1475 746 1669 801 amicis
1724 746 2052 803 Callinicum
2118 759 2247 804 tunc

668 835 821 891 urbis
875 834 1174 891 antistitem
1206 836 1340 903 adit,
1366 852 1430 892 ac
1485 837 1821 893 descendere
1850 837 1961 911 Μ
1993 840 2157 908 cogit,
2191 848 2247 896 et

667 928 735 983 ad
776 928 1030 999 populum
1060 928 1294 984 clamare
1327 947 1341 985 :
1389 948 1409 982 ι
1443 928 1569 985 Haec
1613 939 1698 985 est
1748 931 1864 987 dies
1924 947 2086 1002 quam
2120 932 2247 988 fecit

669 1018 954 1075 Dominus.
994 1037 1015 1072 ι
1061 1018 1296 1088 Populus
1327 1035 1457 1075 vero
1509 1019 1820 1077 Justiniano
1848 1021 2244 1089 fmaledicehat.

666 1109 800 1166 Post
853 1113 968 1165 lucc
1025 1110 1267 1165 universi
1335 1112 1386 1165 in
1449 1111 1875 1181 Hippodromum
1933 1113 2241 1183 conﬂuunt;

669 1209 903 1264 moxque
948 1204 1003 1251 ut
1033 1197 1151 1253 dies
1181 1198 1376 1265 illuxit,
1406 1198 1787 1258 Iustinianum
1825 1207 1890 1256 ad
1925 1218 2019 1258 eos
2047 1202 2250 1273 produ-

667 1286 821 1341 ru'nt.
843 1286 1112 1345 Creterum
1132 1290 1468 1349 vociferante
1499 1293 1659 1362 plebe
1691 1301 1751 1349 ut
1781 1294 1834 1349 in
1862 1295 2246 1365 imperatorem

665 1379 845 1447 gladio
869 1380 1425 1443 animadverteretur,
1455 1379 1715 1436 Leontius
1738 1397 1834 1450 pro
1858 1396 1957 1438 sua
1978 1398 2104 1437 cum
2128 1383 2243 1453 ejus

665 1473 823 1542 p'atre
845 1472 1206 1527 Constantino
1236 1472 1477 1527 amicitia
1502 1474 1626 1529 vitae
1657 1476 1917 1544 pepercit,
1945 1478 2039 1532 sed
2063 1476 2242 1547 lingua

664 1578 729 1619 ac
762 1579 893 1619 naso
920 1563 1225 1620 mutilatum
1261 1565 1313 1619 in
1348 1564 1685 1622 Cbersonam
1733 1568 1921 1622 urbem
1953 1568 2231 1637 deportat,

624 1680 630 1685 θ
664 1671 808 1711 anno
840 1656 955 1725 ejus
988 1656 1200 1727 imperii
1235 1665 1426 1712 exacto
1458 1658 1669 1713 decimo
1719 1657 1977 1713 Leontius
2003 1658 2244 1728 impera-

2347 480 2576 544 ὁπλίσας
2608 484 2701 535 ἐπὶ
2748 483 2841 535 τὸν
2877 482 3216 554 καλούμενον
3262 486 3427 557 φόρον
3462 485 3736 558 ἐξώρμησε,

2347 572 2528 623 κεῖθεν
2556 572 2977 643 σκεδαννύμενοι
2999 572 3046 605 ⁸³
3080 574 3184 629 ἀνὰ
3214 575 3395 630 πάντα
3424 580 3553 649 μέρη
3581 581 3667 650 τῆς
3690 584 3750 636 πό

2348 662 2445 733 βοῇ
2482 661 2712 735 κράζειν
2753 665 3006 718 ἐκέλευσε
3056 668 3265 731 πάντας
3314 669 3656 739 Χριστιανοὺς
3705 675 3755 725 εἰη

2349 754 2494 824 ἱερὸν
2549 758 2645 826 τῆς
2699 756 2901 826 Σοφίας
2942 759 3369 829 παραγίνεσθαι.
3438 762 3523 830 Ἐξ
3573 759 3639 818 ὧν
3695 768 3756 819 πᾶ

2347 845 2553 916 πλῆθος
2608 847 2907 920 θορυϐηθὲν
2963 851 3166 922 σπουδῇ
3221 853 3358 923 πρὸς
3393 854 3480 907 τὸν
3531 856 3743 928 λουτῆρα

2357 935 2688 1006 Ἐκκλησίας
2720 938 3021 1009 ἡθροίζετο.
3065 941 3125 995 Ὀ
3163 941 3220 994 δὲ
3258 943 3354 995 σὺν
3382 947 3492 1008 τοῖς
3529 952 3756 1019 μοναχοῖς

2345 1029 2555 1100 ἑτέροις
2591 1031 2702 1085 τῶν
2746 1031 2914 1101 φίλων
2949 1034 3085 1104 πρὸς
3126 1035 3451 1090 Καλλίνικον
3484 1040 3570 1092 τὸν
3606 1058 3755 1112 τηνικη

2347 1121 2612 1193 ίεράρχην
2640 1125 2740 1193 τῆς
2776 1123 2986 1188 πόλεως
3021 1126 3266 1199 ἔρχεται,
3301 1131 3394 1183 καὶ
3425 1130 3661 1201 βιάζεται
3705 1152 3756 1189 κς

2347 1207 2459 1264 θεῖν
2508 1211 2603 1264 καὶ
2636 1213 2888 1283 φωνῆσαι
2938 1216 3076 1287 πρὸς
3110 1219 3200 1270 τὸν
3230 1218 3389 1272 λαόν’
3439 1239 3456 1272 ι
3491 1222 3686 1293 Αὕτηή
3719 1228 3746 1294 ἡ

2344 1302 2412 1374 ἢν
2441 1304 2700 1377 ἐποίησεν
2730 1309 2758 1360 ό
2787 1308 3011 1380 Κύριος.
3052 1330 3070 1362 ι
3106 1312 3148 1363 Τ
3150 1312 3178 1364 ὸ
3206 1312 3264 1366 δὲ
3298 1312 3500 1383 πλῆθος
3541 1315 3748 1369 Ἰουστιν

2344 1394 2673 1466 ὲδυσφήμει.
2725 1400 2832 1452 Καὶ
2862 1399 3038 1465 οὕτως
3083 1402 3323 1467 ἅπαντες
3357 1406 3449 1457 ἐπὶ
3482 1406 3568 1461 τὸν
3595 1408 3756 1478 χῶρον

2356 1486 2749 1559 Ἱπποδρομίας
2770 1491 2994 1562 ᾧχοντο.
3035 1494 3280 1567 Ἡμέρας
3321 1498 3375 1551 δὲ
3413 1500 3751 1573 ἐπιγενομένη

2346 1579 2604 1650 φέρουσιν
2661 1583 3042 1641 Ἰουστινιανὸν
3087 1590 3224 1660 πρὸς
3260 1590 3475 1656 αὐτούς.
3514 1595 3617 1648 Καὶ
3646 1597 3737 1666 τῆς

2344 1667 2473 1734 θύος
2508 1670 2720 1744 βοώσης
2769 1674 2996 1745 βασιλέα
3049 1678 3204 1748 ξίφος
3246 1681 3608 1754 διαδέχεσθαι,
3660 1688 3756 1740 Λεό

624 1758 751 1802 ·ιοι⁶
783 1763 811 1802 a
852 1748 1051 1818 populo
1086 1747 1353 1804 salutatus
1380 1759 1503 1804 est.
1547 1750 1647 1816 Qui
1709 1765 1834 1805 mox
1901 1749 2210 1819 Stephauun

2169 1766 2238 1847 tu]
2275 1772 2316 1827 Β
2344 1759 2437 1812 τοῦ
2488 1761 2722 1833 αἵματος
2767 1766 2933 1820 αὐτοῦ
2987 1747 3318 1840 φεισάμενος
3347 1747 3438 1828 δι’όι
3466 1776 3562 1847 τὴν
3587 1747 3714 1847 πρὸς
3746 1780 3755 1830 l

624 1860 629 1863 τ
663 1840 972 1894 eunuchum
1012 1828 1072 1896 et.
1104 1839 1473 1895 Theodosium
1522 1842 1872 1906 monachum,
1901 1842 1972 1896 oh
2001 1856 2065 1896 ea
2103 1841 2241 1897 mala

650 1946 780 2001 «qua:
813 1938 1103 2002 perpessus
1141 1924 1209 1988 ab
1242 1932 1309 1988 iis
1343 1931 1539 2000 fuerat,
1572 1933 1736 1989 etiam
1792 1933 1963 1988 invito
2009 1934 2241 2004 impera-

662 2035 799 2092 tore,
847 2027 1283 2096 compreheudit,
1338 2028 1665 2099 etpedibus
1730 2027 1983 2097 alligatos
2039 2042 2103 2083 ae
2143 2044 2243 2097 per

662 2118 849 2173 urbem
879 2118 945 2173 ad
987 2117 1152 2176 Bovis
1209 2116 1386 2174 forum
1447 2128 1713 2176 attractos
1758 2121 1883 2192 igne
1921 2120 2239 2176 combussit.

660 2199 785 2262 Πεεο
813 2208 963 2279 Cpoli
998 2225 1095 2281 per
1122 2225 1216 2266 eos
1244 2211 1360 2267 dies
1394 2211 1738 2269 acciderunt.

2340 1854 2619 1907 σταντῖνον
2675 1856 2767 1909 τόν
2807 1860 3025 1931 πατέρα
3070 1863 3242 1917 αὐτοῦ
3285 1866 3527 1938 ἀγάπην,
3576 1870 3751 1940 τεμὼν

2338 1941 2586 2010 γλῶτταν
2615 1945 2710 2001 καὶ
2739 1947 2838 2020 τὴν
2869 1951 2993 2020 ῥῖνα
3032 1952 3109 2023 (4)
3153 1956 3214 2007 ὲν
3251 1955 3499 2024 Χερσῷνι
3545 1960 3609 2027 τῇ
3652 1959 3756 2010 πόλι

2337 2033 2526 2105 ὠρισε,
2566 2038 2790 2094 δέκατον
2819 2041 2922 2112 ἤδη
2967 2042 3085 2107 ἔτος
3110 2046 3167 2099 ὲν
3195 2049 3259 2118 τῇ
3295 2047 3537 2120 βασιλεία
3565 2051 3756 2106 διανύσι

2337 2128 2589 2193 Λεόντιος
2611 2130 2667 2184 δὲ
2692 2131 2796 2185 ὑπὸ
2823 2134 2919 2187 τοῦ
2949 2136 3191 2207 πλήθους
3220 2138 3479 2209 βασιλεὺς
3500 2142 3756 2215 ἀναγορεύ

2337 2216 2608 2286 Στέφανον
2637 2220 2694 2274 δὲ
2729 2223 2821 2276 τὸν
2848 2223 3106 2297 εὐνοῦχον
3141 2233 3234 2282 καὶ
3264 2230 3599 2287 Θεοδόσιονδι
3624 2235 3710 2287 τὸν
3744 2253 3756 2305 ι

659 2299 776 2392 χὸν,
833 2301 901 2355 δι’
948 2303 1015 2374 ἦν
1070 2302 1332 2374 ὑπέμεινε
1392 2305 1524 2375 παρ’
1580 2304 1759 2359 αὐτῶν
1812 2304 2079 2372 κάκωσιν,
2142 2306 2237 2360 καὶ
2275 2306 2499 2375 ἄκοντος
2530 2312 2624 2367 τοῦ
2692 2313 2961 2384 βασιλέως
3006 2319 3397 2392 συλλαϐόμενοι
3443 2326 3536 2379 καὶ
3596 2299 3756 2379 τῶνᾶ

656 2381 1137 2465 ἕξαναρτήσαντες
1175 2395 1264 2451 διὰ
1304 2396 1514 2468 χρόνων
1553 2398 1817 2470 συρέντας
1879 2399 2019 2490 πρὸς
2076 2398 2177 2471 τὴν
2232 2401 2576 2477 καλουμένην
2628 2381 2723 2462 τοῦ
2773 2408 2910 2475 Βοὸς
2959 2413 3168 2485 ἀγορὰν
3215 2381 3352 2489 πυρὶ
3438 2420 3752 2490 παραδεδώκ

642 2485 771 2539 ’Καὶ
792 2484 860 2538 τὰ
889 2485 989 2555 μὲν
1011 2487 1070 2540 ἐν
1099 2487 1669 2543 Κωνσταντινουπόλει
1698 2487 1842 2544 οὕτω
1871 2489 2149 2548 διέκειντο.

676 2636 681 2641 ,
733 2577 803 2629 At
832 2574 884 2629 in
918 2574 1096 2630 Africa
1130 2575 1399 2649 Carthago
1454 2578 1682 2634 Romani
1717 2589 1876 2634 antea
1910 2580 2124 2651 imperii
2157 2581 2236 2636 ci—

657 2669 796 2722 vitas
824 2682 851 2720 a
879 2667 1164 2723 Saracenis
1194 2680 1530 2741 expugnatur
1564 2670 1675 2743 [an.
1706 2670 1853 2743 696].
1891 2672 2008 2739 Quo
2031 2672 2237 2739 audito,

658 2759 921 2815 Leontius
952 2760 1227 2818 Romanas
1263 2777 1455 2818 omnes
1491 2779 1655 2819 naves
1700 2764 1942 2831 instruit,
1976 2778 2039 2818 ac
2095 2778 2238 2833 prae-

658 2851 802 2908 fecto
839 2850 1052 2908 Joanne
1090 2903 1095 2908 .
1110 2854 1341 2924 patricio
1394 2855 1510 2909 viro
1546 2854 1754 2912 bellicis
1783 2857 1943 2911 rebus
1991 2864 2234 2925 experto,

657 2942 1042 3014 Carthaginem
1075 2955 1261 3000 contra
1296 2946 1599 3002 Saracenos
1630 2949 1816 3003 mittit.
1870 2948 1968 3002 llic
2012 2961 2134 3001 cum
2169 2962 2235 3004 eo

2423 2583 2567 2637 Ἡδὲ
2613 2585 2702 2638 ὑπ’
2749 2587 3013 2660 Ἀφρικὴν
3044 2591 3354 2664 Καρχηδὼν
3402 2595 3596 2668 πρώην
3633 2601 3736 2655 ὑπὸ

2343 2674 2523 2744 μαίοις
2545 2675 2772 2730 τελοῦσα
2801 2680 2923 2755 τότε
2950 2681 3058 2734 ὑπὸ
3082 2685 3243 2754 χεῖρα
3273 2687 3380 2739 τῶν
3413 2689 3744 2762 Σαρακηνῶν

2337 2785 2457 2833 ται,
2490 2768 2713 2841 πολέμῳ
2740 2772 2871 2842 παρ’
2903 2773 3087 2838 αὐτοῖς
3122 2774 3415 2847 ληφθεῖσα.
3451 2781 3623 2836 Τοῦτο
3660 2786 3756 2839 δια

2337 2861 2589 2927 Λεόντιος
2635 2862 2852 2919 ἅπαντα
2895 2868 2965 2918 τὰ
3020 2867 3310 2939 Ῥωμαϊκὰ
3366 2873 3633 2940 ἐξώπλισε
3687 2880 3755 2931 πλ

2344 2954 2647 3024 στρατηγόν
2694 2972 2754 3007 τε
2803 2957 2889 3009 ἐπ’
2936 2958 3119 3022 αὐτοῖς
3189 2959 3440 3034 Ἰωάννην
3483 2965 3574 3018 τὸν
3623 2986 3756 3039 πατε

644 3037 1016 3104 pervenisset,
1050 3036 1363 3104 Saracenis,
1391 3041 1479 3109 qui
1510 3041 1707 3095 ibidem
1748 3051 1923 3109 erant,
1952 3042 2004 3097 in
2054 3045 2230 3113 fugam

2150 3057 2233 3097 am
2263 3072 2305 3129 ο
2339 3049 2602 3120 ἔμπειρον
2626 3047 2737 3102 τῶν
2764 3049 3042 3119 πολεμίων
3067 3056 3563 3127 προχειρισάμενος
3600 3062 3736 3132 arpi);

664 3129 860 3196 versis,
891 3130 1079 3184 urbem
1111 3130 1255 3185 illam
1281 3130 1538 3187 Romaum
1563 3133 1754 3187 ditioui
1785 3136 2044 3201 restituit,
2074 3146 2235 3193 cxte-

658 3239 826 3292 raque
860 3224 1004 3279 illius
1039 3224 1275 3294 regionis
1298 3226 1492 3295 oppida
1527 3240 1555 3278 a
1587 3224 1946 3281 Barbarorum
1972 3231 2236 3285 servitute

641 3318 966 3383 “vindicans,
993 3325 1046 3370 et
1070 3316 1305 3370 militare
1339 3316 1648 3385 praesidium
1701 3318 2002 3387 imponens,
2038 3320 2234 3375 ibidem

638 3409 889 3462 hiemem
917 3409 1169 3463 traducit.
1209 3408 1407 3465 Verum
1437 3407 1836 3465 Saracenorum
1869 3411 2138 3481 princeps,
2173 3429 2234 3466 ea

653 3515 716 3554 re
745 3499 852 3571 45
897 3508 1197 3569 comperta,
1235 3498 1420 3568 majori
1466 3511 1655 3556 contra
1683 3516 1804 3555 eum
1837 3501 1960 3557 belli
1998 3504 2137 3559 mole
2184 3512 2238 3558 et

653 3602 918 3662 apparatu
944 3591 1240 3649 contendit.
1284 3590 1400 3658 Quo
1429 3602 1485 3646 et
1512 3591 1776 3649 Joannem
1803 3610 1923 3650 cum
1947 3597 2092 3650 omni
2117 3613 2236 3666 quae

655 3695 938 3753 supererat
973 3683 1146 3739 classe
1177 3683 1545 3740 Romanorum
1593 3686 1834 3756 expellit,
1866 3696 1921 3741 et
1949 3686 2235 3758 Carthagi-

655 3791 782 3829 nem
843 3791 964 3829 cum
1024 3776 1221 3830 vicinis
1270 3775 1482 3846 oppidis
1534 3776 1583 3829 in
1641 3785 1961 3846 potestatem
2020 3780 2232 3849 recipit.

654 3864 832 3930 Quare
860 3863 1094 3921 Joannes
1129 3866 1255 3922 inde
1284 3866 1499 3923 solvens
1521 3868 1595 3935 ad
1630 3868 2011 3938 imperatorem
2041 3886 2232 3928 rever-

654 3957 802 4011 titur.
831 3956 936 4013 Sed
963 3974 1084 4013 cum
1113 3960 1179 4013 ad
1204 3959 1421 4015 Cretam
1446 3960 1675 4022 insulam
1696 3962 2009 4032 appulisset,
2034 3965 2231 4021 ducum

650 4062 705 4104 et
737 4051 964 4105 militum
1020 4060 1208 4104 contra
1237 4064 1358 4105 eum
1395 4052 1590 4106 seditio
1641 4066 1706 4106 ac
1739 4053 1998 4109 tumultus
2034 4054 2227 4122 oritur,

659 4157 781 4196 cum
810 4152 861 4194 et
886 4142 1084 4210 alioqui
1110 4141 1280 4210 pudor
1300 4141 1448 4196 illum
1479 4156 1541 4196 ac
1569 4153 1743 4197 metus
1760 4140 1954 4199 oll'erre
1974 4160 2032 4200 se
2069 4144 2234 4214 impe-

650 4234 822 4288 ratori
863 4232 1587 4302 prohiberet.Quamobrem
1620 4234 1911 4290 Leontium
1961 4237 2141 4293 multis
2176 4239 2230 4294 in

646 4342 770 4381 eum
803 4327 1194 4381 contumeliose
1216 4327 1375 4383 dictis
1413 4327 1672 4395 abjieiunt
1700 4327 1814 4401 [at].
1840 4328 1988 4399 697],
2008 4329 2231 4402 ejuSque

647 4420 767 4473 loco
789 4417 1132 4487 Apsinzarum
1154 4418 1383 4489 eligunt,
1401 4419 1490 4488 qui
1516 4428 1624 4472 tum
1643 4419 2038 4475 Curicimar-um
2061 4423 2233 4491 copiis

647 4518 880 4580 pra-erat
906 4526 935 4565 e
966 4511 1390 4581 Cibyraeotarum
1420 4512 1661 4581 regione,
1689 4528 1849 4582 quem
1875 4515 2223 4583 drungarium

648 4604 876 4658 Romani
899 4614 1113 4669 vocant,
1140 4605 1497 4674 eumdemquc
1523 4602 1798 4660 Tiberium
1820 4607 2223 4677 cognominant.

648 4695 855 4749 Interea
921 4696 973 4748 in
1032 4697 1168 4751 urbe
1223 4696 1524 4765 pestilentia
1588 4697 1893 4752 laboratum
1961 4706 2070 4764 est,
2104 4712 2224 4767 qua:

648 4795 884 4857 quatuor
940 4787 1213 4842 mensibus
1247 4787 1517 4858 ingentem
1551 4789 1659 4842 vim
1701 4791 1979 4845 hominum
2008 4790 2227 4846 absum-

2338 3138 2537 3210 χηδόνα
2578 3138 2720 3192 κατὰ
2756 3139 2866 3194 τῶν
2906 3140 3238 3214 Σαρακηνῶν
3273 3145 3614 3218 ἐξέπεμψενσ
3646 3152 3706 3215 ὃς
3740 3156 3756 3206 ἑ

2337 3227 2785 3300 παραγενόμενος
2826 3229 2953 3293 τοὺς
3004 3232 3103 3301 μὲν
3146 3234 3203 3285 ὲν
3260 3235 3396 3306 αὐτῇ
3442 3237 3551 3290 τῶν
3580 3240 3756 3310 Σαρω

2339 3322 2561 3392 πολέμῳ
2625 3320 3005 3392 ἑτροπώσατο,
3039 3325 3141 3395 τὴν
3182 3327 3239 3380 δὲ
3279 3328 3436 3382 πόλιν
3487 3330 3755 3403 Ῥωμαίοι

2338 3411 2599 3479 εσὼσατο,
2634 3413 2727 3466 καὶ
2754 3409 2925 3466 τᾶλλα
2957 3415 3133 3470 πάντα
3159 3417 3229 3471 τὰ
3273 3419 3450 3473 ἐκεῖσε
3480 3423 3756 3495 πολίσματ

2337 3505 2429 3557 τοῦ
2464 3504 2648 3569 ἔθνους
2681 3504 2997 3571 ἀπαλλάξας
3027 3509 3279 3574 ἐξουσίας
3311 3513 3405 3567 καὶ
3437 3516 3670 3586 στρατὸν
3697 3521 3756 3571 ὁτι

2337 3598 2474 3668 πρὸς
2513 3597 2761 3670 φυλακὴν
2791 3600 2851 3653 ὲν
2887 3602 3071 3666 αὐτοῖς
3098 3603 3502 3673 ὲγκαταλείψας
3532 3612 3704 3665 αὑτοῦ
3727 3614 3755 3667 δ

2339 3708 2531 3759 μασεν.
2578 3691 2635 3745 ’0
2662 3693 2722 3746 δὲ
2745 3693 2854 3747 τῶν
2883 3696 3218 3767 Σαρακηνῶν
3241 3698 3499 3768 βασιλεὺς
3530 3705 3710 3761 ταῦτα
3748 3727 3756 3777 ι

2337 3778 2520 3850 θηκὼς
2565 3780 2787 3834 πλείονα
2824 3781 2946 3836 κατ’
2985 3784 3151 3839 αὑτοῦ
3205 3788 3428 3860 ἐκίνησε
3458 3794 3727 3866 πόλεμον,

2335 3871 2427 3925 καὶ
2458 3872 2550 3926 τὸν
2577 3873 2678 3944 μὲν
2724 3875 2980 3948 Ἰωάννην
3005 3878 3102 3932 σὺν
3140 3879 3218 3952 τῷ
3256 3884 3502 3954 περιόντι
3521 3887 3568 3918 ’⁵⁸
3594 3889 3753 3959 αὐτῷ

2337 3966 2522 4036 μαῖκῷ
2562 3968 2735 4039 στόλῳ
2783 3969 3059 4042 ὲξώθησε,
3114 3975 3208 4029 καὶ
3236 3975 3336 4048 τὴν
3380 3980 3718 4051 Καρχηδόνα
3752 4006 3756 4019 ι

2333 4055 2598 4126 λαμϐάνει
2636 4059 2792 4114 πόλιν
2813 4061 2860 4093 ⁸³
2895 4064 2989 4116 καὶ
3015 4063 3085 4117 τὰ
3123 4067 3252 4137 περὶ
3279 4069 3451 4141 αὐτὴν
3476 4073 3756 4145 πολίσματ

2332 4147 2389 4202 δὲ
2431 4148 2682 4222 Ἰωάννης
2706 4153 3034 4225 ἀφορμήσας
3068 4159 3205 4229 πρὸς
3234 4158 3457 4229 βασιλέα
3483 4163 3755 4235 ἀνήγετο,

2330 4242 2397 4311 τῇ
2429 4240 2576 4312 νήσῳ
2606 4243 2802 4315 Κρήτῃ
2830 4246 3122 4317 γενόμενος
3153 4250 3257 4303 ὑπό
3284 4269 3343 4304 τε
3373 4253 3483 4307 τῶν
3509 4255 3756 4326 ἀρχόντιι

2330 4330 2424 4385 τοῦ
2468 4335 2864 4402 στρατιωτικοῦ
2902 4339 3143 4409 πλήθους
3190 4342 3576 4410 ὲστασιάζετο,
3619 4350 3723 4401 καὶ

2336 4423 2454 4493 μῶς
2494 4423 2777 4496 βουληθεὶς
2812 4428 3045 4501 αἰσχύνῃ
3081 4432 3176 4484 καὶ
3205 4433 3312 4487 δέει
3350 4438 3740 4508 κατεχόμενος

2333 4513 2556 4584 βασιλέα
2588 4517 3016 4586 παραγενέσθαι.
3046 4522 3147 4576 Διὰ
3171 4523 3331 4577 τοῦτο
3367 4526 3635 4582 Λεόντιον
3673 4530 3756 4599 μὲ·

2332 4606 2640 4676 φημοῦντες
2718 4608 3009 4676 ἁθετοῦσι,
3081 4613 3409 4681 ψηφίζονται
3463 4617 3523 4670 δὲ
3615 4617 3747 4688 ’Λψί

2332 4696 2523 4768 ὅνομα,
2550 4700 2782 4769 στρατοῦ
2805 4700 3045 4771 ἄρχοντα
3065 4705 3175 4759 τῶν
3196 4708 3596 4777 Κουρικιωτῶν
3626 4713 3708 4782 (5)
3734 4731 3756 4766 τ

2332 4806 2492 4844 νοντα
2518 4789 2616 4860 τῆς
2648 4791 2753 4844 ὑπὸ
2775 4791 3209 4865 Κιϐυρρσιωτῶν
3232 4798 3438 4869 χώρας,
3462 4800 3524 4855 ὃν
3549 4802 3756 4873 δρουγη

1941 4967 2175 5027 VARI/13
2217 4968 2621 5028 LECTIONES.

720 5086 764 5118 ‘°
788 5082 1286 5152 σκεδαννυμένουςῖ
1360 5084 1402 5117 ⁸¹
1422 5083 1718 5139 Θεόδοτονῗ
1792 5085 1835 5117 ⁸²
1859 5087 2128 5157 παρόντιῗ
2201 5086 2244 5120 ⁸³
2266 5087 2473 5143 πάλινῗ

2000 5205 2179 5261 ΡΕΤΑ
2195 5204 2280 5263 VII
2312 5205 2543 5263 NOTAE.

717 5325 806 5410 (4)Δ
838 5323 1390 5410 Τῂζιτλῶττανᾲκαίξ
1427 5323 1723 5410 (impiare.
1751 5325 1835 5410 pe
1875 5325 2057 5410 lingua
2081 5340 2221 5382 con-
2323 5326 2618 5410 obliturum
2662 5342 2723 5410 se
2758 5328 3143 5410 Deo‘voveret,
3183 5334 3507 5410 respondit:
3543 5338 3616 5392 Εἰ
3655 5342 3756 5410 φεί

645 5392 814 5452 sentit
846 5392 1311 5462 et'Tlieophaues.
1357 5393 1464 5449 Sed
1494 5392 1914 5461 Constantinus,
1944 5392 2212 5461 Zonaras,

2320 5396 2531 5478 τούτων
2569 5398 2739 5478 τινος,
2774 5400 2975 5478 αὐτίκα
3026 5396 3531 5478 καταποντισθείην
3569 5396 3701 5466 ὡδέ.

644 5468 926 5520 Cedrenus
955 5475 1004 5518 et
1028 5466 1119 5518 alii
1155 5478 1355 5518 nasum
1380 5465 1652 5535 duntaxat
1679 5476 2017 5535 amputatum
2061 5481 2216 5521 asse-
2317 5467 2424 5522 hoc
2484 5468 2552 5523 ah
2613 5469 2985 5527 illustrissimo
3036 5471 3270 5529 Barouio
3320 5486 3449 5532 ante
3481 5465 3620 5535 ἰιοε
3682 5465 3755 5535 an

651 5547 796 5598 runt,
823 5535 964 5602 quod
994 5537 1172 5589 verius
1198 5543 1347 5602 puto.
1379 5532 1514 5604 Nam
1547 5546 1602 5591 et
1633 5532 1814 5604 postea
1865 5537 2077 5592 locutus
2111 5547 2209 5590 tra-

648 5609 816 5669 ditur,
849 5614 903 5657 et
928 5604 1069 5657 inter
1102 5614 1328 5659 cameras
1359 5603 1575 5658 nefaria
1606 5603 1708 5660 vox
1744 5606 1864 5674 ejus
1895 5607 2077 5659 audita
2105 5617 2208 5673 est,

648 5690 772 5728 cum
807 5676 859 5728 in
890 5683 1208 5744 tempestate
1242 5675 1479 5729 monitus
1511 5684 1567 5728 nt
1610 5676 1931 5744 injuriarum
1967 5677 2212 5732 omnium

2319 5550 2560 5593 versum.

2397 5611 2470 5677 (5)
2661 5613 3091 5695 Κοῳῳιιῃῶν,
3126 5616 3201 5672 De
3231 5615 3471 5675 themate
3505 5618 3756 5695 Cibyrrb

2325 5693 2444 5734 rum
2478 5680 2565 5736 adi
2600 5680 2889 5741 Constant.
2921 5684 3259 5760 Porphyrog.
