  <div class='ocr_page' id='page_1' title='image "/cluster/home/n/w/nwhite01/storage/ocr_20150623/100/coo.31924054870047/476.png"; bbox 0 0 4016 6438; ppageno 0'>
   <div class='ocr_carea' id='block_1_1' title="bbox 411 249 3702 337">
    <p class='ocr_par' dir='ltr' id='par_1_1' title="bbox 411 249 3702 337">
     <span class='ocr_line' id='line_1_1' title="bbox 411 249 3702 337; baseline 0.005 -17"><span class='ocrx_word' id='word_1_1' title='bbox 411 268 512 335; x_wconf 61' lang='lat'><strong>9.51</strong></span> <span class='ocrx_word' id='word_1_2' title='bbox 1393 267 1488 325; x_wconf 87' lang='lat' dir='ltr'>DE</span> <span class='ocrx_word' id='word_1_3' title='bbox 1533 266 1784 326; x_wconf 69' lang='lat' dir='ltr'><strong>nanus</strong></span> <span class='ocrx_word' id='word_1_4' title='bbox 1822 265 2009 326; x_wconf 86' lang='lat' dir='ltr'><strong>POST</strong></span> <span class='ocrx_word' id='word_1_5' title='bbox 2050 249 2502 325; x_wconf 78' lang='lat' dir='ltr'><strong>MAURICIUM</strong></span> <span class='ocrx_word' id='word_1_6' title='bbox 2536 263 2826 325; x_wconf 89' lang='lat' dir='ltr'><strong>GESTIS.</strong></span> <span class='ocrx_word' id='word_1_7' title='bbox 3598 270 3702 337; x_wconf 72' lang='lat'><strong>942</strong></span> 
     </span>
    </p>
   </div>
   <div class='ocr_carea' id='block_1_2' title="bbox 418 380 2024 459">
    <p class='ocr_par' dir='ltr' id='par_1_2' title="bbox 418 381 1998 454">
     <span class='ocr_line' id='line_1_2' title="bbox 418 381 1998 454; baseline -0.004 -15"><span class='ocrx_word' id='word_1_8' title='bbox 418 385 717 454; x_wconf 71' lang='grc' dir='ltr'>Ῥωμαίοις</span> <span class='ocrx_word' id='word_1_9' title='bbox 761 381 946 437; x_wconf 80' lang='grc' dir='ltr'>καλεῖν</span> <span class='ocrx_word' id='word_1_10' title='bbox 975 382 1118 447; x_wconf 77' lang='grc' dir='ltr'>ἔθος,</span> <span class='ocrx_word' id='word_1_11' title='bbox 1148 381 1402 454; x_wconf 75' lang='grc' dir='ltr'>Τιϐέριον</span> <span class='ocrx_word' id='word_1_12' title='bbox 1430 382 1595 437; x_wconf 75' lang='grc' dir='ltr'>αὑτὸν</span> <span class='ocrx_word' id='word_1_13' title='bbox 1621 383 1998 453; x_wconf 68' lang='grc' dir='ltr'><strong>ἐιιτονοριάσειν⁴</strong></span> 
     </span>
    </p>
   </div>
   <div class='ocr_carea' id='block_1_3' title="bbox 2131 380 3701 459">
    <p class='ocr_par' dir='ltr' id='par_1_3' title="bbox 2131 380 3701 459">
     <span class='ocr_line' id='line_1_3' title="bbox 2131 380 3701 459; baseline 0.01 -29"><span class='ocrx_word' id='word_1_14' title='bbox 2131 382 2229 435; x_wconf 66' lang='grc' dir='ltr'>ιείι.</span> <span class='ocrx_word' id='word_1_15' title='bbox 2285 380 2606 450; x_wconf 83' lang='lat' dir='ltr'><strong>Apsimarus</strong></span> <span class='ocrx_word' id='word_1_16' title='bbox 2656 397 2786 437; x_wconf 81' lang='lat' dir='ltr'><strong>vero</strong></span> <span class='ocrx_word' id='word_1_17' title='bbox 2828 397 2951 438; x_wconf 88' lang='lat' dir='ltr'><strong>cum</strong></span> <span class='ocrx_word' id='word_1_18' title='bbox 3000 385 3178 441; x_wconf 81' lang='lat' dir='ltr'><strong>classe</strong></span> <span class='ocrx_word' id='word_1_19' title='bbox 3229 401 3328 441; x_wconf 90' lang='lat' dir='ltr'><strong>sua</strong></span> <span class='ocrx_word' id='word_1_20' title='bbox 3378 387 3701 459; x_wconf 74' lang='lat' dir='ltr'><strong>Byzantium</strong></span> 
     </span>
    </p>
   </div>
   <div class='ocr_carea' id='block_1_4' title="bbox 413 473 2024 551">
    <p class='ocr_par' dir='ltr' id='par_1_4' title="bbox 413 475 2006 547">
     <span class='ocr_line' id='line_1_4' title="bbox 413 475 2006 547; baseline -0.002 -16"><span class='ocrx_word' id='word_1_21' title='bbox 413 496 522 541; x_wconf 73' lang='grc' dir='ltr'>τες.</span> <span class='ocrx_word' id='word_1_22' title='bbox 600 478 688 531; x_wconf 85' lang='grc' dir='ltr'>Ἐν</span> <span class='ocrx_word' id='word_1_23' title='bbox 743 476 800 530; x_wconf 82' lang='grc' dir='ltr'><strong>δὲ</strong></span> <span class='ocrx_word' id='word_1_24' title='bbox 857 476 933 547; x_wconf 81' lang='grc' dir='ltr'>τῷ</span> <span class='ocrx_word' id='word_1_25' title='bbox 978 475 1183 547; x_wconf 77' lang='grc' dir='ltr'>μεταξὺ</span> <span class='ocrx_word' id='word_1_26' title='bbox 1240 475 1395 538; x_wconf 82' lang='grc' dir='ltr'>νόσος</span> <span class='ocrx_word' id='word_1_27' title='bbox 1449 476 1676 546; x_wconf 80' lang='grc' dir='ltr'>λοιμικὴ</span> <span class='ocrx_word' id='word_1_28' title='bbox 1732 478 1799 545; x_wconf 84' lang='grc' dir='ltr'>τῇ</span> <span class='ocrx_word' id='word_1_29' title='bbox 1846 475 2006 528; x_wconf 83' lang='grc' dir='ltr'>πόλει</span> 
     </span>
    </p>
   </div>
   <div class='ocr_carea' id='block_1_5' title="bbox 2131 473 3698 551">
    <p class='ocr_par' dir='ltr' id='par_1_5' title="bbox 2135 473 3698 551">
     <span class='ocr_line' id='line_1_5' title="bbox 2135 473 3698 551; baseline 0.008 -25"><span class='ocrx_word' id='word_1_30' title='bbox 2135 482 2359 528; x_wconf 82' lang='lat' dir='ltr'><strong>nrectus</strong></span> <span class='ocrx_word' id='word_1_31' title='bbox 2416 473 2486 528; x_wconf 88' lang='lat' dir='ltr'><strong>ad</strong></span> <span class='ocrx_word' id='word_1_32' title='bbox 2548 475 2722 528; x_wconf 90' lang='lat' dir='ltr'><strong>locum</strong></span> <span class='ocrx_word' id='word_1_33' title='bbox 2771 476 3062 544; x_wconf 84' lang='lat' dir='ltr'><strong>quemdam</strong></span> <span class='ocrx_word' id='word_1_34' title='bbox 3126 478 3298 535; x_wconf 86' lang='lat' dir='ltr'><strong>littori</strong></span> <span class='ocrx_word' id='word_1_35' title='bbox 3357 482 3698 551; x_wconf 81' lang='lat' dir='ltr'><strong>proximum,</strong></span> 
     </span>
    </p>
   </div>
   <div class='ocr_carea' id='block_1_6' title="bbox 413 564 2024 644">
    <p class='ocr_par' dir='ltr' id='par_1_6' title="bbox 413 567 2006 641">
     <span class='ocr_line' id='line_1_6' title="bbox 413 567 2006 641; baseline -0.001 -19"><span class='ocrx_word' id='word_1_36' title='bbox 413 570 697 641; x_wconf 68' lang='grc' dir='ltr'>ἐπέσκηψε</span> <span class='ocrx_word' id='word_1_37' title='bbox 738 571 834 624; x_wconf 79' lang='grc' dir='ltr'>καὶ</span> <span class='ocrx_word' id='word_1_38' title='bbox 861 569 1069 640; x_wconf 79' lang='grc' dir='ltr'>πλῆθος</span> <span class='ocrx_word' id='word_1_39' title='bbox 1094 568 1226 622; x_wconf 76' lang='grc' dir='ltr'>λαοῦ</span> <span class='ocrx_word' id='word_1_40' title='bbox 1255 569 1313 621; x_wconf 88' lang='grc' dir='ltr'><strong>ἐν</strong></span> <span class='ocrx_word' id='word_1_41' title='bbox 1359 570 1496 640; x_wconf 73' lang='grc' dir='ltr'>μησὶ</span> <span class='ocrx_word' id='word_1_42' title='bbox 1516 569 1743 638; x_wconf 77' lang='grc' dir='ltr'><strong>τέτρασι</strong></span> <span class='ocrx_word' id='word_1_43' title='bbox 1767 567 2006 638; x_wconf 70' lang='grc' dir='ltr'>διέφθει-</span> 
     </span>
    </p>
   </div>
   <div class='ocr_carea' id='block_1_7' title="bbox 2131 564 3701 644">
    <p class='ocr_par' dir='ltr' id='par_1_7' title="bbox 2131 564 3701 644">
     <span class='ocr_line' id='line_1_7' title="bbox 2131 564 3701 644; baseline 0.008 -26"><span class='ocrx_word' id='word_1_44' title='bbox 2131 581 2271 636; x_wconf 79' lang='grc' dir='ltr'>ιιιοηι</span> <span class='ocrx_word' id='word_1_45' title='bbox 2318 564 2490 636; x_wconf 84' lang='lat' dir='ltr'><strong>Syeas</strong></span> <span class='ocrx_word' id='word_1_46' title='bbox 2545 565 2839 634; x_wconf 87' lang='lat' dir='ltr'><strong>appellant,</strong></span> <span class='ocrx_word' id='word_1_47' title='bbox 2860 582 2928 622; x_wconf 82' lang='lat' dir='ltr'><strong>ex</strong></span> <span class='ocrx_word' id='word_1_48' title='bbox 2980 569 3214 626; x_wconf 80' lang='lat' dir='ltr'><strong>adverso</strong></span> <span class='ocrx_word' id='word_1_49' title='bbox 3261 572 3416 628; x_wconf 83' lang='lat' dir='ltr'><strong>urbis</strong></span> <span class='ocrx_word' id='word_1_50' title='bbox 3464 575 3701 644; x_wconf 88' lang='lat' dir='ltr'><strong>appulit.</strong></span> 
     </span>
    </p>
   </div>
   <div class='ocr_carea' id='block_1_8' title="bbox 415 658 2024 738">
    <p class='ocr_par' dir='ltr' id='par_1_8' title="bbox 415 658 2009 735">
     <span class='ocr_line' id='line_1_8' title="bbox 415 658 2009 735; baseline -0.001 -20"><span class='ocrx_word' id='word_1_51' title='bbox 415 682 526 734; x_wconf 75' lang='grc' dir='ltr'>ρεν.</span> <span class='ocrx_word' id='word_1_52' title='bbox 572 665 882 735; x_wconf 70' lang='grc' dir='ltr'>’Λψεμαρος</span> <span class='ocrx_word' id='word_1_53' title='bbox 920 664 975 717; x_wconf 74' lang='grc' dir='ltr'>δὲ</span> <span class='ocrx_word' id='word_1_54' title='bbox 1007 665 1104 716; x_wconf 76' lang='grc' dir='ltr'><strong>σὺν</strong></span> <span class='ocrx_word' id='word_1_55' title='bbox 1144 661 1222 734; x_wconf 77' lang='grc' dir='ltr'>τῷ</span> <span class='ocrx_word' id='word_1_56' title='bbox 1264 662 1475 716; x_wconf 76' lang='grc' dir='ltr'><strong>συνόντι</strong></span> <span class='ocrx_word' id='word_1_57' title='bbox 1529 660 1683 731; x_wconf 78' lang='grc' dir='ltr'>αὐτῷ</span> <span class='ocrx_word' id='word_1_58' title='bbox 1732 658 2009 731; x_wconf 79' lang='grc' dir='ltr'>στόλῳέἱς</span> 
     </span>
    </p>
   </div>
   <div class='ocr_carea' id='block_1_9' title="bbox 2131 658 3710 738">
    <p class='ocr_par' dir='ltr' id='par_1_9' title="bbox 2131 658 3710 738">
     <span class='ocr_line' id='line_1_9' title="bbox 2131 658 3710 738; baseline 0.007 -27"><span class='ocrx_word' id='word_1_59' title='bbox 2131 658 2244 713; x_wconf 68' lang='lat' dir='ltr'><strong>inde</strong></span> <span class='ocrx_word' id='word_1_60' title='bbox 2296 667 2488 712; x_wconf 88' lang='lat' dir='ltr'><strong>contra</strong></span> <span class='ocrx_word' id='word_1_61' title='bbox 2546 661 2852 728; x_wconf 71' lang='lat' dir='ltr'><strong>oppidanos</strong></span> <span class='ocrx_word' id='word_1_62' title='bbox 2909 660 3222 730; x_wconf 84' lang='lat' dir='ltr'><strong>aliquandiu</strong></span> <span class='ocrx_word' id='word_1_63' title='bbox 3298 680 3568 736; x_wconf 78' lang='lat' dir='ltr'><strong>pugnans,</strong></span> <span class='ocrx_word' id='word_1_64' title='bbox 3616 682 3710 738; x_wconf 80' lang='lat' dir='ltr'><strong>po-</strong></span> 
     </span>
    </p>
   </div>
   <div class='ocr_carea' id='block_1_10' title="bbox 416 749 2024 827">
    <p class='ocr_par' dir='ltr' id='par_1_10' title="bbox 416 754 2007 827">
     <span class='ocr_line' id='line_1_10' title="bbox 416 754 2007 827; baseline -0.003 -18"><span class='ocrx_word' id='word_1_65' title='bbox 416 756 710 821; x_wconf 64' lang='grc' dir='ltr'>Βυζάντιον</span> <span class='ocrx_word' id='word_1_66' title='bbox 756 757 1014 827; x_wconf 76' lang='grc' dir='ltr'>ἀναχθεὶς</span> <span class='ocrx_word' id='word_1_67' title='bbox 1063 754 1290 827; x_wconf 79' lang='grc' dir='ltr'>ἀντικρὺ</span> <span class='ocrx_word' id='word_1_68' title='bbox 1341 756 1437 826; x_wconf 81' lang='grc' dir='ltr'>τῆς</span> <span class='ocrx_word' id='word_1_69' title='bbox 1470 755 1679 818; x_wconf 85' lang='grc' dir='ltr'>πόλεως</span> <span class='ocrx_word' id='word_1_70' title='bbox 1710 756 1768 806; x_wconf 84' lang='grc' dir='ltr'><strong>ἐν</strong></span> <span class='ocrx_word' id='word_1_71' title='bbox 1803 754 2007 817; x_wconf 83' lang='grc' dir='ltr'>Συκαίς</span> 
     </span>
    </p>
   </div>
   <div class='ocr_carea' id='block_1_11' title="bbox 2131 749 3709 827">
    <p class='ocr_par' dir='ltr' id='par_1_11' title="bbox 2131 749 3709 821">
     <span class='ocr_line' id='line_1_11' title="bbox 2131 749 3709 821; baseline 0.006 -15"><span class='ocrx_word' id='word_1_72' title='bbox 2131 763 2322 807; x_wconf 76' lang='lat' dir='ltr'><strong>stremo</strong></span> <span class='ocrx_word' id='word_1_73' title='bbox 2346 752 2621 821; x_wconf 80' lang='lat' dir='ltr'><strong>corruptis</strong></span> <span class='ocrx_word' id='word_1_74' title='bbox 2643 749 3073 809; x_wconf 85' lang='lat' dir='ltr'><strong>Blacbernarum</strong></span> <span class='ocrx_word' id='word_1_75' title='bbox 3097 756 3239 810; x_wconf 89' lang='lat' dir='ltr'><strong>muri</strong></span> <span class='ocrx_word' id='word_1_76' title='bbox 3257 757 3578 815; x_wconf 86' lang='lat' dir='ltr'><strong>custodibus</strong></span> <span class='ocrx_word' id='word_1_77' title='bbox 3610 776 3709 815; x_wconf 85' lang='lat' dir='ltr'><strong>eo-</strong></span> 
     </span>
    </p>
   </div>
   <div class='ocr_carea' id='block_1_12' title="bbox 413 836 2024 921">
    <p class='ocr_par' dir='ltr' id='par_1_12' title="bbox 413 845 2005 919">
     <span class='ocr_line' id='line_1_12' title="bbox 413 845 2005 919; baseline 0 -21"><span class='ocrx_word' id='word_1_78' title='bbox 413 848 695 917; x_wconf 66' lang='grc' dir='ltr'>λεγομένῳ</span> <span class='ocrx_word' id='word_1_79' title='bbox 719 847 1154 918; x_wconf 69' lang='grc' dir='ltr'>παραθαλασσεῳ</span> <span class='ocrx_word' id='word_1_80' title='bbox 1179 847 1362 919; x_wconf 81' lang='grc' dir='ltr'>χωρίῳ</span> <span class='ocrx_word' id='word_1_81' title='bbox 1389 845 1842 917; x_wconf 79' lang='grc' dir='ltr'>προσορμίζεται.</span> <span class='ocrx_word' id='word_1_82' title='bbox 1878 846 2005 899; x_wconf 69' lang='grc' dir='ltr'><strong>Ἐπὶ</strong></span> 
     </span>
    </p>
   </div>
   <div class='ocr_carea' id='block_1_13' title="bbox 2131 836 3709 921">
    <p class='ocr_par' dir='ltr' id='par_1_13' title="bbox 2131 839 3709 921">
     <span class='ocr_line' id='line_1_13' title="bbox 2131 839 3709 921; baseline 0.008 -28"><span class='ocrx_word' id='word_1_83' title='bbox 2131 855 2343 909; x_wconf 80' lang='lat' dir='ltr'><strong>&#39;umque</strong></span> <span class='ocrx_word' id='word_1_84' title='bbox 2368 839 2663 910; x_wconf 76' lang='lat' dir='ltr'><strong>praefectis,</strong></span> <span class='ocrx_word' id='word_1_85' title='bbox 2687 840 2810 896; x_wconf 91' lang='lat' dir='ltr'><strong>dolo</strong></span> <span class='ocrx_word' id='word_1_86' title='bbox 2831 842 3018 899; x_wconf 81' lang='lat' dir='ltr'><strong>urbem</strong></span> <span class='ocrx_word' id='word_1_87' title='bbox 3045 842 3325 915; x_wconf 74' lang='lat' dir='ltr'><strong>ingressus</strong></span> <span class='ocrx_word' id='word_1_88' title='bbox 3345 858 3430 904; x_wconf 90' lang='lat' dir='ltr'><strong>est</strong></span> <span class='ocrx_word' id='word_1_89' title='bbox 3449 866 3464 916; x_wconf 91' lang='lat'><strong>;</strong></span> <span class='ocrx_word' id='word_1_90' title='bbox 3490 864 3709 921; x_wconf 87' lang='lat' dir='ltr'><strong>unaque</strong></span> 
     </span>
    </p>
   </div>
   <div class='ocr_carea' id='block_1_14' title="bbox 413 930 2024 1012">
    <p class='ocr_par' dir='ltr' id='par_1_14' title="bbox 413 936 2006 1010">
     <span class='ocr_line' id='line_1_14' title="bbox 413 936 2006 1010; baseline -0.001 -20"><span class='ocrx_word' id='word_1_91' title='bbox 413 940 607 1010; x_wconf 63' lang='grc' dir='ltr'>κρίνον</span> <span class='ocrx_word' id='word_1_92' title='bbox 634 939 691 992; x_wconf 82' lang='grc' dir='ltr'><strong>δέ</strong></span> <span class='ocrx_word' id='word_1_93' title='bbox 721 956 843 993; x_wconf 85' lang='grc' dir='ltr'>τινα</span> <span class='ocrx_word' id='word_1_94' title='bbox 872 938 1111 1010; x_wconf 79' lang='grc' dir='ltr'>πόλεμον</span> <span class='ocrx_word' id='word_1_95' title='bbox 1153 938 1448 1009; x_wconf 77' lang='grc' dir='ltr'>συμϐαλὼν</span> <span class='ocrx_word' id='word_1_96' title='bbox 1481 940 1593 1000; x_wconf 82' lang='grc' dir='ltr'>τοῖς</span> <span class='ocrx_word' id='word_1_97' title='bbox 1616 939 1671 990; x_wconf 90' lang='grc' dir='ltr'><strong>ἐν</strong></span> <span class='ocrx_word' id='word_1_98' title='bbox 1717 939 1785 1009; x_wconf 78' lang='grc' dir='ltr'>τῇ</span> <span class='ocrx_word' id='word_1_99' title='bbox 1829 936 2006 1001; x_wconf 80' lang='grc' dir='ltr'>πόλει,</span> 
     </span>
    </p>
   </div>
   <div class='ocr_carea' id='block_1_15' title="bbox 2131 930 3704 1012">
    <p class='ocr_par' dir='ltr' id='par_1_15' title="bbox 2131 930 3704 1012">
     <span class='ocr_line' id='line_1_15' title="bbox 2131 930 3704 1012; baseline 0.009 -29"><span class='ocrx_word' id='word_1_100' title='bbox 2131 945 2232 985; x_wconf 91' lang='lat' dir='ltr'><strong>:um</strong></span> <span class='ocrx_word' id='word_1_101' title='bbox 2262 945 2330 985; x_wconf 89' lang='lat' dir='ltr'><strong>eo</strong></span> <span class='ocrx_word' id='word_1_102' title='bbox 2358 930 2670 1000; x_wconf 77' lang='lat' dir='ltr'><strong>irrumpens</strong></span> <span class='ocrx_word' id='word_1_103' title='bbox 2703 933 2980 989; x_wconf 85' lang='lat' dir='ltr'><strong>exercitus</strong></span> <span class='ocrx_word' id='word_1_104' title='bbox 3011 935 3215 991; x_wconf 85' lang='lat' dir='ltr'><strong>civium</strong></span> <span class='ocrx_word' id='word_1_105' title='bbox 3270 936 3413 994; x_wconf 92' lang='lat' dir='ltr'><strong>bona</strong></span> <span class='ocrx_word' id='word_1_106' title='bbox 3449 941 3704 1012; x_wconf 79' lang='lat' dir='ltr'><strong>diripuit.</strong></span> 
     </span>
    </p>
   </div>
   <div class='ocr_carea' id='block_1_16' title="bbox 413 1012 2024 1105">
    <p class='ocr_par' dir='ltr' id='par_1_16' title="bbox 413 1028 2013 1102">
     <span class='ocr_line' id='line_1_16' title="bbox 413 1028 2013 1102; baseline 0.029 -19"><span class='ocrx_word' id='word_1_107' title='bbox 413 1033 569 1095; x_wconf 79' lang='grc' dir='ltr'>τέλος</span> <span class='ocrx_word' id='word_1_108' title='bbox 607 1032 731 1094; x_wconf 71' lang='grc' dir='ltr'>τοὺς</span> <span class='ocrx_word' id='word_1_109' title='bbox 767 1031 871 1084; x_wconf 67' lang='grc' dir='ltr'>ὑπὸ</span> <span class='ocrx_word' id='word_1_110' title='bbox 894 1031 939 1061; x_wconf 56' lang='grc' dir='ltr'><strong>ί*</strong></span> <span class='ocrx_word' id='word_1_111' title='bbox 973 1030 1065 1084; x_wconf 67' lang='grc' dir='ltr'>τοῦ</span> <span class='ocrx_word' id='word_1_112' title='bbox 1115 1032 1330 1102; x_wconf 73' lang='grc' dir='ltr'>τείχους</span> <span class='ocrx_word' id='word_1_113' title='bbox 1360 1028 1679 1101; x_wconf 65' lang='grc' dir='ltr'><strong>Βλακερνῶν</strong></span> <span class='ocrx_word' id='word_1_114' title='bbox 1733 1031 2013 1100; x_wconf 53' lang='grc' dir='ltr'><strong>φρουροὺς</strong></span> 
     </span>
    </p>
   </div>
   <div class='ocr_carea' id='block_1_17' title="bbox 2131 1012 3711 1105">
    <p class='ocr_par' dir='ltr' id='par_1_17' title="bbox 2131 1023 3711 1105">
     <span class='ocr_line' id='line_1_17' title="bbox 2131 1023 3711 1105; baseline 0.008 -27"><span class='ocrx_word' id='word_1_115' title='bbox 2131 1023 2404 1079; x_wconf 79' lang='lat' dir='ltr'><strong>Leontium</strong></span> <span class='ocrx_word' id='word_1_116' title='bbox 2465 1038 2664 1096; x_wconf 86' lang='lat' dir='ltr'><strong>porro,</strong></span> <span class='ocrx_word' id='word_1_117' title='bbox 2712 1024 2872 1081; x_wconf 86' lang='lat' dir='ltr'><strong>tertio</strong></span> <span class='ocrx_word' id='word_1_118' title='bbox 2920 1041 3084 1097; x_wconf 79' lang='lat' dir='ltr'><strong>quem</strong></span> <span class='ocrx_word' id='word_1_119' title='bbox 3142 1029 3415 1101; x_wconf 83' lang='lat' dir='ltr'><strong>imperare</strong></span> <span class='ocrx_word' id='word_1_120' title='bbox 3464 1045 3711 1105; x_wconf 71' lang='lat' dir='ltr'><strong>cmperat</strong></span> 
     </span>
    </p>
   </div>
   <div class='ocr_carea' id='block_1_18' title="bbox 415 1117 2024 1195">
    <p class='ocr_par' dir='ltr' id='par_1_18' title="bbox 415 1120 2011 1195">
     <span class='ocr_line' id='line_1_18' title="bbox 415 1120 2011 1195; baseline -0.003 -19"><span class='ocrx_word' id='word_1_121' title='bbox 415 1125 513 1176; x_wconf 68' lang='grc' dir='ltr'>καὶ</span> <span class='ocrx_word' id='word_1_122' title='bbox 536 1125 663 1186; x_wconf 76' lang='grc' dir='ltr'>τοὺς</span> <span class='ocrx_word' id='word_1_123' title='bbox 694 1123 902 1177; x_wconf 77' lang='grc' dir='ltr'>τούτων</span> <span class='ocrx_word' id='word_1_124' title='bbox 928 1124 1199 1194; x_wconf 79' lang='grc' dir='ltr'>ἄρχοντας</span> <span class='ocrx_word' id='word_1_125' title='bbox 1233 1123 1576 1195; x_wconf 61' lang='grc' dir='ltr'>ὑποροεὶρας</span> <span class='ocrx_word' id='word_1_126' title='bbox 1601 1122 1739 1192; x_wconf 80' lang='grc' dir='ltr'>δόλῳ</span> <span class='ocrx_word' id='word_1_127' title='bbox 1775 1121 1868 1174; x_wconf 77' lang='grc' dir='ltr'>ὑπ’</span> <span class='ocrx_word' id='word_1_128' title='bbox 1909 1120 2011 1175; x_wconf 83' lang='grc' dir='ltr'>αύ-</span> 
     </span>
    </p>
   </div>
   <div class='ocr_carea' id='block_1_19' title="bbox 2131 1117 3712 1195">
    <p class='ocr_par' dir='ltr' id='par_1_19' title="bbox 2131 1117 3712 1192">
     <span class='ocr_line' id='line_1_19' title="bbox 2131 1117 3712 1192; baseline 0.006 -21"><span class='ocrx_word' id='word_1_129' title='bbox 2131 1117 2792 1188; x_wconf 66' lang='lat' dir='ltr'><strong>anno,eomprebendens,</strong></span> <span class='ocrx_word' id='word_1_130' title='bbox 2814 1122 3105 1190; x_wconf 89' lang='lat' dir='ltr'><strong>amputatis</strong></span> <span class='ocrx_word' id='word_1_131' title='bbox 3129 1123 3375 1192; x_wconf 84' lang='lat' dir='ltr'><strong>naribus,</strong></span> <span class='ocrx_word' id='word_1_132' title='bbox 3404 1123 3459 1179; x_wconf 89' lang='lat' dir='ltr'><strong>in</strong></span> <span class='ocrx_word' id='word_1_133' title='bbox 3480 1124 3712 1182; x_wconf 90' lang='lat' dir='ltr'><strong>Delmati</strong></span> 
     </span>
    </p>
   </div>
   <div class='ocr_carea' id='block_1_20' title="bbox 416 1211 2024 1289">
    <p class='ocr_par' dir='ltr' id='par_1_20' title="bbox 416 1214 2005 1289">
     <span class='ocr_line' id='line_1_20' title="bbox 416 1214 2005 1289; baseline -0.003 -19"><span class='ocrx_word' id='word_1_134' title='bbox 416 1217 527 1270; x_wconf 66' lang='grc' dir='ltr'><strong>τῦν</strong></span> <span class='ocrx_word' id='word_1_135' title='bbox 558 1217 986 1287; x_wconf 75' lang='grc' dir='ltr'>παραλαμϐάνει</span> <span class='ocrx_word' id='word_1_136' title='bbox 1016 1217 1114 1289; x_wconf 78' lang='grc' dir='ltr'><strong>τὴν</strong></span> <span class='ocrx_word' id='word_1_137' title='bbox 1147 1216 1321 1271; x_wconf 76' lang='grc' dir='ltr'>πόλιν.</span> <span class='ocrx_word' id='word_1_138' title='bbox 1351 1217 1460 1270; x_wconf 72' lang='grc' dir='ltr'>Καὶ</span> <span class='ocrx_word' id='word_1_139' title='bbox 1485 1218 1513 1269; x_wconf 90' lang='grc' dir='ltr'>ὁ</span> <span class='ocrx_word' id='word_1_140' title='bbox 1543 1215 1641 1268; x_wconf 81' lang='grc' dir='ltr'><strong>σὺν</strong></span> <span class='ocrx_word' id='word_1_141' title='bbox 1666 1214 1813 1284; x_wconf 77' lang='grc' dir='ltr'>αὐτῷ</span> <span class='ocrx_word' id='word_1_142' title='bbox 1841 1230 2005 1285; x_wconf 79' lang='grc' dir='ltr'>στραο</span> 
     </span>
    </p>
   </div>
   <div class='ocr_carea' id='block_1_21' title="bbox 2131 1211 3537 1289">
    <p class='ocr_par' dir='ltr' id='par_1_21' title="bbox 2131 1211 3537 1285">
     <span class='ocr_line' id='line_1_21' title="bbox 2131 1211 3537 1285; baseline 0.007 -21"><span class='ocrx_word' id='word_1_143' title='bbox 2131 1211 2526 1276; x_wconf 79' lang='lat' dir='ltr'><strong>nonasterium,</strong></span> <span class='ocrx_word' id='word_1_144' title='bbox 2569 1218 2627 1264; x_wconf 93' lang='lat' dir='ltr'><strong>ut</strong></span> <span class='ocrx_word' id='word_1_145' title='bbox 2662 1211 2735 1266; x_wconf 91' lang='lat' dir='ltr'><strong>ibi</strong></span> <span class='ocrx_word' id='word_1_146' title='bbox 2770 1212 3015 1281; x_wconf 80' lang='lat' dir='ltr'><strong>privatus</strong></span> <span class='ocrx_word' id='word_1_147' title='bbox 3046 1225 3254 1285; x_wconf 78' lang='lat' dir='ltr'><strong>ageret,</strong></span> <span class='ocrx_word' id='word_1_148' title='bbox 3292 1217 3537 1274; x_wconf 81' lang='lat' dir='ltr'><strong>includit.</strong></span> 
     </span>
    </p>
   </div>
   <div class='ocr_carea' id='block_1_22' title="bbox 415 1295 3713 1387">
    <p class='ocr_par' dir='ltr' id='par_1_22' title="bbox 415 1295 3713 1387">
     <span class='ocr_line' id='line_1_22' title="bbox 415 1295 3713 1387; baseline 0.001 -22"><span class='ocrx_word' id='word_1_149' title='bbox 415 1295 510 1375; x_wconf 71' lang='grc' dir='ltr'>τὸς</span> <span class='ocrx_word' id='word_1_150' title='bbox 543 1312 804 1365; x_wconf 83' lang='grc' dir='ltr'>εἰσελθὼν</span> <span class='ocrx_word' id='word_1_151' title='bbox 848 1311 916 1366; x_wconf 78' lang='grc' dir='ltr'>τὰ</span> <span class='ocrx_word' id='word_1_152' title='bbox 949 1315 1211 1384; x_wconf 81' lang='grc' dir='ltr'>χρήματα</span> <span class='ocrx_word' id='word_1_153' title='bbox 1257 1311 1366 1366; x_wconf 84' lang='grc' dir='ltr'><strong>τῶν</strong></span> <span class='ocrx_word' id='word_1_154' title='bbox 1423 1309 1659 1364; x_wconf 84' lang='grc' dir='ltr'>πολιτῶν</span> <span class='ocrx_word' id='word_1_155' title='bbox 1702 1310 1999 1380; x_wconf 76' lang='grc' dir='ltr'><strong>διήρπασε.</strong></span> <span class='ocrx_word' id='word_1_156' title='bbox 2043 1305 2299 1361; x_wconf 83' lang='grc' dir='ltr'>Λεόντιον</span> <span class='ocrx_word' id='word_1_157' title='bbox 2333 1305 2388 1358; x_wconf 84' lang='grc' dir='ltr'>δὲ</span> <span class='ocrx_word' id='word_1_158' title='bbox 2415 1303 2828 1387; x_wconf 84' lang='grc' dir='ltr'>χειρωσάμενος</span> <span class='ocrx_word' id='word_1_159' title='bbox 2886 1305 3071 1378; x_wconf 87' lang='grc' dir='ltr'>τρίτον</span> <span class='ocrx_word' id='word_1_160' title='bbox 3089 1308 3214 1374; x_wconf 74' lang='grc' dir='ltr'>ἔτος</span> <span class='ocrx_word' id='word_1_161' title='bbox 3271 1312 3330 1364; x_wconf 91' lang='grc' dir='ltr'><strong>ἐν</strong></span> <span class='ocrx_word' id='word_1_162' title='bbox 3360 1314 3424 1383; x_wconf 79' lang='grc' dir='ltr'>τῇ</span> <span class='ocrx_word' id='word_1_163' title='bbox 3457 1312 3713 1386; x_wconf 72' lang='grc' dir='ltr'>βασιλείᾳ</span> 
     </span>
    </p>
   </div>
   <div class='ocr_carea' id='block_1_23' title="bbox 417 1401 3713 1484">
    <p class='ocr_par' dir='ltr' id='par_1_23' title="bbox 417 1401 3713 1484">
     <span class='ocr_line' id='line_1_23' title="bbox 417 1401 3713 1484; baseline 0.008 -26"><span class='ocrx_word' id='word_1_164' title='bbox 417 1408 677 1473; x_wconf 62' lang='lat' dir='ltr'><strong>fasi-(own</strong></span> <span class='ocrx_word' id='word_1_165' title='bbox 704 1409 801 1477; x_wconf 78' lang='grc' dir='ltr'><strong>τὴν</strong></span> <span class='ocrx_word' id='word_1_166' title='bbox 850 1410 971 1479; x_wconf 69' lang='grc' dir='ltr'>ῥῖνα</span> <span class='ocrx_word' id='word_1_167' title='bbox 1014 1407 1182 1462; x_wconf 71' lang='grc' dir='ltr'>αὐτοῦ</span> <span class='ocrx_word' id='word_1_168' title='bbox 1223 1408 1469 1480; x_wconf 76' lang='grc' dir='ltr'><strong>ἐξέτεμε,</strong></span> <span class='ocrx_word' id='word_1_169' title='bbox 1499 1407 1593 1463; x_wconf 69' lang='grc' dir='ltr'>καὶ</span> <span class='ocrx_word' id='word_1_170' title='bbox 1665 1408 1722 1458; x_wconf 76' lang='grc' dir='ltr'><strong>ἐν</strong></span> <span class='ocrx_word' id='word_1_171' title='bbox 1783 1406 1860 1477; x_wconf 69' lang='grc' dir='ltr'>τῷ</span> <span class='ocrx_word' id='word_1_172' title='bbox 1922 1404 2245 1477; x_wconf 70' lang='grc' dir='ltr'>καλουμένῳ</span> <span class='ocrx_word' id='word_1_173' title='bbox 2285 1403 2387 1474; x_wconf 69' lang='grc' dir='ltr'><strong>τῆς</strong></span> <span class='ocrx_word' id='word_1_174' title='bbox 2436 1401 2717 1473; x_wconf 60' lang='grc' dir='ltr'><strong>Δελμάτου</strong></span> <span class='ocrx_word' id='word_1_175' title='bbox 2764 1404 3114 1477; x_wconf 70' lang='grc' dir='ltr'>μοναστηρίιρ</span> <span class='ocrx_word' id='word_1_176' title='bbox 3199 1408 3498 1479; x_wconf 72' lang='grc' dir='ltr'>ἡσυχάζειν</span> <span class='ocrx_word' id='word_1_177' title='bbox 3541 1428 3713 1484; x_wconf 77' lang='grc' dir='ltr'><strong>πρ⁰σ⁶</strong></span> 
     </span>
    </p>
   </div>
   <div class='ocr_carea' id='block_1_24' title="bbox 417 1502 597 1568">
    <p class='ocr_par' dir='ltr' id='par_1_24' title="bbox 417 1502 597 1568">
     <span class='ocr_line' id='line_1_24' title="bbox 417 1502 597 1568; baseline 0.006 -11"><span class='ocrx_word' id='word_1_178' title='bbox 417 1502 597 1568; x_wconf 80' lang='grc' dir='ltr'>έταξε.</span> 
     </span>
    </p>
   </div>
   <div class='ocr_carea' id='block_1_25' title="bbox 493 1597 2014 1669">
    <p class='ocr_par' dir='ltr' id='par_1_25' title="bbox 493 1597 2014 1669">
     <span class='ocr_line' id='line_1_25' title="bbox 493 1597 2014 1669; baseline -0.002 -16"><span class='ocrx_word' id='word_1_179' title='bbox 493 1598 607 1653; x_wconf 59' lang='lat' dir='ltr'><strong>viai.</strong></span> <span class='ocrx_word' id='word_1_180' title='bbox 632 1597 776 1653; x_wconf 74' lang='grc' dir='ltr'>οὕτω</span> <span class='ocrx_word' id='word_1_181' title='bbox 804 1597 905 1669; x_wconf 80' lang='grc' dir='ltr'>μὲν</span> <span class='ocrx_word' id='word_1_182' title='bbox 934 1597 1111 1652; x_wconf 79' lang='grc' dir='ltr'>ταῦτα</span> <span class='ocrx_word' id='word_1_183' title='bbox 1144 1597 1230 1652; x_wconf 83' lang='grc' dir='ltr'>ἐπ’</span> <span class='ocrx_word' id='word_1_184' title='bbox 1262 1598 1447 1662; x_wconf 80' lang='grc' dir='ltr'>αὐτοῖς</span> <span class='ocrx_word' id='word_1_185' title='bbox 1497 1597 1833 1651; x_wconf 78' lang='grc' dir='ltr'>συνέϐαινεν·</span> <span class='ocrx_word' id='word_1_186' title='bbox 1887 1597 2014 1650; x_wconf 78' lang='grc' dir='ltr'>’1ου-</span> 
     </span>
    </p>
   </div>
   <div class='ocr_carea' id='block_1_26' title="bbox 2189 1593 3717 1674">
    <p class='ocr_par' dir='ltr' id='par_1_26' title="bbox 2189 1593 3717 1674">
     <span class='ocr_line' id='line_1_26' title="bbox 2189 1593 3717 1674; baseline 0.007 -24"><span class='ocrx_word' id='word_1_187' title='bbox 2189 1595 2326 1663; x_wconf 70' lang='lat' dir='ltr'><strong>Quae</strong></span> <span class='ocrx_word' id='word_1_188' title='bbox 2366 1596 2800 1665; x_wconf 82' lang='lat' dir='ltr'><strong>dum-geruntur,</strong></span> <span class='ocrx_word' id='word_1_189' title='bbox 2831 1593 3490 1656; x_wconf 64' lang='lat' dir='ltr'><strong>Justinianus&#39;Cbersona</strong></span> <span class='ocrx_word' id='word_1_190' title='bbox 3513 1601 3717 1674; x_wconf 76' lang='lat' dir='ltr'><strong>degens</strong></span> 
     </span>
    </p>
   </div>
   <div class='ocr_carea' id='block_1_27' title="bbox 420 1689 2024 1763">
    <p class='ocr_par' dir='ltr' id='par_1_27' title="bbox 420 1689 2015 1762">
     <span class='ocr_line' id='line_1_27' title="bbox 420 1689 2015 1762; baseline -0.001 -18"><span class='ocrx_word' id='word_1_191' title='bbox 420 1691 695 1754; x_wconf 79' lang='grc' dir='ltr'>στινιανὸς</span> <span class='ocrx_word' id='word_1_192' title='bbox 726 1690 784 1744; x_wconf 82' lang='grc' dir='ltr'>δὲ</span> <span class='ocrx_word' id='word_1_193' title='bbox 812 1690 935 1743; x_wconf 77' lang='grc' dir='ltr'>ἐπεὶ</span> <span class='ocrx_word' id='word_1_194' title='bbox 968 1691 1105 1761; x_wconf 79' lang='grc' dir='ltr'>πρὸς</span> <span class='ocrx_word' id='word_1_195' title='bbox 1137 1693 1201 1762; x_wconf 80' lang='grc' dir='ltr'>τῇ</span> <span class='ocrx_word' id='word_1_196' title='bbox 1232 1690 1485 1762; x_wconf 87' lang='grc' dir='ltr'>Χερσῶνι</span> <span class='ocrx_word' id='word_1_197' title='bbox 1513 1690 1749 1761; x_wconf 77' lang='grc' dir='ltr'>διέτριϐε</span> <span class='ocrx_word' id='word_1_198' title='bbox 1768 1731 1783 1756; x_wconf 90' lang='grc'><strong>,</strong></span> <span class='ocrx_word' id='word_1_199' title='bbox 1824 1689 2015 1760; x_wconf 85' lang='grc' dir='ltr'>συχνό-</span> 
     </span>
    </p>
   </div>
   <div class='ocr_carea' id='block_1_28' title="bbox 2131 1689 3715 1763">
    <p class='ocr_par' dir='ltr' id='par_1_28' title="bbox 2131 1689 3715 1761">
     <span class='ocr_line' id='line_1_28' title="bbox 2131 1689 3715 1761; baseline 0.006 -18"><span class='ocrx_word' id='word_1_200' title='bbox 2131 1703 2246 1743; x_wconf 82' lang='lat' dir='ltr'><strong>cum</strong></span> <span class='ocrx_word' id='word_1_201' title='bbox 2279 1690 2347 1743; x_wconf 82' lang='lat' dir='ltr'><strong>de</strong></span> <span class='ocrx_word' id='word_1_202' title='bbox 2382 1689 2760 1757; x_wconf 86' lang='lat' dir='ltr'><strong>recuperando</strong></span> <span class='ocrx_word' id='word_1_203' title='bbox 2802 1691 3032 1761; x_wconf 90' lang='lat' dir='ltr'><strong>imperio</strong></span> <span class='ocrx_word' id='word_1_204' title='bbox 3074 1690 3274 1747; x_wconf 76' lang='lat' dir='ltr'><strong>crebro</strong></span> <span class='ocrx_word' id='word_1_205' title='bbox 3310 1693 3715 1752; x_wconf 84' lang='lat' dir='ltr'><strong>sermocinare-</strong></span> 
     </span>
    </p>
   </div>
   <div class='ocr_carea' id='block_1_29' title="bbox 417 1784 2015 1857">
    <p class='ocr_par' dir='ltr' id='par_1_29' title="bbox 417 1784 2015 1857">
     <span class='ocr_line' id='line_1_29' title="bbox 417 1784 2015 1857; baseline -0.001 -17"><span class='ocrx_word' id='word_1_206' title='bbox 417 1804 582 1857; x_wconf 80' lang='grc' dir='ltr'>τερον</span> <span class='ocrx_word' id='word_1_207' title='bbox 613 1785 945 1857; x_wconf 82' lang='grc' dir='ltr'>δημηγορῶν</span> <span class='ocrx_word' id='word_1_208' title='bbox 975 1786 1051 1847; x_wconf 87' lang='grc' dir='ltr'>ὼς</span> <span class='ocrx_word' id='word_1_209' title='bbox 1080 1785 1244 1840; x_wconf 82' lang='grc' dir='ltr'>πάλιν</span> <span class='ocrx_word' id='word_1_210' title='bbox 1275 1786 1549 1857; x_wconf 74' lang='grc' dir='ltr'>κρατήσει</span> <span class='ocrx_word' id='word_1_211' title='bbox 1598 1787 1697 1856; x_wconf 75' lang='grc' dir='ltr'><strong>τῆς</strong></span> <span class='ocrx_word' id='word_1_212' title='bbox 1736 1784 2015 1856; x_wconf 82' lang='grc' dir='ltr'>βασιλεία-ς</span> 
     </span>
    </p>
   </div>
   <div class='ocr_carea' id='block_1_30' title="bbox 423 1872 2019 1952">
    <p class='ocr_par' dir='ltr' id='par_1_30' title="bbox 423 1872 2019 1952">
     <span class='ocr_line' id='line_1_30' title="bbox 423 1872 2019 1952; baseline -0.002 -17"><span class='ocrx_word' id='word_1_213' title='bbox 423 1878 899 1952; x_wconf 73' lang='grc' dir='ltr'>ἐπαρρησιάζετο.</span> <span class='ocrx_word' id='word_1_214' title='bbox 934 1880 999 1933; x_wconf 74' lang='grc' dir='ltr'>υἱ</span> <span class='ocrx_word' id='word_1_215' title='bbox 1042 1878 1100 1931; x_wconf 84' lang='grc' dir='ltr'>δὲ</span> <span class='ocrx_word' id='word_1_216' title='bbox 1131 1872 1232 1933; x_wconf 81' lang='grc' dir='ltr'>ὦδε</span> <span class='ocrx_word' id='word_1_217' title='bbox 1281 1878 1495 1933; x_wconf 83' lang='grc' dir='ltr'>πολῖται</span> <span class='ocrx_word' id='word_1_218' title='bbox 1528 1879 1773 1933; x_wconf 75' lang='grc' dir='ltr'>κίνδυνον</span> <span class='ocrx_word' id='word_1_219' title='bbox 1798 1880 2019 1942; x_wconf 77' lang='grc' dir='ltr'>ἑαυτοῖς</span> 
     </span>
    </p>
   </div>
   <div class='ocr_carea' id='block_1_31' title="bbox 425 1971 2018 2043">
    <p class='ocr_par' dir='ltr' id='par_1_31' title="bbox 425 1971 2018 2043">
     <span class='ocr_line' id='line_1_31' title="bbox 425 1971 2018 2043; baseline 0 -18"><span class='ocrx_word' id='word_1_220' title='bbox 425 1972 822 2038; x_wconf 79' lang='grc' dir='ltr'>ὑπονοούμενοι</span> <span class='ocrx_word' id='word_1_221' title='bbox 855 1971 1076 2025; x_wconf 79' lang='grc' dir='ltr'>ἐϐουλεύ</span> <span class='ocrx_word' id='word_1_222' title='bbox 1089 1988 1252 2026; x_wconf 86' lang='grc' dir='ltr'>σαντο</span> <span class='ocrx_word' id='word_1_223' title='bbox 1288 1971 1451 2025; x_wconf 82' lang='grc' dir='ltr'>αὑτὸν</span> <span class='ocrx_word' id='word_1_224' title='bbox 1484 1972 1698 2026; x_wconf 82' lang='grc' dir='ltr'>ἀνελεῖν</span> <span class='ocrx_word' id='word_1_225' title='bbox 1738 1972 1770 2041; x_wconf 76' lang='grc' dir='ltr'>ἢ</span> <span class='ocrx_word' id='word_1_226' title='bbox 1803 1972 2018 2043; x_wconf 83' lang='grc' dir='ltr'>δεσμώ-</span> 
     </span>
    </p>
   </div>
   <div class='ocr_carea' id='block_1_32' title="bbox 418 2064 2020 2136">
    <p class='ocr_par' dir='ltr' id='par_1_32' title="bbox 418 2064 2020 2136">
     <span class='ocr_line' id='line_1_32' title="bbox 418 2064 2020 2136; baseline 0.002 -21"><span class='ocrx_word' id='word_1_227' title='bbox 418 2066 529 2135; x_wconf 61' lang='grc' dir='ltr'><strong>την</strong></span> <span class='ocrx_word' id='word_1_228' title='bbox 564 2064 699 2136; x_wconf 81' lang='grc' dir='ltr'>πρὸς</span> <span class='ocrx_word' id='word_1_229' title='bbox 742 2064 1049 2135; x_wconf 76' lang='grc' dir='ltr'>Ἀψιμαρον</span> <span class='ocrx_word' id='word_1_230' title='bbox 1098 2064 1470 2136; x_wconf 81' lang='grc' dir='ltr'>ἀναπέμπειν.</span> <span class='ocrx_word' id='word_1_231' title='bbox 1525 2065 1697 2128; x_wconf 81' lang='grc' dir='ltr'>Αὐτὸς</span> <span class='ocrx_word' id='word_1_232' title='bbox 1749 2065 1807 2118; x_wconf 80' lang='grc' dir='ltr'><strong>δὲ</strong></span> <span class='ocrx_word' id='word_1_233' title='bbox 1858 2064 2020 2119; x_wconf 83' lang='grc' dir='ltr'>τοῦτο</span> 
     </span>
    </p>
   </div>
   <div class='ocr_carea' id='block_1_33' title="bbox 437 2155 2023 2230">
    <p class='ocr_par' dir='ltr' id='par_1_33' title="bbox 437 2155 2023 2230">
     <span class='ocr_line' id='line_1_33' title="bbox 437 2155 2023 2230; baseline 0.001 -20"><span class='ocrx_word' id='word_1_234' title='bbox 437 2156 756 2226; x_wconf 74' lang='grc' dir='ltr'>αἰσθόμενος</span> <span class='ocrx_word' id='word_1_235' title='bbox 780 2155 992 2210; x_wconf 84' lang='grc' dir='ltr'>ἐκεῖθεν</span> <span class='ocrx_word' id='word_1_236' title='bbox 1013 2157 1261 2226; x_wconf 83' lang='grc' dir='ltr'>διέφυγε,</span> <span class='ocrx_word' id='word_1_237' title='bbox 1286 2160 1381 2211; x_wconf 75' lang='grc' dir='ltr'><strong>καὶ</strong></span> <span class='ocrx_word' id='word_1_238' title='bbox 1406 2158 1487 2222; x_wconf 72' lang='grc' dir='ltr'>εἰς</span> <span class='ocrx_word' id='word_1_239' title='bbox 1502 2157 1565 2210; x_wconf 83' lang='grc' dir='ltr'><strong>τὸ</strong></span> <span class='ocrx_word' id='word_1_240' title='bbox 1586 2157 1848 2230; x_wconf 84' lang='grc' dir='ltr'>φρούριον</span> <span class='ocrx_word' id='word_1_241' title='bbox 1866 2158 1927 2212; x_wconf 84' lang='grc' dir='ltr'>τὸ</span> <span class='ocrx_word' id='word_1_242' title='bbox 1942 2158 2023 2211; x_wconf 76' lang='grc' dir='ltr'>λε-</span> 
     </span>
    </p>
   </div>
   <div class='ocr_carea' id='block_1_34' title="bbox 441 2249 2022 2323">
    <p class='ocr_par' dir='ltr' id='par_1_34' title="bbox 441 2249 2022 2323">
     <span class='ocr_line' id='line_1_34' title="bbox 441 2249 2022 2323; baseline 0.002 -23"><span class='ocrx_word' id='word_1_243' title='bbox 441 2249 667 2317; x_wconf 75' lang='grc' dir='ltr'>γόμενον</span> <span class='ocrx_word' id='word_1_244' title='bbox 684 2249 857 2320; x_wconf 82' lang='grc' dir='ltr'>Δόρος</span> <span class='ocrx_word' id='word_1_245' title='bbox 878 2250 924 2283; x_wconf 67' lang='grc'><strong>⁸⁵</strong></span> <span class='ocrx_word' id='word_1_246' title='bbox 949 2249 1024 2318; x_wconf 89' lang='grc'><strong>(6)</strong></span> <span class='ocrx_word' id='word_1_247' title='bbox 1056 2250 1194 2319; x_wconf 85' lang='grc' dir='ltr'>πρὸς</span> <span class='ocrx_word' id='word_1_248' title='bbox 1220 2253 1288 2321; x_wconf 82' lang='grc' dir='ltr'>τῇ</span> <span class='ocrx_word' id='word_1_249' title='bbox 1320 2250 1551 2323; x_wconf 83' lang='grc' dir='ltr'>Γοτοικῇ</span> <span class='ocrx_word' id='word_1_250' title='bbox 1584 2253 1837 2321; x_wconf 78' lang='grc' dir='ltr'>κείμενον</span> <span class='ocrx_word' id='word_1_251' title='bbox 1868 2250 2022 2322; x_wconf 80' lang='grc' dir='ltr'>χώρᾳ</span> 
     </span>
    </p>
   </div>
   <div class='ocr_carea' id='block_1_35' title="bbox 437 2339 2020 2412">
    <p class='ocr_par' dir='ltr' id='par_1_35' title="bbox 437 2339 2020 2412">
     <span class='ocr_line' id='line_1_35' title="bbox 437 2339 2020 2412; baseline 0.002 -20"><span class='ocrx_word' id='word_1_252' title='bbox 437 2339 756 2410; x_wconf 77' lang='grc' dir='ltr'>ἀπέδρασεν.</span> <span class='ocrx_word' id='word_1_253' title='bbox 792 2341 949 2393; x_wconf 76' lang='grc' dir='ltr'><strong>Αἰτεί</strong></span> <span class='ocrx_word' id='word_1_254' title='bbox 983 2340 1041 2394; x_wconf 86' lang='grc' dir='ltr'>δὲ</span> <span class='ocrx_word' id='word_1_255' title='bbox 1070 2341 1163 2395; x_wconf 82' lang='grc' dir='ltr'><strong>τὸν</strong></span> <span class='ocrx_word' id='word_1_256' title='bbox 1191 2339 1447 2412; x_wconf 86' lang='grc' dir='ltr'>Χάζαρον</span> <span class='ocrx_word' id='word_1_257' title='bbox 1470 2341 1516 2373; x_wconf 65' lang='grc'><strong>⁸⁸</strong></span> <span class='ocrx_word' id='word_1_258' title='bbox 1537 2340 1782 2412; x_wconf 80' lang='grc' dir='ltr'>ἡγεμόνα</span> <span class='ocrx_word' id='word_1_259' title='bbox 1798 2341 2020 2409; x_wconf 67' lang='grc' dir='ltr'><strong>(Χαγά-</strong></span> 
     </span>
    </p>
   </div>
   <div class='ocr_carea' id='block_1_36' title="bbox 432 2430 2023 2504">
    <p class='ocr_par' dir='ltr' id='par_1_36' title="bbox 432 2430 2023 2504">
     <span class='ocr_line' id='line_1_36' title="bbox 432 2430 2023 2504; baseline 0.004 -22"><span class='ocrx_word' id='word_1_260' title='bbox 432 2446 557 2495; x_wconf 76' lang='grc' dir='ltr'>γους</span> <span class='ocrx_word' id='word_1_261' title='bbox 589 2431 648 2484; x_wconf 85' lang='grc' dir='ltr'>δὲ</span> <span class='ocrx_word' id='word_1_262' title='bbox 681 2430 904 2496; x_wconf 80' lang='grc' dir='ltr'>τούτους</span> <span class='ocrx_word' id='word_1_263' title='bbox 936 2432 1092 2486; x_wconf 74' lang='grc' dir='ltr'>αὐτοὶ</span> <span class='ocrx_word' id='word_1_264' title='bbox 1116 2432 1423 2498; x_wconf 80' lang='grc' dir='ltr'>καλοῦσιν),</span> <span class='ocrx_word' id='word_1_265' title='bbox 1460 2434 1537 2497; x_wconf 82' lang='grc' dir='ltr'>ὡς</span> <span class='ocrx_word' id='word_1_266' title='bbox 1572 2432 1737 2487; x_wconf 84' lang='grc' dir='ltr'>αὑτὸν</span> <span class='ocrx_word' id='word_1_267' title='bbox 1773 2450 2023 2504; x_wconf 77' lang='grc' dir='ltr'>παραγε-</span> 
     </span>
    </p>
   </div>
   <div class='ocr_carea' id='block_1_37' title="bbox 428 2520 2022 2595">
    <p class='ocr_par' dir='ltr' id='par_1_37' title="bbox 428 2520 2022 2595">
     <span class='ocr_line' id='line_1_37' title="bbox 428 2520 2022 2595; baseline 0.005 -22"><span class='ocrx_word' id='word_1_268' title='bbox 428 2521 644 2575; x_wconf 78' lang='grc' dir='ltr'>νέσθαι.</span> <span class='ocrx_word' id='word_1_269' title='bbox 692 2522 749 2576; x_wconf 89' lang='lat'>&#39;0</span> <span class='ocrx_word' id='word_1_270' title='bbox 775 2523 833 2576; x_wconf 81' lang='grc' dir='ltr'>δὲ</span> <span class='ocrx_word' id='word_1_271' title='bbox 869 2526 937 2594; x_wconf 80' lang='grc' dir='ltr'>τῇ</span> <span class='ocrx_word' id='word_1_272' title='bbox 978 2524 1195 2594; x_wconf 52' lang='grc' dir='ltr'>απξτήσει</span> <span class='ocrx_word' id='word_1_273' title='bbox 1227 2520 1339 2589; x_wconf 77' lang='grc' dir='ltr'>εῖξε</span> <span class='ocrx_word' id='word_1_274' title='bbox 1360 2565 1375 2589; x_wconf 89' lang='grc'><strong>,</strong></span> <span class='ocrx_word' id='word_1_275' title='bbox 1427 2525 1525 2579; x_wconf 75' lang='grc' dir='ltr'>καὶ</span> <span class='ocrx_word' id='word_1_276' title='bbox 1556 2525 1720 2579; x_wconf 73' lang='grc' dir='ltr'>αὐτὸν</span> <span class='ocrx_word' id='word_1_277' title='bbox 1751 2525 1896 2595; x_wconf 80' lang='grc' dir='ltr'>μετὰ</span> <span class='ocrx_word' id='word_1_278' title='bbox 1938 2544 2022 2581; x_wconf 89' lang='grc' dir='ltr'>τι-</span> 
     </span>
    </p>
   </div>
   <div class='ocr_carea' id='block_1_38' title="bbox 432 2615 2025 2689">
    <p class='ocr_par' dir='ltr' id='par_1_38' title="bbox 432 2615 2025 2689">
     <span class='ocr_line' id='line_1_38' title="bbox 432 2615 2025 2689; baseline 0.004 -23"><span class='ocrx_word' id='word_1_279' title='bbox 432 2615 545 2682; x_wconf 80' lang='grc' dir='ltr'>μῆς</span> <span class='ocrx_word' id='word_1_280' title='bbox 595 2615 840 2680; x_wconf 75' lang='grc' dir='ltr'>ἐδέξατο,</span> <span class='ocrx_word' id='word_1_281' title='bbox 871 2617 967 2670; x_wconf 72' lang='grc' dir='ltr'><strong>καὶ</strong></span> <span class='ocrx_word' id='word_1_282' title='bbox 997 2616 1280 2685; x_wconf 76' lang='grc' dir='ltr'>φιλιωθεὶς</span> <span class='ocrx_word' id='word_1_283' title='bbox 1314 2617 1466 2688; x_wconf 80' lang='grc' dir='ltr'>αὐτῷ</span> <span class='ocrx_word' id='word_1_284' title='bbox 1498 2616 1596 2689; x_wconf 79' lang='grc' dir='ltr'>τὴν</span> <span class='ocrx_word' id='word_1_285' title='bbox 1632 2618 1830 2672; x_wconf 80' lang='grc' dir='ltr'>ἐαυτοῦ</span> <span class='ocrx_word' id='word_1_286' title='bbox 1867 2618 2025 2672; x_wconf 70' lang='grc' dir='ltr'>ἁδελο</span> 
     </span>
    </p>
   </div>
   <div class='ocr_carea' id='block_1_39' title="bbox 430 2704 2023 2777">
    <p class='ocr_par' dir='ltr' id='par_1_39' title="bbox 430 2704 2023 2777">
     <span class='ocr_line' id='line_1_39' title="bbox 430 2704 2023 2777; baseline 0.003 -21"><span class='ocrx_word' id='word_1_287' title='bbox 430 2706 541 2776; x_wconf 68' lang='grc' dir='ltr'><strong>φὴν</strong></span> <span class='ocrx_word' id='word_1_288' title='bbox 572 2704 857 2777; x_wconf 83' lang='grc' dir='ltr'>Θεοδώραν</span> <span class='ocrx_word' id='word_1_289' title='bbox 900 2706 1247 2776; x_wconf 78' lang='grc' dir='ltr'>καλουμένην</span> <span class='ocrx_word' id='word_1_290' title='bbox 1279 2708 1360 2770; x_wconf 81' lang='grc' dir='ltr'>εὶς</span> <span class='ocrx_word' id='word_1_291' title='bbox 1401 2711 1637 2775; x_wconf 78' lang='grc' dir='ltr'>γυναῖκα</span> <span class='ocrx_word' id='word_1_292' title='bbox 1666 2706 1902 2774; x_wconf 80' lang='grc' dir='ltr'>ἐξέδοτο.</span> <span class='ocrx_word' id='word_1_293' title='bbox 1965 2708 2023 2761; x_wconf 81' lang='lat' dir='ltr'><strong>&#39;U</strong></span> 
     </span>
    </p>
   </div>
   <div class='ocr_carea' id='block_1_40' title="bbox 426 2798 2021 2874">
    <p class='ocr_par' dir='ltr' id='par_1_40' title="bbox 426 2798 2021 2874">
     <span class='ocr_line' id='line_1_40' title="bbox 426 2798 2021 2874; baseline 0.002 -24"><span class='ocrx_word' id='word_1_294' title='bbox 426 2799 488 2851; x_wconf 79' lang='grc' dir='ltr'>δὲ</span> <span class='ocrx_word' id='word_1_295' title='bbox 514 2801 580 2870; x_wconf 74' lang='grc' dir='ltr'>τῇ</span> <span class='ocrx_word' id='word_1_296' title='bbox 613 2798 780 2852; x_wconf 74' lang='grc' dir='ltr'>αὐτοῦ</span> <span class='ocrx_word' id='word_1_297' title='bbox 808 2800 1113 2853; x_wconf 74' lang='grc' dir='ltr'>σνναινέσει</span> <span class='ocrx_word' id='word_1_298' title='bbox 1144 2801 1201 2851; x_wconf 87' lang='grc' dir='ltr'><strong>ἐν</strong></span> <span class='ocrx_word' id='word_1_299' title='bbox 1228 2801 1518 2873; x_wconf 73' lang='grc' dir='ltr'>Φαναγόρῃ</span> <span class='ocrx_word' id='word_1_300' title='bbox 1546 2799 1719 2855; x_wconf 83' lang='grc' dir='ltr'>ἐλθὼν</span> <span class='ocrx_word' id='word_1_301' title='bbox 1755 2802 1852 2854; x_wconf 78' lang='grc' dir='ltr'><strong>σὺν</strong></span> <span class='ocrx_word' id='word_1_302' title='bbox 1882 2802 2021 2874; x_wconf 73' lang='grc' dir='ltr'>αὐτῇ</span> 
     </span>
    </p>
   </div>
   <div class='ocr_carea' id='block_1_41' title="bbox 429 2888 2023 2964">
    <p class='ocr_par' dir='ltr' id='par_1_41' title="bbox 429 2888 2023 2964">
     <span class='ocr_line' id='line_1_41' title="bbox 429 2888 2023 2964; baseline 0.005 -24"><span class='ocrx_word' id='word_1_303' title='bbox 429 2888 701 2959; x_wconf 73' lang='grc' dir='ltr'>διέτριϐε.</span> <span class='ocrx_word' id='word_1_304' title='bbox 749 2888 939 2943; x_wconf 76' lang='grc' dir='ltr'>Ταῦτα</span> <span class='ocrx_word' id='word_1_305' title='bbox 975 2889 1228 2959; x_wconf 69' lang='grc' dir='ltr'>διαγνοὺς</span> <span class='ocrx_word' id='word_1_306' title='bbox 1289 2891 1594 2964; x_wconf 74' lang='grc' dir='ltr'>Ἀῲίμαρος</span> <span class='ocrx_word' id='word_1_307' title='bbox 1642 2893 1885 2947; x_wconf 83' lang='grc' dir='ltr'>ἐνέκειτο</span> <span class='ocrx_word' id='word_1_308' title='bbox 1925 2911 2023 2947; x_wconf 80' lang='grc' dir='ltr'>συ-</span> 
     </span>
    </p>
   </div>
   <div class='ocr_carea' id='block_1_42' title="bbox 432 2979 2024 3054">
    <p class='ocr_par' dir='ltr' id='par_1_42' title="bbox 432 2979 2024 3054">
     <span class='ocr_line' id='line_1_42' title="bbox 432 2979 2024 3054; baseline 0.004 -22"><span class='ocrx_word' id='word_1_309' title='bbox 432 2980 579 3048; x_wconf 84' lang='grc' dir='ltr'><strong>χνῶς</strong></span> <span class='ocrx_word' id='word_1_310' title='bbox 598 2979 692 3033; x_wconf 82' lang='grc' dir='ltr'><strong>τὸν</strong></span> <span class='ocrx_word' id='word_1_311' title='bbox 722 2979 829 3033; x_wconf 86' lang='grc' dir='ltr'><strong>τῶν</strong></span> <span class='ocrx_word' id='word_1_312' title='bbox 855 2981 1129 3053; x_wconf 81' lang='grc' dir='ltr'>Χαζάρων</span> <span class='ocrx_word' id='word_1_313' title='bbox 1158 2982 1396 3053; x_wconf 84' lang='grc' dir='ltr'>ἄρχοντα</span> <span class='ocrx_word' id='word_1_314' title='bbox 1423 2983 1762 3054; x_wconf 84' lang='grc' dir='ltr'>ἐκλιπαρῶν,</span> <span class='ocrx_word' id='word_1_315' title='bbox 1795 2985 2024 3040; x_wconf 81' lang='grc' dir='ltr'>πλεῖστα</span> 
     </span>
    </p>
   </div>
   <div class='ocr_carea' id='block_1_43' title="bbox 2123 1779 3717 1862">
    <p class='ocr_par' dir='ltr' id='par_1_43' title="bbox 2123 1779 3717 1862">
     <span class='ocr_line' id='line_1_43' title="bbox 2123 1779 3717 1862; baseline 0.005 -27"><span class='ocrx_word' id='word_1_316' title='bbox 2123 1789 2210 1835; x_wconf 90' lang='lat' dir='ltr'><strong>tur</strong></span> <span class='ocrx_word' id='word_1_317' title='bbox 2247 1789 2411 1848; x_wconf 84' lang='lat' dir='ltr'><strong>atque</strong></span> <span class='ocrx_word' id='word_1_318' title='bbox 2464 1779 2727 1836; x_wconf 86' lang='lat' dir='ltr'><strong>audacius</strong></span> <span class='ocrx_word' id='word_1_319' title='bbox 2781 1791 2989 1854; x_wconf 79' lang='lat' dir='ltr'><strong>ageret,</strong></span> <span class='ocrx_word' id='word_1_320' title='bbox 3046 1782 3166 1854; x_wconf 84' lang='lat' dir='ltr'><strong>ejus</strong></span> <span class='ocrx_word' id='word_1_321' title='bbox 3217 1783 3322 1840; x_wconf 92' lang='lat' dir='ltr'><strong>loci</strong></span> <span class='ocrx_word' id='word_1_322' title='bbox 3382 1786 3717 1862; x_wconf 58' lang='lat' dir='ltr'><strong>incolae“</strong></span> 
     </span>
    </p>
   </div>
   <div class='ocr_carea' id='block_1_44' title="bbox 2123 1870 3717 1939">
    <p class='ocr_par' dir='ltr' id='par_1_44' title="bbox 2123 1870 3717 1939">
     <span class='ocr_line' id='line_1_44' title="bbox 2123 1870 3717 1939; baseline 0.006 -12"><span class='ocrx_word' id='word_1_323' title='bbox 2123 1870 2420 1939; x_wconf 74' lang='lat' dir='ltr'><strong>perieuium</strong></span> <span class='ocrx_word' id='word_1_324' title='bbox 2465 1871 2566 1927; x_wconf 86' lang='lat' dir='ltr'><strong>sibi</strong></span> <span class='ocrx_word' id='word_1_325' title='bbox 2600 1886 2668 1925; x_wconf 78' lang='lat' dir='ltr'><strong>ex</strong></span> <span class='ocrx_word' id='word_1_326' title='bbox 2702 1886 2768 1928; x_wconf 87' lang='lat' dir='ltr'><strong>ea</strong></span> <span class='ocrx_word' id='word_1_327' title='bbox 2800 1888 2860 1928; x_wconf 89' lang='lat' dir='ltr'><strong>re</strong></span> <span class='ocrx_word' id='word_1_328' title='bbox 2888 1875 3071 1939; x_wconf 77' lang='lat' dir='ltr'><strong>veriti,</strong></span> <span class='ocrx_word' id='word_1_329' title='bbox 3108 1877 3175 1931; x_wconf 86' lang='lat' dir='ltr'><strong>de</strong></span> <span class='ocrx_word' id='word_1_330' title='bbox 3208 1876 3300 1931; x_wconf 91' lang='lat' dir='ltr'><strong>illo</strong></span> <span class='ocrx_word' id='word_1_331' title='bbox 3333 1877 3717 1937; x_wconf 79' lang='lat' dir='ltr'><strong>interﬁciendo</strong></span> 
     </span>
    </p>
   </div>
   <div class='ocr_carea' id='block_1_45' title="bbox 2123 1963 3714 2036">
    <p class='ocr_par' dir='ltr' id='par_1_45' title="bbox 2123 1963 3714 2036">
     <span class='ocr_line' id='line_1_45' title="bbox 2123 1963 3714 2036; baseline 0.008 -19"><span class='ocrx_word' id='word_1_332' title='bbox 2123 1972 2215 2017; x_wconf 91' lang='lat' dir='ltr'><strong>aut</strong></span> <span class='ocrx_word' id='word_1_333' title='bbox 2260 1964 2440 2018; x_wconf 85' lang='lat' dir='ltr'><strong>vincto</strong></span> <span class='ocrx_word' id='word_1_334' title='bbox 2485 1963 2550 2017; x_wconf 86' lang='lat' dir='ltr'><strong>ad</strong></span> <span class='ocrx_word' id='word_1_335' title='bbox 2601 1964 2950 2030; x_wconf 86' lang='lat' dir='ltr'><strong>Apsimarum</strong></span> <span class='ocrx_word' id='word_1_336' title='bbox 3006 1970 3358 2036; x_wconf 83' lang='lat' dir='ltr'><strong>perducendo</strong></span> <span class='ocrx_word' id='word_1_337' title='bbox 3419 1973 3714 2029; x_wconf 89' lang='lat' dir='ltr'><strong>consilium</strong></span> 
     </span>
    </p>
   </div>
   <div class='ocr_carea' id='block_1_46' title="bbox 2125 2052 3716 2131">
    <p class='ocr_par' dir='ltr' id='par_1_46' title="bbox 2125 2052 3716 2131">
     <span class='ocr_line' id='line_1_46' title="bbox 2125 2052 3716 2131; baseline 0.008 -25"><span class='ocrx_word' id='word_1_338' title='bbox 2125 2053 2329 2108; x_wconf 88' lang='lat' dir='ltr'><strong>ineunt.</strong></span> <span class='ocrx_word' id='word_1_339' title='bbox 2367 2052 2436 2106; x_wconf 83' lang='lat' dir='ltr'><strong>At</strong></span> <span class='ocrx_word' id='word_1_340' title='bbox 2463 2054 2597 2123; x_wconf 89' lang='lat' dir='ltr'><strong>ipse,</strong></span> <span class='ocrx_word' id='word_1_341' title='bbox 2630 2055 2718 2109; x_wconf 92' lang='lat' dir='ltr'><strong>ubi</strong></span> <span class='ocrx_word' id='word_1_342' title='bbox 2751 2056 3000 2112; x_wconf 77' lang='lat' dir='ltr'><strong>bocillos</strong></span> <span class='ocrx_word' id='word_1_343' title='bbox 3022 2059 3234 2128; x_wconf 80' lang='lat' dir='ltr'><strong>agitare</strong></span> <span class='ocrx_word' id='word_1_344' title='bbox 3261 2063 3554 2131; x_wconf 89' lang='lat' dir='ltr'><strong>comperit,</strong></span> <span class='ocrx_word' id='word_1_345' title='bbox 3588 2064 3716 2119; x_wconf 83' lang='lat' dir='ltr'><strong>inde</strong></span> 
     </span>
    </p>
   </div>
   <div class='ocr_carea' id='block_1_47' title="bbox 2123 2142 3718 2223">
    <p class='ocr_par' dir='ltr' id='par_1_47' title="bbox 2123 2142 3718 2223">
     <span class='ocr_line' id='line_1_47' title="bbox 2123 2142 3718 2223; baseline 0.007 -27"><span class='ocrx_word' id='word_1_346' title='bbox 2123 2142 2336 2212; x_wconf 76' lang='lat' dir='ltr'><strong>fugiens</strong></span> <span class='ocrx_word' id='word_1_347' title='bbox 2367 2144 2435 2197; x_wconf 87' lang='lat' dir='ltr'><strong>ad</strong></span> <span class='ocrx_word' id='word_1_348' title='bbox 2468 2144 2776 2211; x_wconf 89' lang='lat' dir='ltr'><strong>castellum,</strong></span> <span class='ocrx_word' id='word_1_349' title='bbox 2801 2149 2946 2216; x_wconf 89' lang='lat' dir='ltr'><strong>quod</strong></span> <span class='ocrx_word' id='word_1_350' title='bbox 2982 2148 3153 2204; x_wconf 89' lang='lat' dir='ltr'><strong>Doros</strong></span> <span class='ocrx_word' id='word_1_351' title='bbox 3185 2150 3492 2219; x_wconf 85' lang='lat' dir='ltr'><strong>appellatur</strong></span> <span class='ocrx_word' id='word_1_352' title='bbox 3523 2163 3718 2223; x_wconf 85' lang='lat' dir='ltr'><strong>estque</strong></span> 
     </span>
    </p>
   </div>
   <div class='ocr_carea' id='block_1_48' title="bbox 2124 2235 3713 2319">
    <p class='ocr_par' dir='ltr' id='par_1_48' title="bbox 2124 2235 3713 2319">
     <span class='ocr_line' id='line_1_48' title="bbox 2124 2235 3713 2319; baseline 0.009 -32"><span class='ocrx_word' id='word_1_353' title='bbox 2124 2235 2179 2289; x_wconf 90' lang='lat' dir='ltr'><strong>in</strong></span> <span class='ocrx_word' id='word_1_354' title='bbox 2202 2235 2439 2291; x_wconf 77' lang='lat' dir='ltr'><strong>Gottbize</strong></span> <span class='ocrx_word' id='word_1_355' title='bbox 2470 2236 2736 2294; x_wconf 86' lang='lat' dir='ltr'><strong>limitibus</strong></span> <span class='ocrx_word' id='word_1_356' title='bbox 2761 2240 3023 2308; x_wconf 86' lang='lat' dir='ltr'><strong>positum,</strong></span> <span class='ocrx_word' id='word_1_357' title='bbox 3052 2252 3174 2297; x_wconf 81' lang='lat' dir='ltr'><strong>sese</strong></span> <span class='ocrx_word' id='word_1_358' title='bbox 3203 2243 3395 2313; x_wconf 88' lang='lat' dir='ltr'><strong>recipit</strong></span> <span class='ocrx_word' id='word_1_359' title='bbox 3416 2243 3531 2316; x_wconf 86' lang='lat' dir='ltr'><strong>[an.</strong></span> <span class='ocrx_word' id='word_1_360' title='bbox 3557 2245 3713 2319; x_wconf 66' lang='lat'><strong>702].</strong></span> 
     </span>
    </p>
   </div>
   <div class='ocr_carea' id='block_1_49' title="bbox 2127 2328 3720 2405">
    <p class='ocr_par' dir='ltr' id='par_1_49' title="bbox 2127 2328 3720 2405">
     <span class='ocr_line' id='line_1_49' title="bbox 2127 2328 3720 2405; baseline 0.007 -22"><span class='ocrx_word' id='word_1_361' title='bbox 2127 2328 2281 2384; x_wconf 83' lang='lat' dir='ltr'><strong>Unde</strong></span> <span class='ocrx_word' id='word_1_362' title='bbox 2328 2329 2630 2385; x_wconf 81' lang='lat' dir='ltr'><strong>Cbazarmu</strong></span> <span class='ocrx_word' id='word_1_363' title='bbox 2674 2332 2865 2387; x_wconf 87' lang='lat' dir='ltr'><strong>ducem</strong></span> <span class='ocrx_word' id='word_1_364' title='bbox 2915 2332 3225 2405; x_wconf 72' lang='lat' dir='ltr'><strong>(Cbaganos</strong></span> <span class='ocrx_word' id='word_1_365' title='bbox 3260 2335 3361 2405; x_wconf 90' lang='lat' dir='ltr'><strong>ipsi</strong></span> <span class='ocrx_word' id='word_1_366' title='bbox 3402 2338 3529 2394; x_wconf 88' lang='lat' dir='ltr'><strong>illos</strong></span> <span class='ocrx_word' id='word_1_367' title='bbox 3576 2354 3720 2394; x_wconf 90' lang='lat' dir='ltr'><strong>nun-</strong></span> 
     </span>
    </p>
   </div>
   <div class='ocr_carea' id='block_1_50' title="bbox 2126 2419 3723 2499">
    <p class='ocr_par' dir='ltr' id='par_1_50' title="bbox 2126 2419 3723 2499">
     <span class='ocr_line' id='line_1_50' title="bbox 2126 2419 3723 2499; baseline 0.006 -23"><span class='ocrx_word' id='word_1_368' title='bbox 2126 2419 2377 2494; x_wconf 89' lang='lat' dir='ltr'><strong>cupant),</strong></span> <span class='ocrx_word' id='word_1_369' title='bbox 2417 2429 2476 2476; x_wconf 90' lang='lat' dir='ltr'><strong>ut</strong></span> <span class='ocrx_word' id='word_1_370' title='bbox 2511 2420 2577 2477; x_wconf 88' lang='lat' dir='ltr'><strong>ad</strong></span> <span class='ocrx_word' id='word_1_371' title='bbox 2608 2434 2668 2478; x_wconf 89' lang='lat' dir='ltr'><strong>se</strong></span> <span class='ocrx_word' id='word_1_372' title='bbox 2695 2422 2907 2478; x_wconf 77' lang='lat' dir='ltr'><strong>veniret</strong></span> <span class='ocrx_word' id='word_1_373' title='bbox 2940 2434 3115 2495; x_wconf 81' lang='lat' dir='ltr'><strong>rogat.</strong></span> <span class='ocrx_word' id='word_1_374' title='bbox 3153 2424 3261 2493; x_wconf 80' lang='lat' dir='ltr'><strong>Qui</strong></span> <span class='ocrx_word' id='word_1_375' title='bbox 3309 2427 3564 2497; x_wconf 88' lang='lat' dir='ltr'><strong>precibus</strong></span> <span class='ocrx_word' id='word_1_376' title='bbox 3597 2429 3723 2499; x_wconf 75' lang='lat' dir='ltr'><strong>ejus</strong></span> 
     </span>
    </p>
   </div>
   <div class='ocr_carea' id='block_1_51' title="bbox 2143 2514 3719 2592">
    <p class='ocr_par' dir='ltr' id='par_1_51' title="bbox 2143 2514 3719 2592">
     <span class='ocr_line' id='line_1_51' title="bbox 2143 2514 3719 2592; baseline 0.006 -25"><span class='ocrx_word' id='word_1_377' title='bbox 2143 2514 2414 2569; x_wconf 65' lang='lat' dir='ltr'><strong>adduc-tus</strong></span> <span class='ocrx_word' id='word_1_378' title='bbox 2443 2528 2643 2584; x_wconf 75' lang='lat' dir='ltr'><strong>magno</strong></span> <span class='ocrx_word' id='word_1_379' title='bbox 2668 2529 2792 2568; x_wconf 80' lang='lat' dir='ltr'><strong>rum</strong></span> <span class='ocrx_word' id='word_1_380' title='bbox 2835 2514 3045 2571; x_wconf 83' lang='lat' dir='ltr'><strong>honore</strong></span> <span class='ocrx_word' id='word_1_381' title='bbox 3082 2518 3344 2574; x_wconf 77' lang='lat' dir='ltr'><strong>eumdem</strong></span> <span class='ocrx_word' id='word_1_382' title='bbox 3395 2522 3618 2592; x_wconf 81' lang='lat' dir='ltr'><strong>excipit,</strong></span> <span class='ocrx_word' id='word_1_383' title='bbox 3661 2533 3719 2580; x_wconf 91' lang='lat' dir='ltr'><strong>et</strong></span> 
     </span>
    </p>
   </div>
   <div class='ocr_carea' id='block_1_52' title="bbox 2133 2607 3721 2671">
    <p class='ocr_par' dir='ltr' id='par_1_52' title="bbox 2133 2607 3721 2671">
     <span class='ocr_line' id='line_1_52' title="bbox 2133 2607 3721 2671; baseline 0.008 -12"><span class='ocrx_word' id='word_1_384' title='bbox 2133 2612 2416 2660; x_wconf 88' lang='lat' dir='ltr'><strong>contracta</strong></span> <span class='ocrx_word' id='word_1_385' title='bbox 2433 2620 2499 2664; x_wconf 91' lang='lat' dir='ltr'><strong>cu</strong></span> <span class='ocrx_word' id='word_1_386' title='bbox 2508 2620 2558 2660; x_wconf 88' lang='lat' dir='ltr'><strong>m</strong></span> <span class='ocrx_word' id='word_1_387' title='bbox 2576 2620 2642 2662; x_wconf 86' lang='lat' dir='ltr'><strong>eo</strong></span> <span class='ocrx_word' id='word_1_388' title='bbox 2658 2607 2897 2663; x_wconf 85' lang='lat' dir='ltr'><strong>amicitia</strong></span> <span class='ocrx_word' id='word_1_389' title='bbox 2919 2622 3167 2665; x_wconf 81' lang='lat' dir='ltr'><strong>sororem</strong></span> <span class='ocrx_word' id='word_1_390' title='bbox 3185 2625 3338 2667; x_wconf 86' lang='lat' dir='ltr'><strong>suam</strong></span> <span class='ocrx_word' id='word_1_391' title='bbox 3367 2611 3721 2671; x_wconf 83' lang='lat' dir='ltr'><strong>Theodoram</strong></span> 
     </span>
    </p>
   </div>
   <div class='ocr_carea' id='block_1_53' title="bbox 2129 2697 3716 2774">
    <p class='ocr_par' dir='ltr' id='par_1_53' title="bbox 2129 2697 3716 2774">
     <span class='ocr_line' id='line_1_53' title="bbox 2129 2697 3716 2774; baseline 0.008 -23"><span class='ocrx_word' id='word_1_392' title='bbox 2129 2697 2367 2764; x_wconf 82' lang='lat' dir='ltr'><strong>nomine,</strong></span> <span class='ocrx_word' id='word_1_393' title='bbox 2415 2699 2699 2770; x_wconf 73' lang='lat' dir='ltr'><strong>conjugem</strong></span> <span class='ocrx_word' id='word_1_394' title='bbox 2732 2700 3155 2770; x_wconf 65' lang='lat' dir='ltr'><strong>tradit.Qua‘re,</strong></span> <span class='ocrx_word' id='word_1_395' title='bbox 3198 2702 3289 2758; x_wconf 90' lang='lat' dir='ltr'><strong>illo</strong></span> <span class='ocrx_word' id='word_1_396' title='bbox 3342 2707 3716 2774; x_wconf 83' lang='lat' dir='ltr'><strong>permittente,</strong></span> 
     </span>
    </p>
   </div>
   <div class='ocr_carea' id='block_1_54' title="bbox 2128 2787 3724 2860">
    <p class='ocr_par' dir='ltr' id='par_1_54' title="bbox 2128 2787 3724 2860">
     <span class='ocr_line' id='line_1_54' title="bbox 2128 2787 3724 2860; baseline 0.009 -18"><span class='ocrx_word' id='word_1_397' title='bbox 2128 2787 2507 2860; x_wconf 78' lang='lat' dir='ltr'><strong>Pbanagoram</strong></span> <span class='ocrx_word' id='word_1_398' title='bbox 2546 2789 2792 2858; x_wconf 81' lang='lat' dir='ltr'><strong>veniens,</strong></span> <span class='ocrx_word' id='word_1_399' title='bbox 2840 2790 2914 2846; x_wconf 90' lang='lat' dir='ltr'><strong>ibi</strong></span> <span class='ocrx_word' id='word_1_400' title='bbox 2954 2804 3079 2848; x_wconf 85' lang='lat' dir='ltr'><strong>cum</strong></span> <span class='ocrx_word' id='word_1_401' title='bbox 3122 2809 3294 2852; x_wconf 79' lang='lat' dir='ltr'><strong>uxore</strong></span> <span class='ocrx_word' id='word_1_402' title='bbox 3319 2810 3418 2852; x_wconf 86' lang='lat' dir='ltr'><strong>sua</strong></span> <span class='ocrx_word' id='word_1_403' title='bbox 3472 2810 3724 2856; x_wconf 69' lang='lat' dir='ltr'><strong>moratus</strong></span> 
     </span>
    </p>
   </div>
   <div class='ocr_carea' id='block_1_55' title="bbox 2126 2880 3720 2961">
    <p class='ocr_par' dir='ltr' id='par_1_55' title="bbox 2126 2880 3720 2961">
     <span class='ocr_line' id='line_1_55' title="bbox 2126 2880 3720 2961; baseline 0.008 -26"><span class='ocrx_word' id='word_1_404' title='bbox 2126 2889 2229 2935; x_wconf 91' lang='lat' dir='ltr'><strong>est.</strong></span> <span class='ocrx_word' id='word_1_405' title='bbox 2263 2880 2393 2948; x_wconf 70' lang='lat' dir='ltr'><strong>Qum</strong></span> <span class='ocrx_word' id='word_1_406' title='bbox 2423 2896 2546 2935; x_wconf 90' lang='lat' dir='ltr'><strong>cum</strong></span> <span class='ocrx_word' id='word_1_407' title='bbox 2585 2881 2907 2952; x_wconf 85' lang='lat' dir='ltr'><strong>Apsimarus</strong></span> <span class='ocrx_word' id='word_1_408' title='bbox 2935 2885 3200 2953; x_wconf 76' lang='lat' dir='ltr'><strong>audisset,</strong></span> <span class='ocrx_word' id='word_1_409' title='bbox 3230 2888 3540 2945; x_wconf 86' lang='lat' dir='ltr'><strong>Cbazarum</strong></span> <span class='ocrx_word' id='word_1_410' title='bbox 3565 2893 3720 2961; x_wconf 86' lang='lat' dir='ltr'><strong>priu-</strong></span> 
     </span>
    </p>
   </div>
   <div class='ocr_carea' id='block_1_56' title="bbox 2128 2973 3720 3047">
    <p class='ocr_par' dir='ltr' id='par_1_56' title="bbox 2128 2973 3720 3047">
     <span class='ocr_line' id='line_1_56' title="bbox 2128 2973 3720 3047; baseline 0.009 -21"><span class='ocrx_word' id='word_1_411' title='bbox 2128 2973 2302 3043; x_wconf 80' lang='lat' dir='ltr'><strong>cipem</strong></span> <span class='ocrx_word' id='word_1_412' title='bbox 2338 2974 2554 3029; x_wconf 78' lang='lat' dir='ltr'><strong>assidue</strong></span> <span class='ocrx_word' id='word_1_413' title='bbox 2586 2973 2937 3043; x_wconf 81' lang='lat' dir='ltr'><strong>sollicitabat,</strong></span> <span class='ocrx_word' id='word_1_414' title='bbox 2970 2977 3168 3047; x_wconf 91' lang='lat' dir='ltr'><strong>opibus</strong></span> <span class='ocrx_word' id='word_1_415' title='bbox 3204 2979 3391 3036; x_wconf 87' lang='lat' dir='ltr'><strong>multis</strong></span> <span class='ocrx_word' id='word_1_416' title='bbox 3425 2999 3489 3039; x_wconf 87' lang='lat' dir='ltr'><strong>ac</strong></span> <span class='ocrx_word' id='word_1_417' title='bbox 3527 3000 3720 3041; x_wconf 88' lang='lat' dir='ltr'><strong>mune-</strong></span> 
     </span>
    </p>
   </div>
   <div class='ocr_carea' id='block_1_57' title="bbox 428 3064 2024 3146">
    <p class='ocr_par' dir='ltr' id='par_1_57' title="bbox 428 3070 2022 3145">
     <span class='ocr_line' id='line_1_57' title="bbox 428 3070 2022 3145; baseline 0.006 -22"><span class='ocrx_word' id='word_1_418' title='bbox 428 3070 493 3124; x_wconf 83' lang='grc' dir='ltr'><strong>δὲ</strong></span> <span class='ocrx_word' id='word_1_419' title='bbox 526 3071 795 3143; x_wconf 77' lang='grc' dir='ltr'>χρήματα</span> <span class='ocrx_word' id='word_1_420' title='bbox 818 3072 910 3126; x_wconf 77' lang='grc' dir='ltr'>καὶ</span> <span class='ocrx_word' id='word_1_421' title='bbox 939 3073 1089 3145; x_wconf 82' lang='grc' dir='ltr'>δῶρα</span> <span class='ocrx_word' id='word_1_422' title='bbox 1111 3074 1448 3143; x_wconf 82' lang='grc' dir='ltr'>ὑπισχνεῖτο,</span> <span class='ocrx_word' id='word_1_423' title='bbox 1487 3076 1537 3127; x_wconf 78' lang='grc' dir='ltr'>εἱ</span> <span class='ocrx_word' id='word_1_424' title='bbox 1570 3075 1751 3139; x_wconf 86' lang='grc' dir='ltr'>ζῶντα</span> <span class='ocrx_word' id='word_1_425' title='bbox 1798 3078 2022 3132; x_wconf 83' lang='grc' dir='ltr'>ἰουστι-</span> 
     </span>
    </p>
   </div>
   <div class='ocr_carea' id='block_1_58' title="bbox 2131 3064 3717 3146">
    <p class='ocr_par' dir='ltr' id='par_1_58' title="bbox 2132 3065 3717 3146">
     <span class='ocr_line' id='line_1_58' title="bbox 2132 3065 3717 3146; baseline 0.009 -27"><span class='ocrx_word' id='word_1_426' title='bbox 2132 3065 2279 3119; x_wconf 89' lang='lat' dir='ltr'><strong>ribus</strong></span> <span class='ocrx_word' id='word_1_427' title='bbox 2312 3066 2619 3135; x_wconf 80' lang='lat' dir='ltr'><strong>promissis,</strong></span> <span class='ocrx_word' id='word_1_428' title='bbox 2642 3074 2703 3122; x_wconf 88' lang='lat' dir='ltr'><strong>ut</strong></span> <span class='ocrx_word' id='word_1_429' title='bbox 2729 3076 2823 3121; x_wconf 91' lang='lat' dir='ltr'><strong>aut</strong></span> <span class='ocrx_word' id='word_1_430' title='bbox 2864 3068 3044 3124; x_wconf 81' lang='lat' dir='ltr'><strong>vivum</strong></span> <span class='ocrx_word' id='word_1_431' title='bbox 3076 3070 3444 3128; x_wconf 84' lang='lat' dir='ltr'><strong>Justinianum</strong></span> <span class='ocrx_word' id='word_1_432' title='bbox 3473 3077 3543 3130; x_wconf 86' lang='lat' dir='ltr'><strong>ad</strong></span> <span class='ocrx_word' id='word_1_433' title='bbox 3572 3092 3717 3146; x_wconf 83' lang='lat' dir='ltr'><strong>sese,</strong></span> 
     </span>
    </p>
   </div>
   <div class='ocr_carea' id='block_1_59' title="bbox 432 3151 2026 3238">
    <p class='ocr_par' dir='ltr' id='par_1_59' title="bbox 432 3151 2026 3238">
     <span class='ocr_line' id='line_1_59' title="bbox 432 3151 2026 3238; baseline 0.006 -23"><span class='ocrx_word' id='word_1_434' title='bbox 432 3163 621 3218; x_wconf 79' lang='grc' dir='ltr'>νιανδν</span> <span class='ocrx_word' id='word_1_435' title='bbox 655 3163 687 3234; x_wconf 77' lang='grc' dir='ltr'><strong>ἢ</strong></span> <span class='ocrx_word' id='word_1_436' title='bbox 721 3151 822 3234; x_wconf 78' lang='grc' dir='ltr'>τὴν</span> <span class='ocrx_word' id='word_1_437' title='bbox 861 3166 1105 3236; x_wconf 80' lang='grc' dir='ltr'>κεφαλήν</span> <span class='ocrx_word' id='word_1_438' title='bbox 1151 3166 1319 3220; x_wconf 77' lang='grc' dir='ltr'>αὐτοῦ</span> <span class='ocrx_word' id='word_1_439' title='bbox 1359 3166 1668 3238; x_wconf 78' lang='grc' dir='ltr'>ἐκπέμψαι.</span> <span class='ocrx_word' id='word_1_440' title='bbox 1720 3170 1777 3223; x_wconf 90' lang='grc'><strong>’0</strong></span> <span class='ocrx_word' id='word_1_441' title='bbox 1814 3170 1871 3223; x_wconf 80' lang='grc' dir='ltr'>δὲ</span> <span class='ocrx_word' id='word_1_442' title='bbox 1904 3174 2026 3236; x_wconf 89' lang='grc' dir='ltr'>ταῖς</span> 
     </span>
    </p>
   </div>
   <div class='ocr_carea' id='block_1_60' title="bbox 436 3255 2027 3332">
    <p class='ocr_par' dir='ltr' id='par_1_60' title="bbox 436 3255 2027 3332">
     <span class='ocr_line' id='line_1_60' title="bbox 436 3255 2027 3332; baseline 0.003 -24"><span class='ocrx_word' id='word_1_443' title='bbox 436 3255 665 3318; x_wconf 75' lang='grc' dir='ltr'>πολλαῖς</span> <span class='ocrx_word' id='word_1_444' title='bbox 712 3255 865 3320; x_wconf 74' lang='grc' dir='ltr'>εἴξας</span> <span class='ocrx_word' id='word_1_445' title='bbox 909 3257 1324 3329; x_wconf 72' lang='grc' dir='ltr'>παρακλήσεσιν</span> <span class='ocrx_word' id='word_1_446' title='bbox 1370 3258 1643 3329; x_wconf 72' lang='grc' dir='ltr'>ὑπέσχετο</span> <span class='ocrx_word' id='word_1_447' title='bbox 1683 3261 1842 3314; x_wconf 80' lang='grc' dir='ltr'>τοῦτο</span> <span class='ocrx_word' id='word_1_448' title='bbox 1889 3262 2027 3332; x_wconf 80' lang='grc' dir='ltr'>πλη-</span> 
     </span>
    </p>
   </div>
   <div class='ocr_carea' id='block_1_61' title="bbox 436 3343 2024 3424">
    <p class='ocr_par' dir='ltr' id='par_1_61' title="bbox 436 3343 2024 3424">
     <span class='ocr_line' id='line_1_61' title="bbox 436 3343 2024 3424; baseline 0.006 -27"><span class='ocrx_word' id='word_1_449' title='bbox 436 3344 595 3415; x_wconf 76' lang='grc' dir='ltr'>ροῦν.</span> <span class='ocrx_word' id='word_1_450' title='bbox 632 3346 856 3418; x_wconf 83' lang='grc' dir='ltr'>Πέμπει</span> <span class='ocrx_word' id='word_1_451' title='bbox 905 3343 1000 3401; x_wconf 85' lang='grc' dir='ltr'><strong>οὖν</strong></span> <span class='ocrx_word' id='word_1_452' title='bbox 1032 3348 1233 3417; x_wconf 79' lang='grc' dir='ltr'>ἄνδρας</span> <span class='ocrx_word' id='word_1_453' title='bbox 1263 3352 1349 3413; x_wconf 67' lang='grc' dir='ltr'><strong>εἰς</strong></span> <span class='ocrx_word' id='word_1_454' title='bbox 1398 3352 1648 3424; x_wconf 80' lang='grc' dir='ltr'>φυλακὴν</span> <span class='ocrx_word' id='word_1_455' title='bbox 1689 3351 1854 3406; x_wconf 81' lang='grc' dir='ltr'>αὑτοῦ</span> <span class='ocrx_word' id='word_1_456' title='bbox 1888 3352 2024 3407; x_wconf 83' lang='grc' dir='ltr'>καθ-</span> 
     </span>
    </p>
   </div>
   <div class='ocr_carea' id='block_1_62' title="bbox 435 3435 2029 3513">
    <p class='ocr_par' dir='ltr' id='par_1_62' title="bbox 435 3435 2029 3513">
     <span class='ocr_line' id='line_1_62' title="bbox 435 3435 2029 3513; baseline 0.006 -26"><span class='ocrx_word' id='word_1_457' title='bbox 435 3436 685 3502; x_wconf 86' lang='grc' dir='ltr'>εστάναι,</span> <span class='ocrx_word' id='word_1_458' title='bbox 713 3435 794 3508; x_wconf 84' lang='grc' dir='ltr'>τῷ</span> <span class='ocrx_word' id='word_1_459' title='bbox 826 3438 927 3508; x_wconf 78' lang='grc' dir='ltr'><strong>μὲν</strong></span> <span class='ocrx_word' id='word_1_460' title='bbox 958 3439 1311 3510; x_wconf 82' lang='grc' dir='ltr'>προσχήματι</span> <span class='ocrx_word' id='word_1_461' title='bbox 1335 3440 1414 3504; x_wconf 85' lang='grc' dir='ltr'>ὡς</span> <span class='ocrx_word' id='word_1_462' title='bbox 1445 3442 1521 3513; x_wconf 85' lang='grc' dir='ltr'><strong>μὴ</strong></span> <span class='ocrx_word' id='word_1_463' title='bbox 1549 3443 1654 3495; x_wconf 83' lang='grc' dir='ltr'><strong>ὑπὸ</strong></span> <span class='ocrx_word' id='word_1_464' title='bbox 1681 3442 1790 3496; x_wconf 86' lang='grc' dir='ltr'><strong>τῶν</strong></span> <span class='ocrx_word' id='word_1_465' title='bbox 1814 3443 2029 3512; x_wconf 82' lang='grc' dir='ltr'>ὁμοφύ-</span> 
     </span>
    </p>
   </div>
   <div class='ocr_carea' id='block_1_63' title="bbox 434 3525 2028 3605">
    <p class='ocr_par' dir='ltr' id='par_1_63' title="bbox 434 3525 2028 3605">
     <span class='ocr_line' id='line_1_63' title="bbox 434 3525 2028 3605; baseline 0.006 -28"><span class='ocrx_word' id='word_1_466' title='bbox 434 3525 548 3580; x_wconf 77' lang='grc' dir='ltr'>λων</span> <span class='ocrx_word' id='word_1_467' title='bbox 594 3527 1011 3597; x_wconf 76' lang='grc' dir='ltr'>ἐπιϐουλευθείη</span> <span class='ocrx_word' id='word_1_468' title='bbox 1039 3567 1055 3594; x_wconf 90' lang='grc'><strong>,</strong></span> <span class='ocrx_word' id='word_1_469' title='bbox 1093 3528 1172 3599; x_wconf 83' lang='grc' dir='ltr'>τῷ</span> <span class='ocrx_word' id='word_1_470' title='bbox 1207 3529 1321 3584; x_wconf 78' lang='grc' dir='ltr'>ὄντι</span> <span class='ocrx_word' id='word_1_471' title='bbox 1355 3531 1419 3585; x_wconf 78' lang='grc' dir='ltr'>δὲ</span> <span class='ocrx_word' id='word_1_472' title='bbox 1463 3533 1786 3601; x_wconf 81' lang='grc' dir='ltr'>φυλάσσειν,</span> <span class='ocrx_word' id='word_1_473' title='bbox 1831 3535 1907 3597; x_wconf 84' lang='grc' dir='ltr'>ὡς</span> <span class='ocrx_word' id='word_1_474' title='bbox 1953 3533 2028 3605; x_wconf 86' lang='grc' dir='ltr'>μὴ</span> 
     </span>
    </p>
   </div>
   <div class='ocr_carea' id='block_1_64' title="bbox 437 3616 2029 3696">
    <p class='ocr_par' dir='ltr' id='par_1_64' title="bbox 437 3616 2029 3696">
     <span class='ocr_line' id='line_1_64' title="bbox 437 3616 2029 3696; baseline 0.007 -27"><span class='ocrx_word' id='word_1_475' title='bbox 437 3616 753 3686; x_wconf 82' lang='grc' dir='ltr'>ἀποδρὰσαι</span> <span class='ocrx_word' id='word_1_476' title='bbox 799 3619 928 3671; x_wconf 86' lang='grc' dir='ltr'><strong>ποτέ</strong></span> <span class='ocrx_word' id='word_1_477' title='bbox 979 3621 1548 3692; x_wconf 77' lang='grc' dir='ltr'>προασφαλιζόμενος.</span> <span class='ocrx_word' id='word_1_478' title='bbox 1587 3624 1819 3679; x_wconf 80' lang='grc' dir='ltr'>Κελεύει</span> <span class='ocrx_word' id='word_1_479' title='bbox 1850 3625 1908 3679; x_wconf 80' lang='grc' dir='ltr'>δὲ</span> <span class='ocrx_word' id='word_1_480' title='bbox 1948 3624 2029 3696; x_wconf 82' lang='grc' dir='ltr'>τῷ</span> 
     </span>
    </p>
   </div>
   <div class='ocr_carea' id='block_1_65' title="bbox 435 3708 2029 3788">
    <p class='ocr_par' dir='ltr' id='par_1_65' title="bbox 435 3708 2029 3788">
     <span class='ocr_line' id='line_1_65' title="bbox 435 3708 2029 3788; baseline 0.006 -27"><span class='ocrx_word' id='word_1_481' title='bbox 435 3709 669 3778; x_wconf 78' lang='grc' dir='ltr'>ἄρχοντι</span> <span class='ocrx_word' id='word_1_482' title='bbox 714 3708 823 3761; x_wconf 82' lang='grc' dir='ltr'><strong>τῶν</strong></span> <span class='ocrx_word' id='word_1_483' title='bbox 856 3711 1154 3779; x_wconf 76' lang='grc' dir='ltr'>ὁμοεθνῶν,</span> <span class='ocrx_word' id='word_1_484' title='bbox 1193 3711 1528 3784; x_wconf 81' lang='grc' dir='ltr'>ᾠκειωμένῳ</span> <span class='ocrx_word' id='word_1_485' title='bbox 1565 3715 1622 3768; x_wconf 86' lang='grc' dir='ltr'>δὲ</span> <span class='ocrx_word' id='word_1_486' title='bbox 1664 3716 2029 3788; x_wconf 82' lang='grc' dir='ltr'>Ἰουστινιανῷ</span> 
     </span>
    </p>
   </div>
   <div class='ocr_carea' id='block_1_66' title="bbox 435 3797 2027 3876">
    <p class='ocr_par' dir='ltr' id='par_1_66' title="bbox 435 3797 2027 3876">
     <span class='ocr_line' id='line_1_66' title="bbox 435 3797 2027 3876; baseline 0.004 -27"><span class='ocrx_word' id='word_1_487' title='bbox 435 3797 591 3863; x_wconf 80' lang='grc' dir='ltr'>ὄντι,</span> <span class='ocrx_word' id='word_1_488' title='bbox 621 3797 702 3852; x_wconf 83' lang='grc' dir='ltr'><strong>ἔτι</strong></span> <span class='ocrx_word' id='word_1_489' title='bbox 752 3799 810 3852; x_wconf 81' lang='grc' dir='ltr'><strong>δὲ</strong></span> <span class='ocrx_word' id='word_1_490' title='bbox 847 3799 942 3851; x_wconf 73' lang='grc' dir='ltr'>καὶ</span> <span class='ocrx_word' id='word_1_491' title='bbox 976 3800 1051 3869; x_wconf 74' lang='grc' dir='ltr'>τῷ</span> <span class='ocrx_word' id='word_1_492' title='bbox 1091 3799 1312 3870; x_wconf 77' lang='grc' dir='ltr'>ἄρχοντι</span> <span class='ocrx_word' id='word_1_493' title='bbox 1353 3801 1432 3871; x_wconf 80' lang='grc' dir='ltr'>τῷ</span> <span class='ocrx_word' id='word_1_494' title='bbox 1479 3801 1574 3856; x_wconf 82' lang='grc' dir='ltr'>τοῦ</span> <span class='ocrx_word' id='word_1_495' title='bbox 1606 3802 1890 3876; x_wconf 77' lang='grc' dir='ltr'>Βοσπόρου</span> <span class='ocrx_word' id='word_1_496' title='bbox 1933 3804 2027 3859; x_wconf 80' lang='grc' dir='ltr'>τοῦ</span> 
     </span>
    </p>
   </div>
   <div class='ocr_carea' id='block_1_67' title="bbox 437 3889 2030 3966">
    <p class='ocr_par' dir='ltr' id='par_1_67' title="bbox 437 3889 2030 3966">
     <span class='ocr_line' id='line_1_67' title="bbox 437 3889 2030 3966; baseline 0.007 -27"><span class='ocrx_word' id='word_1_497' title='bbox 437 3889 738 3953; x_wconf 66' lang='grc' dir='ltr'>Σκυθικοῦ,</span> <span class='ocrx_word' id='word_1_498' title='bbox 778 3891 1064 3960; x_wconf 80' lang='grc' dir='ltr'>ἐπιτηρεῖν</span> <span class='ocrx_word' id='word_1_499' title='bbox 1091 3891 1254 3960; x_wconf 77' lang='grc' dir='ltr'>ἡνίκα</span> <span class='ocrx_word' id='word_1_500' title='bbox 1290 3892 1476 3955; x_wconf 84' lang='grc' dir='ltr'>αὐτοῖς</span> <span class='ocrx_word' id='word_1_501' title='bbox 1503 3895 1794 3966; x_wconf 74' lang='grc' dir='ltr'>ἐπιτρέψει</span> <span class='ocrx_word' id='word_1_502' title='bbox 1819 3896 2030 3952; x_wconf 72' lang='grc' dir='ltr'>ἀνελεῖν</span> 
     </span>
    </p>
   </div>
   <div class='ocr_carea' id='block_1_68' title="bbox 436 3980 2031 4059">
    <p class='ocr_par' dir='ltr' id='par_1_68' title="bbox 436 3980 2031 4059">
     <span class='ocr_line' id='line_1_68' title="bbox 436 3980 2031 4059; baseline 0.005 -26"><span class='ocrx_word' id='word_1_503' title='bbox 436 3981 605 4033; x_wconf 82' lang='grc' dir='ltr'>αὑτὸν</span> <span class='ocrx_word' id='word_1_504' title='bbox 624 3980 699 4043; x_wconf 78' lang='grc' dir='ltr'>ὡς</span> <span class='ocrx_word' id='word_1_505' title='bbox 728 3981 980 4050; x_wconf 75' lang='grc' dir='ltr'>τάχιστα.</span> <span class='ocrx_word' id='word_1_506' title='bbox 1005 3983 1192 4037; x_wconf 83' lang='grc' dir='ltr'>Ταῦτα</span> <span class='ocrx_word' id='word_1_507' title='bbox 1217 3985 1277 4038; x_wconf 81' lang='grc' dir='ltr'><strong>δέ</strong></span> <span class='ocrx_word' id='word_1_508' title='bbox 1302 3985 1567 4055; x_wconf 80' lang='grc' dir='ltr'>μηνύεται</span> <span class='ocrx_word' id='word_1_509' title='bbox 1594 3985 1850 4058; x_wconf 81' lang='grc' dir='ltr'>Θεοδὼρᾳ</span> <span class='ocrx_word' id='word_1_510' title='bbox 1880 3988 2031 4059; x_wconf 77' lang='grc' dir='ltr'>παρά</span> 
     </span>
    </p>
   </div>
   <div class='ocr_carea' id='block_1_69' title="bbox 433 4072 2032 4146">
    <p class='ocr_par' dir='ltr' id='par_1_69' title="bbox 433 4072 2032 4146">
     <span class='ocr_line' id='line_1_69' title="bbox 433 4072 2032 4146; baseline 0.005 -23"><span class='ocrx_word' id='word_1_511' title='bbox 433 4088 585 4135; x_wconf 86' lang='grc' dir='ltr'>τινος</span> <span class='ocrx_word' id='word_1_512' title='bbox 614 4072 725 4125; x_wconf 85' lang='grc' dir='ltr'><strong>τῶν</strong></span> <span class='ocrx_word' id='word_1_513' title='bbox 751 4072 845 4125; x_wconf 81' lang='grc' dir='ltr'><strong>τοῦ</strong></span> <span class='ocrx_word' id='word_1_514' title='bbox 877 4074 1087 4144; x_wconf 64' lang='grc' dir='ltr'>πατρὸς</span> <span class='ocrx_word' id='word_1_515' title='bbox 1115 4076 1364 4129; x_wconf 77' lang='grc' dir='ltr'>οἰκετῶν.</span> <span class='ocrx_word' id='word_1_516' title='bbox 1414 4075 1478 4133; x_wconf 82' lang='grc' dir='ltr'><strong>Ἠ</strong></span> <span class='ocrx_word' id='word_1_517' title='bbox 1509 4077 1565 4130; x_wconf 84' lang='grc' dir='ltr'>δὲ</span> <span class='ocrx_word' id='word_1_518' title='bbox 1591 4079 1660 4132; x_wconf 75' lang='grc' dir='ltr'>τὰ</span> <span class='ocrx_word' id='word_1_519' title='bbox 1689 4076 1789 4146; x_wconf 82' lang='grc' dir='ltr'>τῆς</span> <span class='ocrx_word' id='word_1_520' title='bbox 1808 4077 2032 4131; x_wconf 81' lang='grc' dir='ltr'>ἐπιϐου-</span> 
     </span>
    </p>
   </div>
   <div class='ocr_carea' id='block_1_70' title="bbox 433 4165 2030 4237">
    <p class='ocr_par' dir='ltr' id='par_1_70' title="bbox 433 4165 2030 4237">
     <span class='ocr_line' id='line_1_70' title="bbox 433 4165 2030 4237; baseline 0.006 -21"><span class='ocrx_word' id='word_1_521' title='bbox 433 4165 534 4234; x_wconf 77' lang='grc' dir='ltr'>&gt;.ἧς</span> <span class='ocrx_word' id='word_1_522' title='bbox 561 4165 640 4236; x_wconf 80' lang='grc' dir='ltr'>τῷ</span> <span class='ocrx_word' id='word_1_523' title='bbox 668 4166 825 4237; x_wconf 69' lang='grc' dir='ltr'>ἀνδρὶ</span> <span class='ocrx_word' id='word_1_524' title='bbox 853 4167 1116 4221; x_wconf 79' lang='grc' dir='ltr'>ἀνετίθει.</span> <span class='ocrx_word' id='word_1_525' title='bbox 1150 4168 1262 4222; x_wconf 71' lang='grc' dir='ltr'>Καὶ</span> <span class='ocrx_word' id='word_1_526' title='bbox 1286 4169 1449 4233; x_wconf 79' lang='grc' dir='ltr'>αὐτὸς</span> <span class='ocrx_word' id='word_1_527' title='bbox 1479 4169 1571 4224; x_wconf 82' lang='grc' dir='ltr'><strong>τὸν</strong></span> <span class='ocrx_word' id='word_1_528' title='bbox 1597 4172 1796 4224; x_wconf 79' lang='grc' dir='ltr'>οἰκεῖον</span> <span class='ocrx_word' id='word_1_529' title='bbox 1821 4173 2030 4225; x_wconf 81' lang='grc' dir='ltr'>ἐκεῖνον</span> 
     </span>
    </p>
   </div>
   <div class='ocr_carea' id='block_1_71' title="bbox 434 4254 2027 4330">
    <p class='ocr_par' dir='ltr' id='par_1_71' title="bbox 434 4254 2027 4330">
     <span class='ocr_line' id='line_1_71' title="bbox 434 4254 2027 4330; baseline 0.004 -23"><span class='ocrx_word' id='word_1_530' title='bbox 434 4255 534 4307; x_wconf 70' lang='grc' dir='ltr'><strong>τὸν</strong></span> <span class='ocrx_word' id='word_1_531' title='bbox 585 4254 841 4326; x_wconf 76' lang='grc' dir='ltr'>Χάζαρον</span> <span class='ocrx_word' id='word_1_532' title='bbox 898 4255 1138 4321; x_wconf 83' lang='grc' dir='ltr'>καλέσας</span> <span class='ocrx_word' id='word_1_533' title='bbox 1190 4259 1286 4311; x_wconf 82' lang='grc' dir='ltr'>καὶ</span> <span class='ocrx_word' id='word_1_534' title='bbox 1338 4258 1638 4322; x_wconf 79' lang='grc' dir='ltr'>ἀπιδιάσας</span> <span class='ocrx_word' id='word_1_535' title='bbox 1689 4261 1806 4330; x_wconf 77' lang='grc' dir='ltr'>μετ’</span> <span class='ocrx_word' id='word_1_536' title='bbox 1859 4258 2027 4313; x_wconf 78' lang='grc' dir='ltr'>αὑτοῦ</span> 
     </span>
    </p>
   </div>
   <div class='ocr_carea' id='block_1_72' title="bbox 434 4347 2029 4423">
    <p class='ocr_par' dir='ltr' id='par_1_72' title="bbox 434 4347 2029 4423">
     <span class='ocr_line' id='line_1_72' title="bbox 434 4347 2029 4423; baseline 0.004 -24"><span class='ocrx_word' id='word_1_537' title='bbox 434 4347 651 4419; x_wconf 82' lang='grc' dir='ltr'>ἀγχόνῃ</span> <span class='ocrx_word' id='word_1_538' title='bbox 697 4349 1012 4420; x_wconf 83' lang='grc' dir='ltr'>παρέδωκε.</span> <span class='ocrx_word' id='word_1_539' title='bbox 1045 4350 1137 4421; x_wconf 86' lang='grc' dir='ltr'>Τῷ</span> <span class='ocrx_word' id='word_1_540' title='bbox 1176 4350 1327 4420; x_wconf 87' lang='grc' dir='ltr'>αύτῷ</span> <span class='ocrx_word' id='word_1_541' title='bbox 1375 4351 1433 4404; x_wconf 82' lang='grc' dir='ltr'>δὲ</span> <span class='ocrx_word' id='word_1_542' title='bbox 1459 4353 1647 4423; x_wconf 81' lang='grc' dir='ltr'>τρόπῳ</span> <span class='ocrx_word' id='word_1_543' title='bbox 1681 4353 1900 4422; x_wconf 78' lang='grc' dir='ltr'>ἀναιρεῖ</span> <span class='ocrx_word' id='word_1_544' title='bbox 1932 4351 2029 4406; x_wconf 76' lang='grc' dir='ltr'>καὶ</span> 
     </span>
    </p>
   </div>
   <div class='ocr_carea' id='block_1_73' title="bbox 434 4439 2025 4514">
    <p class='ocr_par' dir='ltr' id='par_1_73' title="bbox 434 4439 2025 4514">
     <span class='ocr_line' id='line_1_73' title="bbox 434 4439 2025 4514; baseline 0.003 -23"><span class='ocrx_word' id='word_1_545' title='bbox 434 4439 530 4492; x_wconf 74' lang='grc' dir='ltr'>τὸν</span> <span class='ocrx_word' id='word_1_546' title='bbox 560 4440 835 4511; x_wconf 83' lang='grc' dir='ltr'>Βοσπόρου</span> <span class='ocrx_word' id='word_1_547' title='bbox 871 4442 1133 4513; x_wconf 87' lang='grc' dir='ltr'>ἄρχοντα.</span> <span class='ocrx_word' id='word_1_548' title='bbox 1175 4443 1352 4505; x_wconf 79' lang='grc' dir='ltr'>Εὐθὺς</span> <span class='ocrx_word' id='word_1_549' title='bbox 1386 4442 1442 4495; x_wconf 85' lang='grc' dir='ltr'>δὲ</span> <span class='ocrx_word' id='word_1_550' title='bbox 1471 4442 1755 4514; x_wconf 84' lang='grc' dir='ltr'>Θεοδώραν</span> <span class='ocrx_word' id='word_1_551' title='bbox 1791 4444 1893 4514; x_wconf 88' lang='grc' dir='ltr'><strong>τὴν</strong></span> <span class='ocrx_word' id='word_1_552' title='bbox 1927 4462 2025 4512; x_wconf 67' lang='grc' dir='ltr'><strong>γαα</strong></span> 
     </span>
    </p>
   </div>
   <div class='ocr_carea' id='block_1_74' title="bbox 438 4529 2023 4606">
    <p class='ocr_par' dir='ltr' id='par_1_74' title="bbox 438 4529 2023 4606">
     <span class='ocr_line' id='line_1_74' title="bbox 438 4529 2023 4606; baseline 0.004 -23"><span class='ocrx_word' id='word_1_553' title='bbox 438 4529 615 4601; x_wconf 71' lang='grc' dir='ltr'>μετῆν</span> <span class='ocrx_word' id='word_1_554' title='bbox 654 4532 791 4601; x_wconf 79' lang='grc' dir='ltr'>πρὸς</span> <span class='ocrx_word' id='word_1_555' title='bbox 811 4532 904 4586; x_wconf 85' lang='grc' dir='ltr'><strong>τὸν</strong></span> <span class='ocrx_word' id='word_1_556' title='bbox 933 4534 1150 4604; x_wconf 83' lang='grc' dir='ltr'>πατέρα</span> <span class='ocrx_word' id='word_1_557' title='bbox 1181 4533 1485 4603; x_wconf 82' lang='grc' dir='ltr'>ἐκπέμπει,</span> <span class='ocrx_word' id='word_1_558' title='bbox 1518 4534 1680 4597; x_wconf 77' lang='grc' dir='ltr'>αὐτὸς</span> <span class='ocrx_word' id='word_1_559' title='bbox 1708 4534 1767 4587; x_wconf 82' lang='grc' dir='ltr'><strong>δέ</strong></span> <span class='ocrx_word' id='word_1_560' title='bbox 1799 4535 2023 4606; x_wconf 82' lang='grc' dir='ltr'>ἀπάρας</span> 
     </span>
    </p>
   </div>
   <div class='ocr_carea' id='block_1_75' title="bbox 436 4621 2021 4699">
    <p class='ocr_par' dir='ltr' id='par_1_75' title="bbox 436 4621 2021 4699">
     <span class='ocr_line' id='line_1_75' title="bbox 436 4621 2021 4699; baseline 0.006 -26"><span class='ocrx_word' id='word_1_561' title='bbox 436 4623 522 4684; x_wconf 71' lang='grc' dir='ltr'>εις</span> <span class='ocrx_word' id='word_1_562' title='bbox 567 4621 739 4691; x_wconf 80' lang='grc' dir='ltr'>Τόμιν</span> <span class='ocrx_word' id='word_1_563' title='bbox 793 4622 870 4687; x_wconf 84' lang='lat'><strong>(7)</strong></span> <span class='ocrx_word' id='word_1_564' title='bbox 922 4623 1263 4694; x_wconf 82' lang='grc' dir='ltr'>καλούμενον</span> <span class='ocrx_word' id='word_1_565' title='bbox 1316 4624 1767 4695; x_wconf 83' lang='grc' dir='ltr'>παραθαλάσσιον</span> <span class='ocrx_word' id='word_1_566' title='bbox 1819 4629 2021 4699; x_wconf 78' lang='grc' dir='ltr'>χωρίον</span> 
     </span>
    </p>
   </div>
   <div class='ocr_carea' id='block_1_76' title="bbox 441 4713 2025 4787">
    <p class='ocr_par' dir='ltr' id='par_1_76' title="bbox 441 4713 2025 4787">
     <span class='ocr_line' id='line_1_76' title="bbox 441 4713 2025 4787; baseline 0.006 -23"><span class='ocrx_word' id='word_1_567' title='bbox 441 4713 696 4783; x_wconf 78' lang='grc' dir='ltr'>κατῆλθε.</span> <span class='ocrx_word' id='word_1_568' title='bbox 739 4715 980 4768; x_wconf 82' lang='grc' dir='ltr'>Κάκεῖσε</span> <span class='ocrx_word' id='word_1_569' title='bbox 1010 4714 1102 4786; x_wconf 79' lang='grc' dir='ltr'>νηῒ</span> <span class='ocrx_word' id='word_1_570' title='bbox 1141 4715 1337 4778; x_wconf 73' lang='grc' dir='ltr'>ἐπιϐὰς</span> <span class='ocrx_word' id='word_1_571' title='bbox 1380 4717 1481 4769; x_wconf 79' lang='grc' dir='ltr'><strong>σὺν</strong></span> <span class='ocrx_word' id='word_1_572' title='bbox 1513 4717 1724 4787; x_wconf 77' lang='grc' dir='ltr'>ἑτέροις</span> <span class='ocrx_word' id='word_1_573' title='bbox 1756 4720 1899 4772; x_wconf 81' lang='grc' dir='ltr'>τισὶν</span> <span class='ocrx_word' id='word_1_574' title='bbox 1927 4722 2025 4775; x_wconf 87' lang='grc' dir='ltr'><strong>ἀν-</strong></span> 
     </span>
    </p>
   </div>
   <div class='ocr_carea' id='block_1_77' title="bbox 437 4804 2021 4882">
    <p class='ocr_par' dir='ltr' id='par_1_77' title="bbox 437 4804 2021 4882">
     <span class='ocr_line' id='line_1_77' title="bbox 437 4804 2021 4882; baseline 0.003 -24"><span class='ocrx_word' id='word_1_575' title='bbox 437 4804 602 4876; x_wconf 83' lang='grc' dir='ltr'>δράσι</span> <span class='ocrx_word' id='word_1_576' title='bbox 631 4807 729 4860; x_wconf 76' lang='grc' dir='ltr'>καὶ</span> <span class='ocrx_word' id='word_1_577' title='bbox 756 4806 957 4878; x_wconf 80' lang='grc' dir='ltr'>ταύτην</span> <span class='ocrx_word' id='word_1_578' title='bbox 986 4807 1028 4839; x_wconf 71' lang='grc'><strong>⁸⁷</strong></span> <span class='ocrx_word' id='word_1_579' title='bbox 1062 4809 1457 4880; x_wconf 84' lang='grc' dir='ltr'>παραπλεύσας</span> <span class='ocrx_word' id='word_1_580' title='bbox 1494 4805 1624 4881; x_wconf 79' lang='grc' dir='ltr'>ἦλθε</span> <span class='ocrx_word' id='word_1_581' title='bbox 1673 4810 1841 4882; x_wconf 82' lang='grc' dir='ltr'>μέχρι</span> <span class='ocrx_word' id='word_1_582' title='bbox 1875 4811 2021 4882; x_wconf 76' lang='grc' dir='ltr'>Συμ-</span> 
     </span>
    </p>
   </div>
   <div class='ocr_carea' id='block_1_78' title="bbox 2129 3158 3718 3239">
    <p class='ocr_par' dir='ltr' id='par_1_78' title="bbox 2129 3158 3718 3239">
     <span class='ocr_line' id='line_1_78' title="bbox 2129 3158 3718 3239; baseline 0.006 -25"><span class='ocrx_word' id='word_1_583' title='bbox 2129 3168 2225 3214; x_wconf 88' lang='lat' dir='ltr'><strong>aut</strong></span> <span class='ocrx_word' id='word_1_584' title='bbox 2255 3168 2416 3229; x_wconf 88' lang='lat' dir='ltr'><strong>caput</strong></span> <span class='ocrx_word' id='word_1_585' title='bbox 2440 3158 2559 3230; x_wconf 85' lang='lat' dir='ltr'><strong>ejus</strong></span> <span class='ocrx_word' id='word_1_586' title='bbox 2586 3161 2851 3217; x_wconf 87' lang='lat' dir='ltr'><strong>mitteret.</strong></span> <span class='ocrx_word' id='word_1_587' title='bbox 2889 3159 2995 3228; x_wconf 79' lang='lat' dir='ltr'><strong>Qui</strong></span> <span class='ocrx_word' id='word_1_588' title='bbox 3024 3160 3412 3236; x_wconf 81' lang='lat' dir='ltr'><strong>frequentibus</strong></span> <span class='ocrx_word' id='word_1_589' title='bbox 3440 3168 3718 3239; x_wconf 84' lang='lat' dir='ltr'><strong>Apsimari</strong></span> 
     </span>
    </p>
   </div>
   <div class='ocr_carea' id='block_1_79' title="bbox 2130 3251 3720 3333">
    <p class='ocr_par' dir='ltr' id='par_1_79' title="bbox 2130 3251 3720 3333">
     <span class='ocr_line' id='line_1_79' title="bbox 2130 3251 3720 3333; baseline 0.009 -28"><span class='ocrx_word' id='word_1_590' title='bbox 2130 3251 2388 3322; x_wconf 76' lang='lat' dir='ltr'><strong>precibus</strong></span> <span class='ocrx_word' id='word_1_591' title='bbox 2417 3262 2746 3320; x_wconf 87' lang='lat' dir='ltr'><strong>commotus,</strong></span> <span class='ocrx_word' id='word_1_592' title='bbox 2770 3252 3054 3311; x_wconf 78' lang='lat' dir='ltr'><strong>facturum</strong></span> <span class='ocrx_word' id='word_1_593' title='bbox 3090 3272 3150 3313; x_wconf 89' lang='lat' dir='ltr'><strong>se</strong></span> <span class='ocrx_word' id='word_1_594' title='bbox 3169 3259 3316 3328; x_wconf 85' lang='lat' dir='ltr'><strong>quod</strong></span> <span class='ocrx_word' id='word_1_595' title='bbox 3349 3272 3569 3333; x_wconf 80' lang='lat' dir='ltr'><strong>rogatus</strong></span> <span class='ocrx_word' id='word_1_596' title='bbox 3599 3275 3720 3319; x_wconf 88' lang='lat' dir='ltr'><strong>erat</strong></span> 
     </span>
    </p>
   </div>
   <div class='ocr_carea' id='block_1_80' title="bbox 2130 3343 3716 3420">
    <p class='ocr_par' dir='ltr' id='par_1_80' title="bbox 2130 3343 3716 3420">
     <span class='ocr_line' id='line_1_80' title="bbox 2130 3343 3716 3420; baseline 0.009 -24"><span class='ocrx_word' id='word_1_597' title='bbox 2130 3344 2356 3413; x_wconf 75' lang='lat' dir='ltr'><strong>recepit.</strong></span> <span class='ocrx_word' id='word_1_598' title='bbox 2399 3343 2585 3414; x_wconf 84' lang='lat' dir='ltr'><strong>Itaque</strong></span> <span class='ocrx_word' id='word_1_599' title='bbox 2634 3358 2819 3402; x_wconf 89' lang='lat' dir='ltr'><strong>certos</strong></span> <span class='ocrx_word' id='word_1_600' title='bbox 2873 3348 3123 3405; x_wconf 85' lang='lat' dir='ltr'><strong>homines</strong></span> <span class='ocrx_word' id='word_1_601' title='bbox 3161 3351 3227 3406; x_wconf 90' lang='lat' dir='ltr'><strong>ad</strong></span> <span class='ocrx_word' id='word_1_602' title='bbox 3257 3351 3377 3420; x_wconf 84' lang='lat' dir='ltr'><strong>eius</strong></span> <span class='ocrx_word' id='word_1_603' title='bbox 3412 3357 3716 3411; x_wconf 86' lang='lat' dir='ltr'><strong>custodiam</strong></span> 
     </span>
    </p>
   </div>
   <div class='ocr_carea' id='block_1_81' title="bbox 2129 3434 3720 3512">
    <p class='ocr_par' dir='ltr' id='par_1_81' title="bbox 2129 3434 3720 3512">
     <span class='ocr_line' id='line_1_81' title="bbox 2129 3434 3720 3512; baseline 0.01 -24"><span class='ocrx_word' id='word_1_604' title='bbox 2129 3434 2350 3505; x_wconf 80' lang='lat' dir='ltr'><strong>allegat,</strong></span> <span class='ocrx_word' id='word_1_605' title='bbox 2386 3450 2485 3507; x_wconf 88' lang='lat' dir='ltr'><strong>per</strong></span> <span class='ocrx_word' id='word_1_606' title='bbox 2531 3438 2770 3508; x_wconf 87' lang='lat' dir='ltr'><strong>speciem</strong></span> <span class='ocrx_word' id='word_1_607' title='bbox 2814 3454 2883 3495; x_wconf 90' lang='lat' dir='ltr'><strong>ne</strong></span> <span class='ocrx_word' id='word_1_608' title='bbox 2916 3441 3200 3512; x_wconf 80' lang='lat' dir='ltr'><strong>gentilium</strong></span> <span class='ocrx_word' id='word_1_609' title='bbox 3235 3459 3459 3500; x_wconf 90' lang='lat' dir='ltr'><strong>suorum</strong></span> <span class='ocrx_word' id='word_1_610' title='bbox 3502 3447 3720 3504; x_wconf 75' lang='lat' dir='ltr'><strong>insidiis</strong></span> 
     </span>
    </p>
   </div>
   <div class='ocr_carea' id='block_1_82' title="bbox 2130 3529 3721 3606">
    <p class='ocr_par' dir='ltr' id='par_1_82' title="bbox 2130 3529 3721 3606">
     <span class='ocr_line' id='line_1_82' title="bbox 2130 3529 3721 3606; baseline 0.009 -25"><span class='ocrx_word' id='word_1_611' title='bbox 2130 3529 2558 3598; x_wconf 89' lang='lat' dir='ltr'><strong>opprimeretur,</strong></span> <span class='ocrx_word' id='word_1_612' title='bbox 2608 3543 2798 3585; x_wconf 72' lang='lat' dir='ltr'><strong>revera</strong></span> <span class='ocrx_word' id='word_1_613' title='bbox 2846 3541 3031 3588; x_wconf 77' lang='lat' dir='ltr'><strong>antem</strong></span> <span class='ocrx_word' id='word_1_614' title='bbox 3077 3534 3134 3590; x_wconf 89' lang='lat' dir='ltr'><strong>id</strong></span> <span class='ocrx_word' id='word_1_615' title='bbox 3186 3535 3361 3606; x_wconf 86' lang='lat' dir='ltr'><strong>ipsum</strong></span> <span class='ocrx_word' id='word_1_616' title='bbox 3412 3551 3615 3595; x_wconf 82' lang='lat' dir='ltr'><strong>carens</strong></span> <span class='ocrx_word' id='word_1_617' title='bbox 3650 3554 3721 3595; x_wconf 89' lang='lat' dir='ltr'><strong>ne</strong></span> 
     </span>
    </p>
   </div>
   <div class='ocr_carea' id='block_1_83' title="bbox 2130 3622 3720 3701">
    <p class='ocr_par' dir='ltr' id='par_1_83' title="bbox 2130 3622 3720 3701">
     <span class='ocr_line' id='line_1_83' title="bbox 2130 3622 3720 3701; baseline 0.008 -26"><span class='ocrx_word' id='word_1_618' title='bbox 2130 3635 2373 3689; x_wconf 82' lang='lat' dir='ltr'><strong>unquam</strong></span> <span class='ocrx_word' id='word_1_619' title='bbox 2405 3636 2435 3676; x_wconf 90' lang='lat' dir='ltr'><strong>e</strong></span> <span class='ocrx_word' id='word_1_620' title='bbox 2463 3622 2715 3679; x_wconf 86' lang='lat' dir='ltr'><strong>manibus</strong></span> <span class='ocrx_word' id='word_1_621' title='bbox 2760 3625 2877 3681; x_wconf 87' lang='lat' dir='ltr'><strong>suis</strong></span> <span class='ocrx_word' id='word_1_622' title='bbox 2920 3624 3160 3697; x_wconf 70' lang='lat' dir='ltr'><strong>eﬂugere</strong></span> <span class='ocrx_word' id='word_1_623' title='bbox 3202 3637 3412 3701; x_wconf 82' lang='lat' dir='ltr'><strong>posset.</strong></span> <span class='ocrx_word' id='word_1_624' title='bbox 3446 3630 3582 3687; x_wconf 84' lang='lat' dir='ltr'><strong>Tum</strong></span> <span class='ocrx_word' id='word_1_625' title='bbox 3624 3634 3720 3688; x_wconf 84' lang='lat' dir='ltr'><strong>unt</strong></span> 
     </span>
    </p>
   </div>
   <div class='ocr_carea' id='block_1_84' title="bbox 2131 3713 3719 3787">
    <p class='ocr_par' dir='ltr' id='par_1_84' title="bbox 2131 3713 3719 3787">
     <span class='ocr_line' id='line_1_84' title="bbox 2131 3713 3719 3787; baseline 0.009 -22"><span class='ocrx_word' id='word_1_626' title='bbox 2131 3727 2196 3766; x_wconf 83' lang='lat' dir='ltr'><strong>ex</strong></span> <span class='ocrx_word' id='word_1_627' title='bbox 2230 3713 2408 3782; x_wconf 74' lang='lat' dir='ltr'><strong>gentis</strong></span> <span class='ocrx_word' id='word_1_628' title='bbox 2431 3726 2544 3768; x_wconf 67' lang='lat' dir='ltr'><strong>suae</strong></span> <span class='ocrx_word' id='word_1_629' title='bbox 2584 3713 2834 3783; x_wconf 82' lang='lat' dir='ltr'><strong>ducibus,</strong></span> <span class='ocrx_word' id='word_1_630' title='bbox 2866 3732 3102 3787; x_wconf 88' lang='lat' dir='ltr'><strong>quocum</strong></span> <span class='ocrx_word' id='word_1_631' title='bbox 3133 3718 3446 3776; x_wconf 85' lang='lat' dir='ltr'><strong>Justiniano</strong></span> <span class='ocrx_word' id='word_1_632' title='bbox 3476 3724 3719 3779; x_wconf 78' lang='lat' dir='ltr'><strong>familia-</strong></span> 
     </span>
    </p>
   </div>
   <div class='ocr_carea' id='block_1_85' title="bbox 2131 3804 3719 3887">
    <p class='ocr_par' dir='ltr' id='par_1_85' title="bbox 2131 3804 3719 3887">
     <span class='ocr_line' id='line_1_85' title="bbox 2131 3804 3719 3887; baseline 0.009 -29"><span class='ocrx_word' id='word_1_633' title='bbox 2131 3804 2266 3859; x_wconf 83' lang='lat' dir='ltr'><strong>ritas</strong></span> <span class='ocrx_word' id='word_1_634' title='bbox 2312 3815 2458 3871; x_wconf 86' lang='lat' dir='ltr'><strong>erat,</strong></span> <span class='ocrx_word' id='word_1_635' title='bbox 2516 3821 2731 3865; x_wconf 90' lang='lat' dir='ltr'><strong>necnon</strong></span> <span class='ocrx_word' id='word_1_636' title='bbox 2781 3819 2842 3865; x_wconf 89' lang='lat' dir='ltr'><strong>et</strong></span> <span class='ocrx_word' id='word_1_637' title='bbox 2880 3811 3106 3880; x_wconf 87' lang='lat' dir='ltr'><strong>Bospori</strong></span> <span class='ocrx_word' id='word_1_638' title='bbox 3161 3809 3406 3885; x_wconf 78' lang='lat' dir='ltr'><strong>Scythici</strong></span> <span class='ocrx_word' id='word_1_639' title='bbox 3459 3814 3719 3887; x_wconf 66' lang='lat' dir='ltr'><strong>praefecto</strong></span> 
     </span>
    </p>
   </div>
   <div class='ocr_carea' id='block_1_86' title="bbox 2127 3896 3720 3979">
    <p class='ocr_par' dir='ltr' id='par_1_86' title="bbox 2127 3896 3720 3979">
     <span class='ocr_line' id='line_1_86' title="bbox 2127 3896 3720 3979; baseline 0.009 -28"><span class='ocrx_word' id='word_1_640' title='bbox 2127 3896 2301 3966; x_wconf 88' lang='lat' dir='ltr'><strong>jubet,</strong></span> <span class='ocrx_word' id='word_1_641' title='bbox 2332 3908 2391 3954; x_wconf 93' lang='lat' dir='ltr'><strong>ut</strong></span> <span class='ocrx_word' id='word_1_642' title='bbox 2417 3900 2581 3957; x_wconf 87' lang='lat' dir='ltr'><strong>simul</strong></span> <span class='ocrx_word' id='word_1_643' title='bbox 2612 3912 2778 3973; x_wconf 86' lang='lat' dir='ltr'><strong>atque</strong></span> <span class='ocrx_word' id='word_1_644' title='bbox 2824 3904 3163 3971; x_wconf 84' lang='lat' dir='ltr'><strong>mandasset,</strong></span> <span class='ocrx_word' id='word_1_645' title='bbox 3195 3921 3356 3976; x_wconf 88' lang='lat' dir='ltr'><strong>quam</strong></span> <span class='ocrx_word' id='word_1_646' title='bbox 3391 3910 3629 3979; x_wconf 89' lang='lat' dir='ltr'><strong>primum</strong></span> <span class='ocrx_word' id='word_1_647' title='bbox 3666 3911 3720 3965; x_wconf 91' lang='lat' dir='ltr'><strong>ei</strong></span> 
     </span>
    </p>
   </div>
   <div class='ocr_carea' id='block_1_87' title="bbox 2133 3988 3718 4071">
    <p class='ocr_par' dir='ltr' id='par_1_87' title="bbox 2133 3988 3718 4071">
     <span class='ocr_line' id='line_1_87' title="bbox 2133 3988 3718 4071; baseline 0.008 -29"><span class='ocrx_word' id='word_1_648' title='bbox 2133 3988 2298 4044; x_wconf 80' lang='lat' dir='ltr'><strong>vitam</strong></span> <span class='ocrx_word' id='word_1_649' title='bbox 2359 3993 2658 4062; x_wconf 85' lang='lat' dir='ltr'><strong>eriperent.</strong></span> <span class='ocrx_word' id='word_1_650' title='bbox 2731 3995 2858 4051; x_wconf 71' lang='lat' dir='ltr'><strong>llaec</strong></span> <span class='ocrx_word' id='word_1_651' title='bbox 2910 3998 2977 4051; x_wconf 90' lang='lat' dir='ltr'><strong>ad</strong></span> <span class='ocrx_word' id='word_1_652' title='bbox 3024 3996 3367 4053; x_wconf 87' lang='lat' dir='ltr'><strong>Theodoram</strong></span> <span class='ocrx_word' id='word_1_653' title='bbox 3410 4015 3442 4055; x_wconf 85' lang='lat' dir='ltr'><strong>a</strong></span> <span class='ocrx_word' id='word_1_654' title='bbox 3482 4003 3718 4071; x_wconf 87' lang='lat' dir='ltr'><strong>quodam</strong></span> 
     </span>
    </p>
   </div>
   <div class='ocr_carea' id='block_1_88' title="bbox 2131 4081 3723 4162">
    <p class='ocr_par' dir='ltr' id='par_1_88' title="bbox 2131 4081 3723 4162">
     <span class='ocr_line' id='line_1_88' title="bbox 2131 4081 3723 4162; baseline 0.01 -28"><span class='ocrx_word' id='word_1_655' title='bbox 2131 4081 2304 4150; x_wconf 83' lang='lat' dir='ltr'><strong>patris</strong></span> <span class='ocrx_word' id='word_1_656' title='bbox 2338 4084 2419 4138; x_wconf 86' lang='lat' dir='ltr'><strong>sui</strong></span> <span class='ocrx_word' id='word_1_657' title='bbox 2447 4085 2754 4142; x_wconf 85' lang='lat' dir='ltr'><strong>domestico</strong></span> <span class='ocrx_word' id='word_1_658' title='bbox 2792 4088 2996 4157; x_wconf 86' lang='lat' dir='ltr'><strong>perlata</strong></span> <span class='ocrx_word' id='word_1_659' title='bbox 3031 4100 3191 4160; x_wconf 88' lang='lat' dir='ltr'><strong>sunt;</strong></span> <span class='ocrx_word' id='word_1_660' title='bbox 3226 4107 3350 4162; x_wconf 76' lang='lat' dir='ltr'><strong>qua:</strong></span> <span class='ocrx_word' id='word_1_661' title='bbox 3383 4092 3565 4147; x_wconf 86' lang='lat' dir='ltr'><strong>statim</strong></span> <span class='ocrx_word' id='word_1_662' title='bbox 3600 4094 3723 4150; x_wconf 81' lang='lat' dir='ltr'><strong>viro</strong></span> 
     </span>
    </p>
   </div>
   <div class='ocr_carea' id='block_1_89' title="bbox 2130 4173 3722 4251">
    <p class='ocr_par' dir='ltr' id='par_1_89' title="bbox 2130 4173 3722 4251">
     <span class='ocr_line' id='line_1_89' title="bbox 2130 4173 3722 4251; baseline 0.009 -25"><span class='ocrx_word' id='word_1_663' title='bbox 2130 4187 2231 4228; x_wconf 91' lang='lat' dir='ltr'><strong>suo</strong></span> <span class='ocrx_word' id='word_1_664' title='bbox 2264 4173 2494 4230; x_wconf 87' lang='lat' dir='ltr'><strong>insidias</strong></span> <span class='ocrx_word' id='word_1_665' title='bbox 2525 4178 2723 4246; x_wconf 87' lang='lat' dir='ltr'><strong>aperit.</strong></span> <span class='ocrx_word' id='word_1_666' title='bbox 2763 4179 2866 4246; x_wconf 84' lang='lat' dir='ltr'><strong>Qui</strong></span> <span class='ocrx_word' id='word_1_667' title='bbox 2900 4181 3118 4251; x_wconf 90' lang='lat' dir='ltr'><strong>quidem</strong></span> <span class='ocrx_word' id='word_1_668' title='bbox 3147 4181 3399 4238; x_wconf 85' lang='lat' dir='ltr'><strong>Cbazaro</strong></span> <span class='ocrx_word' id='word_1_669' title='bbox 3432 4184 3526 4239; x_wconf 92' lang='lat' dir='ltr'><strong>illo</strong></span> <span class='ocrx_word' id='word_1_670' title='bbox 3562 4185 3722 4240; x_wconf 79' lang='lat' dir='ltr'><strong>fami-</strong></span> 
     </span>
    </p>
   </div>
   <div class='ocr_carea' id='block_1_90' title="bbox 2132 4264 3725 4344">
    <p class='ocr_par' dir='ltr' id='par_1_90' title="bbox 2132 4264 3725 4344">
     <span class='ocr_line' id='line_1_90' title="bbox 2132 4264 3725 4344; baseline 0.007 -25"><span class='ocrx_word' id='word_1_671' title='bbox 2132 4264 2252 4320; x_wconf 89' lang='lat' dir='ltr'><strong>liari</strong></span> <span class='ocrx_word' id='word_1_672' title='bbox 2283 4281 2382 4321; x_wconf 86' lang='lat' dir='ltr'><strong>suo</strong></span> <span class='ocrx_word' id='word_1_673' title='bbox 2408 4268 2472 4322; x_wconf 89' lang='lat' dir='ltr'><strong>ad</strong></span> <span class='ocrx_word' id='word_1_674' title='bbox 2505 4283 2567 4323; x_wconf 87' lang='lat' dir='ltr'><strong>se</strong></span> <span class='ocrx_word' id='word_1_675' title='bbox 2593 4277 2805 4336; x_wconf 84' lang='lat' dir='ltr'><strong>vocatu,</strong></span> <span class='ocrx_word' id='word_1_676' title='bbox 2839 4272 3063 4326; x_wconf 84' lang='lat' dir='ltr'><strong>remotis</strong></span> <span class='ocrx_word' id='word_1_677' title='bbox 3090 4273 3340 4340; x_wconf 88' lang='lat' dir='ltr'><strong>arbitris,</strong></span> <span class='ocrx_word' id='word_1_678' title='bbox 3366 4288 3491 4329; x_wconf 89' lang='lat' dir='ltr'><strong>eum</strong></span> <span class='ocrx_word' id='word_1_679' title='bbox 3524 4274 3725 4344; x_wconf 86' lang='lat' dir='ltr'><strong>laqueo</strong></span> 
     </span>
    </p>
   </div>
   <div class='ocr_carea' id='block_1_91' title="bbox 2134 4358 3719 4435">
    <p class='ocr_par' dir='ltr' id='par_1_91' title="bbox 2134 4358 3719 4435">
     <span class='ocr_line' id='line_1_91' title="bbox 2134 4358 3719 4435; baseline 0.007 -24"><span class='ocrx_word' id='word_1_680' title='bbox 2134 4358 2415 4428; x_wconf 66' lang='lat' dir='ltr'><strong>praal‘ocat,</strong></span> <span class='ocrx_word' id='word_1_681' title='bbox 2469 4362 2769 4433; x_wconf 83' lang='lat' dir='ltr'><strong>eodemque</strong></span> <span class='ocrx_word' id='word_1_682' title='bbox 2806 4366 2965 4419; x_wconf 91' lang='lat' dir='ltr'><strong>modo</strong></span> <span class='ocrx_word' id='word_1_683' title='bbox 3012 4363 3240 4435; x_wconf 84' lang='lat' dir='ltr'><strong>Bospori</strong></span> <span class='ocrx_word' id='word_1_684' title='bbox 3282 4366 3598 4435; x_wconf 73' lang='lat' dir='ltr'><strong>przefectnm</strong></span> <span class='ocrx_word' id='word_1_685' title='bbox 3633 4368 3719 4422; x_wconf 84' lang='lat' dir='ltr'><strong>iu-</strong></span> 
     </span>
    </p>
   </div>
   <div class='ocr_carea' id='block_1_92' title="bbox 2134 4450 3717 4529">
    <p class='ocr_par' dir='ltr' id='par_1_92' title="bbox 2134 4450 3717 4529">
     <span class='ocr_line' id='line_1_92' title="bbox 2134 4450 3717 4529; baseline 0.007 -26"><span class='ocrx_word' id='word_1_686' title='bbox 2134 4450 2352 4506; x_wconf 82' lang='lat' dir='ltr'><strong>terltcit.</strong></span> <span class='ocrx_word' id='word_1_687' title='bbox 2392 4451 2502 4523; x_wconf 64' lang='grc'><strong>47</strong></span> <span class='ocrx_word' id='word_1_688' title='bbox 2544 4450 2747 4509; x_wconf 86' lang='lat' dir='ltr'><strong>Deinde</strong></span> <span class='ocrx_word' id='word_1_689' title='bbox 2796 4454 3080 4511; x_wconf 86' lang='lat' dir='ltr'><strong>Theodora</strong></span> <span class='ocrx_word' id='word_1_690' title='bbox 3124 4458 3357 4529; x_wconf 79' lang='lat' dir='ltr'><strong>conjuge</strong></span> <span class='ocrx_word' id='word_1_691' title='bbox 3401 4460 3468 4514; x_wconf 89' lang='lat' dir='ltr'><strong>ad</strong></span> <span class='ocrx_word' id='word_1_692' title='bbox 3506 4469 3717 4527; x_wconf 89' lang='lat' dir='ltr'><strong>patrem</strong></span> 
     </span>
    </p>
   </div>
   <div class='ocr_carea' id='block_1_93' title="bbox 2131 4543 3717 4616">
    <p class='ocr_par' dir='ltr' id='par_1_93' title="bbox 2131 4543 3717 4616">
     <span class='ocr_line' id='line_1_93' title="bbox 2131 4543 3717 4616; baseline 0.006 -20"><span class='ocrx_word' id='word_1_693' title='bbox 2131 4543 2383 4610; x_wconf 83' lang='lat' dir='ltr'><strong>remissa,</strong></span> <span class='ocrx_word' id='word_1_694' title='bbox 2422 4544 2638 4600; x_wconf 82' lang='lat' dir='ltr'><strong>solvens</strong></span> <span class='ocrx_word' id='word_1_695' title='bbox 2682 4545 2901 4611; x_wconf 87' lang='lat' dir='ltr'><strong>Tomin,</strong></span> <span class='ocrx_word' id='word_1_696' title='bbox 2947 4548 3040 4616; x_wconf 88' lang='lat' dir='ltr'><strong>qui</strong></span> <span class='ocrx_word' id='word_1_697' title='bbox 3087 4547 3242 4604; x_wconf 69' lang='lat' dir='ltr'><strong>locus</strong></span> <span class='ocrx_word' id='word_1_698' title='bbox 3290 4552 3355 4603; x_wconf 91' lang='lat' dir='ltr'><strong>ad</strong></span> <span class='ocrx_word' id='word_1_699' title='bbox 3396 4565 3546 4606; x_wconf 85' lang='lat' dir='ltr'><strong>mare</strong></span> <span class='ocrx_word' id='word_1_700' title='bbox 3573 4551 3717 4606; x_wconf 86' lang='lat' dir='ltr'><strong>situs</strong></span> 
     </span>
    </p>
   </div>
   <div class='ocr_carea' id='block_1_94' title="bbox 2129 4637 3718 4703">
    <p class='ocr_par' dir='ltr' id='par_1_94' title="bbox 2129 4637 3718 4703">
     <span class='ocr_line' id='line_1_94' title="bbox 2129 4637 3718 4703; baseline 0.006 -14"><span class='ocrx_word' id='word_1_701' title='bbox 2129 4643 2233 4699; x_wconf 78' lang='lat' dir='ltr'><strong>est,</strong></span> <span class='ocrx_word' id='word_1_702' title='bbox 2277 4637 2549 4703; x_wconf 82' lang='lat' dir='ltr'><strong>pervenit,</strong></span> <span class='ocrx_word' id='word_1_703' title='bbox 2597 4637 2686 4692; x_wconf 81' lang='lat' dir='ltr'><strong>ubi</strong></span> <span class='ocrx_word' id='word_1_704' title='bbox 2734 4653 2875 4694; x_wconf 82' lang='lat' dir='ltr'><strong>nave</strong></span> <span class='ocrx_word' id='word_1_705' title='bbox 2930 4653 3230 4695; x_wconf 87' lang='lat' dir='ltr'><strong>conscensa</strong></span> <span class='ocrx_word' id='word_1_706' title='bbox 3278 4657 3403 4696; x_wconf 81' lang='lat' dir='ltr'><strong>cum</strong></span> <span class='ocrx_word' id='word_1_707' title='bbox 3440 4644 3718 4699; x_wconf 88' lang='lat' dir='ltr'><strong>nonnullis</strong></span> 
     </span>
    </p>
   </div>
   <div class='ocr_carea' id='block_1_95' title="bbox 2129 4725 3714 4804">
    <p class='ocr_par' dir='ltr' id='par_1_95' title="bbox 2129 4725 3714 4804">
     <span class='ocr_line' id='line_1_95' title="bbox 2129 4725 3714 4804; baseline 0.006 -26"><span class='ocrx_word' id='word_1_708' title='bbox 2129 4725 2254 4782; x_wconf 87' lang='lat' dir='ltr'><strong>aliis</strong></span> <span class='ocrx_word' id='word_1_709' title='bbox 2283 4727 2434 4782; x_wconf 85' lang='lat' dir='ltr'><strong>littus</strong></span> <span class='ocrx_word' id='word_1_710' title='bbox 2460 4727 2643 4799; x_wconf 78' lang='lat' dir='ltr'><strong>legens</strong></span> <span class='ocrx_word' id='word_1_711' title='bbox 2660 4731 2725 4785; x_wconf 90' lang='lat' dir='ltr'><strong>ad</strong></span> <span class='ocrx_word' id='word_1_712' title='bbox 2752 4729 3068 4802; x_wconf 83' lang='lat' dir='ltr'><strong>Symbolum</strong></span> <span class='ocrx_word' id='word_1_713' title='bbox 3092 4747 3266 4804; x_wconf 90' lang='lat' dir='ltr'><strong>usque</strong></span> <span class='ocrx_word' id='word_1_714' title='bbox 3288 4735 3353 4788; x_wconf 89' lang='lat' dir='ltr'><strong>ad</strong></span> <span class='ocrx_word' id='word_1_715' title='bbox 3379 4732 3714 4791; x_wconf 79' lang='lat' dir='ltr'><strong>Cbersonazu</strong></span> 
     </span>
    </p>
   </div>
   <div class='ocr_carea' id='block_1_96' title="bbox 2135 4816 3715 4897">
    <p class='ocr_par' dir='ltr' id='par_1_96' title="bbox 2135 4816 3715 4897">
     <span class='ocr_line' id='line_1_96' title="bbox 2135 4816 3715 4897; baseline 0.007 -29"><span class='ocrx_word' id='word_1_716' title='bbox 2135 4816 2322 4872; x_wconf 82' lang='lat' dir='ltr'><strong>urbem</strong></span> <span class='ocrx_word' id='word_1_717' title='bbox 2357 4817 2598 4888; x_wconf 84' lang='lat' dir='ltr'><strong>appellit.</strong></span> <span class='ocrx_word' id='word_1_718' title='bbox 2631 4819 2751 4887; x_wconf 85' lang='lat' dir='ltr'><strong>Quo</strong></span> <span class='ocrx_word' id='word_1_719' title='bbox 2800 4835 2924 4877; x_wconf 89' lang='lat' dir='ltr'><strong>cum</strong></span> <span class='ocrx_word' id='word_1_720' title='bbox 2958 4835 3155 4878; x_wconf 79' lang='lat' dir='ltr'><strong>navem</strong></span> <span class='ocrx_word' id='word_1_721' title='bbox 3190 4824 3258 4880; x_wconf 90' lang='lat' dir='ltr'><strong>ad</strong></span> <span class='ocrx_word' id='word_1_722' title='bbox 3287 4834 3501 4895; x_wconf 88' lang='lat' dir='ltr'><strong>portum</strong></span> <span class='ocrx_word' id='word_1_723' title='bbox 3541 4825 3715 4897; x_wconf 78' lang='lat' dir='ltr'><strong>appli-</strong></span> 
     </span>
    </p>
   </div>
   <div class='ocr_carea' id='block_1_97' title="bbox 1727 4970 2400 5031">
    <p class='ocr_par' dir='ltr' id='par_1_97' title="bbox 1727 4970 2400 5031">
     <span class='ocr_line' id='line_1_97' title="bbox 1727 4970 2400 5031; baseline 0.006 -6"><span class='ocrx_word' id='word_1_724' title='bbox 1727 4970 1962 5026; x_wconf 74' lang='lat' dir='ltr'><strong>VARUE</strong></span> <span class='ocrx_word' id='word_1_725' title='bbox 2001 4971 2290 5029; x_wconf 81' lang='lat' dir='ltr'><strong>LECTION</strong></span> <span class='ocrx_word' id='word_1_726' title='bbox 2298 4973 2400 5031; x_wconf 86' lang='lat' dir='ltr'><strong>ES.</strong></span> 
     </span>
    </p>
   </div>
   <div class='ocr_carea' id='block_1_98' title="bbox 514 5052 2787 5159">
    <p class='ocr_par' dir='ltr' id='par_1_98' title="bbox 514 5052 2787 5159">
     <span class='ocr_line' id='line_1_98' title="bbox 514 5052 2787 5159; baseline 0.007 -26"><span class='ocrx_word' id='word_1_727' title='bbox 514 5079 562 5112; x_wconf 73' lang='lat'><strong>“</strong></span> <span class='ocrx_word' id='word_1_728' title='bbox 595 5081 731 5135; x_wconf 71' lang='grc' dir='ltr'><strong>ὲπίῖ</strong></span> <span class='ocrx_word' id='word_1_729' title='bbox 804 5081 848 5112; x_wconf 75' lang='grc'><strong>’⁸⁸</strong></span> <span class='ocrx_word' id='word_1_730' title='bbox 871 5082 1052 5152; x_wconf 83' lang='grc' dir='ltr'>Δαρᾶς</span> <span class='ocrx_word' id='word_1_731' title='bbox 1086 5052 1364 5137; x_wconf 84' lang='lat' dir='ltr'><strong>Petavius.</strong></span> <span class='ocrx_word' id='word_1_732' title='bbox 1444 5081 1488 5112; x_wconf 73' lang='lat'>“</span> <span class='ocrx_word' id='word_1_733' title='bbox 1513 5081 1819 5154; x_wconf 73' lang='grc' dir='ltr'>Χαζάρωνῖ</span> <span class='ocrx_word' id='word_1_734' title='bbox 1889 5085 1935 5117; x_wconf 75' lang='grc'><strong>⁵⁷</strong></span> <span class='ocrx_word' id='word_1_735' title='bbox 1967 5084 2067 5157; x_wconf 86' lang='grc' dir='ltr'>τὴν</span> <span class='ocrx_word' id='word_1_736' title='bbox 2103 5089 2281 5159; x_wconf 85' lang='grc' dir='ltr'>ἀκτήν</span> <span class='ocrx_word' id='word_1_737' title='bbox 2312 5088 2587 5146; x_wconf 85' lang='lat' dir='ltr'><strong>Petavius.</strong></span> <span class='ocrx_word' id='word_1_738' title='bbox 2745 5116 2787 5150; x_wconf 50' lang='grc' dir='ltr'><em>χ</em></span> 
     </span>
    </p>
   </div>
   <div class='ocr_carea' id='block_1_99' title="bbox 1204 5193 2348 5259">
    <p class='ocr_par' dir='ltr' id='par_1_99' title="bbox 1204 5193 2348 5259">
     <span class='ocr_line' id='line_1_99' title="bbox 1204 5193 2348 5259; baseline 0.018 -21"><span class='ocrx_word' id='word_1_739' title='bbox 1204 5195 1209 5200; x_wconf 87' lang='grc'><strong>’</strong></span> <span class='ocrx_word' id='word_1_740' title='bbox 1808 5193 2084 5251; x_wconf 78' lang='lat' dir='ltr'><strong>PETAVII</strong></span> <span class='ocrx_word' id='word_1_741' title='bbox 2116 5198 2348 5259; x_wconf 69' lang='lat' dir='ltr'><strong>NOTAE.</strong></span> 
     </span>
    </p>
   </div>
   <div class='ocr_carea' id='block_1_100' title="bbox 518 5326 2025 5453">
    <p class='ocr_par' dir='ltr' id='par_1_100' title="bbox 518 5326 2025 5453">
     <span class='ocr_line' id='line_1_100' title="bbox 518 5326 2025 5453; baseline 0.003 -70"><span class='ocrx_word' id='word_1_742' title='bbox 518 5326 596 5402; x_wconf 86' lang='lat'><strong>(6)</strong></span> <span class='ocrx_word' id='word_1_743' title='bbox 649 5329 719 5383; x_wconf 88' lang='grc' dir='ltr'><strong>Τὸ</strong></span> <span class='ocrx_word' id='word_1_744' title='bbox 768 5328 1104 5453; x_wconf 49' lang='grc' dir='ltr'>λεῐόμενον</span> <span class='ocrx_word' id='word_1_745' title='bbox 1145 5330 1363 5411; x_wconf 53' lang='grc' dir='ltr'>βάρος.</span> <span class='ocrx_word' id='word_1_746' title='bbox 1416 5329 1586 5383; x_wconf 89' lang='lat' dir='ltr'><strong>Daras</strong></span> <span class='ocrx_word' id='word_1_747' title='bbox 1638 5327 2025 5414; x_wconf 73' lang='lat' dir='ltr'><strong>&#39;l‘chpbanes,</strong></span> 
     </span>
     <span class='ocr_line' id='line_1_101' title="bbox 521 5399 2025 5453; baseline 0 0"><span class='ocrx_word' id='word_1_748' title='bbox 521 5404 726 5453; x_wconf 83' lang='lat' dir='ltr'><strong>drenus</strong></span> <span class='ocrx_word' id='word_1_749' title='bbox 754 5411 810 5453; x_wconf 89' lang='lat' dir='ltr'><strong>et</strong></span> <span class='ocrx_word' id='word_1_750' title='bbox 893 5400 1050 5453; x_wconf 90' lang='lat' dir='ltr'><strong>aulus</strong></span> <span class='ocrx_word' id='word_1_751' title='bbox 1095 5399 1366 5453; x_wconf 78' lang='lat' dir='ltr'><strong>Diaconus</strong></span> <span class='ocrx_word' id='word_1_752' title='bbox 1416 5399 1623 5453; x_wconf 67' lang='lat' dir='ltr'><strong>legunt.</strong></span> <span class='ocrx_word' id='word_1_753' title='bbox 1654 5410 1839 5453; x_wconf 84' lang='lat' dir='ltr'><strong>ttauue</strong></span> <span class='ocrx_word' id='word_1_754' title='bbox 1867 5415 2025 5453; x_wconf 68' lang='lat' dir='ltr'><strong>resu.</strong></span> 
     </span>
    </p>
   </div>
   <div class='ocr_carea' id='block_1_101' title="bbox 438 5399 2028 5471">
    <p class='ocr_par' dir='ltr' id='par_1_101' title="bbox 438 5399 2028 5471">
     <span class='ocr_line' id='line_1_102' title="bbox 438 5399 2028 5471; baseline 0.002 -16"><span class='ocrx_word' id='word_1_755' title='bbox 438 5399 726 5455; x_wconf 66' lang='lat' dir='ltr'><strong>Cedt‘enus</strong></span> <span class='ocrx_word' id='word_1_756' title='bbox 754 5411 810 5455; x_wconf 89' lang='lat' dir='ltr'><strong>et</strong></span> <span class='ocrx_word' id='word_1_757' title='bbox 847 5399 1050 5455; x_wconf 89' lang='lat' dir='ltr'><strong>Paulus</strong></span> <span class='ocrx_word' id='word_1_758' title='bbox 1095 5399 1366 5456; x_wconf 85' lang='lat' dir='ltr'><strong>Diaconos</strong></span> <span class='ocrx_word' id='word_1_759' title='bbox 1416 5399 1623 5469; x_wconf 82' lang='lat' dir='ltr'><strong>legunt,</strong></span> <span class='ocrx_word' id='word_1_760' title='bbox 1654 5401 1839 5471; x_wconf 88' lang='lat' dir='ltr'><strong>itaque</strong></span> <span class='ocrx_word' id='word_1_761' title='bbox 1867 5406 2028 5458; x_wconf 54' lang='lat' dir='ltr'><strong>resti.</strong></span> 
     </span>
    </p>
   </div>
   <div class='ocr_carea' id='block_1_102' title="bbox 441 5471 968 5525">
    <p class='ocr_par' dir='ltr' id='par_1_102' title="bbox 441 5471 968 5525">
     <span class='ocr_line' id='line_1_103' title="bbox 441 5471 968 5525; baseline 0.002 -2"><span class='ocrx_word' id='word_1_762' title='bbox 441 5473 700 5525; x_wconf 87' lang='lat' dir='ltr'><strong>tuendum</strong></span> <span class='ocrx_word' id='word_1_763' title='bbox 732 5471 968 5525; x_wconf 83' lang='lat' dir='ltr'><strong>videtur.</strong></span> 
     </span>
    </p>
   </div>
   <div class='ocr_carea' id='block_1_103' title="bbox 514 5539 2022 5623">
    <p class='ocr_par' dir='ltr' id='par_1_103' title="bbox 514 5539 2022 5623">
     <span class='ocr_line' id='line_1_104' title="bbox 514 5539 2022 5623; baseline 0.003 -31"><span class='ocrx_word' id='word_1_764' title='bbox 514 5542 588 5623; x_wconf 57' lang='grc' dir='ltr'><strong>(ἶ)</strong></span> <span class='ocrx_word' id='word_1_765' title='bbox 617 5541 718 5623; x_wconf 53' lang='lat' dir='ltr'><strong>by;</strong></span> <span class='ocrx_word' id='word_1_766' title='bbox 746 5539 1108 5622; x_wconf 44' lang='grc' dir='ltr'>Τόμινηρυω</span> <span class='ocrx_word' id='word_1_767' title='bbox 1134 5540 1349 5623; x_wconf 61' lang='lat' dir='ltr'><strong>sitbwc</strong></span> <span class='ocrx_word' id='word_1_768' title='bbox 1376 5540 1564 5623; x_wconf 70' lang='lat' dir='ltr'><strong>Tomis</strong></span> <span class='ocrx_word' id='word_1_769' title='bbox 1597 5542 1835 5623; x_wconf 66' lang='lat' dir='ltr'><strong>nondum</strong></span> <span class='ocrx_word' id='word_1_770' title='bbox 1872 5557 2022 5623; x_wconf 77' lang='lat' dir='ltr'><strong>com-</strong></span> 
     </span>
    </p>
   </div>
   <div class='ocr_carea' id='block_1_104' title="bbox 441 5627 2012 5757">
    <p class='ocr_par' dir='ltr' id='par_1_104' title="bbox 441 5627 2012 5757">
     <span class='ocr_line' id='line_1_105' title="bbox 441 5627 2012 5681; baseline 0.002 -16"><span class='ocrx_word' id='word_1_771' title='bbox 441 5627 578 5678; x_wconf 83' lang='lat' dir='ltr'><strong>pert.</strong></span> <span class='ocrx_word' id='word_1_772' title='bbox 644 5627 831 5679; x_wconf 76' lang='lat' dir='ltr'><strong>neque</strong></span> <span class='ocrx_word' id='word_1_773' title='bbox 880 5627 1029 5665; x_wconf 88' lang='lat' dir='ltr'><strong>entm</strong></span> <span class='ocrx_word' id='word_1_774' title='bbox 1099 5627 1359 5681; x_wconf 86' lang='lat' dir='ltr'><strong>opptuum</strong></span> <span class='ocrx_word' id='word_1_775' title='bbox 1416 5627 1544 5667; x_wconf 76' lang='lat' dir='ltr'><strong>lllllﬂ</strong></span> <span class='ocrx_word' id='word_1_776' title='bbox 1588 5627 1675 5669; x_wconf 88' lang='lat' dir='ltr'><strong>est</strong></span> <span class='ocrx_word' id='word_1_777' title='bbox 1742 5627 2012 5668; x_wconf 72' lang='lat' dir='ltr'><strong>IlllCl‘lOl‘lS</strong></span> 
     </span>
     <span class='ocr_line' id='line_1_106' title="bbox 443 5679 2012 5757; baseline 0.001 -22"><span class='ocrx_word' id='word_1_778' title='bbox 443 5681 624 5753; x_wconf 78' lang='lat' dir='ltr'><strong>Mysiae</strong></span> <span class='ocrx_word' id='word_1_779' title='bbox 671 5679 849 5736; x_wconf 78' lang='lat' dir='ltr'><strong>Ovidii</strong></span> <span class='ocrx_word' id='word_1_780' title='bbox 893 5680 1084 5739; x_wconf 85' lang='lat' dir='ltr'><strong>exsilio</strong></span> <span class='ocrx_word' id='word_1_781' title='bbox 1117 5681 1355 5750; x_wconf 91' lang='lat' dir='ltr'><strong>celebre,</strong></span> <span class='ocrx_word' id='word_1_782' title='bbox 1385 5686 1530 5751; x_wconf 87' lang='lat' dir='ltr'><strong>quod</strong></span> <span class='ocrx_word' id='word_1_783' title='bbox 1582 5698 1611 5738; x_wconf 84' lang='lat' dir='ltr'><strong>a</strong></span> <span class='ocrx_word' id='word_1_784' title='bbox 1663 5683 2012 5757; x_wconf 74' lang='lat' dir='ltr'><strong>Phanagoria</strong></span> 
     </span>
    </p>
   </div>
   <div class='ocr_carea' id='block_1_105' title="bbox 2137 5336 3711 5407">
    <p class='ocr_par' dir='ltr' id='par_1_105' title="bbox 2137 5336 3711 5407">
     <span class='ocr_line' id='line_1_107' title="bbox 2137 5336 3711 5407; baseline 0.009 -17"><span class='ocrx_word' id='word_1_785' title='bbox 2137 5336 2302 5407; x_wconf 77' lang='lat' dir='ltr'><strong>longo</strong></span> <span class='ocrx_word' id='word_1_786' title='bbox 2332 5336 2502 5407; x_wconf 75' lang='lat' dir='ltr'><strong>maris</strong></span> <span class='ocrx_word' id='word_1_787' title='bbox 2528 5345 2705 5393; x_wconf 89' lang='lat' dir='ltr'><strong>tractu</strong></span> <span class='ocrx_word' id='word_1_788' title='bbox 2736 5336 3065 5394; x_wconf 83' lang='lat' dir='ltr'><strong>secernitur.</strong></span> <span class='ocrx_word' id='word_1_789' title='bbox 3093 5337 3226 5394; x_wconf 75' lang='lat' dir='ltr'><strong>Nam</strong></span> <span class='ocrx_word' id='word_1_790' title='bbox 3258 5340 3363 5396; x_wconf 85' lang='lat' dir='ltr'><strong>hoc</strong></span> <span class='ocrx_word' id='word_1_791' title='bbox 3399 5353 3650 5401; x_wconf 85' lang='lat' dir='ltr'><strong>nostrum</strong></span> <span class='ocrx_word' id='word_1_792' title='bbox 3680 5364 3711 5406; x_wconf 84' lang='lat' dir='ltr'><strong>a</strong></span> 
     </span>
    </p>
   </div>
   <div class='ocr_carea' id='block_1_106' title="bbox 2136 5406 3714 5483">
    <p class='ocr_par' dir='ltr' id='par_1_106' title="bbox 2136 5406 3714 5483">
     <span class='ocr_line' id='line_1_108' title="bbox 2136 5406 3714 5483; baseline 0.008 -20"><span class='ocrx_word' id='word_1_793' title='bbox 2136 5406 2434 5463; x_wconf 80' lang='lat' dir='ltr'><strong>Cimmerio</strong></span> <span class='ocrx_word' id='word_1_794' title='bbox 2462 5406 2705 5479; x_wconf 87' lang='lat' dir='ltr'><strong>Bosporo</strong></span> <span class='ocrx_word' id='word_1_795' title='bbox 2744 5416 2800 5483; x_wconf 81' lang='lat' dir='ltr'><strong>et</strong></span> <span class='ocrx_word' id='word_1_796' title='bbox 2830 5408 2900 5464; x_wconf 82' lang='lat' dir='ltr'><strong>ab</strong></span> <span class='ocrx_word' id='word_1_797' title='bbox 2922 5407 3016 5483; x_wconf 77' lang='lat' dir='ltr'><strong>illa</strong></span> <span class='ocrx_word' id='word_1_798' title='bbox 3040 5410 3305 5483; x_wconf 83' lang='lat' dir='ltr'><strong>u_rbe_non</strong></span> <span class='ocrx_word' id='word_1_799' title='bbox 3329 5412 3487 5483; x_wconf 72' lang='lat' dir='ltr'><strong>longe</strong></span> <span class='ocrx_word' id='word_1_800' title='bbox 3516 5416 3714 5476; x_wconf 76' lang='lat' dir='ltr'><strong>abesse</strong></span> 
     </span>
    </p>
   </div>
   <div class='ocr_carea' id='block_1_107' title="bbox 2133 5478 3707 5559">
    <p class='ocr_par' dir='ltr' id='par_1_107' title="bbox 2133 5478 3707 5559">
     <span class='ocr_line' id='line_1_109' title="bbox 2133 5478 3707 5559; baseline 0.002 -26"><span class='ocrx_word' id='word_1_801' title='bbox 2133 5493 2363 5534; x_wconf 87' lang='lat' dir='ltr'><strong>necesse</strong></span> <span class='ocrx_word' id='word_1_802' title='bbox 2387 5486 2492 5559; x_wconf 76' lang='lat' dir='ltr'><strong>est,</strong></span> <span class='ocrx_word' id='word_1_803' title='bbox 2517 5494 2627 5559; x_wconf 78' lang='lat' dir='ltr'><strong>quo</strong></span> <span class='ocrx_word' id='word_1_804' title='bbox 2644 5491 2704 5535; x_wconf 90' lang='lat' dir='ltr'><strong>se</strong></span> <span class='ocrx_word' id='word_1_805' title='bbox 2721 5478 3029 5559; x_wconf 77' lang='lat' dir='ltr'><strong>clanculum</strong></span> <span class='ocrx_word' id='word_1_806' title='bbox 3058 5478 3399 5559; x_wconf 67' lang='lat' dir='ltr'><strong>Iustinianus</strong></span> <span class='ocrx_word' id='word_1_807' title='bbox 3419 5478 3674 5559; x_wconf 63' lang='lat' dir='ltr'><strong>subduxit</strong></span> <span class='ocrx_word' id='word_1_808' title='bbox 3688 5529 3707 5559; x_wconf 71' lang='grc'><strong>,</strong></span> 
     </span>
    </p>
   </div>
   <div class='ocr_carea' id='block_1_108' title="bbox 2130 5548 3710 5627">
    <p class='ocr_par' dir='ltr' id='par_1_108' title="bbox 2130 5548 3710 5627">
     <span class='ocr_line' id='line_1_110' title="bbox 2130 5548 3710 5627; baseline 0.003 -25"><span class='ocrx_word' id='word_1_809' title='bbox 2130 5560 2421 5627; x_wconf 84' lang='lat' dir='ltr'><strong>antequam</strong></span> <span class='ocrx_word' id='word_1_810' title='bbox 2455 5550 2679 5627; x_wconf 56' lang='lat' dir='ltr'><strong>iniriam</strong></span> <span class='ocrx_word' id='word_1_811' title='bbox 2728 5548 3236 5627; x_wconf 72' lang='lat' dir='ltr'><strong>sive_pis_e_a_to_riam</strong></span> <span class='ocrx_word' id='word_1_812' title='bbox 3297 5555 3552 5627; x_wconf 81' lang='lat' dir='ltr'><strong>scapham</strong></span> <span class='ocrx_word' id='word_1_813' title='bbox 3578 5548 3710 5618; x_wconf 67' lang='lat' dir='ltr'><strong>con;</strong></span> 
     </span>
    </p>
   </div>
   <div class='ocr_carea' id='block_1_109' title="bbox 643 5608 3163 5693">
    <p class='ocr_par' dir='ltr' id='par_1_109' title="bbox 643 5608 3163 5693">
     <span class='ocr_line' id='line_1_111' title="bbox 643 5608 3163 5693; baseline 0.004 -30"><span class='ocrx_word' id='word_1_814' title='bbox 643 5608 847 5693; x_wconf 46' lang='lat' dir='ltr'><strong>N’cque</strong></span> <span class='ocrx_word' id='word_1_815' title='bbox 880 5611 1046 5693; x_wconf 55' lang='lat' dir='ltr'><strong>enim&quot;</strong></span> <span class='ocrx_word' id='word_1_816' title='bbox 1099 5611 1359 5693; x_wconf 77' lang='lat' dir='ltr'><strong>oppidum</strong></span> <span class='ocrx_word' id='word_1_817' title='bbox 1416 5612 1544 5693; x_wconf 82' lang='lat' dir='ltr'><strong>illud</strong></span> <span class='ocrx_word' id='word_1_818' title='bbox 1588 5612 2017 5693; x_wconf 56' lang='lat' dir='ltr'><strong>estminl‘erioris</strong></span> <span class='ocrx_word' id='word_1_819' title='bbox 2125 5608 2429 5678; x_wconf 67' lang='lat' dir='ltr'><strong>scentleret.</strong></span> <span class='ocrx_word' id='word_1_820' title='bbox 2455 5618 2823 5692; x_wconf 77' lang='lat' dir='ltr'><strong>Theophanes</strong></span> <span class='ocrx_word' id='word_1_821' title='bbox 2845 5608 2923 5693; x_wconf 70' lang='grc' dir='ltr'><strong>(β.</strong></span> <span class='ocrx_word' id='word_1_822' title='bbox 2948 5619 3055 5676; x_wconf 77' lang='lat'><strong>512</strong></span> <span class='ocrx_word' id='word_1_823' title='bbox 3082 5619 3163 5691; x_wconf 84' lang='grc' dir='ltr'><strong>Β).</strong></span> 
     </span>
    </p>
   </div>
  </div>
