4016 6456
355 314 457 378 θῶ

1362 314 1443 376 'S.
1486 312 1903 379 NICEPHORI
1938 312 2444 405 ΡᾼΤΗξΑΒΟΗΕ
2481 314 2593 379 CP.

3519 318 3623 383 Ξίιί

355 430 580 492 edisset,
634 435 845 482 certum
913 427 1188 484 hominem
1242 441 1269 481 e
1314 428 1575 481 comitatu
1631 427 1698 480 ad
1746 425 1922 480 urbem

2041 426 2198 480 δόλου
2232 429 2296 498 τῇ
2329 426 2484 481 πόλει
2515 426 2822 499 πλησιάσας
2856 428 3123 499 Χερσῶνι.
3166 400 3281 485 Καὶ
3317 434 3624 504 προσορμί-

354 521 612 583 destinat,
644 534 710 575 ex
742 533 845 589 qua
878 517 1335 573 Barasbacurium
1364 517 1588 588 ejusque
1618 519 1838 573 fratrem
1864 520 1931 574 ad

354 630 416 672 ce
444 629 548 670 una
590 628 713 669 cum
756 612 938 668 Soliba
976 624 1031 668 et
1065 614 1185 668 aliis
1232 613 1556 683 quibusdam
1594 613 1776 679 elicit;
1813 615 1933 683 qni-

353 706 581 762 buscum
638 704 875 769 solvens,
914 712 969 757 et
1009 719 1130 759 eum
1187 704 1363 758 locum
1415 718 1576 772 quem
1628 700 1929 773 Neeropyla

353 807 551 853 vocant
593 805 1002 867 prretervectus,
1045 796 1111 849 ad
1144 794 1339 849 lstrum
1382 794 1649 864 pervenit.
1703 794 1833 849 Inde
1864 795 1931 850 ad

353 887 607 944 Terbelin
633 888 988 958 Bulgarorum
1012 886 1063 940 in
1090 887 1390 956 ea‘regionc
1415 885 1714 955 principem
1738 900 1929 955 quent-

344 983 473 1037 dam
509 996 576 1035 ex
617 981 730 1035 suis
775 978 1109 1047 Stephanum
1165 976 1354 1043 mittit,
1405 977 1668 1031 auxilium
1710 987 1930 1047 petens,

335 1084 410 1130 ἰιι
441 1075 492 1129 in
529 1074 813 1144 imperium
847 1072 965 1141 ejus
999 1085 1166 1141 opera
1215 1067 1632 1133 restitueretur;
1668 1071 1734 1124 aid
1773 1071 1933 1139 idque

352 1181 476 1222 cum
509 1166 614 1220 alia
667 1164 1066 1234 quamplurima
1104 1172 1215 1217 tum
1254 1162 1419 1217 filiam
1454 1178 1611 1217 suam
1645 1162 1929 1233 coniugem

350 1256 724 1327 promittebat.
751 1254 846 1309 liis
872 1254 1109 1323 acceptis
1134 1254 1406 1309 Barbarus
1421 1252 1727 1309 Justiniano
1750 1255 1929 1307 omnia

346 1347 620 1405 cumulate
642 1347 867 1412 detulit;
892 1362 1123 1417 eumque
1146 1360 1339 1419 magno
1367 1363 1491 1401 cum
1519 1348 1725 1401 honore
1753 1362 1933 1401 suseeo

346 1439 448 1511 pit,
478 1447 594 1495 tum
616 1437 869 1494 omnibus
897 1440 990 1509 qui
1019 1453 1201 1493 secum
1225 1448 1383 1492 erant
1407 1440 1635 1493 armatis
1657 1438 1721 1491 ad
1740 1439 1927 1493 urbem

345 1534 663 1598 contendit;
711 1547 874 1602 quam
915 1532 1092 1586 triduo
1123 1538 1234 1585 toto
1267 1532 1466 1585 castris
1498 1533 1564 1584 ad
1592 1529 1928 1585 Blacherno-

336 1642 468 1683 rum
502 1640 716 1681 murum
754 1624 947 1693 positis
974 1624 1209 1688 obsedit,
1244 1625 1482 1678 instante
1511 1624 1845 1691 imperatore
1872 1633 1928 1678 ut

338 1735 378 1776 ει
409 1720 619 1775 civibus
647 1718 700 1773 in
736 1717 929 1772 urbem
981 1716 1336 1785 reciperetur.
1375 1716 1480 1770 Sed
1517 1715 1590 1768 illi
1624 1730 1746 1774 cum
1776 1715 1927 1782 igno-

2038 537 2140 583 σας
2176 520 2255 591 τῷ
2283 522 2463 573 ἐκεῖσε
2497 521 2677 591 λιμένι
2724 520 2935 592 πέμπει
2972 522 3067 576 ἕνα
3114 524 3221 577 τῶν
3267 525 3503 596 ἑταίρων
3532 528 3623 580 Erl:

2033 614 2102 683 τῇ
2138 612 2327 675 πόλει,
2371 612 2635 666 κάκεῖθεν
2677 613 2801 681 ἄγει
2841 613 2981 685 πρὸς
3015 615 3181 667 αὐτὸν
3209 616 3301 668 τόν
3332 616 3625 687 Βαρασόα-

2035 702 2255 773 κούριον
2300 703 2394 756 καὶ
2428 703 2523 757 τὸν
2553 702 2747 758 τούτου
2783 704 3015 774 ἀδελφὸν
3049 706 3139 759 τόν
3169 724 3227 760 τε
3264 708 3494 762 Σολιὸἄν
3526 709 3624 763 καὶ

2033 795 2256 867 ἐτέρους
2295 796 2451 858 τινὰς
2476 796 2698 864 ἄνδρας.
2749 796 2861 850 Καὶ
2911 799 3007 851 σὺν
3041 800 3224 863 αὐτοῖς
3268 800 3618 868 ἐκπλεύσας,

2031 888 2099 940 τὰ
2122 888 2392 958 λεγόμενα
2423 889 2757 958 Νεκρόπυλα
2788 889 3097 961 παρελθὼν,
3125 890 3263 961 προς
3283 892 3373 945 τὸν
3405 894 3623 964 Ἵστρον

2033 978 2277 1048 ποταμὸν
2309 981 2691 1048 παραγίνεται.
2737 979 2982 1033 Ἐκεῖθεν
3018 980 3295 1051 ἐκπέμπει
3343 981 3456 1035 τῶν
3494 999 3622 1037 συν-

2029 1069 2200 1122 όντων
2245 1069 2370 1123 τινὰ
2427 1071 2701 1138 Στέφανον
2753 1072 2892 1141 πρὸς
2943 1072 3208 1144 Τέρδελιν
3250 1073 3441 1143 κύριον
3489 1073 3623 1128 ὄντα

2029 1160 2338 1233 τηνικαῦτα
2364 1162 2685 1235 τῶν,ηέκείσε
2728 1163 3082 1236 Βουλγάρων,
3118 1166 3459 1236 παρακαλῶν
3496 1164 3625 1219 συλ-

2029 1251 2294 1308 λαϐέσθαι
2333 1254 2484 1325 αὐτῷ
2507 1253 2647 1307 ὥστε
2678 1256 2770 1307 τὸν
2804 1257 2904 1326 τῆς
2938 1256 3220 1326 βασιλείας
3240 1256 3652 1327 ἀπολήψεσθαι’

2031 1346 2408 1419 ορόνον,-ᾰλλα
2442 1365 2499 1401 τε
2538 1349 2769 1402 πλεῖστα
2799 1349 2952 1420 δῶρα
2982 1349 3361 1420 ὑποσχόμενος
3393 1351 3488 1403 καὶ
3520 1349 3621 1422 τὴν

1990 1466 1993 1467 ν
2029 1438 2224 1492 ἑαυτοῦ
2254 1438 2529 1509 θυγατέρα
2561 1440 2643 1503 εἰς
2677 1442 2911 1507 γυναῖκα
2943 1439 3092 1510 αὐτῷ
3125 1439 3321 1493 δώσειν
3360 1442 3623 1508 ἐπαγγει-

2028 1532 2281 1601 λάμενος.
2330 1531 2387 1584 '0
2407 1531 2463 1583 δὲ
2494 1530 2793 1602 προθύμως
2817 1533 2873 1584 ὲν
2906 1534 3071 1585 πᾶσιν
3101 1533 3316 1595 ὑπεῖκε,
3350 1533 3447 1585 καὶ
3470 1531 3621 1587 ’Ἰου-

2032 1624 2302 1677 στινιανὸν
2331 1625 2426 1676 σὺν
2455 1626 2590 1694 τιμῇ
2624 1622 2836 1693 μεγέιλῃ
2873 1623 3117 1690 ἐδέξατο,
3153 1625 3248 1678 καὶ
3282 1625 3500 1679 ἅπαντα
3526 1624 3619 1679 τὸν

2029 1716 2121 1768 ὑπ’
2153 1714 2304 1785 αύτῷ
2328 1715 2459 1768 λαὸν
2488 1715 2720 1777 ὁπλίσας
2749 1715 2845 1767 σὺν
2873 1715 3026 1785 αὐτῷ
3055 1717 3145 1768 ἐπὶ
3172 1716 3270 1786 τὴν
3303 1715 3620 1786 βασιλεύου-

345 1813 517 1869 minia
549 1812 783 1879 turpiter
812 1802 1116 1864 remittunt.
1150 1807 1391 1862 Tandem
1440 1820 1601 1863 noctu
1635 1824 1757 1863 cum
1795 1822 1922 1875 pau-

2031 1828 2131 1863 σαν
2163 1808 2356 1881 ᾤχετο.
2394 1809 2758 1879 Προσεδρεύει
2785 1809 2841 1861 δὲ
2867 1808 2943 1878 τῷ
2976 1809 3144 1878 τείχει
3174 1808 3498 1880 Βλαχερνῶν
3522 1811 3619 1863 ἐπὶ

341 1904 424 1963 cis
453 1918 550 1973 per
582 1902 960 1971 aquaeductum
1015 1901 1224 1969 irrepit,
1262 1910 1424 1970 atque
1455 1901 1665 1956 urbem
1694 1900 1922 1965 invadit,

341 2010 578 2065 moxque
594 1993 1023 2048 Blachernormn
1046 1992 1303 2062 palatium
1333 2003 1585 2063 occupat.
1612 1992 1922 2046 Heraclium

338 2100 474 2145 vero
519 2081 793 2153 Apsimari
843 2082 1097 2145 fratrem,
1144 2097 1210 2135 ex
1262 2082 1517 2150 prmfccto
1560 2080 1923 2137 Orientalium

339 2178 646 2250 cupiarum,
676 2190 797 2229 cum
826 2174 946 2229 aliis
977 2173 1202 2227 ducibus
1229 2184 1285 2229 et
1309 2174 1634 2230 satellitibus
1679 2174 1799 2244 ejus
1829 2188 1926 2242 pro

342 2267 615 2324 moenibus
677 2265 811 2335 ipsis
847 2279 880 2318 e
921 2264 1165 2333 patibulo
1217 2265 1522 2332 su9pcndit.
1580 2264 1927 2332 Apsimarum

340 2358 559 2421 deinde,
596 2355 831 2426 septimo
859 2371 1017 2424 quam
1051 2357 1322 2421 imperare
1352 2365 1598 2430 ceperat
1625 2370 1786 2418 anno,
1815 2353 1929 2424 48

322 2465 449 2507 ~una
475 2464 593 2504 cum
618 2448 847 2504 Leontio
869 2449 1324 2515 comprehensum
1354 2446 1547 2501 ferreis
1572 2446 1926 2515 compedibus

341 2544 586 2598 vinctum
627 2542 679 2594 in
724 2554 1003 2594 carcerem
1047 2537 1287 2606 conjicit.
1338 2536 1466 2592 Post
1520 2538 1635 2592 haec
1673 2548 1929 2604 equestre

341 2645 620 2692 certamen
669 2633 973 2697 celebrans,
1000 2633 1339 2685 alterumxad
1368 2632 1638 2694 dextram,
1692 2630 1924 2683 alterum

339 2729 410 2785 ad
441 2727 720 2782 sinistram
774 2724 920 2778 horae
969 2724 1147 2791 spatio
1198 2722 1356 2788 abjici
1391 2724 1566 2791 adque
1601 2721 1764 2790 pedes
1797 2734 1927 2775 suos

342 2816 671 2889 proculcari,
701 2815 829 2871 inde
860 2815 913 2869 in
942 2814 1180 2885 Cynegio
1219 2822 1384 2882 eaput
1432 2813 1700 2880 amputari
1732 2812 1921 2882 jussit.

341 2908 459 2968 Sub
505 2909 622 2964 haec
674 2905 1034 2978 Bulgarorum
1094 2906 1392 2974 principem
1456 2903 1711 2959 Tcrbeliu
1766 2914 1921 2958 extra

322 2998 768 3056 ’Blacbernorum
826 2998 1028 3052 mmnia
1082 3000 1374 3051 Stationem
1432 2996 1722 3050 habentem
1774 2994 1920 3049 omni

336 3093 546 3149 honore
573 3105 637 3145 ac
662 3090 1029 3145 munificentia
1069 3100 1408 3159 prosecutus,
1456 3090 1672 3143 demum
1702 3088 1768 3143 ad
1796 3103 1916 3141 enni

341 3187 569 3242 veniens
601 3183 1006 3253 imperatoriam
1039 3192 1243 3237 vestem
1276 3182 1631 3237 circuuuledit
1663 3196 1726 3235 ac
1746 3180 1919 3234 Cassa-

341 3291 457 3334 rem
502 3276 813 3344 appellavit.
872 3273 1059 3343 Neque
1095 3274 1179 3327 his
1214 3283 1524 3338 contentus,
1557 3272 1652 3326 sed
1684 3271 1749 3324 ad
1785 3285 1923 3324 conv

338 3381 552 3422 sessum
583 3366 805 3433 insuper
838 3365 1155 3429 admittens,
1193 3364 1406 3415 adorari
1442 3376 1627 3414 secttm
1664 3374 1691 3411 a
1725 3358 1924 3426 pupula

337 3456 533 3523 voluit,
568 3471 632 3511 ac
664 3467 938 3526 postremo
973 3454 1200 3508 inlinitis
1230 3453 1545 3506 muneribus
1578 3451 1835 3503 dormtum
1869 3449 1922 3503 in

340 3532 574 3621 patriam
631 3548 861 3603 remisit.
912 3546 1213 3601 Callinicus
1266 3544 1615 3614 patriarcha,
1673 3543 1815 3611 quod
1868 3542 1920 3593 in

340 3640 553 3698 Leontii
607 3640 1024 3709 inauguratione
1064 3639 1329 3709 probrose
1378 3637 1626 3705 quaedam
1664 3636 1716 3689 in
1750 3636 1922 3703 impc—

341 3742 582 3789 ratorcm
623 3732 908 3802 jactasset,
943 3731 1116 3785 oculis
1149 3730 1375 3783 orbatus
1406 3727 1636 3783 Rutulam
1669 3727 1922 3795 deporta—

340 3836 429 3882 tus
471 3834 575 3881 est.
615 3824 782 3893 Cujus
828 3825 879 3878 in
924 3824 1099 3878 locum
1147 3822 1349 3894 Cyrum
1399 3824 1701 3884 substituit,
1736 3823 1827 3889 qui
1867 3821 1919 3875 in

341 3917 475 3973 urbe
495 3915 804 3971 Amastride
833 3914 1094 3970 inclusam
1126 3930 1191 3969 ac
1217 3915 1513 3969 solitariam
1546 3915 1708 3967 vitam
1739 3913 1920 3967 colue-

339 4016 427 4066 rat
472 4024 537 4065 ac
580 4008 647 4063 de
689 4007 937 4087 imperio
981 4008 1352 4079 recuperando
1409 4006 1753 4075 praedixerat.
1810 4005 1917 4060 Sed

339 4100 520 4156 nullus
563 4098 769 4154 interea
810 4100 1040 4154 caedium
1075 4099 1125 4152 in
1159 4099 1307 4153 cives
1338 4113 1401 4151 ac
1430 4098 1649 4152 saevitiae
1701 4098 1915 4152 modus.

339 4191 472 4248 Nam
495 4193 783 4262 plerosque
801 4192 866 4245 ad
901 4192 1253 4262 magistratus
1279 4191 1512 4255 evchcns
1540 4191 1770 4245 subinde
1791 4189 1917 4245 aliis

338 4286 627 4344 submissis
686 4284 1084 4351 iuterﬁciebat;
1153 4284 1439 4338 nonnullos
1493 4285 1558 4338 ad
1604 4284 1911 4338 convivium

336 4376 572 4431 invitans
605 4376 856 4432 incautos
881 4376 1251 4445 opprimebat;
1283 4376 1418 4430 alios
1441 4376 1492 4429 in
1519 4376 1732 4430 culeum
1764 4378 1913 4430 insn-

2027 1904 2208 1974 τρισὶν
2239 1901 2498 1972 ἡμέραις,
2535 1901 2703 1967 ἀξιῶν
2736 1901 2860 1963 τοὺς
2891 1901 2991 1970 τῆς
3024 1900 3237 1964 πόλεως
3270 1900 3618 1972 εἰσδεχθῆναι

2027 1979 2193 2048 αὐτὸν
2225 1993 2477 2065 βασιλέα.
2518 1994 2579 2046 Οἱ
2614 1992 2671 2046 δὲ
2710 1990 2955 2063 αἰσχρῶς
2999 1992 3319 2063 ὑϐρίζοντες
3363 1993 3620 2065 ἀπέπεμ-

2027 2103 2148 2139 πον.
2196 2085 2254 2137 ὐ
2285 2085 2340 2137 δὲ
2374 2082 2569 2146 νυκτὸς
2618 2082 2897 2135 εἰσδύεται
2938 2082 3036 2135 σὺν
3067 2082 3273 2150 ὀλίγοις
3321 2084 3433 2135 τισὶ
3475 2083 3619 2136 κατὰ

2026 2178 2118 2231 τὸν
2152 2179 2250 2248 τῆς
2291 2176 2504 2238 πόλεως
2551 2175 2793 2243 ἀγωγὸν,
2842 2173 3144 2227 κάντεῦθεν
3191 2174 3619 2245 παραλαμϐάνει

2025 2269 2123 2340 τὴν
2150 2269 2327 2333 πόλιν,
2359 2266 2613 2337 καὶπρὸς
2645 2265 2818 2336 βραχῦ
2855 2264 3151 2336 σκηνοῦται
3183 2266 3242 2319 ὲν
3266 2265 3345 2336 τῷ
3370 2265 3621 2338 παλατίιρ

2026 2359 2366 2431 Βλαχερνῶν.
2427 2357 2752 2429 Ἡράκλειον
2783 2357 2840 2410 δὲ
2885 2357 2978 2409 τὸν
3020 2356 3250 2425 ἀδελφόν
3307 2357 3616 2428 Ἀψιμὰρου
3693 2412 3699 2427 ε

2027 2452 2336 2523 στρατηγὸν
2384 2450 2480 2504 τοῦ
2531 2448 2858 2504 ὰνατολικοῦ
2902 2449 3137 2520 στρατοῦ
3180 2451 3476 2518 γενόμενον
3523 2448 3619 2505 καὶ

2025 2547 2150 2607 τοὺς
2184 2544 2380 2605 ἄλλους
2419 2544 2685 2613 ἄρχοντας
2730 2542 2826 2595 καὶ
2875 2540 3225 2604 ὑπασπιστὰς
3268 2542 3435 2595 αὑτοῦ
3478 2539 3620 2612 πρὸς

2022 2639 2101 2708 τῷ
2142 2628 2312 2708 τείχει
2353 2636 2445 2689 ἐπὶ
2484 2636 2643 2701 ξύλου
2676 2635 3013 2705 ἀνήρτησεν.
3064 2636 3368 2704 Ἀψίμαρον
3399 2633 3457 2687 δὲ
3490 2634 3621 2687 συλ-

2022 2729 2205 2783 λαϐὼν
2238 2729 2479 2799 ἕϐδομον
2511 2727 2628 2790 ἔτος
2661 2730 2718 2780 ἐν
2750 2731 2813 2797 τῇ
2848 2727 3095 2798 βασιλείᾳ
3134 2727 3464 2782 διανύσαντα
3484 2769 3498 2792 ,
3533 2727 3618 2781 ἔτι

2021 2822 2079 2876 δὲ
2106 2822 2200 2874 καὶ
2221 2822 2470 2874 Λεόντιον
2495 2821 2737 2891 σιδήροις
2760 2820 2997 2886 πεδήσας
3024 2818 3289 2889 κατέσχεν
3313 2820 3370 2872 ὲν
3398 2820 3613 2892 εἱρκτῇο

2024 2914 2168 2983 μετὰ
2194 2912 2250 2964 δὲ
2281 2911 2454 2964 ταῦτα
2502 2911 2729 2964 ἱππικὸν
2757 2910 3084 2972 ἐπιτελέσας
3116 2910 3306 2974 ἀγῶνα
3328 2952 3342 2975 ,
3385 2909 3615 2979 θάτερον

2026 3007 2127 3075 μὲν
2176 3007 2240 3057 ὲκ
2271 3003 2465 3067 δεξιῶν
2501 3003 2729 3072 θάτερον
2756 3002 2813 3055 δὲ
2864 3002 2922 3068 ἐξ
2963 3001 3275 3071 ἀριστερῶν
3329 3002 3468 3071 πρὸς
3499 3004 3617 3065 τοῖς

2025 3093 2185 3145 ποσὶν
2228 3090 2396 3145 αὐτοῦ
2447 3093 2741 3146 πατεῖσθαι
2777 3090 2937 3161 ῥίψας
2969 3092 3063 3144 ἐπὶ
3111 3090 3264 3159 ὧρας
3312 3090 3610 3160 βραχείας,

2031 3184 2169 3254 μετὰ
2197 3181 2372 3235 ταῦτα
2403 3183 2685 3250 ἐκπέμπει
2716 3182 2773 3233 ἐν
2797 3180 2873 3249 τῷ
2905 3180 3229 3248 καλουμένῳ
3253 3177 3513 3247 κυνηγίῳ
3535 3176 3612 3247 (8)

2024 3274 2306 3344 τμηθῆναι
2342 3273 2442 3336 τὰς
2492 3273 2755 3341 κεφαλάς.
2785 3272 2889 3323 Τὸν
2919 3271 2975 3323 δὲ
3008 3272 3332 3338 Βουλγὰρων
3375 3270 3614 3339 ἄρχοντα

2026 3365 2068 3418 Τ
2071 3365 2287 3435 έρϐελιν
2317 3348 2421 3429 ἔξω
2454 3364 2667 3432 τείχους
2696 3361 3018 3433 Βλαχερνῶν
3046 3361 3412 3431 σκηριούμενον
3442 3359 3615 3412 πολλὰ

2026 3460 2590 3529 φιλοφρονησάμενος,
2621 3456 2772 3519 τέλος
2804 3456 3253 3526 παραγενόμενος
3283 3453 3418 3523 πρὸς
3450 3452 3614 3505 αὐτὸν

2025 3548 2249 3620 χλανίδα
2279 3566 2338 3601 τε
2374 3548 2691 3619 περιϐάλλει
2722 3545 3013 3617 βασιλικὴν
3053 3549 3150 3598 καὶ
3189 3546 3445 3615 Καίσαρα
3481 3547 3612 3597 ἀνα-

2022 3640 2264 3711 γορεύει,
2304 3640 2403 3694 καὶ
2435 3640 2822 3711 συμπάρεδρον
2865 3640 3239 3708 ποιησάμενος
3288 3640 3613 3708 προσκυνεί-

2025 3733 2150 3785 σθαι
2192 3733 2289 3785 σὺν
2320 3731 2470 3801 αὐτῷ
2501 3732 2607 3783 ὑπὸ
2650 3730 2743 3782 τοῦ
2783 3730 2916 3783 λαοῦ
2949 3730 3169 3782 ἐκέλευε
3194 3769 3209 3791 ,
3246 3732 3342 3781 καὶ
3378 3729 3610 3782 πλεῖστα

2022 3825 2441 3895 παρασχόμενος
2470 3822 2622 3893 δῶρα
2646 3821 2782 3891 πρὸς
2803 3824 2871 3874 τὰ
2897 3821 3090 3874 ἑαυτοῦ
3123 3820 3422 3890 ἐξέπεμπε.
3459 3822 3610 3873 Καλ-

2021 3915 2223 3970 λίνικον
2256 3916 2311 3968 δὲ
2344 3915 2435 3967 τὸν
2474 3915 2571 3979 τῆς
2619 3914 2827 3976 πόλεως
2875 3913 3158 3984 ίεράρχην,
3203 3915 3280 3976 ὡς
3324 3914 3609 3984 δυσφημή-

2024 4024 2192 4060 σαντα
2218 4007 2380 4060 αὑτὸν
2420 4007 2511 4059 ἐπὶ
2537 4008 2600 4076 τῇ
2643 4005 2741 4058 τοῦ
2772 4007 3031 4058 Λεοντίου
3073 4004 3435 4075 ἁναγορεύσει
3460 4046 3474 4071 ,
3510 4022 3607 4058 τυ-

2021 4098 2244 4168 φλώσας
2279 4100 2337 4151 ὲν
2370 4100 2437 4168 τῇ
2486 4097 2670 4168 Ῥώμῃ
2703 4095 3013 4167 ἐξέπεμψε,
3051 4098 3233 4167 Κῦρον
3268 4097 3386 4149 ἀντ’
3435 4096 3605 4149 αὐτοῦ

2018 4194 2099 4256 είς
2121 4191 2220 4263 τὴν
2244 4190 2548 4262 ἱερωσύνην
2571 4192 3069 4262 προχειρισάμενος
3087 4190 3177 4242 τὸν
3202 4192 3258 4242 ὲν
3282 4188 3340 4241 Ἀ
3351 4189 3604 4260 μάστριδι

2017 4282 2332 4351 ἑγκλειστον
2375 4280 2688 4351 γενόμενον,
2740 4279 3193 4352 προσημαίνοντα
3238 4279 3388 4345 αύτῷ
3424 4280 3606 4331 ἐκεῖσε

2017 4376 2266 4445 παριόντι
2313 4372 2415 4445 τὴν
2462 4373 2563 4444 τῆς
2606 4374 2869 4444 δευτέρας
2918 4371 3197 4441 βασιλείας
3245 4371 3605 4425 κατάστασιν.

337 4478 423 4525 tos
445 4468 499 4523 in
527 4466 850 4538 profundum
883 4469 1183 4539 mergebat.
1205 4468 1364 4534 Et,ut
1385 4482 1492 4521 uno
1516 4467 1683 4522 verbo
1711 4467 1911 4531 dicam,

2024 4467 2195 4523 Πολύν
2242 4483 2303 4519 τε
2358 4466 2519 4534 φόνον
2585 4465 2699 4521 καὶ,
2742 4465 2991 4517 κάκωσιν
3042 4465 3101 4517 ἐν
3167 4465 3283 4525 τοῖς
3345 4463 3607 4533 ὑπηκόοις

334 4557 566 4637 omniin
593 4570 722 4613 suos
767 4557 1098 4613 crudelitate
1125 4572 1191 4613 ac
1225 4557 1444 4613 feritate
1483 4557 1784 4614 bacchatus
1809 4567 1913 4613 est.

335 4647 442 4715 Per
473 4648 616 4719 idem
652 4655 866 4720 tempus
893 4663 924 4705 e
954 4647 1217 4705 Chalaria
1249 4646 1592 4705 Theodoram
1630 4647 1916 4720 coniugem

337 4751 394 4796 et
422 4740 703 4797 Tiberium
755 4741 924 4795 ﬁlium
976 4742 1226 4804 arcessit,
1277 4743 1468 4812 eisque
1506 4741 1916 4807 imperatoriam

341 4847 599 4889 coronam
658 4834 908 4903 imponit.
968 4832 1093 4889 Post
1140 4834 1275 4903 inita
1321 4849 1443 4887 cum
1498 4832 1739 4901 Bulgaria
1786 4847 1918 4902 pace

338 4925 603 4981 dissoluta
631 4925 948 4979 innumeras
991 4934 1135 4979 terra
1169 4927 1416 4994 marique
1442 4927 1627 4993 copias
1660 4927 1711 4980 in
1743 4925 1919 4978 Thra-

336 5021 479 5074 ciam
533 5025 932 5087 transportans,
966 5019 1034 5070 ad
1063 5014 1176 5086 ιθ
1206 5015 1527 5070 Anchialum
1558 5018 1746 5071 urbem
1790 5014 1917 5069 belli

343 5110 540 5164 ntalem
570 5107 856 5162 convertit.
886 5107 990 5164 Uhi
1014 5107 1143 5160 dum
1177 5105 1404 5159 ﬂuuiani
1438 5105 1724 5173 pabulandi
1753 5118 1916 5159 causa

342 5200 613 5256 incautius
643 5200 1000 5270 dissipantur,
1043 5207 1268 5267 repente
1300 5195 1687 5264 superveniens
1715 5196 1911 5266 Bulga-

337 5308 432 5348 rus
480 5293 788 5362 complures
856 5291 1089 5355 occidit,
1168 5290 1304 5344 alios
1365 5289 1612 5356 captivos
1672 5291 1909 5342 abducit.

2020 4561 2281 4614 ἐποιεῖτοο
2314 4558 2440 4621 τοὺς
2468 4556 2569 4626 μὲν
2599 4555 2709 4625 γὰρ
2750 4557 2831 4618 είς
2856 4554 3127 4626 ἄρχοντας
3165 4553 3609 4627 προϐαλλόμενος

2020 4650 2227 4706 αὐτίκα
2256 4632 2482 4719 ἑτέρους
2514 4645 2740 4699 ὄπισθεν
2762 4647 3065 4717 ἐκπέμπων
3092 4645 3308 4719 ἀνῄρει,
3338 4644 3433 4709 οὓς
3461 4645 3517 4698 δὲ
3547 4647 3608 4697 ὲν

2008 4741 2221 4811 δείπνῳ
2267 4738 2556 4807 συγκαλῶν
2607 4737 2747 4809 δόλῳ
2792 4737 3140 4804 ἀπέκτεινεν,
3188 4738 3386 4800 ἄλλους
3424 4739 3482 4790 ὲν
3527 4735 3609 4806 τῷ

2022 4831 2172 4912 βυθῷ
2217 4829 2444 4894 σάκκοις
2488 4825 2750 4899 ἐμϐαλὼν
2782 4831 3119 4902 ἀπέρριπτε,
3166 4827 3266 4882 καὶ
3314 4826 3607 4881 συνελόντα

2020 4925 2214 4990 εἰπεῖν,
2240 4920 2485 4993 ὠμότητι
2522 4920 2692 4991 πολλῇ
2722 4922 2817 4974 καὶ
2860 4919 3118 4992 θηριώδει
3145 4918 3345 4991 γνώμῃ
3379 4917 3516 4989 πρὸς
3545 4916 3607 4970 τὸ

2020 5014 2267 5084 ὑπήκοον
2308 5011 2674 5080 διακείμενος.
2717 5011 2807 5065 Ἐν
2833 5011 3046 5074 τούτοις
3080 5008 3138 5062 δὲ
3185 5008 3608 5080 μεταστέλλεται

2020 5106 2130 5160 ἀπὸ
2170 5103 2455 5175 Χαζαριας
2499 5102 2784 5176 Θεοδώραν
2826 5103 2931 5175 τὴν
2970 5102 3167 5157 ἑαυτοῦ
3210 5103 3459 5174 γαμετὴν
3510 5102 3608 5155 καὶ⁴

2018 5196 2270 5266 Τιϐέριον
2318 5195 2411 5249 τὸν
2459 5196 2518 5262 ἐξ
2572 5193 2745 5265 αὐτῆς
2801 5192 3063 5265 τεχθέντα
3117 5191 3269 5265 αύτῷ
3327 5194 3466 5258 υἱὸν,
3511 5194 3608 5246 καὶ

2027 5289 2213 5354 στέφει
2247 5287 2447 5348 αὐτοὺς
2493 5288 2575 5348 εἰς
2631 5285 2909 5355 βασιλέας.
2942 5287 3099 5339 Μετά
3138 5286 3297 5338 τοῦτο
3342 5284 3460 5337 λύει
3507 5285 3606 5346 τὴν

1698 5482 1971 5539 PETAVil
2006 5482 2235 5539 ΝΟΤίΕ.

408 5641 483 5710 (8)
514 5618 623 5693 ’Ἐν
646 5642 725 5707 τῷ
749 5642 1104 5712 καλουμένῳ
1125 5643 1423 5712 Κυνηγίῳ.
1449 5641 1703 5712 biisceiia:
1728 5654 1922 5697 auctor

338 5707 376 5764 ι.
405 5706 474 5763 is
502 5706 751 5765 vicarium
784 5706 1111 5767 animantum
1156 5706 1543 5782 :n1erprctutus
1598 5726 1699 5768 est.
1752 5711 1931 5767 Lucus

2031 5643 2120 5696 ubi
2155 5641 2469 5696 catabulum
2501 5651 2623 5698 erat
2655 5652 2711 5699 et
2748 5641 2988 5698 ferarum
3012 5644 3284 5701 clausura.
3318 5640 3454 5700 Vide
3500 5643 3609 5699 Co-

2039 5720 2227 5767 dmum
2259 5714 2312 5766 in
2349 5712 2527 5783 Cpoli.
2694 5758 2697 5761 .
2822 5742 2825 5745 ‹
3613 5734 3628 5750 .
