4016 6456
348 513 436 580 με
1060 504 1125 573 ’κ
1287 511 1385 571 DE
1427 511 1680 571 REBUS
1712 511 1898 571 POST

2041 511 2386 572 .URICIUM
2421 510 2708 575 GESTIS.
3501 509 3604 573 916

333 624 472 697 προς
517 623 646 688 τοὺς
692 623 1037 692 Βουλγάρουνς
1096 622 1342 693 εἰρήνην,
1397 622 1492 675 καὶ
1538 620 1924 693 στρατεύματα

2041 619 2366 676 lustinianus
2394 636 2515 677 cum
2542 619 2792 676 Anchiali
2831 621 3122 677 conclusus
3152 634 3214 675 ac
3242 619 3483 676 triduum
3510 621 3606 674 ob-

336 717 563 771 πλεῖστα
583 717 671 773 διά
695 734 756 770 τε
786 717 889 787 γῆς
913 717 1010 769 καὶ
1032 715 1304 784 Θαλάσσης
1335 712 1471 785 πρὸς
1497 716 1610 778 τοῖς
1639 712 1923 785 Θρακῲοις

2041 728 2216 768 sessus
2247 722 2413 777 esset,
2445 721 2607 767 noctu
2629 712 2848 768 tandem
2873 712 3188 768 conscensis
3206 711 3434 767 navibus
3455 710 3610 764 aulu-

341 807 533 879 μέρεσι
562 806 840 876 διαγαγὼν
872 808 1007 877 πρὸς
1037 811 1102 877 τῇ
1160 806 1432 876 Ἀγχιάλῳ
1467 805 1621 859 πόλει
1654 804 1729 868 ὡς
1764 804 1921 857 πολε-

2041 807 2107 873 git
2145 820 2208 860 ac
2246 805 2561 876 Byzantium
2597 806 2797 860 evadit.

342 900 529 970 μήσων
552 900 750 963 αὐτοὺς
778 900 1159 969 παραγίνεται.
1199 898 1551 967 Ἀφυλάκτως
1581 898 1639 952 δὲ
1668 898 1761 952 τοῦ
1787 898 1914 952 λαοῦ
1942 898 2079 967 πρὸς
2105 898 2175 949 τὰ
2199 898 2380 950 ἐκεῖσε
2406 897 2563 952 πεδία
2588 897 2681 951 ἐπὶ
2712 894 2916 967 κομιδῇ
2952 894 3151 966 χόρτου
3180 890 3607 962 σκεδαννυμένου

340 991 726 1043 ἐπιπίπτουσιν
760 990 971 1059 ἁθρόως
1005 992 1053 1043 οἰ
1122 989 1421 1060 Βούλγαροι
1487 990 1580 1045 καὶ
1641 991 1869 1053 πολλοὺς
1910 989 2090 1044 αὐτῶν
2120 990 2164 1022 ³⁸⁸
2213 988 2588 1061 διαφθείρουσι
2609 1030 2639 1055 ,.
2674 988 2909 1052 πολλοὺς
2955 988 3013 1057 δὲ
3062 987 3156 1043 καί
3230 978 3609 1056 αἰχμαλώτους

342 1074 507 1135 εἷλον.
545 1081 658 1133 Καὶ
698 1080 1060 1150 Ἰουστινιανῷ
1086 1083 1143 1134 ἐν
1173 1084 1238 1151 τῇ
1281 1082 1432 1135 πόλει
1463 1081 1737 1153 Ἀγχιάλῳ
1805 1080 2189 1150 ἀπολειφθέντι
2224 1081 2320 1134 ἐπὶ
2383 1081 2563 1151 τρισὶν
2629 1067 2865 1153 ἡμέραις
2935 1079 3415 1152 προσεδρεύουσιν.
3470 1076 3528 1131 '0
3553 1076 3611 1131 δὶ

342 1172 539 1234 νυκτὸς
570 1174 764 1225 ναυσὶν
795 1172 993 1236 ἐπιϐάς
1025 1177 1169 1245 φυγῇ
1203 1175 1415 1230 ἐκεῖθεν
1441 1175 1787 1231 ἀπέπλευσεν
1823 1174 1919 1228 καὶ
1952 1176 2033 1238 εἰς
2065 1173 2366 1238 Βυζάντιον
2397 1174 2771 1243 ἐπανάγεται,

426 1267 518 1322 Ἐν
547 1265 761 1328 τούτοις
802 1266 973 1321 ὄντων
1004 1269 1113 1322 τῶν
1147 1271 1491 1339 πραγμάτων
1533 1273 1561 1323 ὁ
1602 1270 1712 1326 τῶν
1738 1273 1920 1340 Σαρα-

342 1356 530 1429 κηνῶν
579 1357 836 1427 βασιλεὺς
884 1359 1016 1412 λαδν
1062 1361 1314 1416 πλεῖστον
1342 1362 1567 1431 ὁπλίτην
1600 1362 1923 1432 ἐκπέμπει,

342 1448 623 1521 ἡγεμόνας
654 1450 838 1512 αὐτοῖς
884 1449 1184 1523 ἐπιστήσας
1214 1454 1524 1522 Μασαλμᾶν
1552 1453 1648 1507 καὶ
1679 1452 1926 1523 Σολυμᾶν

342 1539 495 1593 κατὰ
543 1538 642 1609 τὴν
675 1538 842 1591 αὑτοῦ
880 1538 926 1570 ⁸⁸
958 1539 1237 1594 διάλεκτον
1285 1542 1687 1612 καλουμένους,
1731 1541 1807 1606 ὡς
1857 1540 1926 1594 τά

345 1629 538 1684 Τύανα
569 1630 668 1699 τὴν
699 1628 855 1682 πόλιν
881 1629 1366 1702 πολιορκήσοντας.
1408 1634 1471 1686 Ol
1501 1633 1556 1686 δὲ
1606 1633 1785 1686 ἐκεῖσε
1818 1650 1925 1685 πα-

351 1719 730 1793 ραγενόμενοι,
760 1721 1032 1792 πολέμους
1063 1722 1350 1786 πλείστους
1379 1725 1735 1793 συνάψαντες,
1764 1723 1928 1796 μέρος

347 1812 410 1867 δὲ
445 1812 541 1867 τοῦ
587 1814 806 1884 τείχους
844 1816 910 1868 ἐκ
952 1816 1063 1869 τῶν
1105 1817 1241 1885 πρὸς
1270 1816 1627 1887 τειχομαχίαν
1682 1817 1929 1885 ὀργάνων

352 1905 757 1970 καταὸαλόντες
795 1908 891 1960 καὶ
921 1908 1086 1961 πλέον
1133 1910 1286 1962 οὐδὲν
1336 1910 1657 1980 ἰσχύσαντες
1689 1910 1885 1964 ἀνῦσαι
1912 1951 1927 1976 ,

355 1994 668 2064 ἀποχωρεῖν
703 1995 841 2064 πρὸς
871 1995 940 2048 τὰ
992 1998 1165 2050 οἰκεῖα
1193 1996 1497 2054 ἐϐούλοντο.
1543 2001 1630 2053 Ἐν
1657 1993 1696 2068 ᾧ
1726 2000 1933 2070 ἐκπέμ-

358 2103 449 2138 πει
478 2086 856 2152 Ἰουστινιανδς
874 2090 1012 2160 πρὸς
1028 2094 1095 2163 τῇ
1124 2094 1513 2164 μεσογαίᾳριαὶ
1536 2093 1786 2146 πλεῖστον
1807 2092 1936 2145 λαὸν

362 2178 614 2247 ἄγροικόν
641 2196 701 2232 τε
733 2181 830 2233 καὶ
861 2185 1167 2252 γεωργικὸν
1201 2183 1461 2255 ἀθροίσας
1493 2184 1632 2256 πρὸς
1654 2185 1721 2246 τὰ
1753 2186 1935 2238 Τύανα

366 2268 704 2335 ἀφικνεῖσθαι
732 2270 1015 2324 ἐκέλευσεν
1040 2271 1114 2337 ὡς
1134 2275 1262 2336 τοὺς
1314 2274 1816 2347 πολιορκουμένους
1842 2276 1938 2329 ἐπ-

364 2359 695 2429 αμυνόμενος
725 2361 791 2415 ⁸ο.
815 2362 1047 2427 Τούτους
1075 2364 1309 2428 ἀόπλους
1326 2366 1373 2418 οἰ
1402 2367 1710 2437 Σαρακηνοὶ
1737 2367 1938 2421 θεασά-

361 2466 511 2519 μενοι
549 2453 763 2523 ὁρμῶσι
804 2456 926 2506 κατ’
953 2455 1155 2519 αὐτῶν,
1194 2458 1289 2510 καὶ
1320 2458 1441 2521 τοὺς
1489 2458 1589 2528 μὲν
1617 2458 1761 2523 ξίφει
1794 2461 1940 2512 ἀνεῖ-

357 2543 470 2617 λον,
491 2546 620 2607 τοὺς
646 2546 702 2597 δὲ
732 2546 1114 2614 αἰχμαλώτους
1147 2548 1461 2604 συνέλαϐον.
1493 2551 1774 2603 Ἐντεῦθεν
1807 2538 1941 2623 θαρέ

358 2628 697 2699 ῥαλεώτερον
729 2631 1066 2695 διατεθέντες
1092 2636 1158 2704 τῇ
1199 2637 1499 2708 προσεδρίᾳ
1526 2640 1570 2670 ³¹
1606 2639 1831 2692 Τυσὶνων
1863 2639 1939 2692 εἴ·

263 2730 269 2735 ’
356 2736 537 2788 χοντο.
566 2721 629 2772 Οἰ
667 2721 723 2773 δὲ
750 2724 961 2792 ἀπορία
1009 2723 1424 2795 δαπανημάτων
1454 2727 1561 2780 τῶν
1590 2726 1725 2797 πρὸς
1760 2727 1939 2797 μάχην

356 2808 711 2875 ἀπειπόντες,
765 2812 867 2882 τῆς
914 2830 972 2866 τε
1022 2814 1175 2883 παρὰ
1230 2815 1492 2884 βασιλέως
1544 2817 1794 2887 βοηθείας
1839 2819 1938 2872 οὐκ

356 2901 791 2972 εὐπορήσαντες,
820 2904 1084 2977 ὁμολογίᾳ
1111 2907 1341 2970 ἑαυτοὺς
1370 2911 1485 2971 τοῖς
1524 2908 1743 2980 ἐχθροῖς
1795 2927 1937 2981 παρα

355 2989 548 3046 ἕδοσαν
576 2993 822 3064 καὶπρὸς
849 2996 918 3049 τά
937 2997 981 3029 ⁸³
1003 2997 1113 3050 τῶν
1138 2998 1471 3069 Σαρακηνῶν
1495 2998 1600 3071 ἤθη
1635 3001 1936 3071 ἁπῴχοντο.

355 3082 453 3148 Ἐξ
486 3085 701 3138 ἐκείνου
746 3086 933 3140 λοιπὸν
981 3087 1209 3158 πλείστη
1239 3092 1349 3152 τοῖς
1404 3090 1614 3161 ἐχθροῖς
1657 3092 1937 3163 παρρησία

357 3175 570 3228 ἐδέδοτο
604 3177 775 3241 ἀδεῶς
799 3179 898 3242 τὰς
941 3179 1224 3250 Ῥωμαίων
1267 3180 1695 3249 καταληῖζεσθαι
1730 3180 1935 3252 χώρας,

353 3265 574 3331 οὐδενὸς
607 3266 818 3331 τούτοις
848 3269 1127 3339 ἰσχύοντος
1161 3269 1597 3335 ἀντιτάττεσθαι,
1634 3271 1727 3323 καί
1751 3272 1937 3324 δ³τινα

2100 1267 2240 1340 {Am
2271 1266 2410 1340 τοι]
2444 1268 2579 1322 Dum
2604 1269 2718 1323 haec
2745 1268 3007 1324 adversus
3031 1268 3292 1339 Bulgaros
3325 1274 3606 1334 geruntur,

2029 1358 2435 1414 Saracenorum
2470 1371 2562 1413 rex
2576 1354 2869 1427 ’ingentem
2923 1357 3221 1411 exercitum
3254 1370 3377 1411 cum
3412 1353 3609 1409 Masu-

2029 1465 2187 1506 mane
2234 1457 2297 1503 et
2326 1449 2619 1521 Solymane
2682 1448 2912 1507 ducibus
2962 1449 3029 1504 ad
3077 1447 3265 1518 Tyana
3316 1447 3611 1503 obsidenda

2031 1541 2215 1595 mittit.
2271 1539 2373 1606 Qui
2422 1538 2608 1594 multis
2656 1537 2721 1593 ad
2773 1553 2893 1594 eam
2939 1539 3127 1594 urbem
3181 1538 3382 1608 praeliis
3424 1538 3613 1608 gestis.

2033 1646 2309 1686 murorum
2337 1632 2563 1701 insuper
2580 1639 2735 1701 parte
2760 1630 3029 1684 machinis
3053 1630 3301 1700 disiecta,
3331 1645 3452 1684 cum
3480 1628 3637 1685 nihil.

2034 1722 2267 1793 amplius
2297 1721 2643 1791 proﬁcerent,
2686 1723 2985 1777 discessum
3018 1722 3308 1791 parabant,
3338 1735 3459 1774 cum
3488 1733 3625 1774 ecce

2038 1814 2228 1882 ingens
2278 1813 2608 1867 rusticorum
2645 1820 2699 1866 et
2733 1812 3098 1883 agricolarum
3155 1826 3348 1865 manus
3379 1827 3405 1864 a
3442 1808 3614 1864 Justi-

2039 1903 2199 1956 niano
2245 1903 2310 1954 ad
2359 1900 2675 1955 solvendam
2742 1901 3078 1955 obsidionem
3154 1901 3409 1955 mittitur.
3472 1899 3642 1966 Quos-

2038 1991 2295 2047 Saraceni
2341 1991 2578 2046 inermes
2621 1991 2941 2060 COIISpicali,
2970 1980 3169 2059 impetu
3213 1989 3377 2054 facta,
3418 1990 3614 2057 partim

2037 2084 2228 2155 gladiis
2292 2084 2659 2147 obtruncant,
2736 2083 2932 2152 partim
2997 2082 3242 2151 captivos
3310 2080 3611 2135 abducunt.

2036 2174 2153 2242 Quo
2187 2190 2443 2230 successu
2494 2173 2815 2229 audaciores
2848 2174 3043 2228 redditi
3080 2183 3271 2242 coeptae
3303 2172 3633 2243 Tyanornm.

2037 2265 2305 2321 obsidioni
2338 2254 2673 2334 pertinacius
2696 2265 2973 2320 insistunt.
3007 2265 3075 2318 At
3101 2264 3382 2334 oppidani,
3421 2277 3616 2316 neces~

2038 2357 2307 2411 sariarum
2350 2371 2534 2410 rerum
2585 2357 2765 2423 inopia
2800 2356 2980 2425 fracti,
3018 2371 3117 2411 nec
3148 2355 3315 2409 ullum
3352 2355 3418 2407 ab
3449 2354 3618 2421 impe-

2039 2457 2225 2503 ratore
2270 2448 2574 2503 subsidium
2624 2448 2795 2519 nacti,
2841 2449 3171 2503 deditionem
3218 2447 3428 2502 faciunt
3462 2455 3516 2500 et
3548 2447 3616 2500 ad

2040 2537 2436 2594 Saracenorum
2478 2540 2726 2594 instituta
2778 2549 3083 2597 transeunt.
3131 2538 3208 2594 Ex
3242 2539 3338 2594 illo
3374 2547 3619 2606 tempore

2038 2630 2331 2700 plurimum
2366 2644 2429 2684 ea
2460 2645 2547 2685 res
2577 2631 2812 2684 hostium
2848 2632 3058 2699 animos
3096 2632 3293 2696 erexit,
3324 2638 3381 2683 ut
3413 2629 3618 2682 Roma-

2040 2737 2232 2776 norum
2269 2721 2379 2792 50
2411 2736 2570 2792 agros
2619 2722 3041 2792 praedationibus
3072 2737 3135 2778 ac
3181 2722 3621 2791 populationibus

2039 2813 2258 2879 impune
2307 2820 2587 2875 vexarent,
2625 2828 2747 2867 cum
2784 2814 2909 2867 nulli
2944 2814 3080 2868 satis
3110 2813 3310 2867 virium
3368 2812 3433 2865 ad
3486 2811 3620 2865 resi—

2038 2903 2287 2957 stendum
2338 2911 2506 2958 esset.
2567 2903 2853 2959 Postremo
2904 2904 3123 2974 triginta
3181 2904 3294 2957 fere
3343 2903 3618 2957 hominum

2038 2978 2611 3066 globusClirySOpolin
2635 3011 2806 3065 usque
2837 2997 3000 3066 (quod
3026 2994 3281 3064 Oppidani
3309 3010 3373 3047 ex
3393 2992 3622 3046 adverso

2039 3086 2282 3158 Byzantii
2320 3087 2388 3140 ad
2440 3087 2708 3153 orientem
2761 3088 2928 3141 solem
2981 3088 3046 3140 ad
3099 3101 3248 3140 mare
3302 3089 3463 3139 situm
3516 3085 3621 3151 est)

2037 3170 2504 3248 perrumpunt,.et
2531 3178 2820 3249 Oppidanis
2871 3180 3123 3234 omnibus
3151 3177 3415 3247 iugulatis
3467 3177 3623 3229 navi-

2041 3272 2146 3341 giis
2178 3273 2359 3342 ignem
2396 3273 2663 3341 injiciunl.

350 3360 564 3415 τούτων
591 3363 908 3433 ἀποδασμον
971 3367 1051 3427 εἰς
1108 3367 1404 3436 τριάκοντα
1459 3365 1659 3438 ἄνδρας
1722 3368 2143 3437 περιιστάμενον
2191 3369 2318 3438 ἄχρι
2363 3366 2763 3438 Χρυσοπόλεως
2818 3366 3121 3430 κατελθεῖν,
3180 3365 3624 3438 παραθαλάσσιον

351 3456 558 3526 χωρίον
615 3456 859 3524 ἀντικρὺ-
891 3456 1187 3522 Βυζαντίου
1248 3460 1383 3529 πρὸς
1438 3461 1592 3531 ἣλιον
1648 3461 1935 3531 ἀνίσχοντα
1975 3461 2286 3532 ἱδρυμένον,
2356 3461 2452 3514 καὶ
2488 3448 2615 3523 τοὺς
2654 3460 2753 3529 μὲν
2816 3459 3012 3514 αὐτόσε
3045 3460 3337 3530 οἰκήτορας
3369 3456 3619 3525 ἀποσφά-

352 3547 472 3614 ξαι,
502 3546 598 3609 τὰς
628 3545 685 3598 δὲ
714 3547 1017 3618 πορθμίδας
1049 3551 1338 3621 ἐμπρῆσαι
1367 3551 1501 3616 ναῦς

432 3639 811 3709 Ἰουστινιανὺς
835 3646 891 3701 δὲ
921 3651 993 3701 ἐν-
1013 3652 1202 3723 μνήμῃ
1251 3651 1391 3722 ἔχων
1421 3654 1549 3725 περὶ
1576 3654 1675 3723 τῆς
1709 3652 1939 3724 γενομέ-
1969 3665 2011 3721 c

351 3750 459 3804 νης
490 3737 640 3809 αὐτῷ
690 3741 826 3809 πρὸς
887 3742 1191 3815 Ἀψίμαρον
1235 3746 1385 3815 παρά
1427 3747 1536 3799 τῶν
1586 3747 1644 3800 ἐν
1689 3746 1940 3818 Χερσῶνι

350 3828 650 3899 διαϐολῆς,
683 3833 817 3897 ναῦς
857 3837 994 3889 πολὺ
1066 3838 1328 3902 πλείστας
1367 3841 1461 3894 καὶ⁹
1490 3840 1782 3913 διαφόρους
1818 3860 1942 3896 συν-

352 3920 610 3991 αγείρας,
643 3924 948 3990 ἐμϐιϐάσας
1005 3929 1138 4001 παρ’
1182 3931 1348 3985 αὐτοῦ
1403 3933 1562 4004 ἄχρις
1611 3936 1693 4000 εἰς
1745 3935 1941 3989 ἑκατὸν

351 4012 606 4084 χιλιάδας
636 4015 869 4086 ἀριθμὸν
895 4019 1131 4090 ἀνδρῶν,
1165 4022 1375 4086 εἰδότας
1397 4024 1442 4055 ⁸⁵
1470 4023 1533 4077 Ex
1556 4040 1614 4076 τε
1644 4024 1754 4076 τῶν
1783 4042 1941 4095 στρα-

350 4107 634 4160 τιωτικῶν
661 4110 1004 4180 καταλόγων,
1045 4112 1126 4167 ἐτι
1169 4115 1226 4168 δέ
1259 4116 1354 4169 καὶ
1383 4116 1478 4169 τοῦ
1510 4117 1819 4189 γεωργικοῦ
1845 4116 1940 4171 καί

348 4194 471 4248 τῶν
502 4196 846 4265 βαναυσικῶν
896 4202 1103 4272 τεχνῶν
1151 4203 1263 4257 τῶν
1299 4223 1359 4258 τε
1390 4209 1454 4261 ἐκ
1492 4208 1592 4277 τῆς
1628 4208 1938 4280 συγκλήτου

354 4286 560 4357 βουλῆς
592 4290 803 4344 καὶτοῦ
834 4294 931 4363 τῆς
968 4295 1177 4359 πόλεως
1207 4296 1402 4368 δήμου,
1433 4299 1705 4368 Στέφανον
1731 4299 1786 4352 δέ
1817 4318 1939 4353 τινα

351 4379 654 4449 πατρίκιον
703 4382 765 4436 τὸ
808 4386 1040 4455 ἐπίκλην
1097 4388 1414 4458 Ἀσμηκτον
1450 4391 1497 4423 ⁵⁸
1549 4390 1642 4444 τοῦ
1695 4391 1938 4446 τοιούτου

353 4465 550 4521 στόλου
581 4472 827 4540 ἡγεμόνα
857 4475 1262 4547 προϐαλόμενος
1285 4478 1330 4510 ⁸⁸
1361 4478 1662 4551 ἐξέπεμψε,
1703 4483 1938 4552 προστάς

350 4560 460 4627 ξας
488 4563 697 4628 πάντας
725 4568 853 4631 τοὺς
885 4569 942 4621 ὲν
970 4570 1221 4640 Χερσῶνι
1253 4571 1346 4625 καὶ
1380 4573 1643 4643 Βοσπόρῳ
1686 4576 1780 4627 καὶ
1813 4575 1940 4639 τοὺς

349 4652 469 4705 τῶν
510 4653 684 4708 ἄλλων
731 4658 1032 4729 ἀρχοντιῶν
1076 4661 1238 4726 λαοὺς
1302 4661 1514 4732 ξίφεσιν
1560 4665 1936 4734 ἀνηλωκέναι,

364 4745 559 4800 Ἠλίαν
586 4747 643 4800 δὲ
680 4748 788 4803 τῶν
833 4751 996 4805 αὐτοῦ
1030 4753 1348 4825 δορυφόρων
1379 4756 1476 4809 σὺν
1526 4757 1674 4827 αὐτῷ
1706 4759 1940 4811 ἀπιόντα

351 4838 598 4908 ἄρχοντα
627 4839 914 4909 Χερσῶνος
954 4844 1386 4913 ἐγκαταστῆσαι,
1433 4845 1513 4897 ἔτι
1559 4846 1613 4899 δὲ
1664 4849 1759 4900 καὶ
1800 4848 1943 4918 Βαρ-

348 4929 525 4999 δάνην
560 4931 849 5001 Ἀρμένιον
892 4932 968 5002 τῷ
997 4935 1145 5003 γένει
1178 4936 1457 5006 ἐξόριστον
1487 4939 1667 4990 ἐκεῖσε
1711 4939 1939 4992 καταλιε-

2118 3649 2256 3725 [Αη.
2289 3648 2438 3722 709.]
2471 3648 2809 3705 Justinianus
2858 3649 3098 3715 interim,
3126 3646 3415 3703 delationis
3465 3647 3621 3701 istius

2044 3757 2275 3806 memor,
2300 3758 2403 3813 qua
2435 3742 2578 3811 apud
2607 3742 2947 3811 Apsimarum
2978 3755 3007 3794 a
3028 3739 3371 3794 Cliersonitis
3402 3739 3451 3793 in
3479 3742 3625 3810 peri-

2043 3833 2224 3887 culum
2246 3833 2510 3887 adductus
2530 3831 2733 3897 fuerat,
2756 3831 2988 3886 classem
3012 3829 3304 3884 multarum
3324 3845 3387 3883 ac
3415 3830 3620 3885 diversi

2043 3925 2258 3993 generis
2289 3924 2506 3979 navium
2537 3925 2791 3989 instituit,
2824 3924 2877 3979 in
2910 3940 3070 3994 quam
3108 3934 3325 3978 centum
3360 3924 3475 3979 fere
3503 3925 3623 3978 mil-

2044 4016 2113 4071 lia
2154 4017 2435 4072 hominum
2458 4017 2746 4086 imposuit,
2785 4018 2982 4087 partim
3014 4032 3078 4071 ex
3109 4016 3433 4071 militaribus
3472 4018 3621 4072 ordi-

2044 4110 2224 4177 nibus,
2258 4109 2455 4180 partim
2491 4124 2555 4165 ex
2584 4110 2785 4165 rustica
2833 4109 2986 4178 plebe
3016 4118 3112 4164 aut
3143 4110 3393 4179 epiticum
3441 4112 3620 4173 turba,

2042 4202 2240 4272 partim
2306 4201 2541 4272 denique
2586 4216 2654 4257 ex
2706 4204 2985 4257 senatorio
3036 4202 3228 4259 ordine
3286 4202 3621 4272 reliquisque

2043 4293 2272 4349 civibus.
2308 4292 2404 4348 His
2435 4294 2688 4350 omnibus
2719 4294 3053 4364 Stephanum
3090 4295 3379 4364 patricium
3415 4310 3619 4364 cogno—

2044 4395 2229 4439 mento
2257 4384 2557 4438 Asmietum
2593 4385 2784 4439 ducem
2827 4387 3141 4455 prmposuit,
3181 4400 3304 4439 cum
3342 4385 3613 4441 mandatis

2044 4485 2101 4531 ut
2128 4477 2419 4531 Chersonaa
2449 4491 2512 4530 ac
2544 4475 2769 4546 Bospori
2820 4476 3229 4546 vicinarumque
3265 4477 3619 4545 praefectura-

2044 4582 2160 4621 rum
2193 4552 2417 4635 populos
2464 4582 2654 4622 omnes
2696 4566 2892 4637 gladiis
2919 4570 3231 4635 conticeret,
3270 4568 3439 4621 Etiam
3494 4586 3621 4623 vero

2042 4671 2107 4710 ex
2160 4656 2526 4726 prmtorianis,
2579 4657 2671 4725 qui
2722 4659 2774 4711 in
2824 4658 3083 4712 comitatu
3129 4670 3268 4725 erat,
3330 4659 3622 4714 Cbersona:

2042 4748 2362 4817 praeficeret,
2419 4749 2728 4817 ibidemque
2779 4748 3081 4829 Bardanem
3114 4753 3400 4821 quemdam
3433 4754 3624 4809 Arme—

2044 4855 2171 4893 num
2211 4840 2453 4896 exsulem
2475 4840 2835 4911 relinqueret.
2879 4841 2974 4898 llis
3011 4845 3274 4913 acceptis,
3310 4844 3624 4913 Stephanus

2045 4929 2268 4987 Pontico
2292 4932 2427 4987 mari
2460 4932 2513 4988 in
2550 4934 2696 4988 illam
2732 4936 3009 5006 regionem
3048 4935 3299 4991 invecws
3332 4936 3483 5006 jussa
3519 4937 3624 4990 im-

347 5020 506 5072 πεῖν.
534 5021 806 5089 Στέφανος
833 5022 890 5076 δὲ
928 5024 1017 5077 διὰ
1047 5026 1142 5096 τῆς
1189 5028 1453 5097 Ποντικῆς
1490 5026 1772 5099 θαλάσσης
1804 5030 1937 5101 πρὸς

2046 5025 2313 5093 peratoris
2367 5028 2949 5097 exsequitur:paucos
2995 5029 3226 5099 juvenes
3287 5030 3622 5098 captivorum

347 5111 430 5167 τὰ
476 5114 656 5166 ἐκεῖσε
700 5115 1032 5186 περαιωθεὶς
1072 5119 1139 5171 τὰ
1168 5118 1623 5190 προστεταγμένα
1654 5120 1895 5191 ἐπλήρου
1918 5163 1933 5187 ,

352 5206 627 5277 μειράκιά
650 5224 767 5259 τινα
800 5209 960 5277 ὀλίγα
1002 5209 1080 5279 τῷ
1113 5211 1326 5263 συνόντι
1358 5211 1506 5280 αὐτῷ
1530 5211 1645 5283 λαῷ
1672 5212 1748 5276 ὡς
1776 5213 1938 5283 δῆθεν

348 5296 680 5366 αἰχμάλωτα
705 5302 1089 5369 περιποιήσας,
1113 5300 1217 5352 Τὸν
1238 5299 1436 5353 Δοῦνον
1459 5300 1630 5356 eam
1653 5301 1939 5372 Χερσῶνος

348 5388 596 5459 ἄρχοντα
641 5391 736 5444 καὶ
781 5392 984 5446 Ζωΐλον
1027 5394 1443 5465 πρωτοπολίτην
1491 5394 1790 5465 λεγόμενον
1843 5395 1939 5449 καὶ

351 5481 582 5551 ἑτέρους
627 5482 828 5555 ἄνδρας
883 5485 1293 5557 τεσσαράκοντα
1342 5487 1452 5539 τῶν
1514 5488 1938 5561 ἐμφανεστέρων

348 5573 644 5644 δεσμώτας
675 5576 772 5629 σὺν
800 5578 1016 5645 γυναιξὶ
1055 5579 1147 5631 καὶ
1180 5579 1335 5631 παισὶ
1374 5578 1513 5649 πρὸς
1554 5579 1938 5635 Ἰουστινιανὶν

2045 5115 2163 5171 loco
2194 5116 2247 5171 in
2274 5118 2474 5172 milites
2501 5134 2631 5173 suos
2658 5118 2872 5174 dividit.
2920 5120 3130 5174 Donum
3164 5120 3458 5176 Cltersonm
3485 5136 3625 5187 pra:-

2048 5208 2247 5264 rectum
2280 5224 2335 5264 et
2362 5210 2570 5265 Zoilum
2619 5212 2860 5268 civitatis
2906 5213 3208 5283 principem
3257 5215 3498 5281 aliosque
3527 5215 3626 5265 tri-

2047 5304 2195 5372 ginta
2239 5304 2457 5360 circiter
2503 5319 2567 5359 ex
2623 5304 3012 5360 illustrioribus
3056 5304 3159 5376 51
3208 5321 3329 5361 cum
3367 5306 3627 5359 uxoritms

2044 5409 2101 5452 et
2143 5397 2329 5454 liberis
2393 5399 2607 5454 vinctos
2659 5398 2728 5454 ad
2789 5395 3159 5452 Justinianum
3224 5398 3423 5461 mittit,
3486 5396 3627 5449 alios

2044 5482 2337 5544 Chersnna:
2390 5487 2548 5544 facile
2591 5488 2866 5558 principes
2909 5505 3137 5544 munero
3173 5497 3377 5558 septem
3432 5486 3628 5557 ligneis

2046 5580 2283 5634 verubus
2350 5580 2578 5652 alligans
2623 5585 2686 5637 ad
2742 5583 2918 5652 ignem
2987 5583 3218 5638 assavit.
3292 5581 3625 5636 Cazterarum

1648 5720 1879 5776 VARIAE
1921 5718 2341 5777 LECTIONES.

403 5851 452 5924 ξ’
480 5854 680 5919 αὐτούς
693 5856 754 5911 Ρ.
830 5856 876 5892 δ’
902 5856 1113 5924 adtritu;

358 5921 509 5994 601,
545 5926 615 5982 65
643 5927 727 5983 12.
826 5927 871 5961 ³³
898 5928 965 5982 τὰ
993 5921 1108 5985 om.
1140 5926 1201 5984 Ρ.
1277 5930 1323 5962 ⁸⁸
1354 5929 1482 6001 καί]
1504 5921 1643 5982 ὥστε
1671 5921 1795 5997 ιέαίς

827 6012 867 6027 ’με
1272 6014 1305 6029 γ

1187 5859 1232 5891 ¹⁰
1251 5861 1363 5921 τοῖς
1394 5858 1879 5931 πολιορκουμένοις
1899 5860 2005 5913 ἐπα
2015 5860 2179 5929 μυνού
2189 5877 2349 5931 μενος
2371 5876 2384 5923 ;

2461 5862 2503 5893 ⁸¹
2528 5860 2626 5923 τῆς
2653 5859 3014 5931 προσεδρίαςς
3046 5860 3190 5931 οῖον·
3230 5859 3293 5931 ¹9
3325 5858 3413 5915 2"
3533 5857 3617 5925 η’

1873 5931 1919 5962 ⁵⁸
1945 5929 2267 5998 εξσὸέινταςς
2346 5932 2389 5963 ⁸³
2425 5929 2729 6001 Ἀσμικτον
2764 5932 2823 5985 ι’.
2864 5929 2869 5930 ⁷
2903 5932 2947 5962 ³³
2987 5929 3434 6001 προϐαλλόμενος
3458 5930 3517 5982 ι’.
