4016 6432
369 505 474 573 ειτ
1402 510 1464 572 s.
1507 505 1987 572 N'ICEPHORII

2091 505 2157 567 Ἢ
2167 505 2473 568 [ABG-HE
2507 503 2619 566 ΟΡ.
3546 489 3652 555 958

379 635 542 692 porro
571 621 785 676 urbium
821 621 1089 692 primores
1119 622 1188 677 ad
1214 621 1400 692 viginti
1437 621 1606 678 ferme
1637 624 1691 676 in
1723 623 1958 692 lembum

2097 621 2335 692 πεμψεν,
2398 617 2591 679 ἄλλους
2644 629 2703 673 τε
2747 609 2860 664 τῶν
2911 604 3306 680 πρωτευόντων
3359 602 3652 675 Χερσῶνος

379 714 666 786 imponens
713 723 770 770 et
823 713 1075 784 ingentes
1117 728 1181 770 ex
1229 729 1295 770 eo
1352 713 1560 782 lapides
1625 714 1854 785 alligans
1905 689 1958 769 in

2091 689 2263 783 ἰνδρας
2289 708 2432 764 έπτά
2453 707 2688 774 ξυλίνοις
2720 701 2926 765 ὀϐελοῖς
2949 699 3341 770 προσαρτήσας
3363 696 3458 749 ἐπὶ
3480 695 3654 766 πυρὸς

377 822 533 863 mare
558 806 852 878 depressit.
881 807 988 863 Sed
1011 805 1352 863 Justinianus
1375 809 1446 862 ob
1467 816 1718 864 servatos
1733 809 1962 878 juvenes

2098 805 2360 876 ιώπτησε.
2388 801 2529 865 Τοὺς
2557 799 2617 853 δὲ
2643 797 2756 851 τῶν
2799 795 3004 866 ἑτέρων
3040 788 3520 864 προστατεύοντας
3549 805 3654 842 πο-

383 899 601 956 moilius
647 915 773 972 qua:
823 901 1180 957 mandaverat
1225 909 1389 970 atque
1435 898 1728 954 humanius
1777 915 1806 953 a
1841 899 1960 954 Ste-

2091 896 2346 969 .ισμάτων
2380 891 2584 964 ἄνδρας
2613 889 2745 960 ἄχρι
2779 887 2876 942 καὶ
2922 887 3004 948 είς
3033 884 3210 938 εῐκοσι
3241 879 3456 950 ἀκατίῳ
3483 879 3658 950 ἐμϐα-

381 991 566 1062 phauo
615 967 841 1064 peracta
892 1005 1108 1062 putans,
1157 967 1320 1064 quam
1355 994 1588 1063 primum
1622 993 1769 1048 hunc
1803 991 1869 1046 ad
1907 1006 1966 1048 se

2091 988 2172 1042 ,ὼν
2195 990 2290 1042 καί⁴
2320 984 2638 1058 προσδήσας
2673 979 2856 1040 λίθους
2891 974 3000 1049 [τε]
3035 975 3210 1043 τούτῳ
3253 970 3546 1034 πλείστους
3577 967 3658 1039 τῷ

381 1097 626 1141 revocat.
672 1085 773 1152 Qui
823 1087 974 1152 inde,
1012 1097 1070 1141 ut
1103 1085 1456 1156 eratjussus,
1495 1085 1716 1140 solvens
1745 1085 1968 1140 ineunte

2091 1075 2218 1147 ιυθῷ
2252 1073 2654 1146 παραδέδωκεν.
2709 1064 3091 1128 Ἰουστινιανὸς
3122 1063 3179 1116 δὲ
3218 1059 3660 1130 φιλανθρωπότε-

383 1175 607 1234 Octobri
649 1179 935 1250 ingruente
967 1179 1199 1234 maxima
1237 1188 1565 1249 tempest-ate
1619 1176 1965 1248 naufragium

2091 1187 2162 1225 ιον
2187 1169 2282 1225 τὸν
2301 1165 2577 1236 Στέφανον
2603 1161 2923 1218 διατεθέντα
2975 1157 3130 1230 παρά
3153 1155 3225 1210 τὰ
3251 1152 3658 1224 διατεταγμένα

381 1284 577 1338 passus
627 1245 734 1337 est,
786 1273 844 1324 in
883 1286 990 1338 quo
1027 1269 1131 1324 tria
1183 1271 1294 1324 lere
1326 1245 1378 1324 et
1409 1269 1752 1340 septuaginta
1801 1245 1967 1321 millia

2091 1261 2216 1334 ιὸτῷ
2255 1259 2486 1331 νομίσας
2531 1255 2620 1310 διὰ.
2659 1253 2758 1320 τὴν
2787 1253 2896 1306 τῶν
2927 1248 3235 1322 μειρακίων
3280 1245 3656 1318 περιποίησιν,

382 1363 668 1417 submersa
695 1372 846 1417 sunt.
873 1361 1116 1429 Quorum
1153 1337 1526 1419 cadavera.ab
1558 1362 1869 1417 Amastride
1902 1361 1976 1414 ad

2091 1351 2492 1422 ιπουδαιότερον
2549 1345 2846 1416 ἐπανήκειν
2922 1339 3060 1412 πρὸς
3122 1339 3286 1392 αὑτὸν
3345 1335 3657 1390 ἐκέλευσεν.

391 1451 710 1508 Heracleam
746 1438 920 1525 usque
949 1457 1116 1511 maris
1138 1464 1302 1509 {estus
1334 1452 1967 1524 abripuit.Justinianus,

2091 1445 2251 1509 iii-rb;-
2289 1443 2346 1498 δὲ
2395 1441 2540 1496 κατά
2586 1439 2658 1493 τά
2707 1432 3124 1508 προσταχθέντα
3167 1429 3384 1484 ἐκεῖθεν
3433 1427 3660 1497 ἀπάρας

383 1545 472 1601 his
502 1544 768 1613 acceptis,
796 1561 900 1598 non
945 1545 1106 1600 modo
1139 1543 1272 1599 nihil
1309 1523 1504 1610 doluit,
1541 1545 1636 1599 sed
1661 1544 1825 1598 etiam
1855 1559 1972 1597 nta-

2091 1539 2244 1611 ιηνδς
2289 1536 2625 1606 Ὀκτωόρίου
2664 1532 2961 1603 ἱσταμένου
3013 1527 3242 1601 χειμῶνι
3295 1523 3520 1596 μεγάλῳ
3563 1527 3659 1576 καὶ

383 1650 624 1708 gnopere
651 1635 871 1704 gavisus
923 1647 1025 1701 est,
1050 1637 1184 1692 adeo
1212 1645 1270 1692 ut
1291 1637 1520 1692 alteram
1545 1637 1709 1690 etiam
1736 1635 1971 1691 classem

2091 1631 2320 1704 ναυαγίῳ
2348 1627 2710 1701 περιπίπτει,
2739 1627 2819 1689 εἰς
2849 1625 3002 1696 τρεῖς
3035 1623 3131 1676 καὶ
3162 1619 3539 1688 ἐϐδομήκοντα
3574 1633 3660 1685 χι-

385 1731 661 1786 instruere
695 1737 860 1799 atque
891 1727 1081 1784 eodem
1117 1729 1334 1785 mittere
1384 1729 1567 1783 vellet.
1601 1728 1710 1785 Sed
1754 1727 1970 1782 illarum

2091 1726 2260 1790 ttdtBa;
2287 1724 2395 1778 τῶν
2425 1719 2968 1777 καταποντισθέντων
2999 1713 3444 1788 ἀριθμηθέντων,
3488 1704 3564 1762 ὧν
3590 1711 3660 1762 τα

389 1821 805 1894 provinciarum
853 1820 1130 1892 principes
1179 1836 1248 1875 ea
1289 1835 1346 1876 re
1398 1821 1607 1890 perlata
1661 1821 1970 1889 diligenter,

2075 1817 2344 1888 πτώματα
2377 1815 2437 1880 ἐξ
2469 1811 2828 1883 ’Λαάστριδος
2859 1810 3072 1872 πόλεως
3099 1807 3292 1878 μέχρις
3329 1803 3662 1875 Ἡρακλείας

388 1892 534 1986 quod
573 1915 626 1970 in
666 1915 798 1986 ipsis
847 1912 970 1980 fuit,
1017 1927 1140 1968 sese
1190 1912 1463 1980 muniunt,
1498 1922 1553 1967 et
1595 1915 1662 1968 ad
1696 1913 1973 1968 Cltazares

2091 1911 2184 1964 ὅπδ
2231 1907 2510 1976 θαλάσσης
2561 1902 2956 1983 ἀπερῤίπτετο.
2995 1899 3110 1967 Ἐφ’
3145 1893 3228 1957 οἷς
3270 1895 3330 1948 οὐ
3368 1892 3659 1964 λυπηθεὶς,

387 2007 599 2080 legatos
653 2009 912 2072 mittunt,
959 2015 1019 2061 ut
1069 2007 1136 2061 ad
1185 2004 1273 2060 sui
1329 2005 1632 2061 custodiam
1674 2019 1975 2075 eorumque

2091 2002 2213 2059 ma
2235 2001 2358 2055 λίαν
2390 1973 2697 2070 περιχαρὴς
2719 1973 3018 2063 γενόμενος
3060 1987 3466 2051 Ἰονστινιανδς,
3495 1985 3668 2040 πάλιν

391 2097 486 2168 qui
517 2105 845 2168 supererant
873 2095 1102 2152 salutem
1135 2094 1386 2164 prresidia
1413 2095 1821 2150 submitterent.
1850 2094 1976 2150 llaec

389 2190 482 2246 ubi
517 2189 861 2246 Justiuiauus
913 2187 1200 2257 comperit,
1253 2185 1549 2258 Georgium
1590 2187 1884 2256 patricium
1921 2195 1978 2242 et

394 2281 661 2339 Joannem
713 2281 1036 2354 praelectum
1076 2281 1228 2338 urbis
1268 2281 1514 2350 aliosque
1545 2279 1820 2350 principes
1851 2295 1975 2334 cum

394 2371 655 2430 trecentis
677 2372 896 2430 circiter
921 2371 1239 2427 hominibus
1266 2369 1524 2436 destinat,
1557 2369 1730 2438 iisque
1762 2367 1976 2422 Bnnnm

391 2480 458 2521 ac
489 2463 698 2520 Zoilum
731 2462 1102 2528 commendat,
1139 2461 1340 2532 quibus
1373 2461 1425 2516 in
1453 2459 1738 2532 imperium
1767 2459 1979 2514 restitu-

395 2557 469 2612 tis
501 2553 713 2610 Heliam
759 2555 836 2610 ad
859 2569 920 2609 se
953 2555 1345 2624 perducerent.
1379 2549 1548 2621 Igitur
1573 2566 1694 2606 cum
1744 2549 1982 2604 Cherso-

394 2663 518 2704 nem
575 2647 942 2718 appulissent,
995 2643 1246 2716 oppidani
1287 2641 1580 2712 Georgium
1637 2641 1809 2696 solum
1853 2655 1979 2695 cum

397 2739 759 2810 principibus,
794 2754 932 2810 quos
977 2753 1162 2794 secum
1203 2737 1529 2800 adduxerat,
1570 2730 1676 2806 52
1709 2736 1761 2788 in
1793 2736 1980 2789 urbem

388 2828 791 2888 intromittunt.
847 2831 976 2888 inde
1030 2831 1205 2900 portis
1249 2827 1486 2894 occlusis
1519 2827 1772 2883 eumdem
1812 2823 1984 2882 Geor-

393 2925 546 2994 gium
582 2940 648 2981 ac
689 2922 956 2980 Joannem
1000 2923 1195 2994 gladiis
1228 2920 1580 2988 obtruncant,
1634 2918 1838 2974 milites
1889 2919 1983 2989 qui

393 3027 551 3073 extra
589 3033 773 3081 muros
821 3017 995 3072 relicti
1046 3025 1231 3092 erant,
1281 3028 1516 3084 eumque
1562 3013 1630 3066 iis
1672 3013 1884 3067 Dunum
1917 3025 1984 3076 ae

395 3107 634 3176 Zoilum,
667 3125 764 3182 per
792 3109 1092 3174 Chazaros,
1126 3108 1216 3178 qui
1253 3107 1381 3161 illuc
1409 3103 1664 3176 prmsidio
1695 3113 1982 3170 venerant,

395 3203 464 3256 ad
493 3199 808 3272 Citagannm
835 3199 1255 3262 transmittunt;
1289 3211 1427 3267 quos
1455 3194 1680 3251 Barbari
1703 3196 1754 3250 iu
1789 3195 1988 3261 itinere

2080 2095 2334 2169 βούλεται
2359 2092 2548 2164 ἓτερον
2575 2093 2754 2144 ἐκεῖσε
2779 2087 3088 2156 ἐκπέμπειν
3126 2083 3335 2138 στόλον.
3366 2081 3431 2134 Oi
3463 2080 3522 2134 δὲ
3547 2079 3664 2134 τῶν

2078 2189 2276 2266 χωρῶν
2304 2185 2510 2242 τούτων
2532 2185 2794 2256 ἄρχοντες
2816 2180 2914 2251 τῆς
2949 2179 3140 2249 φήμης
3169 2175 3486 2245 αἰσθόμενοι
3523 2173 3663 2226 ἑαυ-

2079 2265 2204 2344 τοὺς
2225 2282 2326 2350 ὅση
2363 2277 2594 2346 δύναμις
2634 2271 3018 2345 ἠσφαλίζοντο,
3051 2269 3190 2342 πρὸς
3235 2265 3291 2320 δὲ
3325 2267 3450 2330 τοὺς
3475 2265 3664 2328 Χαζά-

2085 2391 2213 2446 ρους
2236 2374 2284 2406 ⁸⁷
2310 2367 2802 2442 διαπρεσϐεύωνται
2836 2362 2979 2418 ὥστε
3022 2363 3115 2415 ἐπὶ
3163 2358 3412 2431 φυλακὴν
3457 2357 3668 2412 τούτων

2081 2467 2210 2522 λαὸν
2261 2462 2616 2519 ἀποστέλλειν
2670 2460 2766 2514 καὶ
2815 2453 3148 2528 περισώζειν
3197 2452 3324 2516 τοὺς
3371 2453 3430 2504 ὲν
3480 2451 3670 2514 αὐτοῖς

2083 2555 2554 2630 περιλειφθέντας.
2617 2551 2808 2606 Ταῦτα
2887 2544 3268 2609 Ἰουστινιανὸς
3329 2540 3674 2613 μεμαθηκὼς

2081 2649 2357 2722 Γεὼργιον
2400 2645 2492 2700 τὸν
2536 2641 2830 2708 πατρίκιον
2875 2638 3204 2694 ἀποστέλλει
3253 2637 3348 2690 καὶ
3411 2633 3668 2704 Ἰωάννην
3767 2699 3774 2704 ¹

2082 2743 2174 2798 τὸν
2207 2743 2315 2812 τῆς,
2360 2739 2570 2800 πόλεως
2615 2734 2867 2806 ὕπαρχον
2916 2733 3013 2785 σὺν
3054 2731 3262 2798 ἑτέροις
3305 2727 3536 2798 ἄρχουσι
3571 2726 3675 2778 καὶ

2087 2834 2304 2909 στρατῷ
2333 2833 2463 2904 ἄχρι
2511 2827 2844 2906 τριακοσίων
2887 2823 3116 2898 ἀνδρῶν,
3163 2821 3442 2892 παραδοὺς
3481 2819 3674 2896 αὐτοῖς

2084 2929 2178 2983 τὸν
2200 2925 2399 2981 Δοῦνον
2423 2923 2519 2977 καὶ
2550 2921 2770 2982 Ζωΐλον,
2803 2918 2945 2972 ὥστε
2987 2913 3443 2982 ἀποκαταστῆσαι
3470 2911 3674 2973 αὐτοὺς

2087 3023 2206 3086 ταῖς
2253 3016 2484 3080 οἰκείαις
2515 3016 2748 3086 ἀρχαῖς,
2794 3010 2982 3074 Ἠλίαν
3023 3009 3080 3062 δὲ
3123 3008 3352 3077 ἀγαγεῖν
3380 3004 3456 3068 ὡς
3481 3002 3676 3063 αὐτόν,

2087 3112 2308 3168 Τούτων
2339 3111 2398 3163 ὲν
2439 3106 2690 3178 Χερσῶνι
2735 3100 3202 3178 παραγενομένων
3242 3097 3292 3150 oi
3324 3095 3428 3163 τῆς
3463 3093 3674 3156 πόλεως

2093 3206 2252 3277 μόνον
2280 3201 2554 3273 Γεώργιον
2586 3203 2678 3252 καὶ
2697 3198 2822 3260 τοὺς
2841 3177 2936 3248 σὺν
2959 3191 3107 3262 αὐτῷ
3133 3190 3401 3262 ἄρχοντας
3427 3185 3676 3250 ἀξιοῦσιν

392 3292 750 3351 interﬁciunt.
783 3291 968 3362 Neque
999 3291 1086 3347 bis
1119 3289 1358 3346 contenti
1406 3287 1750 3344 Chersonita:
1781 3289 1980 3358 probra

2091 3276 2240 3360 έντὺς
2288 3291 2544 3363 γενέσθαι
2580 3290 2682 3370 τῆς
2729 3287 2956 3344 πόλεως·
3009 3276 3071 3338 οὗ
3103 3281 3390 3352 γεγονότος
3427 3279 3527 3341 τὰς
3574 3277 3676 3348 μὲν

395 3385 452 3440 in
493 3382 866 3440 Iustinianum
913 3399 978 3438 ac
1023 3381 1308 3438 maledicta
1363 3379 1688 3449 conjiciunt,
1751 3378 1984 3450 eiusque

395 3479 520 3536 loco
583 3477 890 3534 Bardauem
945 3475 1236 3548 quemdam
1293 3473 1535 3530 exsulem
1594 3473 1982 3542 imperatorem

397 3569 660 3628 salutant.
715 3569 900 3647 Quare
951 3567 1295 3624 Justinianus
1361 3563 1623 3634 majorem
1677 3564 1730 3619 in
1767 3565 1985 3621 modum

397 3663 762 3721 exacerbatus
787 3663 1023 3732 primum
1059 3661 1114 3716 in
1149 3659 1320 3715 Helias
1345 3659 1508 3724 lilios,
1542 3659 1634 3725 qui
1664 3659 1842 3714 adhuc
1873 3674 1990 3714 ma-

399 3757 578 3813 ternis
606 3755 660 3812 in
691 3755 836 3812 ulnis
868 3755 1247 3830 gestabantur,
1277 3751 1542 3808 s:evitiam
1571 3762 1813 3808 exercet.
1849 3749 1988 3806 Tum

399 3849 520 3922 ejus
558 3863 784 3905 uxorem
821 3862 1000 3919 coquo
1024 3862 1144 3912 suo,
1181 3843 1312 3900 Indo
1347 3857 1570 3916 genere,
1611 3853 1724 3899 toto
1759 3857 1991 3912 corpore

402 3942 846 4008 deformissimo,
897 3955 996 4011 per
1031 3939 1138 3992 vim
1181 3937 1372 4008 nnptui
1413 3937 1599 3992 tradit.
1630 3935 1749 3991 Aiia
1798 3949 1992 3990 rursus

403 4051 600 4110 magna
631 4035 808 4093 classe
835 4033 1085 4090 confecta
1117 4032 1360 4087 Maurum
1390 4031 1680 4102 patricium
1707 4028 1952 4100 praefecit
1977 4043 1996 4096 ;-

403 4133 499 4204 qui
557 4129 895 4186 Cltersonem
955 4125 1200 4182 funditus
1259 4124 1441 4180 delere
1488 4137 1554 4178 ac
1594 4123 1753 4179 eives-
1801 4135 1997 4178 omnes

402 4225 556 4282 nullo
599 4221 916 4279 discrimine
979 4219 1291 4275 interﬁcere
1339 4215 1526 4286 jussus
1573 4215 1805 4290 traiecto
1858 4213 1999 4268 mari

406 4319 641 4390 impigre
686 4331 800 4372 rem
842 4327 1138 4386 aggressus
1186 4321 1290 4366 est.
1334 4309 1441 4365 Sed
1502 4309 1869 4378 irrumpentes
1908 4320 1998 4361 re-

405 4417 572 4480 pente
599 4408 833 4464 Citazari
866 4405 1054 4460 urbem
1089 4403 1156 4460 ab
1191 4401 1360 4459 exitio
1393 4400 1694 4456 vindicant.
1725 4398 2001 4452 Bardanes

410 4516 548 4559 vero
583 4502 650 4556 ad
683 4500 1055 4557 Cbazarorum
1099 4496 1402 4570 principem
1453 4492 1722 4566 confugit.
1774 4491 1998 4546 interim

407 4595 632 4652 Maurus
680 4594 980 4666 patrii-ius,
1027 4606 1152 4647 cum
1207 4604 1384 4660 neque
1425 4587 1764 4644 obsidionem
1799 4595 2002 4656 urgere

2088 3389 2264 3452 πύλας
2295 3387 2384 3440 ἐπ’
2420 3385 2604 3448 αὐτοῖς
2638 3381 2910 3445 ἔκλεισαν,
2963 3375 3239 3447 Γεὼργιον
3268 3373 3325 3426 δὲ
3352 3372 3448 3426 καὶ
3487 3371 3677 3424 Ἰωάν-

2089 3502 2188 3553 νην
2223 3482 2368 3550 ξίφει
2413 3474 2724 3548 ἀναιροῦσι.
2756 3471 2898 3534 Τοὺς
2939 3468 2998 3523 δὲ
3024 3467 3130 3532 ἔξω
3173 3465 3270 3520 τοῦ
3295 3464 3512 3534 τείχους
3543 3463 3679 3515 ἀποο

2087 3575 2411 3646 λειφθέντας
2462 3568 2838 3641 στρατιώτας,
2875 3563 2957 3617 ἔτι
2987 3563 3044 3616 δὲ
3083 3563 3180 3615 καὶ
3227 3559 3318 3612 τὸν
3346 3556 3542 3610 Δοῦνον
3582 3555 3678 3608 καὶ

2090 3669 2294 3724 Ζωΐλον
2343 3667 2458 3728 τοῖς
2521 3663 2704 3716 ἐκεῖσε
2756 3653 3183 3730 προσεδρεύουσι
3238 3649 3522 3719 Χαζάροις
3573 3663 3682 3700 πα-

2094 3761 2350 3836 ραδόντες
2375 3757 2456 3828 τῷ
2473 3753 2716 3824 Χαγάνῳ
2742 3746 3135 3821 παρέπεμψαν,
3153 3743 3246 3808 οὓς
3270 3739 3681 3812 παραλαϐόντες

2092 3830 2142 3910 oi
2170 3852 2421 3921 Χάζαροι
2445 3848 2586 3902 κατὰ
2609 3845 2708 3918 τὴν
2730 3843 2848 3898 ὁδὸν
2875 3841 3147 3895 ἔκτειναν.
3171 3836 3235 3890 Οἱ
3264 3834 3320 3888 δὲ
3352 3835 3451 3904 τῆς
3473 3830 3683 3894 πόλεως

2094 3944 2387 4018 Χερσῶνος
2424 3935 2798 3994 Ίουστινιανὸν
2830 3933 2932 4005 μὲν
2956 3929 3198 4002 αἰσχρῶς
3223 3926 3683 4018 δυσφημήσαντες

2097 4017 2453 4108 καθύϐριζον,
2502 4029 2790 4102 Βαρδάνην
2813 4027 2870 4079 δὲ
2905 4024 2996 4078 τὸν
3024 4023 3205 4076 ἐκεῖσε
3241 4018 3372 4072 ὄντα
3403 4017 3684 4086 ἐξόριστον

2099 4133 2180 4194 είς
2213 4127 2438 4200 βασιλέα
2477 4121 2784 4194 εὐφήμουν.
2833 4115 3054 4170 Τούτων
3095 4111 3420 4182 αἰσθόμενος
3463 4110 3688 4162 Ἰουστι-

2099 4197 2282 4285 νιανδς
2312 4218 2406 4272 καὶ
2435 4216 2646 4288 μείζονι
2683 4211 2842 4282 θυμῷ
2881 4209 3252 4278 ἐξαπτόμενος
3290 4202 3360 4256 τὰ
3394 4201 3492 4272 μὲν
3531 4197 3688 4252 Ἠλία

2099 4314 2268 4367 τέκνα
2297 4307 2374 4380 τῷ
2423 4304 2666 4380 μητρῴῳ
2693 4303 2883 4371 κόλπῳ
2917 4299 3194 4370 φερόμενα
3235 4293 3518 4349 ἀναλίσκει
3539 4329 3554 4355 ,
3591 4289 3691 4360 τὴν

2101 4405 2160 4460 δὲ
2193 4399 2358 4458 αὐτοῦ
2396 4401 2636 4469 γυναῖκα
2672 4393 2751 4466 τῷ
2783 4393 2900 4463 ἰδίῳ
2931 4389 3180 4462 μαγείρῳ
3217 4383 3519 4456 ζευχθῆναι
3554 4380 3690 4453 ἠνά-

2103 4513 2331 4568 γκασεν,
2378 4491 2526 4562 Ἰνδῷ
2546 4489 2626 4561 τῷ
2655 4473 2805 4560 γένει
2836 4485 2932 4540 καὶ
2955 4484 3062 4553 ὅλῳ
3085 4479 3319 4537 δυσειδεῖ
3345 4477 3691 4547 τυγχάνοντι.

2107 4564 2336 4659 ’Ἕτερον
2360 4585 2418 4639 δὲ
2454 4582 2619 4638 πάλιν
2647 4581 2824 4652 μέγαν
2852 4575 3040 4631 στόλον
3065 4568 3410 4633 ἀποστέλλει,
3443 4564 3694 4638 ἡγεῖσθαι

409 4697 600 4758 posset
644 4694 745 4742 nec
789 4684 972 4741 redire
1025 4684 1092 4738 ad
1139 4683 1526 4752 imperatorem
1575 4677 1822 4741 auderet,
1875 4655 1987 4732 cun'

2115 4681 2309 4736 τούτου
2365 4673 2862 4749 προχειρισάμενος
2917 4667 3146 4742 Μαῦρον
3219 4663 3311 4718 τὸν
3380 4659 3695 4730 πατρίκιον,

410 4779 755 4838 Cltersonitis
773 4779 1098 4848 conspirans
1123 4773 1500 4831 .luslinianum
1531 4771 1735 4852 pariter
1752 4784 1877 4826 cum
1895 4768 2002 4825 illis

413 4870 616 4940 reiicit,
649 4877 706 4924 et
736 4869 1043 4923 Dardanum
1069 4865 1458 4936 imperatorem
1493 4860 1814 4931 proclamat,
1840 4875 2002 4928 quem

2117 4770 2432 4844 προστάξας
2458 4769 2560 4839 τὴν
2593 4767 2690 4838 μὲν
2713 4765 2870 4818 πόλιν
2899 4760 3189 4832 Χερσῶνος
3216 4751 3698 4844 καταστρέφεσθαι

2113 4866 2208 4922 καὶ
2237 4864 2488 4925 ἅπαντας
2513 4859 2642 4923 τοὺς
2671 4859 2730 4912 ὲν
2761 4857 2898 4927 αὐτῇ
2936 4851 3172 4922 ἀφειδῶς
3217 4849 3595 4903 κατακτεῖναι.
3640 4842 3701 4895 '0

419 4935 631 5017 mutato
652 4961 870 5016 nomine
889 4935 1250 5030 Philippicum
1269 4955 1566 5028 appellant.
1586 4953 1726 5008 Tum
1751 4951 1987 5008 eumdeu

2113 4959 2171 5014 δὲ
2197 4957 2334 5029 πρὸς
2353 4954 2621 5027 Χερσῶνα
2644 4950 2974 5026 περαιωθεὶς
2995 4945 3090 5001 τοῦ
3123 4945 3290 5016 ἔργου
3321 4943 3519 5011 εἴχετο.
3556 4935 3702 5030 Aeoli

417 5069 518 5125 per
541 5053 749 5126 legatos
773 5068 804 5108 a
833 5027 1085 5120 Citazaro
1115 5027 1428 5120 reposcunt.
1456 5047 1560 5114 Qui
1586 5054 1800 5101 eeutmn
1823 5045 1987 5100 aurci:

2093 5031 2170 5106 ’δὲ
2210 5027 2487 5120 Χαζὰρων
2536 5040 2870 5109 ἐξαπιναίως
2917 5036 3280 5098 ἐπιπεσόντος
3322 5033 3356 5103 ἡ
3401 5029 3500 5102 μὲν
3551 5027 3705 5090 πόλις

421 5148 632 5204 viritim
671 5163 700 5203 a
739 5145 1002 5202 Romanis
1049 5141 1259 5200 exactis
1285 5143 1350 5197 de
1383 5139 1648 5196 Bardauis
1689 5137 1864 5192 salute
1891 5135 1987 5208 just

2118 5144 2514 5219 περιεσώζετο,
2547 5138 2829 5210 Βαρδὰνης
2877 5136 2936 5189 δὲ
2977 5135 3053 5198 ὡς
3086 5131 3179 5186 τὸν
3208 5129 3400 5200 κύριον
3431 5123 3704 5219 Χαζάρων

420 5241 715 5317 iurandum
751 5239 921 5296 dedit.
953 5238 1103 5294 inter
1135 5237 1253 5292 haec
1288 5233 1655 5301 Justinianus,
1687 5231 1794 5304 53
1827 5232 1987 5302 eiaps.

2119 5213 2300 5317 φυγὰς
2339 5234 2531 5308 ᾤχετο.
2571 5229 2796 5302 Μαῦρος
2825 5227 2882 5282 δὲ
2911 5228 2939 5281 ὁ
2977 5223 3264 5294 πατρίκιος
3299 5219 3436 5290 πρὸς
3471 5216 3570 5286 μὲν
3608 5213 3707 5283 τὴν

421 5315 534 5413 jam
571 5348 840 5407 tempore,
882 5333 1156 5404 prodituro
1194 5345 1253 5394 se
1279 5331 1347 5386 ab
1385 5329 1491 5384 illis
1512 5329 1819 5396 suspicans,
1852 5325 1987 5380 etian

2121 5307 2442 5399 πολιορκίαν
2483 5323 2882 5396 ἀμηχανήσας,
2930 5315 3271 5372 παλινοστεῖν
3297 5310 3354 5366 δὲ
3389 5308 3526 5379 πρὸς
3575 5307 3706 5358 Ἰου-

432 5397 545 5489 tum
575 5450 604 5486 a
635 5429 852 5487 Terbeli
894 5428 1247 5500 Bulgarorum
1282 5439 1410 5494 rege
1446 5421 1707 5476 auxilium
1744 5417 1980 5490 postulat

2126 5423 2396 5476 στινιανὺν
2429 5417 2646 5482 δεδιὼς,
2695 5414 2980 5486 συμφωνεῖ
3030 5410 3096 5480 τῇ
3133 5407 3289 5460 πόλει
3321 5397 3705 5473 Χερσωνιτῶν.

433 5542 464 5581 a
509 5539 622 5594 quo
677 5525 853 5580 tribus
889 5523 1062 5578 let-me
1130 5519 1372 5574 millibus
1411 5515 1654 5585 acceptis
1680 5555 1696 5581 ,
1737 5512 1982 5588 copiisqu

2124 5513 2235 5569 Καὶ
2285 5507 2668 5564 Ἰούστινιανὸν
2724 5505 2822 5578 μὲν
2867 5498 3266 5571 ἀπηναίνοντο,
3324 5489 3608 5562 Βαρδάνην
3656 5486 3705 5538 δὲ

431 5615 686 5672 omnibus
705 5629 812 5669 una
829 5628 953 5672 cum
976 5610 1341 5684 Obsequianis
1369 5607 1630 5679 trajectis,
1659 5607 1713 5664 in
1739 5621 1806 5664 eo
1827 5584 1982 5677 camp

2127 5606 2204 5670 ὡς
2235 5603 2460 5674 βασιλέα
2498 5601 2802 5671 εἰτρήμουν,
2844 5589 3176 5650 Φιλιππικὸν
3209 5585 3372 5644 αὐτὸν
3407 5581 3694 5656 μετονομάν

1747 5763 1986 5820 ἻΑΒΙᾸΕ
2027 5759 2436 5818 LECTIONES.

515 5929 554 5961 δ”
591 5929 866 6003 Χαζάρεις
894 5929 956 5987 P.
