4016 6448
527 472 629 538 εἴτε

1567 473 1626 532 s.
1665 473 2086 534 NICEPIIORI
2123 425 2636 536 enuntiem
2676 475 2785 536 cr.

3711 475 3825 537 956

529 588 668 642 facta
711 599 774 642 eo
805 585 1079 654 progressi
1107 593 1234 640 sunt
1272 594 1332 638 nt
1358 583 1662 639 maledictis
1685 585 1736 638 in
1768 586 2119 641 Anastasium

2228 587 2316 640 τοῦ
2357 588 2606 658 Ὀψικίου
2664 585 2901 659 στρατοῦ
2949 586 3049 658 τὴν
3097 586 3357 659 τοιαύτην
3383 587 3700 658 ὁδοιπορίαν
3731 589 3822 640 δε-

532 681 919 748 imperatercm
974 679 1239 750 conjectis
1290 678 1556 733 Joannem
1611 679 1787 748 ipsqu
1825 679 2121 734 diaconum

533 773 716 842 gladio
744 775 1102 840 peremerint.
1127 773 1198 826 Ea
1227 787 1284 826 re
1318 771 1458 825 facta
1489 778 1610 824 tota.
1629 769 1819 824 classis
1838 771 1944 824 huc
1970 769 2124 824 illuc-

531 881 636 936 que
689 865 990 935 dissipata,
1040 865 1240 936 singuli
1298 865 1350 918 in
1406 865 1636 934 patriam
1689 876 1844 917 suam
1914 862 2122 917 reversi

534 967 682 1011 sunt.
705 955 775 1010 At
813 957 1095 1010 rebellium
1129 956 1320 1026 cepi-.e,
1358 957 1484 1010 dum
1523 963 1578 1008 et
1617 953 1748 1024 ipsze
1782 967 2000 1023 quoque
2027 968 2124 1022 pa:

536 1048 695 1102 triam
732 1056 982 1118 repetunt
1025 1057 1081 1103 et
1114 1047 1181 1103 ad
1224 1047 1628 1118 Adramyttium
1676 1045 1970 1114 applicant.
2013 1044 2123 1099 illic

534 1139 674 1197 forte
717 1140 1087 1196 Theodosium
1124 1142 1421 1210 quemdam
1479 1138 1824 1210 publicorum
1885 1137 2123 1208 vectiga-

532 1231 663 1287 lium
715 1243 1034 1288 exactorem
1087 1231 1395 1298 inveniunt,
1443 1231 1692 1303 quietum
1744 1229 2019 1285 hominem
2060 1244 2125 1284 ac

531 1324 826 1394 privatum,
861 1336 1098 1394 eumque
1122 1322 1188 1377 ad
1229 1323 1631 1394 capessendum
1663 1321 1953 1391 imperium
1987 1321 2122 1374 hor-

535 1425 740 1470 tantur.
760 1415 854 1470 llle
879 1415 1006 1482 fuga
1033 1415 1252 1485 elapsus
1279 1415 1334 1470 in
1359 1423 1544 1470 monte
1577 1411 1790 1469 delituit
1816 1409 1930 1484 [an.
1969 1409 2120 1481 7N5].

535 1504 642 1561 Sed
671 1516 1021 1563 accurrentes
1055 1506 1225 1563 illi'ac
1251 1507 1360 1561 vim
1393 1505 1705 1562 inferentes.
1736 1502 2122 1574 imperatorem

535 1597 780 1654 salutant
828 1612 892 1654 ac
931 1613 1119 1656 secum
1159 1599 1490 1671 perducunt.

605 1775 729 1832 "mc
754 1778 842 1832 ubi
879 1779 1208 1834 Anastasius
1235 1779 1521 1848 comperit,
1559 1777 1820 1848 Byzantio
1868 1775 2124 1831 munitio-

535 1868 692 1922 nibus
732 1869 1176 1936 lirmate,Nica':a
1232 1871 1286 1925 in
1341 1869 1650 1941 Bithyniam
1693 1869 1974 1939 profectus
2010 1877 2115 1931 est.

534 1959 607 2016 lbi
638 1963 891 2018 omnibus
941 1979 998 2018 se
1035 1963 1306 2033 prmsidiis
1341 1962 1892 2019 instruxit.-Interim
1937 1961 2120 2015 Theov

532 2056 668 2110 desii
689 2057 861 2127 copia:
881 2055 1291 2128 Ohsequianum
1315 2071 1531 2111 omnem
1557 2054 1858 2111 exercitqu
1889 2069 1952 2108 ac
1981 2053 2122 2107 mul-

535 2155 614 2202 tas
643 2147 1041 2216 negotiatorum
1068 2162 1234 2203 naves
1266 2157 1564 2217 occupant;
1598 2159 1855 2214 moxque,
1883 2155 1942 2199 ιιι
1965 2142 2123 2214 paulo

531 2249 658 2294 ante
699 2241 926 2295 relatum
955 2251 1059 2306 est,
1083 2241 1149 2295 ad
1184 2239 1516 2294 maritimam
1557 2240 1852 2295 stationem
1881 2237 2123 2310 Chrysee

532 2331 784 2399 volitante
814 2331 964 2385 urbis
1003 2331 1300 2401 applicant.
1344 2330 1471 2386 Inde
1505 2344 1820 2400 oppugnare
1847 2343 1968 2382 eam
2027 2343 2125 2397 ag.

533 2423 706 2491 gressi
740 2438 835 2478 sex
865 2424 1142 2478 mensibus
1179 2423 1233 2477 in
1267 2422 1556 2477 obsidione
1603 2422 1927 2490 persistunt.
1986 2420 2119 2486 Quae

533 2515 661 2570 dum
695 2525 977 2586 geruntur,
1015 2514 1288 2570 Anastasii
1318 2515 1513 2571 classis
1548 2513 1614 2567 ad
1643 2513 1835 2568 navale
1864 2513 1940 2583 (id
1971 2511 2123 2568 urbis

533 2609 710 2679 portui
765 2623 962 2663 nomen
1000 2608 1103 2674 est)
1139 2607 1377 2676 appellit.
1431 2607 1807 2662 Theodosiana
1849 2605 1961 2678 58
1993 2621 2122 2662 vero

532 2700 728 2758 classis
757 2699 986 2755 liberam
1015 2715 1078 2755 ea
1109 2715 1167 2754 re
1193 2699 1508 2754 facultatem
1543 2708 1704 2753 nacta
1747 2699 1800 2753 in
1823 2697 2117 2756 Thraciam

534 2793 798 2864 navigans
829 2807 952 2848 eam
991 2793 1327 2864 provinciam
1367 2791 1622 2847 obtinuit.
1660 2791 1792 2847 Post
1833 2792 1948 2846 huic
1987 2807 2124 2861 quo.

535 2888 782 2941 runidam
833 2887 1176 2956 proditione,
1226 2901 1362 2956 quos
1396 2887 1572 2956 pretio
1599 2895 1984 2955 corruperant,
2023 2899 2122 2954 per

535 2988 749 3048 portam
779 2995 901 3049 quae
949 2978 1382 3034 Blachernarum
1437 2978 1642 3034 dicitur
1691 2977 1744 3032 iu
1781 2977 1973 3032 urbem
2030 2977 2120 3031 in-

533 3073 702 3144 gressi
730 3085 875 3129 sunt.
907 3073 1043 3128 Tum
1081 3075 1329 3143 sequenti
1368 3082 1528 3129 nocte
1554 3088 1651 3143 per
1676 3073 1878 3127 civium
1923 3073 2118 3127 domos

531 3163 769 3228 grassati
818 3176 1070 3233 magnam
1109 3161 1178 3217 iis
1206 3163 1516 3218 vastitatem
1568 3162 1829 3218 inferunt.
1865 3161 2118 3218 Theodo-

2226 678 2496 732 δοίκεσαν.
2550 679 2943 743 Στασιάζουσιν
2987 679 3082 734 οὖν
3133 680 3196 745 ὲξ
3244 679 3430 746 αὐτοῦ,
3461 680 3556 732 καὶ
3587 681 3682 732 τον
3715 679 3821 750 μὲν

2228 769 2455 839 βασιλέα
2492 771 2847 826 ’Δναστάσιον
2885 773 3258 844 ὲδυσφὴμουν,
3322 773 3582 844 Ἰωάννην
3616 773 3676 826 δὲ
3723 774 3822 826 τὸν

2223 859 2472 914 διάκονον
2502 862 2749 933 ῥομφαίᾳ
2780 863 3190 917 ἀναλίσκουσιν.
3236 862 3518 915 Ἐντεῦθεν
3551 861 3746 914 λοιπον
3767 863 3818 914 οἱ

2229 951 2404 1006 στόλοι
2446 953 2860 1018 σκεδάννυνται,
2895 954 2991 1008 καὶ⁵
3040 954 3176 1025 πρὸς
3210 952 3283 1006 τὰ
3323 953 3498 1007 οἰκεῖα
3530 952 3814 1005 ἀπέπλευ-

2189 1093 2194 1098 .
2229 1061 2329 1098 σαν
2368 1044 2618 1108 ἕκαστος.
2648 1045 2816 1100 Αὐτοὶ
2836 1046 2892 1099 δὲ
2919 1047 3013 1099 έπὶ
3059 1045 3156 1116 τὴν
3187 1045 3400 1099 ἑαυτῶν
3431 1044 3679 1109 ἀνιόντες
3724 1047 3819 1098 καὶ

2228 1135 2364 1206 πρὸς
2394 1135 2456 1189 τὸ
2497 1136 2896 1207 Ἀδραμύττιον
2934 1137 3224 1208 γενόμενοι
3265 1138 3447 1191 ἐκεῖσε
3493 1137 3818 1207 εὑρίσκουσι

2226 1226 2506 1282 Θεοδόσιόν
2524 1245 2642 1282 τινα
2664 1227 2859 1298 ὄνομα,
2879 1229 2986 1282 τῶν
3005 1228 3284 1301 δημοσίων
3301 1227 3484 1299 φόρων
3503 1227 3814 1299 πράκτορα,

2225 1318 2560 1390 ἀπράγμονὰ
2587 1337 2707 1374 τινα
2736 1325 2832 1375 καὶ
2868 1320 3093 1392 ἰδιώτην
3140 1321 3483 1392 τυγχάνοντα
3503 1361 3519 1386 ,
3556 1321 3655 1374 καὶ
3680 1320 3818 1391 πρὸς

2225 1404 2323 1475 τὴν
2347 1406 2446 1476 τῆς
2477 1406 2758 1476 βασιλείας
2793 1407 2952 1474 ἀξίαν
2985 1413 3408 1482 προτρέπουσιν.
3442 1410 3502 1463 Ὀ
3543 1410 3602 1463 δὲ
3633 1415 3817 1480 φυγὰς

2225 1491 2399 1564 ᾤχετο
2437 1496 2532 1549 καὶ
2562 1497 2642 1560 είς
2672 1497 2798 1569 ὅρος
2829 1498 3271 1570 κατεκρύπτετο.
3303 1497 3556 1553 Αὐτοὶ-δὲ
3590 1501 3820 1567 ἐπιδρα-

2231 1587 2422 1660 μόντες
2457 1588 2553 1641 καὶ
2589 1587 2910 1659 βιασάμενοι
2937 1590 3165 1661 βασιλέα
3193 1609 3254 1645 τε
3283 1591 3684 1663 ἀναγορεύουσι
3713 1593 3816 1646 καὶ

2228 1678 2349 1749 μεθ’
2372 1677 2582 1732 ἑαυτῶν
2608 1680 2822 1748 ἄγουσι.

2294 1770 2480 1825 Ταῦτα
2511 1773 2868 1837 Ἀναστάσιος
2897 1774 3238 1844 μεμαθηκὼς
3267 1775 3329 1828 τὸ
3374 1775 3475 1846 μὲν
3508 1775 3814 1842 Βυζάντιον

2227 1865 2326 1934 ἤδη
2359 1865 2859 1938 προκατοχυρῶσας
2885 1869 2943 1920 ἐν
2972 1870 3038 1939 τῇ
3070 1867 3226 1921 πόλει
3256 1869 3492 1933 Νικαίας
3520 1870 3618 1940 τῆς
3665 1869 3816 1924 κατὰ

2230 1954 2482 2008 Βιθυνίαν
2515 1955 2824 2027 ἐξέρχεται,
2844 1959 3067 2012 κάκεῖσε
3085 1959 3282 2013 ἑαυτὸν
3316 1959 3795 2029 κατασφαλίζεται

2242 2047 2300 2100 '0
2331 2048 2388 2102 δὲ
2419 2050 2558 2118 μετὰ
2579 2050 2873 2104 Θεοδοσίου
2901 2051 3132 2123 στρατὸς
3164 2052 3447 2107 συλλαϐὼν
3479 2053 3704 2106 ἅπαντα
3725 2051 3822 2106 τὸν

2225 2140 2320 2195 τοῦ
2364 2141 2608 2211 Ὀψικίου
2646 2141 2878 2212 στρατὸν
2912 2143 3009 2198 καὶ
3033 2143 3263 2197 πλεῖστα
3286 2143 3472 2215 σκάφη
3508 2143 3820 2214 ἐμπορικὰ,

2225 2235 2320 2289 καὶ
2349 2233 2493 2290 κατὰ
2518 2234 2579 2290 τὸ
2605 2235 2708 2306 ἤδη
2743 2236 2838 2290 καὶ
2860 2235 3098 2308 πρόσθεν
3121 2237 3414 2308 εἰρημένον
3455 2236 3826 2308 παραθαλασ-

2228 2327 2332 2397 σίῳ
2369 2327 2558 2398 χωρίῳ
2598 2327 3002 2398 Χρυσοπόλεως
3041 2327 3428 2400 παραγίνεται.
3473 2327 3722 2382 Ἐκεῖθέν
3753 2344 3821 2382 τε

2225 2420 2312 2490 ἐφ’
2341 2421 2576 2474 ἑκάστου
2609 2423 2722 2484 τοῖς
2750 2421 2815 2474 ὲκ
2841 2423 2941 2492 τῆς
2961 2421 3170 2485 πόλεως
3191 2421 3430 2493 πόλεμον
3452 2421 3819 2494 προσέϐαλεν,

2223 2517 2317 2570 ἐπὶ
2343 2517 2478 2588 μησί
2513 2534 2572 2570 τε
2606 2517 2666 2584 ἓξ
2703 2517 2772 2571 τὰ
2801 2517 2899 2588 τῆς
2936 2517 3122 2588 μάχης
3162 2517 3445 2587 διήρκεσε.
3494 2516 3604 2570 Καὶ
3647 2518 3677 2570 ό
3719 2515 3822 2570 τοῦ

2236 2601 2593 2663 ⁹Ᾱνειιστασίου
2629 2609 2815 2673 στόλος
2846 2611 2984 2680 πρὸς
3003 2608 3081 2679 τῷ
3106 2609 3323 2680 νεωρίῳ
3344 2609 3445 2680 τῆς
3471 2609 3688 2673 πόλεως
3713 2626 3822 2662 κα-

2223 2701 2470 2772 λουμένῳ
2499 2701 2680 2773 λιμένι
2719 2701 2974 2772 καταίρει
3006 2703 3074 2768 ⁸⁸,
3104 2703 3132 2755 ὁ
3153 2701 3210 2755 δὲ
3244 2700 3339 2755 τοῦ
3370 2700 3656 2755 Θεοδοσίου
3685 2701 3816 2754 στό-

2219 2794 2308 2858 λος
2347 2794 2531 2859 ἀδείας
2579 2794 2978 2864 ἐπιλαϐόμενος
3037 2794 3512 2868 διαπορθμεύεται
3558 2795 3698 2866 πρὸς
3735 2794 3816 2848 τὰ

2222 2884 2482 2956 Θρᾳκῴα,
2526 2885 2855 2940 καὶτούτων
2901 2887 3230 2959 ἐκράτησεν.
3281 2886 3405 2940 Ἐπὶ
3455 2886 3720 2956 προδοσίᾳ
3751 2887 3816 2940 δέ

2221 2994 2374 3042 τινας
2416 2977 2850 3048 ὑποφθείραντες
2883 2978 2975 3034 διὰ
3003 2979 3101 3049 τῆς
3134 2980 3313 3052 πύλης
3337 2979 3441 3050 τῆς
3469 2979 3820 3050 καλουμένης

2223 3067 2550 3139 Βλαχερνῶν
2567 3068 2665 3139 τὴν
2700 3069 2856 3122 πόλιν
2881 3063 3048 3132 εἷλον,
3072 3070 3167 3123 καὶ
3191 3071 3388 3134 νυκτὸς
3412 3070 3819 3140 ἐπιγενομένης

2222 3162 2304 3223 είς
2333 3161 2463 3223 τοὺς
2497 3160 2683 3224 οἴκους
2715 3159 2824 3213 τῶν
2851 3159 3090 3214 πολιτῶν
3125 3161 3513 3232 εἰσδραμόντες
3549 3160 3822 3231 μεγίστην

533 3252 648 3308 sius
682 3269 847 3322 porro
887 3255 1128 3309 urbanos
1157 3269 1350 3311 omnes
1397 3257 1750 3328 magistratus
1805 3271 1927 3309 cum
1979 3255 2118 3310 Ger-

2235 3254 2422 3316 αὑτοῖς
2459 3252 2665 3324 βλάϐην
2694 3253 3040 3324 εἰργάσαντο.
3073 3253 3212 3316 Τοὺς
3240 3253 3297 3307 δὲ
3344 3255 3402 3306 ὲν
3450 3253 3590 3324 αὐτῇ
3619 3253 3822 3324 ἄρχουσα

533 3360 698 3401 mane
748 3347 1060 3417 patriarcha
1106 3348 1176 3403 ab
1208 3349 1342 3404 urbe
1389 3347 1636 3413 dimittit,
1694 3355 1754 3402 ut
1796 3362 1918 3418 quae
1963 3355 2118 3415 gesta

533 3446 692 3493 erant
741 3440 805 3492 ad
863 3440 1215 3495 Anastasinm
1263 3440 1590 3510 perferrent.
1638 3439 1687 3495 Is
1741 3447 1963 3509 accepta
2017 3437 2120 3492 [ide

535 3531 668 3586 nihil
706 3545 766 3587 se
796 3533 922 3587 mali
953 3549 1262 3602 passurum,
1295 3535 1688 3589 meuachormn
1729 3531 1916 3587 habitu
1950 3527 2117 3583 vesti-

537 3629 624 3677 tus
679 3623 745 3677 ad
774 3620 1140 3680 Theodosium
1184 3640 1242 3681 se
1282 3624 1544 3690 contulit,
1595 3641 1624 3678 a
1675 3639 1784 3694 quo
1834 3621 1982 3678 nullo
2009 3619 2117 3676 alio

535 3713 677 3770 male
700 3713 929 3770 allectus
961 3714 1406 3773 Thessalonicam
1437 3717 1758 3788 deportatus
1781 3726 1886 3774 est.

603 3977 738 4030 Dum
771 3976 1000 4032 assidua:
1022 3978 1168 4034 hunc
1195 3995 1248 4034 tu
1284 3979 1500 4035 modunn
1533 3987 1724 4034 contra
1760 3981 2119 4052 imperatores

533 4067 942 4138 coniurationes
963 4070 1260 4136 exsistunt,
1280 4071 1517 4141 dumque
1533 4073 1844 4129 invalescen
1855 4085 1906 4130 te
1933 4083 2119 4148 tyran-

533 4162 660 4216 nide
696 4163 910 4232 imperii
961 4171 1141 4219 status
1196 4179 1260 4220 ac
1310 4165 1391 4226 rei
1438 4167 1668 4237 publica:
1721 4168 2009 4240 negligitur
2053 4186 2117 4226 ac

531 4257 792 4327 paulatim
828 4257 880 4310 in
917 4257 1159 4314 deterius
1196 4259 1537 4328 prolabitur,
1566 4277 1672 4316 una
1711 4271 1766 4317 et
1814 4262 2114 4320 litterarmn

531 4349 707 4404 studia
770 4349 1028 4419 restingui
1077 4359 1245 4420 atque
1284 4350 1614 4408 intercidere
1662 4365 1980 4423 creperum,
2014 4373 2116 4412 nec

535 4445 720 4497 minus
745 4443 1032 4514 disciplina
1059 4443 1316 4500 militaris
1342 4446 1709 4516 pessumdari.
1736 4447 1810 4502 Ita
1834 4448 2032 4504 factum
2059 4459 2116 4505 ut

531 4533 834 4590 Romanum
869 4536 1155 4606 imperimn
1195 4537 1354 4594 bellis
1383 4539 1600 4610 impune
1633 4541 2014 4608 lacesseretur,
2051 4557 2115 4597 ac

2234 3361 2334 3410 τας
2370 3345 2487 3416 ἅμα
2516 3345 2786 3418 Γερμανῷ
2825 3344 2904 3416 τῷ
2940 3345 3244 3418 τηνικαῦτα
3296 3346 3526 3416 ίερὰρχῃ
3574 3344 3677 3414 τῆς
3715 3344 3824 3398 πό-

2223 3439 2363 3502 λεως
2397 3439 2721 3492 ἀποστέλλει
2749 3439 2826 3502 ὡς
2866 3439 2935 3493 τὰ
2972 3439 3340 3509 πεπραγμένα
3383 3437 3536 3509 αύτῷ
3567 3438 3683 3507 (17)
3715 3456 3814 3491 πι-

2225 3530 2568 3602 στωσόμενος
2595 3530 2638 3562 "
2676 3530 3037 3602 Ἀναστασίῳ.
3073 3531 3132 3585 Ὀ
3163 3529 3221 3585 δὲ
3243 3531 3470 3592 τούτους
3510 3530 3613 3600 ἤδη
3647 3529 3814 3598 λόγον

2225 3623 2426 3694 ᾔτησεν
2465 3622 2540 3686 ὡς
2575 3623 2712 3693 μήτε
2752 3641 2806 3678 τι
2855 3623 3024 3678 κακὸν
3064 3623 3232 3696 πάθῃ,
3282 3624 3377 3676 καὶ
3420 3623 3480 3676 τὸ
3513 3623 3818 3694 μοναχικὺν

2226 3714 2656 3786 περιϐαλόμενος
2691 3716 2882 3786 σχῆμα
2914 3717 3053 3788 πρὸς
3095 3717 3379 3771 Θεοδόσιον
3421 3716 3618 3788 ᾤχετο.
3669 3717 3730 3770 Ὀ
3760 3717 3826 3770 δὲ

2226 3807 2415 3877 ἕτερον
2452 3807 2624 3879 μηδὲν
2651 3807 2864 3878 βλάψας
2896 3809 3040 3862 κατὰ
3070 3809 3168 3880 τὴν
3200 3808 3614 3881 Θεσσαλονίκην
3639 3809 3823 3880 ἐξόρι-

2231 3917 2354 3954 στον
2375 3898 2472 3952 ἕπε
2481 3899 2646 3970 μψεν.

2312 3991 2464 4044 Ἐπεὶ
2493 3987 2584 4044 οὖν
2618 3993 2824 4046 πυκναὶ
2875 3992 2985 4046 τῶν
3021 3993 3066 4025 ⁸⁸
3109 3993 3380 4064 βασιλέων
3411 3993 3826 4058 ἐπαναστάσεις,

2227 4083 2474 4152 ἐγένοντο
2511 4083 2602 4136 καὶ
2637 4085 2668 4154 ἡ
2720 4085 2978 4156 τυραννὶς
3011 4085 3258 4155 ἐκράτει,
3307 4085 3378 4140 τά
3413 4101 3474 4138 τε
3515 4086 3616 4156 τῆς
3647 4084 3814 4154 βασι-

2229 4173 2376 4238 λείας
2426 4176 2522 4228 καὶ
2579 4174 2682 4244 τῆς
2735 4176 2944 4241 πόλεως
3004 4177 3369 4248 κατημελεῖτο
3420 4177 3516 4231 καὶ
3561 4178 3819 4231 διέπιπτε

2232 4267 2555 4338 πράγματα,
2581 4268 2660 4321 ἔτι
2688 4269 2796 4340 μὴν
2825 4270 2918 4322 καὶ
2947 4269 3112 4340 ἡτῶν
3136 4269 3312 4338 λόγων
3342 4270 3642 4340 ἠφανίζετο
3673 4269 3810 4322 παί-

2227 4359 2406 4424 δευσις
2438 4363 2530 4420 καὶ
2560 4362 2630 4414 τὰ
2678 4361 2919 4414 τακτικὰ
2959 4361 3228 4417 διελύετο.
3271 4361 3362 4426 Ἐξ
3415 4354 3491 4415 ὧν
3528 4360 3820 4415 συνέϐαινε

2227 4452 2322 4505 καὶ
2352 4453 2478 4516 τοὺς
2508 4453 2804 4524 πολεμίους
2827 4453 2926 4523 τῆς
2957 4453 3064 4506 τῶν
3107 4455 3396 4524 Ῥωμαίων
3444 4455 3820 4526 κατατρέχειν

2227 4541 2398 4606 ἀδεῶς
2430 4543 2728 4608 πολιτείας,
2763 4543 2915 4614 φόνοι
2951 4560 3012 4596 τε
3044 4543 3231 4596 πολλοὶ
3261 4543 3356 4598 καὶ
3394 4543 3694 4612 ἀπαγωγαὶ
3721 4546 3821 4597 καὶ

531 4629 704 4682 cmdes
727 4629 930 4698 passim
963 4629 1274 4700 promiscue
1301 4641 1353 4684 et
1372 4632 1728 4688 abductiones
1750 4633 2030 4688 hominum
2064 4642 2119 4687 et

2228 4635 2437 4688 πόλεων
2474 4635 2724 4699 ἁλώσεις.
2775 4635 3052 4691 Ἐντεῦθεν
3110 4638 3205 4690 καὶ
3253 4637 3304 4689 οἱ
3349 4637 3666 4708 Σαρακηνοὶ
3719 4639 3814 4706 ὀρ-

530 4720 745 4776 urbium
775 4722 1088 4778 eversiones
1123 4722 1332 4778 ﬁerent.
1357 4723 1486 4798 [Αη.
1519 4723 1643 4796 716]
1669 4724 1997 4781 Accessitad
2025 4726 2120 4780 ho-

531 4829 652 4868 rum
692 4814 956 4869 malorum
991 4817 1264 4869 cumulum
1286 4815 1688 4873 Saracenorum
1717 4818 1973 4888 irruptio,
2021 4819 2116 4890 qui

531 4915 721 4959 contra
772 4905 974 4974 regiam
1029 4907 1216 4961 urbem
1261 4907 1507 4962 terrestri
1570 4909 1921 4978 expeditione
1973 4911 2117 4966 facta

532 4994 774 5050 inﬁnitas
827 4997 1068 5065 equitum
1112 5013 1177 5052 ac
1217 4999 1456 5066 peditum
1505 4999 1692 5067 cepias
1732 5015 1798 5053 ex
1852 5000 2117 5069 subjectis

531 5087 631 5142 sibi
664 5087 919 5158 gentibus
951 5089 1306 5163 collegerant.
1351 5089 1665 5160 Eodemque
1696 5098 1938 5161 tempore
1971 5093 2112 5150 clas-

530 5193 641 5234 sem
678 5181 950 5251 ingentem
987 5181 1133 5237 mille
1158 5181 1596 5252 octingentarum
1638 5185 1854 5239 navium
1885 5186 2108 5241 circiter

2228 4725 2374 4795 μῶσι
2407 4727 2528 4778 κατ’
2577 4727 2747 4795 αὐτῆς
2803 4727 2900 4795 τῆς
2938 4726 3358 4797 βασιλευούσης,
3399 4727 3488 4782 διὰ
3515 4726 3617 4796 τῆς
3651 4727 3820 4796 ἠπείρ-

2225 4834 2320 4888 ρου
2354 4817 2668 4880 στέλλοντες
2698 4821 2763 4871 ἐκ
2819 4819 3097 4888 διαφόρων
3128 4819 3300 4873 ἐθνῶν
3353 4820 3465 4872 τῶν
3517 4819 3624 4872 ὑπὸ
3653 4821 3824 4890 χεῖρα

2225 4907 2429 4960 ἱππικά
2459 4925 2516 4960 τε
2549 4912 2644 4961 καὶ
2679 4908 2881 4974 πεζικὰ
2917 4909 3307 4982 στρατεύματα
3355 4909 3594 4982 ἀριθμοῦ
3625 4910 3811 4979 κρείτ-

2221 5018 2368 5054 τονα.
2412 5000 2690 5064 Ὡσαύτως
2733 5003 2824 5056 καὶ
2863 5003 3048 5058 στόλον
3102 5004 3270 5057 πολὺν
3303 5002 3636 5057 ἀπέστειλαν
3684 5004 3819 5075 ἄχρι

2223 5093 2318 5146 καὶ
2339 5093 2418 5156 εἰς
2438 5091 2617 5164 χιλίας
2645 5092 2976 5160 ὀκτακοσίας
3001 5098 3154 5162 ναῦς,
3175 5096 3420 5169 ἡγεμόνα
3443 5096 3652 5150 τούτων
3692 5097 3822 5150 τινὰ

2218 5189 2667 5257 καταστήσαντες
2701 5188 3042 5262 Μουσαλμᾶν
3092 5193 3159 5262 τῇ
3193 5190 3346 5262 σφῶν
3395 5189 3676 5258 διαλέκτῳ
3713 5208 3820 5243 κα·

1851 5323 2086 5381 νΑιιιΑῖ
2123 5323 2533 5382 LECTIONES.

604 5439 650 5470 “
679 5437 903 5509 κατῄρει
935 5439 994 5504 Ρ,
1030 5439 1068 5493 l'.
1103 5441 1311 5510 κατῇρε
1345 5440 1618 5496 Petavius.

1699 5443 1742 5473 “7
1775 5446 2196 5516 πιστωσάμενος
2231 5446 2300 5500 P:
2336 5463 2480 5502 corr.
2516 5446 2789 5502 Petavius.

2868 5445 2913 5478 ⁸⁸
2951 5448 3146 5501 πυκναὶ
3185 5447 3327 5504 κατά
3350 5447 3492 5515 τῶνς

1916 5603 2196 5660 PETAVH
2239 5601 2470 5662 NOTAE.

601 5715 717 5786 (Π)
752 5712 937 5781 Neque
979 5714 1070 5768 hic
1101 5714 1254 5786 locus
1283 5715 1414 5769 vitio
1429 5723 1599 5768 caret.
1623 5713 1932 5783 Legendnm
1969 5717 2110 5772 forte

531 5781 822 5838 δι”αὖτὼν
877 5785 1306 5852 πιστωσόμενος.
1367 5781 1715 5854 Magistratus
1764 5801 1956 5842 omnes
1999 5805 2107 5841 una

535 5869 654 5904 cum
693 5858 966 5908 hct-tuane
1001 5858 1306 5921 patriarcha
1343 5854 1574 5910 Nicaeam
1606 5856 1798 5909 deduci
1824 5857 1971 5921 jnliet
2005 5902 2016 5922 ,
2054 5871 2110 5912 ut

541 5937 602 5970 ti“
634 5925 943 5993 conspectis
985 5925 1303 5980 Anastasius
1339 5935 1550 5998 captam
1600 5943 1717 5984 οςςδυ
1750 5928 1957 5996 Cpelim
2006 5933 2109 5986 sci-

2213 5729 2318 5776 ret.
2362 5719 2438 5774 lta
2471 5718 2832 5789 Theophanes
2865 5717 2940 5789 (ρ.
2983 5717 3090 5774 525
3133 5715 3218 5788 (ἶ).
3255 5717 3426 5789 Porro
3461 5719 3653 5772 eodem
3709 5720 3814 5774 hec

2220 5805 2384 5856 anno,
2426 5787 2651 5860 Augusti
2710 5791 2792 5856 Il,
2825 5787 3133 5845 Germanus
3177 5787 3208 5844 υ
3255 5787 3457 5860 Cyzico
3505 5792 3812 5844 translatus

2221 5861 2419 5949 turgt.
2455 5861 2552 5917 llic
2587 5861 2688 5917 fuit
2718 5861 2993 5916 Anastasii
3051 5861 3200 5928 ﬁnis,
3239 5862 3328 5931 qui
3371 5861 3664 5930 imperarit
3696 5877 3749 5917 a.
3787 5862 3810 5915 l

2221 5950 2294 5988 ιη.
2325 5951 2378 5989 ὃ.
