4016 6456
450 469 557 535 959

1486 467 1546 528 S.
1585 466 2007 528 NICEPHOPJ
2048 467 2556 528 PATRIARCHIE
2592 469 2701 528 ΟΡ.

3628 463 3745 526 960

451 589 645 647 porum
681 574 920 628 advectae
951 574 1019 629 ad
1067 571 1431 631 Sosthenium.
1458 583 1674 642 portum
1728 572 2025 643 applicant,

2150 569 2445 647 πνεύματος
2473 570 2936 634 ἀντιπνεύσαντος
2961 569 3057 625 καὶ
3083 569 3177 624 τοῦ
3210 568 3457 641 ῥείθρου,
3486 567 3570 633 εἷς
3602 569 3733 623 τοῦ·

452 679 508 723 et
544 667 743 722 ibidem
782 666 1044 721 hiemant.
1092 662 1210 732 Quo
1251 672 1495 732 tempore
1551 672 1661 719 tam
1717 679 1911 734 aspera
1952 666 2035 719 vis

453 760 653 814 hiemis
688 757 810 820 fuit,
847 766 906 811 ut
955 772 1064 826 prae
1109 757 1312 811 nivium
1339 756 1495 825 copia
1540 756 1789 811 centenis
1843 757 2037 812 diebus

454 849 624 902 videri
655 858 799 903 terra
830 864 935 902 non
964 848 1217 917 potuerit.
1239 846 1316 901 Ex
1334 862 1441 914 quo
1464 847 1727 901 Saraceni
1752 846 2035 903 hominum

457 948 623 1000 atque
654 952 939 1005 equorum,
962 937 1289 993 camelorum
1315 937 1445 991 item
1474 952 1536 991 ac
1551 937 1924 1007 iumentorum
1947 938 2036 992 in-

457 1040 671 1099 gentem
687 1045 970 1083 numerum
996 1030 1274 1084 amittunt.
1294 1027 1616 1100 lnsequente
1629 1044 1755 1085 vere
1774 1028 1889 1103 [an.
1906 1027 2036 1102 718]

458 1123 627 1176 altera
661 1137 876 1177 rursum
907 1136 975 1176 ex
1009 1119 1248 1193 IEgypto
1281 1123 1485 1177 classis
1506 1121 1713 1191 appulit
1758 1120 2038 1191 Sopbiano

458 1214 616 1277 duce,
651 1212 904 1267 frumenti
952 1220 1117 1282 atque
1160 1227 1438 1268 armorum
1497 1212 1711 1283 copiam
1760 1212 2038 1281 ingentem

457 1303 767 1369 adveiieus;
813 1317 879 1356 ac
934 1302 1097 1372 paulo
1145 1311 1270 1372 post
1314 1301 1421 1355 alia
1471 1316 1691 1359 rursum
1739 1317 1808 1357 ex
1850 1300 2054 1355 Africa.

458 1408 580 1447 cum
626 1409 907 1448 armorum
963 1403 1228 1463 apparatu
1281 1401 1446 1465 atque
1497 1408 1709 1450 annona
1769 1391 2040 1450 submissa

458 1495 562 1550 est,
595 1486 682 1539 cui
721 1483 935 1541 lezidus
992 1485 1211 1554 quidam
1271 1484 1575 1553 Saracenus
1623 1484 1946 1554 imperabat.
1976 1484 2055 1541 Hi

461 1590 583 1639 etnn
636 1587 882 1646 paratum
915 1593 946 1632 a
981 1577 1264 1642 Romanis,
1309 1586 1371 1634 ut
1415 1576 1621 1641 ferunt,
1663 1576 1844 1648 ignem
1879 1585 2059 1647 atque

461 1669 767 1724 incendimn
810 1680 1138 1742 metuerent,
1175 1670 1421 1742 Byzantii
1459 1669 1598 1724 freto
1635 1669 1705 1724 ob
1737 1668 2043 1740 trajiciendi

461 1758 902 1824 desperationem
967 1759 1155 1815 relicto
1216 1761 1284 1815 ad
1348 1760 1664 1832 Bylbiniam
1743 1760 2040 1827 applicant,

459 1850 564 1921 61
599 1862 762 1919 atque
792 1851 929 1904 alter
968 1852 1187 1908 Pulchri
1243 1853 1384 1923 agri,
1428 1853 1568 1907 alter
1607 1852 1788 1922 Satyri
1824 1861 2038 1920 portum

460 1943 627 2008 capit.
674 1939 913 2011 Egyptii
964 1958 1115 2009 vero,
1151 1945 1242 2015 qui
1289 1960 1394 1997 una
1432 1959 1556 1999 cum
1590 1944 1659 1999 iis
1687 1936 2039 2011 navigabant,

460 2042 625 2084 noctu
662 2031 854 2093 lembis
905 2035 994 2101 qui
1046 2035 1277 2088 navibus
1321 2034 1671 2089 adhmrebant
1705 2034 2050 2098 conscensis,

458 2118 780 2193 Byzantium
810 2121 1156 2192 confugiunt,
1184 2132 1239 2176 et
1263 2123 1605 2193 imperatoris
1635 2138 1831 2177 nomen
1859 2122 2056 2179 faustis

460 2212 955 2269 acclamationibus
999 2224 1424 2282 prosequuntur.
1463 2213 1676 2281 Quibus
1718 2214 1881 2269 rebus
1935 2214 2056 2268 ani-

458 2314 640 2357 matus
689 2304 989 2375 imperator
1024 2305 1395 2360 incendiarias
1427 2320 1594 2360 naves
1632 2309 1898 2361 adversus
1933 2305 2054 2361 illas

460 2394 667 2449 ciasses
727 2395 996 2459 immittit,
1053 2405 1219 2467 atque
1278 2397 1565 2450 universas
1606 2396 1730 2467 igne
1757 2398 2051 2453 consumit.

460 2485 539 2539 Ex
565 2500 674 2555 quo
724 2486 1038 2557 ingentibus
1078 2486 1270 2555 spoliis
1303 2488 1485 2552 dilati,
1524 2487 1743 2542 illorum
1782 2489 1952 2543 armis
1990 2502 2055 2544 ac

459 2589 769 2635 commeatu
797 2581 853 2634 in
881 2595 1009 2637 suas
1047 2596 1215 2636 naves
1248 2581 1526 2651 imposito,
1561 2582 1627 2635 ad
1661 2580 2045 2651 imperatorem

428 2666 435 2672 ’
460 2670 721 2724 redeunt.

2138 646 2285 715 πίσω
2332 660 2562 729 ἄγεσθαι
2623 660 2969 734 βιαζομένου,
3020 661 3402 733 ηολαιότερον
3434 659 3741 716 ἐπέπλεον.

2138 752 2358 817 Ταύτας
2384 755 2412 807 ὁ
2438 754 2694 825 βασιλεὺς
2716 754 3066 831 ’θεασάμενος
3123 754 3371 826 διήρεσιν
3396 749 3598 819 ὲπιϐἀς
3635 757 3736 811 καὶ

2137 844 2427 909 διέκπλους
2461 847 2837 918 ποιησάμενος
2873 847 3008 916 πυρὶ
3033 844 3393 916 κατέφλεξεν,
3430 844 3602 910 οὔσας
3636 846 3733 900 τὸν

2138 937 2374 1009 ἀριθμὸν
2422 938 2614 992 εἴκοσι.
2654 938 2714 993 '0
2743 938 2800 992 δὲ
2824 938 3013 1002 λοιπὸς
3044 937 3191 1001 ἄπας
3234 938 3427 1002 στόλος
3454 939 3533 1008 τῷ
3577 940 3729 1010 Θρα-

2139 1027 2280 1098 κικῷ
2297 1028 2685 1100 προσπλεύσας
2705 1030 2974 1101 Βοσπόρῳ
2996 1028 3076 1097 τῷ
3093 1028 3373 1099 λιμένιτῷ
3407 1030 3578 1083 καλου
3586 1031 3738 1103 μένῳ

2140 1115 2458 1188 Σωσθενείῳ
2516 1116 2970 1189 προσορμίζεται,
3005 1120 3103 1172 καὶ
3159 1117 3330 1172 αὑτοῦ
3358 1118 3735 1189 διεχείμαζεν.

2152 1207 2241 1261 Ἐν
2268 1200 2314 1276 ᾧ
2346 1207 2665 1280 συμϐέϐηκε
2697 1208 2946 1280 χειμῶνα
2973 1210 3233 1279 μέγιστον
3268 1209 3556 1278 γενέσθαι,
3588 1209 3733 1264 ὥστε

2144 1301 2412 1372 μηδαμῶς
2437 1301 2543 1370 γῆν
2572 1300 2807 1371 ὀφθῆναι
2829 1301 2895 1355 ὲκ
2920 1301 3165 1374 πληθύος
3185 1302 3284 1372 τῆς
3307 1301 3741 1373 κατενεχθείσης

2140 1392 2318 1463 χιόνος
2346 1393 2509 1464 ἄχρις
2565 1394 2647 1459 είς
2682 1393 2782 1457 τὰς
2814 1393 3011 1449 ἑκατὸν
3042 1395 3261 1467 ἡμέρας
3282 1410 3296 1425 ο
3342 1393 3403 1460 ἐξ
3433 1390 3498 1449 οὒ
3529 1393 3739 1465 πλῆθος

2140 1483 2243 1537 οὐκ
2260 1483 2438 1550 ὀλίγον
2466 1483 2755 1555 τις-ἀνδρῶν
2782 1502 2841 1540 τε
2869 1487 2962 1539 καὶ
2992 1486 3178 1539 ἵππων
3219 1485 3316 1538 καὶ
3345 1484 3613 1556 καμήλων
3641 1485 3741 1539 καὶ

2142 1575 2345 1632 λοιπῶν
2375 1575 2531 1642 ζώων
2554 1577 2851 1633 ἀπέϐαλον.
2879 1578 3084 1649 Ἐαρος
3103 1577 3160 1630 δὲ
3191 1577 3587 1649 ἐπιγενομένου
3620 1578 3743 1631 ἐπι-

2144 1669 2561 1739 καταλαμϐάνει
2622 1671 2717 1724 καὶ
2772 1671 2964 1741 ’έτερος
3005 1670 3117 1725 τῶν
3165 1671 3504 1742 Σαρακηνῶν
3555 1671 3742 1735 στόλος

2144 1759 2396 1822 πλεῖστος
2424 1759 2485 1825 ἐξ
2515 1760 2816 1828 Αἰγύπτου,
2874 1756 2935 1816 οὗ
2983 1764 3170 1831 ἠγεῖτο
3209 1762 3415 1831 Σοφιάν
3440 1762 3613 1833 ὄνομα
3637 1764 3742 1835 ἄρ-

2144 1868 2277 1921 χων,
2330 1852 2527 1922 φόρτον
2560 1852 2710 1921 ἄγων
2758 1855 2818 1905 ὲν
2865 1852 3014 1923 αὐτῷ
3054 1854 3201 1906 σίτου
3248 1870 3308 1906 τε
3346 1853 3603 1907 πλείστου
3646 1858 3743 1907 καὶ

2074 1921 2117 1975 Β
2143 1942 2346 1997 ὃπλων.
2392 1921 2604 2012 Ὀλίγου
2635 1943 2692 1997 δὲ
2716 1921 3018 2004 διελθόντος
3048 1944 3243 2016 χρόνου
3280 1945 3378 2000 καὶ
3431 1944 3623 2016 ἕτερος
3650 1946 3747 2015 ἐφ-

2151 2034 2364 2088 ίσταται
2394 2036 2581 2099 στόλος
2600 2039 2665 2090 ὲκ
2688 2036 2797 2090 τῶν
2823 2036 3234 2108 περὶᾍφρικὴν
3252 2038 3531 2108 ἀναχθεὶς,
3557 2039 3745 2092 ὃπλων

2151 2143 2211 2179 τε
2244 2126 2455 2181 πολλῶν
2495 2128 2592 2180 καὶ
2629 2128 3039 2199 δαπανημάτων
3071 2128 3425 2200 καταγέμων,
3454 2124 3518 2184 οὗ
3557 2130 3743 2205 ὑπῆρ-

2152 2236 2246 2293 χεν
2277 2218 2502 2291 ήγεμὼν
2544 2220 2757 2286 Ἰέξιδος
2789 2221 3127 2293 Σαρακηνῶν
3158 2223 3204 2255 ⁷³
3223 2221 3414 2292 δνομα.
3443 2215 3633 2287 Οὗτοι,
3663 2221 3743 2285 ὦς

2153 2331 2312 2383 φασι,
2347 2315 2447 2384 τὴν
2504 2315 2569 2368 ὲκ
2613 2315 2707 2370 τοῦ
2752 2315 3162 2388 ἐσκευασμένον
3218 2318 3371 2390 παρά
3440 2318 3745 2390 Ῥωμαίοις

2154 2402 2326 2476 πυρὸς
2367 2404 2713 2476 ὑφορώμενοι
2738 2405 2965 2476 βλάϐην,
2997 2406 3092 2460 τὸν
3123 2403 3217 2463 οὖν
3240 2409 3285 2441 ⁷³
3315 2409 3616 2474 Βυζάντιον
3641 2410 3741 2463 πό-

2155 2512 2246 2566 ρον
2298 2496 2633 2564 ἀπογνόντες
2669 2501 2784 2561 τοῖς
2833 2499 2972 2569 πρὸς
3014 2500 3283 2555 Βιθυνίαν
3328 2501 3522 2573 μέρεσι
3569 2517 3742 2573 προσ-

2154 2586 2334 2658 έσχον,
2386 2591 2413 2642 ὁ
2474 2589 2573 2659 μὲν
2624 2590 2762 2661 πρὸς
2791 2590 2885 2645 τὸν
2946 2591 3288 2661 καλούμενον
3327 2593 3527 2664 λιμένα
3556 2590 3743 2647 Καλοῦ

2154 2678 2351 2750 ἀγροῦ,
2375 2683 2402 2733 ὁ
2433 2680 2489 2734 δὲ
2523 2682 2659 2753 πρὸς
2697 2684 2817 2745 ταῖς
2860 2683 3057 2744 ἀκταῖς
3093 2684 3191 2737 τοῦ
3223 2685 3270 2716 ⁷⁵
3301 2684 3601 2756 λεγομένου
3624 2684 3746 2738 Σα-

458 2761 647 2832 τύρου.
682 2763 745 2815 Ol
778 2761 822 2815 δ’
849 2763 907 2817 ὲν
930 2761 1117 2826 αὐτοῖς
1142 2761 1484 2828 εἰσπλέοντες
1522 2763 1811 2832 Αἰγύπτιοι
1834 2763 2029 2829 νυκτὸς
2066 2768 2194 2834 τοὺς
2251 2772 2615 2842 ἐνεστηκότας
2682 2772 2918 2844 λέμϐους
2963 2775 3073 2828 τῶν
3109 2775 3255 2845 νηῶν
3293 2776 3576 2840 εἰσϐάντες
3603 2777 3744 2846 πρὸς

457 2854 521 2910 τὸ
549 2853 846 2918 Βυζάντιον
874 2851 1011 2937 ἧκον
1043 2854 1256 2909 καὶτὸν
1295 2854 1525 2924 βασιλέα
1564 2856 1865 2927 εὐφήμουν.
1918 2857 2036 2926 Ἐφ’
2074 2854 2158 2923 οἷς
2226 2862 2617 2934 ἀναθαρσήσας
2651 2865 2680 2917 ὀ
2750 2864 3006 2935 βασιλεὺς
3059 2866 3375 2937 πυρφόρους
3425 2867 3563 2930 ναῦς
3592 2869 3743 2922 κατὰ

456 2948 570 3004 τῶν
617 2936 1119 3002 τοιούτωνστόλων
1170 2946 1470 3016 ἐξέπεμψε,
1526 2948 1623 3001 καὶ
1688 2949 1870 3012 πάσας
1918 2948 2100 3003 αὐτῶν
2128 2952 2225 3017 τὰς
2284 2953 2417 3018 ναῦς
2503 2955 2827 3026 ἐνέπρησεν.
2874 2936 3744 3029 Ἐκείθενίλαιρυραγωγήσαντες

458 3040 555 3094 καὶ
580 3039 644 3090 ἐκ
673 3038 781 3091 τῶν
827 3037 1184 3108 ὑπαρχόντων
1223 3040 1408 3102 αὐτοῖς
1454 3039 1633 3093 ὃπλων
1663 3039 1757 3093 καὶ
1789 3039 2199 3112 δαπανημάτων
2238 3045 2770 3117 καταφορτισοέντες
2807 3048 2944 3115 πρὸς
2978 3047 3206 3118 βασιλέα
3228 3050 3595 3120 ὑπέστρεφον.Δ

529 3131 634 3188 Per
664 3133 805 3186 idem
839 3140 1050 3201 tempus
1101 3131 1323 3201 Sergius
1355 3133 1638 3200 patricius,
1674 3134 1877 3187 Sicilia:
1908 3133 2042 3200 dux,

2217 3136 2407 3208 Τούτῳ
2439 3137 2516 3207 τῷ
2546 3138 2726 3210 χρόνῳ
2757 3138 2984 3207 Σέργιος
3012 3140 3039 3191 ὀ
3069 3140 3380 3210 πατρίκιος,
3406 3143 3434 3193 ό
3455 3140 3557 3210 τῆς
3580 3141 3747 3195 Σικεο

457 3236 514 3279 et
541 3224 633 3293 qui
667 3227 720 3278 in
740 3222 1038 3278 Occidente
1068 3232 1244 3287 crant,
1280 3224 1452 3291 ignari
1483 3238 1602 3292 quae
1622 3224 1687 3279 ad
1725 3223 2042 3295 Byzantium

2150 3227 2268 3291 λίας
2291 3229 2619 3299 στρατηγὸς,
2644 3229 2740 3282 καὶ
2757 3231 2807 3282 oi
2828 3228 2893 3281 τὰ
2913 3228 3178 3300 Ἑσπέρια
3198 3230 3497 3295 οίκοῦντες,
3520 3231 3589 3285 τὰ
3614 3236 3759 3305 περὶ·

459 3320 797 3381 acciderant,
852 3328 1016 3385 atque
1057 3316 1407 3384 imperatoris
1446 3321 1611 3369 rebus
1652 3315 1705 3370 in
1755 3326 1905 3370 tanta
1946 3319 2047 3372 ho-

459 3409 623 3463 stium
671 3408 984 3462 incursione
1034 3401 1684 3477 desperatis,'quemdam
1717 3421 1783 3461 ex
1828 3407 2046 3477 appari-

462 3501 611 3555 tione
651 3499 829 3567 Sergii
861 3500 1244 3568 imperatorem
1283 3500 1639 3562 constituunt,
1674 3497 1919 3569 Gregorii
1953 3516 2049 3555 co-

460 3599 774 3658 gnomento,
792 3589 1116 3660 Onomaguli
1138 3590 1332 3656 filium,
1359 3605 1546 3658 quem,
1577 3598 1783 3645 tnutato
1805 3591 2046 3657 nomine,

462 3664 738 3737 Tiberium
769 3683 1062 3751 appellant.
1100 3682 1193 3736 llis
1232 3682 1452 3746 auditis,
1491 3682 1790 3752 imperator
1818 3682 2047 3736 Paulum

460 3774 749 3844 patricium
788 3773 987 3835 Sicilia:
1017 3773 1264 3840 praeficit,
1296 3788 1456 3842 quem
1489 3773 1653 3827 [idum
1690 3774 1791 3827 sibi
1828 3784 1889 3826 et
1913 3788 2048 3827 con-

457 3865 709 3933 iunctum
745 3863 979 3919 habebat
1012 3880 1073 3919 ac
1130 3865 1204 3918 rei
1253 3864 1460 3919 bellica:
1512 3864 1783 3933 peritum,
1816 3877 2051 3933 eumque

463 3965 655 4013 contra
701 3955 964 4011 Basiliam
1021 3957 1205 4014 mittit.
1252 3956 1422 4024 liujus
1457 3958 1690 4010 adventu
1722 3954 1944 4026 Sergius
1979 3954 2048 4010 ad

462 4034 862 4118 Longobardos
901 4047 1168 4119 confugit.
1201 4051 1269 4102 At
1306 4047 1506 4102 Paulus
1540 4046 1875 4102 insularibus
1903 4062 2053 4102 con-

462 4141 701 4211 gregatis
753 4130 1104 4209 imperatoris
1155 4140 1417 4210 epistolas
1453 4140 1615 4208 legit;
1668 4139 1866 4210 quibus
1916 4153 2048 4193 con-

462 4234 663 4285 ﬁrmati
706 4232 1023 4302 imperatori
1066 4232 1300 4288 feliciter
1327 4233 1719 4297 acclamantes,
1780 4230 2046 4286 Basilium

463 4331 520 4377 et
549 4323 752 4378 electos
785 4326 852 4377 ab
879 4340 944 4379 eo
992 4326 1345 4395 magistratus
1375 4325 1587 4380 vinctos
1614 4322 1871 4379 oﬂ‘erunt.
1900 4323 2046 4377 Pau-

464 4414 569 4479 lus,
602 4414 836 4485 Georgio
866 4418 1098 4486 quodam
1136 4427 1191 4471 et
1218 4417 1340 4471 aliis
1368 4415 1697 4478 interfectis,
1735 4430 1925 4471 eorum
1953 4431 2045 4471 ca-

462 4507 575 4576 pita
616 4508 680 4560 ad
722 4509 1107 4577 imperatorem
1146 4510 1331 4573 mittit,
1380 4518 1610 4563 caeteros
1657 4507 1769 4578 62
1801 4508 2044 4564 verberi-

461 4598 563 4653 bus
588 4608 749 4667 atque
778 4601 1093 4668 ignominiis
1134 4600 1382 4668 affectos,
1423 4599 1710 4656 nonnullos
1729 4601 1891 4654 etiam
1924 4616 2044 4654 am-

461 4692 665 4759 putatis
695 4694 936 4756 naribus,
966 4703 1120 4747 extra
1147 4693 1281 4748 ﬁnes
1306 4692 1517 4763 imperii
1544 4693 1767 4762 relegat.
1794 4691 2040 4762 Sergius,

2151 3319 2212 3372 τὸ
2250 3320 2546 3384 Βυζάντιον
2580 3322 2674 3373 καὶ
2714 3320 2807 3374 τὸν
2836 3320 3065 3389 βασιλέα
3093 3322 3427 3389 ἀπογνόντες
3457 3326 3561 3394 τῆς
3589 3340 3746 3391 γενο-

2157 3412 2327 3482 μένης
2360 3413 2469 3464 τῶν
2501 3411 2777 3482 πολεμίων
2806 3412 2969 3483 χάριν
2997 3414 3119 3467 κατ’
3139 3413 3322 3466 αὐτῶν
3354 3414 3573 3482 ἐφόδου,
3609 3415 3743 3468 ἴδιον

2154 3503 2413 3572 στέφουσι
2446 3502 2667 3574 βασιλέα
2694 3505 2803 3555 τῶν
2833 3503 3125 3575 ὑπηρετῶν
3153 3521 3277 3557 τινα
3308 3504 3539 3576 Σεργίου
3574 3508 3743 3560 Βασί-

2151 3594 2294 3649 λειον
2326 3594 2583 3665 τοῦνομα,
2618 3596 2734 3648 υἱὸν
2768 3599 3031 3664 γεγονότα
3061 3597 3368 3667 Γρηγορίου
3403 3599 3469 3650 τὸ
3506 3599 3760 3669 ἐπίκληνι

2163 3686 2589 3756 Ὀνομαγούλου,
2626 3686 2879 3757 Τιϐέριον
2923 3688 3088 3741 αὑτὸν
3132 3689 3530 3759 ὀνομάσαντες.
3566 3690 3742 3744 Τοῦτο

2149 3776 2403 3848 ἀκηκοὼς
2430 3779 2457 3830 ὀ
2482 3777 2738 3847 βασιλεὺς
2765 3778 2975 3833 Παῦλον
3003 3779 3094 3833 τὸν
3119 3782 3409 3852 πατρίκιον
3434 3783 3744 3853 στρατηγὸν

2150 3868 2401 3932 Σικελίας
2434 3869 2825 3940 προϐάλλεται,
2845 3872 2941 3925 ἆτε
2972 3872 3163 3925 πιστὸν
3192 3873 3286 3927 καὶ
3326 3874 3528 3927 οἰκεῖον
3561 3874 3744 3945 ύπὰρο
3846 3866 3859 3877 ’

2149 3976 2315 4030 χοντα
2360 3960 2456 4014 καὶ
2486 3961 2764 4015 τακτικῶν
2811 3962 3103 4034 ἔμπειρον,
3140 3965 3234 4018 καὶ
3281 3965 3420 4036 πρὸς
3456 3965 3763 4020 Βασίλειον

2147 4050 2448 4120 ἐκπέμπει.
2499 4043 2725 4114 Οὖτινος
2797 4052 2981 4104 ἐκεῖσε
3057 4051 3461 4115 καταλαϐόντος
3513 4053 3744 4125 Σέργιος

2149 4140 2327 4210 φυγάς
2358 4141 2570 4195 ἐκεῖθεν
2610 4142 2824 4212 οἴχεται
2853 4142 2950 4195 καὶ
2980 4142 3118 4213 πρὸς
3148 4143 3563 4214 Λογγοϐἀρδους
3596 4144 3753 4213 γίνεο

2147 4249 2261 4288 ται.
2298 4231 2513 4297 Παῦλος
2543 4232 2600 4287 δὲ
2635 4234 2693 4287 ἐν
2713 4233 2760 4265 ⁷⁵
2800 4236 2866 4304 τῇ
2902 4235 3053 4305 νήσῳ
3081 4234 3211 4287 λαὸν
3243 4235 3639 4306 περιαοροίσας
3671 4235 3743 4289 τὲ

2149 4323 2413 4394 βασιλέως
2451 4325 2827 4393 ἀναγινώσκει»
2849 4326 3180 4397 γράμματα,
3213 4326 3284 4380 δι’
3307 4320 3383 4381 ὧν
3416 4329 3497 4391 εἱς
3528 4328 3734 4380 πίστωο

2148 4432 2234 4470 σιν
2284 4415 2533 4478 ἐλθόντες
2566 4417 2657 4469 τόν
2708 4433 2769 4468 τε
2822 4415 3049 4485 βασιλέα
3088 4417 3423 4488 εὐφήμησαν
3453 4418 3546 4470 καὶ
3578 4418 3745 4471 Βασί-

2144 4505 2290 4559 λειον
2324 4507 2420 4559 καὶ
2452 4507 2577 4568 τοὺς
2620 4505 2711 4557 ὑπ’
2733 4504 2898 4558 αὑτοῦ
2940 4506 3427 4576 προχειρισθέντας
3471 4505 3738 4577 ἄρχοντας

2143 4597 2403 4667 δεσμίους
2433 4596 2582 4667 αὐτῷ
2609 4594 3080 4665 παραδεδώκασιν.
3100 4597 3158 4650 Ὀ
3183 4596 3261 4662 δὲ,
3296 4597 3522 4660 τούτους
3560 4613 3740 4666 παραο

2143 4687 2325 4745 λαϐὼν
2354 4688 2630 4758 Γεὼργιόν
2653 4677 2774 4740 τινα
2804 4689 2900 4741 καὶ
2932 4688 3153 4758 ἑτέρους
3173 4689 3374 4755 ἀνεῖλε,
3407 4691 3501 4743 καὶ
3528 4689 3749 4743 τούτων

464 4793 685 4852 accepta
715 4783 839 4850 title,
876 4785 941 4837 ad
971 4784 1196 4839 Paulum
1245 4799 1498 4859 reversus
1532 4794 1634 4838 est.
1670 4785 1796 4836 Inde
1820 4793 2045 4853 pacatus

2156 4780 2243 4845 τὰς
2272 4778 2518 4848 κεφαλὰς
2566 4777 2701 4847 πρὸς
2753 4778 2844 4831 τὸν
2886 4778 3119 4848 βασιλέα
3150 4779 3471 4851 ἀνέπεμψε,
3504 4780 3634 4843 τοὺς
3682 4779 3740 4831 δὲ

463 4873 517 4928 in
546 4872 843 4929 Occidente
876 4884 1049 4930 status
1095 4891 1274 4929 rerum
1309 4891 1372 4929 ac
1406 4874 1772 4943 tranquillitas
1810 4872 1929 4928 fuit.

2143 4872 2341 4935 ἄλλους
2367 4871 2464 4923 σὺν
2496 4869 2734 4938 πληγαῖς
2776 4870 2871 4923 καὶ
2912 4871 3121 4934 αἰκίαις
3157 4870 3417 4935 πολλαῖς,
3445 4864 3519 4923 ὧν
3548 4871 3608 4923 δὲ
3640 4870 3741 4923 καὶ

460 4964 559 5028 τὰς
592 4968 743 5036 ῥῖνας
778 4967 1053 5038 ἐκτεμὼν,
1078 4968 1399 5039 ὑπερορίαις
1443 4966 1787 5037 παρέπεμψε.
1814 4967 2039 5038 Σέργιος
2072 4965 2150 5031 δὲ,
2174 4965 2275 5035 τῆς
2298 4963 2496 5017 ἑαυτοῦ
2529 4963 2809 5034 σωτηρίας
2827 4962 2987 5032 λόγον
3011 4963 3264 5035 αἰτήσας,
3297 4964 3436 5035 πρὶς
3463 4963 3554 5015 τὺν
3584 4961 3738 5018 Παῦ-

460 5055 553 5107 λον
587 5056 1177 5128 ὲκομίσθη.Ἐντεῦθεν
1207 5057 1278 5110 τὰ
1319 5058 1419 5126 τῆς
1459 5057 1732 5128 Ἐσπέρας
1769 5055 2074 5128 πράγματα
2110 5058 2168 5109 ἐν
2194 5054 2387 5125 εἰρήνῃ
2421 5052 2517 5106 καὶ
2556 5051 2755 5124 ἡσυχίᾳ
2781 5052 3044 5123 κατέστη.

535 5144 843 5201 Secundum
894 5149 1009 5203 lucc
1060 5149 1371 5218 imperatori
1425 5147 1569 5200 ﬁlius
1611 5147 1886 5212 nascitur,
1948 5146 2033 5200 cui

465 5237 804 5295 Constantini
851 5254 1049 5294 nomen
1094 5240 1367 5309 imposuit.
1403 5238 1621 5294 Decima
1666 5237 1855 5308 quinta
1890 5238 2039 5293 insc-

2214 5144 2370 5198 Μετά
2404 5143 2566 5196 τοῦτο
2593 5143 2838 5197 τίκτεται
2875 5144 2987 5208 υίὸς
3018 5144 3095 5215 τῷ
3121 5142 3355 5215 βασιλεῖ,
3385 5144 3445 5197 ὃν
3474 5143 3735 5214 ὠνόμασε

2148 5237 2576 5290 Κωνσταντίνον.
2593 5235 3058 5309 Πεντεκαιδεκάτῃ
3074 5236 3129 5290 δὲ
3146 5236 3240 5290 τοῦ
3262 5240 3360 5290 ἐπε
3369 5237 3472 5289 ισιό
3485 5253 3599 5300 ⁸ρτος
3616 5237 3733 5308 (21)

1778 5411 2013 5470 γΑιιιΑῑ
2043 5413 2338 5469 LECTlON
2347 5413 2449 5471 ES.

537 5569 581 5605 '"
617 5570 817 5640 ὀλίγων
855 5573 915 5627 Ρ.
993 5575 1038 5606 τ’
1071 5575 1421 5647 Σαρακηνός;
1457 5576 1526 5631 cf.
1559 5592 1611 5647 p.
1648 5576 1719 5632 65
1750 5577 1837 5632 10.
1912 5570 1959 5610 ⁷³
1990 5570 2045 5631 οὗ

2150 5574 2274 5630 57:6?
2298 5575 2372 5632 cf.
2396 5576 2499 5631 col.
2519 5575 2624 5631 957
2642 5575 2703 5631 Ο.
2727 5576 2784 5631 9.
2858 5575 2906 5608 ⁷⁸
2935 5574 3030 5631 τοῦ
3063 5591 3179 5633 om.
3214 5575 3273 5630 P.
3348 5576 3391 5609 ⁷⁸
3418 5574 3477 5628 δὲ
3509 5571 3603 5628 τὸν
3618 5575 3680 5628 έν
3701 5612 3720 5625 .

1823 5732 2097 5789 PETAVH
2139 5730 2368 5788 NOTIE.

545 5882 658 5956 (Ἡ)
695 5885 1199 5960 Πεντεκαιδεκάτῃ
1244 5889 1312 5942 δὲ
1359 5890 1466 5945 τοῦ
1504 5893 1818 5958 εἰσιόντος.
1872 5890 2045 5961 Τιιυολ]

2150 5904 2308 5961 105p.
2352 5887 2457 5942 554
2499 5886 2560 5942 Β.
