4016 6496
249 354 362 421 Ὄεί

1203 356 1304 419 DE
1345 352 1597 416 BEBUS
1631 350 1818 412 POST
1858 347 2315 412 MAURICIUM
2353 347 2641 417 GESTIS.

3425 361 3531 426 962

267 470 449 541 μηνὸς
483 468 798 538 Αὖγοῦστου
845 467 1023 522 πάντα
1066 465 1138 520 τά
1169 483 1227 520 τε
1272 465 1476 520 ἱππικά
1517 465 1614 520 καὶ
1657 456 1854 534 πλόϊμα

1965 465 2184 532 quentis
2237 463 2440 519 mensis
2483 465 2713 536 Augusti
2779 463 3175 527 Saracenorum
3253 477 3532 546 equitatus

267 562 378 615 τῶν
423 559 759 631 Σαρακηνῶν
807 557 1264 630 ὲκστρατεύματα
1311 557 1410 628 τῆς
1464 553 1856 628 βασιλευούσης

262 647 612 716 ἀπεχώρουν,
633 646 894 711 πλείστας
917 645 1052 710 ναῦς
1080 645 1449 710 ἀποϐαλόντες
1470 645 1574 698 ὑπό
1597 663 1657 700 τε
1683 645 1859 717 ζάλης

262 741 364 792 καὶ
404 739 625 809 ἀνέμων
651 738 864 810 ἀγρίων
896 737 1361 809 καταληφθείσαις,
1399 739 1494 791 καὶ
1521 737 1733 791 πολλῶν
1757 737 1854 809 μὲν

263 833 348 894 είς
388 831 487 894 τὰς
529 833 728 902 νήσους
772 831 900 902 ἄχρι
935 831 1028 884 καὶ
1061 832 1143 894 εἰς
1173 831 1399 900 Κύπρον
1431 829 1854 898 σκεδασθεισῶν,

259 927 476 996 ἑτέρων
513 925 569 978 δὲ
611 925 704 978 καὶ
747 924 1065 995 αὐτάνδρων
1101 923 1180 996 τῷ
1223 923 1372 995 βυθῷ
1419 921 1849 994 παραδοθεισῶν.

273 1006 572 1089 ’Λρτὲμιος
615 1015 672 1070 δὲ
715 1017 774 1069 ἐν
823 1015 1196 1088 Θεσσαλονίκῃ
1244 1013 1522 1085 ἐξόριστος
1563 1011 1640 1066 ὢν
1689 1010 1854 1064 πάλιν

258 1111 530 1180 πειρᾶται
555 1109 657 1178 τῆς
686 1107 968 1178 βασιλείας
994 1109 1390 1180 ἐπικρατήσειν
1411 1149 1425 1174 ,
1459 1107 1552 1158 καὶ
1579 1104 1852 1174 ἐπεχείρει

257 1201 443 1254 τοιάδε
473 1200 760 1270 πράττειν·
786 1199 993 1268 Γράφει
1027 1199 1163 1271 πρὸς
1193 1199 1456 1252 Σισίννιον
1482 1196 1766 1266 πατρίκιον
1791 1194 1852 1248 τὸ

259 1288 500 1357 ἐπίκλην
539 1287 866 1352 Ῥενδάκιον,
900 1291 1037 1358 πρὸς
1065 1291 1132 1358 τῇ
1158 1289 1267 1342 τῶν
1294 1287 1618 1358 Βουλγάρων
1644 1285 1852 1356 διατρί-

257 1379 430 1431 ϐοντα
459 1377 613 1448 χώρᾳ
644 1378 798 1448 παρὰ
828 1377 1092 1448 βασιλέως
1127 1377 1430 1448 τηνικαῦτα
1477 1375 1850 1431 ἀποσταλέντα

255 1468 342 1532 ὡς
374 1468 442 1522 ἂν
469 1469 794 1539 συμμαχίαν
822 1470 950 1540 παρ’
973 1469 1152 1522 αὐτῶν
1187 1470 1331 1524 κατὰ
1369 1470 1478 1522 τῶν
1520 1468 1851 1539 Σαρακηνῶν

260 1561 512 1632 λήψοιτο,
543 1562 698 1624 ὅπως
724 1561 875 1632 αὐτῴ
903 1563 972 1616 τὰ
1001 1561 1144 1616 κατά
1183 1562 1410 1632 γνώμην
1458 1558 1849 1629 συμπράξειεν,

261 1653 555 1708 άναπείσοι
599 1653 658 1706 δὲ
701 1654 795 1708 καί
839 1654 1183 1725 Βουλγάρους
1211 1655 1568 1725 συνεργήσειν
1603 1652 1850 1722 αὐτῷ.ὐ

261 1743 322 1796 δὲ
354 1743 514 1796 τοῦτο
549 1743 839 1814 ὑπέσχετο.
877 1744 1086 1814 Γράψει
1112 1745 1169 1798 δὲ
1199 1745 1294 1798 καὶ
1326 1745 1464 1817 προς
1491 1746 1738 1816 Νικήταν
1762 1743 1850 1798 τὸν

1955 553 2134 608 omnis
2161 561 2215 608 et
2247 554 2442 610 classis
2485 556 2552 610 ab
2582 558 2717 613 urbe
2743 558 2996 631 discedit,
3050 564 3267 622 amissis
3300 571 3533 626 navibus

1955 646 2383 716 quamplurimis,
2423 666 2560 719 quas
2601 661 2895 721 tempestas
2937 672 3001 712 ac
3029 669 3314 715 ventorum
3363 663 3533 732 impe-

1957 747 2042 792 tus
2071 739 2383 806 disjecerat.
2416 741 2618 797 I'Iarum
2641 745 2886 814 quasdam
2913 763 3010 816 per
3043 751 3249 804 insulas
3275 754 3533 821 dispersae

1955 828 2020 880 ad
2045 827 2282 898 Cyprum
2327 846 2502 901 usque
2536 833 2812 904 dissipatae
2857 847 3004 902 sunt,
3052 838 3172 894 alia:
3213 855 3335 894 cum
3381 843 3530 897 omni

1955 921 2331 989 Supplementa
2362 929 2644 981 demersae.
2681 927 2902 983 Interim
2936 930 3212 985 Artemius
3245 931 3531 989 Thessalo-

1954 1011 2089 1065 nica:
2135 1013 2395 1070 exsulans
2426 1017 2492 1072 de
2523 1021 2838 1087 occupando
2871 1037 3086 1076 rursum
3129 1023 3359 1093 imperio
3394 1040 3528 1078 nova

1954 1105 2180 1159 consilia
2224 1107 2481 1176 molitur;
2525 1111 2667 1178 quod
2700 1112 2843 1168 Inmc
2890 1115 2942 1168 in
2977 1116 3194 1168 modum
3242 1131 3530 1185 aggressus

1952 1209 2054 1252 est.
2106 1199 2258 1254 Datis
2311 1201 2378 1255 ad
2443 1201 2744 1257 Sisinnium
2819 1207 3104 1276 patricium
3170 1223 3567 1276 cegnomcnto'

1953 1290 2325 1346 Rhcudacittm
2359 1293 2576 1362 litteris,
2609 1297 2700 1365 qui
2743 1306 2853 1350 tum
2898 1297 3040 1354 forte
3084 1301 3220 1368 apud
3267 1299 3529 1368 Bulgaros

1951 1393 2068 1436 crat
2095 1384 2284 1436 auxilii
2329 1394 2522 1438 contra
2560 1385 2868 1444 Saracenos
2901 1390 3222 1459 impetrandi
3269 1407 3430 1445 causa
3463 1394 3530 1445 ab

1952 1470 2280 1540 imperatore
2319 1474 2537 1540 missus,
2571 1477 2700 1530 huic
2755 1477 2926 1546 igitur
2960 1495 3054 1549 per
3089 1479 3297 1534 litteras
3341 1479 3534 1534 suadet

1953 1572 2014 1615 ut
2063 1577 2122 1616 se
2177 1563 2466 1618 conatibus
2501 1565 2615 1618 suis
2665 1567 2966 1636 adjutorcm
3025 1569 3313 1638 praeberet,
3347 1571 3441 1623 sed
3477 1579 3532 1624 et

1953 1651 2212 1724 Bnlgaros
2237 1655 2287 1708 in
2319 1656 2529 1710 consilii
2562 1657 2878 1714 societatem
2913 1661 3228 1730 pelliceret;
3259 1677 3378 1730 qua:
3411 1676 3532 1716 om-

1957 1745 2044 1800 nia
2076 1750 2152 1800 uti
2185 1749 2489 1817 postularat
2543 1749 2811 1806 facturum
2857 1767 2916 1806 sc
2955 1767 3075 1808 esse
3107 1753 3396 1822 promittit.
3425 1754 3532 1807 Ea-

267 1835 574 1906 μάγιστρον
619 1835 681 1888 τὸ
720 1835 953 1906 ἐπίκλην
985 1835 1293 1908 Ξυλινίτην,
1323 1839 1379 1891 ὲν
1409 1840 1850 1891 Κωνσταντινου-

1955 1838 2075 1894 dem
2107 1839 2173 1894 de
2203 1857 2262 1896 re
2289 1841 2356 1894 ad
2394 1840 2639 1897 Nicctam
2667 1844 2988 1913 magistrum
3025 1857 3383 1914 cognomento
3421 1847 3532 1918 Xy-

264 1927 423 1980 πόλει
460 1927 799 1998 ὑπάρχοντα,
836 1928 914 1981 ἔτι
949 1928 1006 1982 δὲ
1048 1928 1144 1982 καὶ
1173 1930 1307 1998 πρὸς
1330 1929 1522 2000 Ἰσώην
1559 1931 1847 2001 πατρίκιον

259 2019 362 2072 καὶ
389 2019 484 2072 τοῦ
518 2018 816 2090 λεγομένου
853 2019 1138 2091 βασιλικοῦ
1163 2020 1408 2090 Ὀψικίου
1442 2023 1684 2091 ἡγεμόνα
1707 2064 1722 2089 ,
1755 2021 1850 2077 καὶ

269 2114 546 2168 Θεοδόσιον
576 2115 688 2183 (2'2)
722 2115 815 2168 τὸν
848 2113 1156 2184 πρώτιστον
1191 2116 1299 2168 τῶν
1347 2115 1642 2186 βασιλικῶν
1669 2133 1851 2188 γραμο

283 2207 493 2276 ματὲων
537 2205 661 2259 καθ’
683 2205 778 2270 οὒς
824 2205 1104 2258 ἐδασῦευε
1147 2207 1373 2277 χρόνους
1415 2208 1728 2276 γενόμενον,
1757 2209 1852 2261 καὶ

281 2297 524 2367 Νικήταν
552 2299 776 2368 ἐπίκλην
797 2298 929 2352 "Ave
941 2315 1080 2369 ρακα
1109 2297 1347 2370 ἄρχοντα
1373 2299 1588 2370 τειχῶν,
1615 2300 1852 2364 παλαιᾶς

283 2388 461 2460 φιλίας
489 2389 1030 2460 ἀναμιμνήσκεσθαι,
1057 2392 1150 2444 καὶ
1178 2390 1433 2462 ἑτοίμους
1457 2387 1596 2444 εἷναι
1629 2393 1852 2463 συντρέ-

275 2497 392 2551 χειν
421 2481 566 2553 αὐτῷ
597 2481 693 2534 καὶ
721 2481 821 2552 τὴν
857 2483 1013 2536 πόλιν
1053 2483 1366 2552 ἀνοιγνύναι
1391 2485 1484 2537 καὶ
1515 2485 1592 2548 ὡς
1625 2483 1854 2555 βασιλέα

272 2573 652 2642 ὑποδέχεσθαι.
683 2573 762 2627 Τὰ
787 2574 1069 2643 γραφέντα
1099 2571 1194 2628 οὖν
1225 2575 1388 2639 εὐθὺς
1409 2574 1486 2644 τῷ
1513 2575 1724 2645 βασιλεί
1740 2577 1854 2632 δια-

269 2665 626 2732 γινώσκεται,
663 2665 760 2717 καὶ
785 2667 912 2727 τοὺς
943 2665 1012 2718 τὰ
1054 2667 1358 2736 γράμματα
1385 2667 1710 2737 δεξαμένους
1737 2686 1854 2738 χει-

270 2755 459 2826 ροῦται
487 2759 582 2810 καὶ
608 2758 850 2826 πληγαῖς
883 2757 1180 2822 αἰκίζεται,
1209 2759 1300 2812 καὶ
1329 2760 1481 2812 αὐτοὶ
1505 2760 1850 2828 ὁμολογοῦσι.

269 2848 379 2900 Καὶ
419 2847 634 2918 Νικήτα
670 2847 770 2918 μὲν
797 2846 892 2900 τοῦ
931 2847 1032 2918 τὴν
1073 2847 1232 2912 ἀξίαν
1266 2849 1567 2918 μαγίστρου
1599 2849 1692 2902 καί
1719 2849 1854 2903 Θεο-

267 2938 494 2992 κτέστου
521 2939 619 3000 τὰς
649 2938 893 3006 κεφαλὰς
920 2937 1168 3008 ἐξέτεμε,
1202 2943 1329 3002 τοὺς
1354 2941 1411 2992 δὲ
1447 2939 1640 3003 ἄλλους
1668 2940 1730 2993 οὐ
1763 2957 1854 3009 μι-

255 3030 420 3101 ’κρῶς
470 3029 824 3100 αἰκισάμενος
869 3029 966 3082 καὶ
1012 3029 1292 3098 δημεύσας
1329 3031 1568 3101 ἐξορίαις
1599 3031 1852 3102 ἀπέπεμ-

263 3119 756 3192 ψεν⁷⁶.⁹Αρτέμιος
792 3119 850 3173 δὲ
891 3119 1010 3190 ἃμα
1043 3121 1292 3192 Σισιννίῳ
1330 3121 1408 3192 τῷ
1449 3123 1719 3194 πατρικέῳ
1756 3122 1851 3176 καὶ
1879 3162 1920 3220 C

263 3215 382 3276 τοῖς
424 3212 760 3280 Βουλγάροις
811 3211 1006 3283 μέχρις
1041 3211 1371 3281 Ἡρακλείας
1418 3213 1848 3284 καταλαμϐάνει,

264 3306 371 3358 σὺν
397 3306 580 3368 αὐτοῖς
609 3305 666 3358 δὲ
693 3305 790 3359 καὶ
817 3303 964 3374 ἅπερ
995 3301 1194 3376 ἦγον⁷7
1227 3307 1286 3359 ἐν
1318 3305 1686 3378 Θεσσαλονίκῃ
1717 3307 1854 3360 ἀκά-

263 3412 390 3450 τια·
429 3396 696 3465 μονόξυλα
741 3395 798 3449 δὲ
843 3398 998 3450 αὐτοὶ
1034 3397 1526 3468 προσαγορεύουσι.
1564 3399 1772 3470 Γράφει
1798 3399 1856 3453 δὲ

261 3489 604 3558 Βουλγάροις
621 3489 652 3540 ὀ
673 3487 926 3558 βασιλεὺς
955 3488 1031 3552 ὡς
1056 3489 1156 3560 τὴν
1186 3489 1412 3560 εἰρήνην
1443 3489 1644 3561 μᾶλλον
1677 3488 1856 3544 ἀσπά-

265 3599 452 3641 σοιντο
494 3587 588 3640 καὶ
625 3589 752 3649 τοὺς
794 3585 1026 3658 ἐχθροὺς
1059 3587 1329 3659 προδοῖεν.
1361 3589 1425 3640 Oi
1453 3587 1510 3640 δὲ
1545 3589 1624 3650 εἰς
1655 3586 1854 3640 ἀπολο-

263 3678 399 3746 γίαν
429 3678 775 3748 κατέστησαν
809 3677 1140 3750 συγγνώμην
1166 3679 1490 3750 αἰτήσαντες
1511 3678 1607 3732 καὶ
1630 3677 1695 3732 τά
1718 3677 1855 3748 πρὸς

266 3771 500 3841 εἰρήνην
535 3769 980 3840 ὑπισχνούμενοι.
1012 3769 1123 3822 Καὶ
1168 3771 1258 3824 τὸν
1303 3770 1402 3840 μὲν
1426 3769 1716 3840 Ἀρτέμιον
1754 3772 1854 3825 σὺν

265 3863 351 3934 τῷ
383 3864 638 3933 ἀρχιερεῖ
667 3862 1068 3932 Θεσσαλονίκης
1097 3861 1192 3915 καὶ
1224 3861 1418 3924 ἄλλους
1455 3861 1741 3926 πλείστους
1768 3862 1856 3916 δε-

269 3952 500 4024 σμώτας
537 3951 676 4022 πρὸς
719 3949 947 4022 βασιλέα
979 3949 1278 4017 πέμπουσι,
1313 3950 1410 4004 κοιλ⁸
1453 3950 1716 4004 Σισιννίου
1759 3949 1854 4005 τοῦ

265 4045 569 4113 πατρικίου
618 4043 720 4114 τὴν
763 4040 1007 4112 κεφαλὴν
1029 4041 1366 4110 ἐκτεμόντες
1392 4039 1655 4104 ὡσαύτως
1703 4041 1857 4094 στέλ-

265 4137 479 4199 λουσιν,
511 4135 687 4198 οὕτως
713 4151 773 4188 τε
809 4132 946 4206 πρὸς
985 4132 1082 4204 τὴν
1121 4131 1334 4186 ἑαυτῶν
1366 4131 1707 4204 ἀπεχώρουν.
1725 4133 1855 4205 Ἀρ-

265 4229 462 4298 τέμιον
491 4227 550 4280 δὲ
586 4227 684 4280 σὺν
729 4226 810 4297 τῷ
855 4225 1271 4298 ἀρχιεπισκόπῳ
1301 4224 1635 4297 παραλαϐὼν
1679 4227 1738 4280 ὲν
1777 4223 1856 4297 τῷ

268 4319 556 4389 λεγομένῳ
583 4318 844 4390 Κυνηγίῳ
891 4315 1466 4388 άπέτεμεν.”1ππικην
1512 4317 1570 4371 δὲ
1622 4315 1856 4388 ἀμιλλαν

273 4409 596 4473 ἐπιτελέσας
620 4409 729 4462 τῶν
757 4407 1188 4480 ἁποτμηθέντων
1227 4407 1328 4471 τὰς
1374 4408 1617 4476 κεφαλὰς
1639 4407 1726 4462 διά
1759 4407 1853 4462 τοῦ

283 4498 678 4569 Ἱπποδρομίου
698 4496 793 4551 ἐπὶ
821 4495 998 4568 κοντῷ
1014 4495 1402 4568 ἀνηρτημένας
1417 4496 1464 4530 ’⁸
1481 4497 1844 4568 ἐξεπόμπευε.

1953 1929 2160 1985 Iiuitent
2189 1931 2394 2001 Cpolim
2427 1933 2656 2001 scribit,
2687 1950 2898 1990 necnon
2935 1936 3002 1990 ad
3051 1937 3206 1992 Isocn
3240 1940 3530 2006 patricium

1951 2021 2284 2092 imperatorii
2315 2026 2565 2096 Obsequii
2603 2027 2942 2095 prmfcctum,
2979 2036 3034 2082 et
3068 2029 3136 2084 ad
3163 2029 3528 2084 'Iln-odosium

1953 2116 2288 2170 netariorum
2343 2130 2450 2186 quo
2504 2116 2807 2184 imperabat
2859 2127 3103 2188 tempore
3157 2120 3531 2188 primicerium

1952 2205 2180 2270 lactent,
2210 2209 2452 2276 itemque
2485 2211 2552 2260 ad
2605 2208 2850 2264 Nicetam
2889 2223 3252 2280 cognomento
3288 2211 3530 2266 Anthra-

1954 2313 2070 2352 cem
2117 2314 2395 2352 murorum
2431 2299 2764 2369 praefectum.
2816 2301 3022 2368 Quibus
3072 2301 3274 2356 litteris
3316 2318 3412 2371 pro
3441 2317 3535 2358 ve-

1957 2389 2054 2442 leri
2099 2389 2465 2446 familiaritate
2493 2401 2646 2460 regat
2669 2391 2772 2446 sibi
2803 2400 2860 2446 ut
2897 2403 3110 2447 mature
3145 2393 3386 2448 subsidio
3413 2408 3534 2450 esse

1955 2477 2272 2550 velint,63
2313 2489 2476 2548 atque
2517 2480 2706 2534 urbem
2735 2482 3007 2547 aperiant,
3037 2496 3102 2536 ac
3149 2497 3249 2550 pro
3302 2482 3534 2551 impera-

1955 2578 2071 2624 tore
2125 2585 2183 2625 se
2242 2571 2528 2638 recipiant.
2580 2571 2676 2626 llis
2717 2573 2973 2627 erunibus
3025 2573 3092 2627 ad
3141 2574 3531 2644 imperatorem

1955 2663 2199 2732 perlatis,
2227 2674 2494 2732 quotquot
2539 2680 2632 2718 eas
2673 2665 2884 2718 litteras
2917 2679 3264 2734 acceperant,
3296 2683 3536 2732 compre-

1953 2752 2108 2807 bcnsi
2133 2753 2424 2824 etﬂagellts
2443 2751 2638 2808 :tII‘ecti.
2661 2753 2770 2810 Nec
2805 2755 2879 2811 illi
2900 2756 3106 2810 factum
3133 2759 3356 2813 ittliciati
3385 2767 3534 2817 sunt.

1954 2842 2094 2911 Ergo
2123 2842 2325 2898 Niceta:
2361 2845 2631 2914 magistro
2677 2857 2733 2900 ct
2765 2844 3081 2902 Tlteoctisto
3138 2850 3311 2918 capita
3336 2851 3536 2919 praeci-

1955 2932 2170 2987 duntur.
2205 2934 2402 2989 Cmteri
2428 2936 2566 2990 male
2587 2936 2796 2990 multati
2828 2950 2878 2990 et
2906 2940 3194 3008 proscripti
3221 2950 3372 2994 extra
3400 2941 3535 2996 fines

1955 3025 2168 3092 imperii
2203 3029 2532 3096 relegantur.
2567 3028 2846 3083 Artemius
2873 3046 2996 3082 cutn
3030 3029 3271 3086 Sisinnio
3299 3033 3530 3102 patricio

1955 3123 2011 3171 et
2033 3117 2278 3188 Bulgaria
2324 3118 2628 3172 llcracliatn
2665 3121 2907 3188 pervenit
2949 3137 3070 3174 cum
3120 3122 3334 3187 lembis,
3395 3139 3532 3194 quos

1957 3207 2405 3263 Thessalonicam
2437 3209 2830 3276 subduxerant,
2861 3226 2980 3280 qua:
3011 3211 3084 3264 illi
3127 3215 3409 3286 tuonoxyla
3439 3229 3534 3270 vo.

1956 3308 2097 3355 cant.
2126 3300 2426 3372 Imperator
2469 3302 2688 3368 scriptis
2733 3301 2927 3356 litteris
2973 3303 3230 3374 Bulgztros
3279 3307 3530 3362 admouet

1955 3401 2014 3447 ut
2038 3393 2178 3446 bello
2210 3407 2394 3460 pacem
2430 3399 2762 3460 anteponant
2791 3402 2846 3446 et
2892 3393 3078 3448 hostes
3127 3409 3260 3451 suos
3295 3396 3414 3468 sibi
3477 3396 3533 3452 in

1956 3493 2280 3556 potesmtem
2324 3485 2558 3538 tradant.
2595 3481 2698 3550 Illi,
2737 3485 2803 3537 ad
2831 3484 3235 3538 excusationem
3259 3486 3532 3555 conversi,

1955 3577 2168 3640 veniam
2211 3573 2575 3642 deprecantur
2621 3583 2679 3628 et
2723 3589 2910 3642 pacem
2953 3573 3162 3628 ﬁrmam
3209 3575 3326 3630 fore
3369 3575 3532 3645 polli-

1955 3678 2169 3724 centur.
2211 3667 2334 3722 Mox
2368 3667 2675 3722 Artemium
2717 3682 2838 3721 cum
2876 3664 3276 3722 Thessalonica:
3305 3667 3533 3737 praesule

1957 3758 2201 3828 aliosque
2220 3759 2484 3828 plurimos
2513 3758 2728 3812 vinctos
2763 3757 2830 3810 ad
2869 3757 3252 3828 imperatorem
3287 3759 3532 3826 mittunt,

1957 3865 2062 3906 una
2088 3865 2210 3906 cmn
2251 3849 2476 3905 Sisinnii
2506 3849 2717 3919 patricii
2750 3851 2946 3918 capite,
2979 3850 3122 3918 quod
3171 3849 3220 3903 ei
3277 3849 3536 3919 praecide-

1956 3953 2124 4012 rant;
2157 3952 2322 4013 atque
2367 3943 2440 3998 ita
2469 3943 2521 3997 in
2558 3943 2792 4012 patriam
2825 3941 3028 3996 reversi
3057 3951 3200 3996 sunt.
3231 3941 3533 4010 Imperator

1955 4033 2260 4090 Artemium
2283 4041 2338 4088 et
2363 4033 2833 4104 archiepisCOpum
2861 4033 2912 4086 in
2945 4041 3276 4102 potestatem
3303 4031 3530 4098 habens,

1957 4128 2224 4182 ambobus
2276 4129 2330 4180 in
2376 4125 2618 4197 Cynegio
2667 4133 2830 4193 caput
2881 4121 3150 4191 amputari
3195 4123 3374 4190 jubet,
3421 4131 3532 4175 tmn

1955 4219 2198 4289 equestri
2245 4217 2560 4290 spectacqu
2606 4205 2732 4271 dato
2762 4217 3076 4270 eoruutdem
3132 4214 3311 4279 capita
3365 4221 3530 4268 conto

1957 4324 2222 4380 suspensa
2251 4324 2348 4378 per
2383 4309 2811 4378 Hippodromum
2847 4305 3074 4360 traduci.
3105 4303 3364 4372 Reliquos
3411 4317 3529 4356 om-

1957 4418 2055 4460 nes
2078 4401 2400 4458 verberibus
2425 4413 2595 4456 caesos
2624 4400 2848 4454 naribus
2891 4398 3184 4468 amputatis
3206 4405 3261 4451 et
3287 4395 3532 4465 publica-

1959 4497 2032 4550 tls
2076 4494 2240 4550 bonis
2269 4492 2496 4562 relegat.

275 4592 419 4654 Τοὺς
466 4592 525 4645 δὲ
571 4589 766 4656 ἄλλους
813 4587 1022 4654 πάντας
1069 4587 1426 4659 αἰκισάμενος
1463 4589 1560 4644 καὶ
1607 4589 1712 4654 τὰς
1743 4592 1896 4662 ῥῖνας
1933 4589 2116 4646 αὐτῶν
2164 4582 2412 4657 ἐκτεμὼν
2464 4583 2562 4639 καὶ
2605 4580 2885 4652 δημεύσας
2923 4577 3242 4650 ὑπερορίαις
3316 4577 3532 4632 κατεδί-

273 4705 436 4744 κασε.

345 4778 532 4833 Ταῦτα
556 4771 651 4832 οὖν
677 4774 1180 4850 καταπραξάμενος
1207 4777 1600 4848 προσκαλεῖται
1631 4776 1850 4850 Γερμα-

2027 4774 2168 4846 [Αιιε
2187 4769 2339 4844 720.]
2367 4769 2492 4825 Haec
2512 4767 2602 4824 ubi
2626 4766 2788 4833 facta,
2818 4766 3145 4822 Germanum
3168 4765 3530 4836 patriarcbam

1600 4928 1836 4988 VARIE
1886 4926 2294 4986 LECTIONES.

343 5066 394 5101 ”
419 5064 813 5141 παρέπεμψεν;
886 5066 932 5098 ’⁷
971 5063 1012 5120 I.
1041 5055 1191 5135 εἶχον
1219 5062 1494 5119 Petavius.
1573 5064 1617 5096 "'
1652 5064 2052 5136 ἀπηρτημένοις
2085 5063 2160 5119 P:
2189 5063 2260 5118 cl'.
2299 5077 2352 5130 p.
2382 5061 2417 5117 5
2445 5059 2532 5128 12,
2570 5061 2640 5116 55
2676 5060 2762 5126 12,
2783 5057 2854 5115 42
2877 5059 2930 5116 ι.

1625 5198 1898 5254 PETAVII
1934 5197 2168 5254 NO'NE.

344 5342 463 5413 (22)
505 5341 853 5398 Θεοδόσιον.
897 5339 1258 5413 Theophanes
1285 5339 1661 5394 Theoetistum
1707 5336 1855 5413 hunc

269 5409 550 5484 appellare
579 5415 816 5484 videtur,
839 5427 980 5465 anno
1005 5409 1201 5484 Leonis
1228 5410 1285 5472 5,
1317 5409 1853 5484 πρῶτοασηκρήτην,

271 5479 379 5552 hoc
412 5492 496 5536 est
531 5483 765 5552 primum
819 5499 857 5552 a
884 5481 1130 5534 secretis.
1174 5481 1288 5552 Imo
1333 5479 1496 5552 etiam
1543 5479 1699 5552 paulo
1734 5487 1856 5545 post

271 5544 616 5622 Nicephoi'us
637 5551 1010 5607 Theoctistum
1043 5544 1574 5622 eumdemiappellat.
1608 5544 1854 5622 Fuerunt

267 5617 430 5693 ϐροιί
473 5625 816 5693 notariorum
863 5621 1084 5693 ordines
1112 5619 1147 5693 5_
1180 5637 1195 5672 :
1239 5621 1329 5693 alii
1362 5617 1574 5693 notarii
1597 5617 1851 5693 .tribuni,

1967 5343 2185 5398 notarii.
2226 5343 2362 5398 Vide
2417 5351 2531 5397 not.
2583 5341 2712 5408 imp.
2751 5338 3112 5408 Cassiodorus
3142 5335 3194 5408 il.
3232 5351 3249 5391 ι
3305 5333 3424 5408 νον.
3457 5333 3536 5392 ιι

1963 5430 1982 5463 ι
2021 5412 2183 5466 Pater
2207 5414 2348 5466 enim
2378 5407 2715 5466 Candidatus
2748 5410 2847 5462 sub
2885 5407 3263 5462 Valentiniano
3297 5407 3540 5476 print-ipe

1954 5483 2125 5550 gessit
2171 5484 2376 5537 tribuni
2435 5491 2490 5536 et
2549 5480 2745 5534 notarii
2796 5477 3144 5550 laudabiliter
3191 5477 3534 5550 dignitatem.

1954 5546 2140 5605 Iiunor
2169 5554 2260 5619 Qui
2292 5563 2424 5606 tunc
2447 5551 2680 5605 dabatur
2721 5549 2976 5620 egregiis,
3003 5547 3129 5620 dum
3163 5547 3231 5601 ad
3264 5546 3540 5615 imperiale

1951 5618 2228 5676 secretum
2289 5623 2422 5677 tales
2469 5631 2686 5675 constet
2726 5618 2952 5688 eligi—in
2997 5618 3197 5688 quibus
3249 5621 3540 5684 reprelien-

270 5685 516 5747 tribunis
565 5691 909 5760 praetorianis
952 5691 1185 5759 aequati;
1239 5689 1328 5760 alii
1379 5685 1665 5760 domestici
1687 5725 1728 5760 ,__
1757 5685 1849 5760 qui
1950 5691 2122 5745 siouis
2153 5693 2342 5746 vitium
2378 5699 2611 5760 nequeat
2643 5685 2876 5760 inveniri
2904 5685 3130 5760 {itaque
3159 5687 3186 5739 ὁ
3216 5702 3541 5760 πρωτοαση-

268 5757 592 5832 imperatori
621 5778 650 5816 a
675 5761 902 5816 secretis
933 5757 1120 5826 erant;
1151 5758 1294 5814 tertii
1323 5757 1614 5840 inferiores
1644 5757 1846 5814 tribuni

1951 5762 2164 5832 κρὴτης
2193 5772 2278 5818 est
2309 5756 2620 5832 πρώτιστος
2648 5759 2756 5814 τῶν
2791 5756 3090 5829 βασιλικῶν
3135 5758 3540 5829 γραμματέων.
