4016 6494
282 309 392 376 9ῗὸ

1250 312 1348 372 DE
1390 309 1640 371 REBUS
1676 309 1863 372 POST
1902 310 2347 372 MAURICIUM
2386 309 2678 372 GESTIS.

3463 305 3567 376 966

359 422 512 478 Μετὰ
537 421 594 476 δὲ
626 422 805 478 ταῦτα
832 423 858 476 ό
889 422 1144 493 βασιλεὺς
1178 421 1422 494 ἀθροίζει
1466 423 1718 476 πλεῖστον
1745 421 1874 475 λαὸν

2051 421 2180 478 Post
2229 424 2344 478 hare
2381 424 2700 494 imperator,
2747 422 2951 494 ingenti
2999 424 3196 480 civium
3245 437 3472 478 numero
3512 427 3565 478 in

285 523 383 592 τῆς
411 515 622 580 πόλεως
651 515 780 588 περὶ.
813 515 884 568 τὰ
921 513 1186 584 βασίλεια,
1220 515 1315 567 καὶ
1347 515 1610 584 συγκαλεῖ
1642 514 1735 567 τὸν
1756 514 1877 568 τότε

281 611 383 680 τῆς
402 609 614 672 πόλεως
636 607 898 680 ἀρχιερέα
909 605 1210 676 Γερμανὸν,
1231 607 1324 658 καί
1345 605 1741 676 συγγράφεινθδ
1766 602 1877 674 (28)

283 701 432 756 κατᾶ
457 701 554 772 τῆς
590 700 963 772 καθαιρέσεως
986 697 1096 753 τῶν
1125 699 1348 752 εἰκόνων
1374 698 1482 752 τῶν
1509 699 1682 767 ἁγίων
1707 697 1880 769 ἠνάγ-

281 794 552 860 καζεν.⁹0
581 795 638 846 δὲ
667 795 966 867 παρῃτεῖτο
991 792 1090 848 καὶ
1114 793 1214 861 τὴν
1247 790 1549 862 ἱερωσύνην
1577 789 1876 853 ἀπέϐαλεν,

279 883 738 962 λέγωνὼςιἍνευ
767 883 1156 955 οίκουμενικῆς
1207 881 1430 935 συνόδου
1480 879 1757 950 ἔγγραφον
1787 878 1878 933 πί-

285 997 409 1033 στιν
441 978 542 1030 οὐκ
573 975 884 1046 ὲκτίθεμαι.
912 975 1159 1028 Ἐκεῖθεν
1192 973 1286 1026 ἐπὶ
1318 972 1408 1024 τὸν
1439 970 1706 1043 πατρικὸν
1729 965 1877 1024 οἷκον

281 1071 579 1140 γενόμενος
628 1068 794 1122 αὑτοῦ
843 1068 936 1123 τὸν
985 1069 1083 1138 τῆς
1133 1067 1280 1136 ζωῆς
1322 1065 1581 1136 βιοτεύων
1607 1064 1878 1119 διετέλεσε

280 1163 500 1236 χρόνον.
531 1161 666 1216 Μετ’
692 1160 855 1214 αὑτὸν
887 1159 944 1213 δὲ
969 1160 1412 1232 προχειρίζονται
1437 1158 1696 1229 ἀρχιερέα
1721 1156 1880 1212 Ἀνα-

285 1259 540 1320 στάσιον,
580 1254 844 1325 κληρικὸν
892 1255 990 1323 τῆς
1018 1251 1281 1322 Μεγάλης
1305 1250 1635 1320 Ἑκκλησίας
1674 1249 1880 1320 τυγχάο

280 1364 468 1404 νοντα.
492 1347 583 1414 Ἐξ
633 1345 846 1400 ἐκείνου
884 1345 1064 1399 τοίνυν
1099 1343 1286 1397 ’πολλοὶ⁹
1329 1343 1438 1397 τῶν
1487 1341 1876 1408 εὐσεϐούντων,

281 1443 400 1496 ὅσοι
432 1441 512 1511 τῷ
544 1439 803 1511 βασιλείῳ
831 1439 890 1492 οὑ
924 1436 1264 1492 συνετίθεντο
1301 1437 1535 1508 δόγματι
1555 1479 1568 1502 ,
1605 1436 1877 1505 τιμωρίας

280 1533 546 1594 πλείστας
571 1531 666 1583 καὶ
696 1527 987 1597 αἰκισμοὺς
1025 1525 1319 1597 ὑπέμενον.

348 1625 447 1678 Ἐν
478 1617 523 1692 ᾧ
549 1623 606 1676 δὲ
635 1620 780 1675 οὑτω
802 1618 978 1672 ταῦτα
1010 1619 1332 1690 ἐπράττετο,
1360 1617 1638 1688 ἐκπέμπει
1665 1618 1694 1670 ὁ
1725 1614 1880 1686 βασι-

280 1717 409 1782 λεὺς
443 1715 580 1786 πρὸς
621 1713 713 1768 τὸν
759 1712 854 1766 τοῦ
887 1712 1076 1776 ἔθνους
1109 1713 1218 1765 τῶν
1252 1709 1524 1782 Χαζόιρων
1551 1712 1874 1781 ἡγούμενον,

283 1811 379 1864 καὶ
417 1810 518 1878 τὴν
545 1804 714 1860 αὑτοῦ
759 1805 1038 1876 θυγατέρα
1079 1803 1505 1874 μεταπέμπεται
1545 1803 1640 1856 καὶ
1667 1802 1747 1872 τῷ
1778 1800 1882 1873 υἱῷ
1915 1793 1954 1848 Β

283 1901 687 1970 Κωνσταντίνῳ
738 1901 821 1964 είς
866 1902 1106 1968 γυναῖκα
1157 1895 1537 1967 κατηγγύησε.
1571 1895 1779 1967 Χρόνου
1822 1893 1880 1948 δὲ

291 1998 496 2068 μεταξὺ
529 1997 640 2068 (29)
671 1995 1042 2067 παρελθόντος
1075 1993 1302 2063 σεισμὸς
1327 1992 1629 2064 ἐνσκήπτει
1655 1989 1798 2044 κατὰ
1821 1989 1882 2044 τὸ

292 2093 612 2156 Βυζάντιον,
653 2087 771 2160 μεθ’
799 2078 861 2140 οὗ
896 2087 990 2140 καὶ
1023 2085 1243 2138 πόλεσιν
1283 2083 1500 2156 ἑτέραις
1546 2083 1641 2136 καὶ
1681 2081 1882 2154 χώροις

299 2183 528 2253 ἰσχυρῶς
559 2181 874 2252 ἐπιφύεται.
907 2179 1020 2232 Καὶ
1051 2179 1150 2250 ἤδη
1195 2177 1391 2240 ἄλλους
1433 2193 1492 2230 τε
1540 2173 1768 2238 πολλοὺς
1801 2175 1882 2229 οῖ-

303 2292 432 2338 κους
464 2275 552 2327 καὶ
585 2275 768 2345 ἱεροὺς
810 2271 976 2335 ναοὺς
1019 2271 1117 2324 καὶ
1153 2268 1315 2332 στοὰς
1358 2268 1570 2338 ἁθρόως
1613 2269 1882 2322 ἐπικατα-

303 2367 500 2430 ϐάλλει,
526 2368 590 2420 ἐκ
628 2363 866 2436 πρώτων
909 2361 1129 2436 βάθρων
1168 2360 1350 2417 αὑτῶν
1376 2359 1526 2414 ἔστιν
1557 2357 1650 2422 οὓς
1675 2359 1882 2412 τούτων

295 2457 621 2530 ἀνατρέψας,
653 2459 750 2511 καὶ
786 2457 880 2514 τὸν
919 2455 1062 2509 θεῖον
1092 2454 1221 2508 ναὺν
1235 2453 1280 2484 ⁸⁸
1305 2453 1363 2506 ὃν
1390 2453 1492 2524 τῆς
1520 2452 1680 2522 ἁγίας
1711 2453 1882 2523 Εἰρή-

291 2563 387 2616 νης
422 2544 711 2616 ἐπώνυμον
754 2543 985 2599 καλοῦσι
1019 2543 1362 2608 κατέσεισεν,
1409 2541 1468 2605 ὃς
1514 2541 1884 2614 πλησιαίτατα

285 2639 386 2709 τῆς
415 2637 676 2708 Μεγάλης
713 2637 1041 2708 Ἔκκλησίας
1077 2637 1312 2708 ἵδρυται.
1337 2635 1473 2690 Μεθ’
1495 2635 1556 2688 ὃν
1590 2640 1683 2690 καὶ
1709 2637 1738 2689 ὁ
1759 2635 1887 2706 Ἀρ-

285 2732 476 2785 καδίου
524 2731 618 2784 τοῦ
647 2731 817 2786 πάλαι
851 2730 1142 2802 Ῥωμαίων
1185 2730 1254 2784 τὰ
1301 2730 1560 2800 σκῆπτρα
1615 2729 1886 2793 ίθύνοντος

283 2820 534 2891 ἀνδριὰς,
568 2820 627 2884 ὃς
679 2820 823 2874 κατὰ
871 2821 962 2874 τὸν
1013 2820 1314 2891 λεγόμενον
1356 2819 1725 2891 Ξηρόλοφονθτ
1753 2819 1886 2873 καθ-

285 2913 498 2985 ὕπερθε
525 2913 623 2966 τοῦ
649 2912 918 2982 γλυφαίου
949 2914 1166 2985 ἵδρυται
1199 2912 1400 2977 κίονος,
1435 2912 1578 2966 κατὰ
1605 2911 1713 2983 γῆς
1743 2911 1888 2966 ἄνω-

1981 513 2238 582 palatium
2269 512 2529 578 collecto,
2570 531 2677 570 una
2726 523 2780 570 et
2822 514 3158 570 Germanum
3195 514 3564 583 patriarcham

1979 603 2250 660 advocat:
2293 615 2403 660 tum
2447 605 2586 674 apud
2629 620 2749 660 eum
2788 605 3164 660 vehementius
3215 606 3384 660 instat
3409 613 3468 660 ut
3503 605 3571 660 de

1980 697 2155 753 sacris
2180 698 2510 768 imaginibus
2531 699 2844 753 evertendis
2869 699 3134 767 scriptum
3172 698 3391 765 aliquod
3425 698 3571 753 face-

1981 801 2082 845 ret.
2111 789 2264 856 Quod
2291 789 2382 846 ille
2411 791 2609 856 renuit,
2641 799 2696 847 et
2727 791 3042 862 episcopatu
3081 792 3243 846 cessit
3270 789 3385 863 [an.
3416 789 3568 862 750].

1987 899 2006 933 ι
2048 881 2232 953 Neque
2267 884 2438 950 enim,
2486 885 2506 936 δ
2545 885 2759 956 inquit,
2815 902 2835 936 ι
2871 885 2991 940 sine
3034 885 3307 954 generalis
3353 885 3568 940 concilii
3622 917 3627 922 ι

1981 971 2308 1030 auctoritate
2361 974 2527 1030 ullum
2585 977 2866 1045 religionis
2919 979 3116 1046 dogma
3162 979 3366 1047 scripto
3415 991 3568 1034 com-

1982 1067 2160 1124 mitto.
2192 1087 2212 1120 ι
2248 1067 2392 1138 Ergo
2425 1083 2549 1124 cum
2585 1085 2644 1126 se
2672 1079 2952 1140 paternam
2988 1072 3040 1124 in
3077 1071 3294 1126 domum
3326 1073 3566 1142 recepis-

1981 1169 2094 1225 set,
2143 1160 2252 1216 illic
2286 1161 2554 1232 reliquum
2611 1163 2735 1217 vitae
2783 1146 2998 1232 tempus
3038 1164 3239 1234 exegit.
3283 1161 3454 1233 Hujus
3512 1163 3567 1218 in

1981 1251 2157 1308 locum
2185 1253 2506 1309 Anastasius
2531 1255 2898 1319 substituitur,
2929 1255 3184 1310 Ecclesiae
3221 1255 3428 1326 Magum
3461 1255 3570 1310 cle-

1981 1347 2151 1402 ricus.
2191 1347 2456 1416 Deinceps
2479 1347 2590 1418 66
2634 1348 2818 1418 itaque
2851 1347 3006 1402 multi
3039 1349 3269 1404 studiosi
3313 1348 3566 1418 pietatis,

1981 1439 2072 1508 qni
2110 1437 2466 1505 imperatorio
2503 1439 2740 1509 dogmati
2771 1438 3029 1494 assentiri
3078 1439 3368 1506 nolebant,
3404 1439 3572 1494 variis

1979 1530 2155 1600 poenis
2181 1539 2346 1599 atque
2375 1529 2689 1600 ignominiis
2711 1528 2890 1585 allecti
2920 1538 3070 1585 sunt.

2049 1622 2186 1676 Dum
2227 1622 2341 1678 haec
2373 1631 2630 1696 aguntur,
2689 1622 2990 1692 imperator
3036 1621 3242 1692 legatos
3269 1623 3334 1676 ad
3361 1620 3572 1676 Chaza-

1982 1729 2100 1768 rum
2151 1713 2454 1784 principem
2503 1714 2710 1780 mittit,
2751 1713 2846 1785 qui
2893 1711 3012 1782 ejus
3065 1711 3230 1767 tiliam
3286 1722 3570 1782 peterent,

1987 1821 2148 1876 quam
2180 1806 2536 1862 Constantino
2563 1807 2672 1862 lilio
2697 1807 3012 1878 despondit.
3048 1805 3340 1876 lnterjecto
3377 1807 3574 1862 deinde

1989 1895 2266 1966 aliquanto
2300 1905 2567 1966 tempore,
2603 1897 2926 1968 Byzantium
2959 1905 3120 1952 terra:
3159 1905 3308 1950 motu
3340 1911 3572 1952 concus-

1988 2004 2106 2046 sum
2146 1998 2229 2045 est
2275 1989 2388 2061 [ειη.
2432 1989 2583 2062 752],
2617 2006 2726 2060 quo
2768 1999 2825 2046 et
2865 1991 2986 2046 aliae
3022 1993 3184 2046 nrbes
3217 2002 3281 2044 ac
3313 1988 3430 2044 loca
3465 2003 3572 2044 non

1990 2080 2199 2136 minore
2237 2079 2440 2151 impetu
2473 2091 2730 2152 quassata
2759 2091 2906 2138 sunt.
2935 2081 3013 2138 Ac
3045 2091 3156 2138 tum
3197 2083 3340 2136 aedes
3373 2080 3493 2136 aliae
3517 2089 3574 2136 et

1990 2172 2234 2228 ecclesiae
2260 2187 2325 2227 ac
2349 2158 2591 2244 porticus
2622 2173 2864 2240 dejeetaa,
2903 2182 2958 2230 et
2989 2189 3056 2230 ex
3085 2175 3216 2246 ipsis
3243 2173 3570 2229 fundamen-

1995 2265 2063 2321 tis
2097 2264 2344 2336 qutcdam
2377 2281 2564 2320 earum
2591 2265 2900 2334 subversae;
2943 2277 3054 2321 tum
3087 2282 3208 2337 quae
3238 2275 3438 2322 sanctae
3463 2263 3574 2321 Ire-

1991 2369 2088 2409 nes
2145 2357 2363 2410 nomine
2408 2354 2657 2411 dedicata
2702 2341 2821 2412 erat
2866 2357 3130 2423 concidit,
3178 2357 3322 2412 haud
3356 2357 3514 2428 longe
3541 2371 3574 2410 a

1989 2445 2196 2517 Maiore
2223 2447 2466 2503 Ecclesia
2501 2449 2624 2504 sita.
2659 2449 2786 2504 Post
2813 2448 2954 2504 hanc
2978 2457 3033 2504 et
3059 2449 3277 2504 Arcadii
3303 2450 3575 2520 quondam

1989 2541 2341 2609 imperatoris
2381 2541 2732 2597 simulacrum
2782 2543 3025 2610 corruit,
3055 2544 3198 2614 quod
3245 2543 3300 2596 in
3352 2542 3576 2598 Xerolo-

1988 2635 2096 2704 pho
2126 2633 2262 2706 (hoc
2305 2635 2354 2690 ei
2387 2635 2512 2690 loco
2543 2650 2737 2692 nomen
2782 2636 2907 2701 est)
2951 2619 3116 2708 supra
3175 2636 3418 2692 caelatain
3482 2651 3576 2692 co-

1989 2725 2232 2780 lumnam
2260 2737 2506 2783 erectum
2539 2739 2641 2784 est.
2676 2729 2743 2782 Et
2777 2729 2843 2783 ad
2865 2745 3065 2783 annum
3109 2745 3280 2798 usque
3307 2739 3466 2784 terrae
3491 2727 3580 2783 ille

1993 2831 2170 2874 motus
2197 2822 2600 2888 perseveravit;
2649 2821 2803 2890 cujus
2835 2833 2979 2877 metu
3015 2822 3262 2892 plerique
3299 2823 3432 2878 urbe
3455 2837 3580 2892 pro-

1991 2911 2164 2982 gressi
2194 2921 2349 2966 extra
2384 2913 2588 2967 mantia
2621 2913 2672 2968 in
2705 2914 2990 2984 tuguriolis
3019 2917 3333 2970 manebant.

283 3010 380 3066 θεν
415 3011 665 3084 ἔρριπτο-
695 3009 948 3080 Διέμνεινε
977 3010 1036 3064 δὲ
1067 3011 1136 3063 τὰ
1175 3009 1270 3063 τοῦ
1307 3009 1470 3062 σάλου
1507 3009 1634 3080 ἄχρι
1676 3008 1769 3062 καὶ
1806 3011 1889 3072 είς
1927 3007 2177 3062 ἐνιαυτὸν
2203 3008 2325 3062 ὅλον
2345 3023 2357 3038 ·
2385 3009 2467 3062 διὸ
2493 3009 2741 3063 πλεῖστοι
2769 3011 2870 3079 τῆς
2901 3011 3111 3074 πόλεως
3173 3011 3459 3082 προϊόντες
3483 3012 3578 3066 καὶ

279 3108 392 3174 ἔξω
423 3107 620 3178 τειχῶν
651 3105 1006 3176 αὐλιζόμενοι
1033 3107 1114 3170 εἰς
1141 3105 1385 3170 καλύϐας
1415 3107 1738 3176 κατέμενον.

352 3197 516 3250 Λέων
546 3195 604 3248 δὲ
638 3193 844 3265 perdt“
871 3194 1120 3266 τέσσαρα
1155 3194 1250 3249 καὶ
1283 3195 1458 3262 εἴκοσι
1492 3195 1604 3267 (50)
1647 3194 1742 3267 ἔτη
1782 3197 1885 3268 τῆς
1911 3203 1956 3262 c

277 3289 571 3362 βασιλείας
607 3288 965 3358 μεταλλάττει
992 3288 1083 3342 τὸν
1119 3287 1236 3359 βίον
1263 3288 1439 3360 ὑδέρῳ
1473 3289 1694 3361 χαλεπῷ
1725 3303 1883 3362 περι-ι

276 3381 497 3445 πεσὼν,
527 3380 772 3450 διάδοχον
817 3379 875 3433 δὲ
926 3379 1026 3450 τῆς
1074 3381 1249 3452 ἀρχῆς
1283 3381 1396 3452 (51)
1435 3380 1526 3435 τὸν
1575 3381 1691 3434 υἱὸν
1723 3384 1884 3438 Κων-

277 3473 572 3528 σταντῖνον
593 3469 1024 3541 καταλιμπάνει.
1043 3469 1384 3542 Ἀρτάϐαζος
1405 3471 1518 3543 (52)
1548 3471 1625 3537 δὲ,
1657 3471 1716 3536 ὃς
1737 3489 1882 3542 γαμ-

275 3564 422 3636 ϐρὸς
469 3562 886 3618 Κωνσταντίνου
933 3561 1022 3615 ἐπ’
1058 3561 1263 3634 ἀδελφῇ
1309 3561 1592 3634 ὑπῆρχεν,
1639 3563 1754 3634 ἅμα
1803 3561 1878 3634 τῷ

277 3654 605 3728 περιόντιδθ
653 3653 772 3724 λαῷ
819 3652 1171 3727 (στρατηγὸς
1219 3653 1278 3707 δὲ
1327 3653 1422 3707 τοῦ
1459 3653 1701 3724 Ὀψικίου
1749 3653 1880 3708 λαοῦ

274 3745 636 3818 ἐτύγχανεν),
666 3747 764 3800 καὶ⁹
802 3749 918 3810 τοῖς
966 3745 1118 3799 δυσὶν
1157 3745 1352 3811 υἱέσιν,
1389 3739 1465 3799 ὧν
1495 3748 1524 3799 ὁ
1559 3746 1658 3816 μὲν
1693 3746 1882 3818 ἕτερος

273 3839 542 3909 Νικήτας
587 3838 816 3910 θάτερος
859 3839 914 3892 δὲ
964 3838 1283 3908 Νικηφόρος
1313 3837 1578 3908 ἐκέκλητο
1600 3878 1613 3902 ,
1645 3839 1787 3892 κατὰ
1819 3840 1880 3892 τὸ

269 3929 589 4002 λεγόμενον
637 3929 733 3984 τοῦ
781 3928 1078 4001 Δορυλαίου
1131 3927 1310 3982 πεδίον
1361 3925 1630 3999 ηὐλίζετο.
1665 3929 1774 3982 Καὶ
1816 3929 1881 4002 δὴ

272 4021 586 4093 τυραννίδα
612 4021 776 4083 εὐθὺς
807 4022 928 4075 κατ’
953 4019 1119 4075 αὑτοῦ
1151 4019 1383 4092 μελετᾷ,
1412 4018 1506 4074 τὸν
1543 4019 1640 4074 τοῦ
1687 4021 1885 4076 πενθε-

277 4114 384 4181 po?)
435 4112 678 4166 θάνατον
716 4112 1026 4184 πυθόμενος
1050 4128 1065 4142 °
1097 4115 1192 4164 καὶ
1227 4111 1413 4182 ὅρκοις
1451 4110 1542 4164 τὸν
1588 4112 1694 4166 ὑπὸ
1723 4115 1882 4184 χεῖρα

275 4203 618 4274 κατεδέσμει
649 4204 778 4258 λαὸν
804 4205 954 4274 αὑτῴ
987 4205 1086 4274 μὲν
1119 4191 1310 4257 εὔνουν
1341 4201 1581 4273 ἔσεσθαι,
1612 4204 1802 4276 ἕτερον
1821 4206 1881 4260 δὲ

271 4297 365 4360 εἰς
402 4294 631 4366 βασιλέα
659 4297 737 4368 μὴ
759 4296 1043 4368 δέχεσθαι,
1066 4296 1478 4362 Κωνσταντῖνος
1507 4297 1585 4364 δὲ,
1605 4297 1704 4368 τῆς
1723 4296 1882 4368 βασι-

2060 3192 2346 3267 [Αη.741.]
2375 3193 2482 3250 Leo
2509 3203 2702 3265 quarto
2721 3204 2776 3250 et
2800 3195 3057 3252 vicesimo
3078 3195 3294 3268 imperii
3321 3199 3404 3254 sui
3432 3212 3580 3255 anno

1990 3301 2055 3344 ex
2088 3302 2230 3356 aqua
2259 3289 2528 3344 intercute
2562 3289 2814 3350 moritur,
2847 3288 3206 3346 Constantino
3234 3291 3343 3346 lilio
3369 3307 3581 3348 succes-

1988 3393 2114 3434 sore
2164 3379 2377 3450 imperii
2433 3380 2646 3438 relicto.
2692 3381 2998 3438 Artabazus
3049 3396 3184 3438 vero
3231 3382 3579 3452 imperatoris

1988 3488 2154 3544 gener
2183 3471 2566 3538 (Constantini
2597 3474 2642 3530 is
2667 3489 2914 3532 sororem
2944 3475 2995 3529 in
3024 3477 3374 3532 matrimonio
3404 3477 3579 3534 habe-

1984 3567 2114 3639 bat)
2146 3583 2271 3622 cum
2303 3567 2367 3624 iis
2394 3568 2487 3638 qui
2510 3569 2577 3623 de
2609 3562 2806 3639 populo
2829 3569 3215 3640 superfuerant
3240 3572 3260 3642 (
3283 3583 3400 3628 erat
3432 3573 3579 3628 enim

1985 3655 2462 3727 Obscquianorum
2513 3659 2642 3731 dux)
2673 3675 2738 3714 ac
2769 3661 2980 3717 duobus
3015 3661 3140 3718 [iliis
3167 3663 3277 3734 67
3313 3663 3498 3718 Niceta
3528 3673 3586 3718 et

1984 3745 2292 3818 Nicephoro
2337 3750 2390 3804 in
2442 3748 2672 3821 θοι-νιωί
2723 3765 2918 3821 campo
2970 3753 3267 3810 stationem
3317 3752 3580 3810 habebat.

1988 3840 2108 3906 Hic,
2135 3843 2318 3898 audita
2359 3844 2534 3898 soceri
2587 3853 2784 3911 morte,
2838 3845 2906 3900 de
2951 3845 3252 3900 invadenda
3299 3847 3586 3916 tyrannide

1987 3933 2274 3989 consilium
2319 3935 2484 4006 capit.
2526 3935 2706 4002 Quare
2747 3937 3004 4006 populum
3045 3951 3262 3991 omnem
3307 3952 3468 4007 quem
3524 3939 3580 3992 in

1988 4035 2260 4092 petestatc
2299 4025 2532 4080 habebat
2566 4037 2914 4082 sacramento
2949 4027 3160 4096 adigit,
3190 4025 3326 4106 fidos
3370 4026 3470 4082 sibi
3513 4041 3582 4082 ac

1988 4116 2284 4172 benevolos
2314 4115 2431 4172 fore
2455 4157 2470 4182 ,
2503 4132 2602 4172 nec
2645 4117 2880 4172 alterum
2916 4117 3296 4188 imperatorem
3331 4130 3580 4189 receptu-

1990 4209 2535 4276 ros.Constantinus,
2563 4213 2901 4281 simulatque
2922 4213 3134 4283 imperii
3162 4227 3382 4284 compos
3407 4212 3579 4267 tactus

1989 4309 2108 4366 est,
2139 4316 2263 4356 cum
2311 4301 2516 4358 delecta
2569 4304 2844 4359 exercitus
2893 4317 3046 4374 parte
3086 4315 3240 4360 extra
3285 4305 3473 4359 urbem
3524 4305 3576 4358 in

1570 4453 1820 4527 vanus
1839 4454 2242 4515 LECTIONES.

352 4615 408 4646 εδ
426 4611 773 4686 ὑπργράφειν
795 4608 1068 4666 Petavius.
1143 4611 1191 4643 ⁸⁸
1218 4627 1312 4684 γρ.
1339 4611 1476 4669 νεὼν
1508 4629 1694 4686 margo
1719 4613 1783 4671 P.
1859 4615 1906 4648 ⁸⁷

352 4628 408 4646 ου
433 4628 742 4680 υπογοαφει

273 4682 445 4740 όντιῖ
472 4682 546 4736 cf.
574 4661 662 4750 32,
689 4682 742 4734 7.

1930 4631 2024 4688 γρ.
2047 4617 2226 4686 Λόφον
2259 4633 2443 4690 margo
2470 4616 2531 4670 P.
2609 4619 2656 4651 ⁸⁸
2686 4619 2824 4691 μετὰ
2853 4620 2978 4674 add.
3005 4619 3276 4674 Petavius.
3353 4621 3398 4654 ⁸⁹
3431 4638 3576 4692 παρη

1687 4779 1868 4836 PETA
1881 4779 1966 4836 Vl]
1997 4782 2235 4838 NO'l‘x‘E.

353 4894 479 4974 (28)
510 4892 620 4974 {{ng
651 4892 1047 4974 σιίτγρᾴξερι.
1083 4892 1199 4974 Hoc
1225 4904 1452 4966 contigit
1481 4895 1798 4974 TliQOphatii
1828 4915 1880 4954 a.
1913 4907 1959 4963 ι)
1991 4901 2158 4974 coepit
2178 4917 2232 4956 a.
2261 4902 2330 4974 (ζ.
2357 4901 2482 4971 7i0,
2519 4902 2673 4973 cyclo
2701 4902 2834 4958 solis
2853 4901 3032 4968 9.1,lit.
3070 4901 3222 4957 Dom.
3256 4899 3318 4954 B.
3352 4901 3424 4956 ita
3451 4902 3572 4960 Oet.

269 4963 496 5024 Leonis
523 4965 613 5030 15,
641 4965 795 5018 nobis
840 4963 926 5017 14.
965 4963 1256 5029 Depositus
1285 4963 1526 5021 est'vero
1565 4963 1882 5024 S.'Germa-‘

265 5055 390 5095 itus
427 5035 670 5089 Januarii
709 5033 797 5087 die
826 5032 882 5096 7,
917 5034 996 5088 ait
1026 5032 1418 5104 Theophanes,
1456 5037 1646 5092 indict.
1681 5041 1768 5104 l5,
1801 5040 1883 5095 l‘e-

265 5112 362 5164 ria
405 5107 459 5160 5.
495 5106 604 5160 Sed
634 5119 917 5172 perperam
943 5119 1042 5172 pro
1073 5105 1204 5158 leria
1229 5105 1278 5168 7,
1306 5117 1565 5163 autcerle
1585 5107 1826 5164 Januarii
1851 5111 1884 5165 5

263 5177 597 5246 legendum.
621 5175 746 5250 Erat
770 5175 951 5250 cyclus
967 5175 1100 5250 solis
1127 5175 1339 5250 ll,_l_itt.
1356 5177 1524 5250 Dom.
1551 5181 1592 5232 A
1621 5195 1636 5244 ;
1667 5197 1775 5250 quo
1797 5182 1884 5237 die

263 5244 553 5320 inilictntn
601 5244 776 5320 SttCI‘i_S
812 5244 1146 5320 imaginibus
1187 5247 1486 5320 silentium,
1535 5259 1594 5304 ιιι
1637 5244 1879 5320 Ιόῳιίιυν

259 5319 653 5386 Theophanes
673 5355 687 5379 ,
714 5315 780 5367 ab
811 5314 1206 5391 luereticorunt
1219 5318 1249 5371 h
1262 5317 1412 5391 ujus_
1427 5323 1688 5388 temporis
1709 5314 1884 5391 Signi-

1988 4971 2059 5028 26
2081 4971 2232 5026 ιρι-ὗε
2275 4972 2330 5027 4.

2054 5043 2168 5116 (50)
2207 5043 2484 5116 [ἐσσαρα
2503 5043 2604 5098 καὶ
2633 5045 2854 5100 εἴκοσι.
2877 5043 3007 5114 Leg.
3040 5041 3179 5114 μετὰ
3206 5041 3451 5116 τέσσαρα
3480 5047 3578 5100 καὶ

1983 5113 2180 5168 εἴκοσι.
2217 5113 2352 5169 Vide
2391 5130 2528 5185 quzeﬂ
2549 5131 2712 5185 supra
2756 5113 3175 5185 disputavimus.
3205 5113 3576 5185 Addit'l'neo-

1981 5189 2192 5255 phanes
2237 5201 2252 5239 :
2291 5181 2452 5249 Ἔτος
2499 5181 2567 5256 ἦν
2597 5181 2706 5256 ἀπὸ
2757 5181 2858 5254 μὲν
2897 5184 3388 5256 κτίσεωςγκόσμου
3435 5185 3578 5239 κατά

1992 5256 2300 5328 Ῥωμαίους
2322 5255 2531 5328 Δςσμηί
2561 5255 2670 5309 ἀπὸ
2692 5256 2891 5328 λ’ᾼδὰμ
2912 5256 3096 5328 ,κατὰ
3119 5255 3578 5328 ᾗδὲ-Αἰγυπτίους

1981 5324 2165 5398 ἤγουν
2192 5324 2564 5398 Ἀλεξανδρεῖς
2597 5325 2799 5396 ,ςσλβ’,
2853 5324 2962 5380 ἀπὸ
3015 5326 3072 5378 δὲ
3107 5324 3380 5378 Φιλίππου
3433 5326 3580 5382 κατὰ

267 5381 506 5468 ι’«εῖουὶξι
553 5385 892 5468 exsecrando
933 5381 1138 5468 Decrius.
1175 5381 1329 5468 sedit
1373 5381 1681 5468 Germanus
1729 5381 1794 5446 εἴ
1823 5394 1887 5448 14
1987 5381 2482 5468 Ιίίακεδόναςξαξγῗ.

267 5477 356 5516 in.
405 5456 440 5510 5
469 5458 522 5512 tl.
553 5457 606 5510 7.
634 5456 713 5511 Ac
742 5455 988 5509 Januarii
1031 5456 1104 5510 22
1133 5455 1390 5513 suli‘ectus
1423 5459 1474 5514 ei
1520 5473 1605 5514 est
1648 5463 1887 5518 Anasta-

268 5544 478 5667 δμξὲῥ)
509 5597 739 5666 Χρόνου
777 5597 846 5652 δέ
880 5597 1130 5667 μεταξύ.
1176 5599 1332 5652 Anno
1363 5597 1562 5655 Leonis
1592 5577 1682 5665 2d,
1716 5604 1884 5659 Octo-

263 5671 332 5724 b:
353 5672 410 5722 is
437 5668 524 5735 26',
557 5671 669 5722 ind.
702 5668 755 5734 9,
790 5669 921 5723 feria
949 5670 1005 5724 4.
1043 5671 1172 5721 hora
1202 5668 1234 5721 8
1263 5671 1553 5725 vehemens
1584 5673 1675 5728 ille
1704 5683 1883 5728 terrae-

265 5745 476 5795 mbtus
526 5739 743 5807 accidit,
797 5748 850 5794 ut
901 5737 1092 5795 scribit
1136 5737 1514 5810 Theophanes.
1563 5742 1796 5800 lndictio
1844 5748 1876 5801 9

2057 5468 2169 5539 (51)
2195 5464 2488 5539 Διάδόχὸγ
2515 5467 2584 5520 δὲ
2627 5467 2738 5539 τῆς
2780 5467 2998 5537 ἀρχῆς.
3035 5464 3235 5539 Eodem
3271 5479 3323 5518 a.
3357 5465 3452 5522 7-H
3492 5465 3578 5539 ign-

1985 5537 2114 5594 dici.
2149 5537 2201 5605 9,
2237 5539 2383 5594 Junii
2417 5538 2502 5604 l8,
2541 5537 2937 5594 Constantinus
2981 5537 3269 5605 imperium
3307 5537 3568 5606 Capessit.

2057 5609 2170 5679 (δὲ)
2227 5608 2589 5679 Ἀρτάϐαζος.
2628 5609 2992 5664 Artabasdum
3029 5607 3172 5662 hunc
3203 5606 3569 5678 Theophanes

1981 5683 2237 5752 appellat,
2270 5688 2336 5735 (to
2361 5695 2468 5751 quo
2503 5679 2676 5735 fusius
2699 5691 2834 5750 agit.
