  <div class='ocr_page' id='page_1' title='image "/cluster/home/n/w/nwhite01/storage/ocr_20150623/100/coo.31924054870047/489.png"; bbox 0 0 4016 6446; ppageno 0'>
   <div class='ocr_carea' id='block_1_1' title="bbox 425 389 531 455">
    <p class='ocr_par' dir='ltr' id='par_1_1' title="bbox 425 389 531 455">
     <span class='ocr_line' id='line_1_1' title="bbox 425 389 531 455; baseline 0.009 -1"><span class='ocrx_word' id='word_1_1' title='bbox 425 389 531 455; x_wconf 83' lang='lat'><strong>937</strong></span> 
     </span>
    </p>
   </div>
   <div class='ocr_carea' id='block_1_2' title="bbox 1456 378 2903 450">
    <p class='ocr_par' dir='ltr' id='par_1_2' title="bbox 1456 378 2903 450">
     <span class='ocr_line' id='line_1_2' title="bbox 1456 378 2903 450; baseline -0.003 -3"><span class='ocrx_word' id='word_1_2' title='bbox 1456 387 1519 450; x_wconf 94' lang='lat' dir='ltr'><strong>S.</strong></span> <span class='ocrx_word' id='word_1_3' title='bbox 1556 382 1976 448; x_wconf 78' lang='lat' dir='ltr'><strong>NICEPHORI</strong></span> <span class='ocrx_word' id='word_1_4' title='bbox 2014 378 2522 443; x_wconf 61' lang='lat' dir='ltr'><strong>PATRIARCHE</strong></span> <span class='ocrx_word' id='word_1_5' title='bbox 2558 378 2668 440; x_wconf 74' lang='grc' dir='ltr'><strong>(ΣΡ.</strong></span> <span class='ocrx_word' id='word_1_6' title='bbox 2864 416 2903 442; x_wconf 69' lang='grc' dir='ltr'><strong>σι</strong></span> 
     </span>
    </p>
   </div>
   <div class='ocr_carea' id='block_1_3' title="bbox 3601 373 3711 440">
    <p class='ocr_par' dir='ltr' id='par_1_3' title="bbox 3601 373 3711 440">
     <span class='ocr_line' id='line_1_3' title="bbox 3601 373 3711 440; baseline -0.009 0"><span class='ocrx_word' id='word_1_7' title='bbox 3601 373 3711 440; x_wconf 79' lang='lat'><strong>968</strong></span> 
     </span>
    </p>
   </div>
   <div class='ocr_carea' id='block_1_4' title="bbox 424 488 2031 577">
    <p class='ocr_par' dir='ltr' id='par_1_4' title="bbox 424 496 2014 577">
     <span class='ocr_line' id='line_1_4' title="bbox 424 496 2014 577; baseline -0.007 -15"><span class='ocrx_word' id='word_1_8' title='bbox 424 521 676 577; x_wconf 78' lang='lat' dir='ltr'><strong>campum</strong></span> <span class='ocrx_word' id='word_1_9' title='bbox 699 505 785 561; x_wconf 91' lang='lat' dir='ltr'><strong>cui</strong></span> <span class='ocrx_word' id='word_1_10' title='bbox 814 503 1021 560; x_wconf 84' lang='lat' dir='ltr'><strong>Crasso</strong></span> <span class='ocrx_word' id='word_1_11' title='bbox 1045 516 1245 559; x_wconf 87' lang='lat' dir='ltr'><strong>nomen</strong></span> <span class='ocrx_word' id='word_1_12' title='bbox 1289 510 1373 557; x_wconf 87' lang='lat' dir='ltr'><strong>est</strong></span> <span class='ocrx_word' id='word_1_13' title='bbox 1409 499 1711 573; x_wconf 72' lang='lat' dir='ltr'><strong>egreditur,</strong></span> <span class='ocrx_word' id='word_1_14' title='bbox 1742 496 2014 567; x_wconf 83' lang='lat' dir='ltr'><strong>simulque</strong></span> 
     </span>
    </p>
   </div>
   <div class='ocr_carea' id='block_1_5' title="bbox 2133 488 3713 577">
    <p class='ocr_par' dir='ltr' id='par_1_5' title="bbox 2133 488 3713 565">
     <span class='ocr_line' id='line_1_5' title="bbox 2133 488 3713 565; baseline -0.003 -16"><span class='ocrx_word' id='word_1_15' title='bbox 2133 497 2264 559; x_wconf 70' lang='grc' dir='ltr'><strong>ιείας</strong></span> <span class='ocrx_word' id='word_1_16' title='bbox 2299 494 2602 565; x_wconf 81' lang='grc' dir='ltr'><strong>κρατήσας,</strong></span> <span class='ocrx_word' id='word_1_17' title='bbox 2627 491 2937 563; x_wconf 76' lang='grc' dir='ltr'><strong>ἀπόμοιραν</strong></span> <span class='ocrx_word' id='word_1_18' title='bbox 2964 507 3088 546; x_wconf 86' lang='grc' dir='ltr'><strong>τινα</strong></span> <span class='ocrx_word' id='word_1_19' title='bbox 3121 491 3356 563; x_wconf 82' lang='grc' dir='ltr'><strong>στρατοὺ</strong></span> <span class='ocrx_word' id='word_1_20' title='bbox 3381 488 3713 561; x_wconf 73' lang='grc' dir='ltr'><strong>ἐπιλεξάμε-</strong></span> 
     </span>
    </p>
   </div>
   <div class='ocr_carea' id='block_1_6' title="bbox 422 582 2031 662">
    <p class='ocr_par' dir='ltr' id='par_1_6' title="bbox 422 587 2020 662">
     <span class='ocr_line' id='line_1_6' title="bbox 422 587 2020 662; baseline -0.007 -9"><span class='ocrx_word' id='word_1_21' title='bbox 422 602 699 654; x_wconf 73' lang='lat' dir='ltr'><strong>Artabazo</strong></span> <span class='ocrx_word' id='word_1_22' title='bbox 726 597 948 652; x_wconf 90' lang='lat' dir='ltr'><strong>mandat</strong></span> <span class='ocrx_word' id='word_1_23' title='bbox 989 604 1050 651; x_wconf 92' lang='lat' dir='ltr'><strong>ut</strong></span> <span class='ocrx_word' id='word_1_24' title='bbox 1080 596 1148 651; x_wconf 92' lang='lat' dir='ltr'><strong>ad</strong></span> <span class='ocrx_word' id='word_1_25' title='bbox 1196 610 1255 650; x_wconf 88' lang='lat' dir='ltr'><strong>se</strong></span> <span class='ocrx_word' id='word_1_26' title='bbox 1284 593 1497 659; x_wconf 88' lang='lat' dir='ltr'><strong>veniat,</strong></span> <span class='ocrx_word' id='word_1_27' title='bbox 1529 607 1639 662; x_wconf 90' lang='lat' dir='ltr'><strong>quo</strong></span> <span class='ocrx_word' id='word_1_28' title='bbox 1686 589 1827 645; x_wconf 89' lang='lat' dir='ltr'><strong>inter</strong></span> <span class='ocrx_word' id='word_1_29' title='bbox 1856 603 1916 644; x_wconf 84' lang='lat' dir='ltr'><strong>se</strong></span> <span class='ocrx_word' id='word_1_30' title='bbox 1950 587 2020 644; x_wconf 88' lang='lat' dir='ltr'><strong>de</strong></span> 
     </span>
    </p>
   </div>
   <div class='ocr_carea' id='block_1_7' title="bbox 2133 582 3713 662">
    <p class='ocr_par' dir='ltr' id='par_1_7' title="bbox 2133 582 3713 657">
     <span class='ocr_line' id='line_1_7' title="bbox 2133 582 3713 657; baseline -0.002 -15"><span class='ocrx_word' id='word_1_31' title='bbox 2133 605 2210 652; x_wconf 68' lang='grc' dir='ltr'><strong>θος</strong></span> <span class='ocrx_word' id='word_1_32' title='bbox 2234 587 2336 657; x_wconf 81' lang='grc' dir='ltr'><strong>τῆς</strong></span> <span class='ocrx_word' id='word_1_33' title='bbox 2366 586 2577 649; x_wconf 83' lang='grc' dir='ltr'><strong>πόλεως</strong></span> <span class='ocrx_word' id='word_1_34' title='bbox 2607 584 2795 650; x_wconf 79' lang='grc' dir='ltr'><strong>ἔξεισι,</strong></span> <span class='ocrx_word' id='word_1_35' title='bbox 2836 584 2934 638; x_wconf 84' lang='grc' dir='ltr'><strong>καὶ</strong></span> <span class='ocrx_word' id='word_1_36' title='bbox 2971 584 3033 638; x_wconf 80' lang='grc' dir='ltr'><strong>τὸ</strong></span> <span class='ocrx_word' id='word_1_37' title='bbox 3056 584 3237 638; x_wconf 84' lang='grc' dir='ltr'><strong>πεδίον</strong></span> <span class='ocrx_word' id='word_1_38' title='bbox 3276 585 3304 636; x_wconf 81' lang='grc' dir='ltr'><strong>ὃ</strong></span> <span class='ocrx_word' id='word_1_39' title='bbox 3338 585 3560 654; x_wconf 76' lang='grc' dir='ltr'><strong>Κράσος</strong></span> <span class='ocrx_word' id='word_1_40' title='bbox 3590 582 3713 655; x_wconf 76' lang='grc'><strong>(55)</strong></span> 
     </span>
    </p>
   </div>
   <div class='ocr_carea' id='block_1_8' title="bbox 424 677 2021 761">
    <p class='ocr_par' dir='ltr' id='par_1_8' title="bbox 424 677 2021 761">
     <span class='ocr_line' id='line_1_8' title="bbox 424 677 2021 761; baseline -0.008 -16"><span class='ocrx_word' id='word_1_41' title='bbox 424 687 794 761; x_wconf 84' lang='lat' dir='ltr'><strong>propulsanda</strong></span> <span class='ocrx_word' id='word_1_42' title='bbox 827 690 984 743; x_wconf 90' lang='lat' dir='ltr'><strong>hoste</strong></span> <span class='ocrx_word' id='word_1_43' title='bbox 1019 686 1342 742; x_wconf 90' lang='lat' dir='ltr'><strong>deliberent.</strong></span> <span class='ocrx_word' id='word_1_44' title='bbox 1393 680 1507 738; x_wconf 87' lang='lat' dir='ltr'><strong>Nec</strong></span> <span class='ocrx_word' id='word_1_45' title='bbox 1556 681 1737 735; x_wconf 89' lang='lat' dir='ltr'><strong>minus</strong></span> <span class='ocrx_word' id='word_1_46' title='bbox 1785 677 1876 734; x_wconf 90' lang='lat' dir='ltr'><strong>ille</strong></span> <span class='ocrx_word' id='word_1_47' title='bbox 1921 691 2021 733; x_wconf 80' lang='lat' dir='ltr'><strong>sua</strong></span> 
     </span>
    </p>
   </div>
   <div class='ocr_carea' id='block_1_9' title="bbox 426 772 2019 852">
    <p class='ocr_par' dir='ltr' id='par_1_9' title="bbox 426 772 2019 852">
     <span class='ocr_line' id='line_1_9' title="bbox 426 772 2019 852; baseline -0.011 -14"><span class='ocrx_word' id='word_1_48' title='bbox 426 790 620 852; x_wconf 79' lang='lat' dir='ltr'><strong>sponte</strong></span> <span class='ocrx_word' id='word_1_49' title='bbox 651 781 980 842; x_wconf 88' lang='lat' dir='ltr'><strong>maturabat,</strong></span> <span class='ocrx_word' id='word_1_50' title='bbox 1012 786 1072 831; x_wconf 91' lang='lat' dir='ltr'><strong>ut</strong></span> <span class='ocrx_word' id='word_1_51' title='bbox 1116 784 1173 831; x_wconf 91' lang='lat' dir='ltr'><strong>et</strong></span> <span class='ocrx_word' id='word_1_52' title='bbox 1207 773 1438 831; x_wconf 88' lang='lat' dir='ltr'><strong>consilio</strong></span> <span class='ocrx_word' id='word_1_53' title='bbox 1479 772 1767 827; x_wconf 85' lang='lat' dir='ltr'><strong>interesset</strong></span> <span class='ocrx_word' id='word_1_54' title='bbox 1794 779 1851 825; x_wconf 91' lang='lat' dir='ltr'><strong>et</strong></span> <span class='ocrx_word' id='word_1_55' title='bbox 1893 783 2019 823; x_wconf 92' lang='lat' dir='ltr'><strong>eum</strong></span> 
     </span>
    </p>
   </div>
   <div class='ocr_carea' id='block_1_10' title="bbox 429 863 2023 943">
    <p class='ocr_par' dir='ltr' id='par_1_10' title="bbox 429 863 2023 943">
     <span class='ocr_line' id='line_1_10' title="bbox 429 863 2023 943; baseline -0.009 -14"><span class='ocrx_word' id='word_1_56' title='bbox 429 873 657 943; x_wconf 90' lang='lat' dir='ltr'><strong>imperio</strong></span> <span class='ocrx_word' id='word_1_57' title='bbox 684 872 947 943; x_wconf 85' lang='lat' dir='ltr'><strong>privaret.</strong></span> <span class='ocrx_word' id='word_1_58' title='bbox 993 867 1215 923; x_wconf 83' lang='lat' dir='ltr'><strong>Interim</strong></span> <span class='ocrx_word' id='word_1_59' title='bbox 1248 866 1671 930; x_wconf 83' lang='lat' dir='ltr'><strong>Constantinus,</strong></span> <span class='ocrx_word' id='word_1_60' title='bbox 1713 863 1897 918; x_wconf 80' lang='lat' dir='ltr'><strong>audita</strong></span> <span class='ocrx_word' id='word_1_61' title='bbox 1937 872 2023 933; x_wconf 85' lang='lat' dir='ltr'><strong>ty-</strong></span> 
     </span>
    </p>
   </div>
   <div class='ocr_carea' id='block_1_11' title="bbox 432 954 2021 1032">
    <p class='ocr_par' dir='ltr' id='par_1_11' title="bbox 432 954 2021 1032">
     <span class='ocr_line' id='line_1_11' title="bbox 432 954 2021 1032; baseline -0.008 -10"><span class='ocrx_word' id='word_1_62' title='bbox 432 966 678 1022; x_wconf 85' lang='lat' dir='ltr'><strong>rannidis</strong></span> <span class='ocrx_word' id='word_1_63' title='bbox 710 964 880 1032; x_wconf 79' lang='lat' dir='ltr'><strong>fama,</strong></span> <span class='ocrx_word' id='word_1_64' title='bbox 923 978 1044 1017; x_wconf 90' lang='lat' dir='ltr'><strong>cum</strong></span> <span class='ocrx_word' id='word_1_65' title='bbox 1086 961 1306 1030; x_wconf 89' lang='lat' dir='ltr'><strong>insuper</strong></span> <span class='ocrx_word' id='word_1_66' title='bbox 1344 956 1596 1014; x_wconf 84' lang='lat' dir='ltr'><strong>Viserum</strong></span> <span class='ocrx_word' id='word_1_67' title='bbox 1645 956 1932 1027; x_wconf 89' lang='lat' dir='ltr'><strong>patricium</strong></span> <span class='ocrx_word' id='word_1_68' title='bbox 1962 954 2021 1009; x_wconf 89' lang='lat' dir='ltr'><strong>in</strong></span> 
     </span>
    </p>
   </div>
   <div class='ocr_carea' id='block_1_12' title="bbox 430 1047 2023 1122">
    <p class='ocr_par' dir='ltr' id='par_1_12' title="bbox 430 1047 2023 1122">
     <span class='ocr_line' id='line_1_12' title="bbox 430 1047 2023 1122; baseline -0.01 -11"><span class='ocrx_word' id='word_1_69' title='bbox 430 1070 661 1112; x_wconf 88' lang='lat' dir='ltr'><strong>occursu</strong></span> <span class='ocrx_word' id='word_1_70' title='bbox 694 1054 813 1122; x_wconf 90' lang='lat' dir='ltr'><strong>ipso</strong></span> <span class='ocrx_word' id='word_1_71' title='bbox 866 1068 899 1107; x_wconf 87' lang='lat' dir='ltr'><strong>a</strong></span> <span class='ocrx_word' id='word_1_72' title='bbox 943 1050 1220 1106; x_wconf 87' lang='lat' dir='ltr'><strong>contraria</strong></span> <span class='ocrx_word' id='word_1_73' title='bbox 1254 1047 1493 1103; x_wconf 85' lang='lat' dir='ltr'><strong>factione</strong></span> <span class='ocrx_word' id='word_1_74' title='bbox 1525 1052 1865 1115; x_wconf 84' lang='lat' dir='ltr'><strong>peremptum</strong></span> <span class='ocrx_word' id='word_1_75' title='bbox 1897 1055 2023 1098; x_wconf 89' lang='lat' dir='ltr'><strong>esse</strong></span> 
     </span>
    </p>
   </div>
   <div class='ocr_carea' id='block_1_13' title="bbox 429 1128 2023 1216">
    <p class='ocr_par' dir='ltr' id='par_1_13' title="bbox 429 1128 2023 1216">
     <span class='ocr_line' id='line_1_13' title="bbox 429 1128 2023 1216; baseline -0.011 -12"><span class='ocrx_word' id='word_1_76' title='bbox 429 1148 802 1216; x_wconf 80' lang='lat' dir='ltr'><strong>cognovisset,</strong></span> <span class='ocrx_word' id='word_1_77' title='bbox 827 1158 948 1212; x_wconf 88' lang='lat' dir='ltr'><strong>quae</strong></span> <span class='ocrx_word' id='word_1_78' title='bbox 974 1157 1126 1197; x_wconf 89' lang='lat' dir='ltr'><strong>more</strong></span> <span class='ocrx_word' id='word_1_79' title='bbox 1151 1141 1489 1211; x_wconf 83' lang='lat' dir='ltr'><strong>imperatorii</strong></span> <span class='ocrx_word' id='word_1_80' title='bbox 1518 1128 1791 1194; x_wconf 82' lang='lat' dir='ltr'><strong>exercitus</strong></span> <span class='ocrx_word' id='word_1_81' title='bbox 1820 1136 2023 1190; x_wconf 91' lang='lat' dir='ltr'><strong>instru-</strong></span> 
     </span>
    </p>
   </div>
   <div class='ocr_carea' id='block_1_14' title="bbox 430 1225 2024 1306">
    <p class='ocr_par' dir='ltr' id='par_1_14' title="bbox 430 1225 2024 1306">
     <span class='ocr_line' id='line_1_14' title="bbox 430 1225 2024 1306; baseline -0.005 -15"><span class='ocrx_word' id='word_1_82' title='bbox 430 1248 514 1292; x_wconf 88' lang='lat' dir='ltr'><strong>cta</strong></span> <span class='ocrx_word' id='word_1_83' title='bbox 548 1236 835 1302; x_wconf 77' lang='lat' dir='ltr'><strong>veniebat,</strong></span> <span class='ocrx_word' id='word_1_84' title='bbox 867 1249 1100 1306; x_wconf 90' lang='lat' dir='ltr'><strong>propere</strong></span> <span class='ocrx_word' id='word_1_85' title='bbox 1122 1233 1405 1304; x_wconf 78' lang='lat' dir='ltr'><strong>digressus</strong></span> <span class='ocrx_word' id='word_1_86' title='bbox 1440 1245 1505 1285; x_wconf 89' lang='lat' dir='ltr'><strong>ac</strong></span> <span class='ocrx_word' id='word_1_87' title='bbox 1533 1228 1696 1285; x_wconf 90' lang='lat' dir='ltr'><strong>saluti</strong></span> <span class='ocrx_word' id='word_1_88' title='bbox 1733 1225 2024 1283; x_wconf 79' lang='lat' dir='ltr'><strong>consulens</strong></span> 
     </span>
    </p>
   </div>
   <div class='ocr_carea' id='block_1_15' title="bbox 430 1317 2025 1395">
    <p class='ocr_par' dir='ltr' id='par_1_15' title="bbox 430 1317 2025 1395">
     <span class='ocr_line' id='line_1_15' title="bbox 430 1317 2025 1395; baseline -0.006 -14"><span class='ocrx_word' id='word_1_89' title='bbox 430 1328 498 1382; x_wconf 90' lang='lat' dir='ltr'><strong>ad</strong></span> <span class='ocrx_word' id='word_1_90' title='bbox 527 1327 887 1383; x_wconf 84' lang='lat' dir='ltr'><strong>Orientalium</strong></span> <span class='ocrx_word' id='word_1_91' title='bbox 925 1326 1203 1395; x_wconf 83' lang='lat' dir='ltr'><strong>regionem</strong></span> <span class='ocrx_word' id='word_1_92' title='bbox 1236 1322 1517 1392; x_wconf 81' lang='lat' dir='ltr'><strong>confugit,</strong></span> <span class='ocrx_word' id='word_1_93' title='bbox 1568 1319 1661 1390; x_wconf 90' lang='lat' dir='ltr'><strong>qui</strong></span> <span class='ocrx_word' id='word_1_94' title='bbox 1709 1317 2025 1374; x_wconf 90' lang='lat' dir='ltr'><strong>humaniter</strong></span> 
     </span>
    </p>
   </div>
   <div class='ocr_carea' id='block_1_16' title="bbox 428 1411 2025 1489">
    <p class='ocr_par' dir='ltr' id='par_1_16' title="bbox 428 1411 2025 1489">
     <span class='ocr_line' id='line_1_16' title="bbox 428 1411 2025 1489; baseline -0.007 -15"><span class='ocrx_word' id='word_1_95' title='bbox 428 1433 555 1474; x_wconf 90' lang='lat' dir='ltr'><strong>eum</strong></span> <span class='ocrx_word' id='word_1_96' title='bbox 603 1418 946 1489; x_wconf 79' lang='lat' dir='ltr'><strong>excipientes</strong></span> <span class='ocrx_word' id='word_1_97' title='bbox 1006 1432 1129 1472; x_wconf 90' lang='lat' dir='ltr'><strong>cum</strong></span> <span class='ocrx_word' id='word_1_98' title='bbox 1173 1414 1532 1484; x_wconf 82' lang='lat' dir='ltr'><strong>jurejurando</strong></span> <span class='ocrx_word' id='word_1_99' title='bbox 1587 1411 1748 1467; x_wconf 85' lang='lat' dir='ltr'><strong>ﬁdem</strong></span> <span class='ocrx_word' id='word_1_100' title='bbox 1802 1411 2025 1480; x_wconf 87' lang='lat' dir='ltr'><strong>insuper</strong></span> 
     </span>
    </p>
   </div>
   <div class='ocr_carea' id='block_1_17' title="bbox 428 1502 2024 1581">
    <p class='ocr_par' dir='ltr' id='par_1_17' title="bbox 428 1502 2024 1581">
     <span class='ocr_line' id='line_1_17' title="bbox 428 1502 2024 1581; baseline -0.008 -14"><span class='ocrx_word' id='word_1_101' title='bbox 428 1510 800 1581; x_wconf 81' lang='lat' dir='ltr'><strong>obstringunt,</strong></span> <span class='ocrx_word' id='word_1_102' title='bbox 841 1524 900 1564; x_wconf 91' lang='lat' dir='ltr'><strong>se</strong></span> <span class='ocrx_word' id='word_1_103' title='bbox 957 1508 1025 1563; x_wconf 89' lang='lat' dir='ltr'><strong>ad</strong></span> <span class='ocrx_word' id='word_1_104' title='bbox 1073 1516 1303 1562; x_wconf 91' lang='lat' dir='ltr'><strong>mortem</strong></span> <span class='ocrx_word' id='word_1_105' title='bbox 1352 1519 1524 1575; x_wconf 80' lang='lat' dir='ltr'><strong>usque</strong></span> <span class='ocrx_word' id='word_1_106' title='bbox 1574 1502 1776 1557; x_wconf 90' lang='lat' dir='ltr'><strong>nullum</strong></span> <span class='ocrx_word' id='word_1_107' title='bbox 1828 1516 1925 1569; x_wconf 91' lang='lat' dir='ltr'><strong>pro</strong></span> <span class='ocrx_word' id='word_1_108' title='bbox 1960 1514 2024 1555; x_wconf 89' lang='lat' dir='ltr'><strong>eo</strong></span> 
     </span>
    </p>
   </div>
   <div class='ocr_carea' id='block_1_18' title="bbox 429 1594 2022 1674">
    <p class='ocr_par' dir='ltr' id='par_1_18' title="bbox 429 1594 2022 1674">
     <span class='ocr_line' id='line_1_18' title="bbox 429 1594 2022 1674; baseline -0.006 -16"><span class='ocrx_word' id='word_1_109' title='bbox 429 1602 734 1674; x_wconf 88' lang='lat' dir='ltr'><strong>periculum</strong></span> <span class='ocrx_word' id='word_1_110' title='bbox 760 1616 881 1656; x_wconf 88' lang='lat' dir='ltr'><strong>esse</strong></span> <span class='ocrx_word' id='word_1_111' title='bbox 910 1600 1333 1655; x_wconf 82' lang='lat' dir='ltr'><strong>detrectaturos.</strong></span> <span class='ocrx_word' id='word_1_112' title='bbox 1362 1598 1486 1651; x_wconf 81' lang='lat' dir='ltr'><strong>Mox</strong></span> <span class='ocrx_word' id='word_1_113' title='bbox 1516 1594 1944 1651; x_wconf 80' lang='lat' dir='ltr'><strong>contumeliosas</strong></span> <span class='ocrx_word' id='word_1_114' title='bbox 1969 1594 2022 1648; x_wconf 94' lang='lat' dir='ltr'><strong>in</strong></span> 
     </span>
    </p>
   </div>
   <div class='ocr_carea' id='block_1_19' title="bbox 430 1687 2026 1756">
    <p class='ocr_par' dir='ltr' id='par_1_19' title="bbox 430 1687 2026 1756">
     <span class='ocr_line' id='line_1_19' title="bbox 430 1687 2026 1756; baseline -0.006 -7"><span class='ocrx_word' id='word_1_115' title='bbox 430 1693 764 1749; x_wconf 78' lang='lat' dir='ltr'><strong>Artabazum</strong></span> <span class='ocrx_word' id='word_1_116' title='bbox 794 1708 956 1748; x_wconf 87' lang='lat' dir='ltr'><strong>voces</strong></span> <span class='ocrx_word' id='word_1_117' title='bbox 981 1708 1044 1747; x_wconf 92' lang='lat' dir='ltr'><strong>ac</strong></span> <span class='ocrx_word' id='word_1_118' title='bbox 1074 1691 1320 1746; x_wconf 83' lang='lat' dir='ltr'><strong>convicia</strong></span> <span class='ocrx_word' id='word_1_119' title='bbox 1339 1690 1569 1756; x_wconf 81' lang='lat' dir='ltr'><strong>iactant.</strong></span> <span class='ocrx_word' id='word_1_120' title='bbox 1599 1689 1680 1742; x_wconf 85' lang='lat' dir='ltr'><strong>Ad</strong></span> <span class='ocrx_word' id='word_1_121' title='bbox 1708 1688 1823 1743; x_wconf 63' lang='lat' dir='ltr'><strong>haec</strong></span> <span class='ocrx_word' id='word_1_122' title='bbox 1848 1687 2026 1741; x_wconf 80' lang='lat' dir='ltr'><strong>Sisin-</strong></span> 
     </span>
    </p>
   </div>
   <div class='ocr_carea' id='block_1_20' title="bbox 432 1777 2026 1852">
    <p class='ocr_par' dir='ltr' id='par_1_20' title="bbox 432 1777 2026 1852">
     <span class='ocr_line' id='line_1_20' title="bbox 432 1777 2026 1852; baseline -0.004 -15"><span class='ocrx_word' id='word_1_123' title='bbox 432 1785 582 1838; x_wconf 87' lang='lat' dir='ltr'><strong>nium</strong></span> <span class='ocrx_word' id='word_1_124' title='bbox 620 1784 913 1852; x_wconf 87' lang='lat' dir='ltr'><strong>patricium</strong></span> <span class='ocrx_word' id='word_1_125' title='bbox 959 1797 1081 1835; x_wconf 90' lang='lat' dir='ltr'><strong>cum</strong></span> <span class='ocrx_word' id='word_1_126' title='bbox 1130 1779 1536 1835; x_wconf 85' lang='lat' dir='ltr'><strong>Thracensibus</strong></span> <span class='ocrx_word' id='word_1_127' title='bbox 1584 1778 1797 1847; x_wconf 89' lang='lat' dir='ltr'><strong>c0piis,</strong></span> <span class='ocrx_word' id='word_1_128' title='bbox 1829 1777 2026 1846; x_wconf 84' lang='lat' dir='ltr'><strong>quibus</strong></span> 
     </span>
    </p>
   </div>
   <div class='ocr_carea' id='block_1_21' title="bbox 2122 672 3712 751">
    <p class='ocr_par' dir='ltr' id='par_1_21' title="bbox 2122 672 3712 751">
     <span class='ocr_line' id='line_1_21' title="bbox 2122 672 3712 751; baseline -0.005 -16"><span class='ocrx_word' id='word_1_129' title='bbox 2122 676 2593 751; x_wconf 75' lang='grc' dir='ltr'><strong>προσαγορεύεται</strong></span> <span class='ocrx_word' id='word_1_130' title='bbox 2625 676 3056 747; x_wconf 75' lang='grc' dir='ltr'><strong>καταλαμϐάνει,</strong></span> <span class='ocrx_word' id='word_1_131' title='bbox 3085 676 3184 732; x_wconf 70' lang='grc' dir='ltr'><strong>καὶ</strong></span> <span class='ocrx_word' id='word_1_132' title='bbox 3218 672 3542 747; x_wconf 74' lang='grc' dir='ltr'><strong>Ἀρταϐάζῳ</strong></span> <span class='ocrx_word' id='word_1_133' title='bbox 3579 676 3712 747; x_wconf 77' lang='grc' dir='ltr'><strong>ἐσή-</strong></span> 
     </span>
    </p>
   </div>
   <div class='ocr_carea' id='block_1_22' title="bbox 2125 764 3714 841">
    <p class='ocr_par' dir='ltr' id='par_1_22' title="bbox 2125 764 3714 841">
     <span class='ocr_line' id='line_1_22' title="bbox 2125 764 3714 841; baseline -0.003 -18"><span class='ocrx_word' id='word_1_134' title='bbox 2125 786 2321 841; x_wconf 87' lang='grc' dir='ltr'><strong>μαινεν</strong></span> <span class='ocrx_word' id='word_1_135' title='bbox 2360 769 2521 839; x_wconf 79' lang='grc' dir='ltr'><strong>ἥκειν</strong></span> <span class='ocrx_word' id='word_1_136' title='bbox 2549 768 2685 837; x_wconf 80' lang='grc' dir='ltr'><strong>πρὸς</strong></span> <span class='ocrx_word' id='word_1_137' title='bbox 2712 766 2899 833; x_wconf 69' lang='grc' dir='ltr'><strong>αὑτὸν,</strong></span> <span class='ocrx_word' id='word_1_138' title='bbox 2937 765 3015 829; x_wconf 83' lang='grc' dir='ltr'><strong>ὡς</strong></span> <span class='ocrx_word' id='word_1_139' title='bbox 3048 764 3115 819; x_wconf 80' lang='grc' dir='ltr'><strong>ἂν</strong></span> <span class='ocrx_word' id='word_1_140' title='bbox 3145 765 3264 836; x_wconf 73' lang='grc' dir='ltr'><strong>ἅμα</strong></span> <span class='ocrx_word' id='word_1_141' title='bbox 3292 765 3402 819; x_wconf 89' lang='grc' dir='ltr'><strong>τῶν</strong></span> <span class='ocrx_word' id='word_1_142' title='bbox 3433 764 3714 835; x_wconf 81' lang='grc' dir='ltr'><strong>πολεμίων</strong></span> 
     </span>
    </p>
   </div>
   <div class='ocr_carea' id='block_1_23' title="bbox 2122 852 3713 927">
    <p class='ocr_par' dir='ltr' id='par_1_23' title="bbox 2122 852 3713 927">
     <span class='ocr_line' id='line_1_23' title="bbox 2122 852 3713 927; baseline 0.001 -20"><span class='ocrx_word' id='word_1_143' title='bbox 2122 856 2282 927; x_wconf 79' lang='grc' dir='ltr'><strong>χάριν</strong></span> <span class='ocrx_word' id='word_1_144' title='bbox 2314 853 2786 924; x_wconf 79' lang='grc' dir='ltr'><strong>βουλεύσοιντο.’0</strong></span> <span class='ocrx_word' id='word_1_145' title='bbox 2816 853 2872 906; x_wconf 82' lang='grc' dir='ltr'><strong>δὲ</strong></span> <span class='ocrx_word' id='word_1_146' title='bbox 2904 852 3004 923; x_wconf 75' lang='grc' dir='ltr'><strong>ήδη</strong></span> <span class='ocrx_word' id='word_1_147' title='bbox 3038 852 3203 925; x_wconf 84' lang='grc' dir='ltr'><strong>ῶρμα</strong></span> <span class='ocrx_word' id='word_1_148' title='bbox 3234 855 3331 907; x_wconf 80' lang='grc' dir='ltr'><strong>καὶ</strong></span> <span class='ocrx_word' id='word_1_149' title='bbox 3362 853 3562 924; x_wconf 81' lang='grc' dir='ltr'><strong>βουλῆς</strong></span> <span class='ocrx_word' id='word_1_150' title='bbox 3588 855 3713 908; x_wconf 73' lang='grc' dir='ltr'><strong>ἕνε-</strong></span> 
     </span>
    </p>
   </div>
   <div class='ocr_carea' id='block_1_24' title="bbox 2122 944 3711 1018">
    <p class='ocr_par' dir='ltr' id='par_1_24' title="bbox 2122 944 3711 1018">
     <span class='ocr_line' id='line_1_24' title="bbox 2122 944 3711 1018; baseline 0 -16"><span class='ocrx_word' id='word_1_151' title='bbox 2122 964 2238 1013; x_wconf 88' lang='grc' dir='ltr'><strong>κεν,</strong></span> <span class='ocrx_word' id='word_1_152' title='bbox 2287 946 2424 1003; x_wconf 84' lang='grc' dir='ltr'><strong>ἀλλὰ</strong></span> <span class='ocrx_word' id='word_1_153' title='bbox 2478 946 2577 1000; x_wconf 82' lang='grc' dir='ltr'><strong>καὶ</strong></span> <span class='ocrx_word' id='word_1_154' title='bbox 2624 948 2726 1017; x_wconf 82' lang='grc' dir='ltr'><strong>τῆς</strong></span> <span class='ocrx_word' id='word_1_155' title='bbox 2778 944 3060 1015; x_wconf 71' lang='grc' dir='ltr'><strong>βασιλείας</strong></span> <span class='ocrx_word' id='word_1_156' title='bbox 3114 945 3279 1000; x_wconf 81' lang='grc' dir='ltr'><strong>αὑτὸν</strong></span> <span class='ocrx_word' id='word_1_157' title='bbox 3335 944 3711 1018; x_wconf 79' lang='grc' dir='ltr'><strong>καθαιρήσων.</strong></span> 
     </span>
    </p>
   </div>
   <div class='ocr_carea' id='block_1_25' title="bbox 2123 1034 3718 1108">
    <p class='ocr_par' dir='ltr' id='par_1_25' title="bbox 2123 1034 3718 1108">
     <span class='ocr_line' id='line_1_25' title="bbox 2123 1034 3718 1108; baseline -0.001 -16"><span class='ocrx_word' id='word_1_158' title='bbox 2123 1039 2535 1102; x_wconf 82' lang='grc' dir='ltr'><strong>Κωνσταντῖνος</strong></span> <span class='ocrx_word' id='word_1_159' title='bbox 2562 1038 2641 1105; x_wconf 83' lang='grc' dir='ltr'><strong>δὲ,</strong></span> <span class='ocrx_word' id='word_1_160' title='bbox 2676 1037 2745 1091; x_wconf 72' lang='grc' dir='ltr'><strong>τὰ</strong></span> <span class='ocrx_word' id='word_1_161' title='bbox 2787 1038 2886 1106; x_wconf 80' lang='grc' dir='ltr'><strong>τῆς</strong></span> <span class='ocrx_word' id='word_1_162' title='bbox 2914 1034 3231 1108; x_wconf 75' lang='grc' dir='ltr'><strong>τυραννίδος</strong></span> <span class='ocrx_word' id='word_1_163' title='bbox 3258 1037 3589 1108; x_wconf 86' lang='grc' dir='ltr'><strong>πυθόμενος,</strong></span> <span class='ocrx_word' id='word_1_164' title='bbox 3617 1039 3718 1092; x_wconf 71' lang='grc' dir='ltr'><strong>καὶ</strong></span> 
     </span>
    </p>
   </div>
   <div class='ocr_carea' id='block_1_26' title="bbox 2124 1128 3717 1201">
    <p class='ocr_par' dir='ltr' id='par_1_26' title="bbox 2124 1128 3717 1201">
     <span class='ocr_line' id='line_1_26' title="bbox 2124 1128 3717 1201; baseline 0 -18"><span class='ocrx_word' id='word_1_165' title='bbox 2124 1130 2345 1201; x_wconf 82' lang='grc' dir='ltr'><strong>Βίσιρον</strong></span> <span class='ocrx_word' id='word_1_166' title='bbox 2364 1128 2473 1199; x_wconf 69' lang='grc'><strong>(54)</strong></span> <span class='ocrx_word' id='word_1_167' title='bbox 2492 1129 2591 1201; x_wconf 78' lang='grc' dir='ltr'><strong>τὴν</strong></span> <span class='ocrx_word' id='word_1_168' title='bbox 2612 1129 2771 1195; x_wconf 76' lang='grc' dir='ltr'><strong>ἀξίαν</strong></span> <span class='ocrx_word' id='word_1_169' title='bbox 2799 1129 3089 1200; x_wconf 89' lang='grc' dir='ltr'><strong>πατρίκιον</strong></span> <span class='ocrx_word' id='word_1_170' title='bbox 3107 1131 3647 1199; x_wconf 80' lang='grc' dir='ltr'><strong>προσυπαντήσαντα</strong></span> <span class='ocrx_word' id='word_1_171' title='bbox 3667 1130 3717 1163; x_wconf 73' lang='grc'><strong>’⁸</strong></span> 
     </span>
    </p>
   </div>
   <div class='ocr_carea' id='block_1_27' title="bbox 2124 1219 3717 1291">
    <p class='ocr_par' dir='ltr' id='par_1_27' title="bbox 2124 1219 3717 1291">
     <span class='ocr_line' id='line_1_27' title="bbox 2124 1219 3717 1291; baseline -0.001 -17"><span class='ocrx_word' id='word_1_172' title='bbox 2124 1222 2219 1274; x_wconf 61' lang='grc' dir='ltr'><strong>καί⁵</strong></span> <span class='ocrx_word' id='word_1_173' title='bbox 2265 1220 2343 1291; x_wconf 80' lang='grc' dir='ltr'><strong>τῷ</strong></span> <span class='ocrx_word' id='word_1_174' title='bbox 2382 1220 2529 1290; x_wconf 79' lang='grc' dir='ltr'><strong>ξίφει</strong></span> <span class='ocrx_word' id='word_1_175' title='bbox 2565 1220 2673 1273; x_wconf 91' lang='grc' dir='ltr'><strong>τῶν</strong></span> <span class='ocrx_word' id='word_1_176' title='bbox 2713 1219 3028 1274; x_wconf 71' lang='grc' dir='ltr'><strong>ἀντιπάλων</strong></span> <span class='ocrx_word' id='word_1_177' title='bbox 3073 1220 3315 1273; x_wconf 81' lang='grc' dir='ltr'><strong>πεσόντα</strong></span> <span class='ocrx_word' id='word_1_178' title='bbox 3365 1219 3717 1290; x_wconf 79' lang='grc' dir='ltr'><strong>αἰσθόμενος,</strong></span> 
     </span>
    </p>
   </div>
   <div class='ocr_carea' id='block_1_28' title="bbox 2124 1311 3721 1383">
    <p class='ocr_par' dir='ltr' id='par_1_28' title="bbox 2124 1311 3721 1383">
     <span class='ocr_line' id='line_1_28' title="bbox 2124 1311 3721 1383; baseline -0.001 -16"><span class='ocrx_word' id='word_1_179' title='bbox 2124 1312 2219 1367; x_wconf 71' lang='grc' dir='ltr'><strong>καὶ</strong></span> <span class='ocrx_word' id='word_1_180' title='bbox 2249 1311 2325 1376; x_wconf 85' lang='grc' dir='ltr'><strong>ὡς</strong></span> <span class='ocrx_word' id='word_1_181' title='bbox 2347 1313 2409 1366; x_wconf 83' lang='grc' dir='ltr'><strong>τὸ</strong></span> <span class='ocrx_word' id='word_1_182' title='bbox 2440 1312 2718 1383; x_wconf 67' lang='grc' dir='ltr'><strong>βασιλικὸν</strong></span> <span class='ocrx_word' id='word_1_183' title='bbox 2745 1312 3187 1382; x_wconf 76' lang='grc' dir='ltr'><strong>ἐσκευασμένους</strong></span> <span class='ocrx_word' id='word_1_184' title='bbox 3210 1313 3575 1382; x_wconf 88' lang='grc' dir='ltr'><strong>στρατόπεδον</strong></span> <span class='ocrx_word' id='word_1_185' title='bbox 3598 1314 3721 1366; x_wconf 73' lang='grc' dir='ltr'><strong>είσο</strong></span> 
     </span>
    </p>
   </div>
   <div class='ocr_carea' id='block_1_29' title="bbox 2128 1401 3722 1477">
    <p class='ocr_par' dir='ltr' id='par_1_29' title="bbox 2128 1401 3722 1477">
     <span class='ocr_line' id='line_1_29' title="bbox 2128 1401 3722 1477; baseline 0 -20"><span class='ocrx_word' id='word_1_186' title='bbox 2128 1401 2253 1457; x_wconf 89' lang='grc' dir='ltr'><strong>ιδὼν</strong></span> <span class='ocrx_word' id='word_1_187' title='bbox 2274 1402 2487 1470; x_wconf 73' lang='grc' dir='ltr'><strong>αὑτὸθι,</strong></span> <span class='ocrx_word' id='word_1_188' title='bbox 2513 1403 2652 1474; x_wconf 83' lang='grc' dir='ltr'><strong>πρὸς</strong></span> <span class='ocrx_word' id='word_1_189' title='bbox 2679 1405 2748 1475; x_wconf 80' lang='grc' dir='ltr'><strong>τῇ</strong></span> <span class='ocrx_word' id='word_1_190' title='bbox 2775 1401 2930 1475; x_wconf 77' lang='grc' dir='ltr'><strong>χώρα</strong></span> <span class='ocrx_word' id='word_1_191' title='bbox 2954 1403 3320 1458; x_wconf 86' lang='grc' dir='ltr'><strong>Ἀνατολικῶν</strong></span> <span class='ocrx_word' id='word_1_192' title='bbox 3337 1405 3382 1435; x_wconf 76' lang='grc'><strong><em>’⁸</em></strong></span> <span class='ocrx_word' id='word_1_193' title='bbox 3404 1403 3722 1477; x_wconf 80' lang='grc' dir='ltr'><strong>καλουμένῃ</strong></span> 
     </span>
    </p>
   </div>
   <div class='ocr_carea' id='block_1_30' title="bbox 2129 1495 3722 1568">
    <p class='ocr_par' dir='ltr' id='par_1_30' title="bbox 2129 1495 3722 1568">
     <span class='ocr_line' id='line_1_30' title="bbox 2129 1495 3722 1568; baseline 0.001 -20"><span class='ocrx_word' id='word_1_194' title='bbox 2129 1495 2307 1564; x_wconf 80' lang='grc' dir='ltr'><strong>φυγὰς</strong></span> <span class='ocrx_word' id='word_1_195' title='bbox 2342 1495 2553 1549; x_wconf 85' lang='grc' dir='ltr'><strong>ἐνθένδε</strong></span> <span class='ocrx_word' id='word_1_196' title='bbox 2577 1496 2763 1559; x_wconf 57' lang='grc' dir='ltr'><strong>ἀπιὼν,</strong></span> <span class='ocrx_word' id='word_1_197' title='bbox 2779 1496 2879 1567; x_wconf 83' lang='grc' dir='ltr'><strong>τὴν</strong></span> <span class='ocrx_word' id='word_1_198' title='bbox 2907 1496 3183 1568; x_wconf 82' lang='grc' dir='ltr'><strong>σωτηρίαν</strong></span> <span class='ocrx_word' id='word_1_199' title='bbox 3206 1496 3306 1567; x_wconf 80' lang='grc' dir='ltr'><strong>τὴν</strong></span> <span class='ocrx_word' id='word_1_200' title='bbox 3331 1497 3529 1551; x_wconf 78' lang='grc' dir='ltr'><strong>ἐαυτοῦ</strong></span> <span class='ocrx_word' id='word_1_201' title='bbox 3561 1512 3722 1567; x_wconf 80' lang='grc' dir='ltr'><strong>περι-</strong></span> 
     </span>
    </p>
   </div>
   <div class='ocr_carea' id='block_1_31' title="bbox 2128 1588 3724 1661">
    <p class='ocr_par' dir='ltr' id='par_1_31' title="bbox 2128 1588 3724 1661">
     <span class='ocr_line' id='line_1_31' title="bbox 2128 1588 3724 1661; baseline 0.001 -19"><span class='ocrx_word' id='word_1_202' title='bbox 2128 1590 2450 1657; x_wconf 87' lang='grc' dir='ltr'><strong>εποιήσατο.</strong></span> <span class='ocrx_word' id='word_1_203' title='bbox 2483 1590 2593 1642; x_wconf 73' lang='grc' dir='ltr'><strong>Καὶ</strong></span> <span class='ocrx_word' id='word_1_204' title='bbox 2616 1589 2772 1642; x_wconf 79' lang='grc' dir='ltr'><strong>αὑτοὶ</strong></span> <span class='ocrx_word' id='word_1_205' title='bbox 2798 1588 3060 1652; x_wconf 80' lang='grc' dir='ltr'><strong>εὐνοϊκῶς</strong></span> <span class='ocrx_word' id='word_1_206' title='bbox 3085 1589 3479 1661; x_wconf 75' lang='grc' dir='ltr'><strong>ὑποδεξάμενοι</strong></span> <span class='ocrx_word' id='word_1_207' title='bbox 3510 1591 3724 1659; x_wconf 78' lang='grc' dir='ltr'><strong>ἐνωμό-</strong></span> 
     </span>
    </p>
   </div>
   <div class='ocr_carea' id='block_1_32' title="bbox 2126 1679 3724 1752">
    <p class='ocr_par' dir='ltr' id='par_1_32' title="bbox 2126 1679 3724 1752">
     <span class='ocr_line' id='line_1_32' title="bbox 2126 1679 3724 1752; baseline -0.001 -17"><span class='ocrx_word' id='word_1_208' title='bbox 2126 1698 2255 1744; x_wconf 84' lang='grc' dir='ltr'><strong>τους</strong></span> <span class='ocrx_word' id='word_1_209' title='bbox 2282 1679 2433 1751; x_wconf 87' lang='grc' dir='ltr'><strong>αὑτῷ</strong></span> <span class='ocrx_word' id='word_1_210' title='bbox 2468 1681 2741 1750; x_wconf 77' lang='grc' dir='ltr'><strong>συνθήκας</strong></span> <span class='ocrx_word' id='word_1_211' title='bbox 2779 1679 3087 1734; x_wconf 83' lang='grc' dir='ltr'><strong>δεδώκεσαν</strong></span> <span class='ocrx_word' id='word_1_212' title='bbox 3121 1680 3198 1745; x_wconf 84' lang='grc' dir='ltr'><strong>ὡς</strong></span> <span class='ocrx_word' id='word_1_213' title='bbox 3245 1682 3443 1752; x_wconf 80' lang='grc' dir='ltr'><strong>μέχρις</strong></span> <span class='ocrx_word' id='word_1_214' title='bbox 3487 1681 3724 1751; x_wconf 75' lang='grc' dir='ltr'><strong>αἵματος</strong></span> 
     </span>
    </p>
   </div>
   <div class='ocr_carea' id='block_1_33' title="bbox 2133 1771 3721 1845">
    <p class='ocr_par' dir='ltr' id='par_1_33' title="bbox 2133 1771 3721 1845">
     <span class='ocr_line' id='line_1_33' title="bbox 2133 1771 3721 1845; baseline 0.001 -19"><span class='ocrx_word' id='word_1_215' title='bbox 2133 1772 2276 1844; x_wconf 82' lang='grc' dir='ltr'><strong>ὑπὲρ</strong></span> <span class='ocrx_word' id='word_1_216' title='bbox 2307 1771 2473 1829; x_wconf 78' lang='grc' dir='ltr'><strong>αὑτοῦ</strong></span> <span class='ocrx_word' id='word_1_217' title='bbox 2502 1771 2791 1827; x_wconf 83' lang='grc' dir='ltr'><strong>ἀνελέσθαι</strong></span> <span class='ocrx_word' id='word_1_218' title='bbox 2822 1772 2913 1827; x_wconf 83' lang='grc' dir='ltr'><strong>τὸν</strong></span> <span class='ocrx_word' id='word_1_219' title='bbox 2942 1773 3211 1838; x_wconf 84' lang='grc' dir='ltr'><strong>κίνδυνον,</strong></span> <span class='ocrx_word' id='word_1_220' title='bbox 3243 1774 3337 1828; x_wconf 72' lang='grc' dir='ltr'><strong>καὶ</strong></span> <span class='ocrx_word' id='word_1_221' title='bbox 3379 1774 3721 1845; x_wconf 76' lang='grc' dir='ltr'><strong>’Δρτάϐαζον</strong></span> 
     </span>
    </p>
   </div>
   <div class='ocr_carea' id='block_1_34' title="bbox 430 1859 2031 1943">
    <p class='ocr_par' dir='ltr' id='par_1_34' title="bbox 430 1868 2028 1943">
     <span class='ocr_line' id='line_1_34' title="bbox 430 1868 2028 1943; baseline -0.003 -17"><span class='ocrx_word' id='word_1_222' title='bbox 430 1881 699 1943; x_wconf 79' lang='lat' dir='ltr'><strong>praeerat,</strong></span> <span class='ocrx_word' id='word_1_223' title='bbox 747 1874 813 1925; x_wconf 88' lang='lat' dir='ltr'><strong>ad</strong></span> <span class='ocrx_word' id='word_1_224' title='bbox 854 1886 981 1927; x_wconf 90' lang='lat' dir='ltr'><strong>suas</strong></span> <span class='ocrx_word' id='word_1_225' title='bbox 1027 1881 1214 1941; x_wconf 87' lang='lat' dir='ltr'><strong>partes</strong></span> <span class='ocrx_word' id='word_1_226' title='bbox 1251 1870 1604 1939; x_wconf 89' lang='lat' dir='ltr'><strong>pertrahunt,</strong></span> <span class='ocrx_word' id='word_1_227' title='bbox 1632 1868 1950 1937; x_wconf 85' lang='lat' dir='ltr'><strong>collatisque</strong></span> <span class='ocrx_word' id='word_1_228' title='bbox 1976 1871 2028 1922; x_wconf 86' lang='lat' dir='ltr'><strong>in</strong></span> 
     </span>
    </p>
   </div>
   <div class='ocr_carea' id='block_1_35' title="bbox 2133 1859 3723 1943">
    <p class='ocr_par' dir='ltr' id='par_1_35' title="bbox 2133 1863 3723 1937">
     <span class='ocr_line' id='line_1_35' title="bbox 2133 1863 3723 1937; baseline -0.001 -17"><span class='ocrx_word' id='word_1_229' title='bbox 2133 1864 2376 1935; x_wconf 79' lang='grc' dir='ltr'><strong>αἰσχρῶς</strong></span> <span class='ocrx_word' id='word_1_230' title='bbox 2392 1864 2564 1936; x_wconf 65' lang='grc' dir='ltr'><strong>δυσφη</strong></span> <span class='ocrx_word' id='word_1_231' title='bbox 2576 1863 2802 1933; x_wconf 79' lang='grc' dir='ltr'><strong>μοῦντες</strong></span> <span class='ocrx_word' id='word_1_232' title='bbox 2817 1864 3169 1937; x_wconf 75' lang='grc' dir='ltr'><strong>καθύὸριζον.</strong></span> <span class='ocrx_word' id='word_1_233' title='bbox 3187 1864 3663 1920; x_wconf 83' lang='grc' dir='ltr'><strong>Μεταστέλλονται</strong></span> <span class='ocrx_word' id='word_1_234' title='bbox 3676 1864 3723 1898; x_wconf 78' lang='grc'>’³</span> 
     </span>
    </p>
   </div>
   <div class='ocr_carea' id='block_1_36' title="bbox 431 1955 2024 2032">
    <p class='ocr_par' dir='ltr' id='par_1_36' title="bbox 431 1955 2024 2032">
     <span class='ocr_line' id='line_1_36' title="bbox 431 1955 2024 2032; baseline -0.004 -15"><span class='ocrx_word' id='word_1_235' title='bbox 431 1980 599 2017; x_wconf 92' lang='lat' dir='ltr'><strong>unum</strong></span> <span class='ocrx_word' id='word_1_236' title='bbox 650 1964 885 2029; x_wconf 88' lang='lat' dir='ltr'><strong>viribus,</strong></span> <span class='ocrx_word' id='word_1_237' title='bbox 920 1973 1110 2017; x_wconf 84' lang='lat' dir='ltr'><strong>contra</strong></span> <span class='ocrx_word' id='word_1_238' title='bbox 1153 1963 1484 2016; x_wconf 80' lang='lat' dir='ltr'><strong>Artabazum</strong></span> <span class='ocrx_word' id='word_1_239' title='bbox 1527 1960 1843 2032; x_wconf 86' lang='lat' dir='ltr'><strong>procedunt.</strong></span> <span class='ocrx_word' id='word_1_240' title='bbox 1888 1955 2024 2012; x_wconf 86' lang='lat' dir='ltr'><strong>Nam</strong></span> 
     </span>
    </p>
   </div>
   <div class='ocr_carea' id='block_1_37' title="bbox 431 2050 2025 2126">
    <p class='ocr_par' dir='ltr' id='par_1_37' title="bbox 431 2050 2025 2126">
     <span class='ocr_line' id='line_1_37' title="bbox 431 2050 2025 2126; baseline -0.003 -17"><span class='ocrx_word' id='word_1_241' title='bbox 431 2053 796 2125; x_wconf 88' lang='lat' dir='ltr'><strong>Thc0phanes</strong></span> <span class='ocrx_word' id='word_1_242' title='bbox 850 2064 1217 2126; x_wconf 83' lang='lat' dir='ltr'><strong>cognomento</strong></span> <span class='ocrx_word' id='word_1_243' title='bbox 1249 2052 1518 2108; x_wconf 83' lang='lat' dir='ltr'><strong>lllonotius</strong></span> <span class='ocrx_word' id='word_1_244' title='bbox 1542 2094 1557 2116; x_wconf 90' lang='lat'><strong>,</strong></span> <span class='ocrx_word' id='word_1_245' title='bbox 1590 2053 1684 2122; x_wconf 87' lang='lat' dir='ltr'><strong>qui</strong></span> <span class='ocrx_word' id='word_1_246' title='bbox 1728 2050 2025 2122; x_wconf 77' lang='lat' dir='ltr'><strong>magisterii</strong></span> 
     </span>
    </p>
   </div>
   <div class='ocr_carea' id='block_1_38' title="bbox 433 2134 2028 2218">
    <p class='ocr_par' dir='ltr' id='par_1_38' title="bbox 433 2134 2028 2218">
     <span class='ocr_line' id='line_1_38' title="bbox 433 2134 2028 2218; baseline -0.001 -17"><span class='ocrx_word' id='word_1_247' title='bbox 433 2148 754 2218; x_wconf 77' lang='lat' dir='ltr'><strong>dignitatem</strong></span> <span class='ocrx_word' id='word_1_248' title='bbox 809 2151 1035 2215; x_wconf 79' lang='lat' dir='ltr'><strong>gerebat</strong></span> <span class='ocrx_word' id='word_1_249' title='bbox 1068 2156 1125 2201; x_wconf 90' lang='lat' dir='ltr'><strong>et</strong></span> <span class='ocrx_word' id='word_1_250' title='bbox 1165 2134 1415 2216; x_wconf 82' lang='lat' dir='ltr'><strong>Byzantii</strong></span> <span class='ocrx_word' id='word_1_251' title='bbox 1449 2145 1801 2214; x_wconf 85' lang='lat' dir='ltr'><strong>imperatoris</strong></span> <span class='ocrx_word' id='word_1_252' title='bbox 1840 2153 2028 2213; x_wconf 86' lang='lat' dir='ltr'><strong>partes</strong></span> 
     </span>
    </p>
   </div>
   <div class='ocr_carea' id='block_1_39' title="bbox 435 2235 2031 2309">
    <p class='ocr_par' dir='ltr' id='par_1_39' title="bbox 435 2235 2031 2309">
     <span class='ocr_line' id='line_1_39' title="bbox 435 2235 2031 2309; baseline -0.003 -14"><span class='ocrx_word' id='word_1_253' title='bbox 435 2242 665 2309; x_wconf 82' lang='lat' dir='ltr'><strong>agebat,</strong></span> <span class='ocrx_word' id='word_1_254' title='bbox 713 2240 781 2294; x_wconf 84' lang='lat' dir='ltr'><strong>ad</strong></span> <span class='ocrx_word' id='word_1_255' title='bbox 809 2238 1146 2305; x_wconf 76' lang='lat' dir='ltr'><strong>Artabazum</strong></span> <span class='ocrx_word' id='word_1_256' title='bbox 1196 2235 1508 2305; x_wconf 76' lang='lat' dir='ltr'><strong>defecerat,</strong></span> <span class='ocrx_word' id='word_1_257' title='bbox 1552 2251 1786 2307; x_wconf 85' lang='lat' dir='ltr'><strong>eumque</strong></span> <span class='ocrx_word' id='word_1_258' title='bbox 1815 2237 1929 2309; x_wconf 80' lang='lat'><strong>68</strong></span> <span class='ocrx_word' id='word_1_259' title='bbox 1976 2245 2031 2291; x_wconf 88' lang='lat' dir='ltr'><strong>et</strong></span> 
     </span>
    </p>
   </div>
   <div class='ocr_carea' id='block_1_40' title="bbox 436 2330 2032 2403">
    <p class='ocr_par' dir='ltr' id='par_1_40' title="bbox 436 2330 2032 2403">
     <span class='ocr_line' id='line_1_40' title="bbox 436 2330 2032 2403; baseline -0.001 -18"><span class='ocrx_word' id='word_1_260' title='bbox 436 2330 822 2403; x_wconf 85' lang='lat' dir='ltr'><strong>imperatorem</strong></span> <span class='ocrx_word' id='word_1_261' title='bbox 864 2331 1240 2397; x_wconf 84' lang='lat' dir='ltr'><strong>salutaverat,</strong></span> <span class='ocrx_word' id='word_1_262' title='bbox 1278 2340 1333 2386; x_wconf 91' lang='lat' dir='ltr'><strong>et</strong></span> <span class='ocrx_word' id='word_1_263' title='bbox 1372 2330 1654 2402; x_wconf 83' lang='lat' dir='ltr'><strong>Byzantiis</strong></span> <span class='ocrx_word' id='word_1_264' title='bbox 1682 2340 2032 2399; x_wconf 76' lang='lat' dir='ltr'><strong>persuaserat</strong></span> 
     </span>
    </p>
   </div>
   <div class='ocr_carea' id='block_1_41' title="bbox 436 2408 2030 2492">
    <p class='ocr_par' dir='ltr' id='par_1_41' title="bbox 436 2408 2030 2492">
     <span class='ocr_line' id='line_1_41' title="bbox 436 2408 2030 2492; baseline -0.003 -12"><span class='ocrx_word' id='word_1_265' title='bbox 436 2408 858 2480; x_wconf 81' lang='lat' dir='ltr'><strong>Constantinum</strong></span> <span class='ocrx_word' id='word_1_266' title='bbox 905 2438 1027 2478; x_wconf 87' lang='lat' dir='ltr'><strong>esse</strong></span> <span class='ocrx_word' id='word_1_267' title='bbox 1092 2437 1393 2480; x_wconf 89' lang='lat' dir='ltr'><strong>mortuum.</strong></span> <span class='ocrx_word' id='word_1_268' title='bbox 1460 2423 1606 2477; x_wconf 89' lang='lat' dir='ltr'><strong>Idem</strong></span> <span class='ocrx_word' id='word_1_269' title='bbox 1660 2422 2030 2492; x_wconf 82' lang='lat' dir='ltr'><strong>Nicephorum</strong></span> 
     </span>
    </p>
   </div>
   <div class='ocr_carea' id='block_1_42' title="bbox 437 2508 2031 2585">
    <p class='ocr_par' dir='ltr' id='par_1_42' title="bbox 437 2508 2031 2585">
     <span class='ocr_line' id='line_1_42' title="bbox 437 2508 2031 2585; baseline -0.001 -15"><span class='ocrx_word' id='word_1_270' title='bbox 437 2514 635 2583; x_wconf 81' lang='lat' dir='ltr'><strong>ﬁlium,</strong></span> <span class='ocrx_word' id='word_1_271' title='bbox 664 2515 754 2583; x_wconf 88' lang='lat' dir='ltr'><strong>qui</strong></span> <span class='ocrx_word' id='word_1_272' title='bbox 788 2523 901 2569; x_wconf 84' lang='lat' dir='ltr'><strong>tum</strong></span> <span class='ocrx_word' id='word_1_273' title='bbox 936 2516 989 2569; x_wconf 91' lang='lat' dir='ltr'><strong>in</strong></span> <span class='ocrx_word' id='word_1_274' title='bbox 1032 2508 1265 2570; x_wconf 83' lang='lat' dir='ltr'><strong>Thracia</strong></span> <span class='ocrx_word' id='word_1_275' title='bbox 1293 2515 1482 2585; x_wconf 87' lang='lat' dir='ltr'><strong>copias</strong></span> <span class='ocrx_word' id='word_1_276' title='bbox 1521 2514 1778 2585; x_wconf 83' lang='lat' dir='ltr'><strong>regebat,</strong></span> <span class='ocrx_word' id='word_1_277' title='bbox 1809 2514 1876 2569; x_wconf 85' lang='lat' dir='ltr'><strong>ad</strong></span> <span class='ocrx_word' id='word_1_278' title='bbox 1909 2529 2031 2569; x_wconf 83' lang='lat' dir='ltr'><strong>sese</strong></span> 
     </span>
    </p>
   </div>
   <div class='ocr_carea' id='block_1_43' title="bbox 439 2610 2030 2677">
    <p class='ocr_par' dir='ltr' id='par_1_43' title="bbox 439 2610 2030 2677">
     <span class='ocr_line' id='line_1_43' title="bbox 439 2610 2030 2677; baseline -0.001 -15"><span class='ocrx_word' id='word_1_279' title='bbox 439 2612 670 2663; x_wconf 87' lang='lat' dir='ltr'><strong>advocat</strong></span> <span class='ocrx_word' id='word_1_280' title='bbox 695 2618 750 2664; x_wconf 93' lang='lat' dir='ltr'><strong>et</strong></span> <span class='ocrx_word' id='word_1_281' title='bbox 786 2610 852 2663; x_wconf 88' lang='lat' dir='ltr'><strong>ad</strong></span> <span class='ocrx_word' id='word_1_282' title='bbox 881 2610 1034 2664; x_wconf 86' lang='lat' dir='ltr'><strong>urbis</strong></span> <span class='ocrx_word' id='word_1_283' title='bbox 1067 2610 1369 2665; x_wconf 87' lang='lat' dir='ltr'><strong>custodiam</strong></span> <span class='ocrx_word' id='word_1_284' title='bbox 1405 2624 1527 2664; x_wconf 90' lang='lat' dir='ltr'><strong>cum</strong></span> <span class='ocrx_word' id='word_1_285' title='bbox 1569 2610 1653 2663; x_wconf 89' lang='lat' dir='ltr'><strong>his</strong></span> <span class='ocrx_word' id='word_1_286' title='bbox 1678 2623 1815 2677; x_wconf 81' lang='lat' dir='ltr'><strong>quos</strong></span> <span class='ocrx_word' id='word_1_287' title='bbox 1844 2621 2030 2663; x_wconf 88' lang='lat' dir='ltr'><strong>secum</strong></span> 
     </span>
    </p>
   </div>
   <div class='ocr_carea' id='block_1_44' title="bbox 439 2700 2036 2772">
    <p class='ocr_par' dir='ltr' id='par_1_44' title="bbox 439 2700 2036 2772">
     <span class='ocr_line' id='line_1_44' title="bbox 439 2700 2036 2772; baseline 0 -17"><span class='ocrx_word' id='word_1_288' title='bbox 439 2700 676 2755; x_wconf 85' lang='lat' dir='ltr'><strong>habebat</strong></span> <span class='ocrx_word' id='word_1_289' title='bbox 715 2701 981 2756; x_wconf 91' lang='lat' dir='ltr'><strong>militibus</strong></span> <span class='ocrx_word' id='word_1_290' title='bbox 1019 2702 1258 2772; x_wconf 89' lang='lat' dir='ltr'><strong>disponit</strong></span> <span class='ocrx_word' id='word_1_291' title='bbox 1288 2721 1303 2758; x_wconf 84' lang='lat'><strong>;</strong></span> <span class='ocrx_word' id='word_1_292' title='bbox 1331 2703 1424 2772; x_wconf 91' lang='lat' dir='ltr'><strong>qni</strong></span> <span class='ocrx_word' id='word_1_293' title='bbox 1454 2719 1519 2757; x_wconf 80' lang='lat' dir='ltr'><strong>ex</strong></span> <span class='ocrx_word' id='word_1_294' title='bbox 1543 2701 1719 2767; x_wconf 81' lang='lat' dir='ltr'><strong>omcio</strong></span> <span class='ocrx_word' id='word_1_295' title='bbox 1748 2703 2036 2772; x_wconf 81' lang='lat' dir='ltr'><strong>imperato-</strong></span> 
     </span>
    </p>
   </div>
   <div class='ocr_carea' id='block_1_45' title="bbox 440 2792 2036 2864">
    <p class='ocr_par' dir='ltr' id='par_1_45' title="bbox 440 2792 2036 2864">
     <span class='ocr_line' id='line_1_45' title="bbox 440 2792 2036 2864; baseline 0.001 -18"><span class='ocrx_word' id='word_1_296' title='bbox 440 2792 519 2846; x_wconf 86' lang='lat' dir='ltr'><strong>ris</strong></span> <span class='ocrx_word' id='word_1_297' title='bbox 568 2801 759 2858; x_wconf 83' lang='lat' dir='ltr'><strong>er.mt,</strong></span> <span class='ocrx_word' id='word_1_298' title='bbox 794 2795 991 2860; x_wconf 85' lang='lat' dir='ltr'><strong>partim</strong></span> <span class='ocrx_word' id='word_1_299' title='bbox 1024 2794 1292 2860; x_wconf 84' lang='lat' dir='ltr'><strong>caecitate,</strong></span> <span class='ocrx_word' id='word_1_300' title='bbox 1335 2795 1534 2863; x_wconf 87' lang='lat' dir='ltr'><strong>partim</strong></span> <span class='ocrx_word' id='word_1_301' title='bbox 1587 2794 1709 2849; x_wconf 91' lang='lat' dir='ltr'><strong>aliis</strong></span> <span class='ocrx_word' id='word_1_302' title='bbox 1750 2795 1929 2864; x_wconf 72' lang='lat' dir='ltr'><strong>poenis</strong></span> <span class='ocrx_word' id='word_1_303' title='bbox 1968 2807 2036 2848; x_wconf 88' lang='lat' dir='ltr'><strong>ac</strong></span> 
     </span>
    </p>
   </div>
   <div class='ocr_carea' id='block_1_46' title="bbox 438 2881 2034 2941">
    <p class='ocr_par' dir='ltr' id='par_1_46' title="bbox 438 2881 2034 2941">
     <span class='ocr_line' id='line_1_46' title="bbox 438 2881 2034 2941; baseline 0.001 -5"><span class='ocrx_word' id='word_1_304' title='bbox 438 2883 787 2937; x_wconf 79' lang='lat' dir='ltr'><strong>c0utiuneliis</strong></span> <span class='ocrx_word' id='word_1_305' title='bbox 831 2881 1015 2938; x_wconf 76' lang='lat' dir='ltr'><strong>allicit.</strong></span> <span class='ocrx_word' id='word_1_306' title='bbox 1058 2883 1364 2937; x_wconf 87' lang='lat' dir='ltr'><strong>Artabazus</strong></span> <span class='ocrx_word' id='word_1_307' title='bbox 1395 2884 1610 2938; x_wconf 91' lang='lat' dir='ltr'><strong>interim</strong></span> <span class='ocrx_word' id='word_1_308' title='bbox 1662 2898 1782 2938; x_wconf 92' lang='lat' dir='ltr'><strong>cum</strong></span> <span class='ocrx_word' id='word_1_309' title='bbox 1814 2885 1931 2941; x_wconf 91' lang='lat' dir='ltr'><strong>suis</strong></span> <span class='ocrx_word' id='word_1_310' title='bbox 1966 2883 2034 2937; x_wconf 89' lang='lat' dir='ltr'><strong>ad</strong></span> 
     </span>
    </p>
   </div>
   <div class='ocr_carea' id='block_1_47' title="bbox 440 2973 2037 3045">
    <p class='ocr_par' dir='ltr' id='par_1_47' title="bbox 440 2973 2037 3045">
     <span class='ocr_line' id='line_1_47' title="bbox 440 2973 2037 3045; baseline 0.003 -18"><span class='ocrx_word' id='word_1_311' title='bbox 440 2973 633 3027; x_wconf 82' lang='lat' dir='ltr'><strong>urbem</strong></span> <span class='ocrx_word' id='word_1_312' title='bbox 679 2975 926 3042; x_wconf 88' lang='lat' dir='ltr'><strong>accedit,</strong></span> <span class='ocrx_word' id='word_1_313' title='bbox 962 2973 1120 3044; x_wconf 82' lang='lat' dir='ltr'><strong>cujus</strong></span> <span class='ocrx_word' id='word_1_314' title='bbox 1162 2974 1397 3028; x_wconf 87' lang='lat' dir='ltr'><strong>adventu</strong></span> <span class='ocrx_word' id='word_1_315' title='bbox 1429 2984 1740 3029; x_wconf 87' lang='lat' dir='ltr'><strong>sanctorum</strong></span> <span class='ocrx_word' id='word_1_316' title='bbox 1773 2975 2037 3045; x_wconf 79' lang='lat' dir='ltr'><strong>imagines</strong></span> 
     </span>
    </p>
   </div>
   <div class='ocr_carea' id='block_1_48' title="bbox 441 3064 2039 3136">
    <p class='ocr_par' dir='ltr' id='par_1_48' title="bbox 441 3064 2039 3136">
     <span class='ocr_line' id='line_1_48' title="bbox 441 3064 2039 3136; baseline 0.001 -15"><span class='ocrx_word' id='word_1_317' title='bbox 441 3064 593 3121; x_wconf 83' lang='lat' dir='ltr'><strong>illico</strong></span> <span class='ocrx_word' id='word_1_318' title='bbox 624 3068 891 3121; x_wconf 79' lang='lat' dir='ltr'><strong>restituta:</strong></span> <span class='ocrx_word' id='word_1_319' title='bbox 917 3075 1064 3123; x_wconf 85' lang='lat' dir='ltr'><strong>sunt.</strong></span> <span class='ocrx_word' id='word_1_320' title='bbox 1106 3065 1264 3122; x_wconf 83' lang='lat' dir='ltr'><strong>Hunc</strong></span> <span class='ocrx_word' id='word_1_321' title='bbox 1299 3081 1440 3136; x_wconf 91' lang='lat' dir='ltr'><strong>pone</strong></span> <span class='ocrx_word' id='word_1_322' title='bbox 1469 3079 1693 3123; x_wconf 87' lang='lat' dir='ltr'><strong>secutus</strong></span> <span class='ocrx_word' id='word_1_323' title='bbox 1728 3067 2039 3123; x_wconf 87' lang='lat' dir='ltr'><strong>Constanti-</strong></span> 
     </span>
    </p>
   </div>
   <div class='ocr_carea' id='block_1_49' title="bbox 441 3158 2033 3232">
    <p class='ocr_par' dir='ltr' id='par_1_49' title="bbox 441 3158 2033 3232">
     <span class='ocr_line' id='line_1_49' title="bbox 441 3158 2033 3232; baseline 0.002 -21"><span class='ocrx_word' id='word_1_324' title='bbox 441 3172 547 3212; x_wconf 87' lang='lat' dir='ltr'><strong>nus</strong></span> <span class='ocrx_word' id='word_1_325' title='bbox 574 3158 938 3228; x_wconf 82' lang='lat' dir='ltr'><strong>Cbrysopolin</strong></span> <span class='ocrx_word' id='word_1_326' title='bbox 971 3169 1235 3230; x_wconf 86' lang='lat' dir='ltr'><strong>occupat,</strong></span> <span class='ocrx_word' id='word_1_327' title='bbox 1267 3160 1463 3215; x_wconf 86' lang='lat' dir='ltr'><strong>navale</strong></span> <span class='ocrx_word' id='word_1_328' title='bbox 1493 3176 1559 3215; x_wconf 86' lang='lat' dir='ltr'><strong>ex</strong></span> <span class='ocrx_word' id='word_1_329' title='bbox 1588 3163 1820 3216; x_wconf 82' lang='lat' dir='ltr'><strong>adverso</strong></span> <span class='ocrx_word' id='word_1_330' title='bbox 1849 3161 2033 3232; x_wconf 87' lang='lat' dir='ltr'><strong>Cpolis</strong></span> 
     </span>
    </p>
   </div>
   <div class='ocr_carea' id='block_1_50' title="bbox 443 3249 2036 3323">
    <p class='ocr_par' dir='ltr' id='par_1_50' title="bbox 443 3249 2036 3323">
     <span class='ocr_line' id='line_1_50' title="bbox 443 3249 2036 3323; baseline 0.003 -21"><span class='ocrx_word' id='word_1_331' title='bbox 443 3249 496 3302; x_wconf 92' lang='lat' dir='ltr'><strong>in</strong></span> <span class='ocrx_word' id='word_1_332' title='bbox 522 3251 649 3305; x_wconf 87' lang='lat' dir='ltr'><strong>Asia</strong></span> <span class='ocrx_word' id='word_1_333' title='bbox 683 3252 943 3319; x_wconf 88' lang='lat' dir='ltr'><strong>positum.</strong></span> <span class='ocrx_word' id='word_1_334' title='bbox 976 3249 1080 3307; x_wconf 92' lang='lat' dir='ltr'><strong>Ubi</strong></span> <span class='ocrx_word' id='word_1_335' title='bbox 1116 3251 1395 3321; x_wconf 88' lang='lat' dir='ltr'><strong>paululum</strong></span> <span class='ocrx_word' id='word_1_336' title='bbox 1445 3262 1819 3308; x_wconf 88' lang='lat' dir='ltr'><strong>commoratus</strong></span> <span class='ocrx_word' id='word_1_337' title='bbox 1851 3268 2036 3323; x_wconf 81' lang='lat' dir='ltr'><strong>regre-</strong></span> 
     </span>
    </p>
   </div>
   <div class='ocr_carea' id='block_1_51' title="bbox 441 3344 2037 3410">
    <p class='ocr_par' dir='ltr' id='par_1_51' title="bbox 441 3344 2037 3410">
     <span class='ocr_line' id='line_1_51' title="bbox 441 3344 2037 3410; baseline 0.003 -13"><span class='ocrx_word' id='word_1_338' title='bbox 441 3344 613 3410; x_wconf 87' lang='lat' dir='ltr'><strong>ditur,</strong></span> <span class='ocrx_word' id='word_1_339' title='bbox 655 3353 708 3398; x_wconf 88' lang='lat' dir='ltr'><strong>et</strong></span> <span class='ocrx_word' id='word_1_340' title='bbox 750 3345 817 3398; x_wconf 88' lang='lat' dir='ltr'><strong>ad</strong></span> <span class='ocrx_word' id='word_1_341' title='bbox 855 3345 1045 3399; x_wconf 82' lang='lat' dir='ltr'><strong>urbem</strong></span> <span class='ocrx_word' id='word_1_342' title='bbox 1089 3345 1372 3400; x_wconf 80' lang='lat' dir='ltr'><strong>Ameriam</strong></span> <span class='ocrx_word' id='word_1_343' title='bbox 1420 3346 1645 3400; x_wconf 85' lang='lat' dir='ltr'><strong>hiemat.</strong></span> <span class='ocrx_word' id='word_1_344' title='bbox 1683 3347 1843 3402; x_wconf 89' lang='lat' dir='ltr'><strong>Anno</strong></span> <span class='ocrx_word' id='word_1_345' title='bbox 1891 3348 2037 3401; x_wconf 90' lang='lat' dir='ltr'><strong>inse-</strong></span> 
     </span>
    </p>
   </div>
   <div class='ocr_carea' id='block_1_52' title="bbox 440 3436 2037 3505">
    <p class='ocr_par' dir='ltr' id='par_1_52' title="bbox 440 3436 2037 3505">
     <span class='ocr_line' id='line_1_52' title="bbox 440 3436 2037 3505; baseline 0.003 -18"><span class='ocrx_word' id='word_1_346' title='bbox 440 3437 629 3505; x_wconf 88' lang='lat' dir='ltr'><strong>quenti</strong></span> <span class='ocrx_word' id='word_1_347' title='bbox 654 3436 963 3492; x_wconf 83' lang='lat' dir='ltr'><strong>Artabazus</strong></span> <span class='ocrx_word' id='word_1_348' title='bbox 1010 3438 1243 3493; x_wconf 88' lang='lat' dir='ltr'><strong>alterum</strong></span> <span class='ocrx_word' id='word_1_349' title='bbox 1270 3454 1300 3492; x_wconf 90' lang='lat' dir='ltr'><strong>e</strong></span> <span class='ocrx_word' id='word_1_350' title='bbox 1327 3437 1451 3494; x_wconf 82' lang='lat' dir='ltr'><strong>ﬁliis</strong></span> <span class='ocrx_word' id='word_1_351' title='bbox 1473 3438 1718 3496; x_wconf 79' lang='lat' dir='ltr'><strong>Nicetam</strong></span> <span class='ocrx_word' id='word_1_352' title='bbox 1750 3439 2037 3494; x_wconf 85' lang='lat' dir='ltr'><strong>Armenio-</strong></span> 
     </span>
    </p>
   </div>
   <div class='ocr_carea' id='block_1_53' title="bbox 443 3528 2035 3602">
    <p class='ocr_par' dir='ltr' id='par_1_53' title="bbox 443 3528 2035 3602">
     <span class='ocr_line' id='line_1_53' title="bbox 443 3528 2035 3602; baseline 0.004 -24"><span class='ocrx_word' id='word_1_353' title='bbox 443 3540 568 3579; x_wconf 86' lang='lat' dir='ltr'><strong>rum</strong></span> <span class='ocrx_word' id='word_1_354' title='bbox 614 3529 807 3582; x_wconf 82' lang='lat' dir='ltr'><strong>ducein</strong></span> <span class='ocrx_word' id='word_1_355' title='bbox 855 3530 1056 3596; x_wconf 89' lang='lat' dir='ltr'><strong>mittit,</strong></span> <span class='ocrx_word' id='word_1_356' title='bbox 1084 3528 1456 3600; x_wconf 81' lang='lat' dir='ltr'><strong>Nicephorum</strong></span> <span class='ocrx_word' id='word_1_357' title='bbox 1490 3547 1620 3587; x_wconf 91' lang='lat' dir='ltr'><strong>vero</strong></span> <span class='ocrx_word' id='word_1_358' title='bbox 1653 3533 2035 3602; x_wconf 89' lang='lat' dir='ltr'><strong>imperatorem</strong></span> 
     </span>
    </p>
   </div>
   <div class='ocr_carea' id='block_1_54' title="bbox 445 3618 2035 3697">
    <p class='ocr_par' dir='ltr' id='par_1_54' title="bbox 445 3618 2035 3697">
     <span class='ocr_line' id='line_1_54' title="bbox 445 3618 2035 3697; baseline 0.004 -27"><span class='ocrx_word' id='word_1_359' title='bbox 445 3627 691 3673; x_wconf 86' lang='lat' dir='ltr'><strong>coronat.</strong></span> <span class='ocrx_word' id='word_1_360' title='bbox 724 3618 844 3687; x_wconf 88' lang='lat' dir='ltr'><strong>Ipse</strong></span> <span class='ocrx_word' id='word_1_361' title='bbox 876 3620 929 3675; x_wconf 92' lang='lat' dir='ltr'><strong>in</strong></span> <span class='ocrx_word' id='word_1_362' title='bbox 970 3622 1156 3676; x_wconf 86' lang='lat' dir='ltr'><strong>Asiam</strong></span> <span class='ocrx_word' id='word_1_363' title='bbox 1202 3637 1324 3677; x_wconf 92' lang='lat' dir='ltr'><strong>cum</strong></span> <span class='ocrx_word' id='word_1_364' title='bbox 1372 3622 1543 3692; x_wconf 88' lang='lat' dir='ltr'><strong>copiis</strong></span> <span class='ocrx_word' id='word_1_365' title='bbox 1590 3622 1824 3697; x_wconf 80' lang='lat' dir='ltr'><strong>trajicit,</strong></span> <span class='ocrx_word' id='word_1_366' title='bbox 1872 3637 2035 3692; x_wconf 89' lang='lat' dir='ltr'><strong>quam</strong></span> 
     </span>
    </p>
   </div>
   <div class='ocr_carea' id='block_1_55' title="bbox 446 3711 2038 3783">
    <p class='ocr_par' dir='ltr' id='par_1_55' title="bbox 446 3711 2038 3783">
     <span class='ocr_line' id='line_1_55' title="bbox 446 3711 2038 3783; baseline 0.005 -20"><span class='ocrx_word' id='word_1_367' title='bbox 446 3724 568 3763; x_wconf 90' lang='lat' dir='ltr'><strong>cum</strong></span> <span class='ocrx_word' id='word_1_368' title='bbox 601 3711 1040 3780; x_wconf 79' lang='lat' dir='ltr'><strong>populationibus</strong></span> <span class='ocrx_word' id='word_1_369' title='bbox 1069 3714 1323 3769; x_wconf 78' lang='lat' dir='ltr'><strong>infestam</strong></span> <span class='ocrx_word' id='word_1_370' title='bbox 1371 3717 1620 3783; x_wconf 85' lang='lat' dir='ltr'><strong>haberet,</strong></span> <span class='ocrx_word' id='word_1_371' title='bbox 1647 3712 2038 3771; x_wconf 83' lang='lat' dir='ltr'><strong>Constantinus</strong></span> 
     </span>
    </p>
   </div>
   <div class='ocr_carea' id='block_1_56' title="bbox 446 3802 2038 3881">
    <p class='ocr_par' dir='ltr' id='par_1_56' title="bbox 446 3802 2038 3881">
     <span class='ocr_line' id='line_1_56' title="bbox 446 3802 2038 3881; baseline 0.008 -25"><span class='ocrx_word' id='word_1_372' title='bbox 446 3802 664 3857; x_wconf 81' lang='lat' dir='ltr'><strong>obviam</strong></span> <span class='ocrx_word' id='word_1_373' title='bbox 710 3805 758 3859; x_wconf 87' lang='lat' dir='ltr'><strong>ei</strong></span> <span class='ocrx_word' id='word_1_374' title='bbox 808 3809 877 3861; x_wconf 89' lang='lat' dir='ltr'><strong>ad</strong></span> <span class='ocrx_word' id='word_1_375' title='bbox 929 3804 1133 3863; x_wconf 85' lang='lat' dir='ltr'><strong>Sardes</strong></span> <span class='ocrx_word' id='word_1_376' title='bbox 1178 3809 1455 3875; x_wconf 89' lang='lat' dir='ltr'><strong>occurrit;</strong></span> <span class='ocrx_word' id='word_1_377' title='bbox 1504 3819 1559 3864; x_wconf 87' lang='lat' dir='ltr'><strong>et</strong></span> <span class='ocrx_word' id='word_1_378' title='bbox 1599 3810 1774 3881; x_wconf 83' lang='lat' dir='ltr'><strong>signis</strong></span> <span class='ocrx_word' id='word_1_379' title='bbox 1823 3810 2038 3868; x_wconf 85' lang='lat' dir='ltr'><strong>collatis</strong></span> 
     </span>
    </p>
   </div>
   <div class='ocr_carea' id='block_1_57' title="bbox 446 3892 2037 3973">
    <p class='ocr_par' dir='ltr' id='par_1_57' title="bbox 446 3892 2037 3973">
     <span class='ocr_line' id='line_1_57' title="bbox 446 3892 2037 3973; baseline 0.008 -26"><span class='ocrx_word' id='word_1_380' title='bbox 446 3892 603 3963; x_wconf 78' lang='lat' dir='ltr'><strong>longe</strong></span> <span class='ocrx_word' id='word_1_381' title='bbox 628 3898 876 3965; x_wconf 91' lang='lat' dir='ltr'><strong>superior</strong></span> <span class='ocrx_word' id='word_1_382' title='bbox 906 3897 1028 3954; x_wconf 83' lang='lat' dir='ltr'><strong>fuit.</strong></span> <span class='ocrx_word' id='word_1_383' title='bbox 1061 3899 1141 3954; x_wconf 90' lang='lat' dir='ltr'><strong>lta</strong></span> <span class='ocrx_word' id='word_1_384' title='bbox 1170 3901 1411 3955; x_wconf 83' lang='lat' dir='ltr'><strong>exercitu</strong></span> <span class='ocrx_word' id='word_1_385' title='bbox 1448 3902 1592 3957; x_wconf 90' lang='lat' dir='ltr'><strong>illius</strong></span> <span class='ocrx_word' id='word_1_386' title='bbox 1628 3904 1678 3969; x_wconf 84' lang='lat' dir='ltr'><strong>in</strong></span> <span class='ocrx_word' id='word_1_387' title='bbox 1710 3912 2037 3973; x_wconf 87' lang='lat' dir='ltr'><strong>potestatem</strong></span> 
     </span>
    </p>
   </div>
   <div class='ocr_carea' id='block_1_58' title="bbox 447 3990 2037 4066">
    <p class='ocr_par' dir='ltr' id='par_1_58' title="bbox 447 3990 2037 4066">
     <span class='ocr_line' id='line_1_58' title="bbox 447 3990 2037 4066; baseline 0.007 -25"><span class='ocrx_word' id='word_1_388' title='bbox 447 3990 697 4052; x_wconf 83' lang='lat' dir='ltr'><strong>redacto,</strong></span> <span class='ocrx_word' id='word_1_389' title='bbox 726 3992 981 4046; x_wconf 86' lang='lat' dir='ltr'><strong>omnibus</strong></span> <span class='ocrx_word' id='word_1_390' title='bbox 1020 4009 1236 4064; x_wconf 83' lang='lat' dir='ltr'><strong>quoque</strong></span> <span class='ocrx_word' id='word_1_391' title='bbox 1270 3995 1675 4064; x_wconf 86' lang='lat' dir='ltr'><strong>impedimentis</strong></span> <span class='ocrx_word' id='word_1_392' title='bbox 1703 3997 1906 4066; x_wconf 84' lang='lat' dir='ltr'><strong>potitus</strong></span> <span class='ocrx_word' id='word_1_393' title='bbox 1930 4005 2037 4052; x_wconf 90' lang='lat' dir='ltr'><strong>est.</strong></span> 
     </span>
    </p>
   </div>
   <div class='ocr_carea' id='block_1_59' title="bbox 446 4076 2036 4160">
    <p class='ocr_par' dir='ltr' id='par_1_59' title="bbox 446 4076 2036 4160">
     <span class='ocr_line' id='line_1_59' title="bbox 446 4076 2036 4160; baseline 0.006 -25"><span class='ocrx_word' id='word_1_394' title='bbox 446 4079 749 4138; x_wconf 81' lang='lat' dir='ltr'><strong>Artabazus</strong></span> <span class='ocrx_word' id='word_1_395' title='bbox 775 4083 1035 4154; x_wconf 76' lang='lat' dir='ltr'><strong>Cyzicum</strong></span> <span class='ocrx_word' id='word_1_396' title='bbox 1067 4086 1244 4157; x_wconf 89' lang='lat' dir='ltr'><strong>primo</strong></span> <span class='ocrx_word' id='word_1_397' title='bbox 1273 4125 1288 4153; x_wconf 91' lang='lat'><strong>,</strong></span> <span class='ocrx_word' id='word_1_398' title='bbox 1311 4088 1437 4144; x_wconf 90' lang='lat' dir='ltr'><strong>inde</strong></span> <span class='ocrx_word' id='word_1_399' title='bbox 1458 4089 1666 4158; x_wconf 87' lang='lat' dir='ltr'><strong>Cpolim</strong></span> <span class='ocrx_word' id='word_1_400' title='bbox 1700 4076 1824 4160; x_wconf 70' lang='lat' dir='ltr'><strong>fuga&#39;</strong></span> <span class='ocrx_word' id='word_1_401' title='bbox 1860 4092 2036 4159; x_wconf 80' lang='lat' dir='ltr'><strong>petiit.</strong></span> 
     </span>
    </p>
   </div>
   <div class='ocr_carea' id='block_1_60' title="bbox 446 4172 2035 4250">
    <p class='ocr_par' dir='ltr' id='par_1_60' title="bbox 446 4172 2035 4250">
     <span class='ocr_line' id='line_1_60' title="bbox 446 4172 2035 4250; baseline 0.006 -21"><span class='ocrx_word' id='word_1_402' title='bbox 446 4172 666 4230; x_wconf 82' lang='lat' dir='ltr'><strong>Nicetas</strong></span> <span class='ocrx_word' id='word_1_403' title='bbox 695 4177 811 4245; x_wconf 84' lang='lat' dir='ltr'><strong>ejus</strong></span> <span class='ocrx_word' id='word_1_404' title='bbox 837 4178 980 4233; x_wconf 80' lang='lat' dir='ltr'><strong>[ilius</strong></span> <span class='ocrx_word' id='word_1_405' title='bbox 1007 4180 1183 4235; x_wconf 90' lang='lat' dir='ltr'><strong>aciem</strong></span> <span class='ocrx_word' id='word_1_406' title='bbox 1218 4182 1268 4235; x_wconf 92' lang='lat' dir='ltr'><strong>in</strong></span> <span class='ocrx_word' id='word_1_407' title='bbox 1291 4181 1714 4249; x_wconf 84' lang='lat' dir='ltr'><strong>Constantinum</strong></span> <span class='ocrx_word' id='word_1_408' title='bbox 1745 4185 2035 4250; x_wconf 89' lang='lat' dir='ltr'><strong>convertit,</strong></span> 
     </span>
    </p>
   </div>
   <div class='ocr_carea' id='block_1_61' title="bbox 447 4267 2037 4346">
    <p class='ocr_par' dir='ltr' id='par_1_61' title="bbox 447 4267 2037 4346">
     <span class='ocr_line' id='line_1_61' title="bbox 447 4267 2037 4346; baseline 0.008 -26"><span class='ocrx_word' id='word_1_409' title='bbox 447 4269 538 4336; x_wconf 91' lang='lat' dir='ltr'><strong>qui</strong></span> <span class='ocrx_word' id='word_1_410' title='bbox 580 4268 647 4321; x_wconf 89' lang='lat' dir='ltr'><strong>ad</strong></span> <span class='ocrx_word' id='word_1_411' title='bbox 694 4267 995 4325; x_wconf 80' lang='lat' dir='ltr'><strong>Modrinam</strong></span> <span class='ocrx_word' id='word_1_412' title='bbox 1050 4275 1346 4330; x_wconf 89' lang='lat' dir='ltr'><strong>commisso</strong></span> <span class='ocrx_word' id='word_1_413' title='bbox 1396 4276 1583 4346; x_wconf 65' lang='lat' dir='ltr'><strong>praalio</strong></span> <span class='ocrx_word' id='word_1_414' title='bbox 1626 4276 1871 4333; x_wconf 90' lang='lat' dir='ltr'><strong>Nicetam</strong></span> <span class='ocrx_word' id='word_1_415' title='bbox 1913 4293 2037 4333; x_wconf 90' lang='lat' dir='ltr'><strong>cum</strong></span> 
     </span>
    </p>
   </div>
   <div class='ocr_carea' id='block_1_62' title="bbox 448 4362 2035 4442">
    <p class='ocr_par' dir='ltr' id='par_1_62' title="bbox 448 4362 2035 4442">
     <span class='ocr_line' id='line_1_62' title="bbox 448 4362 2035 4442; baseline 0.007 -27"><span class='ocrx_word' id='word_1_416' title='bbox 448 4375 643 4431; x_wconf 77' lang='lat' dir='ltr'><strong>magna</strong></span> <span class='ocrx_word' id='word_1_417' title='bbox 704 4362 935 4417; x_wconf 90' lang='lat' dir='ltr'><strong>militum</strong></span> <span class='ocrx_word' id='word_1_418' title='bbox 987 4374 1169 4436; x_wconf 80' lang='lat' dir='ltr'><strong>strage</strong></span> <span class='ocrx_word' id='word_1_419' title='bbox 1208 4368 1412 4422; x_wconf 88' lang='lat' dir='ltr'><strong>victum</strong></span> <span class='ocrx_word' id='word_1_420' title='bbox 1456 4369 1509 4424; x_wconf 93' lang='lat' dir='ltr'><strong>in</strong></span> <span class='ocrx_word' id='word_1_421' title='bbox 1566 4369 1748 4441; x_wconf 78' lang='lat' dir='ltr'><strong>fugam</strong></span> <span class='ocrx_word' id='word_1_422' title='bbox 1790 4371 2035 4442; x_wconf 73' lang='lat' dir='ltr'><strong>coniicit.</strong></span> 
     </span>
    </p>
   </div>
   <div class='ocr_carea' id='block_1_63' title="bbox 446 4452 2033 4535">
    <p class='ocr_par' dir='ltr' id='par_1_63' title="bbox 446 4452 2033 4535">
     <span class='ocr_line' id='line_1_63' title="bbox 446 4452 2033 4535; baseline 0.004 -28"><span class='ocrx_word' id='word_1_423' title='bbox 446 4452 636 4522; x_wconf 79' lang='lat' dir='ltr'><strong>Magna</strong></span> <span class='ocrx_word' id='word_1_424' title='bbox 655 4453 916 4525; x_wconf 86' lang='lat' dir='ltr'><strong>deinceps</strong></span> <span class='ocrx_word' id='word_1_425' title='bbox 959 4456 1173 4527; x_wconf 86' lang='lat' dir='ltr'><strong>imperii</strong></span> <span class='ocrx_word' id='word_1_426' title='bbox 1213 4457 1445 4514; x_wconf 81' lang='lat' dir='ltr'><strong>Romani</strong></span> <span class='ocrx_word' id='word_1_427' title='bbox 1468 4461 1749 4516; x_wconf 85' lang='lat' dir='ltr'><strong>calamitas</strong></span> <span class='ocrx_word' id='word_1_428' title='bbox 1782 4461 2033 4535; x_wconf 65' lang='lat' dir='ltr'><strong>69in“,</strong></span> 
     </span>
    </p>
   </div>
   <div class='ocr_carea' id='block_1_64' title="bbox 2127 1955 3723 2029">
    <p class='ocr_par' dir='ltr' id='par_1_64' title="bbox 2127 1955 3723 2029">
     <span class='ocr_line' id='line_1_64' title="bbox 2127 1955 3723 2029; baseline 0 -20"><span class='ocrx_word' id='word_1_429' title='bbox 2127 1955 2258 2029; x_wconf 81' lang='grc' dir='ltr'><strong>γοῦν</strong></span> <span class='ocrx_word' id='word_1_430' title='bbox 2285 1956 2380 2011; x_wconf 72' lang='grc' dir='ltr'><strong>καὶ</strong></span> <span class='ocrx_word' id='word_1_431' title='bbox 2408 1956 2670 2010; x_wconf 85' lang='grc' dir='ltr'><strong>Σισίννιον</strong></span> <span class='ocrx_word' id='word_1_432' title='bbox 2699 1956 2791 2009; x_wconf 73' lang='grc' dir='ltr'><strong>τὸν</strong></span> <span class='ocrx_word' id='word_1_433' title='bbox 2816 1956 3104 2026; x_wconf 86' lang='grc' dir='ltr'><strong>πατρίκιον</strong></span> <span class='ocrx_word' id='word_1_434' title='bbox 3130 1956 3418 2028; x_wconf 74' lang='grc' dir='ltr'><strong>σύμφρονα</strong></span> <span class='ocrx_word' id='word_1_435' title='bbox 3446 1956 3723 2010; x_wconf 88' lang='grc' dir='ltr'><strong>καθίστων</strong></span> 
     </span>
    </p>
   </div>
   <div class='ocr_carea' id='block_1_65' title="bbox 2127 2048 3724 2123">
    <p class='ocr_par' dir='ltr' id='par_1_65' title="bbox 2127 2048 3724 2123">
     <span class='ocr_line' id='line_1_65' title="bbox 2127 2048 3724 2123; baseline -0.003 -17"><span class='ocrx_word' id='word_1_436' title='bbox 2127 2051 2245 2123; x_wconf 66' lang='grc' dir='ltr'><strong>ἅμα</strong></span> <span class='ocrx_word' id='word_1_437' title='bbox 2287 2048 2366 2121; x_wconf 84' lang='grc' dir='ltr'><strong>τῷ</strong></span> <span class='ocrx_word' id='word_1_438' title='bbox 2408 2049 2500 2103; x_wconf 89' lang='grc' dir='ltr'><strong>ὑπ’</strong></span> <span class='ocrx_word' id='word_1_439' title='bbox 2523 2049 2687 2104; x_wconf 83' lang='grc' dir='ltr'><strong>αὑτὸν</strong></span> <span class='ocrx_word' id='word_1_440' title='bbox 2730 2050 3197 2122; x_wconf 80' lang='grc' dir='ltr'><strong>στρατηγουμένῳ</strong></span> <span class='ocrx_word' id='word_1_441' title='bbox 3241 2050 3353 2103; x_wconf 87' lang='grc' dir='ltr'><strong>τῶν</strong></span> <span class='ocrx_word' id='word_1_442' title='bbox 3387 2051 3724 2121; x_wconf 68' lang='grc' dir='ltr'><strong>Θρακησίων</strong></span> 
     </span>
    </p>
   </div>
   <div class='ocr_carea' id='block_1_66' title="bbox 2128 2140 3725 2214">
    <p class='ocr_par' dir='ltr' id='par_1_66' title="bbox 2128 2140 3725 2214">
     <span class='ocr_line' id='line_1_66' title="bbox 2128 2140 3725 2214; baseline -0.001 -17"><span class='ocrx_word' id='word_1_443' title='bbox 2128 2143 2470 2214; x_wconf 67' lang='grc' dir='ltr'><strong>λεγομένῳθδ</strong></span> <span class='ocrx_word' id='word_1_444' title='bbox 2498 2140 2630 2207; x_wconf 82' lang='grc' dir='ltr'><strong>λαῷ,</strong></span> <span class='ocrx_word' id='word_1_445' title='bbox 2652 2144 2746 2196; x_wconf 75' lang='grc' dir='ltr'><strong>καὶ</strong></span> <span class='ocrx_word' id='word_1_446' title='bbox 2773 2142 3012 2205; x_wconf 75' lang='grc' dir='ltr'><strong>ἅπαντες</strong></span> <span class='ocrx_word' id='word_1_447' title='bbox 3039 2143 3179 2197; x_wconf 74' lang='grc' dir='ltr'><strong>κατὰ</strong></span> <span class='ocrx_word' id='word_1_448' title='bbox 3214 2141 3549 2213; x_wconf 74' lang='grc' dir='ltr'><strong>’Δρταϐἁζου</strong></span> <span class='ocrx_word' id='word_1_449' title='bbox 3570 2142 3725 2213; x_wconf 73' lang='grc' dir='ltr'><strong>ὁμῶς</strong></span> 
     </span>
    </p>
   </div>
   <div class='ocr_carea' id='block_1_67' title="bbox 2129 2234 3723 2307">
    <p class='ocr_par' dir='ltr' id='par_1_67' title="bbox 2129 2234 3723 2307">
     <span class='ocr_line' id='line_1_67' title="bbox 2129 2234 3723 2307; baseline -0.002 -15"><span class='ocrx_word' id='word_1_450' title='bbox 2129 2238 2391 2307; x_wconf 86' lang='grc' dir='ltr'><strong>ἐχώρουν.</strong></span> <span class='ocrx_word' id='word_1_451' title='bbox 2420 2235 2704 2305; x_wconf 77' lang='grc' dir='ltr'><strong>Θεοφάνης</strong></span> <span class='ocrx_word' id='word_1_452' title='bbox 2730 2235 2790 2289; x_wconf 77' lang='grc' dir='ltr'><strong>δὲ</strong></span> <span class='ocrx_word' id='word_1_453' title='bbox 2823 2234 2882 2287; x_wconf 85' lang='grc' dir='ltr'><strong>ὃν</strong></span> <span class='ocrx_word' id='word_1_454' title='bbox 2913 2234 3193 2289; x_wconf 85' lang='grc' dir='ltr'><strong>Μονὼτιον</strong></span> <span class='ocrx_word' id='word_1_455' title='bbox 3227 2234 3480 2299; x_wconf 73' lang='grc' dir='ltr'><strong>ἐκάλουν,</strong></span> <span class='ocrx_word' id='word_1_456' title='bbox 3506 2235 3605 2306; x_wconf 80' lang='grc' dir='ltr'><strong>τὴν</strong></span> <span class='ocrx_word' id='word_1_457' title='bbox 3625 2235 3723 2289; x_wconf 76' lang='grc' dir='ltr'><strong>τοῦ</strong></span> 
     </span>
    </p>
   </div>
   <div class='ocr_carea' id='block_1_68' title="bbox 2133 2328 3725 2402">
    <p class='ocr_par' dir='ltr' id='par_1_68' title="bbox 2133 2328 3725 2402">
     <span class='ocr_line' id='line_1_68' title="bbox 2133 2328 3725 2402; baseline -0.001 -19"><span class='ocrx_word' id='word_1_458' title='bbox 2133 2330 2438 2402; x_wconf 84' lang='grc' dir='ltr'><strong>μαγίστρου</strong></span> <span class='ocrx_word' id='word_1_459' title='bbox 2465 2330 2622 2394; x_wconf 78' lang='grc' dir='ltr'><strong>ἀξίαν</strong></span> <span class='ocrx_word' id='word_1_460' title='bbox 2646 2329 2851 2382; x_wconf 79' lang='grc' dir='ltr'><strong>διέπων</strong></span> <span class='ocrx_word' id='word_1_461' title='bbox 2877 2330 2971 2382; x_wconf 76' lang='grc' dir='ltr'><strong>καὶ</strong></span> <span class='ocrx_word' id='word_1_462' title='bbox 3001 2329 3099 2400; x_wconf 81' lang='grc' dir='ltr'><strong>τὴν</strong></span> <span class='ocrx_word' id='word_1_463' title='bbox 3124 2328 3392 2399; x_wconf 81' lang='grc' dir='ltr'><strong>βασιλέως</strong></span> <span class='ocrx_word' id='word_1_464' title='bbox 3425 2328 3617 2399; x_wconf 84' lang='grc' dir='ltr'><strong>χρείαν</strong></span> <span class='ocrx_word' id='word_1_465' title='bbox 3641 2331 3725 2393; x_wconf 88' lang='grc' dir='ltr'><strong>εἱς</strong></span> 
     </span>
    </p>
   </div>
   <div class='ocr_carea' id='block_1_69' title="bbox 2130 2422 3728 2495">
    <p class='ocr_par' dir='ltr' id='par_1_69' title="bbox 2130 2422 3728 2495">
     <span class='ocr_line' id='line_1_69' title="bbox 2130 2422 3728 2495; baseline -0.002 -16"><span class='ocrx_word' id='word_1_466' title='bbox 2130 2423 2425 2488; x_wconf 76' lang='grc' dir='ltr'><strong>Βυζάντιον</strong></span> <span class='ocrx_word' id='word_1_467' title='bbox 2472 2422 3185 2494; x_wconf 75' lang='grc' dir='ltr'><strong>ἁποπληρῶν,Ἀρτα6άζῳ</strong></span> <span class='ocrx_word' id='word_1_468' title='bbox 3233 2423 3587 2495; x_wconf 71' lang='grc' dir='ltr'><strong>προσετίθετο</strong></span> <span class='ocrx_word' id='word_1_469' title='bbox 3630 2425 3728 2476; x_wconf 58' lang='grc' dir='ltr'><strong>καὶ⁸</strong></span> 
     </span>
    </p>
   </div>
   <div class='ocr_carea' id='block_1_70' title="bbox 2133 2498 3728 2589">
    <p class='ocr_par' dir='ltr' id='par_1_70' title="bbox 2133 2516 3728 2589">
     <span class='ocr_line' id='line_1_70' title="bbox 2133 2516 3728 2589; baseline -0.001 -18"><span class='ocrx_word' id='word_1_470' title='bbox 2133 2516 2361 2589; x_wconf 81' lang='grc' dir='ltr'><strong>βασιλέα</strong></span> <span class='ocrx_word' id='word_1_471' title='bbox 2396 2517 2762 2589; x_wconf 83' lang='grc' dir='ltr'><strong>ἀνεκήρυττε,</strong></span> <span class='ocrx_word' id='word_1_472' title='bbox 2800 2518 2895 2570; x_wconf 75' lang='grc' dir='ltr'><strong>καὶ</strong></span> <span class='ocrx_word' id='word_1_473' title='bbox 2941 2516 3271 2581; x_wconf 80' lang='grc' dir='ltr'><strong>Βυζαντίους</strong></span> <span class='ocrx_word' id='word_1_474' title='bbox 3318 2517 3607 2571; x_wconf 77' lang='grc' dir='ltr'><strong>ἀνέπειθεν</strong></span> <span class='ocrx_word' id='word_1_475' title='bbox 3648 2517 3728 2580; x_wconf 84' lang='grc' dir='ltr'><strong>ῶς</strong></span> 
     </span>
    </p>
   </div>
   <div class='ocr_carea' id='block_1_71' title="bbox 2131 2610 3729 2681">
    <p class='ocr_par' dir='ltr' id='par_1_71' title="bbox 2131 2610 3729 2681">
     <span class='ocr_line' id='line_1_71' title="bbox 2131 2610 3729 2681; baseline -0.001 -16"><span class='ocrx_word' id='word_1_476' title='bbox 2131 2611 2545 2673; x_wconf 80' lang='grc' dir='ltr'><strong>Κωνσταντῖνος</strong></span> <span class='ocrx_word' id='word_1_477' title='bbox 2600 2610 2934 2681; x_wconf 70' lang='grc' dir='ltr'><strong>τεθνήκειπ.</strong></span> <span class='ocrx_word' id='word_1_478' title='bbox 2983 2610 3088 2664; x_wconf 81' lang='grc' dir='ltr'><strong>Τὸν</strong></span> <span class='ocrx_word' id='word_1_479' title='bbox 3147 2610 3207 2663; x_wconf 77' lang='grc' dir='ltr'><strong>δὲ</strong></span> <span class='ocrx_word' id='word_1_480' title='bbox 3252 2610 3367 2664; x_wconf 86' lang='grc' dir='ltr'><strong>υἱὸν</strong></span> <span class='ocrx_word' id='word_1_481' title='bbox 3411 2610 3729 2679; x_wconf 79' lang='grc' dir='ltr'><strong>Νικηφόρον</strong></span> 
     </span>
    </p>
   </div>
   <div class='ocr_carea' id='block_1_72' title="bbox 2131 2700 3728 2774">
    <p class='ocr_par' dir='ltr' id='par_1_72' title="bbox 2131 2700 3728 2774">
     <span class='ocr_line' id='line_1_72' title="bbox 2131 2700 3728 2774; baseline -0.001 -17"><span class='ocrx_word' id='word_1_482' title='bbox 2131 2700 2368 2773; x_wconf 74' lang='grc' dir='ltr'><strong>τοῦνομα</strong></span> <span class='ocrx_word' id='word_1_483' title='bbox 2398 2702 2541 2757; x_wconf 73' lang='grc' dir='ltr'><strong>κατὰ</strong></span> <span class='ocrx_word' id='word_1_484' title='bbox 2572 2702 2669 2773; x_wconf 84' lang='grc' dir='ltr'><strong>τὴν</strong></span> <span class='ocrx_word' id='word_1_485' title='bbox 2696 2702 2919 2774; x_wconf 77' lang='grc' dir='ltr'><strong>Θρᾴκην</strong></span> <span class='ocrx_word' id='word_1_486' title='bbox 2952 2701 3075 2755; x_wconf 85' lang='grc' dir='ltr'><strong>τότε</strong></span> <span class='ocrx_word' id='word_1_487' title='bbox 3111 2704 3524 2773; x_wconf 68' lang='grc' dir='ltr'><strong>στρατηγοῦντα</strong></span> <span class='ocrx_word' id='word_1_488' title='bbox 3555 2720 3728 2771; x_wconf 87' lang='grc' dir='ltr'><strong>μετα-</strong></span> 
     </span>
    </p>
   </div>
   <div class='ocr_carea' id='block_1_73' title="bbox 2134 2793 3730 2865">
    <p class='ocr_par' dir='ltr' id='par_1_73' title="bbox 2134 2793 3730 2865">
     <span class='ocr_line' id='line_1_73' title="bbox 2134 2793 3730 2865; baseline 0 -18"><span class='ocrx_word' id='word_1_489' title='bbox 2134 2795 2437 2865; x_wconf 88' lang='grc' dir='ltr'><strong>πέμπεται,</strong></span> <span class='ocrx_word' id='word_1_490' title='bbox 2471 2796 2569 2849; x_wconf 73' lang='grc' dir='ltr'><strong>καὶ</strong></span> <span class='ocrx_word' id='word_1_491' title='bbox 2605 2795 2702 2848; x_wconf 76' lang='grc' dir='ltr'><strong>σὺν</strong></span> <span class='ocrx_word' id='word_1_492' title='bbox 2736 2793 2815 2864; x_wconf 81' lang='grc' dir='ltr'><strong>τῷ</strong></span> <span class='ocrx_word' id='word_1_493' title='bbox 2858 2794 2989 2864; x_wconf 69' lang='grc' dir='ltr'><strong>περὶ</strong></span> <span class='ocrx_word' id='word_1_494' title='bbox 3019 2793 3183 2845; x_wconf 73' lang='grc' dir='ltr'><strong>αὑτὸν</strong></span> <span class='ocrx_word' id='word_1_495' title='bbox 3212 2794 3431 2865; x_wconf 80' lang='grc' dir='ltr'><strong>στρατῷ</strong></span> <span class='ocrx_word' id='word_1_496' title='bbox 3457 2794 3595 2863; x_wconf 73' lang='grc' dir='ltr'><strong>πρὸς</strong></span> <span class='ocrx_word' id='word_1_497' title='bbox 3625 2812 3730 2863; x_wconf 78' lang='grc' dir='ltr'><strong>φυ-</strong></span> 
     </span>
    </p>
   </div>
   <div class='ocr_carea' id='block_1_74' title="bbox 2134 2886 3731 2959">
    <p class='ocr_par' dir='ltr' id='par_1_74' title="bbox 2134 2886 3731 2959">
     <span class='ocr_line' id='line_1_74' title="bbox 2134 2886 3731 2959; baseline -0.001 -17"><span class='ocrx_word' id='word_1_498' title='bbox 2134 2888 2307 2958; x_wconf 83' lang='grc' dir='ltr'><strong>λακὴν</strong></span> <span class='ocrx_word' id='word_1_499' title='bbox 2352 2889 2452 2959; x_wconf 79' lang='grc' dir='ltr'><strong>τῆς</strong></span> <span class='ocrx_word' id='word_1_500' title='bbox 2496 2886 2708 2950; x_wconf 87' lang='grc' dir='ltr'><strong>πόλεως</strong></span> <span class='ocrx_word' id='word_1_501' title='bbox 2756 2887 3135 2956; x_wconf 77' lang='grc' dir='ltr'><strong>ἐγκαθίστησι.</strong></span> <span class='ocrx_word' id='word_1_502' title='bbox 3170 2887 3291 2939; x_wconf 84' lang='grc' dir='ltr'><strong>Τῶν</strong></span> <span class='ocrx_word' id='word_1_503' title='bbox 3341 2886 3639 2956; x_wconf 80' lang='grc' dir='ltr'><strong>βασιλικῶν</strong></span> <span class='ocrx_word' id='word_1_504' title='bbox 3670 2886 3731 2940; x_wconf 61' lang='grc' dir='ltr'><strong>δὲ</strong></span> 
     </span>
    </p>
   </div>
   <div class='ocr_carea' id='block_1_75' title="bbox 2137 2977 3732 3053">
    <p class='ocr_par' dir='ltr' id='par_1_75' title="bbox 2137 2977 3732 3053">
     <span class='ocr_line' id='line_1_75' title="bbox 2137 2977 3732 3053; baseline -0.003 -17"><span class='ocrx_word' id='word_1_505' title='bbox 2137 2982 2427 3053; x_wconf 76' lang='grc' dir='ltr'><strong>ὑπηρετῶν</strong></span> <span class='ocrx_word' id='word_1_506' title='bbox 2453 2980 2548 3044; x_wconf 74' lang='grc' dir='ltr'><strong>οὓς</strong></span> <span class='ocrx_word' id='word_1_507' title='bbox 2596 2981 2695 3051; x_wconf 82' lang='grc' dir='ltr'><strong>μὲν</strong></span> <span class='ocrx_word' id='word_1_508' title='bbox 2740 2977 3054 3047; x_wconf 64' lang='grc' dir='ltr'><strong>ἁπετὺφλου</strong></span> <span class='ocrx_word' id='word_1_509' title='bbox 3072 2980 3140 3045; x_wconf 72' lang='lat'><strong>9°,</strong></span> <span class='ocrx_word' id='word_1_510' title='bbox 3175 2978 3271 3042; x_wconf 76' lang='grc' dir='ltr'><strong>οὓς</strong></span> <span class='ocrx_word' id='word_1_511' title='bbox 3304 2980 3361 3032; x_wconf 80' lang='grc' dir='ltr'><strong>δὲ</strong></span> <span class='ocrx_word' id='word_1_512' title='bbox 3394 2983 3489 3034; x_wconf 73' lang='grc' dir='ltr'><strong>καὶ</strong></span> <span class='ocrx_word' id='word_1_513' title='bbox 3521 2980 3732 3051; x_wconf 78' lang='grc' dir='ltr'><strong>ἑτέρως</strong></span> 
     </span>
    </p>
   </div>
   <div class='ocr_carea' id='block_1_76' title="bbox 2136 3067 3730 3144">
    <p class='ocr_par' dir='ltr' id='par_1_76' title="bbox 2136 3067 3730 3144">
     <span class='ocr_line' id='line_1_76' title="bbox 2136 3067 3730 3144; baseline -0.003 -17"><span class='ocrx_word' id='word_1_514' title='bbox 2136 3072 2423 3144; x_wconf 77' lang='grc' dir='ltr'><strong>κατῄκιζε.</strong></span> <span class='ocrx_word' id='word_1_515' title='bbox 2447 3072 2558 3125; x_wconf 75' lang='grc' dir='ltr'><strong>Καὶ</strong></span> <span class='ocrx_word' id='word_1_516' title='bbox 2582 3069 2918 3141; x_wconf 77' lang='grc' dir='ltr'><strong>’Λρτάόαιζος</strong></span> <span class='ocrx_word' id='word_1_517' title='bbox 2940 3068 3101 3132; x_wconf 75' lang='grc' dir='ltr'><strong>εὐθὺς</strong></span> <span class='ocrx_word' id='word_1_518' title='bbox 3126 3067 3203 3140; x_wconf 82' lang='grc' dir='ltr'><strong>τῷ</strong></span> <span class='ocrx_word' id='word_1_519' title='bbox 3236 3069 3447 3123; x_wconf 82' lang='grc' dir='ltr'><strong>συνόντι</strong></span> <span class='ocrx_word' id='word_1_520' title='bbox 3476 3069 3593 3139; x_wconf 77' lang='grc' dir='ltr'><strong>ἅμα</strong></span> <span class='ocrx_word' id='word_1_521' title='bbox 3613 3068 3730 3139; x_wconf 83' lang='grc' dir='ltr'><strong>λαῷ</strong></span> 
     </span>
    </p>
   </div>
   <div class='ocr_carea' id='block_1_77' title="bbox 2138 3160 3733 3238">
    <p class='ocr_par' dir='ltr' id='par_1_77' title="bbox 2138 3160 3733 3238">
     <span class='ocr_line' id='line_1_77' title="bbox 2138 3160 3733 3238; baseline -0.002 -20"><span class='ocrx_word' id='word_1_522' title='bbox 2138 3168 2203 3238; x_wconf 78' lang='grc' dir='ltr'><strong>τῇ</strong></span> <span class='ocrx_word' id='word_1_523' title='bbox 2233 3165 2387 3218; x_wconf 86' lang='grc' dir='ltr'><strong>πόλει</strong></span> <span class='ocrx_word' id='word_1_524' title='bbox 2415 3164 2724 3233; x_wconf 81' lang='grc' dir='ltr'><strong>ἐφίσταται,</strong></span> <span class='ocrx_word' id='word_1_525' title='bbox 2758 3163 2853 3216; x_wconf 65' lang='grc' dir='ltr'><strong>καὶ</strong></span> <span class='ocrx_word' id='word_1_526' title='bbox 2889 3163 3091 3217; x_wconf 78' lang='grc' dir='ltr'><strong>αὐτίκα</strong></span> <span class='ocrx_word' id='word_1_527' title='bbox 3109 3163 3219 3215; x_wconf 90' lang='grc' dir='ltr'><strong>τῶν</strong></span> <span class='ocrx_word' id='word_1_528' title='bbox 3243 3162 3412 3230; x_wconf 81' lang='grc' dir='ltr'><strong>ἁγίων</strong></span> <span class='ocrx_word' id='word_1_529' title='bbox 3435 3162 3638 3231; x_wconf 81' lang='grc' dir='ltr'><strong>ἀνέστη</strong></span> <span class='ocrx_word' id='word_1_530' title='bbox 3664 3160 3733 3216; x_wconf 77' lang='grc' dir='ltr'><strong>τὰ</strong></span> 
     </span>
    </p>
   </div>
   <div class='ocr_carea' id='block_1_78' title="bbox 2139 3252 3731 3328">
    <p class='ocr_par' dir='ltr' id='par_1_78' title="bbox 2139 3252 3731 3328">
     <span class='ocr_line' id='line_1_78' title="bbox 2139 3252 3731 3328; baseline -0.005 -16"><span class='ocrx_word' id='word_1_531' title='bbox 2139 3256 2261 3328; x_wconf 77' lang='grc' dir='ltr'><strong>ιερὰ</strong></span> <span class='ocrx_word' id='word_1_532' title='bbox 2292 3256 2748 3324; x_wconf 81' lang='grc' dir='ltr'><strong>ἁπεικονίσματα.</strong></span> <span class='ocrx_word' id='word_1_533' title='bbox 2782 3252 2991 3307; x_wconf 82' lang='grc' dir='ltr'><strong>Τούτου</strong></span> <span class='ocrx_word' id='word_1_534' title='bbox 3041 3254 3097 3307; x_wconf 82' lang='grc' dir='ltr'><strong>δὲ</strong></span> <span class='ocrx_word' id='word_1_535' title='bbox 3150 3253 3383 3307; x_wconf 83' lang='grc' dir='ltr'><strong>κατόπιν</strong></span> <span class='ocrx_word' id='word_1_536' title='bbox 3426 3252 3525 3306; x_wconf 87' lang='grc' dir='ltr'><strong>ίὼν</strong></span> <span class='ocrx_word' id='word_1_537' title='bbox 3568 3255 3731 3307; x_wconf 74' lang='grc' dir='ltr'><strong>Κων-</strong></span> 
     </span>
    </p>
   </div>
   <div class='ocr_carea' id='block_1_79' title="bbox 2141 3345 3735 3418">
    <p class='ocr_par' dir='ltr' id='par_1_79' title="bbox 2141 3345 3735 3418">
     <span class='ocr_line' id='line_1_79' title="bbox 2141 3345 3735 3418; baseline -0.001 -16"><span class='ocrx_word' id='word_1_538' title='bbox 2141 3351 2421 3411; x_wconf 81' lang='grc' dir='ltr'><strong>σταντῖνος</strong></span> <span class='ocrx_word' id='word_1_539' title='bbox 2466 3347 2564 3418; x_wconf 83' lang='grc' dir='ltr'><strong>τὴν</strong></span> <span class='ocrx_word' id='word_1_540' title='bbox 2610 3346 2953 3417; x_wconf 85' lang='grc' dir='ltr'><strong>Χρυσόπολιν</strong></span> <span class='ocrx_word' id='word_1_541' title='bbox 3000 3346 3342 3415; x_wconf 76' lang='grc' dir='ltr'><strong>καλουμένην</strong></span> <span class='ocrx_word' id='word_1_542' title='bbox 3373 3345 3735 3415; x_wconf 71' lang='grc' dir='ltr'><strong>καταλαμϐεἱο</strong></span> 
     </span>
    </p>
   </div>
   <div class='ocr_carea' id='block_1_80' title="bbox 2138 3437 3731 3510">
    <p class='ocr_par' dir='ltr' id='par_1_80' title="bbox 2138 3437 3731 3510">
     <span class='ocr_line' id='line_1_80' title="bbox 2138 3437 3731 3510; baseline -0.005 -13"><span class='ocrx_word' id='word_1_543' title='bbox 2138 3459 2247 3498; x_wconf 87' lang='grc' dir='ltr'><strong>νει·</strong></span> <span class='ocrx_word' id='word_1_544' title='bbox 2296 3443 2534 3495; x_wconf 83' lang='grc' dir='ltr'><strong>ἐπίνειον</strong></span> <span class='ocrx_word' id='word_1_545' title='bbox 2577 3441 2632 3493; x_wconf 80' lang='grc' dir='ltr'><strong>δὲ</strong></span> <span class='ocrx_word' id='word_1_546' title='bbox 2684 3439 2843 3493; x_wconf 76' lang='grc' dir='ltr'><strong>τοῦτο</strong></span> <span class='ocrx_word' id='word_1_547' title='bbox 2890 3437 3121 3510; x_wconf 74' lang='grc' dir='ltr'><strong>ἀντικρὺ</strong></span> <span class='ocrx_word' id='word_1_548' title='bbox 3157 3437 3456 3502; x_wconf 76' lang='grc' dir='ltr'><strong>Βυζαντίου</strong></span> <span class='ocrx_word' id='word_1_549' title='bbox 3492 3437 3631 3507; x_wconf 75' lang='grc' dir='ltr'><strong>πρὸς</strong></span> <span class='ocrx_word' id='word_1_550' title='bbox 3663 3441 3731 3510; x_wconf 74' lang='grc' dir='ltr'><strong>τῇ</strong></span> 
     </span>
    </p>
   </div>
   <div class='ocr_carea' id='block_1_81' title="bbox 2139 3527 3736 3601">
    <p class='ocr_par' dir='ltr' id='par_1_81' title="bbox 2139 3527 3736 3601">
     <span class='ocr_line' id='line_1_81' title="bbox 2139 3527 3736 3601; baseline -0.003 -16"><span class='ocrx_word' id='word_1_551' title='bbox 2139 3530 2406 3585; x_wconf 86' lang='grc' dir='ltr'><strong>Ἀσιάτιδι</strong></span> <span class='ocrx_word' id='word_1_552' title='bbox 2431 3533 2501 3601; x_wconf 84' lang='grc' dir='ltr'><strong>γῇ</strong></span> <span class='ocrx_word' id='word_1_553' title='bbox 2532 3530 2903 3598; x_wconf 83' lang='grc' dir='ltr'><strong>διακείμενον.</strong></span> <span class='ocrx_word' id='word_1_554' title='bbox 2943 3527 3245 3581; x_wconf 80' lang='grc' dir='ltr'><strong>Κάνταῦθα</strong></span> <span class='ocrx_word' id='word_1_555' title='bbox 3276 3528 3487 3600; x_wconf 81' lang='grc' dir='ltr'><strong>βραχὺν</strong></span> <span class='ocrx_word' id='word_1_556' title='bbox 3529 3527 3736 3598; x_wconf 80' lang='grc' dir='ltr'><strong>διατρί-</strong></span> 
     </span>
    </p>
   </div>
   <div class='ocr_carea' id='block_1_82' title="bbox 2138 3621 3738 3696">
    <p class='ocr_par' dir='ltr' id='par_1_82' title="bbox 2138 3621 3738 3696">
     <span class='ocr_line' id='line_1_82' title="bbox 2138 3621 3738 3696; baseline -0.004 -17"><span class='ocrx_word' id='word_1_557' title='bbox 2138 3624 2246 3696; x_wconf 78' lang='grc' dir='ltr'><strong>ψας</strong></span> <span class='ocrx_word' id='word_1_558' title='bbox 2259 3624 2451 3695; x_wconf 80' lang='grc' dir='ltr'><strong>χρόνον</strong></span> <span class='ocrx_word' id='word_1_559' title='bbox 2471 3623 2783 3687; x_wconf 53' lang='grc' dir='ltr'><strong>ὑπενόστει,</strong></span> <span class='ocrx_word' id='word_1_560' title='bbox 2798 3623 2891 3675; x_wconf 75' lang='grc' dir='ltr'><strong>καὶ</strong></span> <span class='ocrx_word' id='word_1_561' title='bbox 2913 3622 3049 3691; x_wconf 85' lang='grc' dir='ltr'><strong>πρὸς</strong></span> <span class='ocrx_word' id='word_1_562' title='bbox 3071 3621 3169 3692; x_wconf 80' lang='grc' dir='ltr'><strong>τὴν</strong></span> <span class='ocrx_word' id='word_1_563' title='bbox 3194 3622 3348 3674; x_wconf 87' lang='grc' dir='ltr'><strong>πόλιν</strong></span> <span class='ocrx_word' id='word_1_564' title='bbox 3375 3622 3442 3693; x_wconf 73' lang='grc' dir='ltr'><strong>ἦν</strong></span> <span class='ocrx_word' id='word_1_565' title='bbox 3465 3621 3738 3691; x_wconf 77' lang='grc' dir='ltr'><strong>Ἀμορίαν</strong></span> 
     </span>
    </p>
   </div>
   <div class='ocr_carea' id='block_1_83' title="bbox 2141 3712 3737 3787">
    <p class='ocr_par' dir='ltr' id='par_1_83' title="bbox 2141 3712 3737 3787">
     <span class='ocr_line' id='line_1_83' title="bbox 2141 3712 3737 3787; baseline -0.005 -14"><span class='ocrx_word' id='word_1_566' title='bbox 2141 3719 2366 3773; x_wconf 83' lang='grc' dir='ltr'><strong>καλοῦσι</strong></span> <span class='ocrx_word' id='word_1_567' title='bbox 2394 3714 2732 3787; x_wconf 71' lang='grc' dir='ltr'><strong>διεχείμαζε.</strong></span> <span class='ocrx_word' id='word_1_568' title='bbox 2751 3715 2843 3785; x_wconf 85' lang='grc' dir='ltr'>Τῷ</span> <span class='ocrx_word' id='word_1_569' title='bbox 2860 3716 2917 3770; x_wconf 78' lang='grc' dir='ltr'><strong>δὲ</strong></span> <span class='ocrx_word' id='word_1_570' title='bbox 2945 3716 3075 3786; x_wconf 77' lang='grc' dir='ltr'><strong>ἐξῆς</strong></span> <span class='ocrx_word' id='word_1_571' title='bbox 3095 3714 3471 3784; x_wconf 82' lang='grc' dir='ltr'><strong>ἐπιγενομένῳ</strong></span> <span class='ocrx_word' id='word_1_572' title='bbox 3497 3712 3737 3785; x_wconf 86' lang='grc' dir='ltr'><strong>ἐνιαυτῷ</strong></span> 
     </span>
    </p>
   </div>
   <div class='ocr_carea' id='block_1_84' title="bbox 2138 3806 3734 3881">
    <p class='ocr_par' dir='ltr' id='par_1_84' title="bbox 2138 3806 3734 3881">
     <span class='ocr_line' id='line_1_84' title="bbox 2138 3806 3734 3881; baseline -0.004 -16"><span class='ocrx_word' id='word_1_573' title='bbox 2138 3812 2231 3865; x_wconf 74' lang='grc' dir='ltr'><strong>τὸν</strong></span> <span class='ocrx_word' id='word_1_574' title='bbox 2262 3811 2449 3881; x_wconf 73' lang='grc' dir='ltr'><strong>ἕτερον</strong></span> <span class='ocrx_word' id='word_1_575' title='bbox 2478 3809 2586 3861; x_wconf 88' lang='grc' dir='ltr'><strong>τῶν</strong></span> <span class='ocrx_word' id='word_1_576' title='bbox 2617 3808 2752 3861; x_wconf 90' lang='grc' dir='ltr'><strong>υἱῶν</strong></span> <span class='ocrx_word' id='word_1_577' title='bbox 2784 3808 3031 3878; x_wconf 81' lang='grc' dir='ltr'><strong>Νικήταν</strong></span> <span class='ocrx_word' id='word_1_578' title='bbox 3070 3806 3377 3878; x_wconf 81' lang='grc' dir='ltr'><strong>στρατηγὸν</strong></span> <span class='ocrx_word' id='word_1_579' title='bbox 3411 3806 3507 3859; x_wconf 80' lang='grc' dir='ltr'><strong>τοῦ</strong></span> <span class='ocrx_word' id='word_1_580' title='bbox 3534 3806 3734 3859; x_wconf 76' lang='grc' dir='ltr'><strong>καλου-</strong></span> 
     </span>
    </p>
   </div>
   <div class='ocr_carea' id='block_1_85' title="bbox 2143 3898 3738 3976">
    <p class='ocr_par' dir='ltr' id='par_1_85' title="bbox 2143 3898 3738 3976">
     <span class='ocr_line' id='line_1_85' title="bbox 2143 3898 3738 3976; baseline -0.004 -19"><span class='ocrx_word' id='word_1_581' title='bbox 2143 3903 2308 3976; x_wconf 83' lang='grc' dir='ltr'><strong>μένου</strong></span> <span class='ocrx_word' id='word_1_582' title='bbox 2359 3902 2468 3955; x_wconf 90' lang='grc' dir='ltr'><strong>τῶν</strong></span> <span class='ocrx_word' id='word_1_583' title='bbox 2506 3900 2889 3971; x_wconf 83' lang='grc' dir='ltr'><strong>Ἀρμενιακῶν</strong></span> <span class='ocrx_word' id='word_1_584' title='bbox 2938 3900 3172 3970; x_wconf 84' lang='grc' dir='ltr'><strong>στρατοῦ</strong></span> <span class='ocrx_word' id='word_1_585' title='bbox 3213 3898 3552 3971; x_wconf 74' lang='grc' dir='ltr'><strong>Ἀρτάϐαζος</strong></span> <span class='ocrx_word' id='word_1_586' title='bbox 3599 3900 3738 3952; x_wconf 74' lang='grc' dir='ltr'><strong>ἀποι-</strong></span> 
     </span>
    </p>
   </div>
   <div class='ocr_carea' id='block_1_86' title="bbox 2143 3988 3738 4064">
    <p class='ocr_par' dir='ltr' id='par_1_86' title="bbox 2143 3988 3738 4064">
     <span class='ocr_line' id='line_1_86' title="bbox 2143 3988 3738 4064; baseline -0.002 -15"><span class='ocrx_word' id='word_1_587' title='bbox 2143 3996 2380 4061; x_wconf 85' lang='grc' dir='ltr'><strong>στέλλει,</strong></span> <span class='ocrx_word' id='word_1_588' title='bbox 2420 3995 2509 4047; x_wconf 70' lang='grc' dir='ltr'><strong>τὸν</strong></span> <span class='ocrx_word' id='word_1_589' title='bbox 2559 3994 2603 4046; x_wconf 75' lang='grc' dir='ltr'><strong>δ’</strong></span> <span class='ocrx_word' id='word_1_590' title='bbox 2641 3988 2707 4047; x_wconf 78' lang='grc' dir='ltr'><strong>αὖ</strong></span> <span class='ocrx_word' id='word_1_591' title='bbox 2762 3994 2951 4063; x_wconf 75' lang='grc' dir='ltr'><strong>ἕτερον</strong></span> <span class='ocrx_word' id='word_1_592' title='bbox 2999 3992 3315 4064; x_wconf 74' lang='grc' dir='ltr'><strong>Νικηφόρον</strong></span> <span class='ocrx_word' id='word_1_593' title='bbox 3367 3993 3474 4056; x_wconf 83' lang='grc' dir='ltr'><strong>είς.</strong></span> <span class='ocrx_word' id='word_1_594' title='bbox 3505 3991 3738 4062; x_wconf 82' lang='grc' dir='ltr'><strong>βασιλέα</strong></span> 
     </span>
    </p>
   </div>
   <div class='ocr_carea' id='block_1_87' title="bbox 2142 4081 3738 4160">
    <p class='ocr_par' dir='ltr' id='par_1_87' title="bbox 2142 4081 3738 4160">
     <span class='ocr_line' id='line_1_87' title="bbox 2142 4081 3738 4160; baseline -0.005 -17"><span class='ocrx_word' id='word_1_595' title='bbox 2142 4090 2350 4160; x_wconf 87' lang='grc' dir='ltr'><strong>στέφει.</strong></span> <span class='ocrx_word' id='word_1_596' title='bbox 2378 4085 2797 4157; x_wconf 85' lang='grc' dir='ltr'><strong>Ἐπιστρατεύει</strong></span> <span class='ocrx_word' id='word_1_597' title='bbox 2822 4085 2880 4139; x_wconf 79' lang='grc' dir='ltr'><strong>δὲ</strong></span> <span class='ocrx_word' id='word_1_598' title='bbox 2909 4084 3052 4139; x_wconf 84' lang='grc' dir='ltr'><strong>κατὰ</strong></span> <span class='ocrx_word' id='word_1_599' title='bbox 3080 4086 3177 4153; x_wconf 85' lang='grc' dir='ltr'><strong>τῆς</strong></span> <span class='ocrx_word' id='word_1_600' title='bbox 3198 4084 3310 4138; x_wconf 83' lang='grc' dir='ltr'><strong>τῶν</strong></span> <span class='ocrx_word' id='word_1_601' title='bbox 3336 4083 3603 4138; x_wconf 78' lang='grc' dir='ltr'><strong>Ἀσιανῶν</strong></span> <span class='ocrx_word' id='word_1_602' title='bbox 3629 4081 3738 4154; x_wconf 73' lang='grc' dir='ltr'><strong>χὼ-</strong></span> 
     </span>
    </p>
   </div>
   <div class='ocr_carea' id='block_1_88' title="bbox 2144 4176 3733 4252">
    <p class='ocr_par' dir='ltr' id='par_1_88' title="bbox 2144 4176 3733 4252">
     <span class='ocr_line' id='line_1_88' title="bbox 2144 4176 3733 4252; baseline -0.003 -18"><span class='ocrx_word' id='word_1_603' title='bbox 2144 4198 2265 4252; x_wconf 83' lang='grc' dir='ltr'><strong>ρας,</strong></span> <span class='ocrx_word' id='word_1_604' title='bbox 2294 4180 2389 4234; x_wconf 75' lang='grc' dir='ltr'><strong>καὶ</strong></span> <span class='ocrx_word' id='word_1_605' title='bbox 2436 4179 2507 4233; x_wconf 71' lang='grc' dir='ltr'><strong>τὰ</strong></span> <span class='ocrx_word' id='word_1_606' title='bbox 2556 4179 2774 4247; x_wconf 81' lang='grc' dir='ltr'><strong>ἐκείνης</strong></span> <span class='ocrx_word' id='word_1_607' title='bbox 2826 4178 3004 4248; x_wconf 83' lang='grc' dir='ltr'><strong>χωρία</strong></span> <span class='ocrx_word' id='word_1_608' title='bbox 3045 4177 3447 4248; x_wconf 79' lang='grc' dir='ltr'><strong>ἐπημαίνετο⁹⁷</strong></span> <span class='ocrx_word' id='word_1_609' title='bbox 3497 4176 3733 4246; x_wconf 85' lang='grc' dir='ltr'><strong>πικρῶς.</strong></span> 
     </span>
    </p>
   </div>
   <div class='ocr_carea' id='block_1_89' title="bbox 2141 4269 3737 4346">
    <p class='ocr_par' dir='ltr' id='par_1_89' title="bbox 2141 4269 3737 4346">
     <span class='ocr_line' id='line_1_89' title="bbox 2141 4269 3737 4346; baseline -0.004 -18"><span class='ocrx_word' id='word_1_610' title='bbox 2141 4270 2303 4346; x_wconf 78' lang='grc' dir='ltr'><strong>Κᾷτα</strong></span> <span class='ocrx_word' id='word_1_611' title='bbox 2339 4272 2646 4327; x_wconf 85' lang='grc' dir='ltr'><strong>ἐπιτίθεται</strong></span> <span class='ocrx_word' id='word_1_612' title='bbox 2676 4274 3089 4335; x_wconf 81' lang='grc' dir='ltr'><strong>Κωνσταντῖνος</strong></span> <span class='ocrx_word' id='word_1_613' title='bbox 3109 4271 3208 4326; x_wconf 61' lang='grc' dir='ltr'><strong>καὶ⁵</strong></span> <span class='ocrx_word' id='word_1_614' title='bbox 3230 4270 3366 4342; x_wconf 74' lang='grc' dir='ltr'><strong>πρὸς</strong></span> <span class='ocrx_word' id='word_1_615' title='bbox 3390 4269 3488 4331; x_wconf 82' lang='grc' dir='ltr'><strong>τὰς</strong></span> <span class='ocrx_word' id='word_1_616' title='bbox 3509 4270 3737 4339; x_wconf 70' lang='grc' dir='ltr'><strong>Σάρδεις</strong></span> 
     </span>
    </p>
   </div>
   <div class='ocr_carea' id='block_1_90' title="bbox 2142 4363 3734 4437">
    <p class='ocr_par' dir='ltr' id='par_1_90' title="bbox 2142 4363 3734 4437">
     <span class='ocr_line' id='line_1_90' title="bbox 2142 4363 3734 4437; baseline -0.005 -17"><span class='ocrx_word' id='word_1_617' title='bbox 2142 4365 2488 4430; x_wconf 73' lang='grc' dir='ltr'><strong>ὑπαντιάζει,</strong></span> <span class='ocrx_word' id='word_1_618' title='bbox 2540 4364 2764 4437; x_wconf 86' lang='grc' dir='ltr'><strong>πολέμῳ</strong></span> <span class='ocrx_word' id='word_1_619' title='bbox 2815 4381 2875 4417; x_wconf 88' lang='grc' dir='ltr'><strong>τε</strong></span> <span class='ocrx_word' id='word_1_620' title='bbox 2929 4363 3079 4434; x_wconf 84' lang='grc' dir='ltr'><strong>αὑτῷ</strong></span> <span class='ocrx_word' id='word_1_621' title='bbox 3130 4364 3408 4433; x_wconf 82' lang='grc' dir='ltr'><strong>συμμίξας</strong></span> <span class='ocrx_word' id='word_1_622' title='bbox 3455 4363 3734 4434; x_wconf 81' lang='grc' dir='ltr'><strong>κραταιῶς</strong></span> 
     </span>
    </p>
   </div>
   <div class='ocr_carea' id='block_1_91' title="bbox 2140 4447 3736 4532">
    <p class='ocr_par' dir='ltr' id='par_1_91' title="bbox 2140 4447 3736 4532">
     <span class='ocr_line' id='line_1_91' title="bbox 2140 4447 3736 4532; baseline -0.003 -19"><span class='ocrx_word' id='word_1_623' title='bbox 2140 4457 2513 4532; x_wconf 81' lang='grc' dir='ltr'><strong>ἐτροπὼσατο,</strong></span> <span class='ocrx_word' id='word_1_624' title='bbox 2545 4447 2636 4511; x_wconf 86' lang='grc' dir='ltr'><strong>τόν</strong></span> <span class='ocrx_word' id='word_1_625' title='bbox 2679 4473 2737 4511; x_wconf 87' lang='grc' dir='ltr'><strong>τε</strong></span> <span class='ocrx_word' id='word_1_626' title='bbox 2781 4457 2991 4511; x_wconf 83' lang='grc' dir='ltr'><strong>ὑπόντα</strong></span> <span class='ocrx_word' id='word_1_627' title='bbox 3018 4456 3148 4510; x_wconf 70' lang='grc' dir='ltr'><strong>λαὸν</strong></span> <span class='ocrx_word' id='word_1_628' title='bbox 3178 4457 3591 4526; x_wconf 78' lang='grc' dir='ltr'><strong>δουλωσάμενος</strong></span> <span class='ocrx_word' id='word_1_629' title='bbox 3635 4456 3736 4526; x_wconf 81' lang='grc' dir='ltr'><strong>τήν</strong></span> 
     </span>
    </p>
   </div>
   <div class='ocr_carea' id='block_1_92' title="bbox 446 4547 2031 4622">
    <p class='ocr_par' dir='ltr' id='par_1_92' title="bbox 446 4547 2031 4620">
     <span class='ocr_line' id='line_1_92' title="bbox 446 4547 2031 4620; baseline 0.006 -20"><span class='ocrx_word' id='word_1_630' title='bbox 446 4562 568 4600; x_wconf 88' lang='lat' dir='ltr'><strong>cum</strong></span> <span class='ocrx_word' id='word_1_631' title='bbox 603 4547 713 4602; x_wconf 70' lang='lat' dir='ltr'><strong>haec</strong></span> <span class='ocrx_word' id='word_1_632' title='bbox 750 4548 815 4602; x_wconf 88' lang='lat' dir='ltr'><strong>de</strong></span> <span class='ocrx_word' id='word_1_633' title='bbox 848 4550 1076 4620; x_wconf 88' lang='lat' dir='ltr'><strong>imperio</strong></span> <span class='ocrx_word' id='word_1_634' title='bbox 1113 4565 1177 4606; x_wconf 90' lang='lat' dir='ltr'><strong>ac</strong></span> <span class='ocrx_word' id='word_1_635' title='bbox 1206 4552 1490 4607; x_wconf 90' lang='lat' dir='ltr'><strong>dominatu</strong></span> <span class='ocrx_word' id='word_1_636' title='bbox 1532 4555 1811 4609; x_wconf 89' lang='lat' dir='ltr'><strong>contentio</strong></span> <span class='ocrx_word' id='word_1_637' title='bbox 1871 4555 2031 4609; x_wconf 81' lang='lat' dir='ltr'><strong>Chri-</strong></span> 
     </span>
    </p>
   </div>
   <div class='ocr_carea' id='block_1_93' title="bbox 2133 4547 3736 4622">
    <p class='ocr_par' dir='ltr' id='par_1_93' title="bbox 2139 4548 3736 4621">
     <span class='ocr_line' id='line_1_93' title="bbox 2139 4548 3736 4621; baseline -0.004 -14"><span class='ocrx_word' id='word_1_638' title='bbox 2139 4570 2199 4607; x_wconf 89' lang='grc' dir='ltr'><strong>τε</strong></span> <span class='ocrx_word' id='word_1_639' title='bbox 2229 4551 2475 4607; x_wconf 80' lang='grc' dir='ltr'><strong>ὑποῦσαν</strong></span> <span class='ocrx_word' id='word_1_640' title='bbox 2502 4552 2687 4615; x_wconf 81' lang='grc' dir='ltr'><strong>αὑτοῖς</strong></span> <span class='ocrx_word' id='word_1_641' title='bbox 2712 4550 3027 4619; x_wconf 85' lang='grc' dir='ltr'><strong>ἀποσκευὴν</strong></span> <span class='ocrx_word' id='word_1_642' title='bbox 3050 4548 3736 4621; x_wconf 75' lang='grc' dir='ltr'><strong>είσποιησάμενος.Ἀρτέι-</strong></span> 
     </span>
    </p>
   </div>
   <div class='ocr_carea' id='block_1_94' title="bbox 444 4639 2034 4717">
    <p class='ocr_par' dir='ltr' id='par_1_94' title="bbox 444 4639 2034 4717">
     <span class='ocr_line' id='line_1_94' title="bbox 444 4639 2034 4717; baseline 0.004 -22"><span class='ocrx_word' id='word_1_643' title='bbox 444 4639 657 4695; x_wconf 71' lang='lat' dir='ltr'><strong>stianos</strong></span> <span class='ocrx_word' id='word_1_644' title='bbox 689 4641 742 4695; x_wconf 93' lang='lat' dir='ltr'><strong>in</strong></span> <span class='ocrx_word' id='word_1_645' title='bbox 769 4642 931 4696; x_wconf 93' lang='lat' dir='ltr'><strong>civile</strong></span> <span class='ocrx_word' id='word_1_646' title='bbox 956 4643 1155 4698; x_wconf 90' lang='lat' dir='ltr'><strong>bellum</strong></span> <span class='ocrx_word' id='word_1_647' title='bbox 1183 4644 1645 4713; x_wconf 81' lang='lat' dir='ltr'><strong>conjiceret.Qu:n</strong></span> <span class='ocrx_word' id='word_1_648' title='bbox 1674 4648 1816 4701; x_wconf 88' lang='lat' dir='ltr'><strong>enim</strong></span> <span class='ocrx_word' id='word_1_649' title='bbox 1839 4662 2034 4717; x_wconf 61' lang='lat' dir='ltr'><strong>quam-</strong></span> 
     </span>
    </p>
   </div>
   <div class='ocr_carea' id='block_1_95' title="bbox 443 4734 2036 4807">
    <p class='ocr_par' dir='ltr' id='par_1_95' title="bbox 443 4734 2036 4807">
     <span class='ocr_line' id='line_1_95' title="bbox 443 4734 2036 4807; baseline 0.006 -22"><span class='ocrx_word' id='word_1_650' title='bbox 443 4746 557 4800; x_wconf 78' lang='lat' dir='ltr'><strong>que</strong></span> <span class='ocrx_word' id='word_1_651' title='bbox 585 4734 788 4787; x_wconf 90' lang='lat' dir='ltr'><strong>atrocia</strong></span> <span class='ocrx_word' id='word_1_652' title='bbox 823 4734 932 4789; x_wconf 90' lang='lat' dir='ltr'><strong>illis</strong></span> <span class='ocrx_word' id='word_1_653' title='bbox 966 4737 1307 4807; x_wconf 88' lang='lat' dir='ltr'><strong>temporibus</strong></span> <span class='ocrx_word' id='word_1_654' title='bbox 1334 4739 1559 4792; x_wconf 82' lang='lat' dir='ltr'><strong>evenire</strong></span> <span class='ocrx_word' id='word_1_655' title='bbox 1609 4740 1822 4803; x_wconf 86' lang='lat' dir='ltr'><strong>solent,</strong></span> <span class='ocrx_word' id='word_1_656' title='bbox 1856 4749 1916 4794; x_wconf 92' lang='lat' dir='ltr'><strong>ut</strong></span> <span class='ocrx_word' id='word_1_657' title='bbox 1947 4739 2036 4794; x_wconf 88' lang='lat' dir='ltr'><strong>vel</strong></span> 
     </span>
    </p>
   </div>
   <div class='ocr_carea' id='block_1_96' title="bbox 445 4824 2036 4901">
    <p class='ocr_par' dir='ltr' id='par_1_96' title="bbox 445 4824 2036 4901">
     <span class='ocr_line' id='line_1_96' title="bbox 445 4824 2036 4901; baseline 0.004 -20"><span class='ocrx_word' id='word_1_658' title='bbox 445 4824 567 4893; x_wconf 75' lang='lat' dir='ltr'><strong>ipsa</strong></span> <span class='ocrx_word' id='word_1_659' title='bbox 600 4834 792 4880; x_wconf 89' lang='lat' dir='ltr'><strong>natura</strong></span> <span class='ocrx_word' id='word_1_660' title='bbox 836 4828 1040 4885; x_wconf 83' lang='lat' dir='ltr'><strong>suimet</strong></span> <span class='ocrx_word' id='word_1_661' title='bbox 1064 4830 1230 4884; x_wconf 87' lang='lat' dir='ltr'><strong>oblita</strong></span> <span class='ocrx_word' id='word_1_662' title='bbox 1263 4831 1509 4885; x_wconf 80' lang='lat' dir='ltr'><strong>videatur</strong></span> <span class='ocrx_word' id='word_1_663' title='bbox 1539 4845 1604 4886; x_wconf 83' lang='lat' dir='ltr'><strong>ac</strong></span> <span class='ocrx_word' id='word_1_664' title='bbox 1633 4832 1736 4886; x_wconf 76' lang='lat' dir='ltr'><strong>sibi</strong></span> <span class='ocrx_word' id='word_1_665' title='bbox 1790 4832 1889 4901; x_wconf 89' lang='lat' dir='ltr'><strong>ipsi</strong></span> <span class='ocrx_word' id='word_1_666' title='bbox 1921 4830 2036 4887; x_wconf 55' lang='lat' dir='ltr'><strong>helé</strong></span> 
     </span>
    </p>
   </div>
   <div class='ocr_carea' id='block_1_97' title="bbox 447 4917 2038 4992">
    <p class='ocr_par' dir='ltr' id='par_1_97' title="bbox 447 4917 2038 4992">
     <span class='ocr_line' id='line_1_97' title="bbox 447 4917 2038 4992; baseline 0.004 -20"><span class='ocrx_word' id='word_1_667' title='bbox 447 4917 559 4972; x_wconf 83' lang='lat' dir='ltr'><strong>lum</strong></span> <span class='ocrx_word' id='word_1_668' title='bbox 604 4918 831 4986; x_wconf 80' lang='lat' dir='ltr'><strong>inferat,</strong></span> <span class='ocrx_word' id='word_1_669' title='bbox 882 4930 1192 4992; x_wconf 61' lang='lat' dir='ltr'><strong>ceteraque</strong></span> <span class='ocrx_word' id='word_1_670' title='bbox 1234 4936 1356 4992; x_wconf 66' lang='lat' dir='ltr'><strong>quae</strong></span> <span class='ocrx_word' id='word_1_671' title='bbox 1391 4922 1495 4975; x_wconf 90' lang='lat' dir='ltr'><strong>dici</strong></span> <span class='ocrx_word' id='word_1_672' title='bbox 1545 4923 1771 4978; x_wconf 89' lang='lat' dir='ltr'><strong>minime</strong></span> <span class='ocrx_word' id='word_1_673' title='bbox 1815 4928 2038 4979; x_wconf 81' lang='lat' dir='ltr'><strong>necesse</strong></span> 
     </span>
    </p>
   </div>
   <div class='ocr_carea' id='block_1_98' title="bbox 448 5014 2038 5086">
    <p class='ocr_par' dir='ltr' id='par_1_98' title="bbox 448 5014 2038 5086">
     <span class='ocr_line' id='line_1_98' title="bbox 448 5014 2038 5086; baseline 0.002 -18"><span class='ocrx_word' id='word_1_674' title='bbox 448 5024 556 5078; x_wconf 87' lang='lat' dir='ltr'><strong>est,</strong></span> <span class='ocrx_word' id='word_1_675' title='bbox 588 5015 729 5071; x_wconf 89' lang='lat' dir='ltr'><strong>haud</strong></span> <span class='ocrx_word' id='word_1_676' title='bbox 755 5015 913 5085; x_wconf 89' lang='lat' dir='ltr'><strong>pauci</strong></span> <span class='ocrx_word' id='word_1_677' title='bbox 960 5016 1297 5086; x_wconf 78' lang='lat' dir='ltr'><strong>experientia</strong></span> <span class='ocrx_word' id='word_1_678' title='bbox 1338 5016 1671 5071; x_wconf 87' lang='lat' dir='ltr'><strong>didicerunt.</strong></span> <span class='ocrx_word' id='word_1_679' title='bbox 1718 5014 1833 5071; x_wconf 86' lang='lat' dir='ltr'><strong>Hoc</strong></span> <span class='ocrx_word' id='word_1_680' title='bbox 1876 5018 2038 5071; x_wconf 89' lang='lat' dir='ltr'><strong>modo</strong></span> 
     </span>
    </p>
   </div>
   <div class='ocr_carea' id='block_1_99' title="bbox 2141 4641 3733 4716">
    <p class='ocr_par' dir='ltr' id='par_1_99' title="bbox 2141 4641 3733 4716">
     <span class='ocr_line' id='line_1_99' title="bbox 2141 4641 3733 4716; baseline -0.005 -16"><span class='ocrx_word' id='word_1_681' title='bbox 2141 4645 2307 4711; x_wconf 76' lang='grc' dir='ltr'><strong>ϐαζος</strong></span> <span class='ocrx_word' id='word_1_682' title='bbox 2335 4646 2393 4700; x_wconf 89' lang='grc' dir='ltr'><strong>δέ</strong></span> <span class='ocrx_word' id='word_1_683' title='bbox 2411 4645 2592 4714; x_wconf 75' lang='grc' dir='ltr'><strong>φυγὰς</strong></span> <span class='ocrx_word' id='word_1_684' title='bbox 2622 4642 2759 4716; x_wconf 80' lang='grc' dir='ltr'><strong>πρὸς</strong></span> <span class='ocrx_word' id='word_1_685' title='bbox 2794 4643 2892 4712; x_wconf 78' lang='grc' dir='ltr'><strong>τὴν</strong></span> <span class='ocrx_word' id='word_1_686' title='bbox 2925 4644 3081 4697; x_wconf 88' lang='grc' dir='ltr'><strong>πόλιν</strong></span> <span class='ocrx_word' id='word_1_687' title='bbox 3112 4643 3349 4707; x_wconf 77' lang='grc' dir='ltr'><strong>Κύζικον</strong></span> <span class='ocrx_word' id='word_1_688' title='bbox 3381 4641 3733 4706; x_wconf 65' lang='grc' dir='ltr'><strong>καταλαϐιὶν,</strong></span> 
     </span>
    </p>
   </div>
   <div class='ocr_carea' id='block_1_100' title="bbox 2141 4736 3739 4811">
    <p class='ocr_par' dir='ltr' id='par_1_100' title="bbox 2141 4736 3739 4811">
     <span class='ocr_line' id='line_1_100' title="bbox 2141 4736 3739 4811; baseline -0.004 -15"><span class='ocrx_word' id='word_1_689' title='bbox 2141 4742 2398 4797; x_wconf 76' lang='grc' dir='ltr'><strong>κάκεῖθεν</strong></span> <span class='ocrx_word' id='word_1_690' title='bbox 2424 4739 2777 4801; x_wconf 80' lang='grc' dir='ltr'><strong>ἀποπλεύσας</strong></span> <span class='ocrx_word' id='word_1_691' title='bbox 2800 4740 2896 4793; x_wconf 77' lang='grc' dir='ltr'><strong>ἐπὶ</strong></span> <span class='ocrx_word' id='word_1_692' title='bbox 2925 4740 2986 4794; x_wconf 83' lang='grc' dir='ltr'><strong>τὸ</strong></span> <span class='ocrx_word' id='word_1_693' title='bbox 3017 4740 3314 4803; x_wconf 74' lang='grc' dir='ltr'><strong>Βυζάντιον</strong></span> <span class='ocrx_word' id='word_1_694' title='bbox 3337 4736 3531 4811; x_wconf 77' lang='grc' dir='ltr'><strong>ᾤχετο.</strong></span> <span class='ocrx_word' id='word_1_695' title='bbox 3559 4739 3739 4807; x_wconf 77' lang='grc' dir='ltr'><strong>Νικῇ-</strong></span> 
     </span>
    </p>
   </div>
   <div class='ocr_carea' id='block_1_101' title="bbox 2142 4828 3738 4900">
    <p class='ocr_par' dir='ltr' id='par_1_101' title="bbox 2142 4828 3738 4900">
     <span class='ocr_line' id='line_1_101' title="bbox 2142 4828 3738 4900; baseline -0.001 -15"><span class='ocrx_word' id='word_1_696' title='bbox 2142 4850 2241 4897; x_wconf 88' lang='grc' dir='ltr'><strong>τας</strong></span> <span class='ocrx_word' id='word_1_697' title='bbox 2273 4832 2331 4886; x_wconf 75' lang='grc' dir='ltr'><strong>δὲ</strong></span> <span class='ocrx_word' id='word_1_698' title='bbox 2363 4834 2392 4885; x_wconf 87' lang='grc' dir='ltr'>ὁ</span> <span class='ocrx_word' id='word_1_699' title='bbox 2428 4830 2592 4886; x_wconf 81' lang='grc' dir='ltr'><strong>αὑτοῦ</strong></span> <span class='ocrx_word' id='word_1_700' title='bbox 2640 4831 2758 4894; x_wconf 75' lang='grc' dir='ltr'><strong>υίὸς</strong></span> <span class='ocrx_word' id='word_1_701' title='bbox 2790 4830 2931 4885; x_wconf 79' lang='grc' dir='ltr'><strong>κατὰ</strong></span> <span class='ocrx_word' id='word_1_702' title='bbox 2960 4832 3379 4884; x_wconf 81' lang='grc' dir='ltr'><strong>Κωνσταντίνου</strong></span> <span class='ocrx_word' id='word_1_703' title='bbox 3412 4829 3511 4900; x_wconf 80' lang='grc' dir='ltr'><strong>τὴν</strong></span> <span class='ocrx_word' id='word_1_704' title='bbox 3558 4828 3738 4899; x_wconf 66' lang='grc' dir='ltr'><strong>ὁρμᾶν</strong></span> 
     </span>
    </p>
   </div>
   <div class='ocr_carea' id='block_1_102' title="bbox 2147 4919 3741 4994">
    <p class='ocr_par' dir='ltr' id='par_1_102' title="bbox 2147 4919 3741 4994">
     <span class='ocr_line' id='line_1_102' title="bbox 2147 4919 3741 4994; baseline -0.004 -15"><span class='ocrx_word' id='word_1_705' title='bbox 2147 4925 2405 4979; x_wconf 81' lang='grc' dir='ltr'><strong>ἐποιεῖτο.</strong></span> <span class='ocrx_word' id='word_1_706' title='bbox 2427 4924 2486 4977; x_wconf 74' lang='grc' dir='ltr'>Ὀ</span> <span class='ocrx_word' id='word_1_707' title='bbox 2530 4923 2587 4977; x_wconf 78' lang='grc' dir='ltr'><strong>δὲ</strong></span> <span class='ocrx_word' id='word_1_708' title='bbox 2633 4924 2767 4994; x_wconf 83' lang='grc' dir='ltr'><strong>πρός</strong></span> <span class='ocrx_word' id='word_1_709' title='bbox 2802 4941 2854 4977; x_wconf 86' lang='grc' dir='ltr'><strong>τι</strong></span> <span class='ocrx_word' id='word_1_710' title='bbox 2888 4922 3089 4994; x_wconf 83' lang='grc' dir='ltr'><strong>χωρίον</strong></span> <span class='ocrx_word' id='word_1_711' title='bbox 3122 4920 3274 4992; x_wconf 86' lang='grc' dir='ltr'><strong>αὑτῷ</strong></span> <span class='ocrx_word' id='word_1_712' title='bbox 3315 4921 3463 4992; x_wconf 78' lang='grc' dir='ltr'><strong>μάχῃ</strong></span> <span class='ocrx_word' id='word_1_713' title='bbox 3495 4919 3741 4992; x_wconf 73' lang='grc' dir='ltr'><strong>προσϐα-</strong></span> 
     </span>
    </p>
   </div>
   <div class='ocr_carea' id='block_1_103' title="bbox 2144 5012 3740 5092">
    <p class='ocr_par' dir='ltr' id='par_1_103' title="bbox 2144 5012 3740 5092">
     <span class='ocr_line' id='line_1_103' title="bbox 2144 5012 3740 5092; baseline -0.003 -22"><span class='ocrx_word' id='word_1_714' title='bbox 2144 5018 2253 5074; x_wconf 82' lang='grc' dir='ltr'><strong>λὼν</strong></span> <span class='ocrx_word' id='word_1_715' title='bbox 2273 5062 2287 5084; x_wconf 89' lang='lat'><strong>,</strong></span> <span class='ocrx_word' id='word_1_716' title='bbox 2319 5018 2618 5090; x_wconf 83' lang='grc' dir='ltr'><strong>Μωδρινὴν</strong></span> <span class='ocrx_word' id='word_1_717' title='bbox 2651 5022 2718 5091; x_wconf 79' lang='grc' dir='ltr'><strong>τῇ</strong></span> <span class='ocrx_word' id='word_1_718' title='bbox 2750 5020 3034 5092; x_wconf 81' lang='grc' dir='ltr'><strong>ἐπιχωρίῳ</strong></span> <span class='ocrx_word' id='word_1_719' title='bbox 3065 5019 3218 5088; x_wconf 72' lang='grc' dir='ltr'><strong>φωνῇ</strong></span> <span class='ocrx_word' id='word_1_720' title='bbox 3250 5012 3740 5089; x_wconf 71' lang='grc' dir='ltr'><strong>προσαγορευόμε-</strong></span> 
     </span>
    </p>
   </div>
   <div class='ocr_carea' id='block_1_104' title="bbox 1726 5199 2417 5257">
    <p class='ocr_par' dir='ltr' id='par_1_104' title="bbox 1726 5199 2417 5257">
     <span class='ocr_line' id='line_1_104' title="bbox 1726 5199 2417 5257; baseline 0.003 -2"><span class='ocrx_word' id='word_1_721' title='bbox 1726 5200 1961 5257; x_wconf 70' lang='grc' dir='ltr'><strong>νΑιιιΑε</strong></span> <span class='ocrx_word' id='word_1_722' title='bbox 2011 5199 2417 5257; x_wconf 76' lang='lat' dir='ltr'><strong>LECTIONES.</strong></span> 
     </span>
    </p>
   </div>
   <div class='ocr_carea' id='block_1_105' title="bbox 529 5380 2069 5454">
    <p class='ocr_par' dir='ltr' id='par_1_105' title="bbox 529 5380 2069 5454">
     <span class='ocr_line' id='line_1_105' title="bbox 529 5380 2069 5454; baseline 0 -19"><span class='ocrx_word' id='word_1_723' title='bbox 529 5390 575 5423; x_wconf 75' lang='grc' dir='ltr'><strong>⁸ο</strong></span> <span class='ocrx_word' id='word_1_724' title='bbox 604 5383 1112 5454; x_wconf 83' lang='grc' dir='ltr'><strong>προὺπαντήσαντα</strong></span> <span class='ocrx_word' id='word_1_725' title='bbox 1139 5383 1429 5454; x_wconf 70' lang='lat' dir='ltr'><strong>Petavius.</strong></span> <span class='ocrx_word' id='word_1_726' title='bbox 1482 5452 1490 5454; x_wconf 94' lang='lat'><em>_</em></span> <span class='ocrx_word' id='word_1_727' title='bbox 1517 5381 1560 5412; x_wconf 80' lang='lat'>“</span> <span class='ocrx_word' id='word_1_728' title='bbox 1599 5380 1833 5454; x_wconf 76' lang='grc' dir='ltr'><strong>αὑτούςῖ</strong></span> <span class='ocrx_word' id='word_1_729' title='bbox 2000 5383 2069 5452; x_wconf 78' lang='grc' dir='ltr'><strong>τῇ</strong></span> 
     </span>
    </p>
   </div>
   <div class='ocr_carea' id='block_1_106' title="bbox 454 5451 2065 5525">
    <p class='ocr_par' dir='ltr' id='par_1_106' title="bbox 454 5451 2065 5525">
     <span class='ocr_line' id='line_1_106' title="bbox 454 5451 2065 5525; baseline 0 -20"><span class='ocrx_word' id='word_1_730' title='bbox 454 5451 668 5524; x_wconf 74' lang='grc' dir='ltr'><strong>μείνωνῖ</strong></span> <span class='ocrx_word' id='word_1_731' title='bbox 742 5454 789 5487; x_wconf 72' lang='grc'><strong>⁸⁸</strong></span> <span class='ocrx_word' id='word_1_732' title='bbox 819 5451 1113 5525; x_wconf 71' lang='grc' dir='ltr'><strong>τεθνήκοιτ</strong></span> <span class='ocrx_word' id='word_1_733' title='bbox 1191 5453 1238 5485; x_wconf 77' lang='grc'><strong>’⁸</strong></span> <span class='ocrx_word' id='word_1_734' title='bbox 1268 5451 1576 5522; x_wconf 79' lang='grc' dir='ltr'><strong>ἐπετύφλου</strong></span> <span class='ocrx_word' id='word_1_735' title='bbox 1603 5451 1643 5505; x_wconf 83' lang='grc' dir='ltr'><strong>Ρ</strong></span> <span class='ocrx_word' id='word_1_736' title='bbox 1671 5471 1684 5508; x_wconf 85' lang='lat'><strong>:</strong></span> <span class='ocrx_word' id='word_1_737' title='bbox 1717 5458 1789 5508; x_wconf 86' lang='lat' dir='ltr'><strong>cl.</strong></span> <span class='ocrx_word' id='word_1_738' title='bbox 1822 5470 1872 5521; x_wconf 89' lang='lat' dir='ltr'><strong>p.</strong></span> <span class='ocrx_word' id='word_1_739' title='bbox 1904 5452 1974 5507; x_wconf 81' lang='lat'><strong>55</strong></span> <span class='ocrx_word' id='word_1_740' title='bbox 2003 5451 2065 5505; x_wconf 73' lang='lat' dir='ltr'><strong>‘2l</strong></span> 
     </span>
    </p>
   </div>
   <div class='ocr_carea' id='block_1_107' title="bbox 2082 5365 3744 5520">
    <p class='ocr_par' dir='ltr' id='par_1_107' title="bbox 2082 5365 3744 5520">
     <span class='ocr_line' id='line_1_107' title="bbox 2082 5365 3744 5520; baseline -0.005 -87"><span class='ocrx_word' id='word_1_741' title='bbox 2082 5377 2739 5520; x_wconf 45' lang='grc' dir='ltr'><strong>,χώραὲΞὲἱΕἵςξζατΛ</strong></span> <span class='ocrx_word' id='word_1_742' title='bbox 2817 5377 2862 5409; x_wconf 77' lang='grc'><em>³³</em></span> <span class='ocrx_word' id='word_1_743' title='bbox 2904 5371 3428 5446; x_wconf 76' lang='grc' dir='ltr'><strong>μεταστειλάμενοιῖ</strong></span> <span class='ocrx_word' id='word_1_744' title='bbox 3501 5369 3550 5403; x_wconf 76' lang='grc'><strong><em>³⁵</em></strong></span> <span class='ocrx_word' id='word_1_745' title='bbox 3580 5365 3744 5440; x_wconf 78' lang='grc' dir='ltr'><strong>λεγοο</strong></span> 
     </span>
    </p>
   </div>
   <div class='ocr_carea' id='block_1_108' title="bbox 1799 5567 2359 5627">
    <p class='ocr_par' dir='ltr' id='par_1_108' title="bbox 1799 5567 2359 5627">
     <span class='ocr_line' id='line_1_108' title="bbox 1799 5567 2359 5627; baseline -0.002 -2"><span class='ocrx_word' id='word_1_746' title='bbox 1799 5568 2077 5627; x_wconf 78' lang='lat' dir='ltr'><strong>PETAVII</strong></span> <span class='ocrx_word' id='word_1_747' title='bbox 2120 5567 2359 5624; x_wconf 72' lang='grc' dir='ltr'><strong>ΝΟΤᾸΞ.</strong></span> 
     </span>
    </p>
   </div>
   <div class='ocr_carea' id='block_1_109' title="bbox 525 5685 2049 5762">
    <p class='ocr_par' dir='ltr' id='par_1_109' title="bbox 525 5685 2049 5762">
     <span class='ocr_line' id='line_1_109' title="bbox 525 5685 2049 5762; baseline 0.002 -20"><span class='ocrx_word' id='word_1_748' title='bbox 525 5685 960 5762; x_wconf 38' lang='grc' dir='ltr'><strong>(ὅδὶῖὐ-πεδιοκ</strong></span> <span class='ocrx_word' id='word_1_749' title='bbox 979 5686 1299 5762; x_wconf 53' lang='grc' dir='ltr'><strong>ὂ-Κράσος.</strong></span> <span class='ocrx_word' id='word_1_750' title='bbox 1327 5689 1392 5743; x_wconf 83' lang='grc' dir='ltr'><strong>Α.</strong></span> <span class='ocrx_word' id='word_1_751' title='bbox 1413 5689 1741 5762; x_wconf 87' lang='lat' dir='ltr'><strong>Copronymi</strong></span> <span class='ocrx_word' id='word_1_752' title='bbox 1767 5691 1802 5745; x_wconf 76' lang='lat'><strong>‘2</strong></span> <span class='ocrx_word' id='word_1_753' title='bbox 1827 5692 2049 5745; x_wconf 89' lang='lat' dir='ltr'><strong>ineunte</strong></span> 
     </span>
    </p>
   </div>
   <div class='ocr_carea' id='block_1_110' title="bbox 451 5755 2043 5832">
    <p class='ocr_par' dir='ltr' id='par_1_110' title="bbox 451 5755 2043 5832">
     <span class='ocr_line' id='line_1_110' title="bbox 451 5755 2043 5832; baseline 0.004 -22"><span class='ocrx_word' id='word_1_754' title='bbox 451 5755 702 5832; x_wconf 51' lang='lat' dir='ltr'><strong>duini],</strong></span> <span class='ocrx_word' id='word_1_755' title='bbox 740 5759 856 5832; x_wconf 68' lang='lat' dir='ltr'><strong>ind.</strong></span> <span class='ocrx_word' id='word_1_756' title='bbox 890 5758 979 5832; x_wconf 54' lang='lat'><strong>10.</strong></span> <span class='ocrx_word' id='word_1_757' title='bbox 1011 5755 1247 5832; x_wconf 75' lang='lat' dir='ltr'><strong>Proinde</strong></span> <span class='ocrx_word' id='word_1_758' title='bbox 1279 5777 1423 5815; x_wconf 80' lang='lat' dir='ltr'><strong>armo</strong></span> <span class='ocrx_word' id='word_1_759' title='bbox 1451 5755 1573 5831; x_wconf 67' lang='lat'><strong>732,</strong></span> <span class='ocrx_word' id='word_1_760' title='bbox 1607 5755 1714 5819; x_wconf 74' lang='grc' dir='ltr'><strong>ιιύιι</strong></span> <span class='ocrx_word' id='word_1_761' title='bbox 1742 5763 2043 5832; x_wconf 84' lang='lat' dir='ltr'><strong>superiore,</strong></span> 
     </span>
    </p>
   </div>
   <div class='ocr_carea' id='block_1_111' title="bbox 459 5827 1469 5895">
    <p class='ocr_par' dir='ltr' id='par_1_111' title="bbox 459 5827 1469 5895">
     <span class='ocr_line' id='line_1_111' title="bbox 459 5827 1469 5895; baseline 0.007 -17"><span class='ocrx_word' id='word_1_762' title='bbox 459 5827 686 5895; x_wconf 67' lang='lat' dir='ltr'><strong>contigit</strong></span> <span class='ocrx_word' id='word_1_763' title='bbox 715 5829 859 5894; x_wconf 79' lang='lat' dir='ltr'><strong>quod</strong></span> <span class='ocrx_word' id='word_1_764' title='bbox 891 5830 994 5884; x_wconf 90' lang='lat' dir='ltr'><strong>hoc</strong></span> <span class='ocrx_word' id='word_1_765' title='bbox 1034 5831 1152 5885; x_wconf 87' lang='lat' dir='ltr'><strong>loco</strong></span> <span class='ocrx_word' id='word_1_766' title='bbox 1193 5842 1469 5885; x_wconf 81' lang='lat' dir='ltr'><strong>narratur.</strong></span> 
     </span>
    </p>
   </div>
   <div class='ocr_carea' id='block_1_112' title="bbox 2228 5678 3745 5755">
    <p class='ocr_par' dir='ltr' id='par_1_112' title="bbox 2228 5678 3745 5755">
     <span class='ocr_line' id='line_1_112' title="bbox 2228 5678 3745 5755; baseline -0.009 -11"><span class='ocrx_word' id='word_1_767' title='bbox 2228 5688 2343 5755; x_wconf 62' lang='lat'><strong>(34)</strong></span> <span class='ocrx_word' id='word_1_768' title='bbox 2397 5685 2510 5742; x_wconf 78' lang='grc' dir='ltr'><strong>Καὶ</strong></span> <span class='ocrx_word' id='word_1_769' title='bbox 2562 5684 2829 5755; x_wconf 54' lang='lat' dir='ltr'><strong>Bia/por.</strong></span> <span class='ocrx_word' id='word_1_770' title='bbox 2877 5680 3153 5755; x_wconf 80' lang='lat' dir='ltr'><strong>Corrupta</strong></span> <span class='ocrx_word' id='word_1_771' title='bbox 3200 5678 3316 5735; x_wconf 63' lang='lat' dir='ltr'><strong>hac</strong></span> <span class='ocrx_word' id='word_1_772' title='bbox 3365 5682 3515 5742; x_wconf 73' lang='lat' dir='ltr'><strong>sunt,</strong></span> <span class='ocrx_word' id='word_1_773' title='bbox 3570 5682 3632 5732; x_wconf 84' lang='lat' dir='ltr'><strong>et</strong></span> <span class='ocrx_word' id='word_1_774' title='bbox 3676 5686 3745 5731; x_wconf 72' lang='lat' dir='ltr'><strong>ex</strong></span> 
     </span>
    </p>
   </div>
   <div class='ocr_carea' id='block_1_113' title="bbox 2159 5750 3210 5830">
    <p class='ocr_par' dir='ltr' id='par_1_113' title="bbox 2159 5750 3210 5830">
     <span class='ocr_line' id='line_1_113' title="bbox 2159 5750 3210 5830; baseline -0.012 -15"><span class='ocrx_word' id='word_1_775' title='bbox 2159 5750 2494 5830; x_wconf 70' lang='lat' dir='ltr'><strong>Theophane</strong></span> <span class='ocrx_word' id='word_1_776' title='bbox 2527 5763 2602 5827; x_wconf 67' lang='grc' dir='ltr'><strong>(ρ.</strong></span> <span class='ocrx_word' id='word_1_777' title='bbox 2638 5750 2742 5811; x_wconf 62' lang='grc'><strong>547</strong></span> <span class='ocrx_word' id='word_1_778' title='bbox 2775 5754 2838 5823; x_wconf 84' lang='lat' dir='ltr'><strong>D)</strong></span> <span class='ocrx_word' id='word_1_779' title='bbox 2874 5750 3210 5822; x_wconf 81' lang='lat' dir='ltr'><strong>castiganda.</strong></span> 
     </span>
    </p>
   </div>
  </div>
