4016 6494
432 390 538 454 975
1464 383 1526 443 S.
1564 381 1984 444 NICEPHORI
2025 382 2538 444 PATRIARCIL‘E
2574 386 2685 447 CP.
3597 389 3699 454 976

427 508 718 577 episcopus
749 501 985 573 praefuit.
1020 499 1184 557 Urbis
1216 515 1378 572 porro
1420 501 1705 570 praisulem
1737 500 1999 555 Constan‘

2119 502 2271 566 σίους
2300 503 2344 535 ¹³
2390 503 2482 557 τὸν
2526 504 2764 577 ἀριθμὸν
2797 505 3193 576 τυγχάνουσαν.
3239 504 3457 576 Ταύτης
3499 508 3699 580 ἐξῆρχε

428 599 600 653 tinum
629 596 938 667 quemdam,
970 595 1062 665 qui
1093 593 1342 649 monachi
1371 592 1617 647 habitum
1653 590 1998 661 praeferebat,

2110 595 2393 659 Θεοδόσιος
2444 598 2472 649 ὁ
2518 599 2617 668 τῆς
2679 599 2945 668 Ἐφεσίων
2982 598 3190 662 πόλεως
3244 598 3698 669 ἀρχιεπίσγοπος.

422 706 488 745 ex
525 689 731 760 Syllana
761 688 910 743 urbis
941 688 1198 758 episcopo
1229 685 1530 740 constituit.
1565 682 1621 737 In
1654 698 1720 737 eo
1748 682 1999 738 concilia-

2121 689 2173 741 ‘A
2186 689 2406 759 ρχιερέα
2435 705 2494 742 τε
2522 694 2620 759 τῆς
2645 690 2854 754 πόλεως
2902 690 3280 761 ἀνακηρύσσει
3341 694 3700 747 Κωνσταντϊ-

426 781 552 834 huln
583 782 704 835 lldei
744 794 1008 834 canonem
1037 778 1400 833 condiderunt
1430 777 1496 830 de
1533 776 1708 829 sacris
1748 774 1999 844 imagini-

2108 781 2200 832 νόν
2235 798 2356 833 τινα
2389 782 2450 833 τδ
2500 781 2609 834 τῶν
2653 782 2904 854 μοναχῶν
2957 784 3145 853 σχῆμα
3191 784 3693 856 περιϐεϐλημένον,

422 873 526 926 bus
552 871 886 935 evertendis,
919 870 1005 925 cui
1045 869 1113 925 ab
1142 868 1393 923 (illllliblls
1425 868 1592 937 impio
1641 882 1908 922 consensu
1941 882 1999 921 ac

2109 869 2412 923 ἐπίσκοπον
2467 871 2525 925 δὲ
2576 874 2675 943 τῆς
2714 872 2809 926 τοῦ
2854 873 3114 927 Συλλαίου
3159 876 3368 939 πόλεως
3412 879 3695 945 γεγονότα.

422 963 636 1017 nefario
682 963 1048 1032 subscriptum
1082 971 1194 1027 est;
1229 976 1401 1030 caque
1435 960 1627 1030 religio
1657 960 1833 1014 omnis
1872 974 1999 1030 pue-

2112 962 2279 1032 Ὂρον
2323 963 2380 1016 δὲ
2433 965 2672 1028 πίστεως
2718 966 3047 1030 ἐκτίθενται,
3083 969 3140 1020 ὲν
3177 962 3222 1036 ᾦ
3270 971 3699 1040 ὑπεσημήναντο

422 1056 672 1111 riliterin
726 1055 845 1111 foro
892 1058 1239 1109 anathemate
1273 1058 1548 1108 damnata.
1602 1053 1797 1107 Eadem
1838 1062 1892 1107 et
1948 1052 1999 1106 in

2112 1052 2353 1116 ἅπαντες
2396 1056 2584 1117 κακῶς
2616 1056 2711 1108 καὶ⁹
2743 1056 3023 1118 δυσσεϐῶς
3067 1061 3572 1129 συμφρονήσαντες,
3598 1060 3699 1131 τὴν

420 1148 752 1203 Germanum
790 1148 1134 1218 Cpolitanum
1166 1150 1533 1217 patriurcham
1564 1149 1704 1201 dicta
1730 1147 1999 1202 sententia

2110 1144 2218 1200 τῶν
2254 1144 2415 1217 ἱερῶν
2441 1147 2842 1215 είκονισμὰτων
2885 1148 3210 1220 καθαίρεσιν
3251 1153 3697 1221 ὲκφωνήσαντες,

419 1250 505 1296 est
537 1253 592 1296 et
617 1240 907 1311 Georgium
933 1242 1187 1311 Cyprium
1208 1252 1260 1295 et
1286 1240 1548 1295 Joannem
1579 1240 1996 1303 Damascenum,

2109 1240 2200 1291 καὶ
2219 1238 2369 1292 ὥσπε
2379 1256 2409 1310 ρ
2440 1240 2722 1309 νηπιιοδῶς
2755 1241 2867 1311 (45)
2889 1244 2975 1295 ἐπ’
2999 1243 3207 1312 ἀγορᾶς
3230 1244 3406 1297 ταῦτα
3426 1245 3698 1314 ὁινεθεμὰ⁴

417 1342 776 1404 cognomento
815 1332 1052 1389 Hansur.
1570 1400 1575 1403 _

2107 1332 2433 1395 τιζον.Μεθ’
2479 1326 2555 1385 ὧν
2590 1332 2633 1364 ³⁸⁸
2671 1334 2765 1386 καὶ
2800 1334 3081 1405 Γερμανδν
3132 1335 3223 1387 τὸν
3277 1337 3542 1406 ἀρχιερέα
3602 1336 3699 1389 τοῦ

417 1423 717 1489 Βυζαντίου
767 1424 1060 1491 γεγονότω,
1096 1420 1369 1493 Γεώργιὸν
1421 1439 1481 1474 τε
1530 1422 1623 1475 τὸν
1673 1423 1737 1475 ἐκ
1770 1420 2002 1490 Κύπρου
2041 1422 2139 1491 τῆς
2169 1424 2338 1492 νήσου
2372 1422 2718 1494 ὁρμώμενον,
2751 1426 2847 1478 καὶ
2911 1426 3170 1496 Ἰωάννην
3218 1427 3313 1479 τὸν
3376 1430 3485 1481 ἀπὸ
3514 1432 3701 1499 Δαμα-
3754 1420 3775 1485 3-

419 1513 551 1568 σκοῦ
584 1513 687 1584 τῆς
711 1512 915 1584 Συρίας
943 1513 1003 1565 τὸ
1026 1512 1256 1581 ἐπίκλην
1276 1512 1560 1584 Μανσούρ.

490 1606 588 1662 His
641 1607 803 1660 rebus
844 1614 1119 1676 postremo
1148 1603 1409 1675 perfectis
1464 1605 1857 1660 Constantinus
1906 1618 1999 1673 ορ·

2181 1600 2370 1654 Ταῦτα
2393 1601 2620 1671 ἐπιτελῆ
2660 1602 2704 1635 ¹⁸
2723 1604 2959 1675 ποιήσας
2992 1604 3414 1670 Κωνσταντῑνος
3436 1602 3574 1678 ἦρξε
3607 1609 3698 1663 60-

418 1700 544 1770 pida
596 1712 693 1769 per
742 1696 1036 1753 Thraciam
1063 1697 1356 1763 exstruxit,
1397 1698 1449 1750 iu
1499 1698 1698 1767 quibus
1739 1697 1907 1769 Syros
1950 1706 1999 1751 et

2112 1692 2333 1761 μεῖσθαι
2371 1694 2442 1747 τὰ
2470 1694 2565 1747 ἐπὶ
2609 1694 2835 1767 Θρᾴκης
2874 1696 3211 1767 πολίσματα,
3261 1700 3321 1751 ἐν
3365 1693 3447 1762 οἷς
3503 1701 3700 1765 οἰκίζει

417 1794 708 1849 Armenios
739 1792 1045 1856 collocavit,
1092 1807 1231 1862 quos
1282 1807 1346 1845 ex
1386 1790 1815 1846 Melitenensitnn
1870 1792 1999 1845 urbe

2108 1783 2316 1853 Σύρους
2347 1784 2442 1836 καὶ⁵
2470 1785 2817 1855 ’Δρμενίους,
2846 1785 2941 1850 οὒς
2970 1786 3034 1840 ἐκ
3076 1806 3135 1841 τε
3168 1789 3550 1859 Μελιτηναίων
3605 1796 3702 1847 πό·

418 1899 483 1937 ac
536 1881 954 1953 Theodosiopoli
1011 1881 1401 1947 transtulerat;
1462 1883 1637 1951 iisque
1688 1884 1997 1937 necessaria

2107 1874 2243 1938 λεως
2276 1877 2371 1929 καὶ
2399 1876 2682 1931 Θεοδοσίου
2733 1879 2945 1944 πόλεως
2994 1884 3342 1951 μετανάστας
3395 1886 3696 1954 πεποίηκε,

417 1978 601 2033 omnia
635 1976 1023 2031 liberalissime
1062 1975 1291 2045 largitus
1328 1982 1431 2030 est.
1469 1976 1593 2031 Haec
1631 1977 1824 2046 opplda
1873 1977 1999 2031 dum

339 2126 367 2149 ___
415 2071 594 2127 adhuc
649 2069 991 2124 aedificantur"
1039 2068 1343 2137 conspicati
1391 2064 1642 2139 Bulgari,
1693 2071 1894 2124 tributa
1929 2069 2000 2124 ab

342 2152 349 2161 ’
416 2163 744 2231 imperatore
790 2159 1101 2231 postulant:
1140 2174 1248 2229 quo
1294 2171 1560 2215 renuente
1614 2160 1690 2214 illi
1754 2161 1998 2215 exercitu

416 2253 645 2309 collecto
688 2250 980 2307 Thraciam
1020 2250 1441 2320 depopulantur,
1491 2265 1553 2305 ac
1607 2251 1996 2320 propemodum

413 2347 481 2402 ad
510 2345 725 2417 Longos
759 2359 928 2415 usque
957 2358 1143 2399 muros
1175 2353 1493 2399 excurrunt.
1529 2341 1635 2398 Sed
1672 2355 1999 2399 occurrente

416 2440 750 2510 imperatore
775 2429 1183 2507 commissoque
1218 2437 1419 2506 proelio
1446 2437 1499 2491 in
1538 2436 1721 2506 fugam
1763 2436 1999 2506 conjecti

415 2540 581 2601 sunt,
597 2546 834 2601 cumque
879 2545 975 2586 eos
1016 2530 1199 2585 acrius
1229 2530 1646 2598 insequeretur,
1676 2543 1842 2598 quam,
1876 2529 1999 2597 plu-

416 2625 541 2681 rimi
571 2640 602 2680 e
626 2623 876 2695 Bulgaris
911 2623 1209 2679 interfecti.
1264 2622 1472 2679 Deinde
1496 2622 1822 2692 ingentibus
1853 2630 2001 2677 terra

415 2717 663 2787 marique
691 2716 861 2786 copiis
879 2726 1069 2770 contra
1101 2715 1344 2778 ,eosdem
1394 2714 1691 2783 imperator
1721 2713 1999 2784 profectus

413 2820 517 2866 est.
579 2808 785 2864 Classis
838 2808 954 2878 ipsa
1012 2807 1430 2877 quingentarum
1485 2819 1714 2859 numero
1760 2804 1996 2858 navium

419 2899 630 2955 Euxino
678 2897 785 2969 75
845 2897 983 2957 mari
1037 2900 1299 2967 navigans
1350 2896 1418 2950 ad
1464 2895 1655 2949 Istrum
1716 2895 1996 2964 applicuit.

416 2992 545 3047 Inde
565 2991 917 3062 Bulgarorum
973 3003 1134 3061 agros
1185 2989 1439 3044 incendio
1469 3000 1684 3043 vastare
1706 3027 1720 3052 ,
1753 2989 2002 3041 innume-

420 3100 508 3141 ros
552 3086 604 3139 in
656 3084 1033 3154 captivitatem
1089 3081 1381 3137 abducere.
1440 3080 1745 3150 Imperator
1783 3081 1898 3149 ipse
1931 3079 1998 3133 ad

2104 1970 2171 2023 τὰ
2222 1970 2304 2033 είς
2354 1970 2457 2041 τὴν
2521 1971 2715 2042 χρείαν
2785 1973 2971 2038 αὐτοῖς
3047 1974 3321 2045 ἀνήκοντα
3393 1978 3699 2048 φιλοτίμως

2101 2059 2513 2131 δωρησάμενος.
2546 2061 2732 2115 Ταῦτα
2777 2063 2958 2116 τοίνυν
3008 2067 3059 2118 oi
3103 2066 3406 2137 Βούλγαροι
3436 2068 3512 2133 ὡς
3560 2070 3694 2122 ἐπο-

2103 2148 2313 2212 λίζοντο
2363 2149 2714 2220 θεασάμενοι,
2775 2153 2978 2222 φόρους
3041 2155 3207 2226 ᾔτουν
3265 2160 3417 2226 παρὰ
3486 2159 3700 2230 βασιλεῖ

2101 2241 2378 2307 δέξασθαι.
2435 2243 2540 2296 Τοῦ
2589 2242 2646 2296 δὲ
2688 2246 2763 2316 μὴ
2828 2245 3127 2317 δεξαμένου
3186 2249 3242 2303 οἵ
3294 2268 3357 2319 γε
3421 2269 3692 2324 στρατευ-

2104 2334 2333 2404 σάμενοι
2361 2334 2431 2389 τὰ
2468 2335 2565 2388 ἐπὶ
2609 2337 2833 2407 Θρᾴκης
2857 2339 3038 2408 χωρία
3086 2342 3444 2413 κατέτρεχον,
3481 2346 3577 2396 καὶ
3607 2362 3698 2413 μι-

2102 2426 2235 2496 κροῦ
2277 2426 2320 2457 ’⁸
2348 2425 2444 2480 τοῦ
2482 2427 2695 2498 μακροῦ
2734 2429 3078 2500 καλουμένου
3109 2433 3355 2503 ,τείχους
3383 2435 3694 2503 ἐπεξέθεον.

2112 2517 2170 2572 '0
2192 2517 2249 2572 δὲ
2293 2518 2617 2590 ἀντεπεξῄει
2643 2521 3081 2593 καὶλσυμϐαλὼν
3127 2524 3352 2598 πολέμῳ
3400 2529 3483 2593 είς
3516 2530 3700 2602 φυγὴν

2101 2610 2389 2681 ἐτρέψατο,
2415 2613 2511 2665 καὶ
2541 2613 2767 2667 ἐδίωκεν
2816 2615 2922 2670 ἀνὰ
2973 2619 3201 2687 κράτος,
3256 2621 3351 2673 καὶ
3409 2622 3699 2688 πλείστους

2101 2702 2449 2772 Βουλγάρους
2492 2704 2693 2759 ἀνεῖλε.
2726 2706 2862 2759 Μετ’
2915 2708 2977 2765 οὐ
3026 2709 3163 2762 πολὺ
3217 2710 3344 2764 πλοῖ
3402 2714 3497 2766 καὶ
3554 2714 3694 2786 πεζῇ

2101 2798 2223 2848 κατ’
2257 2796 2438 2848 αὐτῶν
2468 2797 2855 2866 ἐστράτευσεν.
2882 2800 2946 2852 Οί
2980 2800 3114 2869 γοῦν
3140 2804 3247 2865 τὰς’
3287 2803 3420 2867 ναῦς
3448 2804 3694 2874 ἔχοντες,

2101 2888 2228 2958 ἄχρι
2259 2888 2353 2941 καὶ
2389 2889 2783 2953 πεντακοσίους
2814 2891 2855 2923 ⁸⁷
2904 2892 3142 2963 ἀριθμὸν
3194 2894 3577 2963 συντελούσας,
3608 2898 3699 2952 διὰ

2098 2980 2191 3033 τοῦ
2229 2980 2487 3045 Εὐξείνου
2531 2982 2940 3048 ἐκπλεύσαντες
2994 2984 3094 3038 καὶ
3144 2986 3280 3057 πρὸς
3349 2987 3429 3059 τῷ
3492 2991 3699 3061 Ἴστρῳ

2100 3071 2383 3140 γενόμενοι
2415 3073 2647 3142 ποταμῷ
2684 3073 2873 3144 χώρας
2917 3092 2979 3127 τε
3025 3075 3355 3149 Βουλγάρων
3410 3079 3701 3149 ἐπίμπρα-ε

419 3175 719 3239 Marcellas,
746 3174 892 3243 Quod
937 3173 1220 3228 castellum
1252 3186 1420 3244 prope
1464 3171 1823 3242 Bulgurorum
1866 3171 1998 3225 lines

2107 3180 2205 3215 σαν
2236 3164 2331 3215 καὶ
2367 3163 2745 3236 δορυαλώτους
2784 3168 2885 3219 οὐκ
2934 3166 3153 3237 ὀλίγους
3211 3164 3357 3222 εἷλον
3395 3186 3408 3200 ο
3447 3171 3613 3236 αὐτὸς
3643 3174 3700 3227 δὲ

416 3267 648 3338 positum
691 3274 809 3331 est,
859 3265 979 3320 acie
1018 3280 1346 3336 congressus
1392 3263 1658 3319 barbaros
1700 3263 1754 3315 in
1814 3261 1995 3331 fugam

419 3359 721 3422 convertit,
766 3373 832 3413 ac
863 3358 999 3413 bene
1044 3358 1245 3412 multos
1288 3354 1582 3411 interfecit.
1628 3353 1725 3410 His
1755 3354 2001 3409 cladibus

419 3449 914 3521 acceptis,Bu|gari
938 3448 1156 3519 de-pace
1184 3448 1390 3520 legatos
1420 3446 1644 3502 mittunt
1672 3445 2000 3516 obsidesque

422 3545 619 3600 liberos
658 3544 902 3599 tradunt.

491 3813 599 3870 Sed
652 3824 828 3881 neque
874 3808 1005 3863 illud
1058 3804 1205 3877 quod
1255 3804 1446 3861 eodem
1495 3811 1741 3873 tempore
1773 3801 2002 3871 contigit

421 3901 948 3973 praetermittendum
978 3908 1100 3955 est.
1144 3898 1375 3967 Ineunte
1429 3904 1690 3950 autumno
1748 3893 2003 3948 immanis

423 3999 600 4055 hiems
648 4006 704 4051 et
764 3994 1032 4049 acerrima
1073 3992 1157 4046 vis
1198 3989 1416 4061 frigoris
1452 3987 1592 4054 fuit;
1627 4002 1696 4043 ex
1720 4000 1829 4065 quo
1860 4000 2001 4055 aqua

420 4088 602 4146 onmis
649 4089 707 4141 in
756 4085 983 4155 glaciem
1025 4085 1217 4139 durata
1256 4091 1314 4137 et
1363 4081 1595 4136 astricta
1626 4076 1998 4133 eontuentium

420 4181 607 4237 oculos
636 4178 908 4234 horrendo
947 4186 1111 4247 atque
1147 4175 1406 4230 inusitato
1454 4171 1769 4242 spectaculo
1793 4180 2003 4241 perter—

422 4273 549 4328 ruit.
580 4269 765 4341 Neque
813 4270 918 4324 hoc
960 4269 1013 4324 in
1070 4267 1319 4324 dulcibus
1349 4266 1607 4321 duntaxat
1657 4263 1849 4333 aquis,
1905 4261 2002 4329 sed

419 4365 564 4436 quod
591 4361 965 4419 admirabilius
997 4370 1101 4426 est,
1134 4360 1299 4415 etiam
1332 4359 1384 4414 in
1419 4357 1581 4414 salsis
1609 4370 1676 4412 ac
1715 4357 1853 4411 mari
1881 4355 2002 4425 ipso

419 4456 665 4526 contigit.
693 4455 772 4511 Ac
792 4469 916 4511 cum
940 4454 994 4508 in
1018 4453 1144 4507 aliis
1172 4451 1323 4511 orbis
1354 4457 1624 4505 terrarum
1658 4446 1851 4516 plagis,
1886 4455 2000 4501 tum

2106 3257 2257 3327 μάχῃ
2292 3257 2574 3328 συμμίξας
2596 3260 2785 3322 αὐτοῖς
2817 3260 2960 3315 κατὰ
2984 3262 3084 3325 τὰς
3105 3261 3407 3332 λεγομένας
3438 3265 3699 3335 Μαρκέλ-

2100 3346 2200 3410 λας
2230 3348 2513 3420 (φρούριον
2550 3351 2607 3404 δὲ
2636 3350 2796 3405 τοῦτο
2816 3352 3190 3425 πλησιαίτατα
3216 3355 3548 3427 Βουλγάρων
3581 3358 3698 3411 κεί-

2107 3445 2289 3511 μενον)
2340 3442 2422 3504 είς
2486 3440 2667 3512 φυγὴν
2726 3442 2994 3514 ἐτρέψατο
3061 3445 3156 3498 καὶ
3219 3445 3452 3510 πολλοὺς
3516 3447 3699 3501 αὐτῶν

2102 3533 2365 3586 εκτεινεν.
2419 3533 2703 3588 Ἐντεῦθεν
2724 3537 2925 3590 ἐκεῖνοι
2966 3536 3029 3589 τὸ
3058 3533 3697 3611 ἧττονάπενεγκάμενοι

2104 3625 2233 3695 περὶ
2266 3625 2489 3699 εἰρήνης
2514 3627 2991 3699 διεπρεσϐεύοντο,
3026 3631 3091 3683 ἐκ
3134 3629 3246 3683 τῶν
3287 3631 3512 3685 οἰκείων
3536 3648 3697 3685 τοκε-

2102 3717 2211 3770 τῶν
2247 3720 2492 3791 ὁμήρους
2508 3721 2818 3792 ’προέμενοι
2855 3722 2921 3775 ¹⁸.
3341 3715 3353 3725 ”

2179 3814 2298 3866 Ἔτι
2329 3814 2467 3885 πρὸς
2513 3816 2725 3879 τούτοις
2761 3816 2886 3871 οὐδὲ
2940 3818 3121 3870 ἐκεῖνο
3175 3816 3272 3871 νῦν
3306 3819 3696 3889 παραδραμεῖν

2103 3902 2273 3969 ἄξιον.
2311 3905 2453 3976 Ἥρα
2475 3905 2736 3976 ἐνέστηκε
2755 3907 2869 3979 (46)
2904 3907 3278 3979 φθινοπώρου,
3335 3910 3434 3963 καὶ
3465 3911 3525 3962 έν
3556 3910 3694 3981 αὐτῇ

2104 3996 2384 4068 χειμέριον
2409 3997 2620 4066 γίνεται
2657 4000 2722 4051 τὸ
2750 3999 3085 4071 κατάστημα
3119 4001 3214 4054 καὶ
3258 4000 3337 4072 τῷ
3365 4000 3481 4054 ὄντι
3531 4019 3697 4073 κρυε-

2108 4090 2199 4160 ρδν
2227 4088 2323 4143 καὶ
2353 4089 2707 4160 δριμύτατον,
2733 4090 2812 4154 ὡς
2842 4089 3001 4163 ξένην
3045 4090 3168 4145 τινὰ
3196 4092 3292 4145 καὶ
3321 4088 3560 4156 ἐξαίσιον
3584 4095 3696 4157 τοῖς

2103 4177 2410 4249 τηνικαῦτα
2434 4179 2638 4251 ὁρῶσιν
2669 4181 3001 4235 ἀποτελέσαι
3058 4182 3157 4253 τῆς
3194 4184 3373 4255 ὑγρᾶς
3398 4184 3589 4248 οὐσίας
3630 4186 3695 4238 ἐκ

2103 4269 2204 4339 τῆς
2232 4271 2373 4340 περῒ
2390 4271 2562 4341 αὐτὴν
2592 4273 2883 4344 συμϐάσης
2912 4272 3132 4343 πήξεως
3163 4274 3264 4346 τὴν
3294 4275 3446 4340 θέαν,
3491 4275 3595 4330 οὐκ
3636 4278 3694 4330 ὲν

2104 4365 2218 4428 τοῖς
2242 4363 2503 4433 γλυκέσιν
2533 4365 2693 4420 ὕδασι
2726 4367 2907 4437 μόνον,
2941 4368 3080 4424 ἀλλὰ
3129 4368 3191 4422 τὸ
3222 4368 3286 4441 δὴ
3326 4367 3694 4441 παραδοξότε-

2109 4473 2226 4529 ρον,
2254 4430 2355 4511 ’καὶ
2386 4459 2528 4511 κατά
2561 4460 2663 4530 τῆς
2695 4430 2949 4531 ἁλμυράς
2981 4459 3210 4531 ἰσχῦσαν
3247 4430 3571 4532 ποιδτητος,
3597 4460 3696 4515 καὶ

420 4551 472 4604 ln
506 4549 574 4604 iis
602 4564 720 4619 qua:
754 4547 822 4603 ad
839 4545 1243 4613 septentriones
1276 4541 1498 4612 jacent.
1540 4539 1843 4611 asperrimo
1874 4538 1997 4611 gelu

2106 4551 2163 4603 ὲν
2186 4549 2367 4613 ἄλλοις
2399 4550 2497 4620 μὲν
2524 4550 2799 4615 πλείστοις
2825 4554 2937 4615 τοῖς
2967 4551 3072 4607 ἀνὰ
3098 4552 3202 4623 τὴν
3229 4551 3564 4623 οἰκουμένην
3607 4551 3695 4604 τό·

419 4641 602 4697 omnia
631 4647 886 4695 concreta
920 4646 1071 4694 sunt.
1098 4635 1217 4703 Quo
1250 4637 1387 4690 adeo
1409 4636 1768 4690 constrictum
1813 4641 1868 4688 et
1915 4632 2002 4688 in-

420 4734 672 4789 duratum
697 4747 851 4787 mare
886 4740 1004 4798 est,
1034 4738 1093 4785 ut
1124 4729 1190 4783 ad
1226 4736 1446 4782 centum
1496 4725 1610 4782 fere
1641 4725 1809 4781 millia
1840 4724 2004 4780 Euxi-

2105 4658 2251 4705 ποις,
2294 4642 2393 4711 οὐχ
2423 4643 2629 4713 ἥκιστα
2657 4641 2716 4694 δὲ
2748 4644 2818 4696 τά
2843 4660 2902 4697 τε
2933 4644 3268 4715 ὑπερϐόρεια
3323 4643 3420 4697 καὶ
3448 4643 3691 4714 προσάρο

2104 4751 2231 4787 κτια
2258 4734 2581 4803 καταπῆξαν
2608 4733 2908 4811 δεινότατα.
2948 4736 3073 4789 Ἐπὶ
3093 4734 3320 4789 τοσοῦτο
3345 4734 3404 4789 δὲ
3444 4752 3695 4788 κατεπυ-

420 4840 550 4880 num
574 4823 795 4895 pelagus
810 4822 1131 4894 obriguerit.
1161 4820 1365 4877 Eadem
1400 4820 1450 4874 vi
1482 4820 1792 4890 Superiores
1812 4833 1999 4877 amnes

2106 4822 2297 4877 κνοῦτο
2316 4824 2360 4856 ¹⁹
2388 4823 2486 4876 καὶ
2517 4823 2840 4893 διεπήγνυεν
2874 4824 3017 4878 ὥστε
3046 4824 3145 4897 τὴν
3175 4826 3547 4897 ὑπερπόντιον
3592 4827 3695 4879 τοῦ

421 4931 485 4972 ac
512 4917 732 4972 maximi
767 4916 978 4973 meliori
1013 4932 1079 4972 ex
1119 4922 1276 4985 parte
1300 4912 1660 4978 coaluerunt;
1693 4919 1806 4966 tum
1838 4911 1999 4969 mari-

2106 4913 2362 4978 Εὐξείνου
2398 4913 2674 4969 θάλασσαν
2719 4916 2814 4970 ὲπὶ
2858 4919 3109 4989 σημείοις
3156 4918 3355 4972 ἑκατόν
3396 4936 3499 4971 που
3559 4920 3698 4973 ἀπο·

1689 5021 1927 5077 VARl/E
1975 5020 2384 5081 LECTIONES.

492 5149 539 5182 "
574 5148 616 5219 ι’.
643 5146 975 5219 τριακοσίων
1007 5142 1385 5219 Petavius.__"
1416 5140 1478 5195 ὃν
1501 5137 1587 5219 Ρ..
1642 5138 1688 5170 ¹⁸
1711 5136 1943 5219 ἐπιτελῆ
1964 5137 2239 5206 Petavius,
2266 5141 2360 5193 ἐπὶ
2378 5141 2522 5194 τέλει
2679 5144 2726 5175 ιο
2757 5143 2980 5215 μικροῦ,
3015 5144 3213 5217 μέχρη
3269 5146 3310 5178 ιιι
3336 5144 3432 5199 καὶ
3453 5146 3533 5219 εκις
3565 5163 3699 5201 mv-

419 5205 714 5282 τακθάίαξῖ
790 5218 835 5248 ⁸⁸
866 5214 1225 5287 προϊέμενοιῖ
1298 5214 1345 5245 ¹⁰
1378 5208 1731 5265 κατεπύκνου
1756 5209 1854 5261 es?
2227 5205 2230 5206 ⁷
2757 5205 2769 5214 ·
2862 5205 2875 5215 ·
3015 5205 3029 5215 -
3472 5205 3494 5222 ι

1764 5320 2049 5405 PETAVII
2077 5322 2312 5379 ΝΟΤᾸΞ.

498 5477 609 5548 (45)
647 5476 754 5548 Καὶ
783 5474 986 5548 ὥσπερ
1017 5467 1358 5548 νηπιῳδῷςἱ
1379 5466 1628 5548 :l'lieopli.
1658 5466 1808 5548 :_th1
1837 5468 1902 5548 τῇ
1928 5464 2013 5547 κζ’
2116 5476 2268 5548 notat
2300 5466 2765 5548 Theophanes_(p_.
2807 5471 2918 5548 §6§
2952 5469 3042 5548 Α).
3084 5470 3307 5548 Yet-itm
3333 5486 3457 5527 cum
3489 5475 3700 5548 primus

424 5509 1207 5621 soi-rga???
1236 5509 1812 5621 ἀνῖλθεννξγβασιλευς
1845 5509 1903 5589 aii
1931 5509 2011 5621 τῷ
3196 5509 3700 5621 ’Ἠμωίιιδιιιξίόῖἶξ

425 5618 578 5687 φόριρ
614 5617 712 5669 σὺν
736 5607 819 5687 ῖιῷ
851 5607 1251 5687 Κωνσταντίνιρ
1278 5607 1357 5687 τῷ
1390 5607 1592 5687 ἀνιέρῳ
1635 5607 1883 5687 προέδρῳ
1912 5609 2008 5687 καὶ
2108 5607 2350 5687 ejusdem
2383 5610 2519 5687 it_|_a.
2550 5607 2822 5687 quadrare
2856 5610 2960 5687 Z65
2993 5613 3104 5687 ind.
3150 5613 3203 5673 1,
3245 5613 3383 5687 adeo
3412 5620 3473 5687 ut
3511 5614 3695 5687 horri-

424 5662 767 5761 ιἶοῖῗλοιςιιτοῖς
778 5662 1137 5761 immisso};
1164 5662 1258 5734 καὶ
1283 5662 1633 5761 ἐξεφώνηοίαν
1661 5662 1760 5761 την
1794 5662 2005 5731 ἑαυτῶν
2261 5679 2378 5761 Ι]φο
2407 5662 2585 5760 hiems
2622 5662 2739 5735 ind.
2765 5662 2819 5746 9,
2850 5662 3695 5761 octobrinmine—inchoatasit.

428 5745 718 5819 κακόδοξον
746 5745 957 5826 αἵρεσιν
986 5753 1216 5826 ἐνώπιον
1247 5745 1451 5826 sum;
1482 5745 1751 5826 τοῦ-λαοῦ.
1883 5819 1896 5826 _
1931 5818 1997 5826 η
2107 5745 2629 5826 Yidendumjtaque
2659 5766 2784 5806 num
2808 5745 2936 5807 lucc
2977 5762 3268 5822 tempestas
3311 5752 3364 5807 in
3390 5767 3441 5807 a.
3475 5750 3580 5806 765
3615 5770 3699 5808 re-

498 5826 609 5892 (46)
642 5816 1135 5894 ’“Ωριι’ὲνέστηκε.
1170 5822 1361 5878 lndict.
1395 5821 1451 5889 4,
1485 5836 1538 5877 a.
1571 5819 1898 5891 Copronymi
1928 5818 1999 5872 25
2105 5816 2345 5887 jicienda
2382 5818 2475 5875 sit.
