4016 6494
385 474 493 538 977

1318 467 1415 526 DE
1459 465 1709 527 REBUS
1747 466 1933 527 POST
1972 466 2425 529 MAURICIUM
2457 469 2750 530 GESTIS.

3563 467 3665 529 978

383 577 881 654 κρυσταλλωθῆναι
928 574 1072 629 κατά
1128 574 1187 627 τὸ
1224 573 1484 642 πέλαγος,
1532 568 1655 628 εἶτα
1698 573 1795 626 καὶ
1842 573 1972 635 τούς

2090 575 2210 628 lima
2241 578 2421 632 omnis
2449 593 2567 644 ora,
2597 595 2701 646 qua
2737 576 3117 632 Mesembriam
3148 586 3203 633 et
3235 576 3475 633 Medeam
3508 579 3668 630 urbes

386 670 829 742 ὐπερκειμένους
866 666 1158 739 μεγίστους
1175 666 1260 719 ὅτι
1290 665 1527 736 μάλιστα
1561 666 1657 718 καὶ
1688 664 1980 726 πλείστους

387 765 678 835 ποταμῶν,
714 764 808 817 καὶ
834 762 915 814 ἔτι
949 759 1041 813 τοῦ
1075 760 1120 791 ²⁰
1153 760 1245 813 ἐπὶ
1300 756 1667 829 Μεσημϐρίαν
1712 757 1809 810 καὶ
1859 756 1981 825 Μή-

385 858 538 912 δειαν
559 857 714 910 πόλιν
761 852 1077 926 ἀρχομένην
1110 851 1412 922 παράκτιον
1440 850 1618 920 χῶρον
1676 848 1753 918 τῷ
1810 847 1979 915 πάγε.

390 944 980 1015 συναποπετρωθῆναι,
1032 940 1146 997 διά’
1186 941 1386 1013 βάθους
1426 940 1762 1011 χωρησάσης
1791 943 1810 971 ³
1881 939 1982 1008 τῆς

369 1022 651 1110 ’τοιαύτης
683 1039 901 1109 πήξεως
933 1037 1061 1109 ἄχρι
1091 1036 1184 1089 καὶ
1218 1038 1301 1100 εἰς
1330 1035 1626 1106 τριάκοντα
1649 1035 1862 1104 πήχεις,
1889 1034 1982 1086 ἐπὶ

394 1131 609 1194 τούτοις
638 1130 849 1200 ἀφάτου
877 1128 1333 1200 καταρραγείσης
1357 1127 1533 1198 χιόνος
1561 1127 1639 1191 είς
1665 1126 1798 1208 ὐψος
1832 1126 1984 1198 διαρ-

388 1225 551 1293 θῆναι
580 1221 642 1275 τὸ
676 1221 841 1291 κρύος
864 1223 1309 1292 ὑπερανεστηκδς
1338 1220 1439 1291 τῆς
1465 1219 1792 1287 ἐπιφανείας
1819 1218 1982 1289 μέχρι

390 1312 588 1384 πηχῶν
632 1328 735 1364 που
789 1310 1199 1373 ἀλλωνείκοσι,
1263 1309 1354 1363 καί
1389 1324 1507 1371 πως
1544 1306 1859 1377 συμφυῆναι
1915 1306 1981 1374 τῇ

388 1406 609 1477 ἠπείρῳ
664 1403 765 1474 τὴν
821 1402 1096 1457 θάλατταν
1148 1402 1224 1466 ὡς
1259 1401 1396 1470 μηδὲ
1449 1399 1730 1472 διακρῖναι
1776 1398 1977 1471 ῥᾳδίως

387 1497 604 1567 ποτέρα
634 1488 830 1566 ἐτέρας
853 1494 1236 1563 ἀποκέκριται.
1264 1491 1421 1545 Οὕτω
1449 1509 1509 1545 τε
1544 1491 1691 1545 ἅπαν
1739 1490 1800 1543 τὸ
1846 1489 1983 1561 πρὸς

388 1587 595 1659 ἄρκτον
641 1585 956 1657 ἡπειρωθὲν
1000 1584 1145 1654 ὓδωρ
1178 1582 1428 1648 πεζεύειν
1444 1581 1606 1637 *κατὰ
1643 1579 1815 1635 νώτου
1853 1598 1979 1635 συν·

386 1677 593 1750 εχώρει
622 1679 737 1741 τοῖς
758 1676 1133 1747 βουλομένοις,
1173 1674 1389 1744 βάσιμά
1414 1691 1471 1726 τε
1503 1669 1572 1744 ἦν
1602 1672 1668 1727 τὰ
1696 1672 1912 1743 ἐκείνης
1938 1672 1983 1702 ³²

390 1774 636 1837 ἅπαντα,
668 1773 769 1831 ὅσα
791 1789 853 1824 τε
882 1775 944 1824 ἐν
970 1774 1091 1834 ταῖς
1118 1771 1225 1824 τῶν
1264 1769 1534 1842 Χαζάρων
1570 1771 1675 1840 γῆς
1703 1767 1986 1838 μεθορίαις

389 1868 489 1920 καὶ
515 1869 631 1929 τοῖς
662 1864 1066 1936 πλησιοχώροις
1092 1862 1380 1926 Σκυθικοῖς
1413 1861 1612 1927 ἔθνεσι,
1648 1862 1743 1915 καὶ
1772 1862 1872 1913 οὐκ
1893 1861 1987 1913 ἀνι

390 1959 638 2033 θρώποις
677 1960 863 2030 μόνον,
898 1957 1039 2011 ἀλλά
1062 1958 1158 2010 καὶ
1196 1957 1424 2027 κτήνεσι
1454 1956 1549 2008 καὶ
1584 1952 1747 2020 ζώοις
1775 1953 1983 2024 ἑτέροις
2019 1937 2061 1996 Β

391 2054 668 2124 γενόμενα
695 2068 709 2083 ’
760 2052 1013 2106 ἄπλωτον
1042 2050 1099 2102 δὲ
1152 2050 1252 2120 ἤδη
1290 2047 1540 2101 ἐντεῦθεν
1577 2045 1834 2115 γενέσθαι
1885 2045 1986 2112 τὴν

397 2145 667 2214 Ποντικὴν
692 2144 814 2205 τότε
838 2142 1135 2209 θάλατταν.
1157 2142 1426 2212 Ἡμέραις
1459 2140 1516 2193 δέ
1535 2156 1647 2193 τισι
1663 2136 1987 2192 διιππευούσ

406 2255 527 2300 σαις
568 2242 659 2291 καὶ
713 2238 743 2290 ὁ
804 2236 1039 2299 ἄπλετος
1076 2237 1299 2299 ,ἐκεῖνος
1362 2231 1457 2285 τοῦ
1529 2231 1773 2300 παγετοῦ
1831 2229 1989 2293 ὁλκὸς

400 2333 486 2394 είς
512 2331 740 2401 διάφορα
780 2331 1156 2402 συρρήγνυται
1185 2328 1476 2398 τμήματα,
1511 2324 1657 2396 ειπερ
1683 2326 1763 2387 εἰς
1792 2322 1987 2379 τοσοῦ-

396 2441 489 2476 τον
524 2422 655 2492 ὕψος
675 2423 906 2493 ἀνέσχεν
944 2421 1022 2484 ὡς
1074 2420 1176 2490 ὅρη
1225 2419 1406 2472 δοκεῖν
1440 2412 1582 2469 εἶναι
1634 2413 1984 2490 ὑπερύψηλα.

394 2515 615 2568 Τούτων
661 2514 1051 2586 ἀπορραγέντα
1108 2514 1255 2583 μέρη
1301 2509 1426 2563 τινά
1471 2508 1567 2562 καὶ
1614 2510 1680 2578 τῇ
1737 2506 1829 2577 βίᾳ
1879 2505 1988 2558 τῶν

392 2606 728 2676 πνευμάτων
747 2603 1140 2675 συνωθούμενα
1174 2602 1309 2672 πρός
1341 2618 1401 2654 τε
1428 2598 1774 2669 Δαφνουσίαν
1811 2596 1986 2668 φρού-

392 2716 515 2768 ριον
547 2698 607 2751 δν
631 2716 686 2750 τι
722 2697 821 2767 τῆς
856 2696 1125 2766 Ποντικῆς
1169 2696 1391 2767 μοίρας,
1434 2693 1804 2766 ἐρυμνότατον
1855 2706 1989 2759 τυγ-

390 2792 579 2863 χάνον,
598 2790 944 2856 ὲξοκέλλουσι
966 2790 1061 2843 καὶ
1082 2789 1210 2863 ἀχρι
1236 2786 1333 2841 τοῦ
1361 2787 1587 2857 στομίου
1610 2785 1706 2837 τοῦ
1732 2783 1986 2850 Εὐξείνου

392 2884 763 2955 καταῤῥέουσι
797 2899 811 2912 ο
842 2883 1229 2953 συστραφέντα
1257 2881 1316 2935 δὲ
1350 2880 1488 2950 πρὸς
1528 2878 1719 2943 ἑαυτὰ,
1776 2878 1868 2931 καὶ
1894 2877 1988 2930 τὸν

390 2972 589 3027 αὐτόθι
616 2974 802 3026 στενὸν
839 2972 1006 3042 πόρον
1051 2973 1141 3025 τὸν
1167 2970 1373 3042 μεταξὺ
1399 2971 1445 3002 ³³
1470 2967 1735 3039 πορθμῶν
1768 2965 1990 3037 πληρώ-

392 3082 593 3133 σαντα,
618 3067 718 3129 τάς
767 3064 1113 3134 ἑκατέρωθεν
1156 3064 1445 3134 ἠπείρους,
1500 3064 1600 3133 τήν
1650 3078 1710 3115 τε
1763 3060 1989 3131 Θρᾴκην

394 3160 497 3213 καὶ
516 3159 615 3230 τὴν
650 3158 949 3221 ’Λσιάτιδα,
980 3157 1241 3227 ἀλλήλαις
1273 3157 1621 3226 συνήνωσαν,
1644 3154 1718 3217 ὼς
1763 3154 1824 3218 ἐξ
1857 3156 1987 3206 ἐκα-

390 3250 563 3319 τέρας
596 3250 730 3318 πρὸς
762 3250 998 3321 θατέραν
1016 3250 1155 3320 πεζῇ
1181 3247 1381 3319 μᾶλλον
1403 3247 1435 3318 ἢ
1487 3246 1610 3301 πλοῖ
1634 3245 2004 3316 διαπεραιοῦ-.

396 3342 769 3417 σθαιὶὲξεῖναι
818 3340 901 3412 τῷ
942 3340 1277 3411 βουλομένῳ.
1323 3338 1569 3399 Ἐκεῖθεν
1598 3337 1989 3407 συνωθούμενα
2014 3321 2057 3376 C

389 3435 505 3489 ἁνά
520 3434 615 3505 τὴν
639 3435 1167 3505 Προποντίδανμέχρι
1207 3433 1434 3488 Ἀϐύδου
1456 3431 1822 3503 ἐξεχύθησαν,
1845 3431 1991 3501 ἥπερ

392 3528 466 3598 δὴ
499 3528 622 3580 οὐδὲ
653 3528 900 3581 θάλασσα
926 3521 1069 3581 εἶναι
1100 3528 1162 3581 τὸ
1195 3527 1385 3580 λοιπὸν
1417 3525 1827 3593 ὐπωπτεύετοκ
1857 3524 1996 3575 Τού-

392 3638 512 3674 των
569 3620 628 3675 ἓν
675 3617 1030 3673 ἀποσπασθὲν
1080 3620 1146 3689 τῇ
1197 3616 1497 3687 ἀκροπόλει
1539 3613 1636 3668 τοῦ
1688 3613 1990 3678 Βυζαντίου

398 3714 878 3783 προσαρασσεται,
909 3712 1005 3765 καὶ
1033 3709 1093 3765 τὸ
1125 3709 1315 3764 αὐτόθι
1337 3710 1516 3779 τεῖχος
1541 3707 1885 3779 περιέσωσεν
1916 3705 1993 3768 ὡς

395 3806 500 3859 καὶ
526 3805 655 3867 τούς
695 3804 841 3857 ἔνδον
875 3803 1163 3867 οἰκοῦντας
1199 3801 1610 3873 συμμετασχεῖν
1650 3798 1744 3852 τοῦ
1801 3798 1987 3853 σάλου.

399 3898 518 3951 Καὶ
550 3898 707 3951 τοῦτο
726 3899 890 3969 τριχῆ
921 3896 1193 3967 διαιρεθὲν
1222 3897 1356 3966 παρ’
1405 3882 1648 3963 ὲκάτερα
1690 3891 1833 3962 μέρη
1887 3891 1992 3962 τῆς

396 3989 761 4058 ἀκροπόλεως
783 3988 883 4049 τὰς
910 3986 1086 4050 ἀκτὰς
1111 3985 1494 4056 ἐμπίμπλησι.
1531 3983 1606 4037 Τὸ
1638 3983 1699 4036 δὲ
1730 3982 1865 4052 ὕψος
1891 3983 1990 4036 αὐ-

2085 668 2266 735 alluit,
2292 669 2561 724 subeunte
2595 670 2648 722 in
2680 669 3005 736 profundum
3037 670 3177 739 gelu,
3221 671 3288 723 ad
3324 668 3547 738 triginta
3581 684 3670 721 us-

2085 774 2191 829 que
2237 763 2451 817 cubitus
2500 763 2552 815 in
2586 762 2757 817 silicis
2781 762 3106 817 soliditatem
3135 763 3396 818 induruit.
3437 763 3518 817 Ad
3556 764 3669 815 haec

2083 864 2403 923 erumpente
2433 854 2635 908 nivium
2669 853 2974 908 incredibili
3002 854 3178 921 copia,
3212 856 3264 907 in
3305 855 3473 907 altqu
3509 869 3670 923 exag-

2086 956 2269 1014 gerata
2302 946 2410 1016 76
2461 946 2669 1016 glacies
2715 945 2782 999 ad
2818 944 3005 1016 viginti
3044 946 3181 999 alios
3208 944 3424 1000 cubitos
3457 944 3668 998 sublata

2086 1047 2192 1096 est.
2233 1040 2383 1095 Unde
2414 1041 2485 1094 ita
2527 1056 2682 1094 mare
2723 1054 2847 1093 cum
2894 1039 3197 1093 continenti
3229 1056 3323 1093 ora
3350 1040 3575 1101 coaluit,
3611 1048 3669 1092 ut

2088 1142 2283 1186 utrum
2314 1133 2381 1186 ab
2429 1132 2603 1187 altero
2634 1144 2906 1187 secretum
2938 1142 3084 1189 esset
3113 1134 3198 1186 vix
3242 1134 3531 1201 quisquam
3561 1132 3670 1187 dis-

2085 1234 2354 1280 cerneret.
2393 1224 2484 1280 Sic
2529 1225 2693 1295 igitur
2746 1226 3007 1296 quidquid
3055 1241 3212 1297 aqua:
3237 1226 3526 1279 obversum
3565 1223 3669 1279 Bo-

2087 1331 2192 1370 reae
2216 1316 2315 1370 fuit
2345 1317 2487 1371 velut
2529 1318 2581 1371 in
2616 1319 2791 1373 solum
2835 1333 3156 1373 conversum
3186 1318 3414 1387 pedibus
3436 1316 3668 1371 solidum

2087 1410 2191 1464 iter
2212 1420 2625 1477 constraverat;
2673 1428 2771 1465 nec
2810 1410 2919 1465 ulla
2959 1425 3086 1481 pars
3121 1412 3261 1479 ejus,
3295 1410 3565 1480 prtecipue
3604 1412 3670 1462 ad

2083 1503 2388 1557 Cbazarum
2422 1504 2556 1558 lines
2588 1520 2653 1558 ac
2680 1503 3030 1557 ﬁnitimarum
3066 1503 3307 1574 Scythia
3356 1502 3666 1561 nationum.

2086 1607 2194 1647 non
2229 1600 2325 1646 aut
2364 1592 2640 1646 hominum
2682 1594 2983 1664 gressibus,
3041 1602 3134 1648 aut
3186 1593 3452 1663 pecudum
3489 1607 3552 1647 ac
3581 1595 3670 1661 ju-

2089 1676 2394 1742 mentorum
2418 1687 2659 1757 patebat.
2687 1687 2831 1758 Ergo
2866 1687 3218 1743 interclusum
3244 1702 3342 1755 per
3368 1687 3497 1741 illud
3530 1696 3670 1740 tem-

2088 1795 2188 1851 pus
2233 1779 2664 1851 navigationibus
2717 1780 3004 1836 Ponticum
3058 1797 3208 1836 mare
3242 1780 3365 1835 fuit.
3415 1780 3544 1836 Inde
3563 1779 3674 1834 die-

2091 1872 2189 1927 bus
2220 1870 2426 1941 aliquot
2468 1873 2788 1939 interiectis,
2814 1870 3069 1926 immanis
3121 1872 3210 1926 illa
3255 1872 3447 1943 glaciei
3500 1872 3669 1926 moles

2089 1961 2267 2021 varias
2302 1962 2353 2015 in
2385 1972 2595 2031 crustas
2615 1961 2930 2028 difﬁnditur,
2953 1978 3074 2034 qua:
3094 1964 3484 2017 altissimorum
3516 1980 3673 2017 mou-

2091 2052 2224 2106 tium
2275 2053 2457 2122 specie
2512 2053 2566 2107 in
2609 2052 2934 2107 immensum
2969 2062 3262 2108 exstructa!
3300 2053 3670 2107 sunt.ilarum

2089 2144 2290 2199 avulsae
2323 2144 2595 2199 nonnulla:
2629 2146 2994 2215 abscissaque
3028 2158 3208 2216 partes
3236 2155 3523 2200 ventorum
3566 2145 3671 2199 im-

2090 2247 2216 2306 petu
2242 2236 2310 2289 ad
2340 2236 2731 2304 Dapbnusiam,
2761 2237 3042 2292 castellum
3078 2238 3130 2291 itt
3161 2253 3256 2291 ora
3296 2234 3520 2293 Pontica
3550 2254 3674 2291 mu-

2090 2328 2446 2395 nitissimum,
2491 2329 2679 2399 ejectae
2712 2340 2839 2383 sunt
2885 2339 2939 2384 et
2971 2331 3038 2383 ad
3081 2330 3276 2384 Euxini
3306 2330 3457 2398 ponti
3488 2328 3670 2385 fauces

2088 2419 2376 2489 impulsae;
2422 2419 2512 2474 ubi
2558 2421 2817 2476 conferta:
2854 2438 2918 2476 ac
2956 2423 3201 2491 stipatw,
3251 2421 3540 2498 occupatis
3575 2421 3675 2476 Βυ-

2094 2513 2243 2581 spori
2274 2514 2542 2583 angustiis
2564 2525 2616 2568 et
2638 2514 2891 2584 oppletis,
2907 2516 3246 2570 continentes
3267 2516 3474 2578 ambas,
3502 2515 3675 2569 Tbra—

2091 2604 2231 2660 ciam
2268 2605 2517 2662 videlicet
2542 2622 2666 2661 cum
2691 2608 2840 2674 Asia,
2873 2607 3293 2676 conjunxerunt,
3327 2610 3462 2661 adeo
3497 2615 3553 2660 ut
3590 2608 3677 2660 ul-

2091 2703 2174 2749 tro
2199 2696 2446 2765 citroque
2479 2697 2709 2768 pedibus
2735 2698 2919 2768 magis.
2942 2699 3046 2752 iter
3077 2713 3239 2766 quam
3271 2698 3498 2752 navibus
3522 2707 3674 2766 pate-

2090 2796 2196 2843 ret.
2232 2786 2359 2843 lnde
2391 2804 2606 2843 rursum
2638 2790 2874 2860 expulsae
2891 2805 2990 2859 per
3011 2778 3391 2858 Propontidem
3424 2789 3668 2860 Abydum

2092 2893 2264 2948 usque
2284 2880 2557 2949 dissipatae
2585 2889 2734 2934 sunt.
2763 2878 3034 2935 Caeterum
3058 2889 3163 2933 tam
3184 2879 3339 2947 longe
3374 2877 3591 2947 lateque
3616 2893 3676 2930 se

2049 3038 2053 3041 _
2090 2972 2291 3040 glacies
2346 2971 2563 3026 diifudit
2611 2981 2668 3025 ut
2702 2988 2851 3026 mare
2899 2971 3010 3025 illic
3048 2986 3168 3026 esse
3205 2986 3369 3024 nemo
3408 2960 3673 3039 suspicari

2092 3077 2291 3135 posset.
2338 3064 2536 3119 Horum
2586 3065 2913 3135 lragminum
2946 3080 3111 3117 unum
3144 3065 3212 3117 ad
3257 3078 3440 3117 arcem
3494 3061 3675 3132 Cpolis

2091 3158 2292 3212 illisum
2356 3174 2566 3211 murum
2610 3160 2683 3212 ita
2735 3159 3033 3221 concussit,
3092 3157 3262 3226 utqui
3316 3158 3462 3211 intus
3510 3166 3667 3210 erant

2092 3251 2389 3320 agitatione
2423 3251 2511 3305 illa
2539 3260 2913 3320 quaterentur.
2958 3251 3095 3305 llinc
3142 3250 3249 3321 77
3283 3248 3547 3303 trifariam
3585 3249 3670 3302 di-

2092 3344 2264 3396 visum
2287 3342 2354 3396 ad
2378 3350 2668 3411 utramque
2707 3342 2850 3395 arcis
2877 3351 3090 3410 partem
3136 3356 3290 3394 oram
3336 3353 3553 3392 omnem
3583 3351 3673 3393 oe—

2091 3434 2333 3503 cupavit,
2367 3448 2432 3487 ea
2487 3433 2773 3489 altitudine
2802 3447 2924 3502 qua
2964 3432 3115 3487 urbis
3167 3432 3367 3486 muenia
3397 3440 3677 3484 transcen-

2090 3527 2264 3581 deret.
2327 3526 2515 3597 Itaque
2576 3528 2820 3582 nonnulli
2845 3541 2941 3596 per
2990 3532 3300 3580 constratos
3362 3531 3674 3577 crustarum

2091 3634 2316 3689 aggeres
2341 3621 2630 3674 adversum
2660 3619 2715 3684 in
2740 3620 2915 3682 littus,
2947 3620 3035 3673 ubi
3060 3618 3341 3673 castellum
3379 3616 3509 3670 illud
3534 3615 3675 3685 quod

2091 3708 2314 3766 Galaten
2358 3723 2554 3766 vocant
2600 3712 2762 3765 situm
2816 3722 2919 3778 est,
2950 3726 3015 3765 ex
3062 3726 3188 3765 arce
3228 3708 3673 3765 transmiserunt.

2092 3800 2222 3857 Haec
2265 3804 2445 3857 omnia
2494 3804 2770 3874 ingentem
2815 3803 3024 3857 civitati
3070 3814 3271 3857 metutn
3321 3800 3620 3855 aﬂ'erebaut
3661 3815 3675 3851 :

2091 3896 2292 3964 quippe
2316 3910 2460 3950 novo
2488 3897 2594 3951 ltoc
2618 3904 2672 3948 et
2711 3880 2973 3949 inusitato
3001 3893 3310 3965 spectaculo
3339 3892 3675 3947 consternati

2092 3995 2257 4056 atque
2285 3988 2337 4041 in
2367 3988 2600 4058 gemitus
2640 3998 2695 4041 et
2726 3986 2997 4058 lacrymas
3025 3986 3186 4041 soluti
3220 3983 3566 4040 recedebant.

395 4083 516 4143 τοῖς
543 4081 654 4134 τῶν
699 4061 796 4145 τῆς
843 4080 1067 4141 πόλεως.
1092 4079 1289 4148 τειχῶν
1321 4076 1759 4147 ὑπερανέστηκε,
1831 4075 1900 4128 δι’
1946 4077 2129 4131 αὐτῶν
2189 4080 2252 4132 τέ
2299 4097 2451 4144 τινες
2505 4080 2567 4145 ἐξ
2635 4079 2989 4150 ἀκροπόλεως
3049 4082 3186 4150 πρὸς
3225 4078 3286 4130 τὸ
3333 4074 3585 4146 ἀντικρὺ,
3618 4074 3677 4126 ὲν

392 4167 487 4236 οἷς
529 4173 590 4226 τὸ
621 4173 864 4226 Γαλάτου
912 4174 958 4203 ’⁵
990 4172 1102 4243 (47)
1135 4171 1430 4241 λεγόμενον
1481 4169 1695 4238 ἵδρυται
1744 4168 2029 4240 φρούριον,
2071 4170 2214 4244 πεζῇ
2253 4172 2687 4244 διεπεραιοῦντο,
2728 4173 2918 4226 Ταῦτα
2955 4169 3220 4241 ἔκπληξιν
3261 4170 3531 4242 μεγίστην
3563 4169 3675 4229 τοῖς

398 4265 509 4334 τῆς
531 4265 741 4328 πόλεως
772 4263 1011 4319 ἐνεποίει
1040 4280 1055 4294 ·
1085 4261 1163 4332 τῷ
1183 4260 1477 4332 παραδόξῳ
1512 4260 1625 4331 γὰρ
1688 4259 1784 4312 καὶ
1820 4258 2070 4332 ἀδοκήτῳ
2101 4262 2201 4332 τῆς
2265 4262 2394 4327 θέας
2454 4266 2513 4316 ἐν
2566 4263 2776 4335 ἀπορίᾳ
2821 4264 3104 4334 γενόμενοι
3178 4262 3403 4332 θρήνοις
3435 4260 3530 4313 καὶ
3578 4257 3679 4312 δά-

397 4373 569 4427 κρυσι
603 4357 878 4419 πλείστοις
904 4355 1259 4433 συνεχόμενοι
1284 4352 1495 4407 ἐνθένδε
1544 4351 1979 4423 ἀπηλλάσσοντο.

477 4448 701 4520 Χρόνων
730 4449 789 4502 δὲ
841 4447 942 4501 οὐκ
977 4445 1177 4514 ὀλίγων
1231 4446 1344 4517 (48)
1402 4443 1744 4510 διελθόντων,
1784 4442 1983 4523 ,Σκλα-
2063 4492 2068 4501 ,

397 4540 587 4611 ὅηνῶν
616 4540 749 4609 γένη
769 4540 871 4610 τῆς
907 4537 1118 4592 ἑαυτῶν
1149 4532 1566 4608 μεταναστάντα
1607 4535 1717 4604 γῆς
1750 4534 1989 4602 φυγάδες

2164 4443 2278 4500 Nec
2311 4444 2471 4514 longo
2518 4453 2639 4513 post
2678 4444 2793 4499 haec
2824 4443 3113 4511 interiecto
3140 4452 3403 4514 tempore,
3434 4443 3674 4505 Sclavini

2097 4539 2295 4609 patriis
2328 4539 2525 4593 ﬁnibus
2551 4547 2800 4592 extorres
2818 4537 3089 4592 Euxinum
3108 4537 3409 4609 trajiciunt,
3442 4554 3672 4608 quorum

394 4601 707 4704 διαπερῶσι
737 4601 865 4686 ’τδᾷή
891 4601 1166 4697 Εὐξεινονί
1227 4629 1510 4683 Συνετέλει
1565 4601 1630 4682 δὲ⁷
1672 4601 1866 4682 ἀὐτῶν
1926 4628 1987 4680 τὸ

2090 4646 2352 4686 numerus
2388 4631 2455 4684 ad
2503 4640 2628 4685 octo
2662 4638 2718 4684 et
2742 4632 2973 4685 ducenta
2997 4629 3165 4685 millia
3199 4633 3515 4700 pervenisse
3539 4635 3674 4690 diei—

396 4725 612 4796 πλῆθος
635 4727 766 4797 ἄχρι
797 4727 891 4781 καὶ
921 4726 1003 4789 είς
1036 4722 1269 4795 ἀριθμὸν
1291 4721 1438 4778 ὀκτὼ
1464 4723 1563 4777 καὶ
1586 4718 1867 4780 διακοσίας
1898 4737 1984 4790 χι-

396 4818 614 4882 λιάδας.
638 4820 748 4874 Καὶ
776 4818 914 4890 πρὸς
934 4817 1027 4871 τὸν
1049 4832 1295 4887 ποταμιν
1316 4814 1376 4880 ὃς
1418 4815 1687 4887 Ἀρτάνας
1731 4812 1986 4866 καλεῖται

395 4910 562 4965 αὐτοὶ
591 4911 1011 4977 κατοικίζονται.

2098 4733 2207 4778 tur.
2240 4723 2305 4777 Hi
2336 4726 2401 4777 ad
2422 4722 2642 4777 ﬂuvium
2670 4727 2856 4793 (quem
2889 4724 3152 4777 Artanam
3198 4726 3517 4796 nominant)
3542 4743 3674 4782 con-

2091 4817 2368 4870 sederunt.

1702 5068 1935 5124 νΑΒΙᾸΞ
1977 5066 2394 5126 LEC'l‘lONESt.
2470 5098 2474 5102 ι

482 5229 528 5260 ’⁸
564 5228 694 5281 τόνῖ
732 5234 785 5280 et
814 5234 998 5295 postea
1029 5226 1054 5278 ὲ

775 5234 785 5278 l
814 5234 998 5295 postea
1029 5226 1054 5278 ὲ
1096 5225 1367 5297 χόμενονῖ
1441 5225 1485 5256 ²¹
1513 5224 1713 5295 βάθους
1736 5242 1797 5277 τε
1829 5224 2009 5295 χωρκῖ,
2075 5225 2120 5256 ’³
2146 5222 2371 5295 ἐκείνῃῖ
2399 5222 2470 5278 cf.
2508 5237 2562 5292 p.
2597 5223 2665 5278 64
2694 5222 2784 5281 12.

775 5298 876 5349 ius.
913 5297 1022 5349 τῶν
1060 5245 1193 5349 f‘ak.
1224 5295 1286 5349 P.
1338 5295 1425 5349 vel
1463 5296 1725 5349 Γαλατῶν
1775 5294 2058 5349 Petavius.

399 5300 540 5355 Γαλ.
596 5294 876 5363 Petavius,
913 5297 1022 5350 τῶν
1060 5294 1193 5352 Γάλ.
1224 5295 1286 5351 Ρ.
1338 5295 1425 5352 vel
1463 5294 1725 5350 Γαλατῶν
1775 5294 2058 5350 Petavius.

2890 5224 2935 5255 "
2965 5222 3174 5296 μεταξύ
3210 5223 3321 5279 τῶν
3360 5221 3466 5281 an?
3536 5224 3582 5255 “
3612 5226 3674 5279 τὸ

1773 5430 2047 5489 PETAVII
2074 5404 2311 5487 nom.”

483 5595 921 5672 (Mimiaezdnf
947 5593 1009 5649 τέ
1029 5609 1211 5672 τινες.
1242 5591 1710 5672 [heopiianesun
1731 5591 1859 5672 ιῦϐὃη
1879 5590 1942 5661 D)
1972 5610 1984 5645 :

398 5661 500 5727 Διό
540 5661 649 5731 πᾶς
692 5671 721 5722 ό
762 5666 1083 5739 βουλόμενος
1113 5664 1221 5739 ἀπὸ
1256 5661 1658 5739 Σοφίανῶν-είς
1696 5662 1803 5739 τὸν
1833 5662 1988 5739 ἅγιον

395 5742 686 5811 Μάμαντα
724 5732 819 5811 καὶ
846 5732 936 5811 είς
958 5736 1058 5807 τὴν
1094 5734 1247 5788 πόλιν
1282 5735 1377 5787 καὶ
1417 5734 1498 5796 εἰς
1529 5732 1874 5803 Χρυσόπολιν
1914 5732 1989 5796 ὡς

398 5807 699 5882 aid-ﬁrma;
736 5807 1003 5882 ἐϐάδιζεν,
1033 5816 1141 5882 etc.
1158 5876 1170 5882 _
1195 5879 1208 5882 _
1227 5875 1238 5882 _
1390 5828 1395 5833 ‘

482 5874 866 5949 (ἀθῗΧρόνων
892 5878 975 5942 ,δὲ
1001 5878 1113 5949 οὐκ
1139 5875 1378 5949 delirum.
1420 5874 1584 5944 Atqui
1612 5876 1986 5949 velietttentem

403 5946 558 6010 illam
578 5946 809 6008 hieinem
838 5962 1016 6006 matus
1043 5948 1128 6003 hic
1153 5946 1469 6016 Bulgaricus
1490 5948 1786 6017 pl'tL‘CCaSil.
1815 5946 1985 6011 Quem

2093 5589 2459 5661 Theophanes
2490 5608 2540 5645 a.
2576 5592 2766 5664 tribuit
2795 5592 3123 5664 Copronymi
3153 5594 3225 5647 22
3252 5595 3361 5650 ind.
3400 5598 3451 5654 1.
3482 5599 3586 5656 Ubi
3617 5612 3672 5655 et

2092 5664 2560 5716 ctmracteristnus
2589 5663 2737 5716 feriae
2768 5680 2781 5715 :
2820 5681 2944 5716 nam
2977 5663 3120 5716 JItnii
3152 5666 3221 5719 50
3246 5666 3413 5722 fuisse
3445 5672 3610 5724 refert
3636 5673 3672 5727 5

2089 5732 2327 5805 feriam.
2360 5733 2625 5787 Convenit
2657 5735 2758 5787 hoc
2785 5750 2837 5787 a.
2867 5733 2929 5787 Ο.
2966 5734 3067 5788 765
3095 5738 3249 5805 ttyclo
3289 5738 3420 5795 solis
3451 5740 3540 5805 16,
3589 5743 3669 5796 lit.

2092 5804 2249 5876 Dom.
2293 5802 2529 5876 i3,_anno
2556 5805 2882 5875 Copronymi
2924 5802 3142 5875 25jam'
3167 5807 3409 5876 ineunte,
3440 5828 3503 5864 ex
3528 5802 3584 5865 'a.
3614 5815 3666 5865 d.

2091 5888 2180 5951 xix
2214 5873 2327 5927 Cal.
2359 5873 2490 5939 Jul.;
2524 5891 2706 5930 verum
2735 5873 2798 5929 ad
2829 5876 2897 5929 22
2929 5873 3063 5932 bona
3093 5892 3217 5946 pars
3250 5878 3368 5947 rjtts
3397 5873 3518 5936 bt-llt
3551 5899 3670 5951 per-

2092 5954 2245 5997 ttttcl.
