4016 6428
409 448 516 515 979

1437 456 1499 515 S.
1538 454 1960 517 NICEPHORI
2002 454 2514 516 PATRIARCH/E
2550 456 2664 529 CP.

3559 458 3665 522 980

480 566 607 640 [An.
633 567 780 641 763.]
804 566 936 623 Dum
956 568 1071 624 haec
1084 570 1485 640 aguntur,apud
1498 568 1723 626 Hunnus
1739 580 1792 624 et
1807 567 1991 640 Bulga-

2166 569 2246 623 Τὰ
2293 568 2350 622 δὲ
2375 568 2423 600 ³⁸
2471 569 2616 622 κατὰ
2671 569 2798 633 τοὺς
2857 570 3093 634 Οῦννους
3163 568 3256 623 καὶ
3322 569 3669 640 Βουλγὰρους

411 671 501 712 ros
527 658 627 712 ista
657 658 1025 728 contigerunt.
1057 657 1287 713 Ftedere
1318 658 1391 713 illi
1420 659 1564 714 inter
1584 674 1645 713 se
1666 662 1979 726 constituto,

412 749 766 816 Xerensibus,
792 766 1024 821 quorum
1054 751 1104 805 in
1128 752 1408 806 dominatu
1442 760 1619 817 erant,
1657 751 1981 816 interfectis,

410 842 601 896 ducem
627 841 729 897 sibi
753 841 1023 897 Telesiam
1047 843 1262 897 nomine
1290 844 1612 913 praeﬁciunt,
1637 851 1981 913 arrogantem

412 935 686 989 hominem
714 952 779 991 ac
801 935 1029 1005 juvenili
1050 937 1272 991 audacia
1315 937 1575 1004 ferocem,
1603 936 1719 1005 qui,
1753 936 1981 991 collecta

411 1024 644 1080 militum
678 1040 860 1085 manu.
895 1025 1073 1079 vicina
1117 1024 1482 1079 Romanorum
1521 1023 1639 1079 loca
1669 1033 1726 1079 et
1757 1023 1982 1080 castella

409 1118 679 1174 hostiliter
701 1118 987 1188 populatus
1015 1128 1119 1173 est.
1143 1118 1532 1175 Constantinus
1556 1119 1674 1190 eius
1703 1118 1983 1174 audaciam

407 1221 469 1261 ac
502 1206 809 1263 violentiam
843 1208 1282 1263 animadvertens
1325 1209 1657 1279 ltippagogas
1713 1222 1881 1263 naves
1914 1207 1982 1261 ad

405 1302 747 1371 octingentas
778 1308 1078 1370 comparat,
1099 1315 1233 1369 quas
1264 1316 1387 1355 cum
1439 1296 1683 1371 equitatu
1717 1300 1983 1371 comples-

403 1400 486 1445 set
515 1405 611 1460 per
643 1392 914 1447 Euxinum
951 1407 1101 1448 mare
1119 1392 1172 1447 in
1202 1390 1396 1446 lstrum
1427 1391 1694 1449 immittit.
1726 1393 1843 1462 ipse
1860 1408 1983 1449 cum

404 1484 511 1538 alio
537 1492 782 1540 exercitu
813 1484 1140 1540 Anchialum
1186 1486 1450 1555 pervenit,
1505 1485 1757 1557 adquam
1799 1488 1848 1541 ei
1884 1486 1988 1542 Te-

405 1574 573 1629 lesius
605 1574 716 1645 78
763 1590 886 1630 cum
939 1576 1322 1632 Sclavinorum
1371 1577 1590 1632 auxiliis
1639 1577 1782 1632 haud
1815 1577 1983 1646 poeni-

409 1668 583 1721 tendis
612 1668 873 1723 occurrit.
903 1667 1089 1738 Ibique
1117 1671 1305 1739 przelio
1341 1672 1517 1726 victus
1553 1670 1610 1725 in
1646 1668 1827 1739 fugam
1858 1684 1985 1724 ver-

409 1760 563 1811 titur.
598 1757 749 1813 Multi
786 1761 1073 1830 utriusque
1100 1762 1278 1832 gentis
1316 1762 1558 1817 hostium
1590 1763 1644 1816 in
1678 1763 1797 1817 acie
1831 1762 1983 1825 cesi,

408 1864 506 1904 me
536 1850 689 1917 pauci
734 1851 918 1906 etiam'
949 1867 981 1906 e
1031 1853 1361 1922 primoribus
1399 1853 1564 1922 capti.
1611 1853 1723 1909 Hac
1755 1853 1981 1907 victoria

2087 659 2392 731 ἐπράττετο
2419 659 2548 730 τῇδε
2575 676 2591 691 ·
2627 654 2786 731 Οὗτοι
2804 662 2871 716 τὰ
2894 662 3033 733 πρὸς
3056 661 3322 733 ἀλλήλους
3347 661 3669 732 συνθέμενοι

2085 754 2212 815 τοὺς
2246 751 2345 822 μὲν
2375 752 2440 805 ὲκ
2467 749 2652 822 Ξηρᾶς
2675 751 2787 823 (49)
2823 751 2920 823 τὴν
2943 752 3172 824 κυρείαν
3203 751 3303 824 τήν
3337 752 3427 806 ἐπ’
3467 752 3671 815 αὐτοὺς

2089 841 2466 913 κεκτημένους
2482 844 2813 910 κτείνουσιν,
2830 844 3081 914 ἡγεμόνα
3096 843 3154 897 δὲ
3176 845 3263 913 ἐφ’
3293 845 3508 906 ἑαυτοῖς
3530 841 3673 895 καθ·

2088 936 2269 989 ιστᾶσι
2311 934 2569 988 Τελέσιον
2610 935 2804 1005 ὄνομα,
2851 936 3025 1007 ἄνδρα
3067 936 3305 1007 σοϐαρὸν
3336 936 3432 990 καὶ
3484 938 3548 988 τὸ
3604 935 3674 988 ὲκ

2085 1028 2340 1099 νεότητος
2382 1027 2583 1097 θράσος
2624 1028 2742 1097 ἃμα
2794 1027 3262 1098 ἐπιδεικνύμενον.
3318 1019 3490 1090 οὗτος
3533 1026 3669 1098 λαὸν

2088 1121 2419 1191 συναγείρας
2468 1120 2696 1191 ὁπλίτην
2747 1122 2843 1175 καὶ
2886 1120 3129 1192 μάχιμον
3168 1120 3238 1174 τὰ
3292 1120 3671 1190 πλησιαίτερα

2084 1213 2198 1266 τῶν
2237 1211 2530 1281 Ῥωμαίων
2559 1211 2739 1282 χωρία
2777 1210 2873 1263 καὶ
2928 1209 3165 1280 φρούρια
3197 1210 3501 1281 κατέτρεχε
3528 1227 3674 1281 καρ-

2084 1305 2281 1377 τερῶς.
2311 1297 2385 1359 Οὗ
2409 1304 2470 1359 τὸ
2503 1305 2679 1376 θρασὺ
2709 1304 2802 1358 καὶ
2831 1300 3064 1367 αὔθαδες
3096 1303 3511 1366 Κωνσταντϊνος
3539 1304 3675 1357 θεα-

2088 1399 2324 1468 σάμενος
2356 1398 2489 1461 ναῦς
2530 1397 2889 1466 ἱππαγωγοὺς
2942 1396 3072 1465 ἄχρι
3104 1396 3199 1449 καὶ
3233 1396 3314 1458 είς
3365 1396 3466 1458 τὰς
3507 1395 3677 1448 ὀκτα-

2087 1491 2281 1553 κοσίας
2330 1486 2728 1551 κατεσκεύασε,
2779 1485 2875 1538 καὶ
2925 1484 3135 1547 ταύτας
3188 1484 3401 1555 ἱππικῷ
3455 1482 3678 1553 στρατῷ

2092 1579 2394 1652 πληρώσας
2435 1578 2523 1632 διὰ
2564 1577 2659 1631 τοῦ
2717 1572 2972 1641 Εὖξείνου
3012 1576 3151 1647 πρὸς
3182 1576 3274 1628 τὸν
3318 1578 3535 1647 Ἴστρον
3586 1574 3681 1640 εξ-

2087 1672 2357 1744 ἐπεμψεν.
2388 1670 2559 1733 Αὐτὸς
2590 1669 2649 1723 δὲ
2681 1670 2914 1740 στρατὸν
2948 1666 3137 1738 ἕτερον
3162 1668 3506 1737 ἑπαγόμενος
3537 1666 3679 1737 πρὸς

2097 1765 2383 1835 Ἀγχίαλον
2412 1764 2566 1817 πόλιν
2625 1762 3016 1833 παραγίνεται.
3052 1760 3211 1816 ’Καθ’
3240 1762 3299 1814 ὃν
3322 1761 3370 1791 ⁸⁸
3406 1759 3679 1821 Τελέσιος

2088 1857 2373 1928 ἐξέρχεται
2415 1857 2555 1924 ἔχων
2581 1855 2661 1917 είς
2694 1856 3017 1926 συμμαχίαν
3057 1855 3155 1908 καὶ
3200 1850 3534 1922 Σκλαϐηνῶν
3571 1851 3680 1903 οὐκ

407 1935 608 2003 potitus
654 1937 951 2007 imperator
1004 1938 1327 2013 Byzantium
1366 1944 1699 2011 revertitur;
1740 1944 1984 2013 captives

2100 1950 2247 2018 Βλίγα
2279 1948 2484 2020 πλήθη.
2519 1947 2629 2001 Καὶ
2663 1947 2921 2019 ἡττηθεὶς
2976 1948 3126 2021 μάχῃ
3151 1949 3233 2010 είς
3267 1945 3467 2016 φυγὴψ
3502 1943 3674 2014 ἐτρά-

405 2041 594 2082 mnnes
618 2026 671 2082 itt
709 2029 961 2098 pupulum
1005 2047 1070 2086 ac
1097 2032 1385 2090 Circenses
1411 2036 1686 2105 praecipue
1719 2034 1982 2091 factiones

407 2118 471 2168 ad
502 2131 686 2173 necem
723 2120 937 2176 dividit.
969 2121 1161 2178 EduCti
1215 2124 1382 2194 igitur
1402 2136 1553 2181 extra
1582 2141 1777 2181 muros
1793 2127 1883 2196 qui
1916 2126 1984 2180 ad

406 2209 719 2266 (Eltersatutn
745 2224 992 2281 spectant
1012 2217 1080 2273 ad
1105 2233 1269 2273 unum
1299 2218 1424 2274 caesi
1446 2228 1591 2275 sunt.
1624 2218 1825 2274 Horum
1854 2233 1986 2288 spo-

406 2303 478 2358 lia
532 2304 882 2363 Circensibus
940 2308 1080 2367 ludis
1153 2319 1439 2380 spectante
1494 2311 1692 2381 populo
1758 2310 1987 2366 solemni

412 2412 603 2469 pompa
635 2400 883 2454 traducta
920 2411 1069 2459 sunt.
1113 2402 1171 2458 In
1203 2404 1401 2474 quibus
1453 2419 1618 2460 aurea
1672 2405 1779 2461 duo
1812 2403 1987 2467 labra,

410 2503 532 2552 ιιιιω
567 2488 618 2543 in
656 2489 844 2546 Sicilia
893 2492 1034 2549 facta
1084 2504 1263 2560 erant,
1310 2495 1525 2565 singula
1556 2494 2021 2566 octingentarum’

413 2581 669 2636 librarum
702 2586 940 2652 pondere
969 2587 1185 2655 publice
1218 2589 1516 2658 proposuit.

2092 2058 2246 2096 πετο.
2280 2041 2536 2094 Πλεῖστοι
2562 2038 2621 2093 δὲ
2650 2040 2762 2093 τῶν
2818 2039 3097 2110 πολεμίων
3135 2039 3229 2105 ἀφ’
3274 2035 3537 2105 ἑκατέρου
3575 2031 3679 2103 μὲ-

2095 2150 2225 2207 ρους
2246 2132 2528 2195 πίπτουσι,
2564 2131 2663 2186 καὶ
2683 2131 2836 2186 ἄλλοι
2874 2133 2975 2187 οὐκ
3000 2131 3169 2200 ὀλίγοι
3192 2129 3289 2183 καὶ⁵
3329 2128 3438 2181 τῶν
3469 2130 3679 2195 ἐπιφα-

2093 2222 2366 2293 νεστέρων
2391 2220 2811 2292 ἐζωγρήθησαν.
2842 2220 3003 2276 Οὕτω
3027 2238 3089 2275 τε
3135 2218 3232 2274 τοῦ
3271 2218 3511 2288 πολέμου
3539 2232 3681 2286 κρα-

2094 2316 2269 2384 τήσας
2290 2312 2429 2384 πρὸς
2448 2313 2511 2365 τὸ
2536 2311 2831 2375 Βυζάντιον
2880 2312 3293 2373 Κωνσταντῖνος
3342 2307 3539 2377 ᾤχετο,
3579 2304 3682 2359 καὶ

2095 2400 2193 2467 οὓς
2217 2403 2457 2473 ἐπήγετο
2485 2402 2594 2456 τῶν
2624 2401 3032 2474 ὲζωγρημένων
3069 2402 3183 2463 τοῖς
3205 2416 3265 2453 τε
3299 2396 3549 2459 πολίταις
3575 2395 3681 2449 καὶ

2096 2497 2213 2558 τοῖς
2244 2497 2311 2548 ὲκ
2328 2493 2437 2548 τῶν
2456 2493 2767 2563 λεγομένων
2801 2495 3111 2564 χρωμάτων
3132 2491 3399 2559 δημόταις
3419 2489 3493 2551 ὼς
3519 2489 3682 2541 ἀναι-

2104 2587 2295 2657 ρήσειν
2314 2585 2634 2657 αὐτοχειρίᾳ
2662 2585 3052 2655 παραδίδωσιν.
3088 2584 3153 2635 Ol.
3179 2583 3236 2635 δὲ
3283 2582 3542 2641 λαϐόντες
3570 2576 3684 2644 ﬁt.

411 2670 622 2743 τείχους
650 2675 748 2730 τοῦ
802 2678 941 2747 πρὸς
987 2678 1066 2749 τῷ
1111 2681 1356 2751 χερσαίῳ
1412 2681 1652 2752 κειμένῳ
1669 2682 1712 2713 ’τ
1755 2680 1985 2735 ἀνεῖλον.
2029 2678 2141 2731 Καὶ
2160 2677 2368 2731 τούτων
2395 2676 2465 2730 τὰ
2491 2677 2710 2748 λάφυρα
2764 2676 2856 2730 τὸν
2885 2675 3112 2729 ἱππικὸν
3183 2673 3374 2741 ἀγῶνα
3401 2669 3681 2738 θεώμενος

413 2765 834 2840 ἐθριάμϐευσεν.
865 2769 1005 2823 Μεθ’
1049 2764 1125 2825 ὧν
1165 2771 1383 2826 καὶδύο
1410 2775 1603 2844 χρυσοῖ
1626 2772 1909 2843 λουτῆρες,
1939 2770 1988 2824 οἲ
2027 2769 2087 2823 ὲν
2127 2771 2194 2840 τῆ
2224 2770 2377 2840 νήσῳ
2439 2766 2968 2839 κατεσκευάσθησαν
3034 2764 3276 2836 Σικελίᾳ,
3323 2760 3682 2832 δημοσιεύον-

410 2876 525 2926 ται,
554 2860 722 2932 ὁλκὴν
745 2860 947 2933 χρυσοῦ
973 2861 1213 2937 ἄχρικαὶ
1235 2865 1317 2928 είς
1340 2864 1669 2929 ὀκτακοσίας
1716 2864 1977 2936 λιτρῶνιε
2008 2864 2237 2918 ἕκαστον
2268 2864 2499 2932 ἄγοντα.

485 2952 701 3025 Bulgari
736 2956 935 3011 Telesii
980 2955 1299 3015 infelicitate
1329 2958 1545 3026 cognita
1580 2960 1721 3013 hunc
1763 2975 1857 3029 per
1905 2973 1991 3013 se-

414 3047 673 3103 ditionem
713 3050 1042 3118 opprimunt,
1075 3059 1131 3103 et
1171 3050 1375 3105 Sabino
1404 3050 1617 3105 cuidam
1654 3065 1720 3105 ex
1761 3050 1993 3105 ducibus

413 3140 528 3193 suis
556 3139 845 3210 imperium
874 3140 1145 3198 delerunt.
1173 3141 1276 3209 Qui
1314 3141 1478 3198 simul
1520 3152 1682 3211 atque
1707 3142 1873 3197 rebus
1903 3156 1995 3212 po-

417 3230 549 3286 titus
576 3241 681 3298 est,
709 3245 897 3324 pacem
930 3232 998 3287 ab
1020 3231 1349 3302 imperatore
1377 3249 1474 3305 per
1499 3235 1706 3306 legatos
1743 3244 1998 3289 constan-
2024 3265 2068 3324 α

421 3332 505 3378 ter
542 3324 698 3394 petit.
743 3322 875 3391 Quae
910 3339 997 3380 res
1050 3324 1311 3397 Budgaros
1346 3342 1456 3383 non
1501 3342 1689 3398 parum
1735 3325 1994 3393 offendit;

417 3428 779 3489 magnamque
821 3431 886 3471 ex
919 3431 982 3471 ea
1022 3431 1082 3471 re
1129 3418 1431 3474 molestiam
1471 3420 1749 3487 capientes
1775 3419 1844 3472 ob
1875 3433 1997 3472 eam

414 3519 641 3562 causam
674 3507 1033 3575 obsistebant,
1061 3511 1203 3579 quod
1235 3526 1294 3567 se
1327 3512 1508 3566 subito
1538 3511 1592 3566 in
1627 3510 1996 3567 Romanorum

418 3597 739 3652 servitutem
763 3609 1021 3653 venturos
1057 3601 1362 3656 crederent.
1415 3600 1653 3656 Sabinus
1683 3602 1871 3656 borum
1923 3601 2001 3654 in-

420 3692 590 3749 sidias
617 3702 865 3759 metuens
886 3693 1066 3763 fugam
1094 3696 1304 3763 arripit,
1331 3710 1498 3765 seque
1519 3695 1589 3750 ad
1618 3696 2000 3765 imperatorem

425 3785 639 3855 recipit.
676 3784 765 3839 Ille
800 3786 981 3840 missis
1021 3786 1223 3853 aliquot
1257 3787 1548 3855 expeditis,
1582 3803 1777 3843 eorum
1816 3787 2004 3855 conjuv-

423 3893 518 3946 ges
560 3889 616 3932 et
662 3887 923 3947 cognatos
973 3893 1004 3932 e
1046 3880 1271 3935 latebris
1337 3879 1564 3936 eductos
1617 3881 1685 3935 ad
1740 3880 2001 3937 Sabinum

426 3970 691 4037 perducit.
711 3969 932 4024 interim
964 3970 1203 4040 Bulgari,
1228 3974 1446 4027 mutatis
1463 3972 1683 4038 animis,
1717 3972 1925 4042 legatos
1939 3975 2005 4029 de

425 4077 556 4130 pace
590 4064 658 4117 ad
706 4063 1088 4133 imperatorem
1141 4064 1435 4120 destinant.
1478 4063 1602 4133 Qui,
1633 4066 1852 4136 rejectis
1898 4064 2009 4137 79

429 4160 620 4212 horum
664 4157 938 4226 precibus,
968 4157 1152 4213 statim
1204 4156 1257 4215 in
1308 4172 1402 4215 eos
1454 4159 1754 4214 exercitum
1804 4170 2003 4215 movet.

428 4253 655 4317 Barbari
677 4254 1019 4325 montisejus
1050 4268 1158 4325 quo
1183 4253 1423 4324 undique
1448 4253 1613 4309 cincti
1659 4262 1809 4319 sunt,
1840 4269 2009 4326 angu-

430 4344 568 4400 stias
609 4347 882 4401 muniunt.
918 4345 1123 4401 Horum
1172 4344 1425 4416 princeps
1483 4346 1589 4401 fide
1630 4355 1850 4416 accepta
1882 4362 2008 4402 cum

432 4438 662 4492 ducibus
685 4438 800 4492 suis
830 4438 896 4492 ad
928 4441 1315 4507 imperatorem
1353 4438 1642 4507 pervenit;
1668 4437 1761 4508 qui
1799 4438 1885 4493 his
1911 4452 2010 4492 ex-

433 4530 624 4597 ceptis,
687 4529 964 4585 assidente
1020 4528 1258 4594 Sabino,
1312 4529 1657 4586 turbulentos
1704 4530 1917 4585 animos
1958 4537 2015 4585 et

2169 2957 2234 3010 Οί
2267 2956 2324 3011 δὲ
2356 2942 2669 3026 Βούλγαροι¹
2712 2956 2774 3008 τὸ
2804 2954 3071 3024 δυστυχὲς
3102 2952 3358 3004 Τελεσίου
3408 2948 3685 3019 θεασάμε-

2097 3067 2180 3103 νοι
2213 3048 2404 3103 τοῦτόν
2438 3065 2499 3100 τε
2550 3049 2948 3109 στασιάσαντες
2994 3046 3290 3107 κτείνουσι,
3342 3043 3437 3096 καὶ
3488 3039 3685 3113 κύριον

2100 3142 2283 3199 αὐτῶν
2305 3140 2643 3196 καθιστῶσιν
2671 3140 2769 3194 ἕνα
2799 3140 2909 3194 τῶν
2934 3142 2992 3192 ὲν
3026 3139 3211 3200 αὐτοῖς
3233 3136 3514 3207 ἀρχόντων
3553 3148 3687 3205 τυγ-

2098 3236 2354 3306 χάνοντα,
2385 3226 2432 3300 ᾧ
2486 3232 2718 3294 Σαϐῖνος
2748 3231 2996 3302 ὑπῆρχεν
3042 3230 3249 3299 δνομαο
3283 3227 3345 3290 ὃς
3398 3225 3563 3288 εὐθὺς
3613 3224 3683 3277 τὸ

2100 3326 2266 3398 κῦρος
2286 3322 2583 3395 δεξάμενος
2608 3322 2744 3395 πρὸς
2781 3323 3007 3393 βασιλέα
3033 3319 3513 3392 διαπρεσϐεύεται,
3532 3318 3688 3389 είρή-

2100 3432 2198 3486 νην
2228 3412 2395 3469 αὑτοῦ
2450 3411 2775 3483 αἰτούμενος
2838 3410 3187 3483 βεϐαιότατα.
3229 3408 3568 3479 Βουλγάροις
3630 3407 3690 3461 δὲ

2101 3508 2201 3561 οὐκ
2228 3507 2431 3579 ἤρεσκε
2453 3504 2514 3557 τὸ
2544 3504 2922 3574 πραττόμενον
2940 3519 2956 3536 ο
2988 3501 3245 3565 ἀλύοντες
3278 3500 3388 3570 γὰρ
3417 3502 3476 3553 ὲν
3510 3497 3688 3567 τούτῳ

2107 3596 2344 3669 ίσχυρῶς
2385 3595 2696 3664 ἀντέλεγον,
2729 3595 2971 3664 οἰόμενοι
2998 3593 3073 3656 ὡς
3123 3590 3425 3661 Ῥωμαίοις
3479 3588 3688 3642 αὐτίκα

2103 3685 2598 3757 δουλωθησόμενοι.
2631 3684 2870 3747 Τούτους
2882 3681 3069 3746 δεδιὼς
3095 3682 3322 3743 Σαϐῖνος
3349 3680 3528 3748 φυγὰς
3546 3677 3690 3749 πρὸς

2108 3777 2338 3848 βασιλέα
2380 3775 2578 3848 ᾤχετο.
2655 3775 2922 3840 Εὑζώνων
2982 3774 3043 3827 δὲ
3094 3771 3426 3830 ἀποστείλας
3460 3766 3690 3839 -ἀνδρῶν

2105 3887 2261 3935 τινας
2309 3868 2408 3931 τὰς
2438 3870 2709 3937 γυναῖκας
2746 3868 2931 3923 αὐτῶν
2963 3867 3059 3921 καὶ
3090 3867 3220 3929 τοὺς
3278 3864 3563 3931 συγγενεῖς
3600 3876 3691 3913 κε-

2107 3960 2461 4034 κρυμμένους
2488 3959 2664 4030 εὑρὼν
2695 3961 2835 4028 πρὸς
2886 3958 3113 4022 Σαϐῖνον
3143 3957 3291 4025 ἄγει.
3331 3954 3422 4008 Ἐν
3471 3951 3692 4015 τούτοις

2112 4050 2586 4125 μεταμεληθέντες
2633 4053 2680 4105 oi
2714 4050 3018 4120 Βούλγαροι
3067 4050 3162 4103 καὶ
3208 4046 3364 4101 αὐτοὶ
3405 4045 3691 4114 πέμπουσι

2109 4145 2248 4216 πρὸς
2274 4143 2499 4215 βασιλέα
2523 4144 2647 4205 τοὺς
2678 4142 2775 4213 τὴν
2797 4143 3021 4214 εἰρήνην
3042 4141 3390 4211 αἰτήσοντας.
3430 4137 3497 4191 '0
3511 4135 3570 4189 δὲ
3589 4135 3693 4190 οὐκ

2110 4236 2346 4307 ἐδέχετο.
2376 4234 2493 4288 ἀλλ’
2545 4233 2707 4298 εὐθὺς
2737 4233 2861 4287 κατ’
2904 4233 3086 4286 αὐτῶν
3120 4229 3506 4302 ἐστράτευσεν.
3539 4227 3604 4282 Oi
3634 4226 3718 4279 δὲ’

2111 4332 2211 4395 τὰς
2246 4330 2560 4401 δυσχωρίας
2583 4327 2677 4381 τοῦ
2710 4327 2842 4397 περὶ
2873 4326 3074 4390 αὐτοὺς
3111 4324 3275 4393 ὅρους
3327 4322 3690 4391 ἀνέφραττον.

2113 4424 2226 4478 Καὶ
2257 4424 2508 4479 τούτωνὸ
2533 4421 2723 4493 κύριος
2748 4419 2819 4474 τὰ
2848 4419 3018 4472 πιστὰ
3035 4417 3185 4488 παρὰ
3214 4413 3480 4486 βασιλέως
3511 4409 3696 4465 λαϐὼν
3806 4488 3817 4496 _

2118 4515 2215 4568 σὺν
2238 4517 2353 4578 τοίς
2376 4514 2642 4586 ἄρχουσιν
2664 4513 2830 4567 αὑτοῦ
2873 4511 3012 4582 πρὸς
3044 4507 3272 4579 βασιλέα
3305 4505 3692 4575 παραγίνεται.

434 4590 619 4674 odium
672 4620 800 4697 illud
847 4621 898 4677 in
936 4618 1199 4678 Sabinum
1223 4590 1569 4692 exprobravit
1594 4663 1610 4688 ,
1646 4638 1709 4677 ac
1740 4633 1995 4692 postremi

2117 4590 2288 4669 Αύτδς
2315 4606 2374 4659 δὲ
2418 4606 2641 4669 τούτους
2687 4604 2981 4673 δεξάμενος
3024 4601 3144 4671 ἅμα
3172 4598 3386 4668 Σαϐίνῳ
3435 4610 3694 4697 συμπαρῗ

438 4727 624 4783 pacem
654 4711 736 4767 eis
760 4712 1052 4767 concessit.

518 4972 642 5028 Haec
669 4973 962 5030 indictione
991 4975 1163 5041 prima
1189 4985 1315 5029 sunt
1343 4974 1504 5029 facta.
1539 4973 1670 5028 Post
1699 4989 1819 5042 quae
1848 4975 2016 5044 impe-

449 5066 619 5121 ratori
672 5065 816 5123 filius
867 5066 1143 5132 nascitur,
1189 5080 1351 5137 quem
1399 5066 1642 5121 Nicetam
1694 5065 2015 5121 nominavit.

2120 4700 2395 4770 εδρεύοντι
2424 4699 2669 4751 ὠνείδισε
2689 4697 2790 4768 τὴν
2809 4694 3033 4760 ἀταξίαν
3057 4696 3101 4728 ³⁸
3126 4693 3222 4747 καὶ
3249 4692 3311 4746 τὸ
3330 4693 3489 4760 μῖσος
3507 4689 3536 4742 ὃ
3557 4686 3698 4741 κατὰ

2120 4791 2352 4845 Σαϐίνου
2402 4789 2782 4857 ἐπεδείξαντο,
2834 4789 2928 4842 καὶ
2968 4784 3293 4858 εἰρηνεύειν,
3327 4783 3513 4845 αὐτοῖς
3566 4797 3696 4833 συν-

2123 4879 2353 4937 ετίθετο.

2195 4969 2384 5026 Ταῦτα
2415 4974 2823 5045 κατεπράττετο
2840 4974 2983 5026 κατὰ
2999 4972 3097 5042 τὴν
3120 4969 3345 5042 πρώτην
3366 4966 3692 5023 ίνδικτιῶνα.

2128 5067 2253 5120 Ἔτι
2284 5067 2382 5120 καὶ
2410 5068 2526 5130 υίὸς
2543 5068 2789 5120 τίκτεται
2818 5066 2897 5137 τῷ
2933 5066 3165 5137 βασιλεῖ,
3190 5065 3247 5120 ὃν
3274 5066 3523 5139 Νικήταν
3571 5063 3698 5119 ὠνό-

1720 5218 1961 5276 VARIJS
1988 5218 2401 5277 LECTIONES.

521 5336 566 5367 ⁸⁵
594 5335 689 5387 καὶ
714 5333 831 5387 add.
872 5331 1148 5387 Petavius.
1222 5332 1270 5364 “
1294 5323 1392 5389 ob?
1463 5330 1510 5361 ’⁷
1547 5331 1801 5401 κειμένου
1840 5330 2117 5388 Petavius.
2194 5332 2240 5363 ⁸⁸
2275 5332 2502 5403 λίτραςῖ
2576 5333 2620 5365 ’⁸
2656 5331 2815 5397 ἀξίαν
2844 5331 2925 5384 P:
2960 5347 3107 5385 corr.
3144 5330 3417 5385 Petavius.

1802 5474 2076 5531 PETAVll
2110 5476 2346 5531 ΝΟΤιΕ.

528 5614 639 5683 (.59)
683 5613 832 5681 Τοὺς
873 5615 990 5685 μὲν
1033 5614 1102 5685 ἐκ
1141 5611 1360 5685 Ξηρᾷςτ
1413 5610 1770 5685 Theophanes
1814 5631 1826 5665 :
1873 5616 1932 5669 Oi
1973 5615 2029 5669 δὲ

456 5685 760 5755 Ιῖούλγαροι
810 5682 1219 5755 ἐπαναστάντες
1263 5682 1562 5755 ἐφόνευσαν
1618 5684 1741 5747 τοὺς
1803 5686 2030 5755 κυρίους

457 5754 638 5806 αὐτῶν
674 5751 800 5815 τοὺς
845 5756 952 5805 ἀπο
1004 5754 1193 5822 σειρᾶς
1242 5751 1671 5823 καταγομένους,
1716 5766 1822 5808 etc.
1875 5751 2027 5822 Apud

463 5824 796 5893 Stephanum
838 5826 1011 5893 Zips;
1039 5824 1193 5881 ἔθνος
1232 5823 1455 5892 Θρᾴκης
1487 5823 1628 5893 ὑπὲρ
1660 5825 1790 5887 τοὺς
1819 5824 2023 5888 Βυζανο

461 5892 630 5947 tto-4;.
670 5893 737 5946 At
783 5892 918 5947 Sirae
970 5892 1294 5947 Macedonia:
1332 5893 1480 5948 locus
1526 5892 1627 5962 est,
1674 5906 1731 5950 ut
1778 5911 1841 5948 cx
1878 5895 2027 5950 Livio

2137 5615 2345 5669 notavit
2385 5614 2641 5695 Ortelius.
2694 5611 2759 5695 Et
2794 5611 3009 5695 quidem
3039 5625 3089 5664 a.
3135 5611 3200 5667 l8
3237 5609 3445 5695 imperii
3475 5611 3556 5695 sui
3595 5609 3701 5695 Co:

2136 5700 2432 5754 pronymns
2464 5685 2516 5738 in
2558 5678 2926 5736 Macedoniam
2966 5678 3705 5754 ctttn_arntisp‘rofectuscst

2135 5748 2393 5809 adversus
2414 5753 2715 5807 Sclnvinus.
2742 5753 2918 5817 Quare
2937 5768 3055 5805 cum
3078 5749 3313 5805 Sclavini
3340 5748 3701 5803 Macedoniam

2136 5834 2403 5888 tenerent,
2453 5825 2567 5877 fieri
2619 5824 2892 5894 potnitut
2920 5830 2975 5894 et
3002 5836 3189 5894 eorum
3224 5822 3455 5889 gentiles
3495 5838 3523 5875 e
3567 5820 3703 5874 Sit-is

2136 5894 2358 5964 profecti
2391 5891 2655 5964 Bulgaria:
2682 5892 2946 5950 dominati
2977 5891 3104 5947 sint.
