4016 6436
457 380 557 444 981

1379 378 1476 436 DE
1520 377 1772 436 ΗΕΒΠὸ
1807 377 2010 436 αΡῡὸΤ
2051 378 2504 440 MAURICIUM
2547 381 2836 444 GESTIS.

3620 387 3722 447 es)

459 503 661 566 μασεν.
703 489 842 542 ’Υπὸ
871 487 929 541 δὲ
957 488 1049 540 τὸν
1081 486 1244 540 αὐτὸν
1283 487 1475 558 χρόνον
1494 486 1678 547 στόλος
1715 485 1822 540 τῶν
1861 487 2041 557 Σαρα-

2156 486 2260 543 Sub
2311 490 2450 542 idem
2497 500 2706 560 tempus
2761 493 3158 551 Sarareumrum
3201 497 3395 552 classis
3432 515 3494 552 ex
3543 497 3722 550 Ali-ira

459 582 644 656 κηνῶν
675 582 734 648 se
763 582 1030 652 Ἀφρικῆς
1058 580 1280 650 ἀπάρας
1302 580 1446 632 κατά
1473 579 1572 650 τὴν
1598 580 1762 650 νῆσον
1785 579 2040 632 Σικελίαν

461 671 828 745 παραγίνεται
859 689 873 703 ο
914 671 974 724 τὸ
999 669 1056 724 δὲ
1084 673 1140 723 ἐν
1173 671 1311 740 αὐτῇ
1345 671 1743 740 στρατιωτικὸν
1776 670 2045 740 γενναίως

459 764 895 836 ἀντιταξάμενον
916 762 1140 827 τούτους
1178 763 1344 834 μηδὲν
1370 763 1468 834 τῆς
1507 762 1725 828 ἐλπίδος
1765 761 2044 833 ἡνυκότας

458 856 780 928 ἀπέπεμψε.

536 949 695 1002 Κατά
731 949 788 1002 δὲ
817 947 916 1018 τὴν
944 947 1137 1018 τρίτην
1169 946 1482 1002 ίνδικτιῶνα
1542 947 1853 1020 εἰσέρχεται
1881 949 2045 1001 Κων-

460 1043 744 1116 σταντῖνος
770 1041 850 1103 εἰς
881 1039 1222 1110 Βουλγαρίαν
1250 1039 1327 1110 τῷ
1347 1039 1439 1092 τὸν
1466 1039 1710 1111 ἀρχηγὸν
1742 1039 1922 1094 αὐτῶν
1953 1058 2046 1096 κα-

457 1133 800 1188 τασταθέντα
827 1131 932 1186 ὑπὸ
962 1132 1196 1186 Σαϐίνου
1236 1131 1496 1204 Οΰμαρον
1523 1132 1698 1204 δνομα
1735 1133 1836 1204 τῆς
1867 1132 2046 1203 ἀρχῆς

461 1225 807 1296 μεταστῆσαι
830 1224 1192 1295 Βουλγάρους,
1222 1223 1470 1278 ἀνειπεῖν
1509 1223 1554 1277 δ’
1585 1226 1641 1278 ἐν
1671 1225 1810 1295 αὐτῇ
1842 1225 2047 1279 Τόκτον

459 1316 635 1386 ἄνδρα
675 1315 988 1386 Βούλγαρον
1013 1315 1109 1368 τοῦ
1137 1314 1370 1369 Βαῖανοῢ
1417 1315 1668 1385 ἀδελφόν.
1707 1316 1848 1369 Οίδὲ
1881 1315 2046 1370 Βούλ-

459 1426 628 1478 γαροι
659 1408 896 1478 φυγάδες
915 1411 973 1462 ὲν
999 1410 1120 1473 ταῖς
1137 1407 1295 1471 ὕλαις
1309 1407 1405 1460 τοῦ
1425 1407 1671 1476 ποταμοῦ
1698 1407 1792 1460 τοῦ
1826 1409 2044 1479 Ἴστρου

459 1500 773 1572 ἀπῲχοντο.
823 1501 938 1553 Οὐκ
991 1499 1164 1568 ὀλίγοι
1217 1497 1276 1552 δὲ
1333 1497 1511 1552 αὐτῶν
1565 1500 2044 1565 κατακτείνονται,

463 1591 590 1661 μεθ’
620 1583 696 1644 ῶν
733 1589 827 1642 καὶ
855 1591 884 1642 ό
913 1589 1117 1652 Τόκτος
1144 1587 1262 1658 ἅμα
1289 1587 1366 1658 τῷ
1409 1587 1624 1659 ἀδελφῷ
1650 1588 1866 1659 Βαῖανῷ
1897 1591 2050 1642 ἀναι-

463 1685 666 1753 ρεῖται,
694 1681 789 1734 καὶ
821 1681 1022 1752 ἕτεροι.
1055 1681 1251 1743 Ἀλλος
1293 1680 1352 1733 δέ
1385 1697 1470 1744 τις
1499 1680 1685 1752 ἄρχων
1738 1683 1939 1746 αὐτῶν,
1989 1681 2048 1735 δν

2145 581 2364 635 solvens
2393 583 2444 635 iii
2481 581 2722 636 Siciliain
2757 592 3022 654 pervenit.
3071 591 3176 644 Sed
3227 591 3550 646 militaribus
3587 607 3724 660 pne-

2147 672 2304 727 sidiis
2342 688 2463 742 qute
2496 675 2605 728 illic
2646 687 2806 730 erant
2855 689 3076 732 strenue
3121 679 3530 744 resistentibus,
3574 680 3728 734 irrito

2147 775 2342 818 c0Iialtt
2378 767 2674 820 redierunt.

2221 945 2348 1020 [Αιι.
2375 946 2529 1020 765.]
2556 947 2855 1004 lndictionc
2877 948 3071 1003 deinde
3097 948 3256 1004 tertia
3269 948 3726 1006 Constantiuusin

2148 1024 2451 1105 Bulgariain
2473 1042 2769 1095 exercitum
2796 1044 2964 1108 ducit,
2985 1043 3124 1112 quod
3149 1039 3550 1112 Umaro,'quem
3572 1041 3730 1097 Sabi-

2149 1145 2250 1184 nus
2267 1130 2460 1184 ducem
2481 1132 2814 1200 praefer-erat,
2835 1134 3061 1202 imperio
3081 1145 3244 1188 exuto
3263 1133 3478 1202 Bulgari
3498 1133 3728 1188 Toctum

2149 1235 2347 1288 genere
2393 1220 2678 1292 Bnlgarmn
2726 1222 2915 1276 Baiani
2957 1224 3180 1279 fratrem
3219 1223 3338 1295 ejus
3375 1225 3493 1279 loco
3523 1224 3726 1279 substi-

2149 1311 2398 1366 tniSseut.
2443 1311 2541 1377 Qui
2594 1307 2708 1367 Sub
2739 1314 3027 1368 adventum
3059 1314 3402 1383 imperatoris
3447 1315 3512 1368 ad
3555 1315 3728 1368 saltus

2149 1403 2282 1457 Istro
2304 1404 2635 1474 propinquos
2661 1401 3002 1473 confugiunt.
3029 1403 3140 1459 Nec
3169 1405 3322 1474 pauci
3354 1415 3534 1460 tamen
3555 1407 3728 1462 inter-

2151 1495 2274 1550 fcrti
2308 1505 2472 1560 sunt;
2511 1495 2655 1550 inter
2679 1511 2816 1564 quos
2849 1508 2901 1548 et
2939 1495 3141 1551 Toctns
3170 1511 3293 1551 cum
3327 1495 3497 1550 fratre
3524 1495 3730 1550 Baiano

2153 1597 2312 1656 atque
2359 1587 2480 1641 aliis
2527 1588 2895 1658 compluribus
2953 1589 3242 1644 occiditur.
3290 1587 3441 1641 Alius
3490 1585 3620 1641 item
3662 1601 3728 1641 ex

2152 1693 2338 1730 eorum
2385 1678 2613 1732 ducibus
2639 1717 2655 1740 ,
2708 1693 2870 1747 quem
2903 1677 3305 1749 Campaganum
3359 1687 3574 1742 vocant,
3606 1693 3726 1730 cum

459 1773 795 1844 ὀνομάζουσι
821 1773 1206 1842 Καμπαγάνον
1227 1769 1364 1844 (50),
1379 1771 1438 1826 ὲν
1453 1772 1638 1844 Βάρνῃ
1653 1776 1988 1844 προσφυγεῖν
2004 1774 2049 1806 ³⁸

2156 1769 2387 1823 Barnatn
2427 1768 2654 1839 fugisset
2685 1785 2747 1825 ac
2769 1769 2876 1838 iam
2933 1771 3174 1826 evasisse
3199 1770 3510 1833 videretur,
3551 1785 3580 1823 a
3617 1785 3732 1824 ser-

461 1863 542 1928 ώς
579 1863 757 1917 ἐδόκει
793 1861 1168 1934 προσρύεσθαι
1189 1903 1204 1930 ,
1237 1863 1346 1917 ὑπὸ
1372 1862 1484 1916 τῶν
1517 1863 1671 1916 ἰδίων·
1705 1863 1908 1918 δούλων
1957 1865 2044 1919 ἀνα

460 1957 662 2033 ηρέθη.
687 1958 824 2011 Τότε
849 1956 914 2027 δὴ
942 1957 1036 2011 καὶ
1059 1956 1397 2030 Βουλγαρῖας
1415 1957 1523 2011 ὑπὸ
1559 1957 1854 2027 Ῥωμαίων
1879 1939 2061 2030 πυρί-ί

465 2065 681 2105 καυστα
714 2051 792 2112 ὡς
814 2049 1046 2102 πλεῖστα
1069 2049 1247 2121 χωρία
1275 2049 1469 2119 γέγονε
1487 2048 1583 2102 καὶ
1607 2047 1878 2104 διόλωλεν.

544 2140 681 2210 Ἠδη
711 2139 772 2192 δὲ
794 2139 828 2208 ἡ
855 2138 1079 2192 ἀσέϐεια
1101 2139 1194 2192 τοῦ
1217 2137 1544 2209 κρατοῦντος
1581 2138 2049 2210 ἐπαρρησιάζετο,

482 2231 578 2285 καὶ
603 2233 701 2296 πᾶς
725 2231 1100 2285 εὐσεϐούντων
1119 2232 1160 2265 ³¹
1193 2233 1288 2285 καὶ
1313 2230 1432 2302 Θεῴ
1457 2233 1984 2302 προσανακειμένων
2023 2235 2052 2286 ὁ

478 2325 591 2395 βίος
613 2325 939 2396 ἐχλευάζετο
969 2323 1066 2378 καὶ
1115 2323 1505 2392 διεσκώπτετο,
1567 2325 1804 2396 μάλιστα
1849 2325 1908 2379 δὲ
1940 2325 2051 2378 τῶν

473 2414 824 2486 μοναζόντων
843 2415 959 2487 (5|)
982 2418 1043 2468 τὸ
1077 2415 1226 2486 ίερδν
1256 2415 1541 2486 ὲκθέσμως
1561 2415 1820 2470 ἐδιώκετο
1838 2416 2048 2486 τάγμα.

465 2505 689 2562 Τούτων
721 2508 832 2579 γὰρ
856 2507 985 2571 τοὺς
1017 2506 1118 2578 τὴν
1151 2507 1361 2561 ἑαυτῶν
1380 2505 1676 2578 ὁμολογίαν
1704 2506 2053 2576 φυλάξαντας

467 2599 569 2653 καὶ
597 2601 690 2654 ἐπὶ
720 2600 816 2654 τοῦ
849 2600 1054 2654 οἰκείου
1092 2598 1479 2670 διαμείναντας
1526 2600 1804 2670 σχήματος
1835 2599 1934 2652 καὶ
1975 2597 2054 2669 τῷ

465 2691 672 2761 ἀνοσίῳ
693 2691 874 2744 αὐτῶν
895 2690 1300 2762 ἀνθεστηκότας
1327 2691 1558 2761 δόγματι
1585 2689 1863 2752 ποικίλαις
1882 2690 2054 2760 βασά-

465 2800 588 2846 νοις
615 2785 709 2836 καὶ
741 2783 1027 2855 διαφόροις
1055 2784 1264 2848 αίκίαις
1299 2783 1682 2852 παρεδίδοσαν,
1725 2783 1823 2838 καὶ
1851 2775 1928 2839 ῶν
1956 2783 2056 2854 μὲν

465 2876 575 2945 τὴν
617 2875 878 2942 γενειάδα
929 2874 1174 2945 ἀφειδῶς
1225 2875 1594 2947 ἀνεπίμπρων
1611 2877 1681 2940 ³⁸,
1714 2868 1794 2930 ῶν
1841 2875 1899 2930 δὲ
1945 2875 2058 2930 τῶν

463 2965 679 3038 ταύτης
710 2965 920 3037 τριχῶν
949 2966 1042 3038 βία
1080 2966 1446 3032 ἀποσπῶντες
1488 2967 1754 3039 ἀφῄρουν.
1793 2967 2058 3038 Κεφαλάς

467 3055 522 3110 δ’
551 3053 730 3110 ἀλλων
759 3059 876 3121 τοῖς
910 3059 1079 3129 ἱεροῖς
1124 3055 1366 3123 πίναξιν,
1397 3058 1457 3110 ὲν
1500 3052 1588 3122 οἷς
1617 3058 1725 3112 τῶν
1769 3057 1944 3127 ἁγίων
1985 3058 2059 3114 τά

469 3147 848 3219 ἑκτυπώματα
892 3150 1253 3220 ὲκεχάρακτο,
1305 3149 1592 3222 διέθραυον
1631 3150 1904 3214 παίοντες.
1948 3150 2058 3204 Kal

473 3241 665 3306 μέντοι
695 3239 794 3291 καὶ
839 3238 1156 3308 ὀφθαλμοὺς
1206 3237 1416 3292 τούτων
1461 3237 1759 3310 διώρυττον
1807 3241 1901 3295 καὶ
1948 3239 2059 3294 τῶν

473 3327 659 3398 μελῶν
683 3329 855 3398 ἕτερα
884 3327 981 3382 τοῦ
1013 3327 1273 3400 σώματος
1317 3329 1616 3394 ἐξέκοπτον
1669 3330 2060 3402 ἀπανθρώπως

467 3420 526 3473 οἱ
551 3419 797 3478 δείλαιοι.
829 3421 940 3474 Καὶ
973 3419 1120 3474 ἀπαν
1143 3420 1419 3485 ώς-είπεῖν
1453 3421 1517 3474 τὸ
1553 3422 1782 3486 εὐσεϐὲς
1811 3421 2062 3476 διωθεῖτο

471 3512 574 3564 καὶ
603 3511 979 3581 ἀπηλαύνετο,
1013 3511 1110 3564 καὶ
1149 3511 1340 3581 ὥσπερ
1388 3511 1752 3583 Ἑλληνισμοῦ
1804 3513 2060 3582 δευτέρου

473 3603 824 3673 Χριστιανοῖς
873 3605 1196 3673 ὲπιφυέντος
1250 3605 1406 3658 πᾶσα
1453 3603 1674 3676 μηχανὴ
1724 3603 2064 3675 κακουργίας

473 3695 778 3756 ἐπενοεῖτο,
812 3695 880 3748 δι’
915 3689 983 3766 ἦς
1024 3696 1154 3758 τοὺς
1195 3693 1342 3750 κατὰ
1393 3693 1527 3746 Θεὸν
1559 3693 1660 3764 ζῇν
1705 3695 2064 3766 αἱρουμένους

477 3787 817 3857 ἐπηρεάζειν
839 3789 935 3842 καὶ
963 3789 1263 3860 πημαίνειν
1299 3787 1653 3852 ἐσπούδαζον.
1687 3787 1826 3857 Ἤδη
1851 3787 1912 3844 δὲ
1931 3787 2062 3841 τού-

475 3897 591 3932 των
620 3878 796 3942 ὲνίους
841 3878 979 3950 πρὸς
1005 3879 1070 3934 τὸ
1089 3879 1192 3951 τῆς
1221 3879 1428 3942 οἰκείας
1469 3878 1748 3942 ἀπωλείας
1773 3877 2064 3933 καθείλκυ-

475 3987 586 4024 σαν
607 3969 902 4041 βάραθρον,
937 3973 1033 4026 καὶ
1068 3971 1149 4044 τῷ
1176 3973 1432 4026 δυσσεϐεῖ
1468 3973 1650 4028 αὐτῶν
1680 3969 1831 4040 εῐξαν
1871 3972 2064 4027 θεσπί-

480 4081 653 4133 σματι
681 4063 718 4135 ἢ
752 4063 844 4136 βίᾳ
875 4063 1163 4136 ἑλκόμενοι
1191 4065 1225 4136 ἢ
1259 4065 1446 4136 ἀπάτῃ
1474 4066 1874 4138 ἀποσυρόμενοι
1898 4065 1932 4136 ἢ
1955 4065 2066 4120 θω-

477 4151 668 4216 πείαις
719 4153 1247 4224 ὑποκλεπτόμενοιῆ
1307 4155 1560 4224 χρήμασι
1619 4151 2064 4223 δελεαζόμενοιῆ

483 4243 799 4313 στρατείαις
813 4243 924 4298 τῶν
947 4243 1279 4316 ἀξιωμάτων
1292 4243 1579 4316 φιλοτιμού
1588 4261 1762 4315 μενοι,
1781 4242 1820 4314 ἢ
1847 4243 2068 4314 ἑτέραις

483 4333 874 4406 παλιντρόποις
921 4332 1019 4388 τοῦ
1067 4333 1313 4405 Πονηροῦ
1350 4333 1656 4405 μεθοδείαις
1699 4335 1800 4404 τὴν
1849 4331 2068 4402 ἀπάτην

481 4425 852 4497 εῖσδεχόμενοι
875 4426 938 4481 τὸ
980 4425 1310 4497 ὲπάγγελμά
1339 4443 1400 4480 τε
1443 4425 1672 4497 ὴθέτουν
1709 4426 1807 4480 καὶ
1850 4424 1914 4478 τὸ
1975 4441 2069 4481 σε-

2154 1863 2234 1916 vis
2298 1862 2412 1917 suis
2465 1872 2778 1932 peremptus
2829 1871 2934 1918 est.
2989 1863 3110 1930 Quo
3167 1871 3408 1932 tempore
3464 1862 3729 1931 Bulgaria:

2153 1969 2343 2026 magna
2375 1971 2502 2024 pars
2529 1969 2557 2007 a
2579 1953 2839 2009 Romanis
2875 1954 2998 2025 igne
3021 1963 3228 2010 vastata
3263 1965 3428 2026 atque
3457 1953 3727 2010 hostiliter

2150 2046 2400 2114 populata
2425 2057 2528 2102 est.

2219 2135 2332 2207 30
2360 2137 2504 2192 Inter
2551 2137 2668 2191 haec
2705 2136 3050 2206 imperatoris
3094 2137 3342 2206 impietas
3373 2137 3544 2191 multo
3581 2137 3732 2190 inso-

2153 2232 2353 2286 lentius
2372 2231 2577 2299 efferri,
2635 2247 2699 2288 ac
2732 2231 3108 2303 religiosorum
3143 2231 3420 2285 hominum
3451 2240 3507 2286 et
3535 2235 3731 2286 cense-

2155 2333 2431 2378 eratorum
2481 2325 2588 2378 vita
2639 2323 2818 2378 omnis
2860 2323 3074 2378 irrideri
3123 2337 3187 2377 ac
3236 2321 3473 2376 ludibrio
3521 2321 3730 2376 haberi.

2156 2416 2260 2470 Sed
2314 2417 2366 2469 in
2417 2425 2604 2470 sancta
2652 2416 3044 2470 monachorum
3077 2415 3302 2484 collegia
3343 2415 3614 2494 pi-zeripue
3645 2413 3732 2466 vis

2155 2507 2246 2562 illa
2278 2507 2540 2562 bacchata
2569 2515 2672 2562 est.
2713 2507 2813 2574 Qui
2862 2507 3007 2560 enim
3039 2522 3105 2561 ex
3157 2506 3371 2560 illorum
3429 2505 3621 2557 ordine
3679 2503 3733 2556 in

2123 2613 2130 2620 '
2157 2609 2408 2670 suscepta
2433 2599 2778 2670 professione
2813 2600 3188 2669 persistereut,
3220 2612 3282 2650 ac
3317 2598 3438 2648 vita:
3471 2609 3583 2649 suae
3613 2593 3731 2649 cul-

2159 2702 2272 2746 tum
2305 2701 2356 2746 et
2386 2691 2694 2746 institutum
2718 2693 3061 2746 constantius
3095 2690 3409 2753 retinerent,
3464 2699 3629 2755 atque
3667 2686 3736 2740 il-

2157 2783 2334 2840 lorum
2371 2783 2643 2853 sacrilego
2675 2785 2909 2851 dogmati
2951 2792 3337 2850 repugnarent,
3362 2781 3530 2833 variis
3562 2779 3737 2848 ptenis

2159 2887 2213 2935 et
2262 2878 2553 2949 exquisitis
2587 2876 2874 2932 tormentis
2925 2875 3154 2944 subjecti
3196 2882 3342 2930 sunt.
3386 2872 3524 2926 Aliis
3567 2871 3738 2926 barba

2159 2963 2395 3026 ﬂammis
2419 2979 2633 3034 exusta,
2673 2979 2766 3021 aut
2796 2983 2918 3022 cum
2945 2981 3007 3020 ea
3034 2974 3192 3035 parte
3219 2967 3592 3022 traherentur,
3624 2960 3736 3014 vio-

2162 3060 2338 3114 lenter
2381 3059 2598 3124 evulsa;
2655 3059 2780 3113 aliis
2833 3072 3111 3111 sacrarum
3159 3055 3508 3120 tabularum,
3537 3052 3737 3120 quibus

2084 3175 2130 3238 c
2161 3160 2473 3206 sanctorum
2518 3150 2720 3217 eiligics
2779 3150 3058 3216 inscriptae
3103 3154 3294 3210 erant,
3353 3143 3496 3198 illisu
3559 3145 3738 3210 capita

2159 3241 2403 3298 diﬂ'racta
2441 3250 2586 3305 sunt,
2622 3239 3000 3294 nonnullorum
3024 3237 3168 3292 oculi
3203 3235 3444 3300 suﬂbssi,
3473 3233 3568 3289 alii
3618 3235 3742 3286 aliis

2161 3335 2407 3404 corporis
2442 3333 2684 3402 partibus
2711 3331 3098 3394 cru‘deliSsime
3123 3329 3376 3383 mutilati.
3423 3327 3500 3382 Ita
3533 3327 3737 3400 pit-tate

2159 3428 2308 3482 omni
2363 3441 2427 3480 ac
2480 3423 2740 3494 religione
2775 3423 2962 3492 pulsa,
3007 3428 3064 3476 et
3113 3420 3295 3490 gentili
3352 3421 3744 3488 superstitione

2161 3517 2341 3580 denuo
2364 3515 2509 3571 velut
2559 3514 2863 3570 introducta
2892 3552 2908 3577 ,
2941 3515 3210 3568 scelerum
3251 3511 3524 3567 machinae
3549 3523 3744 3563 omnes

2163 3609 2395 3664 admota:
2413 3616 2562 3681 sunt,
2583 3607 2781 3677 quibus
2811 3607 3016 3660 sanctis
3037 3604 3350 3659 hominibus
3373 3602 3640 3657 insultare
3677 3616 3744 3655 ac

2165 3715 2362 3756 nocere
2393 3701 2701 3755 studebant.
2737 3699 2814 3753 Ex
2845 3713 2954 3770 quo
2998 3697 3197 3752 factum
3231 3707 3315 3750 est
3352 3707 3412 3750 ut
3451 3694 3742 3750 nonnullos

2163 3791 2484 3848 ineamdem
2527 3806 2711 3846 secum
2765 3791 3064 3859 perniciem
3107 3798 3269 3858 atque
3298 3788 3530 3842 exitium
3563 3789 3747 3839 trahe-

2165 3892 2319 3950 rent;
2351 3883 2443 3952 qui
2479 3881 2693 3938 illorum
2735 3881 2904 3951 impio
2937 3880 3172 3950 dogmati
3215 3887 3502 3935 cesserunt
3546 3880 3744 3948 partim

2165 3968 2291 4025 dolo
2329 3969 2725 4032 circumventi,
2781 3968 2982 4037 partim
3039 3967 3353 4022 adulatione
3379 3967 3618 4036 decepti,
3652 3979 3750 4020 aut

2165 4059 2518 4130 pecuniarum
2565 4057 2822 4112 illecebra
2852 4060 3019 4126 capti,
3049 4068 3143 4112 aut
3191 4059 3610 4128 magistratuum
3649 4074 3747 4126 spe

2167 4163 2232 4207 ac
2253 4150 2699 4221 prtefeeturarum
2733 4151 3047 4205 militarium
3082 4151 3329 4218 inducti;
3373 4162 3467 4204 aut
3499 4150 3622 4205 aliis
3651 4151 3747 4205 de-

2168 4245 2336 4315 nique
2357 4243 2554 4299 nefarii
2585 4243 2823 4298 hominis
2865 4243 3078 4298 insidiis
3113 4257 3180 4298 ac
3208 4243 3492 4299 fraudibus
3524 4243 3743 4305 irretiti.

2167 4335 2376 4406 cjnrata
2415 4332 2755 4403 professione
2799 4349 2864 4388 ac
2899 4333 3150 4404 religioso
3176 4333 3270 4389 illo
3291 4335 3441 4389 cultu
3472 4333 3746 4403 deposito,

2170 4442 2237 4484 ex
2263 4427 2494 4481 attonsis
2519 4427 2570 4480 in
2593 4435 2840 4480 comatos
2879 4427 3070 4480 mutati
3105 4436 3254 4491 sunt,
3286 4436 3446 4494 atque
3473 4427 3538 4479 ad
3581 4427 3750 4480 laico-

487 4521 624 4591 μνὸν
639 4518 1174 4592 μεταμφιεννύμενοι
1201 4519 1471 4590 στόλισμα
1499 4518 1739 4588 κομῆται
1763 4517 1920 4572 αὐτοὶ
1945 4517 2055 4573 ἀντ’

2178 4536 2296 4578 rum
2323 4521 2557 4588 speciem
2596 4518 2825 4572 traducti
2869 4533 2992 4573 cum
3020 4519 3278 4572 uxoribus
3301 4520 3464 4571 etiam
3513 4518 3748 4586 copulati

481 4614 848 4686 κεκαρμένων
895 4612 1275 4677 διεδείκνυντο,
1338 4612 1433 4668 καὶ
1483 4613 1565 4675 είς
1612 4609 1819 4666 λαῐκῶν
1877 4611 2055 4682 σχῆμα

2175 4621 2322 4676 sunt,
2340 4622 2394 4666 et
2421 4611 2529 4682 81
2567 4626 2752 4665 carum
2787 4625 2847 4665 se
2876 4611 3250 4664 contuberniis
3277 4611 3573 4680 illigatum.
3597 4612 3752 4676 Quod

481 4705 652 4770 εὐθὺς
683 4705 1117 4777 μεθηρμόζοντο,
1145 4703 1364 4772 γυναιξί
1385 4721 1448 4759 τε
1480 4703 1690 4774 ὁμιλεῖν
1714 4703 2055 4773 κατεδέχοντο

2175 4706 2243 4758 ab
2277 4705 2384 4759 illis
2405 4719 2472 4760 eo
2499 4704 2683 4759 animo
2720 4705 3137 4773 procurabatur,
3173 4713 3234 4759 ut
3269 4721 3333 4758 ea
3377 4721 3454 4770 re,
3489 4717 3750 4772 quantum

1769 4859 1855 4916 VA
1866 4861 2002 4917 [{le
2041 4860 2442 4918 LECTIONILS.

563 4997 611 5032 ⁸⁸
648 4997 1008 5070 προσφυγώνῖ
1079 5000 1130 5034 ιι
1155 4997 1374 5053 πάντων
1407 5000 1507 5070 μὲν
1543 4999 1655 5054 τῶν
1685 5000 1840 5056 £66.?
1913 5001 1959 5033 ³³
1983 4999 2382 5072 ἐνεπίμπρωνῖ

1859 5155 2132 5214 PETAVII
2174 5154 2406 5215 ΝΟΤΔΞ.

569 5321 681 5394 (50)
734 5319 1158 5390 Καμπατάνον.
1217 5319 1582 5388 Theophanes
1641 5318 1914 5389 Paganum
1963 5335 2061 5376 no—
2173 5319 2358 5394 ginum
2383 5317 3754 5394 elfi°actoresciiinamentiaperﬁdiam_liauserunt,

494 5389 686 5451 miiiat.
821 5389 830 5390 ί
1023 5458 1069 5460 ἡ
1157 5458 1173 5460 γ
1420 5459 1443 5460 η
2184 5389 2362 5458 iisque
2405 5389 2685 5460 magistris
2739 5399 2902 5451 atque
2951 5392 3264 5460 auctoribus
3302 5389 3620 5460 gloriantur.
3677 5391 3755 5445 Et

571 5461 682 5530 (51)
710 5458 1078 5530 Μάλισταγδὲ
1105 5458 1225 5514 τῶν
1245 5459 1648 5530 μοναζόντων.
1679 5461 1836 5516 Anno
1867 5460 2055 5528 Copro.

2181 5461 2372 5530 horum
2398 5459 2637 5514 factione
2660 5459 2990 5530 vanissimus
3010 5460 3096 5512 ille
3117 5458 3402 5529 Nicepti'ori
3431 5460 3754 5514 scholiastcs

499 5529 770 5604 uytni’26,
801 5529 1004 5586 Christi
1041 5531 1309 5604 praecipue
1345 5529 1450 5604 76_6
1475 5571 1490 5597 ,
1520 5531 1824 5604 indictione
1860 5532 1917 5604 4,
1961 5547 2069 5600 quo
2177 5529 2527 5584 Camerarius
2550 5529 2735 5604 _m_ulta
2782 5530 2833 5583 in
2881 5530 3424 5604 sanctissimas_illas
3467 5530 3755 5604 religiones

500 5599 555 5656 in
583 5603 957 5658 sanctissimos
997 5599 1294 5654 monachos
1337 5600 1601 5654 nefandus
1639 5601 1724 5653 ille
1774 5599 1991 5663 szeviit,’
2015 5612 2070 5655 et
2178 5615 2480 5669 earumque
2530 5599 2876 5654 defensorem
2907 5602 3233 5653 aecrrinmm
3261 5599 3523 5655 Joannem
3559 5599 3756 5654 l)ama~

499 5689 596 5741 per
649 5671 1078 5741 llippodromum
1131 5669 1485 5741 ignominioso
1536 5671 1793 5724 traduxit.
1843 5673 1922 5724 Ali
1969 5674 2070 5725 hoc
2177 5685 2402 5724 sccnnm
2439 5670 2662 5724 furiosis
2705 5670 2892 5724 illis-in
2925 5670 3350 5741 commentariis
3387 5672 3657 5734 evomuit,
3701 5673 3753 5724 in

502 5739 1307 5812 consceleratissimo‘tyranno
1353 5740 1581 5812 ejusque
1631 5741 2068 5810 proﬂigatissitim
2177 5743 2374 5806 quibus
2405 5749 2532 5807 quot
2565 5741 2811 5810 syllaba-3,
2848 5739 3070 5796 totidem
3107 5741 3186 5794 vel
3213 5758 3364 5812 nngm
3391 5742 3472 5794 vel
3513 5741 3757 5811 blasphe-

507 5823 732 5882 pareute
776 5812 1010 5868 Isaurico
1042 5809 1220 5866 Leone
1259 5813 1444 5882 nuperi
1481 5811 1562 5864 isti
1609 5809 1885 5866 sacrarum
1929 5814 2064 5864 itna-
2181 5812 2297 5863 mia:
2332 5822 2478 5864 sunt.
