4016 6440
420 416 521 479 933

1451 417 1510 476 S-
1554 416 1973 477 NlCEPHORI
2009 415 2521 477 PATRIARCIL’E
2560 417 2668 478 (ΣΡ.

3596 410 3701 474 984

423 530 476 583 in
505 527 636 597 ipsis
665 537 807 595 erat,
839 527 952 584 Deo
985 529 1344 601 ignominiam
1395 531 1634 586 facerent
1671 542 1723 586 et
1755 533 2008 587 l-chlesiae

2117 533 2209 586 καὶ
2245 532 2303 584 τὸ
2339 533 2474 604 πρὸς
2502 533 2694 595 αὑταῖς
2715 530 3028 602 ἠσπάζοντο
3062 530 3423 584 συνοικὲσιον.
3463 529 3702 600 Ἐπράτ-

420 621 736 692 dignitatem
793 622 1123 678 minuerent.

492 899 622 973 [An.
643 900 794 976 766.]
821 900 948 957 Post
964 902 1078 957 hanc
1095 899 1430 973 Stephanum
1450 883 1738 971 quemdam
1755 916 2006 972 compre-

423 993 685 1058 hendunt,
703 995 878 1050 virum
899 1004 1143 1049 sanctum
1171 1008 1236 1048 ac
1255 993 1590 1064 religiosum,
1612 993 1796 1048 habitu
1819 1010 2005 1050 mona-

420 1088 584 1141 chum
610 1097 774 1158 alque
807 1097 1040 1159 angusto
1073 1087 1345 1160 tuguriolo
1384 1087 1651 1141 inclusum
1686 1087 1752 1142 ad
1796 1088 2005 1142 radices

421 1179 623 1235 utentis
659 1181 904 1246 maximi,
930 1197 1090 1250 quem
1125 1180 1287 1252 vulgo
1320 1178 1507 1236 Sancti
1544 1179 1796 1236 Auxentii
1831 1180 2008 1234 nomi-

419 1283 571 1327 nant.
592 1272 746 1328 lluuc
773 1273 938 1345 igitur
963 1273 1212 1344 sacrilegi
1237 1273 1489 1329 homines
1519 1274 1820 1343 impietatis
1846 1289 2006 1328 accu-

415 1375 561 1432 sant,
591 1367 737 1436 quod
777 1366 977 1422 multos
1013 1368 1308 1438 deciperet,
1335 1383 1472 1437 quot.
1502 1367 1710 1423 scilicet
1744 1368 1810 1422 ad
1846 1367 2006 1436 hujus

419 1460 542 1516 vitae
561 1459 791 1531 gloriam
822 1462 1279 1518 contemnendam
1305 1461 1626 1532 impelleret,
1645 1476 1820 1531 eoque
1835 1461 2010 1516 addu-

416 1561 569 1608 ceret
603 1563 665 1606 ut
710 1551 876 1608 domo
914 1570 1036 1621 sua,
1064 1539 1312 1625 cognatis
1344 1569 1408 1608 ac
1443 1555 1749 1624 principum
1789 1552 2008 1622 palatiis

420 1645 646 1710 relictis,
670 1660 791 1702 sese
813 1650 878 1702 ad
904 1648 1263 1703 monasticum
1287 1649 1406 1703 vitae
1424 1661 1593 1717 genus
1627 1645 2002 1701 transferrent.

418 1737 502 1792 0b
533 1738 584 1793 id
615 1739 932 1794 verberibus
955 1741 1138 1794 multis
1165 1740 1414 1795 allectum
1448 1749 1501 1793 et
1529 1754 1750 1793 carcere
1779 1738 2007 1790 damna-

421 1843 560 1897 tum,
592 1840 869 1900 postremo
903 1834 1117 1888 tandem
1145 1843 1286 1887 reste
1320 1832 1544 1902 pedibus
1571 1831 1812 1901 alligata,
1846 1845 1876 1883 a
1908 1845 2006 1899 pa-

418 1924 550 1978 latio
571 1923 638 1978 ad
681 1925 844 1980 Bovis
889 1941 1062 1996 usque
1119 1926 1294 1980 lorum
1343 1934 1635 1979 attractum
1701 1923 2007 1977 miserrime

417 2021 849 2089 discerpserunt.
910 2018 1078 2092 Cujus
1107 2035 1306 2090 corpus
1367 2021 1418 2074 in
1455 2035 1577 2073 eum
1627 2019 1806 2072 locmn
1843 2032 2008 2086 quem

417 2110 620 2180 Pelagii
653 2111 903 2181 sepulcra
936 2112 1239 2176 nominant,
1269 2121 1525 2180 tanquam
1561 2109 1792 2164 malclici
1823 2109 2009 2179 cujus-

416 2207 563 2269 dam,
583 2204 846 2276 abjiciunt
873 2222 886 2258 :
921 2205 1046 2258 illuc
1070 2204 1216 2258 enim
1243 2214 1293 2257 et
1325 2202 1676 2272 profanorum
1703 2201 2002 2272 gentilium,

415 2309 470 2353 ct
529 2313 720 2355 eorum
764 2298 858 2367 qui
905 2297 1128 2367 capitali
1187 2297 1457 2365 supplicio
1505 2295 1750 2350 damnati
1797 2305 2004 2361 essent,

416 2392 684 2448 cadavera
730 2392 1178 2461 deportabantur.
1236 2389 1379 2461 Hinc
1435 2390 1760 2444 innumeros
1806 2397 1918 2444 tam
1974 2404 2005 2443 e

418 2485 835 2555 magistratibus
857 2498 1023 2554 quam
1056 2499 1123 2537 ex
1160 2484 1352 2540 ordine
1381 2483 1626 2548 militari,
1651 2487 1794 2553 quod
1821 2499 2008 2540 sacras

418 2578 686 2646 imagines
707 2577 1050 2641 adorasseut,
1091 2587 1348 2646 tanquam
1395 2577 1697 2646 majestatis
1731 2579 2010 2632 convictos

415 2671 584 2726 variis
614 2671 954 2725 cruciatibus
985 2679 1204 2724 necant.
1241 2671 1426 2740 Itaque
1453 2671 1542 2724 alii
1575 2671 1790 2724 diverso
1817 2670 2009 2724 mortis

414 2779 618 2832 genere
642 2765 950 2834 consumpti
983 2773 1148 2833 atque
1183 2764 1442 2818 inauditis
1486 2763 1770 2832 suppliciis
1801 2761 2003 2828 alIecti,

415 2858 510 2913 alii
537 2866 694 2912 extra
728 2857 941 2926 imperii
975 2856 1112 2912 lines
1142 2857 1390 2929 relegati.
1429 2855 1544 2913 Nec
1586 2875 1647 2911 ea
1693 2872 1752 2912 re
1777 2865 2007 2911 conten~

416 2963 506 3004 tus
567 2950 865 3020 imperator
893 2947 1250 3018 jurejurando
1311 2951 1534 3020 insuper
1569 2950 1680 3027 82
1732 2948 2009 3018 subjectos

413 3044 519 3098 sibi
568 3059 760 3099 omnes
811 3045 1119 3114 astringere
1160 3045 1356 3110 voluit,
1404 3044 1608 3100 nullam
1652 3059 1713 3098 se
1747 3043 2008 3112 deinceps

414 3139 590 3192 sancti
626 3137 944 3208 cujusquam
984 3138 1280 3208 imaginem
1333 3137 1658 3192 adoraturos
1687 3151 1829 3191 esse.
1867 3135 2005 3192 Tum

416 3231 567 3286 urbis
592 3231 969 3299 patriarcham
996 3241 1224 3285 narrant
1250 3232 1342 3301 qui
1379 3231 1633 3286 viderunt
1668 3230 2004 3286 salutaribus
2036 3257 2082 3318 ρ

414 3323 578 3392 lignis
627 3322 685 3378 in
729 3322 900 3378 altum
934 3322 1167 3378 sublatis
1217 3323 1436 3389 jurasse
1463 3337 1523 3378 se
1551 3338 1617 3377 ex
1661 3338 1852 3377 eorum
1909 3338 2010 3376 nu-

416 3427 572 3468 mero
604 3428 710 3468 non
739 3429 883 3481 esse,
929 3415 1024 3485 qui
1059 3423 1445 3470 sacrosanctus
1494 3414 1760 3486 imagines
1813 3416 2009 3471 adora-

416 3511 562 3556 rent.
612 3503 690 3557 Eo
732 3519 904 3574 usque
963 3503 1360 3574 sacrilegorum
1421 3507 1707 3562 hominum
1757 3507 2009 3580 impietas

415 3601 674 3658 provecta
703 3603 806 3649 est.

489 3770 690 3825 Eodem
725 3785 876 3826 anno,
898 3763 1311 3840 Constantinus,
1337 3786 1526 3830 contra
1559 3777 1825 3846 Bulgaros
1843 3793 2008 3848 expe-

413 3863 623 3918 ditione
651 3863 822 3931 facta,
861 3879 984 3920 cum
1013 3866 1125 3921 suis
1148 3867 1215 3920 ad
1245 3867 1458 3924 illorum
1501 3869 1701 3924 limites
1734 3872 2006 3939 pervenit,

413 3969 469 4012 ct
497 3973 664 4028 prope
701 3972 823 4012 eum
873 3959 1052 4014 locum
1082 3959 1172 4029 qui
1221 3958 1613 4030 Beriganorum
1657 3963 1885 4018 Embole
1914 3964 2007 4019 di—

412 4053 556 4106 citur
579 4051 854 4108 consedit.
885 4053 966 4108 Ad
1005 4054 1120 4107 haec
1147 4053 1413 4107 instructa
1446 4055 1622 4110 classe
1650 4056 1734 4110 bis
1764 4055 1912 4110 mille
1943 4071 2007 4111 ac

410 4152 794 4196 sexcentorum
825 4143 1186 4213 navigiorum,
1219 4153 1276 4200 et
1307 4145 1606 4202 classiariis
1655 4147 2007 4216 supplemen-

412 4239 483 4288 tis
504 4251 568 4289 ac
595 4235 880 4301 militibus,
913 4251 1052 4307 quos
1075 4238 1273 4306 partim
1307 4253 1374 4292 ex
1402 4239 1686 4295 navalibus
1717 4240 2006 4310 praefectu-

414 4330 510 4394 ris,
539 4330 738 4398 partim
759 4329 881 4384 aliis
911 4348 974 4386 ex
1006 4331 1137 4386 locis
1173 4342 1544 4399 contraxerat,
1573 4335 1860 4403 impositis,
1892 4335 2006 4391 Me-

2107 642 2230 678 τετο
2259 625 2390 692 γοῦν
2418 625 2614 690 ταῦτα,
2645 623 2719 689 ὡς
2747 623 2812 678 ἂν
2833 625 2922 678 διὰ
2959 625 3178 678 πάντων
3235 624 3397 687 αὑτός
3429 641 3488 676 τε
3526 625 3554 676 ό
3593 622 3704 675 τῶν

2106 719 2244 773 ὅλων
2276 719 2408 782 Θεὸς
2438 719 2498 771 τό
2531 735 2590 787 γε
2625 720 2711 772 ἐπ’
2743 719 2931 782 αὐτοῖς
2967 717 3306 788 ἀτιμάζηται
3339 717 3433 770 καὶ
3488 709 3556 770 τά
3603 717 3704 788 τῆς

2119 813 2450 882 Ἐκκλησίας
2477 810 2884 884 καθυϐρίζηται
2917 813 3096 882 τίμια.

2192 903 2474 957 Ἐντεῦθεν
2511 903 2984 974 συλλαμϐάνονται
3035 903 3312 973 Στέφανόν
3347 919 3490 967 τινα,
3530 901 3706 972 ἄνδρα

2106 997 2254 1050 ὅσιον
2287 999 2380 1050 καὶ
2405 997 2627 1068 θεοφιλῆ
2660 998 3023 1069 τυγχάνοντα,
3064 998 3340 1068 μοναστὴν
3366 996 3422 1050 δέ
3455 995 3533 1065 τῷ
3569 997 3706 1065 σχή-

2111 1107 2240 1160 ματι
2277 1091 2370 1143 καὶ
2405 1090 2834 1162 περιειργμένον
2871 1093 2928 1144 ἐν
2961 1089 3170 1158 οἰκιδίῳ
3203 1085 3524 1157 στενωτάτῳ
3561 1086 3706 1138 πάνυ

2108 1183 2448 1255 ὑπάρχοντα,
2476 1184 2582 1237 ὑπὸ
2609 1183 2708 1254 τὴν
2738 1183 2832 1236 τοῦ
2861 1183 3122 1253 μεγίστου
3154 1181 3312 1252 ὅρους
3345 1179 3634 1251 ἱδρυμένον
3663 1178 3710 1210 ³³

2107 1276 2441 1347 ἀκρώρειαν,
2485 1277 2514 1330 ὃ
2553 1277 2784 1330 καλοῦσι
2827 1275 2920 1329 τοῦ
2967 1274 3147 1328 Ὀσίου
3179 1274 3470 1338 Αύξεντίου
3517 1272 3707 1340 λόφον.

2111 1369 2410 1441 Ἕγκλημά
2441 1387 2501 1423 τε
2533 1369 2820 1433 εὐσεϐείας
2861 1370 3162 1436 ἐπάγουσιν
3199 1367 3346 1436 αὐτῷ
3379 1366 3428 1418 οἱ
3462 1365 3704 1427 ἀνόσιοι,

2107 1462 2182 1525 ώς
2228 1462 2482 1526 πολλοὺς,
2516 1461 2733 1530 φασὶν,
2788 1461 3036 1531 ἐξαπατᾷ
3083 1459 3352 1512 διδάσκων
3398 1456 3557 1526 δόξης
3603 1455 3708 1524 τῆς

2108 1555 2393 1628 παρούσης
2447 1557 2811 1627 καταφρονεῖν
2874 1555 3038 1607 οἴκων
3093 1569 3156 1608 τε
3213 1553 3310 1605 καὶ
3373 1549 3702 1618 συγγενείας

2109 1650 2390 1721 ὑπερορᾷν
2432 1634 2528 1702 καί
2556 1649 2657 1712 τὰς
2694 1648 3002 1719 βασιλείους
3043 1645 3215 1709 αὐλάς
3251 1641 3707 1714 ἀποστρέφεσθαι

2109 1743 2207 1795 καὶ
2244 1741 2383 1812 πρὸς
2417 1741 2509 1794 τὸν
2552 1741 2764 1813 μονήρη
2809 1740 2926 1811 βίον
2970 1735 3536 1811 μεταρρυθμίζεσθαι.
3595 1733 3710 1787 Kal.

2110 1833 2198 1886 διὰ
2219 1833 2391 1888 ταῦτα
2415 1833 2652 1904 πληγαῖς
2682 1832 2968 1896 πλείσταις
2991 1831 3344 1901 αἰκισάμενοι
3369 1829 3464 1882 καί
3490 1826 3710 1895 δεσμω·

2110 1926 2302 1998 τὴριον
2329 1929 2498 1981 οἰκεῖν
2526 1926 2996 1990 καταδικάσαντες
3017 1965 3032 1990 ,
3060 1925 3215 1988 τέλος
3257 1923 3514 1993 σχοινίοις
3541 1917 3710 1974 αὑτὸν

2111 2018 2256 2072 κατά
2304 2019 2434 2082 τοὺς
2491 2018 2662 2082 πόδας
2724 2018 3023 2087 ἐξάψαντες
3083 2017 3178 2070 καὶ
3235 2014 3347 2069 τῶν
3407 2009 3710 2084 βασιλικῶν

2110 2113 2533 2184 ἀφορμήσαντες
2573 2113 2898 2184 περιϐόλων,
2938 2111 3100 2182 μέχρι
3137 2109 3238 2180 τῆς
3270 2107 3576 2178 λεγομένης
3608 2102 3708 2158 τοῦ

2112 2205 2242 2269 Boot;
2289 2207 2495 2277 ἀγορᾶς
2539 2205 2873 2269 ἑλκύσαντες
2904 2204 3207 2258 διέσπασαν
3233 2242 3248 2267 ,
3293 2200 3388 2254 καὶ
3434 2197 3604 2254 αὐτοῦ
3627 2195 3710 2267 ,τὸ

2111 2299 2272 2369 σῶμα
2294 2299 2352 2352 ἐν
2375 2302 2488 2362 τοῖς
2516 2299 2880 2370 καλουμένοις
2896 2299 3086 2367 τάφοις
3105 2296 3217 2363 (52)
3235 2293 3346 2347 τῶν
3370 2291 3643 2359 Πελαγίου
3662 2289 3712 2322 ⁸⁸

2109 2389 2186 2454 ὡς
2218 2391 2528 2462 κακοῦργον
2562 2393 2612 2456 oi,
2651 2392 2933 2456 δυσσεϐεῖς
2967 2389 3284 2463 ἀπέρριψαν
3307 2403 3321 2417 ·
3356 2384 3548 2441 αὐτόθι
3590 2383 3709 2454 γάρ

2109 2483 2181 2538 τά
2217 2501 2276 2536 τε
2319 2486 2430 2538 τῶν
2473 2485 2704 2540 ἐθνικῶν
2734 2486 2999 2556 ἀμυήτων
3046 2482 3279 2554 σώματα
3317 2480 3411 2535 καί
3459 2479 3566 2533 τῶν
3611 2477 3710 2531 ἐπὶ

2112 2575 2330 2648 θανάτῳ
2379 2579 2851 2649 ἀπηγορευμένων
2897 2575 3278 2631 τελευτώντων
3336 2573 3707 2644 ἐξεπέμπετο.

2112 2669 2408 2734 Πλείστους
2443 2670 2553 2724 τῶν
2583 2689 2645 2724 τε
2666 2672 2709 2704 ³⁸
2740 2671 2800 2724 ἐν
2838 2670 2985 2724 τέλει
3021 2671 3116 2723 καὶ
3160 2668 3258 2722 τοῦ
3306 2663 3709 2740 στρατιωτικοῦ

2113 2763 2449 2827 ὑπευθύνους
2491 2764 2898 2829 καθιστῶντες,
2942 2764 3274 2835 προσκυνεῖν
3321 2762 3494 2830 ἱεραῖς
3529 2759 3708 2812 εἰκόσι

2111 2855 2572 2928 καταιτιώμενοι,
2623 2857 2812 2929 ὥσπερ
2846 2859 2940 2909 ἐπὶ
2989 2855 3320 2910 καθοσιώσει
3359 2855 3585 2917 ἁλόντας
3627 2853 3710 2906 δι-

2112 2948 2398 3021 έφθειραν,
2440 2949 2536 3014 οὒς
2565 2951 2664 3021 μέν
2693 2950 2974 3022 διαφόροις
3004 2949 3258 3012 θανάτοις
3293 2947 3704 3018 παραδιδόντες,

2110 3040 2206 3106 οὒς
2243 3043 2300 3096 δὲ
2329 3044 2624 3114 τιμωρίαις
2653 3041 2830 3108 ξέναις
2861 3042 3371 3104 καθυποϐάλλοντες
3395 3082 3410 3106 ,
3433 3040 3618 3109 πλήθη
3645 3056 3708 3092 τε

2110 3133 2317 3206 ἄπειρα
2350 3135 2673 3206 ὑπερορίαις
2708 3137 3202 3208 παραπέμποντες.
3246 3136 3362 3205 Ἐφ’
3397 3130 3708 3205 οἷςὸρκοις

2115 3225 2370 3298 βεϐαιοῦν
2400 3227 2761 3282 ἐϐουλεύσατο
2791 3230 2940 3283 άπαν
2970 3228 3137 3282 αὑτοῦ
3169 3229 3231 3282 τὸ
3261 3229 3508 3300 ὑπήκοον
3535 3228 3614 3291 ὡς
3645 3228 3708 3281 τὸ

2112 3318 2299 3374 λοιπὸν
2322 3321 2493 3374 εἰκόνι
2525 3322 2601 3392 μὴ
2628 3323 2959 3392 προσκυνεῖν
2991 3321 3178 3391 ἀγίων-
3193 3322 3338 3376 τινά.
3362 3322 3502 3375 Φασὶ
3533 3321 3591 3374 δέ
3612 3322 3708 3374 καὶ

2111 3411 2188 3476 ὡς
2214 3415 2308 3466 τὸν
2336 3414 2644 3484 τηνικαῦτα
2677 3413 2780 3484 τῆς
2824 3413 3036 3477 πόλεως
3075 3413 3339 3486 ἀρχιερέα
3369 3412 3708 3485 θεασάμενοι

2114 3505 2412 3576 ὕψώσαντα
2445 3507 2513 3560 τὰ
2545 3506 2785 3572 ζωοποιά
2817 3506 2951 3573 ξύλα
2989 3507 3341 3578 ὀμωμοκέναι
3385 3507 3511 3578 μηδ’
3541 3507 3706 3561 αὐτὸν

2112 3593 2250 3652 εἶναι
2278 3598 2390 3652 τών
2411 3599 2869 3671 προσκυνούντων
2893 3600 2992 3663 τὰς
3017 3599 3170 3671 ἱερὰς
3197 3600 3433 3663 εἰκόνας.
3464 3598 3705 3654 Τοιαῦτα

2109 3690 2220 3746 τῶν
2243 3692 2588 3747 ἀσεϐούντων
2611 3693 2680 3746 τά
2707 3692 3058 3763 τολμήματα.

2185 3783 2278 3854 Τῷ
2306 3784 2364 3838 δὲ
2403 3785 2553 3856 αὐτῷ
2589 3785 2701 3838 ἔτει
2731 3785 2845 3858 (55)
2877 3784 3261 3856 ἐπιστρατεύει
3289 3785 3701 3846 Κωνσταντῖνος

2110 3880 2254 3934 κατά
2297 3877 2625 3948 Βουλγάρων
2645 3917 2661 3942 ,
2695 3879 2788 3932 καὶ
2818 3879 3184 3950 παραγίνεται
3228 3879 3326 3932 σὺν
3355 3878 3434 3949 τῷ
3471 3877 3702 3950 παρόντι

2110 3970 2229 4041 λαῷ
2271 3968 2551 4038 ἐγγύτατα
2580 3969 2681 4040 τῆς
2721 3969 3055 4042 Βουλγάρων
3099 3970 3229 4041 γῆς,
3269 3970 3364 4023 καὶ
3405 3970 3701 4041 σκηνοῦται

2111 4060 2265 4132 παρὰ
2284 4059 2385 4132 τὴν
2410 4061 2718 4132 λεγομένην
2743 4061 2980 4133 ἐμϐολὴν
3012 4061 3349 4135 Βεριγάνων.
3377 4063 3614 4135 Πλόῖμον
3646 4063 3700 4118 δὲ

2110 4153 2405 4221 ἐξοπλίσας
2435 4154 2726 4208 συντελοῦν
2769 4155 2900 4225 περὶ
2947 4155 3019 4210 τά
3043 4155 3283 4227 δισχίλια
3310 4156 3406 4210 καὶ
3433 4157 3698 4222 ἑξακόσια

2111 4244 2297 4315 σκάφη
2327 4283 2343 4308 ,
2372 4243 2626 4297 ναυτικὸν
2663 4243 2722 4298 δέ
2751 4244 2958 4316 πλῆθος
2985 4246 3095 4300 «καὶ
3126 4237 3521 4317 στρατιωτικὸν
3549 4247 3615 4304 ἐκ
3641 4265 3698 4301 τε

2106 4336 2218 4390 τῶν
2245 4336 2494 4408 πλοΐμων
2525 4337 2905 4408 στρατηγίδων
2934 4339 3031 4392 καὶ
3063 4339 3268 4409 ἐτέρων
3297 4337 3493 4411 χώρων
3523 4339 3697 4410 ἐμϐα-

409 4424 702 4478 sembriam
739 4434 793 4478 et
819 4424 1140 4479 Anchialum
1174 4429 1240 4481 ad
1275 4425 1636 4498 Bulgarorum
1679 4429 1816 4485 lines
1847 4431 2004 4484 navi-

2114 4430 2217 4484 λὼν
2267 4433 2326 4484 ἐν
2374 4431 2561 4494 αὐτοῖς
2601 4431 2948 4499 ἀπέστειλεν,
2981 4431 3124 4486 ὥστε
3155 4433 3416 4502 γενέσθαι
3463 4434 3593 4506 περί
3637 4451 3696 4487 τε

409 4516 734 4585 garejussit.
771 4517 978 4584 Quibus
1003 4519 1165 4573 rebus
1186 4523 1522 4576 consternati
1563 4522 1803 4589 barbari,
1837 4535 2005 4593 atque

2114 4522 2480 4593 Μεσημϐρίαν
2511 4523 2606 4576 καὶ
2639 4524 2924 4594 Ἀγχίαλον
2957 4526 3026 4579 τά
3055 4527 3368 4599 πολίσματα
3396 4528 3493 4581 καί⁵
3525 4544 3696 4598 προσ-

410 4608 653 4676 equitum
674 4619 731 4663 et
753 4609 972 4663 navium
1003 4610 1354 4666 multitudine
1385 4613 1584 4676 territi,
1610 4629 1733 4667 cum
1767 4615 2004 4684 impera-

2114 4617 2368 4681 πελάζειν
2398 4616 2752 4689 Βουλγάροις.
2793 4619 3079 4683 Ἐντεῦθεν
3121 4617 3216 4674 οὖν
3255 4621 3699 4693 περικτυπηθέν-

411 4709 531 4754 tore
558 4699 624 4754 de
654 4701 1065 4756 conditionibus
1089 4712 1282 4772 agunt.
1320 4703 1423 4758 Sed
1448 4721 1578 4760 cum,
1613 4707 1804 4761 classis
1835 4707 1902 4760 ad
1933 4707 2001 4760 il-

2114 4725 2189 4771 rs;
2211 4710 2261 4761 oi
2288 4708 2589 4780 Βούλγαροι
2608 4709 2752 4775 τότε,
2785 4712 2844 4764 τὸ
2877 4713 3101 4768 ἱππικὸν
3118 4714 3213 4766 καὶ
3235 4713 3467 4784 πλόϊμον
3494 4713 3698 4770 θεασά-

411 4789 517 4843 lius
545 4792 708 4846 maris
739 4791 891 4846 littus
926 4793 1288 4857 constitisset,
1324 4795 1474 4864 quod
1511 4796 1880 4864 importuosus
1913 4796 2003 4850 hic

2114 4814 2262 4867 μενοι
2301 4799 2510 4871 πλῆθος
2535 4839 2551 4864 ,
2571 4803 2653 4862 εἰς
2685 4802 2991 4872 συμϐάσεις
3018 4806 3096 4874 τῷ
3119 4804 3332 4874 βασιλεῖ
3368 4806 3693 4876 ἐτράποντο.

408 4887 565 4941 locus
593 4894 648 4941 et
680 4887 1058 4958 navigantibus
1093 4886 1325 4942 diliicilis
1355 4897 1522 4956 esset,
1571 4889 1754 4944 subito
1782 4899 2002 4944 coortus

2114 4890 2269 4942 Ἐπεὶ
2311 4890 2368 4943 δὲ
2400 4891 2464 4944 τὸ
2504 4892 2735 4963 πλόϊμον
2765 4895 2900 4967 πρὸς
2933 4899 3055 4960 ταῖς
3092 4901 3290 4961 ἀκταῖς
3332 4899 3554 4970 ἐκείνης
3595 4899 3695 4968 τῆς

411 4993 442 5030 a
475 4979 852 5046 septentrione
881 4977 1178 5036 vehemens
1227 4987 1424 5033 ventus
1451 4993 1675 5034 eversas
1719 4993 1885 5034 naves
1917 4989 2003 5032 at-

2114 4980 2390 5054 θαλάσσης
2435 4985 2821 5057 καθωρμίζετο
2855 4988 3151 5062 (ἀλίμενος
3183 4991 3294 5062 γὰρ
3331 4994 3361 5047 ό
3394 4992 3566 5057 τόπος
3598 4994 3695 5047 καὶ

1727 5132 1961 5188 YARIZE
2002 5135 2412 5194 LECTIONES.

480 5250 528 5283 ⁸³
556 5249 865 5322 ίδρυμένῳῖ
938 5249 984 5280 ³⁸
1014 5248 1297 5319 Πελαγίων
1321 5265 1373 5320 p.
1411 5248 1505 5314 84,
1533 5247 1624 5304 20.
1667 5251 2017 5324 κακούργουῖ
2093 5256 2139 5288 ³⁵
2163 5257 2451 5319 πλείστους
2467 5259 2521 5311 δὲ
2549 5260 2658 5312 τῶν
2692 5265 2790 5316 re?

1772 5366 1950 5424 PETA
1964 5369 2048 5424 Vll
2082 5370 2315 5428 NOTAE.

480 5479 595 5576 ti?)
641 5483 754 5576 Et:
782 5482 1879 5576 .t‘iisreiarefrszaaisses-,Pels'sii
1911 5503 2000 5570 ειε-
2113 5563 2127 5576 .
2183 5493 2297 5576 (.55)
2331 5493 2704 5576 Τῷ.δὲ.αὐτῷ
2910 5502 2974 5576 A-
3017 5503 3346 5576 Copronynn
3371 5507 3464 5572 ιιι,
3503 5509 3689 5566 indici.

406 5555 758 5643 p'ulerarquzc
781 5554 982 5643 fuerint
1006 5557 1254 5643 d'eclar'a‘t‘
1279 5557 1718 5643 '[lleopllallﬁsjlt
1748 5554 1989 5643 Πίέίοΐὲτξ
2099 5563 2154 5643 43
2190 5554 2436 5643 Ianuarii
2471 5567 2567 5636 21,
2600 5554 2791 5624 contra
2846 5554 3346 5643 Btilgaiesriﬁiii-ii,

407 5626 748 5715 goits‘t-u'rrtini
774 5627 1106 5713 patriarchae
1133 5627 1264 5715 571;?)
1279 5627 1349 5715 n6’:
1381 5626 1540 5708 σῶμα
1566 5626 1801 5715 ἔρριψαν
1825 5629 1906 5715 εἰς
1928 5631 1998 5683 τά
2097 5635 2330 5715 phanes.
2363 5626 2572 5694 lievera
2605 5653 2780 5715 annus
2809 5643 2930 5710 ejus
2949 5626 3459 5715 ’ἰώβὲτίἰῗυέίέἒξ
3486 5626 3690 5706 Christi

408 5695 986 5786 {IEEYE‘A’BHWPZ’WK
1017 5698 1195 5786 “5'59"
1218 5698 1347 5786 ἔνθα
1386 5695 1716 5786 πρᾴνηειέμὲρ
1732 5700 1996 5786 Λῦπῆρχὲν
2097 5695 2220 5786 ἶζϋϋ.
2250 5707 2330 5786 Ah
2365 5695 3691 5786 eaexpeditioneVlulipiteii

407 5767 755 5855 gjggqtoy;
789 5767 1550 5855 μᾲρτγροςηελπχίαςναδςε
1587 5767 1994 5855 ὃνὸθεοέξὶᾴἦς
2095 5777 2324 5855 Augusti
2377 5780 2440 5833 ei
2511 5767 2676 5855 litium
2733 5767 2872 5839 hanc
2910 5767 3468 5855 ι’τέιέὼιιὶςῐιὶῖέάὶίίὲᾰ
3491 5767 3686 5849 'o'riiiai

410 5839 858 5957 καέὶρξςζζσῶςεσκῗὶ
889 5839 1058 5905 τάφνν
1090 5841 1400 5891 καταδίκων
1434 5841 1694 5912 ποιήσας,
1723 5843 1787 5896 τὰ
1823 5839 1994 5895 Heia-
2094 5839 2265 5904 doios
2303 5868 2363 5905 ac
2396 5853 2667 5924 pra'cipue
2699 5839 3320 5918 monachosne‘scitavit:

425 5920 531 5972 μου
574 5920 857 5959 εκαλεσεν.
