4016 6470
317 416 428 481 985
1252 426 1349 484 DE
1392 425 1641 486 ΗΕΒυὸ
1688 427 1868 488 POST
1910 431 2355 494 MAURICIUM
2393 435 2685 497 GESTIS.
3487 437 3594 499 986

312 534 434 592 τοῖς
495 529 722 584 πλέουσι
769 530 1185 614 δυσφορώτατος
1206 532 1249 606 ),
1311 535 1532 606 πνεῦμα
1587 538 1762 607 βίαιον
1819 543 1894 594 κα

2018 558 2122 612 que
2144 545 2210 598 ad
2234 545 2383 601 littus
2416 547 2646 602 afﬂictas
2677 547 2963 619 confregit.
2988 564 3088 606 nec
3124 552 3373 620 exiguam
3407 562 3594 608 vecto-

314 621 558 693 σκληρὸν
581 624 704 676 κατ’
746 623 922 694 αὐτῆς
944 625 1185 679 πνεῦσαν
1224 627 1243 696 (
1267 625 1462 698 βορέας
1491 629 1534 681 δ’
1569 624 1636 701 ἦν
1667 630 1894 700 ἄνεμος,

2017 652 2134 690 rum
2162 637 2563 693 multitudinem
2595 638 2791 696 ﬂuctus
2823 643 3113 711 oppressit.
3153 643 3298 698 Inter
3333 644 3448 700 haec
3479 653 3587 699 tre-

307 715 419 777 τάς
445 731 507 767 τε
537 714 670 779 ναῦς
706 715 842 788 πρὸς
874 719 994 779 ταῖς
1025 719 1217 782 ἀκταῖς
1249 720 1591 791 περιτρέψας
1618 721 1894 794 συνέτριψε

2012 725 2325 795 pidantibus
2353 727 2606 781 omnibus
2639 726 2778 794 jussi
2810 729 2878 782 ab
2905 728 3231 798 imperatore
3257 731 3422 784 duces
3448 745 3592 799 prte-

310 806 413 861 καὶ
440 807 619 880 πλήθη
640 807 751 862 τῶν
774 808 1138 864 εἰσπλεόντων
1160 811 1262 865 οὑκ
1287 811 1446 880 ὀλίγα
1478 812 1559 883 τῷ
1583 814 1750 886 ῥοθίῳ
1772 828 1894 869 κατι

2010 813 2313 870 focatorum
2338 830 2567 884 corpora
2595 816 2876 886 diSpositis
2916 817 2968 871 in
3015 820 3150 872 mari
3190 820 3397 873 retibus
3432 821 3587 873 exci-

308 897 620 952 επόντισεν.
654 899 743 953 Ἐν
770 899 984 964 τούτοις
1004 901 1144 967 ἄγαν
1177 901 1553 974 θορυϐηθέντα
1573 905 1618 936 ³⁸
1638 905 1730 958 τὸν
1758 905 1894 977 βασι-

2012 920 2140 977 pere
2178 923 2243 963 ac
2276 907 2576 975 sepulturae
2611 908 2847 963 tradere.
2893 908 3104 975 Quibus
3154 909 3410 980 perfectis
3445 910 3591 980 Cpo-

306 989 417 1042 λέα
448 988 705 1043 κελεῦσαι
728 991 858 1059 τοὺς
885 993 1156 1064 ἄρχοντας
1181 994 1424 1060 δικτύοις
1456 996 1778 1068 περιϐαλεῖν
1808 997 1894 1068 rip

2010 997 2100 1051 lim
2134 1014 2385 1054 reversus
2413 1010 2514 1055 est.

306 1086 611 1154 θάλασσαν,
657 1089 733 1153 ὡς
762 1089 1054 1145 ἀνελέσθαι
1088 1093 1198 1147 τῶν
1234 1094 1652 1164 ἀποπνιγέντων
1689 1095 1758 1149 τὰ
1789 1092 2021 1169 σώματα
2053 1096 2150 1153 καὶ
2214 1099 2281 1168 τῇ
2317 1099 2388 1169 γῇ
2458 1098 2840 1170 παραδιδόναι,
2907 1099 3053 1153 οὕτω
3078 1116 3140 1153 τε
3206 1099 3345 1170 πρὸς
3382 1097 3452 1152 τὰ
3493 1097 3592 1169 βα-

308 1180 492 1235 σίλεια
515 1183 887 1255 ἀποστρέψαι.

387 1273 508 1328 Ἔτι
540 1273 601 1329 δὲ
632 1275 810 1330 πνέων
834 1276 980 1331 κατά
1012 1279 1109 1348 τῆς
1141 1279 1429 1343 εὐσεϐείας
1448 1280 1491 1313 ³⁷
1526 1281 1588 1335 τὸ
1611 1282 1758 1353 ἱερὸν
1787 1283 1897 1336 τῶν

303 1365 646 1441 Ναζηραίων
687 1373 874 1441 σχῆμα
920 1373 1276 1443 καθύϐρισεν.
1329 1375 1510 1439 Εὐθὺς
1564 1376 1674 1448 γὰρ
1717 1377 1903 1445 ἀγῶνα

308 1458 541 1513 ἱππικὸν
590 1458 1011 1529 ἐπετέλει,’καί
1057 1482 1215 1531 τινας
1266 1466 1473 1521 τούτων
1523 1468 1807 1539 ἐπιτρέπει
1845 1471 1903 1521 ὲν

307 1551 467 1623 μέσῳ
508 1551 591 1623 τῷ
650 1552 865 1626 θεάτρῳ
914 1555 1225 1613 διέλκεσθαι
1287 1560 1386 1614 καὶ
1439 1560 1620 1614 αὐτῶν
1667 1560 1902 1615 ’ἑκαστον

300 1646 549 1713 γυναῖκα
589 1645 926 1719 μονάστριαν
963 1650 1117 1722 παρά
1153 1654 1312 1723 χεῖρα
1353 1651 1560 1723 φέρειν’
1601 1652 1812 1706 πολλῶν
1841 1670 1902 1706 τε

2074 1284 2184 1355 83
2211 1283 2418 1339 Exinde
2441 1284 2684 1340 fervente
2707 1285 2883 1340 adhuc
2912 1284 3196 1355 religionis
3212 1282 3340 1338 odio
3366 1297 3590 1339 sacrum

2011 1373 2394 1441 Nazartnorum
2420 1374 2624 1428 cultum
2648 1375 3048 1439 cuntumeliose
3093 1373 3302 1429 habuit.
3332 1371 3591 1427 Commo-

2010 1466 2138 1520 dum
2177 1472 2434 1535 equestre
2463 1474 2741 1520 certamen
2780 1465 3027 1528 dederat,
3056 1479 3180 1519 cum
3204 1479 3271 1518 ex
3303 1462 3396 1517 illo
3422 1476 3591 1533 grege

2010 1564 2196 1610 certos
2253 1555 2505 1610 homines
2548 1553 2757 1609 traduci
2797 1569 2895 1625 per
2949 1551 3376 1621 Hippodromum
3417 1550 3590 1618 jubet,

2011 1647 2267 1715 adjuncta
2299 1645 2502 1716 cuique
2537 1646 2771 1702 muliere
2804 1646 3089 1711 monacha,
3133 1659 3296 1714 quam
3323 1644 3593 1714 prehensa

300 1736 461 1809 παρὰ
482 1738 727 1809 πλήθους
748 1739 858 1792 τῶν
887 1739 1187 1811 θεωμένων
1227 1744 1440 1815 ’ύϐρεων
1468 1745 1655 1807 αὐτοῖς
1683 1746 1781 1798 καὶ
1812 1745 1894 1814 ἐμ-

2010 1754 2173 1796 manu
2206 1738 2688 1799 circumduceret.
2734 1740 2916 1807 Atque
2946 1737 2983 1791 ii
3026 1734 3212 1791 multis
3245 1751 3276 1788 a
3308 1742 3593 1804 spectante

301 1830 676 1900 πτυσμάτων,
705 1827 796 1885 οἷα
829 1833 959 1901 περ)⁵
984 1832 1048 1886 τὺ
1080 1834 1319 1905 ὀχλῶδες
1356 1838 1449 1889 καὶ
1474 1835 1729 1901 ἀγελαῖον
1757 1853 1896 1907 συμ-

300 1921 516 1976 ϐαίνειν
549 1921 752 1988 εἴωθε,
799 1925 1253 1996 καταχυθέντων,
1314 1926 1459 1981 οὕτω
1510 1927 1601 1981 τὸν
1656 1927 1896 1998 ἄθεσμον

301 2016 516 2068 ἐκεῖνον
551 2016 648 2069 καὶ
697 2015 982 2088 αἴσχιστον
1023 2018 1284 2091 διήνυσαν
1339 2018 1577 2075 δίαυλον.
1631 2018 1788 2073 Μετὰ
1838 2018 1895 2073 δὲ

305 2104 486 2159 ταῦτα
517 2106 720 2178 ἄνδρας
748 2108 906 2173 τινὰς
934 2109 1045 2163 τῶν
1075 2112 1135 2164 ὲν
1183 2110 1483 2180 ὑπεροχαῖς
1517 2109 1614 2163 καὶ
1645 2107 1895 2180 ἀξιώμα-

312 2214 404 2250 σιν
446 2198 758 2268 ἐγκλήμασι
791 2199 1124 2271 βαρυτάτοις
1178 2204 1537 2272 συκοφαντῶν
1568 2203 1770 2272 ὑπάγει
1819 2205 1896 2271 ὡς

311 2291 396 2352 εἰς
441 2291 540 2360 τὴν
587 2291 764 2363 ἀρχὴν
817 2292 969 2364 αὑτῷ
1030 2293 1445 2349 ἐπιϐουλεύσειν
1492 2300 1891 2371 πειρωμένους.

307 2380 530 2435 Τούτων
563 2382 607 2435 δ’
638 2379 708 2455 ἦν
759 2384 1036 2456 ’Δντίοχος
1078 2386 1192 2458 (54)
1248 2387 1348 2458 μὲν
1399 2390 1428 2443 ὁ
1465 2389 1578 2443 τῶν
1618 2391 1896 2463 δημοσίων

300 2471 658 2542 πραγμάτων
711 2474 811 2538 τὰς
844 2476 1190 2545 ὑπομνήσεις
1227 2475 1378 2547 αὑτῷ
1419 2476 1893 2548 διακομίζων.(λο-

294 2563 535 2632 γοθέτην
581 2564 640 2618 δὲ
672 2564 768 2619 τοῦ
802 2566 1008 2639 δρόμου
1037 2568 1141 2639 τὴν
1177 2567 1339 2634 ἀξίαν
1383 2569 1596 2640 οἰτπερὶ
1627 2568 1697 2623 τὰ
1734 2569 1893 2641 βασί-

293 2656 422 2709 λεια
476 2656 752 2727 καλοῦσι),
788 2658 1175 2728 Θεοφύλακτος
1218 2661 1273 2714 δὲ
1336 2661 1394 2713 ἐν
1424 2664 1540 2724 τοῖς
1578 2663 1894 2732 πατρικίοις

294 2747 396 2797 καὶ
431 2749 768 2817 στρατηγοῖς
815 2748 1100 2816 διατελῶν,
1152 2751 1235 2803 έτι
1296 2751 1404 2821 μὴν
1456 2752 1551 2805 καὶ
1584 2751 1735 2806 ἄλλοι
1782 2755 1893 2807 τῶν

292 2839 433 2909 περὶ
462 2839 629 2893 αὑτὸν
663 2839 1058 2912 ἀσπιδηφόρων
1105 2843 1203 2896 καὶ
1232 2842 1553 2914 δορυφόρων
1593 2845 1891 2914 τυγχάνον-

288 2947 413 2998 τες»
447 2930 587 3002 πρὸς
632 2930 691 2984 δὲ
717 2932 814 2986 καὶ¹
858 2933 1071 2988 τούτων
1119 2934 1279 2998 ἐκτὸς
1332 2928 1535 3006 ἕτεροι.
1581 2937 1717 2990 Μετ’
1750 2938 1812 2990 οὑ
1845 2938 1891 2971 ³⁸

289 3019 439 3073 πολὺ
468 3020 569 3089 τὴν
617 3020 815 3091 ὁμοίαν
863 3022 1133 3078 ἐπιτελῶν
1183 3024 1421 3095 ἅμιλλαν
1474 3025 1766 3097 δεσμώτας
1803 3030 1889 3082 ὲν-

2003 1828 2198 1900 p0pu|o
2226 1829 2573 1885 contumeliis
2605 1845 2671 1885 ac
2692 1830 2867 1899 sputis
2894 1829 3058 1885 etiam
3088 1826 3456 1887 dehonestati,
3492 1840 3591 1879 cu-

1994 1922 2230 1991 jusmodi
2260 1921 2330 1976 ab
2361 1922 2636 1977 incondita
2665 1921 2980 1991 forensique
3013 1920 3172 1989 plebe
3205 1933 3303 1987 par
3328 1926 3412 1971 est
3444 1914 3588 1979 ﬁeri,

2001 2010 2227 2068 infando
2261 2012 2355 2067 illo
2379 2028 2444 2067 ac
2493 2012 2635 2083 turpi
2669 2010 2944 2068 curriculo
2972 2008 3245 2079 perfuncti
3292 2014 3441 2060 sunt.
3470 2002 3588 2058 Sub

1998 2107 2113 2159 haec
2153 2104 2444 2171 primarios
2476 2102 2741 2172 quosdam
2785 2117 2849 2156 ac
2897 2099 3295 2171 praecipuarum
3337 2095 3582 2166 dignita-

1998 2205 2110 2251 tum
2136 2198 2385 2251 homines
2407 2195 2768 2251 atroeissimis
2784 2192 3103 2249 criminibus
3130 2206 3227 2261 per
3253 2187 3586 2245 calumniam

1998 2289 2350 2360 aggreditur,
2391 2293 2703 2345 affectatum
2755 2287 2921 2343 abiis
2959 2283 3251 2354 imperium
3303 2289 3584 2346 causatus,

1997 2396 2166 2451 seque
2200 2380 2415 2436 illorum
2451 2381 2669 2436 insidiis
2698 2379 3025 2449 appetitum.
3053 2377 3133 2440 Ex
3164 2375 3232 2430 iis
3261 2373 3584 2439 Antiochus,

1997 2473 2261 2544 magister
2303 2472 2580 2528 memoriae
2611 2474 2795 2542 (quem
2837 2470 3220 2540 magistratum
3249 2466 3584 2532 logothetam

1997 2580 2192 2621 cursus
2219 2565 2502 2636 appellare
2524 2564 2745 2635 solent),
2771 2577 2980 2618 necnon
2998 2558 3459 2630 TheOphylactus,
3478 2555 3584 2610 dux

1995 2666 2050 2712 et
2079 2658 2365 2726 patricius,
2424 2673 2551 2714 cum
2601 2657 2728 2713 aliis
2775 2656 3052 2727 plerisque
3091 2669 3122 2709 e
3163 2660 3501 2709 scutatorum
3531 2657 3588 2702 et

1995 2758 2362 2817 protectorum
2403 2764 2634 2805 numero
2657 2762 2822 2819 atque
2850 2765 2919 2804 ex
2950 2747 3075 2803 aliis
3105 2745 3410 2801 ordinibus.
3438 2741 3585 2808 Quos

1993 2852 2187 2896 omnes
2237 2841 2426 2897 iisdem
2459 2826 2800 2897 circensibus
2847 2838 3181 2910 spectaculis
3214 2838 3430 2891 vinctos
3473 2835 3582 2889 cir-

1993 2932 2295 2993 cumduxit.
2314 2932 2543 2989 Postera
2571 2933 2690 2988 luce
2715 2932 3136 2987 Constantinum
3166 2938 3219 2985 et
3250 2927 3582 2999 Strategium

1995 3020 2196 3076 fratres
2220 3031 2393 3078 morte
2419 3022 2718 3088 damnavit,
2745 3037 2810 3076 ac
2835 3019 3069 3076 subinde
3100 3017 3433 3088 in'Cynegio,
3464 3017 3584 3070 loco

285 3107 480 3166 ταῦθα
532 3113 904 3185 περιελκύσας
950 3114 1310 3187 ἐθριάμϐευε,
1347 3118 1442 3171 καλ⁸
1469 3121 1533 3190 τῇ
1570 3117 1701 3189 ἑξῆς
1731 3122 1890 3174 Κων-

2001 3112 2146 3168 urbis
2174 3112 2250 3171 ita
2277 3113 2455 3178 dicto,
2498 3121 2661 3182 caput
2699 3111 2809 3166 illis
2853 3110 3061 3165 abscidi
3112 3109 3308 3177 jussit;
3351 3109 3581 3161 aliorum

289 3207 592 3260 σταντῖνον
626 3207 728 3277 μὲν
755 3207 854 3260 καὶ
879 3207 1227 3281 Στρατήγιον
1252 3210 1518 3278 ἀδελφοὺς
1543 3211 1894 3282 ὑπάρχοντας

288 3296 525 3369 Θανάτῳ
574 3297 928 3362 κατεδίκασε,
983 3300 1079 3353 καὶ
1125 3300 1227 3373 ήδη
1262 3301 1473 3356 τούτων
1516 3302 1617 3365 τὰς
1650 3302 1897 3373 κεφαλὰς

286 3391 358 3444 ἐν
392 3389 473 3460 τῷ
528 3390 812 3462 λεγομένῳ
859 3393 961 3463 τῆς
999 3392 1212 3458 πόλεως
1273 3395 1537 3466 κυνηγίῳ
1591 3396 1893 3467 ἀπέτεμεν,

284 3479 478 3535 ἄλλων
519 3480 577 3534 δὲ
616 3481 686 3536 αὖ
714 3484 843 3548 τοὺς
892 3486 938 3517 ³⁸
991 3485 1309 3556 ὀφθαλμοὺς
1358 3485 1605 3556 ἐξέκοψε.
1634 3512 1639 3517 ·
1669 3488 1783 3542 Kal.
1826 3491 1892 3560 τῇ

288 3574 579 3647 ὑστεραίᾳ
604 3575 1025 3646 παρασκευάζει
1049 3576 1160 3630 τῶν
1181 3576 1400 3630 οἰκείων
1417 3575 1581 3640 τινας»
1598 3579 1895 3633 Κωνσταν-

284 3667 451 3722 τίνου
482 3666 579 3721 τοῦ
609 3667 711 3737 τῆς
764 3668 979 3733 πόλεως
1020 3668 1330 3741 ἀρχιερέως
1375 3670 1540 3740 ὅρκον
1564 3671 1612 3702 ⁸ο
1647 3670 1770 3725 κατ’
1796 3671 1893 3725 αὑ-

285 3758 396 3813 τοῦ
424 3760 540 3831 (55)
574 3759 844 3832 ἐξυφῆναι
866 3761 1234 3834 κατηγορίαν,
1267 3760 1536 3833 διελέγχει
1557 3762 1616 3817 δὲ
1636 3762 1891 3834 φανερῶς

287 3853 376 3916 ὡς
409 3853 542 3925 παρ’
573 3852 744 3907 αὑτοῦ
774 3854 1075 3926 ἀκηκοέναι
1119 3854 1302 3908 πάντα
1334 3853 1590 3926 τὰ’παρά
1619 3854 1729 3911 τῶν
1758 3854 1890 3926 ’τιερῖ⁵

305 3945 594 4016 Ἀντίοχον
625 3946 720 4000 καὶ
752 3944 1142 4013 Θεοφύλακτον
1171 3945 1547 4017 μελετώμενα.
1588 3948 1698 4000 Καὶ
1725 3946 1889 4010 εὐθὺς

284 4036 510 4091 ἐκεῖνον
533 4035 634 4105 μὲν
663 4035 944 4106 ἐξόριστον
968 4036 1029 4088 ἐν
1051 4038 1120 4108 τῇ
1164 4034 1354 4107 Ἱερίᾳ,
1379 4034 1523 4089 οὑτω
1548 4033 1883 4105 καλουμένου

1995 3204 2182 3260 oculos
2220 3205 2386 3258 eruit.
2423 3203 2696 3260 Postridie
2728 3205 3091 3261 Constantino
3123 3203 3446 3275 patriarchae
3488 3216 3583 3257 ac-

1996 3307 2279 3353 cusatores
2308 3297 2577 3353 subornat
2606 3299 2869 3368 quosdam
2925 3314 2988 3353 ex
3024 3297 3143 3367 ejus
3192 3295 3580 3360 familiaribus,

1995 3391 2088 3459 qui
2119 3390 2371 3445 Antiochi
2399 3406 2465 3446 ac
2498 3391 2884 3463 Theophylacti
2920 3390 3147 3446 consilia
3175 3388 3395 3444 audisse
3429 3402 3488 3443 se
3516 3388 3583 3442 de

1994 3478 2108 3552 84
2131 3496 2196 3535 eo
2221 3479 2577 3551 jurejurando
2600 3481 2905 3536 firmarunt.
2940 3480 3137 3536 Statim
3166 3481 3331 3546 igitur
3366 3480 3419 3532 in
3452 3476 3581 3532 llic-

2000 3574 2135 3627 riam
2167 3574 2413 3642 pontifex
2453 3573 2729 3643 relegatur
2752 3576 2862 3646 (est
2910 3574 3017 3630 hoc
3051 3570 3395 3643 imperatoris
3427 3569 3580 3638 pala-

2001 3666 2136 3720 tium
2186 3681 2218 3719 e
2268 3665 2490 3737 regione
2533 3665 2719 3736 Cpolis
2777 3669 2845 3722 ad
2901 3666 3250 3723 subsolanum
3297 3663 3580 3734 positum),

2000 3774 2236 3828 moxque
2273 3757 2515 3825 Nicetas,
2556 3769 2872 3816 sanctorum
2922 3758 3305 3830 Apostolorum
3336 3755 3581 3812 ecclesiae

1997 3853 2302 3922 presbyter,
2339 3854 2642 3918 eunuchus,
2676 3854 2731 3908 in
2748 3852 2866 3922 ejus
2895 3853 3074 3909 locum
3093 3852 3460 3909 substituitur.
3481 3850 3582 3903 At-

1994 3957 2101 4012 que
2152 3943 2269 3999 hzec
2313 3945 2496 4000 omnia
2540 3945 2787 4016 Augusto
2830 3958 3017 4002 mense
3055 3944 3350 4000 indictione
3385 3948 3577 4013 quarta

1992 4033 2355 4106 contigerunt.

290 4126 595 4200 βασιλικοῦ
629 4129 899 4183 παλατίου
942 4129 986 4161 ⁸⁸
1025 4129 1297 4201 ἀντιπέρα
1337 4130 1476 4202 πρὸς
1509 4130 1670 4202 εὖρον
1703 4128 1906 4200 ἄνεμον
1942 4127 2039 4181 τοῦ
2073 4127 2375 4195 Βυζαντίου
2415 4131 2693 4203 κειμένου,
2723 4130 3343 4203 παρέπεμψε,Νικήταν
3363 4128 3421 4183 δὲ
3438 4126 3574 4200 (56),

287 4219 679 4294 πρεσϐύτερον
708 4221 811 4290 τῆς
847 4220 957 4274 τῶν
1000 4220 1199 4289 Ἃγίων
1240 4220 1583 4275 Ἀποστόλων
1614 4219 1936 4290 ἐκκλησίας,
1970 4217 2248 4290 εὐνοῦχον,
2288 4223 2702 4296 προχειρίζεται
2739 4223 3029 4296 ἀρχιερέα.
3070 4223 3262 4278 Ταῦτα
3293 4223 3352 4277 δὲ
3394 4222 3573 4276 πάντα

287 4315 605 4387 ἐπράττετο
637 4315 783 4369 κατά
826 4313 919 4367 τὸν
948 4314 1262 4384 Αὔγουστον
1293 4316 1441 4387 μῆνα
1471 4316 1573 4385 τῆς
1610 4314 1882 4383 τετάρτης
1921 4312 2276 4383 ινδικτιῶνος.

369 4405 510 4461 Μετ’
548 4407 611 4461 οὑ
664 4407 801 4461 πολὺ
847 4407 904 4462 δὲ
956 4408 1376 4483 μεταπέμπεται
1435 4411 1871 4476 Κωνσταντῖνον,

2055 4409 2165 4467 Nec
2185 4410 2345 4481 longo
2372 4420 2494 4481 post
2530 4420 2772 4481 tempore
2799 4410 3218 4468 Constantinum
3246 4409 3571 4467 arcessitum

1614 4524 1849 4621 vitatas
1889 4564 2295 4626 LECTIONES.

369 4699 848 4785 ³⁸,θοευ6ηθένῖες
879 4702 940 4756 Ρ-
1019 4703 1062 4735 ³⁷
1099 4704 1359 4785 ᾁσεξείας
1392 4704 1451 4759 Ρ.
1531 4706 1577 4738 ³⁸
1607 4706 1701 4785 οὓς
1734 4710 1890 4779 per“!
1966 4713 2010 4747 ³³
2042 4713 2242 4785 αὐτοὺς
2271 4714 2331 4785 Ρ.
2412 4784 2417 4785 ί
2452 4713 2498 4746 ⁸ο
2531 4710 2757 4785 ἔνορκον
2789 4711 3070 4785 Petawus.
3117 4710 3191 4785 ,ξί
3218 4709 3555 4785 καλουμένῳ

292 4767 567 4890 facilitati]:
590 4767 841 4843 παλατίῳ
861 4803 931 4815 -
962 4768 1236 4844 κειμένῳῖ
1271 4767 1580 4846 quanquam
1613 4767 1776 4834 etiam
1839 4796 2003 4851 supra
2035 4784 2112 4853 (p.
2139 4767 2237 4852 50:
2263 4784 2358 4855 5):
2388 4784 2519 4857 ἄχρι
2551 4767 2951 4855 Χρυαοπόλεως
2981 4767 3288 4847 κατελθεῖν,
3320 4767 3575 4853 παραθα-

330 4855 526 4896 ασσιον
565 4844 766 4915 χωρίον
789 4873 860 4885 -—
882 4842 1159 4913 κείμενον.

1672 4962 1948 5021 ΡΕΤΑνιι
1990 4965 2222 5024 ΝΟΤᾸΕ.

371 5092 758 5177 (54)-Τούτωνς
784 5091 860 5177 δέ
873 5089 954 5177 ἦνς
985 5094 1315 5177 Ἀν-ςζοχος.
1358 5095 1599 5177 Eosdem
1621 5110 1882 5177 recenset
1989 5103 2156 5176 θέτης
2182 5103 2519 5177 τοῦίδρόμου
2548 5106 2725 5162 dictus
2749 5115 2856 5163 est.
2891 5105 3161 5177 Caeterum
3215 5103 3356 5175 apud
3386 5103 3568 5159 Then-

294 5163 665 5242 Tlreophanes
707 5173 764 5218 et
810 5163 1736 5242 _P_aulus_‘_Diac_onus._Aogoeetqc
1781 5170 1879 5242 τοῦ
1986 5163 2222 5242 phai'iem
2272 5163 2699 5242 Constantinus,
2771 5192 2879 5231 non
2927 5163 3566 5242 Antioclinsi'patricius

291 5235 529 5318 δρόμου,
554 5235 756 5318 dicitur
810 5235 898 5318 hic
943 5250 973 5288 a
1016 5232 1330 5318 .Nicephoro
1377 5232 1565 5318 δ”-τῶν
1597 5232 1878 5318 δημοσίων
1982 5232 2185 5318 dicitur
2207 5256 2260 5300 et
2294 5245 2590 5318 λογοθέτης
2621 5232 2714 5300 τοῦ
2752 5247 2979 5318 δρόμου.
3014 5246 3179 5318 Cujus
3204 5232 3377 5299 frater
3405 5247 3562 5302 Stra-

293 5304 649 5384 πραγμάτων
676 5305 776 5384 τᾲς
819 5304 1167 5384 ὑπομνήσεις
1195 5305 1553 5384 διακομίζων,
1585 5304 1726 5384 quod
1760 5327 1876 5364 ma-
1985 5316 2162 5384 tegius
2193 5304 2506 5383 spatharius
2531 5304 2587 5371 ὁὶ
2617 5304 2953 5372 domesticus
2983 5304 3382 5373 excubitorum.

294 5376 787 5459 gis-turrmemoriai
809 5376 1089 5459 proprium
1126 5376 1419 5459 eratLQui.
1463 5388 1522 5431 ut
1546 5376 1638 5459 est
1680 5381 1734 5434 in
1771 5396 1872 5459 no-
1992 5376 2163 5459 _"(55)
2201 5376 2427 5455 ’Ὅρκον
2472 5388 2600 5441 κατ’
2639 5387 2846 5441 αὐτοῦ.
2888 5387 3116 5459 Augusti
3156 5385 3244 5448 50,
3278 5386 3468 5459 indict.
3499 5393 3560 5452 4,

297 5443 424 5500 iitia
478 5445 693 5528 imperii
745 5443 1064 5528 O_rientalis,
1109 5443 1714 5528 alliiotati0i1e5_dictat,
1769 5451 1872 5507 hoc
1980 5443 2349 5528 go‘nst'anti'no
2417 5460 2849 5527 patriarcbatum
2922 5443 3151 5528 abrogat
3188 5443 3563 5528 ῤ’ὁμῴνυμος

293 5529 390 5597 est
432 5516 748 5597 scripturas-
785 5516 1000 5597 Mella.
1031 5518 1227 5586 quibus
1256 5532 1319 5597 ea
1372 5519 1726 5597 coptinentur
1752 5536 1875 5597 (Line
1978 5524 2390 5597 Constantinus,
2418 5516 2668 5597 'eumque
2701 5530 2935 5597 primum
2974 5529 3026 5582 in
3051 5516 3316 5592 l'lieriam',
3348 5516 3474 5582 inde
3503 5516 3557 5584 in

296 5585 567 5667 principis
602 5587 823 5640 nomine
847 5585 1163 5667 statuuntur
1190 5595 1284 5641 aut
1318 5587 1739 5667 conﬁrmantur.
1764 5585 1871 5647 Sed
1977 5595 2290 5667 Principum
2319 5585 2550 5653 insulam
2580 5585 2851 5667 deportat.
2892 5597 3275 5665 Theophanes.

294 5656 651 5737 ἔτι,ρτθυίι)ιεξ
677 5656 1112 5737 τεψοιιάοιρ,ιι,ᾳο
1131 5668 1233 5737 est.
1268 5674 1526 5737 responsa
1551 5662 1872 5737 dictaturae
2047 5656 2465 5737 (56)“Νικήταν
2493 5667 2582 5723 δέ.
2621 5656 2940 5724 Novembris
2974 5656 3173 5730 lii-die,
3230 5669 3341 5723 iud.
3374 5667 3553 5732 5.151;.

296 5725 561 5809 princeps
595 5725 1516 5809 Iihellis_snpplicihusdederit._Ad
1550 5734 1665 5809 hac
1693 5725 1870 5809 diplnf
1974 5725 2220 5794 cetas'ab
2264 5725 2592 5809 imperatore
2645 5740 2711 5795 ad
2751 5725 3170 5808 patriarchulcui
3217 5725 3559 5797 sedenti-ta.

218 5835 223 5840 -
298 5809 448 5870 inata
478 5798 544 5851 ad
578 5799 906 5870 currendum
950 5798 1167 5870 nomine
1200 5800 1460 5869 principis
1503 5801 1585 5856 vel
1619 5798 1864 5870 magistri
1972 5819 2093 5864 ctus
2118 5820 2219 5866 est.
2256 5798 2430 5866 lue'm.

295 5867 603 5925 ciliciorum
635 5867 763 5923 dare
801 5870 1041 5926 muneris
1071 5868 1308 5940 ejusdem
1356 5867 1477 5939 fuit,
1512 5886 1540 5926 a
1573 5888 1677 5944 quo
1706 5867 1862 5944 λογο-

1294 5378 1419 5444 Qui,
1463 5388 1522 5431 ut
1556 5391 1638 5434 est
1680 5381 1734 5434 in
1771 5396 1872 5435 no-
