4060 6472
485 409 582 472 991
1513 413 1575 471 S.
1617 411 2040 472 NICEPHORI
2079 411 2589 471 PATRIARCILE
2626 410 2734 470 CP.
3652 401 3763 464 992

491 521 757 592 religiosis
784 520 1094 574 hominibus
1119 518 1506 575 exsecrabilem
1537 521 1836 588 exstitisse,
1862 537 2062 589 nequa.

2173 520 2284 591 γὰρ
2309 516 2402 575 οὖν
2432 520 2646 574 ἐκείνου
2694 520 2804 572 πᾶν
2834 517 3069 588 αἰσχρὸν
3128 517 3343 585 γέγονε,
3373 513 3665 585 βδελυκτός
3698 533 3763 569 τε

491 628 650 683 quam
686 621 766 667 est
786 612 1103 667 obscurum.
1123 610 1259 665 Nam
1286 625 1408 667 cum
1439 613 1586 667 omni
1618 627 1678 668 se
1702 614 1756 667 in
1786 612 2068 668 libidinum

2172 613 2292 684 Θεῷ
2337 612 2432 666 καὶ
2476 613 2732 680 ἀγγέλοις
2781 613 2875 665 καὶ
2932 609 3246 681 ἀνθρώποις
3302 612 3416 671 τοῖς
3476 607 3767 662 εύσεόἐσιν

490 716 688 772 genere
707 701 1012 769 volutaret,
1061 702 1238 772 iisque
1282 717 1480 770 corpus
1523 717 1681 756 suum
1724 711 1780 759 et
1826 703 2069 757 animum

2174 707 2445 778 ὑπῆρχεν,
2478 707 2581 759 οὐκ
2597 703 2943 775 ἀσυμφανές.
2971 704 3083 756 Καὶ
3101 702 3211 774 γὰρ
3239 702 3318 765 εἲς
3343 701 3412 754 τὰ
3432 703 3533 770 τῆς
3558 700 3769 770 σαρκός

495 805 886 863 conspurcaret
933 812 1053 866 quae
1103 806 1212 850 tam
1272 796 1523 850 barbaris
1559 811 1724 865 quam
1783 795 2074 861 gentilibus

2174 799 2327 869 πάθη
2352 796 2827 867 κατασυρόμενος,
2856 795 2950 848 καὶ
2978 797 3092 856 τοῖς
3113 791 3599 863 ἁπηγορευμένοις
3628 789 3770 860 βαρο

496 899 623 943 sunt
655 889 842 953 vetita,
865 888 1021 958 longe
1047 890 1282 959 pecudes
1312 888 1456 957 ipsas
1496 886 1743 944 foeditate
1777 889 2071 958 superavit.

2176 890 2369 960 ὀάροις
2430 887 2528 941 καὶ
2593 886 2826 955 Ἕλλησι
2872 885 3029 956 σῶμα
3075 885 3169 938 καὶ
3215 883 3396 953 ψυχὴν
3445 884 3474 935 ὁ
3523 881 3771 944 δείλαιος

498 981 679 1050 Atque
713 983 828 1037 haec
859 997 962 1036 non
984 981 1138 1050 pauci
1173 982 1266 1050 qui
1292 996 1414 1035 cum
1443 996 1508 1035 co
1530 982 1782 1036 vixerunt
1806 990 1861 1037 et
1883 981 2075 1037 hodie-

2176 980 2650 1052 ὲμμολυνόμενος,
2706 979 2804 1050 τὴν
2852 978 2961 1031 τῶν
3003 977 3216 1044 ἀλόγων
3274 973 3433 1039 ζώων
3469 972 3770 1043 παρήλασε

504 1089 609 1143 que
630 1083 922 1143 supersunt
941 1074 1220 1129 testilica‘ri
1250 1083 1503 1141 poterunt
1527 1090 1541 1139 ;
1584 1088 1683 1127 nec
1717 1089 1821 1129 non
1842 1082 1896 1129 et
1925 1074 2075 1127 varia

2178 1072 2505 1141 κτηνωδίαν.
2528 1073 2641 1125 Καὶ
2656 1070 2829 1124 ταῦτα
2858 1056 2961 1122 οὐκ
2988 1068 3162 1136 ὀλίγοι
3193 1066 3300 1119 τῶν
3338 1064 3772 1135 παραιτησαμέ-

503 1167 751 1235 corporis
808 1165 1151 1220 incommoda
1194 1165 1390 1233 quibus
1447 1164 1590 1219 idem
1640 1163 1744 1218 fuit
1784 1165 2075 1220 obnoxius.

2222 1184 2287 1217 1w
2308 1164 2351 1195 '°
2381 1163 2529 1234 αὑτῷ
2591 1164 2754 1233 μέχρι
2802 1160 2967 1231 δεῦρο
3000 1160 3288 1231 περιόντες
3341 1155 3771 1224 ἐπαγγελλέτω·
3806 1205 3825 1251 ν,

500 1256 787 1312 Doloribus
826 1257 971 1312 enim
1033 1270 1097 1311 ac
1144 1256 1506 1321 cruciatibus,
1556 1256 1645 1324 qui
1689 1256 1950 1325 explicari
1990 1257 2074 1310 di-

2212 1277 2299 1312 av.
2341 1256 2478 1321 Μεθ’
2514 1250 2710 1309 ὤνκαὶ
2757 1250 2935 1307 τᾶλλα
2963 1253 3033 1306 δι’
3066 1251 3103 1306 ἃ
3155 1251 3285 1322 περὶ
3328 1250 3390 1302 τδ
3424 1249 3588 1319 σῶμα
3618 1247 3771 1317 αὑτῷ
3806 1247 3815 1327 ί

500 1350 671 1406 cendo
694 1354 986 1417 nequeunt.
1020 1346 1464 1414 excarniﬁcatus,
1501 1345 1803 1414 cuiusmodi
1836 1347 2079 1403 ulcerosa

2181 1351 2551 1421 κατήντησαν.
2589 1349 2781 1411 Πόνοις
2832 1346 2940 1415 γὰρ
2981 1346 3077 1399 καὶ
3135 1342 3429 1413 ἀλγηδόσιν
3475 1342 3771 1413 ἁρῤήτοις,

502 1453 729 1506 corpora
762 1437 967 1505 perpeti
1008 1445 1435 1491 consentaneum
1457 1446 1560 1500 est,
1597 1437 1831 1507 pessime
1872 1453 1932 1492 ac
1964 1439 2081 1491 sine

2179 1440 2269 1497 οἷα
2298 1442 2449 1506 εἰκὸς
2502 1444 2632 1504 τοὺς
2683 1439 3039 1511 ἡλκωμένους
3099 1438 3367 1507 πάσχειν,
3430 1436 3775 1506 βαλλόμενκ

502 1530 614 1586 ullo
635 1530 873 1584 remedio
908 1540 1029 1582 erat
1070 1527 1320 1583 ali‘ectns.
1353 1528 1534 1593 Quare
1561 1528 1813 1582 nonnulla
1840 1529 2077 1581 membra

2182 1536 2433 1605 πονήρως
2456 1534 2598 1601 ἄγαν
2632 1533 2725 1587 καὶ
2748 1531 3070 1602 ἀνηκέστως
3107 1530 3362 1591 διέκειτο,
3388 1530 3482 1581 καί
3510 1545 3635 1580 τινα
3662 1527 3773 1579 τῶν

504 1621 784 1677 ulceribus
810 1622 969 1675 adesa
1008 1636 1073 1673 ac
1098 1630 1420 1689 consumpta
1446 1635 1568 1674 cum
1612 1619 1937 1674 intolerabili
1980 1620 2078 1673 do-

2185 1627 2364 1697 μελῶν
2398 1626 2503 1681 ὑπὸ
2533 1626 2634 1695 τῆς
2662 1623 2949 1686 ἐρλκώσεως
2980 1622 3074 1674 καλ⁸
3105 1619 3463 1691 διαδρώσεως
3485 1620 3776 1689 ἀπερῤυητ

507 1712 621 1766 lore
659 1708 1006 1776 dillluebant,
1039 1711 1132 1764 sed
1156 1718 1210 1764 et
1247 1720 1508 1778 perpetuo
1536 1709 1873 1778 intemperiis
1905 1710 2079 1778 agita-

2181 1720 2358 1773 κότων
2383 1717 2533 1788 αὐτῷ
2585 1717 2836 1778 ἐλεεινῶς
2873 1714 3267 1783 κατετρύχετο,
3295 1711 3679 1780 συνεχέστατα
3714 1709 3774 1761 δὲ

506 1811 595 1857 tus
621 1802 938 1870 plerumque
989 1809 1179 1855 noctes
1225 1800 1504 1854 insomnes
1548 1815 1613 1853 ac
1667 1799 2081 1854 molestissimas

2185 1808 2290 1862 ὑπὸ
2318 1808 2428 1861 τῶν
2484 1807 2746 1877 Ἐρινύσιν
2772 1803 3267 1874 ὲκδειματούμενος
3318 1800 3535 1872 πικρῶς
3581 1816 3642 1854 τε
3680 1802 3776 1852 καὶ

505 1892 759 1947 ducebat.
792 1890 999 1945 Omitto
1047 1893 1226 1945 victus
1270 1889 1627 1945 acerbitatem
1676 1905 1741 1945 ac
1794 1891 2083 1959 turpitudi-

2186 1900 2410 1965 ἅθπνως
2440 1870 2705 1960 πολλάκις
2755 1897 2847 1950 τὸν
2904 1870 3222 1965 νυκτερινὸν
3271 1870 3468 1964 καιρόν
3524 1891 3771 1960 διήνυσε.

505 1995 679 2036 nem:
735 1981 849 2052 88
906 1981 1167 2053 quidquid
1215 1982 1357 2037 enim
1407 1983 1459 2036 in
1519 1983 1749 2051 prandio
1828 1984 1934 2037 cibi
1992 2000 2087 2053 per

2189 1991 2480 2060 Παρείσθω
2509 1990 2579 2043 τὰ
2607 1987 2704 2042 νῦν
2732 1988 2915 2055 λέγειν
2940 1987 3002 2039 τὸ
3021 1986 3121 2056 τῆς
3155 1985 3375 2054 διαίτης
3399 1983 3569 2053 ἀηδές
3588 2000 3650 2035 τε
3680 1985 3778 2039 καὶ

505 2071 692 2128 fauces
720 2074 1027 2144 trajecerat,
1049 2073 1098 2128 id
1134 2074 1364 2157 subinde
1407 2074 1703 2129 vomitibus
1732 2076 2083 2131 excernebat.

2188 2084 2467 2153 αἴσχιστον
2495 2100 2510 2113 ο
2550 2082 2689 2152 ὅπερ
2720 2082 2829 2150 γὰρ
2860 2079 2925 2133 ἂν
2972 2078 3113 2149 πρὸς
3160 2076 3388 2147 ἄριστον
3418 2073 3680 2145 βρώσεως
3705 2075 3771 2137 ⁸³,

508 2164 642 2219 Nam
673 2165 816 2220 illam
847 2166 899 2220 in
933 2165 1169 2221 famulos
1192 2166 1565 2236 arrogantiam
1598 2180 1663 2221 ac
1696 2165 1967 2222 feritatem
2000 2176 2086 2221 at-

2189 2177 2250 2229 ού
2284 2175 2487 2238 τελέως
2534 2171 2848 2227 καταποθὲν
2901 2170 3053 2242 παρὰ
3109 2168 3237 2231 τοὺς
3282 2167 3512 2235 ὲμετοὺς
3571 2165 3775 2232 ἔφθανε

507 2273 614 2330 que
632 2262 685 2312 in
709 2259 989 2329 exigendis
1012 2259 1290 2330 obsequiis
1318 2260 1693 2314 morositatem
1719 2258 1843 2329 quis
1872 2259 2087 2329 assequi

2192 2266 2537 2340 κρινόμενον.
2556 2264 2631 2318 Τὸ
2660 2263 2715 2317 δὲ
2745 2264 2874 2333 περὶ
2897 2262 3027 2325 τοὺς
3066 2259 3551 2331 ὕπηρετουμένους
3586 2256 3776 2325 ἰταμὸν

510 2350 740 2406 dicendo
780 2351 986 2420 possit?
1025 2349 1389 2406 Caedebantur
1411 2351 1655 2421 quotidie
1709 2351 1874 2421 virgis
1921 2350 2090 2420 pluri-

2192 2362 2289 2415 καὶ
2345 2358 2613 2431 θηριῶδες
2670 2356 2764 2411 τοῦ
2814 2356 3018 2427 τρόπου
3059 2354 3155 2409 καὶ
3207 2353 3306 2423 τῆς
3365 2348 3678 2421 ὑπηρεσίας
3719 2347 3776 2399 τὸ

511 2440 616 2496 bus
640 2440 996 2510 plurimorum
1029 2457 1279 2513 corpora.
1312 2442 1371 2499 In
1409 2458 1546 2514 quos
1575 2443 1663 2498 ille
1684 2442 1878 2514 pugnis
1897 2454 1950 2498 et
1978 2443 2090 2498 cal-

2192 2452 2632 2523 δυσαχθὲστατον
2669 2450 2788 2513 πῶς
2822 2448 2889 2503 ἄν
2912 2466 2996 2510 τις
3021 2448 3169 2511 εἴποι
3205 2445 3297 2519 [τὰ
3328 2444 3561 2514 φέροντα
3588 2441 3777 2509 σῶμα-

514 2531 668 2587 cibus
692 2533 938 2589 insiliens
970 2535 1141 2589 nihilo
1168 2550 1227 2590 se
1257 2536 1559 2591 carnivoris
1596 2538 1785 2592 bestiis
1821 2538 2090 2593 mitiorem

2192 2542 2320 2616 τα];
2355 2541 2595 2606 Μάστιξι
2642 2541 2753 2611 γὰρ
2794 2541 3032 2608 ἑκάστης
3069 2537 3288 2608 ἡμέρας
3316 2534 3538 2596 πολλαῖς
3567 2530 3776 2584 πολλῶν

514 2622 828 2693 praestabat.
856 2624 978 2685 Jan)
1016 2628 1384 2683 membrorum
1442 2628 1832 2698 oculorumque
1877 2630 2098 2684 mutila-

2195 2634 2581 2700 κατεξαινοντο
2608 2632 2841 2704 σώματα
2859 2647 2872 2660 °
2901 2629 3120 2693 καὶτὰς
3149 2628 3301 2698 ὄψεις
3327 2626 3502 2697 παίων
3529 2625 3776 2693 πυγμαῖς

513 2716 691 2779 tiones
720 2731 783 2771 ac
812 2717 1022 2788 reliqua
1057 2718 1108 2774 id
1140 2734 1313 2790 genus
1337 2720 1537 2775 acerba
1564 2720 1854 2791 supplicia,
1878 2731 1989 2774 tum
2013 2721 2095 2774 in-

2198 2728 2292 2782 καὶ
2325 2726 2424 2793 λὰξ
2450 2725 2804 2795 ὲναλλόμενος
2853 2723 3008 2776 οὐδὲν
3040 2721 3149 2774 τῶν
3186 2718 3541 2791 σαρκοϐόρων
3573 2715 3777 2786 θηρίων

519 2817 777 2863 nocentes
821 2810 1071 2864 homines
1134 2810 1284 2864 ferro
1331 2806 1395 2866 ac
1425 2809 1659 2866 ﬂammis
1711 2811 2093 2881 interemptos,

2198 2816 2717 2888 φιλανθρωπότερον
2748 2816 3040 2887 ἔπραττεν,
3092 2813 3188 2866 Ἐκ
3219 2811 3492 2882 στόματος
3510 2809 3570 2862 δὲ
3599 2805 3778 2878 μελῶν

520 2901 820 2968 praesertim
855 2900 1214 2969 ortbodoxos,
1240 2903 1368 2972 quid
1412 2903 1609 2958 attinet
1630 2903 1851 2958 dicere?
1882 2903 2094 2959 Etenim

2200 2912 2294 2965 καὶ
2322 2910 2620 2982 ὀφθαλμῶν
2651 2908 2956 2981 πηρώσεις,
2979 2907 3073 2960 καὶ
3102 2906 3172 2960 τὰ
3218 2905 3357 2959 ἄλλα
3380 2906 3482 2958 ὃσα
3515 2899 3669 2955 δεινὰ
3694 2916 3780 2952 κο-

522 2988 721 3045 l‘uroris
749 2991 895 3075 illius
926 2993 1189 3049 satellites
1208 3009 1274 3048 ac
1302 2995 1540 3050 ministri
1569 3010 1731 3051 nasos
1767 2996 2099 3066 quampluri-

2199 3004 2492 3075 λαστήρια,
2533 3002 2626 3056 καὶ
2669 3002 2884 3071 σφαγὰς
2929 2999 3150 3063 όιδίκους
3188 2996 3399 3068 ἀνδρῶν
3444 2992 3661 3055 ἁθώων,
3693 2991 3784 3045 καὶ

521 3095 641 3136 mos
675 3064 879 3138 sanctis
902 3085 1034 3140 viris
1063 3086 1334 3141 abscissos
1373 3086 1426 3141 in
1459 3088 1631 3151 disco,
1652 3096 1711 3142 ut
1739 3064 1866 3143 olim
1898 3064 2096 3144 Herodi

2200 3097 2327 3158 τοὺς
2359 3064 2447 3147 διὰ
2476 3064 2649 3164 πυρὸς
2701 3064 3066 3163 πικροτάτους
3095 3064 3387 3154 θανάτους,
3449 3086 3692 3157 μάλιστα
3730 3084 3782 3137 δὲ

520 3174 883 3232 Pmcursoris
921 3187 1106 3248 caput,
1136 3178 1217 3234 sic
1239 3192 1380 3234 novo
1408 3176 1608 3234 Herodi
1638 3179 1943 3234 suavissimi
1981 3179 2100 3235 loco

2207 3186 2349 3240 κατὰ
2411 3185 2521 3240 τῶν
2563 3184 2998 3257 ὀρθοδοξούντων
3043 3180 3552 3251 ἐπιδεικνυμένους,
3585 3179 3639 3231 τί
3688 3177 3787 3253 χρὴ

523 3269 765 3323 muneris
787 3268 1112 3325 oll‘crebant.
1140 3272 1221 3326 Ad
1242 3271 1358 3327 baac
1374 3271 1573 3329 eli'ossa
1599 3272 1872 3342 plerisque
1896 3271 2097 3326 lumina

2204 3281 2298 3335 καὶ
2347 3278 2567 3349 λέγειν;
2611 3280 2674 3332 Οἱ
2726 3278 2837 3348 γὰρ
2871 3279 2970 3345 τῆς
3014 3275 3213 3345 μανίας
3278 3271 3447 3327 αὐτοῦ
3505 3271 3789 3340 δυσμενεῖς

523 3360 913 3431 ambustasque
933 3375 1120 3431 genas,
1146 3372 1200 3417 et
1215 3363 1541 3419 exhaustum
1565 3366 1880 3435 sanguinem
1907 3376 2107 3421 teetan-

2206 3373 2549 3427 ὑπασπισταὶ
2591 3370 2686 3424 καὶ
2735 3368 3022 3438 δορυφόροι
3062 3369 3214 3437 ῥῖνας
3264 3365 3362 3435 μὲν
3407 3361 3482 3425 ὡς
3528 3360 3790 3423 πλείστας

526 3460 615 3503 tur
644 3450 679 3504 ii
703 3451 794 3518 qui
819 3452 874 3505 in
907 3451 1226 3507 hodiernum
1269 3454 1411 3507 diem
1438 3469 1629 3508 earum
1666 3454 1901 3509 cladium
1937 3454 2105 3509 vesti-

2208 3463 2514 3535 ἀνθρώπων
2551 3462 2716 3514 όσίων
2751 3458 3147 3526 ἀποτεμόντες,
3176 3455 3367 3525 ὥσπερ
3399 3452 3499 3523 τὴν
3528 3449 3627 3504 τοῦ
3665 3467 3791 3520 προ-

525 3542 612 3611 gia
644 3542 1056 3598 circumferunt.
1084 3545 1345 3599 Inusitata
1371 3559 1535 3613 porro
1566 3555 1623 3600 et
1659 3547 1931 3601 horrenda
1964 3561 2109 3600 mor-

2208 3556 2414 3628 δρόμου
2474 3553 2644 3608 πάλαι
2705 3550 2955 3621 κεφαλὴν
3015 3546 3250 3618 Ἡρώδῃ,
3284 3544 3427 3598 οὕτω
3461 3543 3556 3595 καὶ
3607 3541 3689 3612 τῷ
3714 3540 3792 3608 ἐφ’

529 3635 602 3689 tis
630 3649 829 3705 genera
858 3635 926 3691 ab
951 3636 1143 3692 eodem
1165 3640 1476 3708 excogitata
1512 3654 1618 3693 non
1660 3639 1820 3694 modo
1843 3639 2109 3708 profunda

2213 3647 2372 3717 ἡμῶν
2423 3643 2640 3716 Ἡρώδη
2691 3638 2803 3695 οἷον
2850 3642 3026 3708 δῶρον
3071 3639 3168 3708 ἡδὺ
3210 3638 3306 3691 xui.
3335 3635 3647 3706 ἐπέραστον
3682 3632 3794 3685 ἐκό-

530 3736 730 3781 norunt
782 3728 975 3793 maria,
1015 3730 1110 3783 sed
1147 3739 1200 3783 et
1238 3729 1354 3797 ipsa
1388 3731 1781 3799 propemodum
1817 3744 1946 3785 saxa
1991 3745 2114 3801 per-

2217 3737 2375 3809 μιζον
2428 3735 2523 3789 ἐπὶ
2562 3734 2816 3793 πίνακος.
2875 3723 3210 3801 ὐφθαλμῶν
3263 3724 3543 3797 ἔξορύξεις
3600 3724 3650 3755 η
3706 3721 3797 3775 καὶ

531 3829 729 3870 sonare
761 3816 1039 3871 videntur.
1070 3816 1226 3882 Quod
1254 3830 1387 3872 vero
1435 3818 1501 3871 ad
1546 3830 1642 3870 eas
1691 3817 1951 3871 victorias
1991 3830 2115 3886 spe-

2214 3826 2493 3899 γενειάδος
2558 3822 2944 3896 ὲμπυρισμοὺς
2987 3821 3083 3874 καὶΙ
3130 3818 3385 3890 αἱμάτων
3415 3813 3678 3885 ἐκχύσεις
3707 3812 3799 3867 καὶ

532 3918 649 3962 ctat
675 3924 812 3979 quas
845 3910 990 3965 illius
1029 3909 1277 3965 fautores
1312 3910 1488 3964 rabidi
1516 3924 1581 3964 ac
1623 3907 1818 3963 furiosi
1870 3909 2116 3963 homines

2220 3917 2595 3992 μαρτυροῦσιν
2643 3918 2692 3970 οἱ
2745 3915 2908 3986 μέχρι
2938 3913 3032 3966 κοιλ⁵
3067 3911 3164 3966 νῦν
3190 3910 3259 3963 τὰ
3287 3907 3540 3979 σύμϐολα
3570 3905 3801 3977 περιφέ-

535 4001 673 4057 falso
708 4004 833 4058 huic
856 4002 1140 4072 aﬂingunt,
1171 4014 1230 4058 ut
1253 4005 1320 4058 de
1352 4018 1418 4058 ea
1458 4004 1654 4074 loquar
1681 4018 1804 4073 quas
1833 4005 1977 4059 inter
2000 4018 2120 4057 om-

2222 4014 2427 4082 ροντες.
2456 4007 2736 4070 Θανάτους
2766 4006 2824 4058 δὲ
2872 4004 3084 4075 βιαίους
3114 4001 3224 4054 τῶν
3257 3998 3517 4053 τοιούτων
3537 3997 3633 4051 καὶ
3654 3997 3800 4062 ἔξαι-

539 4109 635 4148 nes
686 4096 957 4163 prazcipua
1013 4105 1288 4159 censetur,
1343 4096 1612 4165 ejusmodi
1674 4105 1821 4151 sunt.
1866 4096 2004 4151 Cum
2049 4098 2118 4151 ad

2220 4104 2372 4165 σίους
2408 4103 2437 4153 ὁ
2494 4099 2596 4171 τῆς
2642 4097 2926 4166 θαλάσσης
2991 4094 3156 4165 βυθὸς
3203 4093 3519 4152 ἐπίσταται,
3557 4091 3607 4142 οἱ
3670 4087 3802 4141 λίθοι

539 4185 933 4256 pmpnlsandos
984 4187 1356 4243 occidentales
1411 4185 1649 4256 Scythiae
1698 4189 1922 4257 populos
1950 4204 2120 4259 expe-

2220 4194 2538 4266 κρὰζουσιν.
2602 4192 2702 4253 Ἀς
2723 4189 2780 4242 δὲ
2841 4187 3308 4255 περιπλάττουσιν
3365 4181 3514 4248 αὐτῷ
3571 4180 3730 4243 νίκας
3758 4178 3806 4231 οἱ

539 4280 798 4333 ditionem
827 4288 1095 4349 parasset,
1124 4279 1366 4335 collectis
1395 4280 1646 4335 omnibus
1671 4281 1843 4350 copiis
1860 4283 2122 4336 commis-

2220 4284 2583 4357 ἐμϐρόντητοι
2605 4283 2651 4315 ⁸³
2690 4280 2790 4335 καὶ
2832 4276 3134 4339 λυσσὼδεις
3160 4274 3471 4346 ὁμόφρονες
3496 4269 3694 4334 αὐτοῦ,
3726 4270 3808 4323 ἵνα

543 4386 711 4441 soque
735 4386 857 4425 cum
890 4372 1047 4425 hoste
1074 4371 1283 4439 praelia,
1315 4371 1528 4441 qualem
1562 4372 1686 4425 inde
1711 4372 1998 4427 victoriam
2031 4387 2121 4428 re-

2226 4378 2355 4449 μιᾶς
2376 4377 2477 4447 τῆς
2505 4372 2809 4446 κρατίστης
2841 4370 3024 4423 αὐτῶν
3066 4365 3523 4438 ὲπιμνησθῶμεν,
3556 4361 3809 4416 τοιαῦταί

543 4464 886 4533 tulerit,quae
933 4463 999 4517 ad
1033 4463 1136 4517 hoc
1172 4473 1382 4532 tempus
1425 4473 1715 4533 supersunt
1769 4463 1991 4533 vestigia
2024 4464 2122 4518 de-

2224 4475 2401 4524 siotv‘
2455 4466 2677 4538 Ἐπειδὴ
2710 4463 3130 4537 παρεσκεύαστο
3174 4461 3313 4532 πρὸς
3367 4460 3428 4513 τὸ
3482 4461 3540 4512 ὲν
3577 4457 3813 4526 δυσμαῖς

545 4557 775 4613 clarant.
803 4558 967 4626 quue
988 4557 1154 4612 etiam
1183 4555 1342 4610 hodie
1389 4569 1522 4610 cava
1561 4555 1647 4609 illa
1697 4555 1765 4610 ad
1828 4550 2121 4610 Acheloum

2230 4562 2624 4635 εἰσῳκισμένον
2659 4558 2928 4612 Σκυθικὸν
2958 4556 3113 4618 ἔθνος
3151 4553 3492 4624 ἀμύνασθαι,
3543 4547 3815 4620 ὐπαθροί-

544 4651 732 4704 nrbem
761 4664 824 4704 ac
856 4650 1109 4717 depressa
1154 4646 1410 4719 planities
1442 4647 1558 4718 89
1609 4648 1831 4713 indicat,
1865 4664 2124 4723 caesorum

2229 4657 2312 4721 ζει
2348 4655 2456 4708 πᾶν
2482 4652 2544 4705 τὸ
2577 4651 2670 4705 ὑπ’
2701 4649 2866 4703 αὑτοῦ
2896 4649 2943 4680 ⁵⁸
2997 4647 3340 4720 στράτευμα,
3389 4645 3487 4696 καὶ
3513 4645 3596 4705 εἰς
3619 4639 3818 4711 χεῖράς

548 4743 807 4799 membris
863 4758 927 4797 eo
961 4752 1210 4812 tempore
1265 4751 1548 4797 constrata
1595 4758 1611 4796 :
1655 4756 1780 4795 nam
1840 4741 2130 4796 universus

2229 4763 2290 4799 τε
2313 4747 2427 4808 τοῖς
2456 4743 2739 4812 πολεμίοις
2767 4740 2883 4805 ἰὼν,
2908 4739 3097 4792 ὁποῖον
3115 4738 3266 4807 αὐτῷ
3287 4736 3385 4790 τοῦ
3409 4734 3652 4804 πολέμου
3683 4732 3820 4803 κρά-

547 4851 687 4907 pene
710 4834 1079 4890 Romanorum
1118 4834 1399 4889 exercitus
1427 4832 1754 4905 Scytharum
1784 4832 1976 4904 gladiis
2001 4848 2131 4887 con-

2231 4854 2322 4899 τος
2347 4833 2733 4904 κατώρθωται,
2762 4833 3032 4902 μαρτυρεῖ
3054 4831 3126 4883 τὰ
3150 4828 3460 4898 φαινόμενα
3482 4843 3494 4856 ·
3522 4826 3689 4896 μέχρι
3712 4821 3822 4892 γὰρ

551 4929 730 4984 l'ossus
760 4937 866 4983 est.
905 4927 1059 4994 Quod
1078 4928 1121 4981 si
1147 4926 1290 4982 forte
1327 4927 1581 4993 exiguum
1612 4925 1870 4994 quiddam
1913 4935 1969 4979 et
2003 4942 2133 4979 con-

2233 4927 2331 4978 καὶ
2360 4925 2607 4994 τήμερον
2632 4922 2701 4975 τὰ
2728 4924 2873 4976 κατὰ
2897 4922 3000 4991 τὴν
3034 4918 3272 4990 Ἀχελὼν
3291 4917 3638 4987 καλουμένην
3668 4913 3824 4967 πόλιν

550 5019 898 5075 temncndum
928 5019 996 5073 ab
1030 5032 1095 5071 eo
1129 5026 1343 5086 gestum
1375 5023 1491 5079 est,
1522 5014 1789 5084 ejusmodi
1819 5015 1976 5082 ,istud
2012 5014 2131 5068 fuit.

2240 5020 2395 5074 κοῖλα
2453 5017 2548 5072 καὶ
2583 5016 2887 5086 πεδιάσιμα
2935 5016 3134 5086 χωρία,
3197 5012 3234 5067 ἃ
3274 5012 3382 5065 τῶν
3416 5008 3737 5080 εἰρημένων
3780 5008 3822 5039 ⁸⁵

551 5114 917 5184 Posteaquam
965 5110 1275 5167 Orientales
1319 5110 1592 5165 barbaros
1639 5124 1670 5163 a
1727 5108 1959 5163 ducibus
2019 5108 2133 5163 suis

2240 5112 2459 5179 ἐδέξατο
2518 5111 2586 5164 τὰ
2623 5109 2797 5175 κῶλα,
2852 5107 3039 5177 σαφῶς
3097 5105 3567 5161 ὑποδεικνύουσιν.
3621 5102 3826 5171 Ἔργον

552 5208 820 5264 dissidere
853 5207 1121 5277 comperit
1145 5218 1200 5261 et
1230 5206 1375 5261 civili
1428 5205 1570 5260 bello
1597 5202 1873 5269 distineri,
1904 5202 2133 5259 latronis

2241 5206 2350 5275 γὰρ
2382 5205 2481 5272 τῆς
2507 5201 2779 5271 Σκυθικῆς
2833 5201 3109 5272 μαχαίρας
3140 5200 3291 5254 ἅπαν
3339 5196 3526 5268 σχεδὸν
3555 5193 3617 5247 τό
3660 5194 3828 5263 στρά·

553 5316 707 5357 rnore
752 5301 934 5372 potius
976 5316 1141 5371 quam
1202 5299 1549 5371 imperatoris
1598 5298 1654 5353 in
1703 5297 2016 5352 Armeniam
2081 5305 2136 5351 et

2242 5312 2422 5367 τευμα
2457 5294 2567 5348 τῶν
2617 5292 2906 5369 Ῥωμαίων
2933 5294 3182 5361 γέγονεν.
3224 5290 3287 5344 Et
3314 5290 3373 5343 δέ
3417 5306 3470 5341 τι
3502 5286 3701 5358 μικρὸν
3734 5283 3829 5338 καὶ

560 5394 775 5465 Syriam
807 5394 1130 5449 furibundus
1170 5393 1443 5461 irrumpit,
1480 5392 1663 5462 ibique
1701 5389 1996 5445 incolarum
2040 5389 2135 5443 de-

2244 5388 2307 5441 ού
2336 5388 2476 5441 πάνυ
2511 5385 2793 5455 ἀξιόλογον
2851 5385 3102 5457 ἔδρασεν,
3158 5382 3319 5436 τοῦτό
3349 5382 3466 5436 ἔστι
3494 5396 3509 5412 ⁸
3556 5379 3687 5442 τοὺς
3720 5376 3830 5448 γὰρ

1876 5565 2105 5622 VARle
2142 5565 2551 5621 LECTIONES.

642 5753 690 5785 ⁵ο
726 5751 1259 5822 συνδιαιτησαμένων
1287 5751 1561 5808 Petavius.
1639 5751 1679 5783 σι
1710 5749 2036 5822 προπάροιτο
2070 5746 2194 5822 pp)?
2239 5748 2311 5822 _“
2337 5745 2635 5819 ὀφθαλμῶν
2656 5744 2697 5799 δ’
2723 5743 3033 5816 ἐξορύξεις,
3065 5739 3269 5797 omisso
3290 5738 3385 5793 καὶ
3411 5743 3530 5805 post
3556 5728 3832 5803 ἐκχύσεις·

581 5821 627 5855 ⁵³
646 5819 1026 5889 ὲρδρόντιστοι
1058 5819 1240 5893 vulgo.
1316 5823 1363 5855 ⁸³
1398 5822 1579 5892 aii-up?
1653 5824 1697 5855 ⁵⁸
1727 5819 1834 5875 τῶν
1858 5819 2255 5892 ἀνῃρημένωνῖ
3308 5822 3313 5827 ’
