4060 6422
379 321 488 384 993

1315 322 1413 384 DE
1455 322 1709 384 REBUS
1747 322 1933 383 POST
1972 325 2420 388 MAURICIUM
2459 328 2752 392 GESTIS.

3548 337 3647 401 994

380 431 524 501 πρὸς
558 432 826 496 ἀνατολὰς
871 433 1158 495 οἰκοῦντας
1193 431 1508 503 βαρϐάρους
1547 432 1806 501 ἀκηκοὼς
1838 435 1966 505 περὶ

2071 438 2275 494 ditione
2321 441 2603 508 occupatis
2655 441 2865 510 aliquot
2915 445 3154 502 castellis
3183 449 3399 502 eosdem
3439 447 3561 502 illos
3593 449 3645 503 in

375 525 514 586 τοὺς
553 525 789 588 οἰκείους
819 527 1096 597 ἡγεμόνας
1141 525 1628 589 διαστασιάζοντας
1689 527 1784 578 καὶ
1825 527 1963 598 πρὸς

375 616 476 667 τὸν
507 617 773 685 ἐμφύλιον
806 620 1040 688 πόλεμον
1071 617 1528 688 ἀσχολουμένους,
1586 617 1963 690 λῃστρικώτε-

380 706 476 778 ρόν
519 725 634 770 πως
694 709 893 777 μᾶλλον
947 710 978 779 ἢ
1049 697 1558 779 στρατηγικώτερον
1619 705 1693 771 ὠς
1751 708 1967 760 λυσσῶν

378 798 556 850 ἐπιὼν
588 804 698 862 τοῖς
734 801 1030 872 Ἀρμενίας
1059 803 1151 854 καὶ
1177 801 1374 872 Συρίας
1404 802 1647 872 χωρίοις,
1688 800 1797 853 τῶν
1827 800 1967 853 ὲκεί-

377 907 498 952 νοις
544 892 820 962 φρουρίων
871 893 1022 966 αἱρεῖ
1047 893 1315 965 ὁμολογίᾳ
1362 894 1472 946 τῶν
1524 894 1964 965 προσοικούντων

379 988 478 1041 καὶ
515 989 605 1039 ἐπὶ
639 989 738 1058 τὴν
775 990 998 1061 Θρᾴκην
1022 991 1221 1053 αὐτοὺς
1255 991 1557 1061 μετήγαγε.
1591 989 1835 1042 Τοιαῦτα
1867 990 1966 1058 μὲν

377 1077 476 1132 οὖν
505 1081 574 1133 τά
614 1080 825 1133 ἐκείνου
859 1081 1336 1152 ἀνδραγαθήματα
1358 1083 1452 1134 καὶ
1474 1081 1542 1134 τά
1582 1080 1706 1134 κατ’
1753 1081 1967 1150 ἐχθρῶν

378 1170 780 1239 σχεδιαζόμενα
830 1171 1090 1242 τρόπαια.
1133 1172 1374 1225 Τοιαῦτα
1422 1173 1516 1224 καὶ
1566 1173 1636 1224 τὰ
1693 1173 1835 1224 κατά
1869 1172 1967 1240 τῆς

375 1260 645 1330 ἀληθείας
669 1264 762 1314 καὶ
801 1263 1084 1327 εὐσεϐείας
1122 1264 1514 1332 νεανιεύματα.
1559 1264 1964 1334 ’Λπηναισχύν-

377 1371 552 1424 τησεν
582 1355 692 1424 γὰρ
734 1357 875 1408 κατά
897 1373 956 1408 τε
1003 1357 1095 1408 τοῦ
1131 1357 1266 1410 Θεοῦ
1301 1357 1489 1426 μανεὶς
1532 1357 1629 1409 καὶ
1681 1357 1822 1408 κατά
1857 1355 1969 1408 τῶν

379 1446 548 1516 ἱερῶν
584 1447 797 1518 ἀνδρῶν
828 1447 934 1500 τῶν
970 1447 1160 1516 ῶσπερ
1194 1448 1344 1518 αὐτῷ
1379 1448 1754 1518 ἀναθημάτων
1791 1464 1963 1518 προσο

378 1540 654 1608 ηκόντων.
705 1542 815 1592 Καὶ
841 1538 901 1591 τὸ
931 1540 1225 1607 ἁγγελικδν
1253 1540 1318 1610 δὴ
1366 1538 1527 1593 τοῦτο
1557 1541 1650 1592 καὶ
1681 1540 1969 1592 ἀποστολι-

377 1634 476 1686 κὸν
508 1633 603 1686 τοῦ
635 1632 934 1703 μοναχικοῦ
964 1632 1078 1702 βίου
1105 1633 1292 1703 σχῆμα
1324 1632 1747 1704 βδελυττόμενος
1785 1635 1812 1684 ὁ
1847 1631 1969 1684 θεο-

381 1725 556 1794 μισής
585 1741 645 1776 τε
705 1725 800 1776 κα)⁸
835 1723 1083 1794 βέϐηλος,
1131 1724 1422 1794 ἐπώνυμον
1469 1725 1571 1793 τῆς
1629 1724 1964 1787 θεοσεϐείας,

2071 531 2354 585 Thraciam
2376 541 2726 603 transportat.
2761 533 2887 592 Haac
2913 533 3206 595 suntistius
3239 540 3472 597 hominis
3488 556 3646 612 egre-

2069 618 2151 687 gia
2192 618 2356 683 facta,
2399 620 2514 676 haec
2573 626 2946 680 commentitia
2987 627 3052 680 dc
3107 629 3354 684 hostibus
3389 640 3588 698 tropaea
3627 649 3642 686 :

2071 708 2358 778 ejusmodi,
2394 711 2636 779 inquam,
2672 725 2798 768 sunt
2833 731 2952 782 quae
2992 718 3286 773 insolenter
3334 721 3423 774 ille
3453 731 3646 776 contra

2076 803 2354 857 veritatem
2381 813 2436 858 et
2461 805 2714 874 pietatem
2744 807 2961 862 molitus
2997 822 3102 864 est.
3141 811 3351 865 Etenim
3385 812 3522 866 citra
3562 813 3648 866 ul-

2070 893 2176 948 lam
2209 898 2590 951 verccundiam
2637 910 2828 954 contra
2874 900 3042 955 Deum
3097 903 3393 958 bacchatus
3427 913 3512 958 est
3563 920 3647 958 sa-

2070 1002 2301 1056 crasque
2329 1003 2414 1042 res
2441 990 2490 1043 ei
2532 999 2788 1058 tanquam
2827 991 3050 1047 donaria
3096 1005 3467 1050 consecratas.
3505 995 3646 1062 Quin

2070 1079 2235 1132 etiam
2273 1081 2578 1149 angelicum
2627 1082 2756 1136 illud
2805 1092 2859 1137 et
2919 1085 3276 1152 apostolicum
3335 1087 3646 1140 monasticae

2071 1173 2192 1226 vita:
2217 1187 2382 1244 genus
2412 1175 2574 1228 homo
2599 1189 2627 1227 a
2659 1176 2768 1230 Deo
2795 1187 3111 1230 exsecratus
3141 1192 3202 1230 ac
3241 1177 3500 1244 profanus
3529 1187 3583 1232 et
3613 1195 3646 1232 a

2070 1262 2376 1319 Christiana
2432 1265 2698 1335 religione
2757 1265 2896 1320 falso
2945 1263 3643 1336 cognominatus'illaudati

2073 1357 2437 1426 appellatione
2485 1359 2742 1412 notavit:
2801 1358 3136 1413 abominatio
3187 1361 3329 1413 enim
3375 1359 3646 1428 peccaturi

2069 1461 2152 1504 est
2180 1450 2374 1520 pietas,
2398 1459 2452 1503 et
2479 1460 2701 1504 sanctus
2737 1449 2982 1519 impurus
3021 1459 3106 1504 est
3147 1451 3287 1518 apud
3327 1451 3642 1505 sceleratos.

2068 1538 2186 1594 Jam
2213 1555 2340 1594 vero
2363 1540 2579 1610 qualem
2615 1541 2666 1594 in
2688 1554 2782 1594 eos
2807 1540 3149 1610 tyrannidem
3174 1540 3505 1603 exercuerit,
3524 1541 3645 1608 quis

2071 1647 2170 1700 pro
2220 1631 2436 1698 merito,
2506 1642 2565 1684 ut
2613 1639 2741 1685 ante
2779 1631 2912 1696 dixi,
2971 1645 3398 1686 commemorare
3441 1630 3648 1701 possit!

2071 1723 2275 1794 Quippe
2307 1725 2696 1780 conventiones
2751 1724 2870 1778 illas
2907 1733 3176 1793 pactaque
3214 1725 3413 1790 quibus
3461 1725 3645 1778 divino

373 1817 440 1870 τὸ
482 1817 896 1887 ἀμνημόνευτον
931 1818 1117 1880 αὐτοῖς
1149 1817 1472 1889 ἐπέγραψεν
1504 1818 1696 1887 ὄνομα.
1730 1817 1966 1886 Βδέλυγ-

2069 1830 2126 1870 se
2156 1815 2361 1870 numini
2391 1815 2798 1870 obstrinxerant
2833 1815 3144 1870 rescindere
3187 1824 3431 1879 coactos,
3460 1829 3526 1869 ac
3556 1829 3646 1870 sa-

382 1924 464 1976 μα
503 1906 614 1975 γὰρ
667 1907 1014 1977 ἁμαρτωλῶν
1069 1908 1384 1973 θεοσέϐεια,
1429 1910 1524 1961 καὶ
1571 1910 1599 1960 6
1652 1909 1796 1969 ὅσιος
1829 1905 1966 1960 ἀκά-

379 2000 586 2070 θαρτος
645 1999 794 2070 παρά
858 2001 1215 2071 κακούργοις.
1277 1995 1379 2054 Οἷα
1449 2000 1505 2053 δὲ
1565 2000 1704 2071 πρὸς
1768 2001 1966 2063 αὐτοὺς

380 2092 675 2160 τυραννίδα
720 2091 888 2145 ἐπιὼν
943 2095 972 2147 ὁ
1033 2095 1296 2165 τύραννος
1348 2093 1566 2164 ἔδρασε,
1617 2095 1698 2155 τίς
1751 2094 1839 2157 ἂν,
1891 2093 1968 2156 ὡς

390 2184 553 2254 ἔφην,
610 2185 772 2248 ἀξίως
819 2185 1177 2256 διηγήσηται;
1231 2186 1331 2248 τάς
1390 2202 1450 2237 τε
1511 2184 1618 2255 γὰρ
1668 2185 1818 2254 παρά
1845 2183 1967 2253 Θεῷ

390 2277 810 2346 ἐπηγγελμένας
845 2278 1035 2340 αὐτοῖς
1077 2277 1367 2346 ὁμολογίας
1407 2277 1500 2330 καὶ
1536 2275 1812 2346 συνθήκας
1839 2274 1967 2327 ἀθει-

382 2369 504 2420 τεῖν
526 2367 933 2438 ἐκϐιαζόμενος,
957 2370 1050 2422 καὶ
1078 2368 1137 2420 τὸ
1166 2368 1307 2438 ἱερὸν
1339 2370 1526 2438 σχῆμα
1557 2367 1968 2436 ἀπορρίψαντας

375 2462 442 2511 τὸ
479 2461 584 2512 τῶν
615 2460 816 2513 λαῖκῶν
841 2463 868 2514 ὁ
895 2461 1209 2530 παράνομος
1239 2461 1598 2529 ἐνομοθέτησε
1632 2459 1968 2529 μεταμφιέν-

375 2552 601 2607 νυσθαι.
631 2554 708 2606 Τά
732 2553 786 2606 δὲ
817 2555 895 2616 εἰς
925 2551 1084 2617 δόξαν
1113 2553 1208 2606 τοῦ
1234 2552 1369 2604 Θεοῦ
1406 2552 1665 2621 ἱδρυμένα
1699 2551 1966 2622 μοναστή-

377 2661 479 2714 ρια
514 2645 860 2714 στρατιωτῶν
907 2645 1204 2716 οίκητήρια
1239 2644 1334 2698 καὶ
1370 2643 1703 2696 ἱπποστάσια
1733 2642 1826 2695 καλ¹
1877 2658 1968 2694 κο-

375 2737 609 2807 πρῶνας
661 2741 688 2790 6
737 2738 1032 2805 κοπρόνους
1087 2738 1180 2790 καὶ
1225 2735 1584 2806 κοπρὼνυμος
1642 2735 1964 2805 πεποίηκεν.

377 2825 525 2883 Εἶτα
554 2830 688 2900 πρὸς
712 2830 788 2899 τῷ
818 2830 960 2882 τέλει
987 2829 1095 2881 τῶν
1133 2828 1320 2881 κακῶν
1365 2829 1457 2882 καὶ
1493 2828 1592 2880 τοῦ
1644 2825 1969 2895 θεοστυγοῦς

376 2920 554 2973 αὐτοῦ
583 2921 700 2991 βίου
734 2923 1050 2992 γενόμενος,
1083 2923 1178 2974 καὶ
1207 2920 1456 2991 πυρετῶν
1479 2919 1698 2986 ὀξύτητι
1726 2920 1819 2970 καὶ
1843 2918 1968 2988 φλο-

375 3015 592 3081 γὼσεσι
643 3015 1202 3085 καταπιμπράμενος,
1238 3015 1337 3083 τῆς
1388 3011 1746 3081 ἐκδεξομένης
1806 3011 1968 3064 αὐτὸν

377 3108 616 3176 γεέννης
671 3107 953 3176 προδήλως
1003 3107 1101 3175 τὴν
1164 3106 1338 3174 φλόγα
1389 3103 1774 3173 προθεώμενος
1835 3119 1969 3155 κατ-

2065 1909 2444 1964 eris-vestibus
2491 1917 2686 1962 exutos
2731 1907 2993 1961 laicorum
3033 1907 3100 1960 ad
3135 1906 3337 1961 cultum
3374 1905 3482 1961 lata
3527 1908 3646 1975 lege

2065 2002 2306 2056 nefarius
2347 1999 2436 2054 ille
2487 1999 2785 2055 transtulit.
2836 1997 2968 2064 Quae
2991 2012 3123 2052 vero
3150 1998 3215 2051 ad
3251 1998 3512 2052 honorent
3547 1997 3642 2051 Dei

2065 2091 2359 2145 constituta
2398 2099 2554 2144 erant
2584 2088 2936 2153 monasteria,
2970 2101 3032 2141 ea
3090 2087 3144 2141 in
3186 2086 3416 2140 militum
3461 2088 3644 2141 diver-

2066 2183 2207 2237 soria
2235 2189 2290 2236 et
2307 2195 2568 2250 equorum
2593 2179 2800 2234 stabula
2832 2187 2887 2233 et
2917 2178 3148 2232 latrinas
3173 2188 3482 2233 stercoreus
3509 2187 3564 2232 et
3609 2193 3641 2233 a

2067 2281 2308 2327 stercore
2339 2272 2755 2342 cOgnominatus
2779 2269 3073 2325 convertit.
3108 2268 3347 2323 Tandem
3381 2283 3503 2324 cum
3522 2283 3642 2323 sce-

2067 2363 2239 2416 lerum
2268 2377 2488 2416 suorum
2524 2370 2580 2415 et
2616 2359 2972 2415 exsecrabilis
3012 2357 3137 2412 vita
3180 2358 3474 2412 terminum
3513 2356 3643 2412 atti-

2067 2454 2265 2523 gisset,
2326 2464 2607 2506 acutarum
2669 2450 2901 2505 febrium
2959 2451 3243 2504 ardoribus
3298 2456 3640 2515 exaestuans,

2065 2547 2177 2617 90
2233 2560 2453 2616 geenna:
2498 2543 2776 2605 ﬂammas,
2826 2556 2944 2610 quae
3008 2556 3068 2596 se
3123 2549 3244 2610 post
3283 2541 3449 2594 vitam
3485 2555 3644 2594 exce-

2068 2649 2241 2709 ptura:
2271 2646 2453 2698 erant,
2500 2634 2672 2688 oculis
2703 2633 3030 2701 usurpabat,
3073 2646 3138 2685 ac
3181 2631 3454 2700 pervigilis
3501 2629 3644 2682 illius

2068 2731 2268 2785 vermis
2299 2743 2510 2782 morsus
2550 2725 2950 2796 quodammodo
2999 2721 3294 2786 sentiebat,
3327 2721 3378 2774 in
3417 2721 3642 2774 horren-

2069 2821 2167 2874 dos
2198 2818 2414 2874 assidue
2435 2816 2700 2870 clamores
2728 2830 2790 2868 ac
2823 2813 3170 2868 vehementes
3191 2826 3501 2880 erumpens,
3525 2824 3646 2879 quae

2070 2920 2230 2964 erant
2257 2924 2480 2980 geenme
2519 2909 2763 2975 quaedam
2812 2906 2987 2962 initia.
3026 2904 3132 2958 Tot
3171 2905 3337 2973 igitur
3371 2904 3646 2971 tantisque

2070 3003 2276 3059 deliciis
2297 3002 2678 3070 acquiescens,
2708 3001 2906 3070 quibus
2952 2997 3344 3052 Diocletianum
3383 3003 3438 3048 et
3473 2992 3646 3047 Maxio

2072 3095 2309 3148 mianum
2374 3092 2500 3145 olim
2572 3092 2896 3144 iinmortuos
2927 3088 3271 3156 accepimus,
3329 3095 3494 3154 atque
3541 3084 3646 3137 hoc

375 3218 426 3251 ω
441 3200 694 3268 πτρίζετο
718 3201 811 3252 καὶ
835 3199 931 3250 τοῦ
956 3199 1256 3267 ἀκοιμήτου
1283 3194 1566 3264 σκώληκος
1595 3193 1662 3246 τὰ
1686 3193 1960 3264 δήγματα,

2069 3187 2230 3240 modo
2253 3185 2395 3239 male
2420 3185 2634 3254 pariens
2669 3183 2950 3237 malusille
2975 3181 3301 3250 turpissima:
3333 3176 3645 3232 sceleratis-

379 3292 641 3344 σύντονόν
664 3309 724 3344 τε
763 3292 856 3344 καὶ
891 3292 1264 3360 γεγωνότερον
1307 3287 1515 3341 ἐκϐοῶν
1545 3286 1962 3355 ὲνδελεχέστατα

374 3385 488 3452 τῆς
516 3375 742 3454 γεέννης
769 3383 944 3436 ταῦτα
973 3384 1042 3435 τὰ
1087 3381 1366 3453 προαύλια
1391 3381 1486 3432 καὶ
1517 3377 1799 3450 προοίμια.
1822 3377 1967 3430 Ταύ-

374 3495 509 3541 ταις
537 3474 629 3530 οῦν
664 3481 758 3530 καὶ
797 3478 1088 3538 τοσαύταις
1128 3474 1446 3536 εὐπαθείαις
1494 3473 1960 3542 ὲπαναπαυσάμε-

2071 3279 2328 3346 sinusque
2359 3277 2484 3329 vita:
2519 3276 2678 3328 tinem
2728 3283 3059 3329 consecutus
3092 3281 3200 3333 est,
3245 3272 3406 3323 homo
3439 3268 3644 3323 Christi

2073 3382 2498 3438 sanctorumque
2540 3366 2658 3437 ejus
2696 3365 2938 3421 omnium
2976 3363 3236 3419 inimicus
3275 3371 3437 3430 atque
3472 3359 3644 3415 hosnis

2072 3464 2490 3520 infensissimus.
2538 3479 2559 3512 ι

373 3591 477 3634 νος
501 3589 518 3606 ·
553 3573 641 3638 ὑφ’
686 3566 761 3624 ὧν
783 3571 847 3642 δὴ
900 3572 995 3624 κοιλ⁸
1035 3567 1411 3638 Διοκλητιανόν
1446 3582 1506 3618 τε
1540 3565 1634 3617 καὶ
1664 3562 2010 3633 Μαξιμιανὸν
2051 3555 2503 3618 συντελεσθέντας
2556 3553 2848 3642 ἀκούομεν,
2905 3550 3049 3642 οὕτω
3084 3545 3274 3642 κακῶς
3294 3545 3415 3642 *καὶ
3446 3543 3647 3642 ἀθλίως

372 3633 765 3734 ἀπολλύμενος
819 3633 1230 3731 καταστρέφει-
1272 3659 1364 3711 τὸν
1415 3652 1698 3725 αἴσχιστόν
1785 3671 1846 3706 τε
1897 3653 1994 3705 καὶ
2033 3651 2298 3706 κάκιστον
2383 3645 2496 3716 βίον
2527 3647 2557 3698 ὁ
2595 3641 2862 3704 ἄσπονδος
2941 3639 3034 3693 τοῦ
3081 3636 3322 3710 Χριστοῦ
3383 3636 3480 3690 καὶ
3532 3633 3645 3688 τῶν

373 3760 564 3830 ἁγίων
587 3759 752 3812 αὐτοῦ
790 3759 1007 3812 πάντων
1048 3756 1242 3828 ἐχθρὸς
1287 3755 1380 3809 καὶ
1413 3752 1674 3824 πολέμιος
1715 3747 2172 3820 δυσμενέστατος.
2216 3763 2236 3798 ι

422 3924 446 3946 ι
