4060 6430
501 268 637 391 999
1539 324 1602 383 s.
1642 320 2062 383 NICEPHORI
2104 313 2616 378 PATRIARCHxE
2655 314 2769 389 cr,
2902 294 2903 297 ‘
3643 307 3786 373 1000

500 440 837 499 Palacobus
896 438 1062 494 Goar.
1098 435 1205 493 Sed
1241 436 1308 494 de
1334 437 1438 494 bac
1467 431 2232 507 NicephoriChronographia
2281 429 2528 501 pluribus
2566 427 2855 497 loquemur
2913 424 2967 480 in
3025 424 3268 482 editione
3316 421 3553 494 Operum
3608 424 3787 478 sancti

502 527 793 599 Nicephori
824 524 958 589 CP.,
980 524 1067 580 cui
1122 524 1432 595 propediem
1467 539 1687 579 manum
1735 522 2164 578 admovebimus.
2208 538 2229 572 ι
2262 513 3214 585 AttamenBandurius,oquomiuus
3248 511 3538 582 promissis
3563 511 3679 568 suis
3705 511 3791 568 bis

504 617 755 687 repetitis
783 622 975 678 staret,
1007 613 1198 668 nescio
1225 612 1422 681 quibus
1447 610 1847 679 impedimentis
1880 608 2150 664 cohibitus
2176 615 2281 663 est.

578 684 872 761 Uberior-es
915 708 1116 770 praeter
1167 697 1505 755 Bandurium
1531 698 1756 752 notitias
1779 698 1845 752 de
1873 698 2153 753 codicibus
2183 707 2315 748 mss.
2341 691 2632 762 Nicephori
2660 690 2837 762 palam
2886 697 3295 762 proposuerunt
3325 687 3431 742 viri
3478 684 3789 742 doctissimi

506 792 858 852 Lambecius.
885 787 1234 844 Moutfaucou
1267 801 1323 842 et
1362 785 1601 850 Yriarte,
1622 785 1688 839 de
1712 785 1908 854 quibus
1932 780 2246 838 consulatur
2271 779 2507 836 Fabricii
2547 779 2692 836 Bibl.
2725 776 2819 835 Gr.
2852 779 2941 836 ed.
2975 776 3184 832 llarles.
3222 773 3333 841 Vll,
3372 790 3430 846 p.
3478 771 3587 829 462
3627 789 3679 828 s.
3734 781 3793 830 et

505 896 563 951 p.
589 879 715 943 602,
748 893 855 948 quo
873 877 925 931 in
953 876 1092 930 libro
1110 875 1273 929 etiam
1298 872 1505 930 codicis
1524 870 1837 943 Nieephori,
1855 871 1946 940 qui
1968 869 2108 924 lenae
2137 879 2477 933 asservatur,
2504 869 2796 940 aliquoties
2819 866 3023 923 mentio
3056 866 3137 920 fit.

574 965 697 1021 Jam
728 966 912 1036 igitur,
939 962 1306 1019 subsidiorum
1346 954 1664 1016 criticOrum
1701 973 1930 1013 numero
1956 968 2139 1012 nostra
2166 964 2326 1011 aetate
2354 965 2641 1025 tantopere
2671 954 2928 1016 aclaucto,
2961 968 3071 1008 non
3113 960 3256 1017 erat,
3283 951 3426 1023 quod
3472 951 3654 1007 editor
3684 965 3792 1006 uo-

511 1057 764 1110 visst‘mus
798 1052 954 1119 hujus
977 1049 1264 1120 Nicephori
1293 1048 1482 1113 libelli,
1512 1051 1567 1105 in
1613 1047 1843 1117 Corpore
1897 1048 2217 1116 scriptorum
2242 1041 2498 1098 Historiae
2518 1041 2856 1113 Byzantium,
2884 1045 3030 1111 quod
3060 1039 3403 1097 celeberrimi
3473 1038 3787 1106 Niebuhrii,

502 1139 616 1209 jam
642 1135 906 1199 defuncti,
939 1133 1042 1189 sub
1061 1132 1320 1203 auspiciis
1349 1133 1574 1204 prodiit,
1595 1141 1651 1189 et
1678 1131 1938 1187 editionis
1962 1132 2342 1187 emendatioris
2369 1139 2420 1185 et
2473 1130 2784 1200 copiosioris
2828 1144 2940 1199 pra:
2993 1143 3054 1183 se
3083 1126 3191 1182 fert
3217 1127 3455 1192 titulum,
3478 1126 3647 1182 Goari
3676 1137 3789 1181 tam

507 1234 717 1279 textum
748 1237 911 1290 quam
939 1220 1348 1286 adnotatioues,
1379 1229 1675 1290 utrumque
1701 1218 1843 1274 male
1863 1218 2245 1288 compositum,
2269 1228 2559 1291 repeteret.
2581 1219 2872 1273 Adhibitus
2892 1216 3132 1286 Iquidem
3164 1224 3248 1272 est
3276 1231 3307 1270 a
3365 1214 3649 1271 Dindorflo
3692 1231 3786 1271 εο-

506 1313 610 1367 dex
632 1325 772 1365 unus
796 1308 1101 1372 Parisinus,
1132 1308 1227 1362 sed
1262 1307 1413 1378 parvi
1430 1308 1612 1379 pretii,
1639 1308 1751 1363 imo
1778 1307 2018 1363 fortasse
2042 1321 2149 1361 non
2176 1308 2426 1361 diversus
2459 1307 2528 1362 ah
2569 1320 2637 1362 eo
2665 1319 2774 1376 quo
2796 1304 3045 1375 Scaliger
3072 1319 3203 1359 usus
3231 1312 3356 1370 est;
3383 1303 3595 1358 lacuna:
3636 1303 3787 1357 enim

506 1401 783 1474 graviores
814 1400 870 1453 in
901 1407 1131 1469 utroque
1146 1398 1371 1464 eaedem.
1399 1397 1484 1453 Ad
1530 1398 1635 1454 hoc
1688 1399 1954 1469 accedunt
1980 1394 2145 1453 Goari
2170 1392 2224 1447 iu
2252 1392 2698 1449 adnotationibus
2728 1407 2967 1458 errores,
3001 1392 3054 1445 in
3105 1391 3212 1445 hac
3269 1391 3564 1445 novissima
3617 1401 3790 1462 atque

506 1490 791 1544 emendata
813 1486 1055 1541 editione
1114 1486 1348 1555 repetiti.
1390 1486 1551 1554 Quid,
1584 1487 1729 1557 quod
1763 1487 1944 1541 editor
1988 1498 2057 1540 ne
2118 1482 2426 1537 versionem
2465 1482 2687 1549 quidem
2725 1479 2973 1535 Latinam
3004 1478 3174 1533 textui
3208 1479 3399 1535 Graeco
3430 1478 3518 1557 hic
3552 1478 3687 1542 illic,
3721 1493 3790 1533 ne

507 1577 683 1632 dicam
712 1574 1022 1641 emendato,
1053 1582 1262 1633 mutato
1287 1582 1466 1628 tamen
1505 1572 2035 1630 accommodaverit‘i
2064 1570 2175 1627 Cur
2205 1570 2423 1624 tandem
2469 1567 2836 1625 Valentiniani
2894 1582 3119 1637 prorsus
3152 1575 3407 1635 corrupta
3464 1566 3785 1637 genealogia

507 1665 738 1734 repetita
764 1672 868 1727 est,
894 1677 999 1716 una
1024 1660 1323 1717 cumGoari
1344 1662 1695 1718 adnotatione
1716 1679 1731 1694 ο
1759 1660 1827 1716 Ut
1859 1662 1944 1716 hic
1972 1659 2177 1722 Grmce,
2194 1661 2268 1711 ita
2300 1655 2488 1712 Latine
2508 1664 2813 1724 corruptam
2837 1654 3044 1710 exhibet
3075 1654 3395 1709 Anastasius
3415 1652 3631 1725 Regius,
3648 1664 3784 1722 etc.;

506 1764 630 1805 cum
657 1747 979 1803 Lambecius
1009 1747 1086 1819 (6)
1110 1747 1466 1818 jampridem
1497 1748 1923 1804 emendatiorem
1952 1744 2339 1818 proposuerit?
2390 1742 2503 1799 Cur
2558 1743 2748 1798 mutila
2799 1742 2854 1797 in
2903 1742 3010 1796 line
3030 1742 3161 1797 libri
3183 1741 3579 1805 stichometria,
3611 1756 3784 1809 quam

507 1837 858 1905 integriorem
914 1834 1261 1890 Moutfaucou
1318 1835 1396 1903 (7)
1448 1834 1561 1906 jam
1592 1835 1799 1904 pridem
1829 1832 2227 1904 divulgaverit?
2254 1833 2361 1888 Sed
2397 1831 2518 1888 haec
2543 1834 2830 1888 hactenus.
2866 1829 3099 1885 Textum
3131 1831 3277 1885 enim
3304 1829 3593 1900 Nicephori
3629 1829 3788 1897 Grae-

506 1940 652 1988 cum,
688 1925 828 1995 typis
855 1923 1034 1977 adhuc
1061 1923 1409 1992 impressum,
1450 1923 1541 1976 vix
1573 1923 1737 1978 ullius
1768 1936 1892 1977 esse
1917 1921 2102 1991 pretii,
2123 1935 2192 1976 ex
2223 1922 2308 1978 his
2336 1936 2456 1991 quae
2487 1920 2678 1990 paucis
2699 1920 3122 1989 disputavimus,
3161 1928 3316 1975 certo
3343 1927 3577 1975 constat.
3658 1964 3664 1971 .

576 2012 732 2079 Quod
758 2022 938 2065 autem
973 2012 1039 2066 ad
1065 2010 1230 2079 hujus
1262 2011 1649 2080 Chronologiae
1677 2010 1967 2066 utilitatem
2001 2011 2217 2074 attinet,
2243 2009 2399 2080 plura
2457 2012 2644 2066 insunt
2672 2026 2795 2081 qua:
2824 2010 2921 2065 -vel
2954 2010 3195 2067 novitate
3236 2024 3338 2065 sua
3397 2009 3485 2065 vel
3536 2008 3677 2064 alias
3714 2012 3786 2065 ob

507 2116 700 2156 causas
736 2115 795 2156 se
828 2100 1241 2155 commendent.
1272 2096 1375 2154 Vix
1405 2099 1833 2156 commodiorem
1882 2113 2056 2154 annos
2080 2100 2267 2155 mundi
2318 2100 2664 2169 computandi
2700 2088 2973 2154 rationem
3001 2098 3299 2165 inveneris,
3335 2113 3501 2169 quam
3548 2113 3579 2152 a
3623 2097 3787 2154 Nice-

505 2198 678 2266 phoro
706 2194 1064 2264 propositam.
1091 2193 1370 2248 Recensus
1396 2194 1763 2263 Augustarum
1795 2192 1910 2247 sive
1944 2206 2175 2247 uxorum
2221 2192 2613 2262 imperatorum
2643 2193 2757 2263 jam
2782 2190 3163 2249 Camerarium
3185 2189 3395 2261 justum
3420 2189 3780 2261 {laudatorem

506 2285 719 2341 habuit.
758 2281 1143 2338 Stichometria
1176 2281 1441 2337 librorum
1476 2280 1818 2346 biblicorum,
1856 2279 1972 2336 sola
2000 2279 2142 2350 apud
2200 2277 2461 2333 Nostrum
2496 2279 2676 2344 obvia,
2713 2280 2955 2336 historiae
3006 2279 3122 2334 sive
3181 2278 3412 2335 canonis
3453 2278 3571 2334 sive
3602 2289 3786 2335 textus

508 2373 722 2426 ratione
746 2370 953 2435 habita,
984 2368 1207 2423 maximi
1240 2379 1328 2425 est
1359 2367 1647 2423 momenti.
1681 2365 1983 2432 Praterea,
2015 2378 2239 2437 parvum
2289 2365 2500 2421 huncce
2539 2365 2778 2421 libellum
2826 2367 2879 2421 in
2944 2366 3142 2437 primis
3176 2365 3436 2433 juveuum
3466 2366 3785 2429 seminariis

508 2448 828 2528 theologicis
876 2458 1240 2525 ascriptorum
1277 2455 1476 2511 studiis
1503 2454 1817 2510 conducere
1840 2468 2001 2523 posse
2031 2452 2268 2509 conlido.
2302 2452 2627 2523 Suppeditat
2655 2455 2799 2507 enim
2844 2454 2931 2509 hic
2977 2454 3215 2518 libellus,
3251 2455 3343 2525 qui
3395 2463 3475 2509 tot
3506 2469 3646 2524 pene
3695 2455 3784 2509 hi-

509 2548 764 2609 storicas,
796 2547 1124 2614 exegeticas,
1150 2545 1368 2600 criticas
1405 2543 1763 2613 quaeStioues,
1797 2551 1930 2612 quot
1960 2543 2123 2596 verba
2157 2540 2425 2605 continet,
2482 2540 2690 2611 largam
2745 2541 2949 2597 diversi
3014 2542 3235 2611 generis
3277 2541 3513 2611 copiam,
3545 2543 3625 2597 .in
3676 2558 3780 2612 qua

509 2634 828 2703 exponenda
860 2643 1026 2702 atque
1055 2631 1406 2700 dijudicauda
1446 2631 1576 2700 quid
1610 2640 1870 2700 praestare
1892 2630 2104 2699 possint
2132 2630 2279 2685 vires
2304 2629 2573 2699 juveniles
2599 2630 2970 2697 experiantur.
2986 2628 3104 2685 Jam
3138 2630 3270 2684 mihi
3300 2631 3402 2700 ipsi
3432 2639 3516 2686 est
3543 2631 3780 2696 animus,

511 2723 638 2777 data
675 2721 986 2787 occasione,
1007 2719 1238 2790 singulis
1265 2718 1824 2774 commentationibus
1878 2716 2119 2790 singulas
2150 2717 2310 2787 hujus
2343 2716 2510 2771 libelli
2542 2727 2726 2787 partes
2788 2718 3127 2787 disquireudi
3164 2709 3330 2786 atque
3380 2718 3731 2774 examinandi
3762 2735 3780 2785 ;

512 2820 845 2880 quapropter
871 2825 1037 2876 nunc,
1056 2824 1175 2878 quae
1204 2809 1270 2862 de
1293 2821 1538 2873 auctore,
1563 2809 1676 2862 sive
1709 2808 1890 2879 potius
1920 2806 2233 2863 auctoribus
2258 2804 2423 2876 hujus
2448 2805 2611 2861 libelli
2645 2805 2868 2860 dicenda
2901 2805 3159 2861 baberem
3183 2806 3536 2876 praetermisi;
3572 2807 3688 2862 imo
3712 2822 3783 2862 ne

512 2900 680 2954 totius
709 2898 926 2967 quidem
952 2897 1198 2967 opusculi
1226 2906 1430 2951 textum
1461 2895 1738 2969 Graecum,
1779 2895 2237 2967 quemadmodum
2281 2893 2337 2948 in
2395 2894 2535 2948 votis
2566 2893 2889 2958 habueram,
2932 2896 3210 2963 proposui,
3247 2893 3346 2949 sed
3398 2895 3630 2965 primam
3664 2905 3785 2948 tau-

515 2975 779 3056 tum'ejus
807 2995 1036 3056 partem,
1075 3001 1193 3056 quae
1224 3001 1341 3038 mea
1371 3001 1439 3039 ex
1467 2985 1738 3040 sententia
1772 2996 1970 3056 praeter
1993 2986 2167 3055 ipsam
2214 2979 2510 3051 Nicephori
2556 2978 3089 3051 Chrouograpbiam,
3118 2982 3490 3038 additamenta
3520 2983 3774 3052 quaedam

515 3076 710 3130 incerti
742 3074 983 3129 auctoris
1010 3075 1445 3143 comprehendit,
1484 3082 1543 3128 ut
1570 3075 1746 3130 serius
1765 3073 2013 3144 pluribus
2047 3075 2462 3129 demonstrabo.

586 3162 643 3216 lu
673 3162 990 3217 adornanda
1023 3173 1203 3216 autem
1241 3172 1388 3216 textu
1438 3159 1652 3226 Graaco,
1695 3178 1819 3216 cum
1862 3165 1929 3215 ad
1966 3161 2326 3231 bibliothecas
2357 3159 2714 3231 Vindobonae,
2749 3163 2999 3229 Parisiis,
3042 3161 3274 3219 Madridi
3298 3165 3477 3221 aditus
3513 3166 3647 3221 mihi
3677 3181 3782 3222 non

516 3261 750 3320 pateret,
781 3252 851 3304 ita
878 3259 1126 3305 versatus
1160 3266 1303 3313 sum,
1335 3259 1394 3304 ut
1426 3250 1669 3304 codicem
1695 3250 1975 3304 lencusem
2004 3264 2131 3303 cum
2168 3258 2316 3305 textu
2349 3251 2650 3305 editionum
2698 3251 2985 3323 diligenter
3008 3251 3315 3311 conferrem
3349 3261 3404 3308 et
3446 3253 3654 3310 codicis
3704 3256 3784 3312 le—

517 3339 727 3394 ctiones
762 3343 951 3393 omnes
1002 3337 1135 3390 mibi
1196 3352 1303 3391 non
1335 3338 1590 3406 probatas
1625 3336 2196 3392 auimadversiouibus
2218 3336 2425 3392 criticis
2452 3339 2777 3407 insererem,
2803 3341 2988 3396 addito
3030 3341 3187 3410 signo
3225 3334 3487 3397 lectiones
3527 3343 3786 3399 editionis

517 3427 633 3481 sive
659 3422 823 3480 Goari
853 3426 968 3479 sive
993 3422 1257 3479 Diudorlii
1290 3426 1445 3491 signo
1474 3423 1539 3478 ν.
1570 3424 1653 3479 vel
1682 3422 1838 3493 Vulg.
1878 3424 2112 3479 iudicavi
2139 3440 2156 3490 ;
2186 3424 2449 3479 lectiones
2473 3434 2655 3501 autem
2682 3429 2891 3482 codicis
2914 3426 3146 3484 Parisiui
3179 3444 3209 3482 a
3238 3416 3512 3483 Diudorflo
3548 3430 3783 3485 adhibiti

520 3515 701 3568 littera
731 3512 798 3566 Β.
854 3512 1123 3583 (Regius).
1162 3510 1606 3581 Quotiescunque
1635 3510 1895 3567 Diudorlli
1924 3522 2153 3568 textusa
2177 3521 2326 3568 textu
2386 3513 2551 3570 Goari
2582 3517 2905 3583 recederet,
2948 3518 3216 3573 Diudoriii
3273 3534 3470 3575 nomen
3523 3522 3783 3592 ascripsi.

521 3602 781 3672 Scaligeri
825 3601 1119 3656 editionem
1152 3602 1469 3668 secundam,
1509 3603 1562 3655 iu
1614 3600 1898 3657 Thesauro
1922 3610 2253 3673 temporum,
2288 3604 2708 3674 Amstelodami,
2746 3609 2887 3664 i658
2918 3610 3174 3680 (primam
3221 3627 3328 3667 non
3360 3612 3573 3679 habui),
3606 3616 3784 3670 denuo

518 3689 747 3755 contuli,
778 3689 872 3743 sed
913 3689 1132 3743 nonnisi
1167 3703 1339 3757 usque
1365 3689 1433 3743 ad
1481 3688 1850 3743 Alexandrum
1883 3689 2159 3761 Magnum,
2194 3697 2453 3764 quoniam
2514 3713 2582 3753 ex
2619 3698 2945 3757 lectionibus
2999 3686 3340 3759 variantibus
3401 3704 3538 3759 nihil
3573 3702 3785 3760 l‘mctus

516 3777 638 3847 capi
665 3790 824 3845 posse
850 3775 1111 3831 intellexi.
1138 3775 1428 3830 Lectiones
1455 3776 1538 3830 ha:
1561 3769 1721 3845 signo
1749 3775 1896 3833 Scal.
1924 3777 1985 3831 ΙΙ
2026 3779 2457 3852 distinguuntur.
2489 3785 2659 3843 Porro
2697 3788 2879 3843 Contii
2910 3797 3140 3855 textum,
3178 3806 3245 3846 es
3279 3790 3608 3846 Bibliotheca
3643 3790 3784 3847 Sau-

513 3875 720 3927 ctorum
748 3861 999 3925 Patrum,
1015 3862 1493 3945 pcr'Margariuum
1513 3863 1580 3918 de
1604 3863 1679 3918 La
1700 3864 1885 3934 Bigue,
1906 3879 2039 3922 tom.
2061 3865 2173 3937 νη,
2191 3872 2273 3928 ed.
2295 3875 2332 3925 2
2361 3872 2784 3944 Parisiis,i589,
2806 3892 2859 3945 p.
2879 3876 2987 3932 974
3007 3892 3187 3948 seqq.,
3208 3878 3455 3945 adhibui;
3471 3881 3566 3935 sed
3592 3880 3782 3935 seduio

516 3951 649 4005 mihi
691 3950 813 4005 cavi
858 3966 928 4005 ue
975 3950 1115 4005 ultra
1148 3949 1466 4006 Michaelem
1502 3963 1557 4006 et
1595 3951 1954 4023 Theophilum
1990 3956 2351 4027 imperatores
2377 3961 2485 4015 (ΣΡ.
2537 3978 2856 4034 pergerem;
2886 3976 3145 4036 praeterea
3187 3962 3446 4023 consului
3510 3970 3781 4023 Anastasii

512 4039 830 4105 Historiam,
865 4053 934 4095 ex
997 4039 1236 4095 editione
1291 4039 1536 4105 Fabroti,
1573 4056 1695 4111 qua:
1728 4043 1907 4111 primo
1943 4046 2143 4114 prodiit
2181 4045 2410 4104 Parisiis
2436 4051 2575 4106 1M9
2626 4054 2769 4113 inter
2804 4055 3103 4122 scriptores
3139 4054 3395 4109 Historia:
3444 4055 3779 4126 Byzantina,

511 4131 544 4181 ιι
583 4128 730 4191 inde,
760 4128 880 4183 sine
918 4127 1024 4182 ulla
1054 4136 1232 4184 textus
1254 4129 1543 4193 varietate,
1583 4131 1820 4186 Venetiis
1855 4133 2014 4187 i729.
2051 4134 2132 4189 Ad
2172 4136 2270 4191 bas
2295 4137 2566 4193 editiones
2601 4139 2885 4197 referenda
2919 4152 3070 4211 sunt,
3102 4146 3226 4212 quae
3251 4146 3525 4200 Anastasii
3560 4148 3785 4200 nomine

510 4216 1191 4284 signaviums.Camerarii
1234 4217 1498 4272 lectiones
1525 4219 1802 4274 variantes
1837 4219 1952 4277 fere
1998 4239 2190 4279 omnes
2230 4235 2285 4280 et
2316 4225 2501 4281 Coutii
2534 4228 2586 4282 in
2617 4232 2923 4298 posteriore
2975 4233 3144 4287 libelli
3200 4242 3355 4301 parte
3410 4214 3664 4290 consulto
3692 4250 3782 4290 se-

508 4304 670 4360 clusi.
693 4305 933 4375 Denique
963 4300 1251 4374 Nicephori
1292 4306 1607 4375 particulas,
1643 4322 1673 4361 a
1716 4307 2027 4375 Lambecio,
2048 4309 2325 4369 Bandurio
2359 4322 2415 4369 et
2442 4314 2866 4372 Moutel’alconio
2898 4320 2950 4373 iu
3015 4319 3172 4375 libris
3204 4300 3371 4390 supra
3403 4321 3641 4377 laudatis
3668 4322 3785 4378 edi!-

508 4403 613 4457 tas,
642 4394 693 4448 iu
719 4395 981 4449 auxilium
1005 4393 1248 4473 adhibui.
1272 4392 1582 4465 Catalogum
1617 4398 1864 4452 codicum
1895 4414 2024 4453 mss.
2053 4399 2263 4453 Madriti
2292 4405 2361 4455 ab
2408 4400 2616 4457 Yrinrte
2645 4406 2849 4459 editum
2878 4409 3031 4462 adire
3052 4408 3183 4461 mihi
3218 4424 3323 4461 non
3353 4408 3529 4464 licuit.

578 4482 705 4537 Haec
725 4483 814 4536 ubi
848 4482 1085 4537 subsidia
1123 4483 1188 4536 ad
1216 4492 1423 4535 textqu
1451 4484 1888 4539 constituendum
1921 4502 2025 4541 non
2047 4485 2417 4552 suﬂiciebaut,
2447 4504 2516 4544 ex
2547 4490 2661 4560 ipsa
2692 4491 2814 4548 libri
2838 4493 3024 4549 indole
3056 4498 3301 4552 auctoris
3334 4512 3517 4551 veram
3550 4505 3781 4552 senten-

505 4572 639 4625 tiam
676 4572 988 4641 conjectura
1015 4572 1233 4641 assequi
1271 4571 1451 4624 sttnlui
1480 4588 1494 4637 ;
1525 4573 1668 4642 quod
1700 4574 2108 4645 quotiescuqu

2178 4583 2233 4628 et
2285 4586 2450 4631 caute
2502 4578 2745 4649 quidem,
2777 4578 2983 4637 factum
3020 4595 3126 4649 est,
3152 4568 3517 4640 verba'uucis
3568 4586 3780 4642 inclusa

505 4660 724 4713 docent.
759 4657 1027 4713 Numeros
1056 4658 1284 4745 singulis
1312 4656 1394 4712 vel
1433 4659 1673 4727 regibus,
1708 4661 1792 4714 vel
1842 4663 2136 4732 episcopis,
2170 4672 2302 4727 etc.,
2337 4663 2499 4736 vulgo
2543 4669 2861 4736 praepositos
2893 4686 2922 4725 a
2950 4680 3099 4726 textu
3138 4674 3328 4728 abesse
3379 4674 3559 4741 volui;
3586 4689 3780 4745 magna

502 4744 651 4832 enim
678 4754 735 4832 et
765 4746 1014 4832 codicum
1048 4755 1101 4800 et
1128 4744 1424 4832 editionum
1455 4745 1507 4799 in
1538 4746 1603 4799 iis
1629 4748 1894 4815 ponendis
1920 4752 2180 4815 varietas,
2210 4752 2352 4806 unde
2378 4753 2711 4823 haud-pauci
2735 4772 2952 4816 errores
2976 4760 3030 4815 in
3065 4771 3271 4815 textum
3305 4763 3667 4832 irrepserunt,
3684 4744 3784 4818 imo

504 4830 746 4896 edocuit,
778 4830 879 4885 bos
906 4845 1161 4884 numeros
1190 4830 1259 4884 ab
1289 4840 1513 4885 auctore
1539 4833 1660 4902 ipso
1685 4845 1789 4884 non
1814 4847 1937 4888 esse
1975 4836 2270 4904 profectos.
2534 4834 2537 4837 ’
2860 4870 2869 4877 ι
3181 4843 3186 4850 “

579 4917 743 4971 Goari
776 4919 1080 4972 versionem
1112 4916 1385 4982 Latinam,
1421 4918 1672 4987 quamvis
1708 4919 1908 4989 sarpius
1954 4925 2481 4993 reprehendendam,
2520 4930 2716 4984 retinui
2739 4932 2980 5001 quidem,
3006 4938 3101 4990 sed
3156 4938 3324 4991 textui
3361 4946 3548 4992 nostro
3582 4938 3783 5008 ubique

507 5021 825 5077 congruam‘
856 5009 1091 5059 reddidi.
1550 5036 1553 5041 .
1802 5026 1811 5036 .
1854 5032 1855 5035 η

598 5188 653 5260 6)
691 5186 966 5267 Lambecii
1003 5197 1303 5267 comment.
1352 5188 1434 5267 de_
1464 5188 1849 5267 augustissima
1891 5190 2096 5267 B‘iblio-
2209 5195 2417 5267 pussq
2471 5212 2621 5266 seqq,
3468 5221 3478 5229 .

507 5257 659 5321 theca
718 5258 971 5313 Caesarea
1030 5257 1461 5312 Vindoboneusi.
1524 5257 1586 5313 ll.
1647 5259 1874 5314 Vindob.
1922 5260 2079 5315 i669.
2209 5257 2225 5265 ’
2269 5264 2348 5335 (7)
2379 5257 2712 5325 Bibliotheca
2746 5272 3100 5341 Coisliniana.
3137 5293 3189 5348 p.
3223 5279 3331 5334 2υῦ
3371 5294 3421 5336 s.
