4060 6476
654 507 771 565 Τοῦ
795 507 983 563 αὐτοῦ
1015 507 1168 577 πρὸς
1195 507 1303 561 τὸν
1329 506 1542 562 αὐτόν.

525 622 852 698 Ἣρὼτησας
874 625 1041 694 ἡμᾶς,
1071 621 1375 693 τιμιώτατε
1408 621 1616 692 Πάτερ,
1640 621 1728 675 διὰ
1756 621 1859 691 τῆς
1886 638 2027 693 γρα-

433 720 544 789 φῆς
579 733 695 781 σου,
730 716 794 768 οὐ
843 714 1117 787 περιττῶς
1160 719 1256 768 καὶ
1293 716 1659 784 ἀναρμόστως
1687 754 1702 777 ,
1750 715 1887 768 ἀλλὰ
1937 714 2028 767 λε-

431 808 781 879 λογισμένως
822 808 919 861 καὶ
954 808 1224 877 ἀκριϐῶς,
1260 808 1392 877 περὶ
1431 799 1506 860 ὧν
1546 808 1712 869 αὐτὸς
1752 808 2024 878 διηπόρη-

434 918 571 965 σας·
617 900 652 954 ἃ
710 902 958 973 σήμερον
996 899 1326 971 διαποροῦσι
1380 902 1478 953 καὶ
1528 901 1677 955 ἄλλοι
1709 900 1917 956 πολλοί.
1959 902 2028 954 Ἃ

431 994 621 1046 τοίνυν
676 994 909 1055 ἐκείνοις
945 996 1064 1056 τοῖς
1115 994 1236 1045 κατ’
1270 994 1395 1061 ὄψιν
1426 995 1556 1065 ἡμῖν
1601 994 2024 1063 ἐντυγχάνουσι,

428 1083 530 1137 τοῦ
560 1085 694 1138 Θεοῦ
725 1084 961 1147 διδόντος
997 1085 1251 1153 λέγομεν,
1281 1086 1455 1139 ταῦτα
1489 1088 1583 1138 καὶ
1618 1085 1752 1156 πρὸς
1792 1086 1892 1156 τὴν
1927 1086 2026 1156 σὴν

429 1176 689 1230 ἀποῦσαν
729 1177 1049 1249 τελειότητα
1098 1178 1348 1248 λέγομεν.
1382 1177 1594 1231 Αὐτίκα
1645 1168 1883 1242 κανόνας
1929 1181 2023 1231 ἐκ·

427 1270 868 1338 κλησιαστικοὺς
916 1271 1070 1339 παρὰ
1110 1270 1221 1322 τῶν
1253 1270 1536 1339 θεοφόρων
1574 1256 1837 1341 Πατέρων
1870 1272 2023 1323 ἐκτεφ

431 1363 632 1428 θέντας
662 1365 756 1417 καὶ
792 1365 1228 1435 βεϐαιωθέντας,
1268 1367 1518 1429 ἐκείνους
1578 1362 1720 1419 εἶναι
1757 1367 2017 1439 λέγομεν,

428 1456 527 1521 οὓς
556 1456 692 1510 οἵτε
721 1458 869 1524 ἆγιοι
894 1458 1211 1522 ἀπόστολοι,
1246 1459 1341 1510 καὶ
1366 1460 1415 1512 οἱ
1446 1460 1505 1511 ὲν
1526 1461 1646 1522 ταῖς
1678 1460 1818 1513 ἑπτά
1851 1460 2019 1529 μεγά-

427 1550 553 1613 λαις
596 1550 691 1603 καὶ⁵
725 1552 1140 1620 οἱκουμενικαῖς
1193 1551 1431 1613 συνόδοις
1474 1540 1831 1613 συνελθόντες
1867 1551 2021 1619 ἅγιοι

427 1643 679 1712 Πατὲρες
708 1641 978 1706 ἐξέθεντο.
1006 1643 1150 1713 Πρὸς
1182 1643 1419 1706 τούτοις,
1453 1643 1549 1697 καὶ
1581 1645 1707 1707 τοὺς
1740 1643 1893 1714 παρὰ
1913 1643 2022 1697 τῶν

424 1735 674 1787 τοπικῶν
721 1734 960 1788 συνόδων
1006 1733 1334 1802 γεγονότας,
1387 1735 1480 1787 καὶ
1527 1735 1681 1804 παρὰ
1723 1734 1834 1788 τῶν
1879 1733 2023 1788 κατὰ

1542 392 1908 453 EPISTOLA
1946 393 2046 451 AD
2083 392 2608 456 THEODOSIUM.

2059 516 2106 570 Δ

3583 390 3723 456 1066

2599 500 2853 576 Ejusdem
2886 506 2955 560 ad
2994 506 3255 563 eumdem.

2202 622 2557 691 lnterrogasti
2606 636 2738 685 nos,
2789 621 2842 676 in
2893 620 3089 688 primis
3138 619 3450 675 venerande
3506 618 3720 683 Pater,

2131 718 2333 784 scripto
2366 727 2480 778 tuo,
2500 730 2605 769 non
2639 715 2850 783 prolixe
2882 728 2983 769 nec
3014 713 3364 777 inconcinne,
3394 714 3495 767 sed
3527 727 3719 767 const~

2131 809 2319 862 derate
2350 817 2404 862 et
2445 809 2510 862 ad
2554 807 2840 872 amussim,
2896 806 2963 859 de
3011 806 3209 875 quibus
3264 806 3382 875 ipse
3434 803 3721 869 dubitasti,

2130 917 2251 971 qua:
2284 901 2445 955 hodie
2497 902 2810 956 dubitanter
2841 909 2894 952 et
2923 898 3077 951 multi
3129 898 3218 952 alii
3253 908 3523 967 quzernnt.
3586 897 3720 962 Quae

2131 993 2294 1062 igitur
2326 992 2430 1046 illis
2465 992 2557 1062 qni
2605 1008 2791 1047 coram
2827 991 3110 1046 nobiscum
3162 990 3569 1057 colloquuntur,
3610 988 3721 1043 Ded

2130 1087 2335 1152 dante,
2409 1085 2639 1139 dicimus
2674 1102 2686 1139 :
2721 1100 2784 1140 ea
2850 1098 2949 1138 nos
3004 1087 3071 1137 ad
3141 1082 3517 1152 integritatem
3568 1090 3720 1137 tuam

2129 1179 2503 1233 enuntiamns.
2587 1176 2829 1230 l’ritnum
2905 1173 3157 1230 Canones
3231 1174 3639 1229 ecclesiasticos
3687 1186 3718 1228 a

2133 1274 2367 1328 Numine
2401 1272 2599 1327 aﬂlatis
2630 1270 2885 1326 Patribus
2916 1271 3092 1325 editos
3115 1280 3168 1325 et
3201 1269 3578 1337 conﬁrmatos,
3598 1269 3720 1323 illos

2127 1379 2250 1419 esse
2279 1364 2512 1417 dicimus
2539 1378 2674 1432 quos
2701 1363 2873 1416 sancti
2902 1361 3156 1430 apostoli,
3184 1364 3387 1431 quique
3418 1364 3469 1417 in
3501 1375 3711 1431 septem

2128 1458 2341 1526 magnis
2387 1469 2442 1509 et
2483 1456 2840 1511 memnenicis
2874 1456 3098 1527 synodis
3129 1464 3502 1510 convenerunt
3536 1451 3716 1510 sancti

2126 1547 2319 1602 Patres
2341 1587 2355 1611 ,
2404 1548 2712 1601 ediderunt.
2748 1549 2828 1601 Ad
2860 1549 2977 1602 haec
3003 1557 3057 1602 et
3092 1548 3183 1618 qui
3214 1565 3253 1601 -a
3287 1549 3716 1619 provincialibus

2126 1641 2352 1715 synodis
2392 1642 2520 1694 facti
2570 1650 2699 1695 sunt
2732 1657 2745 1692 :
2776 1648 2829 1695 et
2859 1643 2927 1697 ab
2960 1642 3030 1695 iis
3059 1655 3180 1711 quae
3227 1645 3325 1712 per
3369 1642 3520 1695 Varia
3576 1650 3717 1696 lenti

2129 1745 2259 1798 pora
2291 1729 2609 1783 claruerunt
2658 1729 2918 1786 Ecclesia:
2964 1731 3345 1797 luntinarihus,
3397 1736 3719 1804 magnisque

422 1824 722 1895 διαφόρους
760 1826 985 1897 καιροὺς
1011 1826 1348 1896 λαμψάντων
1399 1829 1710 1897 φωστήρων
1749 1826 1854 1897 τῆς
1897 1826 2013 1879 Ἐκ-

2130 1821 2476 1891 p0nlilicihtts
2540 1821 2694 1878 fuere
2747 1823 3097 1893 promulgati,
3151 1841 3290 1895 quos
3340 1826 3390 1879 in
3436 1826 3592 1880 initio
3651 1826 3716 1881 Vl

427 1917 682 1989 κλησίας,
721 1919 814 1971 καὶ
847 1919 1100 1989 μεγάλων
1148 1920 1423 1991 ίεραρχῶν
1455 1920 1912 1992 ἐκφωνηθέντας·
1945 1913 2020 1973 ὧν

426 2012 612 2065 καὶτὸ
635 2012 759 2063 κατ’
782 2010 955 2082 ὄνομα
995 2014 1053 2064 ἐν
1096 2012 1174 2082 τῷ
1222 2011 1500 2083 προοιμίῳ
1539 2011 1643 2082 τῆς
1686 2010 1761 2077 ς’,
1800 2012 2018 2066 συνόδου

429 2104 742 2168 σπουδάσας
774 2106 1051 2176 εὑρήσεις,
1089 2106 1183 2159 καὶ
1216 2106 1368 2177 παρὰ
1403 2103 1630 2168 τούτους
1676 2105 1864 2175 ἕτερόν
1894 2122 1947 2158 τι
1985 2106 2017 2175 ὴ

442 2197 742 2268 Ἐκκλησία
762 2198 822 2250 οὐ
854 2197 1094 2267 δέχεται.
1130 2199 1269 2261 Τοὺς
1302 2193 1395 2251 οῦν
1423 2196 1781 2269 δηλωθέντας
1807 2197 2020 2260 πάντας

434 2291 659 2354 κανόνας
694 2289 1007 2360 ἀκριϐώσας
1035 2289 1334 2359 ἐπιμελῶς,
1370 2291 1471 2359 οὐχ
1505 2290 1868 2360 ,ἁμαρτήσεις
1920 2291 2015 2342 τοῦ

427 2368 790 2436 σπουδαστοῦ.
824 2382 962 2452 Περὶ
992 2382 1049 2435 δὲ
1078 2382 1187 2435 τῶν
1219 2378 1558 2435 ἐκτεθέντων
1587 2382 1737 2452 παρὰ
1768 2380 1862 2433 τοῦ
1893 2381 2013 2449 Νη-

423 2476 651 2527 στευτοῦ
685 2474 936 2526 Ἰωάννου
958 2474 1248 2545 συνήθειαν
1269 2472 1679 2544 παρελάϐομεν,
1703 2471 1845 2525 ὣστε
1871 2472 2017 2526 κατὰ

420 2567 657 2636 δύναμιν
691 2567 930 2620 ἑκάστου
983 2566 1080 2620 καὶ
1129 2566 1226 2630 τὰς
1297 2568 1651 2636 ἐπιτιμήσεις
1684 2567 2014 2635 οἰκονομεῖν.

419 2662 575 2733 Πλὴν
597 2660 761 2716 τοῦτο
786 2661 1023 2733 λέγομεν
1045 2702 1059 2726 ,
1092 2663 1177 2715 ὅτι
1213 2664 1281 2716 τά
1306 2660 1571 2715 δοκοῦντα
1604 2664 1700 2732 μὲν
1742 2662 1885 2714 κατὰ
1915 2661 2017 2734 τὴν

416 2755 712 2823 ἁκρίῦειαν
730 2755 838 2808 τῶν
859 2755 1104 2809 κανόνων
1123 2755 1355 2827 ῥηθῆναι
1372 2754 1450 2826 τῷ
1467 2756 1756 2826 Νηιστευτῇ
1790 2754 2013 2827 Ἰωάννῃ

415 2845 582 2910 εἴτις
608 2847 873 2917 νουνεχὴς
907 2847 1163 2919 σκοποίη,
1198 2849 1297 2919 τῆς
1325 2847 1435 2901 τῶν
1485 2848 1744 2917 Πατέρων
1773 2847 2014 2912 διανοίας

414 2939 778 3009 ἐξήρτηνται.
856 2940 965 2993 Τοῦ
1014 2941 1125 3013 γὰρ
1182 2941 1424 3013 μεγάλου
1486 2940 1772 2995 Βασιλείου
1825 2943 1883 2996 ὲν
1934 2940 2012 3013 τῷ

413 3030 723 3102 τελευταίῳ
744 3032 931 3086 κανόνι
962 3033 1131 3086 αὐτοῦ
1161 3034 1504 3098 συνοπτικῶς
1533 3033 2012 3106 παραγγέλλοντος

416 3123 591 3177 παντὶ
619 3123 810 3195 ψυχῶν
841 3126 1158 3196 οίκονομίαν
1190 3128 1619 3198 πεπιστευμένῳ
1644 3127 1891 3193 ἐξουσίαν
1920 3129 2012 3182 δε-

2126 1913 2317 1981 synodi
2371 1914 2692 1968 nominatim
2728 1916 3066 1982 percensitos
3101 1920 3409 1986 comperies
3438 1936 3452 1985 ;
3487 1930 3541 1973 et
3571 1934 3713 1988 pra:-

2127 2017 2208 2061 tcr
2252 2009 2349 2061 hos
2390 2008 2521 2061 nihil
2575 2010 2721 2062 aliud
2780 2009 3023 2063 Ecclesia
3080 2012 3344 2066 admittit.
3401 2011 3716 2067 Declaratos

2124 2101 2287 2170 igitur
2338 2116 2527 2154 omnes
2575 2115 2813 2161 canones
2854 2103 2897 2155 si
2932 2102 3221 2173 diligenter
3270 2106 3620 2173 consideres,
3682 2123 3714 2161 ιι

2122 2205 2287 2258 scopo
2312 2205 2416 2242 non
2441 2191 2742 2244 aberrabis.
2773 2188 2928 2255 Quod
2952 2202 3132 2245 autem
3154 2193 3222 2247 ad
3252 2195 3429 2249 editos
3450 2206 3478 2249 a
3501 2194 3717 2253 Joanne

2121 2282 2458 2350 chttnalorc,
2493 2285 2947 2338 consuetudinem
2980 2288 3310 2356 recepimus,
3341 2287 3491 2356 juxta
3525 2296 3717 2344 unius—

2122 2376 2386 2444 cujusque
2435 2377 2600 2440 vires,
2652 2379 3055 2432 corrcctionum
3109 2383 3565 2435 moderandarunt
3598 2401 3613 2438 :
3647 2402 3717 2438 eu

2120 2478 2349 2538 excepto
2379 2470 2521 2539 quod
2549 2470 2803 2532 dicimus,
2823 2486 2944 2540 qua!
2972 2486 3076 2526 non
3106 2475 3401 2528 secundum
3435 2490 3707 2531 canonum

2121 2562 2467 2632 disciplinam
2525 2563 2636 2617 visa
2696 2572 2822 2625 sunt
2854 2578 2884 2616 a
2920 2562 3131 2620 Joanne
3194 2564 3511 2634 Jejunatore
3562 2568 3711 2624 dicta

2120 2670 2262 2721 esse,
2296 2656 2340 2711 si
2382 2659 2504 2727 quis
2551 2658 2813 2713 cordatus
2866 2657 3322 2725 consideraverit,
3384 2677 3448 2716 ex
3480 2660 3711 2717 Patrum

2119 2751 2393 2805 sententia
2446 2752 2771 2820 dependere.
2830 2751 2965 2807 Cum
3002 2752 3148 2808 enim
3193 2770 3420 2826 magnus
3474 2755 3714 2812 Basilius

2117 2841 2172 2895 in
2205 2841 2396 2897 ultimo
2426 2859 2523 2897 suo
2552 2858 2761 2897 canone
2791 2846 3079 2914 perspicue
3113 2841 3354 2919 moneat,
3398 2849 3707 2919 cuicunque

2118 2934 2422 2989 animarum
2492 2952 2622 2990 cura
2708 2938 2913 2991 credita
2985 2949 3121 3002 est,
3198 2918 3521 3008 potestatem
3585 2943 3707 2997 dari

2114 3028 2347 3098 augendi
2398 3028 2786 3099 minuendique
2812 3031 3070 3086 delictum
3102 3032 3188 3103 (ex
3221 3030 3414 3087 amictu
3447 3034 3702 3091 videlicet

2114 3121 2520 3189 conﬁtentium)
2565 3132 2622 3175 et
2674 3123 2900 3177 omnino
2952 3139 3215 3193 personas
3261 3141 3324 3181 ac
3367 3143 3453 3182 res
3505 3130 3701 3184 obser-é

413 3215 603 3269 δόοθαο
630 3257 645 3279 ,
675 3216 974 3271 ἐπιτείνειν
996 3218 1102 3269 ρκαὶ
1135 3217 1397 3271 ἐλαττοῦν
1426 3219 1487 3271 τὸ
1522 3219 1830 3290 ἐλάττωμα,
1865 3220 2008 3274 κατὰ

2112 3214 2274 3268 vandi
2314 3214 2748 3285 procurandique
2790 3233 2913 3270 cum
2943 3217 3151 3286 judicio
3201 3220 3545 3289 utilitateque
3580 3225 3701 3276 ani-

411 3309 520 3372 τὰς
572 3308 844 3372 διαθέσεις
888 3310 1095 3383 δηλαδὴ
1147 3311 1258 3364 τῶν
1309 3310 1848 3383 ἐξομολογουμένων,
1912 3314 2008 3367 καὶ

413 3401 557 3464 ὅλως
586 3401 944 3471 στοχάζεσθαι
972 3388 1082 3455 τῶν
1120 3401 1452 3474 προσώπων,
1487 3404 1582 3456 καὶ
1607 3404 1714 3456 τῶν
1747 3407 2006 3475 πραγμάο

414 3476 551 3556 τοῖν,
600 3492 696 3543 καὶ
766 3494 826 3544 ὲν
870 3491 1147 3564 διακρίσει
1198 3495 1296 3564 τὴν
1345 3492 1455 3545 τῶν
1487 3493 1678 3564 ψυχῶν
1734 3495 2007 3548 ποιεῖσθαι

414 3580 689 3649 ὠφέλειαν
709 3600 723 3614 ο
741 3582 892 3635 οὐδὲν
920 3581 1093 3647 ξένον,
1123 3584 1171 3634 εί
1199 3584 1294 3635 καὶ
1321 3584 1349 3635 ὁ
1371 3584 1695 3653 Nnc-remi};
1729 3585 2004 3655 Ἰωάννης,

414 3672 499 3744 τῷ
526 3672 752 3744 τοιούτῳ
782 3675 969 3727 κανόνι
1000 3673 1361 3745 πειθόμενος,
1398 3677 1540 3728 κατὰ
1576 3675 1636 3728 τὸ
1671 3676 1829 3729 δοθὲν
1859 3676 2007 3746 αὐτῷ

416 3767 793 3836 πνευματικὸν
833 3768 1083 3838 χάρισμα
1132 3768 1563 3839 κεκαινοτόμηκέ
1597 3786 1682 3830 τι,
1733 3771 1822 3821 ἐπ’
1863 3769 2008 3839 ὠφε-

414 3858 540 3930 λείᾳ
572 3860 791 3923 πάντως
820 3860 911 3913 τὸν
943 3861 1400 3931 οίκονομούμενον
1425 3861 1755 3933 οἰκονομῶν.
1790 3865 1883 3915 Δεῖ
1911 3859 2007 3916 οὖν

412 3950 530 4014 τῶν
585 3951 884 4014 συνοδικῶς
940 3952 1534 4023 ὲκερωνηθέντωνκαὶ
1593 3954 2006 4024 βεβαιωθέντων

414 4039 746 4110 ἀντέχεσθαι
767 4080 782 4105 ,
815 4040 1010 4094 ἔπειτα
1047 4042 1141 4095 καὶ
1177 4045 1490 4111 οἰκονομεῖν
1518 4013 1673 4094 κατᾶ
1696 4044 1794 4105 τὰς
1825 4044 2020 4101 διαθέο,

414 4145 533 4191 σεις
577 4128 687 4182 τῶν
730 4131 1068 4200 προσώπων,
1117 4132 1211 4185 καὶ
1241 4132 1473 4201 καιρῶν,
1516 4134 1610 4185 καὶ
1655 4134 1874 4203 τρόπων
1907 4135 2006 4205 τὴν

411 4221 741 4291 ἐπιτιμίαν,
779 4222 872 4275 τοῦ
937 4224 1179 4294 μεγάλου
1234 4223 1558 4287 Βασιλείου,
1617 4224 1693 4287 ὡς
1740 4225 1998 4296 εἴρηται,

411 4310 573 4363 τοῦτο
620 4311 1032 4383 ἐπιτρέποντος.
1068 4315 1141 4366 Τὸ
1170 4314 1227 4367 δὲ
1272 4298 1476 4382 λέγειν,
1515 4316 1596 4368 ὅτι
1628 4315 1696 4368 τὰ
1736 4318 2004 4371 κανονικὰ

411 4401 882 4473 παραγγέλματα,
904 4406 1024 4458 οὐδὲ
1049 4409 1247 4478 μέχρις
1271 4409 1481 4478 ἀκουῆς
1507 4407 1728 4481 [ἀκοῆς]
1747 4411 2002 4480 φέρουσιν

425 4496 480 4547 οἱ
511 4496 816 4568 ἄνθρωποι,
846 4499 1067 4565 ἀνάξιόν
1101 4503 1218 4552 εστι
1251 4500 1351 4571 τῆς
1390 4500 1496 4571 σῆς
1539 4503 1765 4572 ἀρετῆς.
1799 4505 1862 4556 Ol
1894 4506 2000 4576 γάρ

2112 3322 2321 3361 marum
2361 3325 2375 3361 :
2410 3322 2512 3361 non
2567 3308 2764 3361 mirum
2818 3321 2968 3363 certe
3010 3310 3055 3364 si
3096 3307 3337 3366 Joannes
3390 3311 3702 3383 chunator;

2110 3401 2335 3455 canonis
2374 3399 2532 3469 hujus
2566 3402 2940 3470 persuasione,
2972 3401 3128 3473 juxta
3162 3404 3344 3458 datam
3391 3408 3492 3461 sibi
3528 3410 3697 3477 spiri-

2114 3490 2272 3545 talem
2323 3491 2582 3560 gratiam,
2628 3493 2904 3562 quidpiam
2960 3495 3274 3552 innovarit:
3308 3498 3361 3551 itl
3398 3501 3541 3567 quod
3585 3502 3700 3556 dis-

2110 3593 2391 3652 pensatur,
2427 3586 2494 3639 εει
2528 3585 2814 3640 utilitatem
2859 3603 3084 3656 prorsus
3133 3591 3550 3649 administrans.
3595 3598 3701 3648 Λιιδ

2112 3678 2421 3731 luerendnm
2455 3692 2584 3748 ergo
2611 3690 2693 3732 est
2724 3681 2789 3733 iis
2818 3694 2937 3748 qum
2970 3682 3231 3752 synodico
3279 3687 3622 3757 promulgata
3647 3702 3735 3746 et,

2110 3771 2432 3824 continuata
2484 3782 2610 3826 sunt
2640 3790 2653 3825 :
2688 3773 2885 3828 deinde
2940 3777 3106 3830 etiam
3140 3794 3204 3831 ex
3245 3795 3599 3848 personarum
3647 3795 3702 3838 et

2113 3872 2414 3930 temporum
2444 3880 2766 3927 mortnnque
2794 3867 3058 3933 qualitate
3090 3874 3452 3927 correctionis
3488 3876 3700 3951 dispen-

2110 3956 2248 4009 satio
2305 3948 2583 4011 l‘acienda.
2624 3973 2816 4026 magno
2864 3957 3072 4013 Basilio
3120 3963 3169 4015 id
3204 3948 3696 4033 (quemadmodum

2108 4046 2310 4097 dictum
2341 4048 2444 4114 est)
2493 4047 2867 4114 permittente.
2910 4050 3178 4104 Caeterum
3212 4067 3301 4106 tua
3338 4056 3537 4111 virtute
3568 4058 3697 4111 illud

2111 4136 2389 4206 indignum
2421 4142 2672 4207 estquod
2707 4140 2847 4196 dicis
2884 4158 2898 4196 :
2937 4143 3207 4210 homines,
3255 4161 3320 4201 ne
3350 4150 3535 4202 auditu
3567 4154 3697 4219 qui-

2108 4231 2228 4282 dem
2251 4270 2265 4292 ,
2320 4233 2582 4286 canonica
2640 4243 2905 4302 praet‘epla
2955 4236 3095 4291 l'erre
3124 4253 3141 4291 :
3172 4238 3264 4308 qni
3314 4242 3459 4295 enim
3490 4257 3554 4296 ea
3589 4260 3700 4300 non

2107 4324 2416 4389 admittunt,
2445 4326 2591 4379 nullo
2619 4326 2779 4379 modo
2804 4337 2931 4381 sunt
2952 4327 3390 4385 Christianarum
3417 4336 3653 4402 partium
3676 4352 3690 4366 ·

2107 4417 2175 4468 oh
2214 4431 2443 4483 eamque
2483 4432 2706 4475 causam
2738 4434 2844 4470 non
2874 4434 3064 4474 severe
3091 4432 3145 4475 et
3170 4423 3289 4477 sine
3320 4426 3701 4483 consolatione

2108 4507 2192 4560 his
2230 4506 2321 4559 tibi
2356 4508 2461 4560 erit
2503 4510 2761 4561 utendum
2800 4527 2815 4562 :
2850 4511 2944 4565 sed
2978 4511 3214 4583 benigne
3248 4525 3300 4569 et
3332 4516 3478 4569 facili
3510 4517 3697 4572 disci-J

409 4586 492 4658 μὴ
522 4589 697 4645 ταῦτα
724 4590 1006 4660 δεχόμενοι
1034 4631 1049 4656 ,
1086 4592 1210 4645 οὐδὲ
1252 4594 1351 4663 τῆς
1376 4593 1488 4645 τῶν
1522 4595 1865 4664 Χριστιανῶν
1901 4614 2001 4664 με·

2111 4598 2275 4666 plina,
2329 4614 2457 4652 nam
2513 4598 2660 4653 velut
2713 4599 2894 4655 dulcia
2930 4615 2983 4657 et
3008 4601 3250 4669 jucunda
3301 4600 3694 4676 atgrotant‘ibus

407 4679 558 4749 ρίδος
596 4683 735 4747 ὅλως
769 4683 907 4736 εἰσί·
959 4685 1055 4738 καὶ
1107 4684 1197 4737 διὰ
1239 4686 1402 4739 τοῦτο
1449 4687 1532 4740 δεῖ
1577 4687 1655 4758 μὴ
1705 4688 1999 4759 αὐστηρῶς

2104 4691 2383 4743 exhibent.

402 4776 620 4841 τούτοις
690 4779 786 4833 καὶ
835 4780 1297 4852 ἀπαραμυθήτως
1342 4783 1606 4853 χρῆσθαι,
1671 4783 1809 4837 ἀλλὰ
1878 4784 2316 4855 συμπαοητικῶς
2369 4785 2463 4839 καὶ
2536 4786 2896 4853 διδακτικῶς·
2935 4790 3059 4844 ἐπεὶ
3097 4788 3242 4866 [καὶ]
3291 4794 3365 4857 ὡς
3411 4796 3692 4869 ἀνεπαχθῆ

404 4867 520 4938 [ὡς
550 4867 615 4922 ἂν
644 4871 891 4945 ἐπαχθῆ]
916 4878 1008 4924 καί
1036 4872 1170 4944 ἡδέα
1206 4876 1322 4937 τεοῖς
1357 4874 1808 4944 νοσηλευομένοις
1838 4877 2159 4947 παρέχουσι,

1794 5037 3448 5059 mm

1582 5164 1939 5226 EIUSDEM
1985 5164 2094 5223 AD
2139 5160 2509 5225 EUMDEM.

1447 5291 1536 5352 De
1579 5290 1823 5370 ligandi
1861 5289 2265 5370 solvendique
2304 5299 2642 5369 potestate.

1526 5419 1805 5489 -(Biblt'otlt.
1841 5425 2071 5483 Patrum,
2107 5427 2143 5473 t.
2178 5421 2283 5481 ΧΗ,
2322 5435 2370 5484 ρ.
2406 5420 2539 5482 σιτ.)

470 5636 698 5704 Ligandi
730 5639 1083 5710 solvendique
1121 5644 1399 5712 provincia
1443 5646 1789 5715 pontiﬁcibus
1851 5648 1982 5716 ipsis

392 5745 426 5784 α
457 5730 885 5786 cleittetttissitno
925 5734 1030 5787 lleo
1064 5748 1250 5791 nostro
1298 5740 1620 5792 demandata
1655 5750 1760 5791 cst.
1799 5737 1984 5807 Siqui-

470 5848 488 5879 ¹
529 5847 718 5900 Matth.
756 5865 870 5910 xw,
918 5851 1002 5905 18.

681 5942 950 6007 Puncta
1002 5947 1040 6007 (Ξ
1056 5965 1115 6007 ιι.
1164 5945 1236 6008 C.

2089 5647 2209 5700 dent
2261 5646 2326 5699 ad
2359 5644 2577 5699 Petrum
2626 5645 2704 5699 ait
2737 5663 2751 5699 :
2787 5647 3124 5717 (horumque
3172 5650 3440 5723 ligaveris,
3480 5655 3690 5730 trgum;

2094 5751 2142 5793 et
2186 5755 2510 5810 quirent:un
2568 5741 2783 5795 solveris
2839 5742 3019 5796 solum
3070 5756 3219 5798 erunt
3258 5748 3297 5799 '.
3348 5746 3501 5805 Unde
3553 5754 3691 5810 olim’

3289 5957 3366 6016 33s
