4060 6420
452 332 591 401 1067

1653 337 2033 400 STEPHANI
2080 334 2390 397 DIACONI
2432 337 2538 396 (ΣΡ.

3598 334 3735 397 1068

451 461 642 502 Omnes
671 446 959 515 oportebat
985 445 1053 500 ad
1084 445 1227 515 ipsos
1268 446 1556 516 pontifices
1588 448 1869 512 accedere,
1911 462 2034 501 sua-
2066 462 2107 516 Α
2139 446 2655 514 suscipiendutnque
2704 443 3046 513 dijudicarit,
3082 446 3128 501 is
3159 444 3362 514 ipsos,
3392 447 3647 515 quamvis
3677 458 3737 502 et

453 554 560 606 que
609 538 713 592 illis
761 536 973 591 occulta
1017 538 1293 605 prodere;
1330 549 1384 591 et
1419 539 1499 593 sic
1548 539 1628 593 vel
1676 540 2039 594 renuntiatio-

455 644 579 682 nem
616 631 695 681 vel
733 629 1014 697 repudium
1047 627 1210 683 ferre.
1256 628 1450 700 Ignoro
1485 642 1666 685 autem
1708 633 1801 702 qui
1836 630 2037 685 factum

403 786 411 793 _
454 721 545 786 sit,
579 731 636 774 ut
666 722 778 773 haec
805 721 983 774 minus
1009 722 1404 788 observentur;
1431 725 1683 791 quamvis
1734 723 2037 777 existimem

456 813 758 881 pontifices.
795 814 995 882 negotii
1033 814 1191 867 txdio
1239 812 1622 883 frequentique
1675 815 2040 869 multitudinis

455 906 789 960 turhulentia
861 905 1219 974 defatigatos,
1271 907 1323 961 id
1379 922 1557 975 opera:
1616 909 1684 962 ad
1742 886 2041 962 monachos

456 998 830 1053 transmisisse
863 1014 875 1050 :
906 998 971 1051 ad
1003 1013 1096 1051 eos
1122 998 1330 1053 scilicet
1364 1000 1452 1069 qui
1488 1014 1613 1052 vere
1647 999 1859 1064 probati
1908 1000 2037 1064 sint,

451 1094 687 1161 aliisque
721 1090 1068 1145 valeautesse
1096 1090 1296 1145 utiles:
1326 1091 1455 1144 nihil
1486 1092 1630 1146 enim
1653 1093 1759 1147 tale
1791 1092 2042 1161 inexper-

453 1188 521 1237 tis
573 1196 627 1237 et
663 1182 896 1235 indoctis
948 1182 1337 1250 permiserunt.
1391 1181 1654 1253 Equidem
1710 1183 1763 1238 in
1813 1185 2039 1238 adversa

450 1277 698 1346 corporis
747 1275 1056 1329 valetudine
1102 1274 1249 1328 illum
1297 1274 1645 1343 inquirimus,
1698 1276 2040 1344 dicimusque

453 1371 749 1435 nauticum,
775 1366 865 1437 qui
897 1377 1004 1421 tam
1040 1367 1216 1436 reipsa
1243 1382 1404 1435 quam
1434 1368 1640 1433 verbis,
1671 1368 1809 1421 male
1836 1368 2042 1422 habens

453 1472 562 1513 tem
597 1476 796 1517 curare
844 1469 1029 1528 queat.
1064 1458 1253 1528 Itaque
1285 1474 1390 1513 non
1420 1461 1777 1529 respiciemus
1812 1460 1864 1514 in
1898 1461 2042 1515 hunc

456 1559 538 1613 vel
587 1552 759 1619 illutn,
810 1554 901 1622 qui
940 1561 1136 1621 praeter
1186 1553 1379 1607 medici
1433 1568 1625 1607 nomen
1674 1553 1805 1607 nihil
1844 1553 2042 1607 habeat

459 1643 690 1711 medici;
736 1643 826 1698 sed
874 1643 925 1695 in
962 1657 1085 1696 eum
1136 1642 1226 1711 qui
1279 1643 1421 1696 sicut
1476 1645 1720 1710 expedit,
1766 1644 2035 1698 medicum

453 1743 712 1803 praestare
738 1735 956 1804 poterit.
990 1733 1158 1789 Porro
1189 1734 1234 1788 si
1260 1734 1382 1802 quis
1410 1746 1670 1803 expertus
1699 1736 1771 1790 sit
1797 1746 1850 1789 ct
1875 1735 2037 1806 frugi,

451 1836 504 1878 et
533 1842 656 1880 cum
692 1826 815 1890 hoc,
843 1825 1152 1881 sacerdotio
1178 1825 1452 1894 fungatur.
1484 1827 1551 1881 ad
1582 1827 1732 1881 illum
1762 1828 1813 1880 in
1847 1828 2038 1897 primis
2072 1816 2114 1875 Β

450 1921 811 1974 accedendum
851 1938 864 1974 :
898 1936 1022 1974 natu
1055 1918 1255 1989 poterit
1303 1921 1484 1992 indigo
1530 1923 1810 1992 prodesse,
1871 1938 2033 1977 acce-

448 2011 664 2064 dentem
693 2027 752 2067 se
783 2012 1094 2082 diligentius
1141 2028 1370 2076 curare,
1429 2014 1786 2068 reconciliare
1821 2014 1950 2068 item
1983 2024 2037 2070 et

448 2103 744 2171 torrigerc.
802 2104 940 2159 I’ttto
987 2113 1169 2158 autem
1227 2104 1431 2157 nullum
1477 2105 1569 2173 qui
1627 2105 1713 2173 pie
1765 2116 1821 2158 et
1877 2115 2037 2159 caute

451 2195 610 2264 lmjus
657 2196 872 2250 molesti
907 2197 1171 2265 temporis
1218 2198 1381 2250 vitam
1414 2208 1564 2267 agat,
1592 2213 1657 2252 ex
1691 2200 1797 2253 hoc
1842 2199 2038 2254 ordine

448 2288 938 2344 exauctorandum.
975 2289 1266 2357 Caeterum,
1299 2291 1389 2360 qui
1425 2292 1585 2345 talem
1639 2293 1879 2354 accedit.
1913 2306 2033 2346 omo

452 2376 580 2429 uiuo
629 2375 805 2442 ipsum
839 2376 1039 2446 dirigat
1068 2387 1123 2431 et
1155 2380 1414 2445 instruat,
1453 2391 1510 2433 ttt
1545 2390 1694 2436 recte
1746 2382 2037 2451 dirigatur.

453 2467 511 2520 Et
548 2468 613 2531 is,
644 2477 850 2535 quanto
880 2470 1191 2522 divinorum
1226 2486 1617 2540 sacrorumque
1650 2464 1919 2527 canonum
1952 2490 2039 2543 pe-

452 2558 608 2611 ritior
663 2558 865 2624 fuerit,
924 2561 1025 2614 hoc
1075 2561 1307 2629 amplius
1364 2562 1619 2617 instruet.
1673 2566 1897 2631 Contra,
1944 2566 2038 2636 qui

450 2667 720 2705 canonum
776 2653 1016 2723 vigorem
1066 2667 1121 2709 et
1164 2672 1317 2710 suam
1372 2657 1633 2728 cujusque
1681 2660 1862 2714 delicti
1896 2661 2037 2715 mul-

456 2753 562 2794 tant
618 2742 920 2836 ignorarit;
958 2745 1002 2797 is
1029 2745 1157 2799 nulli
1186 2748 1292 2801 ulla
1325 2749 1376 2801 in
1413 2765 1470 2803 re
1502 2766 1737 2817 unquam
1771 2754 1886 2805 usui
1916 2768 2038 2807 esse

454 2834 672 2900 poterit.
715 2833 1032 2903 Propterea,
1065 2840 1156 2907 qui
1197 2838 1419 2895 fratrem
1451 2842 1501 2894 in
1553 2859 1633 2905 sc,
1667 2861 1774 2896 uno
1820 2845 2036 2898 eodem-

454 2940 558 2993 que
614 2924 703 2979 d'te
755 2929 957 2995 septies
1011 2941 1348 2998 peccantem,
1404 2934 1555 2986 venia
1612 2937 2032 2989 contmnamlum

2142 552 2284 607 saepe
2310 545 2367 591 et
2398 540 2625 591 multum
2677 536 3035 607 deliquerint,
3069 553 3178 608 quo
3210 546 3369 607 pacto
3415 537 3645 607 repellet
3671 548 3729 593 et

2142 630 2397 697 alqiciel;
2432 631 2539 685 imo
2562 629 2936 700 spiritualibus
2968 628 3437 701 increpationibus
3467 634 3732 687 admone-

2143 723 2254 788 bit,
2313 723 2519 777 utiliter
2570 733 2835 777 consonet
2889 724 3056 778 vitam
3107 722 3371 791 fut-uram,
3420 735 3473 778 et
3526 735 3733 778 aeterna

2142 817 2401 885 snpplicia
2436 816 2488 870 itt
2528 816 2846 870 memoriam
2897 819 3161 873 reducet?
3198 833 3364 871 unttm
3396 818 3633 880 cavebit,
3667 834 3737 872 ne

2143 907 2510 978 indulgentius
2542 921 2596 964 et
2627 914 2761 964 citra
2810 926 3027 965 omnem
3060 909 3495 979 objurgationem
3546 910 3735 963 absol-

2142 1010 2257 1066 Vat,
2292 1001 2496 1070 ﬁatque
2526 1003 2830 1057 alienorum
2859 1002 3149 1057 criminum
3176 1002 3472 1072 particeps.
3503 1002 3650 1067 Jam,
3687 1003 3735 1057 si

2143 1095 2233 1164 qui
2263 1103 2644 1162 peccaverant,
2680 1094 2937 1166 lacrymis
2970 1095 3306 1165 liquescant,
3341 1112 3405 1150 ac
3439 1096 3735 1151 continen-

2146 1198 2227 1243 ter
2259 1189 2522 1241 malorutn
2573 1202 2795 1241 suorum
2848 1187 3306 1242 abalienationem
3358 1189 3735 1257 meditentur;

2144 1280 2275 1336 licet
2306 1279 2358 1334 in
2392 1282 2581 1334 eadem
2640 1280 2979 1343 reincidant,
3037 1280 3416 1349 suscipiendos
3452 1291 3634 1334 tamen
3667 1296 3738 1335 eo

2143 1371 2385 1433 duxeris,
2422 1383 2831 1440 congruumque
2862 1369 3210 1437 deputaveris
3236 1369 3441 1425 locum.
3475 1369 3651 1424 Penes
3684 1381 3740 1426 te

2143 1460 2289 1515 enim
2322 1460 2552 1514 facultas
2578 1469 2683 1525 est,
2720 1468 2777 1514 ut
2806 1461 2972 1525 nosti,
3001 1475 3317 1516 mensuram
3349 1463 3738 1534 castigationis

2144 1554 2424 1609 adhibeas.
2470 1554 2575 1609 Eos
2604 1564 2782 1609 autem
2814 1555 2907 1624 qui
2933 1556 3060 1610 hinc
3085 1556 3375 1626 emigrant,
3408 1556 3460 1611 in
3487 1572 3742 1627 quocun-

2143 1661 2248 1716 que
2279 1646 2477 1701 fuerint
2514 1658 2737 1715 peccato
2770 1649 2998 1716 detenti,
3028 1664 3097 1704 ne
3128 1649 3425 1716 ligaveris;
3461 1650 3556 1704 sed
3592 1651 3739 1703 divi-

2146 1753 2337 1792 norum
2376 1753 2748 1809 pttrorutnque
2799 1752 3268 1796 sacramentorum
3305 1739 3471 1795 facito
3500 1743 3737 1812 partici-

2142 1847 2258 1900 pes.
2312 1828 2415 1897 Qui
2462 1831 2600 1886 citra
2650 1841 2872 1902 pactum
2912 1833 3121 1899 polluti.
3158 1834 3362 1904 gratias
3393 1845 3561 1902 agant
3619 1833 3737 1889 Deo

2146 1934 2359 1991 nostro,
2416 1925 2560 1995 quod
2611 1925 2678 1981 de
2721 1926 2972 1982 faucibus
3043 1928 3245 1982 diaboli
3306 1928 3523 1991 liberati
3578 1938 3734 1983 sunt.

2142 2014 2340 2071 Parnm
2373 2016 2426 2071 in
2461 2018 2651 2071 horum
2702 2020 3116 2089 castigationem
3162 2021 3518 2089 praescribere
3550 2035 3737 2091 operm

2144 2111 2404 2181 pretium.
2459 2110 2576 2165 Non
2609 2112 2756 2165 enim
2793 2123 3039 2167 nostrum
3079 2120 3166 2167 est
3196 2112 3448 2179 delinire,
3484 2114 3580 2169 sed
3631 2127 3735 2167 vo-

2146 2202 2369 2258 luntatis
2400 2218 2588 2258 eorum
2633 2205 2725 2273 qui
2768 2205 3039 2259 mandatis
3080 2215 3277 2275 parent
3317 2224 3330 2259 :
3364 2217 3577 2275 tempus
3629 2207 3735 2262 etsi

2141 2298 2359 2368 Iungunt
2393 2300 2485 2364 sit,
2519 2315 2625 2354 non
2662 2309 2841 2354 tamen
2874 2301 3107 2370 amplius
3141 2311 3222 2355 est
3269 2316 3431 2371 quam
3460 2301 3735 2356 correctio

2148 2394 2423 2461 requirat;
2480 2392 2617 2447 forte
2668 2394 2801 2449 nihil
2855 2394 3076 2447 omnino
3131 2393 3401 2447 cmumodi
3461 2395 3736 2448 correctio

2148 2483 2395 2555 aliet'ret.
2428 2483 2679 2539 Vidimus
2723 2496 2928 2551 autem,
2961 2497 3016 2540 et
3048 2487 3197 2541 hrcvi
3246 2496 3489 2554 tempore
3535 2488 3738 2541 multos

2150 2576 2317 2631 multa
2378 2577 2705 2631 abstet'sisse
2774 2594 2837 2631 ac
2909 2580 3251 2634 emendasse.
3308 2579 3564 2649 Alioquin
3631 2580 3734 2635 etsi

2147 2684 2399 2722 Iltt’llSstl‘a
2432 2670 2691 2738 temporis
2718 2673 2804 2726 cui
2831 2672 3166 2742 injungatur,
3227 2673 3269 2725 is
3297 2683 3476 2727 tamen
3513 2674 3735 2726 tandem

2144 2760 2467 2827 declarabit,
2500 2778 2567 2816 an
2594 2763 2755 2832 digne
2786 2764 3059 2820 admissus
3088 2765 3170 2820 vel
3200 2766 3518 2835 repudiatus
3543 2763 3733 2831 fuerit,

2143 2851 2236 2919 qui
2268 2853 2539 2906 mandatis
2568 2853 3053 2924 obtemperaverit.

458 3076 3721 3129 Μ

1646 3109 1742 3116 ...ν-..ἠ
1768 3111 1841 3115 ,ην
1872 3111 1923 3117 -ο-

1937 3110 2292 3120 —.——————.————

1727 3235 1809 3279 AN
1819 3236 1902 3279 ΝΟ
1945 3235 2173 3283 DOMINI
2210 3236 2495 3282 DCCCV’III.

1460 3415 2476 3624 STEPHAN
2487 3419 2752 3603 US

956 3728 2357 3826 CONSTANTINOPOLITAN
2384 3738 2515 3827 US
2590 3738 3031 3833 DIACON
3053 3744 3229 3834 US.

1909 3999 2275 4061 NOTITIA.

1349 4163 1567 4225 (l’anmc.
1610 4159 1843 4212 Bibliotlt.
1878 4165 2034 4213 (ἓν-ωε.
2070 4169 2108 4212 t.
2135 4162 2269 4226 VIII,
2295 4180 2345 4228 p.
2381 4166 2489 4227 349,
2515 4167 2596 4216 ed.
2626 4122 2846 4232 Iiarles.)

528 4312 934 4397 Stephanus,
1001 4310 1679 4397 diacortttsjlcelesiqa
1746 4311 2509 4397 Constantinopolitanae,
2575 4314 2962 4397 un._(§hristi
3008 4318 3128 4380 808
3205 4319 3461 4397 scripsit
3523 4322 3736 4385 Vitam

449 4391 747 4474 Stephani
779 4392 1077 4474 _J_l|lli0_l'lS
1103 4438 1117 4464 ,
1156 4408 1266 4474 an.
1297 4392 1415 4451 766
1462 4390 1584 4450 sub
1629 4390 2049 4474 Constantino
2085 4394 2531 4474 Acopronytno
2573 4394 2793 4474 Occisi,
2840 4414 3030 4474 quam
3090 4399 3304 4459 GNPCG
3339 4390 3428 4460 ὀἱ
3488 4403 3733 4473 Latine.

448 4475 644 4534 Paris.
684 4472 837 4532 1692
868 4470 1062 4542 in-It°,
1122 4469 1383 4531 edidere
1438 4470 1728 4530 monachi
1772 4469 2173 4531 Benedictini
2209 4469 2730 4534 celebratissimi
2774 4469 3139 4538 Bernardus
3192 4479 3271 4539 de
3319 4469 3734 4543 Monlfeueon

449 4560 510 4613 ct
540 4551 817 4612 Iacobus
855 4552 1185 4629 [οιιρὶηυδ
1214 4552 1341 4627 (an.
1382 4550 1559 4613 1603.
1586 4550 1666 4608 29
1700 4551 1850 4611 Dee.
1885 4549 2219 4622 denatus).
2296 4590 2303 4595 μ

1158 4846 2256 4942 BENEDICTINORUM
2337 4847 3020 4942 PREFATIO.

1646 5024 1901 5087 (Analecta
1933 5029 2125 5087 Grcam,
2160 5034 2196 5077 t.
2235 5027 2272 5086 1,
2305 5043 2353 5092 ρ.
2390 5026 2525 5089 596.)

519 5159 779 5215 Ultimum
816 5155 994 5207 locum
1028 5153 1240 5207 obtinet
1294 5151 1411 5205 Vita
1449 5152 1624 5206 sancti
1676 5153 1935 5223 Stephani
1968 5154 2233 5221 Junioris,
2264 5158 2353 5223 qui
2400 5169 2643 5220 tempore
2687 5156 3026 5211 Constantini
3057 5157 3388 5228 Copronymi
3420 5160 3488 5213 oh
3521 5162 3730 5217 cultum

440 5257 759 5305 sanctarum
816 5242 1113 5312 imaginum
1151 5239 1585 5294 crudelissimam
1623 5252 1853 5295 mortetn
1891 5246 2102 5300 subiit:
2136 5260 2255 5313 qum
2296 5246 2414 5299 Vita
2451 5263 2478 5299 a
2515 5247 2794 5314 Stephano
2827 5247 3080 5301 Ecclesiae
3112 5248 3731 5320 Constantinopolitame

440 5339 674 5387 diacono
733 5327 1157 5401 quadragesimo
1191 5326 1430 5380 secundo
1468 5335 1591 5394 post
1620 5328 1794 5381 sancti
1835 5328 2099 5399 Stephani
2128 5332 2335 5386 obitum
2372 5348 2514 5387 anno
2545 5336 2850 5403 conscripta
2884 5344 2984 5399 est,
3015 5346 3072 5389 ιιι
3098 5346 3288 5390 auctor
3322 5337 3434 5405 ipse
3472 5350 3724 5394 testatur.

444 5419 613 5486 Ilujus
665 5418 882 5486 quidem
934 5414 1108 5469 sancti
1157 5411 1335 5465 Vitam
1366 5425 1394 5462 a
1425 5410 1791 5479 Metaphraste
1837 5418 2195 5484 compositam
2228 5435 2259 5471 (ι
2285 5418 2470 5474 Gra-ca
2525 5421 2702 5489 lingua
2739 5423 2789 5474 in
2822 5421 3068 5476 Latinam
3107 5426 3237 5478 olim
3271 5433 3509 5478 verterat
3538 5437 3591 5481 et
3627 5443 3726 5497 pu-

444 5509 568 5561 blici
613 5506 746 5576 iuris
796 5506 1000 5560 fecerat
1050 5501 1400 5557 doctissimus
1454 5501 1623 5554 abbas
1671 5500 1906 5559 Inoobus
1958 5507 2163 5560 Dillius.
2206 5506 2407 5561 Verum
2455 5524 2518 5562 ea
2562 5526 2724 5579 qtta‘u
2773 5513 3069 5577 tradimus,
3126 5527 3192 5567 ex
3244 5530 3349 5582 qua
3404 5530 3558 5568 suam
3615 5518 3723 5585 ipse

445 5596 841 5661 hletaphrastes
911 5591 1148 5656 collegit,
1212 5588 1477 5644 hactenus
1531 5589 1674 5643 nulla
1732 5591 1783 5645 in
1827 5593 2009 5663 lingua
2063 5597 2279 5665 vulgata
2321 5609 2420 5651 cst.
2473 5597 2583 5653 Nos
2636 5600 2779 5651 illam
2830 5618 2950 5652 rum
2990 5612 3224 5670 quatuor
3274 5618 3407 5657 mss.
3467 5616 3723 5659 accurate

440 5683 794 5744 contulimus,
837 5695 944 5733 uno
976 5678 1189 5733 scilicet
1244 5677 1405 5747 regiae
1458 5675 1805 5733 Bibliothccm
1836 5681 1999 5747 2028,
2059 5685 2232 5737 tribus
2260 5687 2377 5739 aliis
2427 5689 2775 5741 Bibliotheca
2822 5690 3148 5743 Colitel‘tittzu
3186 5691 3352 5756 989.3,
3393 5692 3550 5759 1513.7,
3591 5694 3713 5754 505,

440 5783 672 5838 quorum
716 5767 941 5821 ultimus
980 5766 1154 5818 media
1191 5774 1344 5833 parte
1388 5762 1635 5829 mutilus,
1671 5765 1759 5819 alii
1791 5777 1902 5822 tres
1941 5772 2131 5840 integri
2182 5784 2307 5827 sunt
2345 5793 2355 5827 :
2390 5794 2580 5829 tnnncs
2610 5792 2737 5831 tcto
2766 5780 2972 5846 antiqui
3011 5790 3060 5833 ct
3096 5780 3313 5847 optima:
3346 5790 3505 5836 notae.
3540 5781 3712 5851 Neque
