4060 6420
299 322 307 336 ’
370 348 499 416 1071

1571 356 1952 418 STEPHANI
1992 360 2301 421 DIACOXI
2343 366 2453 425 CP.

3487 367 3623 431 1079

367 477 555 536 plura:
578 475 750 518 sacra:
790 460 1047 532 impletur
1080 480 1092 515 ε
1128 459 1359 517 Ostende
1387 464 1516 517 mihi
1546 465 1739 532 [aciem
1775 473 1934 531 tuamI

2049 470 2209 541 ζῆλον
2246 474 2394 542 ἡμᾶς
2443 474 2758 543 ἀνάγουσιν,
2808 478 2869 530 ἐν
2902 472 2985 543 οἷς
3018 477 3115 532 καλ⁸
3141 477 3204 531 τὸ
3240 479 3626 550 ἱερογραφικὸν

366 570 414 612 et
463 557 551 625 [ac
596 562 654 609 ut
688 554 903 606 audiam
952 568 1124 607 vocem
1180 563 1329 606 tuam
1362 552 1404 608 ⁸.
1448 552 1747 624 Utrumque
1797 556 1941 608 enim

368 649 606 720 imagine
635 647 867 712 videtur,
895 656 950 700 et
979 647 1183 716 scripta
1211 647 1459 700 oratione
1484 646 1725 700 auditur.
1764 646 1939 702 Caue-

369 754 511 804 rum,
548 738 799 809 imaginis
826 737 1041 806 quidem
1072 748 1324 806 aspectus
1348 737 1415 791 ab
1443 737 1526 791 his
1555 738 1939 806 proﬁciscitur,

366 833 457 904 qui
504 829 814 902 huiusmodi
877 839 1048 882 artem
1104 828 1301 882 callent
1337 845 1350 881 :
1384 829 1557 882 oratio
1603 844 1764 890 vero.
1824 844 1943 897 quae

367 927 553 979 auditu
586 923 904 992 percipitur,
934 932 1182 977 auctores
1206 936 1298 974 eos
1324 921 1505 985 habet,
1533 921 1623 989 qui
1655 921 1705 972 in
1737 920 1941 989 Spiritu

368 1016 551 1071 divino
581 1024 635 1067 et
664 1011 947 1083 disciplina
992 1010 1320 1081 cognitionis
1369 1011 1570 1064 divinis
1622 1012 1783 1065 rebus
1814 1021 1943 1064 suut

368 1108 584 1164 initiati.
623 1105 757 1159 Hinc
815 1119 949 1172 ego,
982 1105 1073 1173 qui
1110 1102 1186 1157 rei
1227 1103 1512 1170 utriusque
1557 1116 1754 1171 expers
1792 1119 1936 1168 sum,

368 1216 478 1271 pra:
507 1210 649 1254 metu
675 1198 857 1251 animo
883 1196 1129 1265 dejicior,
1162 1208 1340 1264 neque
1370 1196 1435 1249 ad
1468 1205 1775 1264 susceptum
1802 1210 1940 1260 opus

363 1294 797 1363 persequendum
831 1303 893 1343 os
921 1287 1134 1355 aperire
1163 1286 1244 1339 vel
1273 1301 1491 1339 inanum
1526 1287 1813 1339 admovere
1846 1300 1942 1338 au-

363 1390 502 1453 deo;
554 1401 619 1437 ue
650 1383 788 1437 l'urte
828 1382 878 1433 in
911 1378 1144 1433 dicendo
1176 1377 1580 1430 intolerandum
1620 1375 1940 1430 temeritatis

364 1481 551 1534 vitiant
610 1477 906 1531 incurram.
953 1473 1084 1525 Nam
1141 1471 1364 1540 laqueus
1398 1469 1609 1522 validus
1659 1470 1777 1522 viro
1809 1478 1938 1521 sunt

363 1570 582 1643 propria
611 1567 775 1630 labia,
801 1566 873 1619 ait
902 1563 1277 1625 Proverbium,
1300 1570 1357 1614 ut
1386 1570 1440 1613 et
1468 1559 1726 1627 scriptum
1752 1570 1855 1623 est,
1883 1564 1938 1612 et

365 1665 547 1718 verbis
570 1660 772 1732 proprii
798 1657 965 1728 398
989 1657 1101 1709 oris
1133 1654 1505 1725 unusquisque
1534 1653 1770 1721 capitur,
1791 1667 1937 1705 mer-

362 1772 455 1812 ces
505 1765 684 1809 autem
751 1751 1012 1804 labiorum
1072 1747 1186 1812 ejus
1244 1746 1457 1800 dabitur
1510 1745 1607 1799 illi.
1654 1743 1931 1811 Siquidem

362 1862 594 1919 magnus
641 1855 695 1900 et
742 1841 991 1898 amabilis
1041 1849 1126 1894 est
1175 1837 1399 1908 hujusce
1450 1835 1708 1905 spiritalis
1762 1819 2007 1889 cmtus‘B

362 1942 615 2013 princeps
666 1947 891 1993 Sanctus
950 1944 1155 2002 martyr
1190 1931 1514 1999 Stephanus
1550 1946 1565 1984 :
1598 1928 1764 1983 multa
1804 1942 1934 1983 vero

361 2033 511 2097 parvi
549 2029 651 2083 mei
694 2039 749 2081 et
780 2027 958 2080 tenuis
1008 2024 1209 2092 ingenii
1259 2023 1485 2094 penuria
1535 2031 1662 2090 est;
1692 2031 1750 2076 ut
1780 2020 1936 2075 valde

360 2126 631 2187 luesitcm,
654 2119 857 2184 dilecti,
877 2119 1018 2172 unde
1045 2118 1120 2171 illi
1147 2132 1257 2171 sua:
1280 2117 1404 2171 vita:
1430 2115 1645 2169 laudum
1676 2128 1932 2169 coronam

358 2216 606 2276 offeram,
638 2212 723 2268 vel
759 2211 1026 2281 quomodo
1057 2209 1395 2278 splendidum
1427 2206 1666 2276 ejusdem
1701 2216 1755 2262 et
1785 2207 1935 2261 labo-

360 2314 564 2364 riosum
613 2303 822 2358 vivendi
870 2315 1038 2370 genus
1068 2314 1357 2370 exponam,
1403 2309 1495 2352 aut
1526 2312 1844 2369 generosam
1880 2298 1932 2353 in

357 2398 641 2455 subeundo
676 2397 937 2465 martyrio
981 2393 1267 2448 audaciam
1301 2404 1577 2444 enarrem.
1630 2391 1758 2456 ρυλε
1787 2388 1932 2441 enim

358 2505 605 2563 supernae
642 2489 826 2560 gratiae
858 2486 1060 2541 auxilio
1091 2482 1329 2538 confecit
1374 2481 1645 2552 prodigia,
1676 2483 1809 2534 adeo
1836 2479 1934 2537 ad-

359 2583 662 2641 mirabilem
686 2581 969 2637 continent
994 2576 1384 2640 narrationem,
1416 2583 1473 2628 ut
1502 2583 1733 2627 mentem
1758 2585 1932 2629 meam

356 2677 683 2734 conturbent
707 2677 823 2727 et'e
853 2686 947 2727 sua
995 2670 1124 2725 sede
1152 2677 1207 2722 et
1236 2675 1382 2722 statu
1428 2667 1761 2729 dimoveant,
1806 2679 1933 2734 pro-

358 2772 617 2842 priosque
650 2765 915 2821 terminos
952 2761 1228 2816 transilire
1266 2768 1489 2827 cogant.
1527 2757 1929 2822 Verumtamen,

355 2872 619 2936 quantum
668 2857 883 2927 ingenio
920 2853 1094 2917 valeo,
1131 2851 1313 2908 dicere
1354 2866 1456 2904 non
1492 2849 1776 2919 refugiant.
1821 2846 1933 2902 Nec

353 2956 523 3018 enim,
555 2965 659 3005 non
698 2965 793 3018 pro
824 2945 1082 3014 dignitate
1128 2942 1369 3007 laudare,
1415 2943 1510 2996 sed
1544 2956 1648 2995 nou
1682 2956 1779 3010 pro
1802 2940 1934 2994 viri-

354 3049 480 3112 bus,
506 3040 853 3100 damnatione
879 3039 1098 3107 dignum
1126 3046 1230 3090 est.

421 3216 689 3285 Quocirca
738 3218 1125 3282 congruentem
1151 3208 1385 3264 orationi
1434 3219 1668 3263 mentem
1696 3209 1924 3270 habens,

352 3307 572 3365 tametsi
624 3304 730 3359 tale
783 3302 986 3371 aliquid
1025 3314 1300 3368 nunquam
1334 3313 1627 3367 aggressus
1676 3313 1817 3362 sum,
1863 3299 1930 3351 ab

353 3399 477 3454 aliis
501 3396 793 3460 excitatus,
818 3402 929 3447 tota
964 3404 1082 3444 mea
1114 3388 1372 3443 facultate
1396 3398 1601 3443 memet
1624 3389 1748 3442 huic
1775 3387 1926 3455 operi

353 3492 497 3548 dedi.
531 3487 756 3543 Scilicet
783 3496 994 3538 mecum
1025 3482 1209 3536 animo
1238 3480 1547 3534 volutabam
1576 3481 1776 3533 avitam
1806 3480 1929 3533 Eva:

353 3582 663 3642 damnatam
689 3578 1130 3642 inobedieutiam,
1164 3577 1421 3646 illumque
1449 3576 1647 3629 malum
1687 3591 1926 3642 servum,

354 3678 447 3748 qui
482 3675 739 3729 talentum
772 3669 825 3723 in
858 3680 1002 3723 terra
1032 3667 1415 3721 absconderat.
1438 3667 1680 3722 Verebar
1713 3682 1929 3735 quoque

353 3784 422 3827 ne
436 3769 687 3823 diuturna
709 3759 1164 3834 pt‘aatermissione
1182 3758 1572 3812 in‘ohlivionem
1593 3760 1799 3812 veniret
1815 3758 1929 3812 haec

354 3858 644 3917 venerandi
684 3855 865 3911 Patris
892 3853 1059 3906 nostri
1087 3849 1253 3922 399
1290 3850 1442 3915 Vita;
1478 3858 1536 3903 ut
1568 3851 1713 3904 enim
1756 3849 1926 3903 solem

351 3954 523 4010 nubes
547 3950 685 4007 solet
713 3945 1049 4001 abscondere
1081 3960 1096 3997 :
1130 3959 1210 3998 sic
1241 3955 1449 4010 tempus
1469 3956 1553 4005 ea,
1589 3957 1708 4010 quae
1748 3941 1927 3995 verbis

351 4062 458 4101 non
478 4043 842 4104 celebrantur,
865 4044 1052 4106 tegere
1080 4036 1399 4100 consuevit;
1426 4048 1732 4102 quanquam
1758 4047 1788 4089 a
1818 4046 1925 4100 quo

351 4136 701 4192 beatissimus
722 4129 881 4186 Pater
913 4137 1098 4183 noster
1128 4124 1434 4195 Stephanus
1458 4141 1668 4179 sacram
1698 4138 1925 4180 mortem

352 4227 615 4300 martyrio
646 4221 803 4288 obiit,
830 4222 896 4274 ad
937 4220 1257 4274 hodiernum
1289 4219 1455 4282 diem,
1488 4233 1662 4272 annus
1693 4218 1926 4286 quadra-

350 4321 588 4393 gesimus
622 4318 890 4375 secundus
925 4314 1220 4383 praeteriit;
1260 4326 1370 4381 quo
1401 4312 1680 4375 incitatus,
1723 4314 1870 4367 illius
1892 4327 1922 4366 a

352 4410 553 4465 teneris
582 4406 887 4477 unguiculis
914 4403 979 4457 ad
1017 4410 1354 4457 senectutem
1374 4412 1550 4472 gesta,
1573 4402 1926 4472 ejusdemque

2045 565 2224 618 ἐκεῖνο
2257 565 2563 637 πληροῦται
2591 570 2652 622 τὸ
2676 571 2888 639 φάσκον
2914 588 2928 605 ε
2960 571 3170 636 Δεῖξόν
3195 590 3299 640 μοι
3337 573 3452 639 τὴν
3481 573 3626 641 ὄψιν

2045 671 2188 717 σου,
2224 658 2320 710 καὶ
2367 659 2695 713 ἀκούτισόν
2734 679 2813 729 με
2842 661 2956 729 τὴν
2986 662 3202 731 φωνήν
3229 678 3368 715 σου.
3420 664 3627 732 ’Δμφω

2041 746 2151 817 γὰρ
2180 746 2268 800 διὰ
2324 749 2533 812 εἰκόνος
2562 751 2781 819 ὁρᾶται,
2828 752 2927 804 καὶ
2981 754 3071 805 διὰ
3125 751 3410 822 Γραφικοῦ
3461 753 3626 821 λόγου

2042 837 2415 901 ἀκουτίζεται.
2455 842 2566 893 Καὶ
2597 844 2629 911 ή
2660 842 2759 911 μὲν
2793 842 2894 912 τῆς
2918 844 3129 906 εἰκόνος
3161 846 3352 914 ὅρασις
3377 846 3627 914 πέφυκεν

2042 925 2113 977 ἐκ
2137 926 2248 977 τῶν
2286 930 2588 998 ἐπιτέχνως
2621 948 2739 994 πως
2771 933 2871 1001 τὴν
2905 933 3077 1002 αὐτὴν
3124 935 3439 1005 ἐπιστήμην
3473 936 3626 1005 ἐχόν-

2026 1033 2170 1087 των.
2206 1019 2262 1072 '0
2290 1020 2348 1073 δὲ
2377 1022 2474 1089 τῆς
2497 1022 2667 1091 ἀκοῆς
2695 1023 2853 1091 λόγος
2876 1027 2940 1078 ἐκ
2971 1025 3079 1078 τῶν
3107 1029 3164 1077 ἐν
3188 1029 3464 1095 Πνεῦματι
3489 1026 3623 1097 θείῳ

2041 1111 2137 1162 καὶ
2175 1110 2398 1182 παιδείᾳ.
2433 1116 2692 1180 γνώσεως
2733 1116 3105 1185 μεμυημένων
3138 1118 3207 1169 τὰ
3234 1118 3372 1171 θεῖα.
3400 1117 3624 1169 Τούτων

2042 1203 2224 1255 αὐτῶν
2256 1204 2284 1243 b
2304 1206 2635 1277 ἀμφοτέρων
2663 1209 2910 1279 ἀμοιρῶν
2936 1210 3137 1273 καύτὸς
3172 1211 3369 1279 ἔγωγε,
3403 1211 3480 1281 τῷ
3509 1211 3623 1284 δέει

2039 1295 2547 1368 καθυποὸἀλλομαι,
2584 1300 2679 1352 καὶ
2718 1301 2856 1371 πρὸς
2892 1300 2989 1369 τὴν
3020 1301 3337 1372 ἐγχείρησιν
3366 1303 3621 1371 ἀτόλμως

2038 1385 2147 1455 ἔχω
2178 1388 2355 1457 στόμα
2382 1389 2590 1453 ἀνοῖξαι
2619 1391 2715 1442 καὶ
2747 1395 2909 1461 χεῖρα
2936 1393 3130 1455 τεῖναι,
3152 1382 3254 1444 ’τὸν
3281 1392 3381 1461 τῆς
3411 1410 3623 1462 προπε-

2037 1478 2187 1541 τείας
2238 1480 2519 1534 δύσοιστον
2570 1483 2769 1552 μήπως
2809 1485 2866 1535 ἐν
2916 1482 2994 1552 τῷ
3044 1484 3224 1552 λέγειν
3254 1485 3619 1555 ὑπομείναιμι

2036 1569 2258 1640 τρόπον.
2295 1570 2468 1636 Παγὶς
2521 1571 2630 1641 γὰρ
2687 1571 2885 1641 ισχυρὰ
2935 1572 3095 1642 ἀνδρὶ
3139 1574 3208 1624 τὰ
3272 1573 3380 1625 Eata
3440 1574 3620 1645 χείλη,

2040 1660 2456 1730 παροιμιακῶς,
2510 1660 2586 1723 ὡς
2645 1661 2739 1714 καὶ
2801 1664 3139 1733 γέγραπται,
3193 1663 3288 1715 καὶ
3333 1664 3622 1717 ἁλίσκεται

2038 1752 2279 1822 ῥήμασιν
2344 1752 2476 1804 ἰδίου
2515 1756 2791 1822 στόματος
2844 1753 3112 1816 ἕκαστος’
3144 1757 3504 1826 ἀνταπόδομα
3559 1757 3621 1810 δὲ

2034 1842 2262 1914 χειλέων
2294 1842 2463 1897 αὑτοῦ
2490 1844 2781 1914 δοθήσεται
2814 1845 2966 1916 αὐτῷ
2988 1862 3004 1877 ο
3036 1847 3208 1917 μέγας
3239 1850 3348 1919 γὰρ
3398 1849 3494 1900 καὶ
3521 1851 3623 1903 ἐπ-

2037 1935 2268 2005 έραστος
2285 1938 2312 1989 ὁ
2333 1937 2539 2006 ταύτης
2560 1938 2663 2007 τῆς
2694 1942 3073 2010 πνευματικῆς
3092 1940 3455 2011 πανηγύρεως
3485 1957 3622 2012 προ-

2034 2027 2280 2097 εξὰρχων
2310 2029 2644 2098 ὀσιόμαρτυς
2696 2028 3000 2098 Στέφανος·
3057 2031 3151 2083 καὶ
3199 2032 3335 2084 πολὺ
3368 2042 3390 2070 ο
3444 2033 3618 2103 ήτῆς

2032 2120 2171 2188 ἐμῆς
2209 2119 2546 2189 πτωχονοίας
2589 2120 2836 2173 οὐθένεια
2869 2120 3066 2191 μικρά.
3102 2122 3212 2174 Καὶ
3260 2122 3424 2178 πόθεν
3462 2124 3619 2194 αὑτῷ

2031 2211 2143 2263 τῶν
2168 2211 2465 2280 ἐγκωμίων
2491 2209 2585 2263 τοῦ
2616 2210 2735 2280 βίου
2765 2212 3022 2283 προσάξω
3046 2212 3139 2266 τὸν
3173 2214 3461 2284 στέφανον;
3498 2217 3619 2280 πῶς

2032 2299 2089 2353 δὲ
2121 2300 2336 2370 καὶτῆς
2366 2300 2530 2354 αὐτοῦ
2558 2301 2839 2365 πολιτείας
2860 2303 3124 2372 ἐκφράσω
3141 2303 3204 2357 τὸ
3235 2306 3487 2377 λαμπρὸν
3517 2307 3621 2360 καὶ

2033 2390 2314 2457 ἐπίπονον,
2353 2391 2548 2464 ἀπορῶ
2598 2392 2743 2456 λίαν,
2798 2393 3107 2464 ἀγαπητοί⁶
3149 2396 3183 2468 ἢ
3220 2396 3338 2460 πῶς
3379 2399 3477 2468 τῆς
3517 2399 3618 2450 ἐπ-

2032 2482 2201 2536 άθλου
2225 2483 2533 2554 μαρτυρίας
2566 2483 2843 2554 ἐξείποιμι
2876 2485 2937 2537 τὸ
2957 2484 3241 2556 εὔτολμον.
3273 2487 3353 2542 Τὰ
3385 2489 3495 2558 γὰρ
3522 2489 3617 2545 διὰ

2031 2575 2131 2645 τῆς
2157 2573 2368 2627 ἄνωθεν
2397 2573 2621 2644 χάριτος
2645 2575 2738 2627 ὑπ’
2761 2575 2929 2629 αὐτοῦ
2968 2576 3293 2631 τελεσθέντα
3324 2580 3615 2650 τεράστια,

2032 2664 2361 2735 θαυμαστὴν
2402 2664 2593 2734 ἔχοντα
2625 2665 2726 2736 τὴν
2754 2665 3029 2737 διήγησιν,
3071 2666 3353 2738 κραδαίνει
3388 2685 3490 2739 μου
3518 2669 3614 2722 τὸν

2030 2756 2286 2827 λογισμὸν
2309 2757 2404 2810 καὶ
2431 2756 2733 2827 ἐξίστησιν,
2766 2758 2860 2810 καὶ
2888 2756 2996 2810 τῶν
3033 2758 3252 2812 οἰκείων
3317 2761 3462 2830 ὅρων
3497 2761 3619 2813 ἀπ-

2031 2847 2280 2900 ελαύνειν
2317 2847 2585 2917 βιάζεται.
2614 2848 2761 2919 Πλὴν
2785 2851 2863 2912 εἰς
2888 2850 3010 2901 ὅσον
3042 2851 3278 2918 ἐπαρκεῖ
3300 2853 3457 2920 μουή
3490 2852 3613 2906 διά-

2030 2956 2169 3001 νοια,
2204 2939 2304 2991 οὑκ
2331 2939 2549 3008 ὀκνήσω
2579 2938 2783 3006 λέγειν.
2819 2940 2891 2990 Οὐ
2933 2940 3043 3007 γὰρ
3082 2939 3143 2991 τὸ
3179 2939 3254 3011 μὴ
3303 2940 3425 2994 κατ’
3452 2942 3616 3006 ἀξίαν

2031 3029 2400 3099 ἐγκωμιάσαι,
2418 3028 2751 3094 κατάκρισις
2768 3044 2781 3058 ·
2803 3028 2940 3082 ἀλλὰ
2960 3029 3027 3082 τό
3045 3046 3105 3097 γε
3131 3033 3209 3095 εἰς
3230 3032 3460 3102 δύναμιν
3476 3030 3615 3105 ἧκον

1955 3158 1997 3217 C
2037 3128 2111 3196 μὴ
2143 3126 2343 3193 λέγειν,
2372 3124 2744 3192 κατάγνωσις.

2044 3288 2048 3293 Δ
2109 3216 2200 3269 Διὸ
2245 3215 2565 3285 σύμμετρον
2590 3218 2730 3285 ἔχων
2776 3214 2856 3285 τῷ
2887 3215 3031 3288 λόγῳ
3073 3218 3172 3289 τὴν
3206 3218 3437 3285 ἔννοιαν,
3460 3221 3489 3273 ὁ
3517 3239 3617 3294 μη-

2035 3308 2227 3361 δέποτε
2258 3309 2339 3368 εἰς
2369 3305 2615 3358 τοιοῦτόν
2643 3322 2696 3357 τι
2726 3308 3109 3376 ἐπιχειρήσας,
3141 3311 3292 3381 πάσῃ
3324 3329 3425 3378 μου
3448 3314 3615 3367 δυνά-

2040 3416 2129 3471 μει
2159 3400 2498 3470 προτραπεὶς
2539 3399 2731 3451 ἐαυτὸν
2761 3400 3066 3453 ἐπιδέδωκα
3086 3418 3099 3433 ’
3134 3404 3235 3472 τὴν
3279 3408 3616 3478 προγονικὴν

2034 3494 2134 3563 τῆς
2170 3491 2313 3554 Εῦας
2359 3493 2417 3542 ἐν
2450 3491 2524 3561 νῷ
2563 3492 2757 3545 λαϐὼν
2793 3495 3122 3565 κατάκριτον
3168 3498 3474 3570 παρακοήν,
3518 3502 3615 3553 καὶ

2034 3583 2125 3636 τὸν
2162 3583 2219 3633 ἐν
2265 3582 2332 3651 τῇ
2370 3583 2441 3651 γῇ
2489 3581 2551 3632 τὸ
2582 3580 2843 3634 τάλαντον
2871 3584 3107 3652 πονηρὸν
3130 3583 3317 3639 δοῦλον
3374 3589 3613 3660 κατορύ-

2037 3674 2205 3739 ξαντα
2231 3672 2659 3740 ἐνθυμούμενος,
2705 3671 2799 3726 καὶ
2829 3673 2923 3726 τοῦ
2962 3676 3163 3744 μήπως
3194 3680 3259 3747 τῇ
3294 3681 3485 3751 χρονίᾳ
3510 3698 3614 3733 πα-

2039 3765 2282 3838 ραδρομῇ
2310 3766 2387 3827 εἰς
2414 3763 2583 3834 λήθην
2602 3763 2745 3817 ἔλθοι
2765 3766 2792 3816 ὁ
2817 3766 3022 3818 τοιόσδε
3046 3767 3137 3819 τοῦ
3170 3770 3471 3839 σεϐασμίου
3500 3774 3615 3825 Πα-

2033 3858 2157 3926 τρὸς
2183 3856 2341 3926 ἡμῶν
2368 3854 2483 3941 βίος
2504 3870 2519 3883 ·
2541 3850 2652 3908 οἶδε
2671 3855 2780 3924 γὰρ
2798 3855 2989 3925 ὥσπερ
3011 3858 3206 3926 νεφέλη
3232 3862 3497 3928 κρύπτειν
3517 3865 3610 3919 τὸν

2033 3949 2207 4019 ἥλιον,
2241 3947 2384 4000 οὕτω
2416 3949 2510 4001 καὶ
2537 3949 2727 4018 χρόνος
2751 3946 3049 4001 καλύπτειν
3079 3949 3144 4001 τὰ
3177 3952 3251 4019 μὴ
3269 3951 3610 4021 λαλούμεναο

2035 4041 2242 4109 καίπερ
2285 4040 2730 4109 τεσσαρακοστοῦ
2762 4039 3018 4110 δευτέρου
3050 4040 3206 4104 ἔτους
3261 4045 3614 4115 παραδεδρα-

2037 4133 2299 4204 μηκότος,
2332 4132 2424 4200 ἀφ’
2454 4127 2624 4202 οὗπερ
2654 4132 2751 4202 τὴν
2784 4132 2872 4184 διὰ.
2906 4133 3209 4204 μαρτυρίου
3243 4137 3395 4206 ἱερὰν
3424 4139 3613 4193 τελευ-

2032 4224 2186 4295 τὴνὸ
2237 4224 2556 4294 παμμὰκαρ
2600 4221 2820 4291 ’ὑπέστη
2873 4223 3064 4293 Πατὴρ
3113 4226 3274 4294 ἡμῶν
3334 4227 3611 4297 Στέφανος

2037 4315 2204 4385 μέχρι
2260 4314 2360 4382 τῆς
2409 4316 2546 4374 νυνὶ,
2586 4310 2653 4385 ἦς
2696 4315 3033 4383 προτραπεὶς
3087 4316 3427 4388 ἀνελεξάμην
3476 4322 3610 4390 παρ’

2033 4404 2406 4474 ἀληθευόντων
2438 4404 2648 4473 ἀνδρῶν
2698 4405 2791 4457 καὶ
2822 4404 2931 4457 τῶν
2959 4405 3127 4458 αὑτοῦ
3165 4412 3462 4478 φοιτητών,
3502 4405 3611 4465 ὧδέ

347 4514 502 4557 ortus
533 4511 587 4555 et
628 4499 810 4553 obitus
855 4496 1198 4566 gratissimas
1236 4504 1292 4549 et
1331 4495 1680 4549 admirabiles
1728 4510 1918 4549 narra-

2035 4511 2090 4547 τε
2116 4496 2342 4547 κάκεῖσε
2380 4493 2675 4563 περιθέων,
2715 4494 2813 4546 καὶ
2844 4496 3245 4565 περιαθροίζων
3278 4501 3345 4551 τὰ
3375 4501 3434 4565 ἐξ
3460 4505 3611 4555 ἁπα-

351 4592 527 4647 tiones
561 4604 594 4644 a
624 4586 755 4642 viris
802 4585 1055 4639 veridicis
1103 4582 1327 4652 ejusque
1359 4583 1665 4653 discipulis,
1717 4584 1823 4638 huc
1869 4597 1925 4639 et

350 4682 480 4737 illuc
510 4682 844 4743 discurrens,
870 4677 1141 4744 excerpsi,
1173 4684 1338 4746 atque
1366 4690 1396 4729 e
1421 4677 1581 4745 longo
1607 4685 1851 4746 tempore
1874 4689 1932 4732 et

350 4775 644 4838 oblivione,
692 4773 839 4826 velut
869 4784 902 4824 e
926 4766 1195 4839 profundo
1227 4769 1409 4837 aliquo
1442 4769 1596 4834 erui;
1631 4769 1925 4822 studiosam

352 4881 512 4939 apem
543 4864 847 4928 mutuatus,
898 4876 1020 4931 qua:
1069 4859 1313 4930 plurimis
1339 4873 1371 4914 e
1399 4857 1629 4914 ﬂoribus
1671 4872 1758 4922 ea,
1806 4872 1927 4927 qua“:

352 4956 423 5012 ad
452 4955 629 5013 mellis
651 4952 1048 5008 coniectionem
1071 4947 1378 5004 necessaria
1411 4955 1560 5012 sunt,
1593 4944 1814 5021 colligit.

421 5212 625 5280 Verum
660 5222 815 5277 nobis
846 5220 1032 5292 praeit
1063 5218 1336 5282 Christus,
1364 5230 1526 5273 verus
1549 5214 1927 5280 Deusuosler,

354 5317 445 5386 (pi
494 5317 772 5371 “luminat
829 5330 1035 5385 omnem
1079 5312 1339 5366 hominem
1381 5311 1664 5365 venientem
1705 5309 1759 5363 in
1788 5311 1924 5364 hunc

427 5470 447 5502 ⁸
483 5470 643 5525 Cant.
691 5482 758 5530 ιι,
796 5466 882 5520 M.

2032 4585 2139 4639 λῶν
2169 4585 2376 4655 ὀνύχων
2408 4583 2574 4639 αὑτοῦ
2607 4586 2701 4639 καὶ
2739 4587 2904 4656 μέχρι
2935 4589 3144 4656 γήρως,
3169 4591 3240 4642 τά
3269 4607 3327 4643 τε
3351 4593 3446 4661 τῆ,
3485 4611 3613 4662 γεν-

2031 4681 2240 4746 νήσεως
2270 4677 2364 4729 καὶ
2398 4676 2492 4729 τοῦ
2541 4676 2773 4730 θανάτου
2812 4679 3132 4750 πάντερπνα
3175 4682 3271 4735 καὶ
3317 4683 3611 4754 θαυμαστὰ

2030 4765 2372 4836 διηγήματα,
2420 4766 2515 4820 καὶ
2566 4767 2864 4835 συλλέγων,
2901 4771 3095 4841 ὥσπερ
3135 4771 3197 4825 ἔκ
3237 4790 3381 4836 τινος
3421 4775 3607 4844 βυθοῦ,

2030 4857 2124 4909 τοῦ
2160 4856 2374 4928 μακροῦ
2421 4857 2636 4928 χρόνου,
2683 4860 2778 4913 καὶ
2827 4861 2929 4929 τῆς
2971 4861 3141 4933 λήθης
3188 4864 3607 4936 ἀναλεγόμενος,

2033 4945 2287 5019 ζηλώσας
2328 4947 2428 5019 τὴν
2464 4949 2752 5016 φιλόπονον
2802 4952 3085 5021 μέλισσαν,
3147 4954 3246 5025 τὴν
3292 4958 3357 5010 ἐκ
3398 4959 3614 5014 πολλῶν

2038 5038 2247 5093 ἀνθέων
2276 5038 2643 5108 συλλέγουσαν
2671 5042 2740 5095 τὰ
2764 5044 3014 5115 χρήσιμα
3041 5046 3177 5116 πρὸς
3203 5048 3304 5118 τὴν
3332 5049 3427 5103 τοῦ
3458 5052 3615 5121 μέλιυ

2037 5145 2127 5191 τος
2144 5129 2431 5199 ἐργασίαν.

2117 5221 2259 5274 Ἀλλ’
2284 5222 2530 5292 ἡγείσθω
2567 5225 2806 5295 Χριστὸς
2835 5227 2865 5280 ὁ
2891 5227 3146 5298 ἀληθινὸς
3171 5230 3303 5295 Θεὸς
3328 5232 3507 5303 ἡμῶν,
3547 5234 3613 5289 '0

2030 5310 2290 5382 φωτίζων
2310 5314 2506 5369 πάντα
2538 5315 2853 5387 ἄνθρωπον
2872 5319 3197 5390 ἐρχόμενον
3225 5325 3317 5400 εἰς
3339 5325 3445 5378 τὸν
3465 5326 3614 5381 κόσ-

1620 5560 1855 5655 νΑιιιιΕ
1895 5600 2293 5658 LECTIONES.

423 5767 452 5807 δ
477 5767 544 5823 al.
581 5763 695 5820 οὖν.

776 5773 799 5801 ο
825 5761 893 5816 al.
920 5761 1089 5831 πολλὴ
1114 5760 1213 5830 τῆς
1244 5759 1386 5829 ἐμῆς
1414 5759 1752 5829 πτωχονοίας
1777 5759 2019 5813 εὐθένεια
2056 5760 2148 5813 καὶ
2172 5759 2372 5831 μικρά.
