4060 6430
441 397 580 463 1073

1533 405 1708 466 VITA
1753 405 1814 465 S.
1850 403 2230 465 STEPHANI
2274 406 2660 467 IUNlORIS.

3587 411 3714 467 1074

429 515 614 587 μοι-(Ι,
631 517 660 570 ό
681 516 845 588 μόνος
870 517 996 582 νοῦς
1013 518 1124 572 τῶν
1138 519 1382 585 εὐσεϐῶς
1402 520 1671 575 νοούντων
1695 519 1788 573 καὶ
1807 519 2030 588 νοουμέ-

2141 525 2392 586 muan
2423 523 2444 554 ⁸
2481 536 2495 574 :
2534 521 2680 602 spius
2715 519 2806 574 ille
2845 519 3154 574 intellectus
3185 517 3270 588 pie
3303 517 3718 588 intelligt-Ittiutu

435 625 566 676 νων,
585 611 680 664 καὶ
697 610 859 679 λόγος
880 612 989 666 τῶν
1007 612 1281 682 λεγόντων
1302 615 1396 668 καὶ
1420 613 1758 684 λεγομένων,
1780 613 1874 666 καὶ
1894 612 2030 665 πᾶσι

437 703 621 756 πάντα
637 703 736 756 καὶ
762 701 860 766 ὢν,
885 703 982 756 καὶ
1011 705 1322 775 γινόμενος,
1345 707 1373 758 ὁ
1403 704 1582 767 διδοὺς
1604 703 1888 772 φωτισμὸν
1913 719 2033 754 παι-

432 791 586 856 δείας
607 791 701 846 τοῦ
724 793 951 860 γνῶναι,
979 793 1150 864 ἡνίκα
1161 795 1244 847 δεῖ
1263 797 1438 850 εἰπεῖν
1457 794 1617 863 λόγον
1634 809 1648 822 ⁸
1685 793 1745 846 Ἠ
1765 790 2034 858 δήλωσις

433 883 550 953 γὰρ
574 883 692 936 τῶν
706 885 908 954 λόγων
923 885 1094 938 αὐτοῦ
1117 889 1330 956 εσωτιεῖ
1345 882 1442 940 καὶ
1463 885 1736 939 συνετιεῖ
1749 886 2030 951 νηπίους.

435 977 548 1028 Καὶ
572 975 749 1046 ταῦτα
783 977 883 1047 μὲν
911 979 990 1039 εἰς
1015 979 1296 1032 τοσοῦτον.
1330 980 1448 1032 Ἵνα
1473 979 1530 1032 δὲ
1567 978 1640 1049 μή
1669 978 2033 1048 μακροτέροις

432 1072 765 1134 ἐπεισοδίοις
795 1073 888 1126 τὸν
941 1073 1102 1142 λόγον
1137 1075 1495 1144 μηκύνωμεν,
1527 1075 1627 1144 τῆς
1660 1073 2034 1144 προκειμένης

433 1163 694 1234 βαλϐίδος
730 1166 1016 1235 ἐχόμενος,
1056 1167 1154 1236 τὴν
1186 1168 1447 1238 ἀπαρχὴν
1488 1167 1683 1221 τούτου
1711 1167 1806 1219 τοῦ
1840 1165 2034 1236 θεαρέ-

433 1275 568 1310 στου
603 1258 720 1328 βίου
758 1261 1144 1329 προοιμιάσων
1174 1261 1431 1331 ἔρχομαι.
1464 1261 1577 1314 Καί
1613 1278 1704 1330 μοι
1748 1259 1912 1330 μόνον
1938 1259 2035 1312 καὶ

431 1349 600 1417 ὑμεῖς
624 1350 1032 1420 συναμιλλᾶσθε
1056 1354 1177 1414 ταῖς
1202 1353 1501 1422 ὑμετέραις
1536 1353 1748 1421 εὐχαῖς,
1777 1351 1907 1404 ἵλεω
1939 1350 2034 1405 τὸν

432 1441 571 1494 Θεὸν
597 1442 918 1510 ποιούμενοι
955 1445 1048 1496 ἐπὶ
1082 1444 1158 1513 τῷ
1183 1446 1617 1515 πεφαυλισμένῳ
1651 1463 1754 1515 μου
1779 1445 1903 1516 βίῳ,
1940 1445 2034 1499 καὶ

430 1530 600 1600 λόγον
634 1533 914 1597 αἰτοῦντες
945 1536 1004 1588 ἐν
1036 1536 1243 1600 ἀνοίξει
1272 1535 1368 1590 τοῦ
1403 1537 1673 1606 στόματός
1713 1554 1848 1606 μου’
1883 1539 2034 1602 ὅπως

429 1622 504 1678 ἂν
537 1625 610 1694 μὴ
645 1625 896 1694 κριθείην
953 1626 1030 1690 ὡς
1075 1627 1184 1680 τῶν
1229 1629 1371 1700 ὑπὲρ
1426 1629 1585 1694 ἀξίαν
1619 1631 1904 1700 ἁψάμενος
1940 1635 2033 1684 καὶ

434 1716 608 1788 μηδὲν
647 1717 938 1778 πολυτελὲς
970 1719 1303 1788 εἰσενεγκὼν
1348 1720 1444 1774 τοῦ
1494 1721 1656 1790 λόγου
1692 1724 1952 1790 ἐπάξιον·
2006 1724 2036 1777 ὃ

438 1810 580 1878 μηδὲ
612 1810 751 1881 πρὸς
784 1811 886 1880 τὴν
931 1812 1072 1880 ἐμὴν
1107 1812 1450 1882 καθέστηκεν
1496 1815 1787 1869 ἀσθένειαν
1824 1828 1870 1879 ε,
1903 1817 2034 1870 ὁπό-

2136 623 2189 664 et
2220 613 2644 676 intellecturum,
2685 621 2740 666 et
2767 612 2990 665 verbum
3021 611 3316 666 dicentium
3345 621 3398 664 et
3425 610 3718 676 dictorum,

2135 704 2227 774 qui
2255 705 2508 759 omnibus
2529 705 2710 759 omnia
2733 712 2821 760 est
2847 714 2901 759 et
2935 705 3016 771 tit,
3051 705 3142 772 qui
3169 703 3497 759 eruditionis
3535 701 3716 759 lumen

2136 797 2202 850 ad
2229 799 2664 865 cognoscendum
2703 796 2914 861 tribuit,
2944 811 3065 850 cum
3099 796 3279 851 oratio
3309 795 3556 850 habenda
3589 803 3674 852 est
3701 811 3717 849 :

2135 887 2403 958 siquidem
2463 887 2761 942 Declaratio
2807 904 3108 943 sermonum
3159 887 3330 956 ipsius
3361 887 3718 949 illuminabit,

2133 991 2182 1034 et
2205 981 2525 1034 intellectum
2548 981 2694 1035 dabit
2723 979 2959 1049 parvulis
2987 981 3029 1035 ‘.
3063 980 3127 1034 Et
3145 981 3260 1034 lucc
3285 980 3504 1050 quidem
3532 979 3723 1035 hacte-

2135 1090 2256 1129 nus.
2305 1073 2382 1127 Ne
2427 1086 2606 1129 autem
2674 1075 3064 1144 prolixioribus
3109 1073 3354 1128 exordiis
3415 1071 3720 1127 orationem

2133 1165 2554 1235 protraltamus;
2588 1166 2870 1236 proposito
2914 1165 3081 1238 5.00
3123 1163 3397 1220 curriculo
3435 1164 3719 1224 insistens.

2135 1257 2347 1311 initium
2398 1257 2558 1326 hujus
2605 1257 2712 1313 Deo
2740 1259 2949 1326 placita:
2981 1260 3102 1313 vita:
3141 1256 3386 1312 facturus
3429 1271 3572 1312 sum.
3609 1255 3722 1310 Vos

2135 1364 2266 1404 vero
2312 1351 2510 1404 vestris
2558 1358 2766 1404 tantum
2837 1349 3090 1418 precibus
3145 1349 3275 1404 Inibi
3325 1362 3482 1418 opem
3540 1347 3716 1410 ferte,

2138 1443 2416 1513 Deumque
2452 1457 2583 1496 mea:
2610 1443 2700 1498 vili
2735 1443 2861 1498 vitae
2893 1443 3184 1514 propitium
3244 1441 3473 1504 reddite,
3516 1451 3572 1494 et
3597 1455 3717 1494 sero

2137 1553 2351 1591 monent
2381 1537 2445 1590 ad
2475 1552 2537 1592 os
2563 1553 2748 1591 meum
2769 1538 3122 1606 aperiendum
3154 1536 3433 1604 exposcite
3461 1549 3475 1587 :
3505 1549 3574 1590 nc
3604 1548 3714 1587 rem

2135 1628 2276 1681 ultra
2311 1627 2458 1681 vires
2503 1642 2653 1684 meas
2683 1642 2974 1698 aggressus
3005 1642 3145 1690 esse,
3179 1625 3261 1678 vt-l
3294 1625 3429 1680 nihil
3461 1623 3716 1694 magniﬁ-

2135 1735 2283 1781 cum,
2331 1721 2542 1790 hocque
2593 1736 2762 1789 opere
2822 1719 3046 1790 dignum
3107 1720 3358 1774 attulisse
3407 1717 3714 1787 tlijudiccr;

2137 1811 2280 1882 quod
2307 1827 2440 1866 meae
2472 1813 2833 1866 imbecillitati
2865 1812 3087 1866 minime
3115 1809 3396 1874 convenit,
3420 1825 3541 1863 cum
3572 1807 3714 1861 nulla

429 1919 536 1954 ταν
586 1901 724 1972 μηδὲ
776 1903 1115 1973 ἀπροσεξίας
1152 1900 1292 1966 εἶδός
1322 1921 1376 1958 τι
1413 1908 1850 1978 συνεπήρτηται.
1885 1909 2028 1978 Πρὸς

2134 1905 2476 1974 negligentia:
2505 1905 2714 1975 species
2744 1904 3072 1972 impendeat.
3107 1903 3354 1970 Superna
3392 1917 3524 1971 ergo
3561 1899 3716 1965 adju-

429 1993 493 2047 δὲ
520 1996 584 2062 τῇ
621 1992 829 2047 ἄνωθεν
860 1994 1051 2065 χάριτι
1104 1999 1170 2066 τῇ
1215 1997 1398 2051 πάντα
1427 1997 1672 2072 νεμούσῃ
1711 1999 1929 2069 ἑκάστῳ
1959 1997 2030 2053 τὰ

433 2087 753 2156 πρόσφορα,
784 2086 918 2158 παρ’
963 2082 1054 2158 ἧς,
1088 2085 1266 2141 Πᾶσα
1293 2088 1467 2155 δόσις
1519 2089 1738 2157 ἀγαθὴ,
1772 2091 1874 2144 καὶ
1904 2087 2028 2146 πᾶν

414 2175 682 2246 ’δώρημα
714 2175 947 2232 τέλειον
973 2178 1204 2233 ἄνωθέν
1234 2180 1388 2244 ἐστι,
1427 2180 1793 2235 καταϐαῖνον
1832 2182 1890 2234 ὲν
1915 2185 2029 2246 τοῖς

437 2268 612 2337 ἀξίοις
657 2269 754 2323 τοῦ
808 2270 1157 2341 Πνεύματος,
1194 2273 1284 2326 ἐπ’
1337 2273 1694 2344 αὑτὴνϊοῦν,
1731 2273 1806 2338 ὡς
1867 2274 2024 2346 ἔφην,

431 2362 536 2432 τὴν
567 2362 758 2432 ἀρχὴν·
777 2361 873 2416 τοῦ
905 2362 1025 2432 βίου
1061 2361 1384 2431 ἐλεύσομαι,
1426 2363 1602 2434 καλὴν
1647 2365 1730 2416 ὅτι
1793 2363 2030 2434 μάλιστα

431 2455 537 2510 καὶ
581 2457 813 2525 ταχεῖαν
845 2454 1154 2525 εὑράμενος
1187 2455 1482 2527 σύμμαχον
1514 2456 1614 2526 τὴν
1646 2456 1706 2521 ἐξ
1743 2456 2029 2528 ἑκατέροιν

433 2548 628 2617 μεροῖν
657 2545 768 2600 τῶν
809 2544 990 2615 εὐχῶν
1019 2545 1268 2616 ἀρωγήν.

509 2639 582 2692 Σὺ
617 2637 674 2692 δέ
710 2655 824 2709 μοι,
873 2631 920 2691 ὧ
971 2637 1097 2709 ἱερὰ
1148 2637 1260 2692 τῶν
1306 2639 1641 2710 Ὀρθοδόξων
1691 2641 2025 2712 πανήγυρις,

429 2731 553 2784 ὅσοι
582 2747 644 2784 τε
666 2731 766 2802 τῆς
796 2729 946 2786 κατὰ
974 2730 1215 2801 Χριστὸν
1243 2729 1401 2802 ἄκρῳ
1423 2731 1678 2803 δακτύλῳ
1707 2731 2028 2802 φιλοσοφίας

430 2821 763 2892 ἐγεύσασθε,
797 2823 1146 2878 σπουδάσατε
1205 2822 1429 2894 θερμῶς
1461 2825 1522 2876 ἐν
1565 2823 1796 2896 ἀληθινῇ
1845 2827 2027 2878 πίστει

429 2917 504 2970 τὰ
531 2909 648 2970 ὦτα
678 2917 777 2984 τῆς
808 2915 1050 2978 διανοίας
1093 2915 1308 2970 θέσθαι.
1355 2918 1444 2969 Ἐν
1482 2919 1591 2981 τοῖς
1623 2918 1864 2982 παροῦσι
1894 2919 2024 2989 γὰρ,

428 3009 822 3080 πνευματικῆς
855 3009 1098 3073 εὐεξίας,
1142 3009 1239 3062 καὶ
1266 3009 1330 3062 ού
1386 3009 1664 3082 σαρκικῆς
1706 3009 1958 3073 εὐκλείας
1992 3009 2028 3080 ἢ

431 3103 753 3174 προκοπῆς,
785 3101 862 3159 ὡς
899 3104 956 3154 ἐν
993 3105 1109 3165 τοῖς
1145 3101 1435 3172 Ἕλλησιν,
1468 3104 1500 3171 ἡ
1529 3102 1808 3172 διήγησις.

507 3190 682 3261 Οὗτος
704 3197 889 3250 τοίνυν
921 3199 948 3249 ὁ
986 3195 1088 3266 τῆς
1129 3197 1284 3268 ἱερᾶς
1322 3195 1530 3268 ταύτης
1579 3196 1902 3261 πανδαισίας
1935 3196 2028 3250 καὶ

435 3289 662 3344 πώντων
700 3289 857 3359 ὑμῶν
887 3289 999 3342 τῶν
1029 3287 1170 3356 πρὸς
1199 3289 1468 3360 ἀκρόασιν
1487 3289 1828 3360 δαιτυμόνων
1858 3287 2028 3342 πλού-

436 3398 554 3444 σιος
582 3382 676 3434 καὶ
707 3381 1006 3454 χαροποιὸς
1035 3382 1334 3452 ἑστιάτωρ,
1353 3381 1382 3434 ὁ
1407 3381 1486 3453 τῷ
1508 3380 1602 3436 τοῦ
1629 3381 2030 3452 πρωτομάρτυ-

439 3492 536 3546 ρος
560 3475 790 3545 ὀνόματι
816 3475 912 3528 καὶ
938 3475 1230 3544 πράγματι
1256 3474 1552 3545 ὁμώνυμος
1585 3475 1680 3528 καὶ
1701 3477 2027 3546 ὁμότροπος,

432 3569 500 3622 ού
537 3565 688 3634 ξένος
719 3565 1052 3632 Βυζαντίων,
1087 3567 1212 3621 οὐδὲ
1235 3566 1345 3620 τῶν
1375 3566 1476 3638 τὴν
1505 3566 1899 3638 βασιλεύουσαν
1931 3567 2032 3620 πό-

435 3660 523 3713 λιν
551 3661 852 3714 οἰκούντων
877 3659 1188 3732 ἀλλότριος.
1221 3659 1527 3730 Ἠμέτερος
1558 3660 1668 3733 γὰρ
1695 3654 1875 3725 οὗτος,
1903 3659 2031 3730 γέν-

434 3768 608 3826 νημα,
662 3752 914 3824 θρέμμα,
957 3753 1052 3806 καὶ
1093 3751 1266 3822 θῦμα,
1311 3751 1408 3804 καλ
1443 3755 1558 3816 τοῖς
1591 3751 1754 3823 ήμῶν
1786 3752 2030 3823 πατράσι

432 3844 723 3917 γνώριμος
750 3845 846 3900 καὶ
872 3845 1206 3899 αὐτοπτικδν
1237 3843 1639 3915 όλοκάρπωμα.
1677 3845 1766 3900 Ἐν
1789 3847 1902 3909 τοῖς
1922 3843 2033 3917 γὸρ

437 3939 656 4010 χρόνοις
699 3939 1001 4009 ’Λρτεμίου
1023 3938 1122 3992 τοῦ
1159 3939 1258 3994 καὶ
1298 3937 1658 3994 ’Δναοτασίου
1683 3936 1782 3990 τοῦ
1821 3936 2032 4005 Αὐγού-

435 4047 592 4096 στου,
633 4031 748 4085 ἔτει
811 4029 1018 4104 πρώτῳ
1062 4032 1166 4103 τῆς
1216 4029 1385 4086 αὐτοῦ
1444 4029 1751 4102 βασιλείας,
1811 4029 1920 4083 ἀπὸ
1972 4028 2032 4084 δὲ

437 4124 670 4188 κτίσεως
722 4125 933 4194 κόσμου
997 4124 1107 4178 ἔτει
1166 4121 1625 4195 ἑξακισχιλιοστῷ
1671 4121 2034 4194 διακοσιοστῷ

435 4215 675 4288 εἰκοστῷ
699 4216 963 4287 δευτέρῳ,
996 4213 1065 4286 ἦν
1087 4233 1172 4279 τις
1193 4217 1296 4287 ἀνὴ
1305 4234 1336 4286 ρ
1364 4217 1422 4268 ὲν
1449 4214 2034 4269 Κωνσταντινουπόλει

435 4307 895 4378 ἀναγνωρισθεὶς,
929 4309 992 4362 ού
1025 4307 1138 4362 τῶν
1177 4307 1442 4373 ἐπιδόξων
1475 4310 1533 4361 ὲν
1566 4307 1866 4377 ἀξιώματι,
1908 4306 2033 4360 οὐδὲ

434 4397 548 4452 τῶν
573 4398 634 4464 ἐξ
663 4399 928 4463 ἀσεϐείας
959 4398 1036 4468 τῷ
1059 4399 1283 4471 πλούτῳ
1317 4399 1616 4470 κομώντων
1643 4397 2030 4470 περίϐλεπτος,

437 4490 578 4545 ἀλλὰ
623 4491 736 4544 τῶν
791 4491 864 4545 ἐν
923 4491 1251 4560 αὐταρκείᾳ
1307 4491 1591 4562 βιούντων,
1653 4489 2032 4554 ἀποστολικῶς

2131 2007 2293 2050 vante
2337 1996 2538 2066 gratia,
2579 2012 2700 2066 qua:
2729 1999 2913 2053 omnia
2958 1996 3188 2066 singulis
3216 1995 3571 2065 congruentia
3601 1993 3714 2046 dis-

2132 2090 2356 2152 tribuit,
2396 2105 2424 2142 a
2455 2105 2558 2156 qua
2601 2087 2766 2144 Omne
2804 2089 2986 2144 datum
3029 2090 3221 2144 bonum
3256 2098 3302 2141 et
3335 2102 3484 2141 omne
3514 2087 3712 2138 donum

2129 2183 2414 2249 perfectum
2443 2182 2667 2253 desuper
2700 2191 2800 2246 est,
2833 2183 3149 2238 descendens
3179 2181 3201 2212 '
3233 2181 3286 2236 in
3313 2195 3431 2242 eos,
3466 2177 3558 2247 Qui
3591 2174 3715 2243 Siti-,-

2133 2275 2236 2329 ritu
2269 2275 2418 2344 digni
2451 2285 2582 2331 sunt
2615 2296 2626 2331 :
2662 2275 2716 2330 in
2755 2276 2954 2344 ipsum,
2979 2277 3226 2346 inquam,
3259 2274 3386 2327 vita:
3431 2270 3713 2325 exordium

2131 2367 2366 2430 veniam,
2408 2383 2570 2436 quam
2603 2368 2866 2436 optimum
2897 2375 2954 2422 et
2995 2365 3463 2448 promptissimum
3512 2359 3716 2416 oratiu-

2133 2475 2261 2513 num
2330 2461 2594 2516 auxilium
2657 2475 2724 2516 ex
2783 2471 3016 2529 utraque
3086 2468 3242 2530 parte
3303 2455 3466 2512 simul
3521 2468 3718 2508 conso-

2131 2561 2310 2609 cutus.

2202 2643 2282 2698 'l'u
2311 2661 2462 2711 vero,
2493 2661 2526 2700 ο
2555 2657 2714 2700 sacer
2743 2645 3172 2700 ortltodumrum
3218 2653 3418 2704 cattus,
3449 2646 3721 2710 quotquot

2130 2737 2501 2794 Christianam
2521 2737 2924 2807 philosophiam
2943 2749 3158 2793 summo
3175 2735 3344 2806 digito
3364 2729 3717 2803 degustastis,

2131 2830 2380 2884 animose
2417 2841 2708 2900 properate
2737 2846 2862 2886 cum
2891 2845 3022 2884 vera
3057 2828 3159 2882 [ide
3207 2842 3367 2882 aures
3415 2824 3614 2879 mentis
3639 2821 3720 2875 iu-

2131 2925 2378 2979 tendere.
2406 2921 2561 2978 Nunc
2592 2925 2738 2978 enim
2778 2921 3042 2993 spiritalis
3081 2919 3435 2982 babitudinis,
3463 2932 3570 2972 non
3599 2930 3723 2970 car-

2133 3013 2270 3068 nalis
2324 3013 2664 3068 celebritatis
2714 3011 2796 3067 vel
2835 3011 3134 3081 profectus,
3185 3018 3243 3070 ut
3289 3005 3432 3077 apud
3463 3001 3718 3074 gentiles.

2132 3109 2312 3178 agitur
2343 3105 2608 3161 narratio.
3603 3165 3623 3172 ,

2204 3197 2392 3265 Itaque
2429 3197 2575 3253 sacri
2619 3195 2779 3266 huius
2811 3195 3056 3269 convivii,
3077 3202 3430 3258 vestrumque
3472 3185 3717 3243 omnium

2133 3290 2200 3345 ad
2230 3289 2556 3345 audiendum
2605 3289 2960 3345 convivarum
3009 3287 3160 3342 dives
3189 3293 3246 3340 et
3276 3282 3436 3355 5.01
3473 3277 3722 3350 gratissi-

2135 3397 2256 3437 mus
2279 3382 2622 3447 convivator,
2649 3381 3096 3451 Protomartyris.
3129 3377 3368 3442 nomine,
3394 3391 3452 3429 re
3475 3383 3534 3427 et
3554 3370 3724 3426 mori-

2135 3473 2259 3541 bus,
2287 3473 2505 3540 similis,
2537 3490 2646 3529 non
2674 3475 2875 3544 hospes
2897 3481 2984 3528 est
3009 3469 3280 3542 Byzantii,
3307 3482 3406 3521 nec
3431 3467 3499 3520 ab
3529 3463 3722 3518 incolis

2135 3567 2505 3638 imperatoriae
2557 3567 2709 3622 urbis
2760 3567 2992 3622 alienus.
3047 3563 3250 3618 Noster
3286 3567 3374 3614 est
3407 3558 3498 3614 ille
3533 3556 3720 3621 fartus,

2134 3661 2414 3727 aitnunus,
2442 3671 2496 3715 ct
2540 3660 2744 3722 hostia,
2782 3659 3030 3727 patribus
3079 3654 3287 3711 nostris
3329 3664 3512 3716 notus,
3558 3659 3724 3720 atque

2135 3752 2514 3808 holocaustum
2561 3753 2704 3822 quod
2747 3752 2996 3820 ipsismct
3040 3748 3218 3805 oculis
3253 3747 3530 3800 viderunt.
3560 3740 3726 3796 Tem-

2135 3846 2358 3913 poribus
2402 3845 2552 3899 enim
2578 3845 2811 3899 Artemii
2846 3859 2944 3898 seu
2970 3841 3250 3896 Anastasii
3291 3836 3540 3908 Augusti,
3571 3831 3720 3901 ejus-

2133 3936 2257 3990 dem
2292 3935 2505 4006 imperii
2555 3950 2698 3990 anno
2727 3934 2925 4004 primo,
2955 3947 2984 3987 a
3016 3931 3300 3988 creatione
3344 3926 3530 3984 mundi
3577 3939 3724 3978 anno

2133 4029 2314 4084 sexies
2379 4027 2668 4083 millesimo
2741 4024 3113 4081 ducentesimo
3180 4025 3422 4078 secundo
3493 4015 3720 4091 [Christi

2136 4134 2282 4173 anno
2307 4115 2457 4189 715],
2483 4118 2569 4172 vir
2588 4116 2810 4187 quidam
2838 4111 3303 4182 Constantinopoli
3331 4107 3580 4180 degebat,
3613 4120 3720 4164 non

2136 4209 2280 4264 inter
2303 4209 2424 4265 illos
2450 4206 3032 4279 quidemconspicuus,
3059 4205 3152 4273 qui
3178 4201 3440 4272 dignitate
3457 4199 3722 4263 eminent,

2137 4302 2218 4356 vel
2247 4302 2338 4371 qui
2363 4317 2428 4356 ex
2461 4300 2737 4370 impietate
2766 4298 2977 4353 divitiis
3026 4295 3265 4356 ﬂorent;
3297 4291 3392 4348 sed
3423 4289 3566 4344 inter
3597 4287 3724 4342 illos

2135 4393 2250 4462 qui,
2281 4402 2340 4446 ut
2366 4389 2607 4458 Apostoli
2637 4389 2803 4444 verbo
2831 4397 2974 4452 utar,
3007 4387 3059 4440 in
3083 4382 3400 4455 sufﬁcientia
3427 4379 3592 4433 vitam
3623 4377 3724 4434 du-

2135 4494 2268 4538 runt
2295 4484 2318 4516 ⁸
2353 4502 2366 4538 :
2403 4491 2568 4552 atque
2595 4481 2732 4535 adeo
2761 4480 2960 4536 victum
2991 4478 3212 4546 proprio
3243 4487 3498 4528 manuum
3534 4469 3723 4524 labore

435 4586 638 4648 εἰπεῖν,
669 4583 766 4638 καὶ
821 4586 887 4638 ὲκ
919 4584 1030 4638 τῶν
1081 4584 1228 4638 ἰδίων
1261 4581 1462 4655 χειρῶν
1496 4584 1591 4638 τοῦ
1630 4583 1794 4655 ἔργου
1833 4583 2030 4655 τρεφό-

2137 4577 2511 4646 comparabat,
2545 4576 2702 4645 cujus
2723 4573 2886 4628 etiam
2926 4571 3220 4643 participes
3250 4583 3348 4639 pro
3373 4563 3724 4622 facultatibus

441 4693 622 4748 μενος,
653 4676 714 4742 ἐξ
749 4669 827 4730 ὧν
881 4678 976 4732 καὶ
1037 4681 1152 4740 τοῖς
1209 4677 1418 4730 ὲνδεέσι
1475 4676 1937 4748 μετεδίδου.κατὰ
1967 4675 2032 4730 τὸ

436 4767 740 4840 ὲπαρκοῦν.
767 4763 878 4822 Ἦν
905 4768 962 4822 δὲ
989 4763 1145 4833 οὗτος
1171 4769 1338 4823 οἰκῶν
1362 4769 1500 4839 προς
1524 4769 1586 4822 τὸ
1612 4769 1712 4840 τῆς
1738 4767 2032 4840 βασιλικῆς

436 4860 705 4931 δημοσίαις
726 4862 1006 4932 λεωφόρου
1041 4863 1273 4934 πρανὲς,
1305 4864 1364 4916 ὲν
1395 4854 1441 4930 ᾧ
1461 4861 1748 4934 ἀνίδρυται
1783 4863 1882 4914 καὶ
1905 4862 2032 4915 ὲπι-

436 4951 664 5020 λέγεται
690 4952 753 5005 τὸ
793 4953 1086 5022 Σταύριον,
1144 4953 1205 5018 ἐξ
1254 4946 1428 5024 οὗπερ
1475 4953 1614 5025 πρὸς
1667 4952 1728 5006 τὸ
1753 4952 2031 5015 κάταντες

442 5045 609 5114 μέρος
665 5046 805 5098 εἰσὶν
854 5045 1180 5114 εὓμεγέθεις
1231 5045 1402 5099 οἰκίαι
1463 5046 2024 5116 προσαγορευόμεναι

436 5140 508 5192 τὰ
555 5139 787 5192 Κῶνστα
851 5139 898 5192 ί.
963 5139 1054 5192 Ἐν
1107 5135 1195 5204 αἷς
1240 5139 1521 5205 οἰκοῦντος
1586 5139 1684 5194 τοῦ
1742 5139 2032 5209 θεοφιλοῦς

439 5230 634 5302 ἀνδρός
669 5231 812 5301 μετὰ
844 5231 1107 5300 γυναικὸς
1137 5231 1526 5303 ὁμοιοτρόπου,
1557 5231 1655 5285 καὶ
1695 5229 2029 5302 ἀμφοτέρων

436 5325 505 5393 τῇ
537 5322 792 5393 εὐσεϐείᾳ
819 5322 1304 5395 ἐντεθραμμένων,
1340 5322 1620 5376 τίκτονται
1647 5322 1838 5386 αὑταῖς
1859 5322 2028 5390 θυγα-

2138 4684 2406 4741 pauperes
2437 4667 2692 4723 faciebat.
2736 4665 2992 4722 Manebat
3022 4672 3208 4720 autem
3243 4661 3310 4717 ad
3342 4659 3606 4716 declivem
3644 4673 3727 4712 rc-

2136 4765 2238 4834 giae
2283 4763 2381 4816 viae
2429 4762 2659 4830 publicae
2699 4769 2946 4830 partem,
2999 4757 3088 4813 ubi
3135 4772 3268 4812 crux
3307 4754 3568 4809 collocata
3619 4761 3724 4810 est.

2139 4855 2292 4924 cujus
2322 4855 2486 4908 etiam
2522 4852 2881 4923 appellatione
2913 4850 3227 4918 insignitur.
3263 4848 3338 4902 Ex
3373 4847 3474 4902 hoc
3501 4846 3620 4899 loco
3660 4852 3725 4895 ait

2138 4947 2400 5002 declivem
2419 4956 2628 5014 partem
2657 4945 2774 4999 sitae
2787 4953 2912 5000 sunt
2934 4943 3125 5012 ampla:
3145 4944 3356 5005 domus,
3383 4955 3502 5009 qua:
3524 4938 3730 4994 Constat

2143 5049 2546 5108 nuncupantur.
2595 5035 2693 5091 llic
2724 5038 2852 5088 dum
2883 5035 2966 5088 vir
3013 5033 3298 5101 religiosus
3346 5045 3470 5083 cum
3501 5027 3733 5083 muliere

2136 5147 2350 5187 morum
2374 5130 2518 5186 haud
2539 5129 2883 5185 dissimilium
2911 5126 3185 5184 habitaret
3223 5123 3514 5194 (siquidem
3567 5124 3733 5175 ambo

2134 5227 2188 5281 in
2231 5227 2435 5296 pietate
2471 5221 2689 5278 educati
2728 5219 2988 5290 fuerant),
3030 5218 3291 5286 temporis
3319 5217 3558 5271 decursu
3597 5214 3734 5268 duas

2134 5320 2324 5374 babuit
2363 5317 2526 5382 ﬁlias,
2571 5329 2693 5386 quze
2724 5327 2848 5368 cum
2893 5321 3056 5367 aetate
3104 5323 3406 5381 progressae
3473 5305 3728 5368 fuissent,

510 5477 578 5536 ⁸]
604 5497 747 5532 mnu.
775 5498 812 5547 I,
847 5480 899 5536 9.
977 5480 996 5512 ⁸
1032 5480 1170 5534 ΡμειΙ.
1203 5496 1393 5544 CXVIII,
1421 5479 1541 5534 150.
1618 5479 1636 5510 ⁷
1665 5478 1780 5532 Jac.
1813 5493 1850 5541 I,
1880 5477 1966 5534 l7.

2157 5475 2296 5530 Tim.
2327 5489 2402 5539 νι,
2435 5473 2487 5530 6.

1753 5591 1988 5649 νΑΒΙᾹῖ.
2021 5587 2430 5646 LECTIONES.

509 5705 534 5745 ἀ
562 5706 642 5759 Al.
675 5715 796 5772 post
821 5705 1024 5777 κόσμον
1053 5707 1222 5777 addit,
1247 5705 1356 5758 τῶν
1394 5707 1702 5777 νοουμένων
1733 5723 1790 5758 τε
1822 5705 1917 5758 καὶ
1945 5701 2302 5777 λεγομένων.-
2323 5701 2582 5777 Alii_duo_
2601 5699 2821 5777 easdem
2837 5713 3009 5777 voces
3040 5697 3222 5777 statim
3249 5703 3368 5777 post
3402 5695 3564 5766 ἡμῶν
3591 5697 3694 5777 sub
3720 5729 3728 5736 -

444 5779 598 5842 dunt,
627 5779 846 5831 omissis
877 5775 1056 5830 verbis
1077 5793 1139 5830 ex
1177 5776 1468 5847 Evangelia
1491 5775 1720 5831 Joannis
1760 5777 2115 5844 depromptis.

449 5862 557 5904 tres
582 5848 666 5900 ali'
681 5886 693 5908 ,
725 5848 976 5900 Κωνστᾶ.

1987 6042 2025 6068 θ

2199 5784 2222 5811 ι·
2255 5773 2326 5825 al.
2361 5771 2672 5824 αύθεντίαν.
2757 5770 2775 5806 ί
2807 5769 2953 5824 Unus
2985 5785 3086 5824 ms.
3118 5765 3280 5823 habet
3312 5765 3676 5826 Κωνσταντοῦ
3711 5783 3730 5804 ⁸
