4060 6488
431 419 568 488 1077

1499 437 1675 498 νιΤΑ
1712 439 1774 500 S.
1812 440 2192 500 STEPHANI
2232 441 2614 521 JUNIORIS.

3546 441 3679 506 1073

425 533 580 609 πάσῃ
609 539 675 609 τῇ
701 539 1018 614 οίκουμένῃ.
1053 543 1259 598 Τούτου
1293 540 1387 600 οὖν
1435 547 1570 619 πρὸς
1604 549 1704 620 τὴν
1728 551 1966 620 ἐνθρονίο

2073 554 2280 616 .domi,
2336 555 2561 608 luceret.
2617 555 2752 607 Cum
2795 569 2922 624 ergo
2979 554 3044 607 ad
3104 551 3344 624 ejusdem
3390 544 3450 610 in
3491 557 3678 612 ’ltt'onu

426 641 515 679 σιν
549 628 730 698 πάσης
778 630 878 700 τῆς
914 633 1004 701 ὑφ’
1050 634 1184 706 ἡλίῳ
1220 637 1654 710 συνδραμούσης,
1683 641 1777 693 καὶ
1826 641 2008 712 πάσης

424 718 642 788 ἡλικίας
687 722 796 776 ἀπό
828 741 886 776 τε
926 725 1164 796 γηραιοῦ
1213 730 1308 781 καὶ
1349 731 1683 800 πρεσϐύτου,
1713 733 2005 786 νεανίσκου

420 813 520 865 καὶ
551 814 843 886 νεωτέρου,
881 819 1090 888 ἐφήϐου
1122 837 1180 873 τε
1201 821 1298 874 καὶ
1327 822 1437 874 τῶν
1485 823 1568 876 ἔτι
1617 827 1684 896 τῇ
1715 824 1850 897 θηλῇ
1905 845 2005 897 μυ-

419 903 630 968 ζόντων
654 907 960 978 ἀρτιγενῶν
993 911 1212 983 βρεφῶν
1257 915 1514 968 ἁπάντων
1557 918 2002 990 συνδεδραμηκό-

417 1013 532 1050 των
555 1014 568 1026 ·
589 998 656 1050 ἶν’
681 1001 821 1054 εἴπω
851 1019 928 1068 τι,
960 1005 1022 1056 ού
1058 1004 1162 1076 μὴν
1190 1005 1327 1061 ἀλλὰ
1351 1009 1447 1062 καὶ
1480 1009 1731 1079 ἀγγέλων
1762 1029 2000 1080 συγκατσ

423 1089 617 1144 ιόντων
664 1092 802 1162 πρὸς
851 1096 1068 1168 ἐκείνην
1114 1097 1215 1169 τὴν
1262 1101 1598 1172 εὐφρόσυνον
1653 1103 1993 1174 καθίδρυσιν,

419 1183 566 1250 μετὰ
599 1185 818 1240 πάντων
859 1191 1230 1260 συνήχθησαν,
1275 1195 1368 1247 καὶ
1423 1189 1570 1248 οὗτοι
1603 1197 1652 1250 οί
1695 1197 1798 1266 τῆς
1842 1199 1998 1251 εὐσε·

416 1274 548 1340 ϐοῦς
575 1278 808 1346 ζυγάδος
835 1279 1108 1352 εὔκαρποι
1133 1284 1228 1338 δύο
1251 1285 1456 1342 θαλλοί.
1489 1289 1598 1341 Kal.
1621 1289 1684 1342 τὸ
1708 1289 1802 1342 τοῦ
1833 1291 1993 1344 ἀπεί-

418 1381 518 1432 ρου
566 1366 698 1421 λαοῦ
757 1369 960 1442 πλῆθος
1013 1373 1234 1440 ἰδόντες,
1263 1377 1498 1448 καὶτῆς
1547 1379 1738 1450 τιμίας
1791 1382 1994 1449 ’Ἄννης

413 1459 782 1530 ὑποστρέφειν
823 1463 1086 1536 θελούσης
1115 1467 1203 1522 διὰ
1231 1467 1331 1538 τὴν
1359 1471 1454 1522 τοῦ
1495 1471 1629 1523 λαοῦ
1675 1471 1994 1543 ὀχλαγωγῆ-

410 1547 600 1603 θεῖσαν
651 1556 946 1622 σύμπνιξιν
1003 1559 1096 1610 καὶ
1133 1558 1428 1630 σύνθρυψιν
1459 1561 1728 1631 ἀλλήλων,
1767 1563 1858 1615 καλ¹
1894 1560 1989 1616 τοῦ

409 1642 612 1711 μήπως
642 1645 706 1696 ὲκ
739 1645 834 1698 τοῦ
866 1648 1110 1701 τοιούτου
1141 1651 1502 1722 ἀναγκαϐμοῦ
1528 1656 1679 1722 παρὰ
1703 1653 1896 1723 χρόνον
1929 1651 1990 1704 τὸ

404 1731 648 1804 ἔμϐρυον
675 1738 1039 1808 ἀπορρήξασα
1069 1740 1380 1814 θανατωθῇ.
1423 1743 1536 1797 Ούκ
1567 1745 1825 1796 ἐπένευσε
1850 1743 1986 1814 πρὸς

399 1825 564 1880 τοῦτο
591 1827 620 1880 ό
647 1829 852 1899 ταύτης
876 1833 1207 1902 τιμιώτατος
1252 1837 1426 1908 ἀνήρ’
1463 1837 1578 1889 ἀλλ’
1629 1836 1706 1900 ὡς
1757 1837 1852 1891 ἅτε
1885 1839 1980 1890 ἁν-

2111 646 2520 700 collocatinncm
2577 655 2723 700 totus
2793 655 3059 700 terrarum
3127 647 3276 700 orbis
3349 648 3680 709 conﬂueret.

2107 739 2284 791 omnis
2318 739 2494 792 aetatis
2543 737 2872 803 hominibus,
2925 737 3162 804 senibus,
3224 739 3677 805 adolescentibus,

2100 829 2430 898 juvenibus,
2489 829 2787 882 infantibus
2840 844 3054 899 quoque
3095 839 3148 882 ct
3200 830 3519 885 lactentibus
3571 847 3675 884 nua

2107 922 2554 976 concurrentibus
2601 940 2614 976 :
2663 923 2810 987 imo,
2858 932 2913 974 nt
2960 921 3160 991 aliquid
3209 922 3419 982 diram,
3472 923 3678 992 angelis

2106 1015 2237 1083 ipsis
2259 1015 2325 1068 ad
2363 1014 2506 1073 illam
2557 1013 2827 1068 laniﬁcam
2860 1013 3156 1068 sessionem
3191 1013 3674 1078 descendentibus;

2100 1123 2222 1160 cum
2265 1107 2384 1162 aliis
2417 1123 2632 1178 quoque
2653 1117 3025 1162 convenerunt
3052 1107 3158 1161 duo
3182 1107 3252 1174 pii
3295 1107 3440 1176 paris
3469 1104 3676 1160 fertiles

2101 1200 2256 1252 rami.
2290 1197 2488 1252 Verum
2514 1242 2527 1262 ,
2562 1214 2684 1254 cum
2727 1199 2988 1252 infinita-tn
3037 1197 3216 1268 populi
3269 1198 3672 1252 multitudinem

2100 1299 2406 1355 cernerent,
2475 1290 2626 1343 Anna
2665 1291 2968 1345 veneranda
3011 1277 3228 1360 propter
3279 1301 3519 1344 mutuam
3575 1292 3673 1344 ho-

2096 1383 2300 1443 minum
2354 1384 2810 1451 compressionem
2871 1392 2923 1436 et
2973 1384 3307 1437 eoactionem
3361 1383 3558 1438 reverti
3613 1385 3665 1438 in

2094 1467 2276 1522 animo
2309 1467 2560 1529 habebat,
2603 1482 2665 1519 ne
2690 1465 2825 1520 forte
2855 1467 3018 1520 fartus
3051 1467 3415 1534 lmjnscemodi
3447 1482 3668 1536 oppres—

2091 1560 2243 1612 sione
2272 1559 2503 1612 emissus
2536 1569 2860 1612 moreretur.
2895 1555 3094 1612 Verum
3122 1559 3220 1628 ipsi
3255 1574 3357 1614 non
3388 1559 3663 1613 consensit

2091 1651 2174 1704 vir
2213 1649 2698 1715 honoratissimus;
2750 1651 2841 1703 sed
2869 1666 2990 1703 cum
3043 1649 3456 1703 robustissimus
3497 1658 3658 1710 esset,

2089 1740 2402 1807 etcorporis
2435 1739 2640 1792 viribus
2674 1753 2783 1808 prie
2809 1739 2930 1792 aliis
2957 1737 3178 1799 valeret,
3212 1752 3328 1790 cam
3375 1736 3580 1806 rogarit
3608 1748 3664 1788 ut

2089 1833 2333 1886 manibus
2358 1846 2454 1884 sua
2485 1830 2647 1888 latera
2673 1829 3132 1898 apprehenderet;
3171 1829 3395 1896 ipseque
3427 1842 3455 1880 a
3483 1827 3661 1880 fronte

396 1919 750 1988 δρειότατος,
804 1926 898 1978 καὶ
954 1925 1114 1998 ῥώμῃ
1201 1928 1454 2000 σώματος
1517 1931 1786 2000 ἐνισχύων
1839 1930 1966 1998 ὑπὲρ

2084 1923 2286 1990 pellens
2335 1929 2387 1975 et
2421 1921 2656 1975 vicissim
2701 1919 2980 1990 repulsus,
3020 1919 3106 1971 vix
3138 1919 3188 1971 in
3227 1917 3390 1990 465
3421 1918 3659 1973 vestibu-

395 2009 597 2072 ἄλλους
629 2030 716 2080 γε,
747 2015 814 2067 τὰ
850 2019 996 2089 χεῖρε
1016 2018 1220 2087 ταύτης
1243 2025 1354 2083 τοῖς
1382 2021 1548 2074 αὑτοῦ
1577 2022 1839 2075 κενεῶσιν
1881 2025 1977 2090 ἐγο

397 2108 626 2174 κρατεῖν
648 2109 1222 2179 παρακελευσάμενος,
1247 2113 1581 2183 ὲμπῴσθιος
1599 2115 1798 2178 αὐτοὺς
1821 2114 1976 2168 ὠθῶν

403 2197 502 2248 καὶ
531 2198 970 2270 ἀντωθούμενος,
1008 2203 1162 2272 μόλις
1195 2207 1324 2256 ποτὲ
1374 2206 1720 2276 ἠδυνήθησαν
1777 2209 1971 2276 εἰσπη-

401 2285 556 2357 δῆσαι
605 2291 684 2352 ei;
725 2291 794 2344 τὰ
832 2292 928 2345 τοῦ
967 2296 1206 2364 μεγάλου
1241 2298 1502 2366 τεμένους
1549 2299 1649 2367 τῆς
1690 2288 1785 2351 τοῦ
1838 2299 2000 2370 Θεοῦ-

395 2376 601 2448 Σοφίας
656 2383 945 2450 προαύλια.
999 2386 1270 2440 Κάκεῖθεν
1304 2387 1480 2441 ἄνετοι
1512 2389 1759 2459 εἰσῆλθον
1805 2392 1862 2442 ἐν
1906 2393 1971 2460 τῇ

390 2469 507 2540 πρὸ
529 2471 641 2524 τῶν
667 2474 760 2526 τοῦ
805 2475 910 2528 νεὼ
935 2477 1194 2531 πυλώνων
1222 2481 1358 2550 στοᾷ
1393 2481 1408 2520 ί
1441 2497 1454 2510 ·
1485 2482 1542 2532 ὲν
1585 2473 1630 2547 ᾧ
1668 2481 1804 2550 πρὸς
1843 2482 1974 2534 σκά-

391 2577 530 2630 μνον
562 2561 576 2612 i
621 2565 864 2630 ἀνιόντες
887 2567 984 2638 τὴν
1021 2568 1115 2622 τοῦ
1150 2571 1468 2642 ἱεροφάντου
1506 2574 1788 2644 Γερμανοῦ
1815 2593 1972 2646 περι-

387 2652 589 2723 έμενον
608 2657 829 2714 εἴσοδον.
847 2662 1071 2714 Πολλῶν
1100 2663 1208 2734 γάρ
1233 2665 1308 2728 ὡς
1338 2665 1556 2735 ἀληθῶς
1583 2666 1693 2720 τῶν
1724 2669 1971 2722 ἐπαίνων

384 2747 472 2808 είς
500 2748 666 2801 αὐτὸν
687 2751 1012 2818 γεγονότων,
1046 2754 1330 2823 ἐφείλκυεν
1360 2755 1568 2818 πάντας
1592 2756 1652 2809 τὸ
1680 2757 1777 2810 καὶ⁹
1809 2759 1970 2826 μόνον

381 2837 697 2906 ὀφθαλμοῖς
725 2841 1094 2913 θεωρηθῆναι.
1133 2841 1268 2898 Εἶτα
1304 2846 1400 2900 τοῦ
1430 2847 1736 2918 ἀρχιερέως
1760 2850 1966 2902 ἐκείνου

377 2931 487 3000 τὴν
517 2931 722 2986 εἴσοδον
752 2938 1102 3007 ποιουμένου,
1129 2940 1314 2993 θεόθεν
1347 2943 1379 3010 ἠ
1404 2941 1686 3010 κινηθεῖσα
1722 2943 1818 3008 (ὼς
1845 2944 1965 3012 μεθ’

376 3023 568 3093 ὅρκων
603 3026 943 3082 ἐπιστώσατο
983 3033 1091 3094 τοῖς
1125 3031 1224 3099 ἐμὲ
1259 3032 1282 3071 li
1315 3032 1738 3104 ἀπαγγείλασιν)
1777 3034 1965 3088 τοῦτον

376 3112 538 3180 ἑώρα
572 3114 704 3168 ὡσεὶ
732 3117 907 3185 φλόγα
940 3120 1131 3189 πυρὸς,
1165 3122 1260 3174 καὶ
1297 3123 1428 3190 παρ’
1457 3123 1598 3176 αὐτὰ
1637 3123 1924 3194 ἐξεϐόησεν
1947 3141 1960 3156 ·

2081 2014 2188 2066 lum
2243 2012 2422 2081 magni
2477 2011 2671 2066 divina:
2723 2011 3014 2078 Sapientiae
3045 2009 3230 2078 templi
3270 2009 3333 2039 ¹⁰⁶
3373 2009 3657 2077 pervenire

2081 2107 2272 2174 potuit.
2299 2103 2424 2157 Inde
2454 2103 2527 2156 illi
2559 2101 2714 2156 facile
2746 2101 2974 2170 ingressi
3012 2110 3138 2152 sunt
3171 2102 3220 2152 in
3250 2101 3538 2170 porticum,
3563 2101 3651 2168 qui

2080 2209 2204 2252 ante
2263 2195 2445 2264 templi
2499 2197 2637 2248 atria
2691 2195 2830 2248 situs
2879 2201 2960 2248 est
3011 2210 3024 2246 :
3087 2191 3304 2260 illicqtte
3354 2207 3654 2246 conscenso

2078 2307 2336 2354 scamno,
2376 2289 2673 2343 sacerdotis
2733 2286 2987 2366 Germani
3048 2285 3330 2340 introitum
3367 2294 3652 2351 exspecta-

2077 2386 2226 2440 bant.
2261 2382 2536 2451 Siquidem
2575 2389 2652 2434 tot
2677 2389 2730 2433 et
2760 2386 2921 2432 tanta:
2956 2391 3141 2431 revera
3172 2385 3330 2430 erant
3357 2377 3498 2430 illius
3530 2377 3653 2429 latt-

2076 2479 2192 2538 des,
2233 2485 2290 2527 ut
2321 2474 2402 2527 vel
2449 2471 2618 2526 solum
2650 2471 2766 2540 ejus
2794 2467 3006 2522 videndi
3063 2467 3390 2522 desiderium
3423 2475 3650 2520 cunctos

2073 2567 2330 2620 alliceret.
2372 2563 2628 2618 l‘onlilice
2666 2571 2848 2628 postea
2881 2560 3214 2628 ingrediente
3235 2599 3248 2622 ,
3273 2559 3528 2612 divinitus
3556 2575 3652 2612 ex-.

2073 2659 2236 2714 citata
2301 2655 2496 2712 mulier
2539 2657 2618 2724 (ut
2644 2653 2997 2722 jurejurando
3029 2651 3134 2716 his,
3165 2653 3255 2720 qui
3284 2652 3334 2704 id
3361 2651 3488 2708 mihi
3513 2667 3651 2706 nun-

2076 2753 2282 2805 tiarunt
2305 2790 2320 2813 ,
2361 2739 2686 2802 asseveravit
2715 2746 2732 2814 )
2763 2760 2882 2798 eum
2915 2744 3088 2796 instar
3125 2742 3515 2812 llan'nnatignis
3562 2743 3650 2796 in-

2073 2845 2202 2898 tnita
2237 2851 2338 2904 est,
2390 2839 2681 2906 Statimque
2721 2833 3090 2890 exclamavit:
3127 2853 3147 2885 ‹
3197 2834 3461 2898 Benedic,
3513 2849 3645 2888 san-

2069 2936 2328 2994 ctissime,
2374 2932 2480 2984 lilio
2516 2945 2672 3000 quem
2716 2929 2767 2980 in
2808 2927 3102 2980 visceribus
3143 2943 3292 2996 gero.
3333 2946 3351 2978 ι
3389 2927 3478 2981 Ille
3513 2941 3649 2981 vero

2070 3036 2212 3080 totus
2254 3023 2507 3094 l'nlgidus,
2554 3019 2702 3072 vultu
2755 3019 2946 3072 leniter
2980 3032 3280 3082 converso,
3335 3017 3522 3070 oculos
3590 3019 3642 3069 in

2067 3117 2348 3172 mulierem
2391 3111 2645 3180 conjecit,
2687 3109 3107 3184 acigne'saucti
3149 3109 3382 3177 Spiritus
3428 3123 3646 3178 permo-

380 3221 401 3253 ι
449 3205 780 3276 Εύλόγησον,
817 3212 1075 3278 πανάγιε,
1108 3213 1198 3264 τὸν
1233 3215 1290 3266 ἐν
1317 3217 1382 3285 τῇ
1413 3214 1592 3285 κοιλία
1636 3217 1752 3268 υἱόν
1776 3234 1897 3286 μου.
1935 3237 1953 3268 ι

2073 3220 2153 3263 Ius
2213 3208 2339 3261 aitv:
2375 3205 2474 3258 'l'ni
2517 3203 2722 3262 ventris
2753 3201 2978 3266 fructui,
3013 3216 3044 3253 ο
3076 3201 3294 3266 mulier,
3343 3202 3640 3254 secundum

373 3293 493 3348 Τοῦ
520 3295 576 3349 δὲ
599 3297 923 3374 λαμπτῆρος
960 3303 1022 3356 τὸ
1053 3303 1208 3372 ὄμμα
1252 3305 1726 3376 περιστρέψαντος
1769 3306 1954 3376 ἠρέμα

371 3405 522 3454 πως,
551 3391 647 3442 καὶ
667 3393 766 3462 τὴν
789 3397 1026 3460 γυναῖκα
1072 3397 1563 3468 ἐνοπτρισαμένου,
1610 3397 1687 3468 τῷ
1722 3397 1956 3470 ἐμπύρῳ

367 3479 477 3534 1:05
509 3480 654 3534 θείου
683 3485 1005 3556 Πνεύματος
1035 3488 1280 3559 κινηθεὶς
1302 3491 1328 3541 ό
1354 3490 1707 3560 μυστιπόλος,
1753 3488 1911 3545 εἶπεν
1936 3509 1950 3523 °

376 3590 400 3622 ι
449 3571 552 3624 Τὸν
575 3574 674 3642 τῆς
703 3575 911 3639 κοιλίας
939 3595 1034 3630 σου
1071 3579 1287 3649 καρπὸν
1323 3579 1464 3632 κατὰ
1485 3581 1584 3650 τὴν
1617 3580 1800 3633 πίστιν
1833 3599 1950 3643 σου,

367 3661 562 3730 γύναι,
580 3665 925 3737 εὐλογήσειεν
949 3668 1153 3740 Κύριος
1169 3673 1288 3734 ταῖς
1306 3671 1404 3740 τῆς
1429 3673 1692 3726 Θεοτόκου
1715 3673 1809 3726 καὶ
1832 3675 1950 3735 ταῖς

365 3755 470 3809 τοῦ
508 3758 973 3832 πρωτομάρτυρος
1003 3763 1276 3831 Στεφάνου
1305 3763 1648 3836 πρεσϐείαις.
1689 3783 1706 3815 ι
1741 3765 1952 3828 Ὄντως

364 3848 590 3919 ἀγαθῆς
613 3851 851 3916 πίστεως
888 3854 1222 3926 ἀγαθωτέρα
1245 3857 1339 3908 καὶ
1381 3859 1412 3928 ἡ
1445 3857 1770 3928 ἀντάμειψις
1797 3859 1810 3910 l
1857 3858 1950 3922 Ὠς

360 3939 532 4010 γὰρὴ
570 3943 850 3996 Χαναναία
881 3946 1012 3998 ποτὲ
1047 3947 1181 4016 γυνὴ
1214 3947 1414 4018 ἤκουσε
1458 3949 1606 4020 παρὰ
1637 3949 1730 4002 τοῦ
1759 3949 1944 4019 Σωτῆ-

2066 3302 2224 3356 ﬁdem
2251 3311 2395 3352 tuam
2423 3298 2703 3352 benedicat
2754 3294 3034 3357 nouitium,
3075 3293 3314 3362 Deipara:
3353 3303 3408 3348 et
3457 3304 3642 3362 proto-

2061 3392 2319 3464 martyris
2353 3389 2612 3459 Stcphani
2645 3387 3146 3441 intercessionibus.
3189 3405 3208 3438 ι
3239 3385 3284 3440 0
3327 3386 3480 3441 bona:
3517 3386 3545 3438 ti
3572 3387 3639 3439 .‘ri

2059 3486 2252 3538 melior
2295 3497 2422 3537 vere
2473 3472 2880 3548 compensatio!
2913 3477 3116 3545 Nempe
3162 3487 3220 3530 ιιι
3257 3476 3384 3530 olim
3446 3479 3640 3538 ιιιιιιῑρν

2057 3576 2357 3631 Chanantca
2403 3589 2431 3625 a
2479 3573 2770 3626 Servatore
2817 3570 3034 3625 Christo
3070 3569 3316 3622 audivit:
3354 3567 3398 3622 0
3431 3570 3636 3630 mulier,

2067 3683 2256 3738 magna
2289 3679 2361 3720 est
2395 3666 2523 3735 ﬁdes
2559 3675 2671 3728 tua,
2701 3663 2793 3730 fiat
2829 3663 2922 3716 tibi
2954 3663 3088 3717 sicut
3111 3664 3186 3714 vis
3220 3662 3293 3716 “:
3338 3663 3409 3716 ita
3441 3672 3492 3716 et
3526 3664 3639 3716 ba-c

2065 3777 2094 3816 a
2131 3762 2314 3816 divino
2342 3759 2434 3812 illo
2468 3759 2646 3821 Patre,
2691 3756 2780 3824 qui
2821 3762 2990 3808 totum
3026 3753 3302 3808 Christum
3349 3753 3401 3807 in
3455 3768 3512 3806 se
3544 3769 3640 3823 ge-

2060 3855 2236 3919 rebat,
2271 3862 2468 3922 prteter
2491 3851 2540 3904 id
2582 3850 2724 3918 quod
2765 3849 2940 3918 petiit,
2966 3847 3231 3910 nascitnri
3274 3861 3487 3916 quoque
3538 3863 3636 3901 no-

2055 3966 2176 4004 tnen
2211 3933 2440 4016 accepit.

365 4049 468 4102 ρος
515 4033 784 4104 Χριστοῦ·
824 4032 899 4091 Ὦ
930 4038 1128 4106 γύναι,
1177 4039 1404 4108 μεγάλη
1453 4056 1571 4096 σου
1625 4043 1664 4110 ἠ
1717 4043 1938 4109 πίστις,
1981 4039 2286 4110 γενηθήτω
2320 4055 2418 4092 σοι
2483 4037 2562 4104 ὡς
2619 4035 2835 4102 θέλεις.
2865 4035 3052 4100 Οὕτως
3083 4033 3337 4103 καὶαῦτη
3367 4033 3518 4103 παρὰ
3540 4033 3636 4086 τοῦ

360 4131 432 4181 ὲν
465 4129 615 4200 αὐτῷ
643 4131 762 4184 ὅλον
795 4131 886 4184 τὸν
909 4132 1146 4202 Χριστὸν
1199 4134 1494 4206 φοροῦντος
1537 4136 1827 4191 θεσπεσίου
1896 4137 2108 4208 Πατρὸς
2170 4134 2384 4202 ἔλαϐεν,
2431 4135 2526 4187 καὶ
2607 4132 2994 4204 περισσότερον
3071 4130 3328 4202 εἰληφυῖα
3381 4129 3473 4183 τοῦ
3507 4131 3641 4199 μέλ-

355 4224 552 4288 λοντος
581 4225 868 4293 γεννᾶσθαι
897 4227 956 4280 τὸ
973 4229 1163 4299 ὄνομα.

440 4319 548 4388 Τῆς
571 4321 626 4374 δὲ
651 4323 916 4392 συνήθους
945 4326 1336 4396 μυσταγωγίας
1369 4326 1738 4397 τελεσθείσης,
1773 4343 1941 4396 μεταο

357 4406 643 4461 λαϐόντων
671 4410 928 4464 ἁπάντων
951 4411 1060 4466 τῶν
1079 4413 1241 4468 θείων
1264 4414 1361 4468 καὶ
1383 4415 1668 4486 ἁχράντων
1689 4416 1784 4468 τοῦ
1807 4417 1852 4468 Χ
1862 4432 1940 4485 ρι-

2116 4323 2283 4396 466
2326 4322 2614 4378 Consuetis
2671 4331 2851 4377 autem
2904 4323 3077 4378 sacris
3123 4322 3320 4378 ofﬁciis
3376 4327 3666 4392 peractis,

2050 4434 2170 4472 cum
2205 4431 2394 4470 omnes
2419 4415 2728 4469 divinornnt
2772 4422 2826 4467 et
2881 4414 3296 4492 purissimorum
3337 4419 3629 4486 mysterio-

359 4497 496 4551 στοῢ
530 4502 867 4572 μυστηρίων,
924 4505 1018 4558 καὶ
1053 4505 1192 4576 μετὰ
1227 4507 1328 4577 τῆς
1379 4509 1436 4560 ἐν
1497 4507 1690 4578 εἰρήνη
1733 4506 1938 4578 πορεύ-

2073 4527 2166 4563 ἰιιιι
2200 4507 2404 4564 Christi
2436 4507 2727 4576 participes
2765 4506 2912 4570 facti,
2945 4517 3000 4561 et
3033 4507 3082 4560 in
3115 4521 3246 4575 pace
3283 4509 3508 4576 profecti
3533 4513 3631 4561 do-

357 4607 505 4653 σεως
552 4590 571 4629 1
625 4593 808 4647 οἴκαδε
885 4597 1145 4650 ἁπάντων
1205 4593 1684 4671 ἀναχωρησάντων
1730 4638 1746 4665 ,
1819 4597 1939 4670 μεθ’

353 4685 578 4754 ἡμέρας
603 4687 812 4757 τινὰςή
867 4687 1257 4760 θεοφιλεστάτη
1297 4692 1372 4754 ὡς
1407 4692 1684 4763 ὲπάληθες
1724 4702 1761 4730 ιιι
1795 4692 1938 4763 αὕτη

351 4777 458 4830 νέα
489 4778 661 4833 Ἀννα
687 4779 782 4832 τοῦ
807 4781 999 4851 χρόνου
1033 4783 1528 4855 συμπληρωθέντος
1573 4787 1739 4858 γεννᾷ
1766 4785 1856 4838 τὸν
1878 4787 1938 4840 ὲν

349 4868 632 4938 πνεύματι
662 4871 782 4925 νέον
830 4873 1104 4946 Σαμουὴλ.
1158 4876 1232 4928 Τὸ
1269 4877 1326 4929 δὲ
1382 4878 1710 4948 γεννηθῆναι
1746 4879 1936 4932 τοῦτον

350 4961 607 5032 παρευθὺ
655 4964 722 5033 τῇ
748 4963 842 5016 τοῦ
901 4966 1369 5038 πρωτομάρτυρος
1415 4963 1606 5037 κλήσει
1665 4968 1938 5036 Στέφανον

349 5051 548 5105 τοῦτον
581 5055 874 5124 ὠνόμασαν
916 5067 965 5121 ιι,
991 5058 1133 5112 κατὰ
1162 5059 1260 5129 τὴν
1310 5060 1614 5130 πρόρρησιν
1640 5059 1734 5112 τοῦ
1768 5059 1932 5112 σεϐα-

354 5143 522 5212 σμίου
551 5144 765 5215 Πατρὺς
793 5149 824 5216 ἡ
836 5146 955 5216 μῶν
988 5148 1294 5219 Γερμανοῦ.
1335 5151 1447 5220 Τῆς
1478 5151 1532 5202 δὲ
1579 5150 1931 5220 όκταημέρου

350 5232 431 5294 ὡς
454 5235 512 5287 ἐν
547 5234 697 5304 μέσῳ
734 5239 1222 5310 παραδραμούσης,
1256 5241 1349 5294 καὶ
1391 5240 1469 5310 τῷ
1503 5239 1616 5310 ναῷ
1659 5239 1754 5293 τοῦ
1793 5239 1932 5293 Θεοῦ

356 5327 809 5395 προσενεχθέντος
871 5328 964 5382 τοῦ
1019 5329 1288 5401 βρέφους,
1353 5331 1452 5402 τὴν
1510 5333 1932 5404 προωρισμένην

357 5415 570 5486 εἰλήφει
602 5417 813 5490 κλῆσιν.
852 5420 1085 5491 Ὁμοίως
1113 5423 1208 5476 καὶ
1232 5425 1296 5494 τῇ
1332 5428 1744 5496 τεσσαρακοστῇ
1774 5424 1933 5489 ἰδίαις

429 5591 495 5624 ¹⁰¹
528 5592 804 5665 Templum
833 5593 1046 5651 Santh
1077 5596 1310 5666 Sophim.
1365 5599 1402 5630 ¹¹
1441 5599 1630 5656 Matth.
1653 5617 1744 5666 xv,
1774 5600 1863 5654 28.

2051 4615 2194 4653 mum
2218 4599 2540 4662 rediissent;
2576 4606 2698 4667 post
2735 4597 2942 4666 aliquot
2971 4597 3084 4652 dies
3105 4595 3338 4652 Deivere
3368 4602 3627 4652 amantis-

2049 4691 2184 4746 sima
2229 4703 2367 4743 nova
2409 4687 2498 4742 illa
2539 4689 2696 4742 Anna
2727 4684 2994 4755 c0mplelo
3031 4695 3272 4754 tempore
3329 4703 3526 4740 novum
3575 4689 3627 4740 in

2048 4782 2240 4853 spiritu
2267 4779 2481 4835 Samuel
2519 4780 2745 4849 peperit.
2775 4777 2972 4832 Statim
3013 4787 3190 4832 autem
3221 4795 3282 4832 ac
3333 4790 3492 4832 natus
3526 4791 3626 4845 est,

2046 4873 2462 4944 protomartyris
2497 4870 2758 4940 Stephani
2795 4854 2994 4924 nomen
3035 4869 3108 4924 illi
3157 4871 3442 4934 dederunt,
3479 4871 3630 4938 iuxta

2047 4965 2449 5034 praedictionem
2513 4963 2806 5017 venerandi
2873 4961 3050 5018 Patris
3114 4964 3284 5017 nostri
3351 4961 3625 5016 Germani.

2039 5058 2176 5114 Octo
2215 5073 2346 5112 vero
2386 5059 2598 5110 dierum
2631 5055 2808 5124 Spatio
2838 5055 2994 5125 quasi
3029 5055 3350 5110 intertredie
3399 5067 3624 5124 przntcr—
3709 5124 3716 5132 _

2038 5151 2136 5211 ito,
2173 5165 2305 5218 puer
2331 5151 2381 5202 in
2411 5147 2664 5217 templum
2706 5148 2794 5202 Dei
2833 5147 3097 5202 adductus
3133 5157 3236 5211 est,
3271 5147 3450 5214 ibique
3484 5162 3623 5214 prm-
3700 5135 3716 5170 θ

2040 5243 2243 5294 [initam
2305 5240 2720 5310 appellationem
2761 5241 2988 5310 accepit.
3040 5239 3302 5294 Similiter
3356 5239 3444 5292 die
3492 5253 3620 5307 qua-

2041 5337 2342 5406 dragesima
2392 5337 2542 5391 illum
2597 5339 2832 5406 proprias
2869 5338 3116 5394 manibus
3163 5346 3378 5406 gestans
3425 5348 3620 5407 mater,

2041 5427 2115 5498 (nt
2151 5429 2281 5484 olim
2333 5431 2690 5487 celeberrima
2731 5431 2882 5483 Anna
2929 5447 3144 5486 sacrum
3182 5433 3249 5486 ab
3281 5431 3485 5487 infante
3521 5433 3618 5487 Sa-

1659 5714 1888 5771 νΑῐὶίιΕ
1929 5717 2335 5774 LECTIONES.

431 5855 448 5886 ι
491 5846 563 5899 al.
602 5847 748 5914 φλιᾷ.
831 5862 842 5900 1
885 5849 951 5903 al.
985 5849 1266 5919 σκαμνίον.
1348 5852 1370 5890 ¹⁶
1399 5852 1514 5923 lege
1546 5853 1688 5924 ἐμοί.

1772 5853 1786 5893 ι
1819 5858 1887 5910 al.
1921 5857 2318 5925 προελεύσεως.

2400 5867 2437 5889 ¹¹
2466 5859 2536 5916 al.
2571 5860 2656 5913 ἐπ’
2691 5859 2969 5931 ἀληθείας.
3069 5867 3098 5896 ιι
3126 5863 3198 5915 al.
3233 5861 3536 5928 ιίλνόματεν.
