4060 6444
252 463 384 531 1085

1367 477 1548 537 νιτει
1597 479 1656 539 s.
1689 446 2070 542 STEPHANI
2105 478 2489 542 JUNIORIS.

3391 476 3454 542 lO
3477 480 3526 541 i6

251 581 410 651 μέσον
442 581 501 634 ἐν
547 579 760 644 τούτοις
797 583 910 645 τοῖς
948 583 1165 653 χρόνοις
1197 585 1581 654 περιελθόντες
1629 589 1828 643 δίκαιοι

1948 606 2014 643 ,ra
2049 589 2178 644 illud
2205 592 2466 660 temporis
2495 590 2733 659 spatium
2763 574 3174 658 exstiterejusti
3199 591 3414 651 Patres.
3439 610 3466 642 u
3496 624 3522 632 -

248 671 487 742 Πατέρες
517 673 645 742 περὶ
673 671 780 726 τῶν
807 673 977 742 ἁγίων
1010 675 1104 728 καὶ
1129 677 1346 729 σεπτῶν
1373 677 1600 732 εἰκόνων
1651 680 1829 732 τοιοῦ-

244 765 336 817 τόν
359 781 415 818 τι
447 765 548 819 οὐκ
577 766 886 837 ἐνενόησαν.
932 766 1265 839 Ἐξαρχῆθεν
1299 771 1408 841 γὰρ
1437 771 1574 840 μετὰ
1608 771 1711 842 τὴν
1738 772 1832 824 τοῦ

246 853 484 924 Χριστοῦ
535 856 616 920 είς
653 856 918 927 οὐρανοὺς
958 858 1250 931 ἀνάληψιν,
1284 862 1318 932 ἡ
1363 861 1606 933 είκονικὴ
1641 864 1834 934 ὅρασις

249 946 591 1018 ἀνετυπὼθη.
624 949 783 1019 Παρά
804 967 863 1002 τε
909 951 1020 1021 γὰρ
1053 951 1153 1022 τῆς
1197 953 1467 1026 αἱμόρῤου
1499 957 1579 1018 εἰς
1609 955 1708 1026 τὴν
1745 957 1832 1009 ἐπ’

249 1037 385 1108 αὐτῇ
467 1036 906 1108 θαυματοποιίαν
964 1045 1258 1109 γεγονυῖαν
1319 1047 1350 1114 ἡ
1414 1046 1510 1098 τοῦ
1579 1046 1833 1116 Σωτῆρος

249 1129 410 1184 εἰκὼν
437 1129 918 1204 ἐστηλογραφήθη.
946 1135 1090 1188 Μεθ’
1116 1131 1183 1208 ἦς
1226 1138 1320 1191 καὶ
1353 1140 1774 1212 ἀχειροποίητος
1798 1143 1830 1211 ἡ

249 1227 304 1278 ἐν
342 1223 532 1295 Ἐόὲσῃ
561 1227 626 1296 τῇ
664 1225 856 1278 πόλει·
884 1227 1086 1281 αὐτίκα
1131 1230 1224 1282 καὶ
1274 1231 1306 1300 ἡ
1346 1232 1494 1300 παρὰ
1527 1233 1606 1296 τῷ
1649 1234 1835 1304 Λουκᾷ

247 1315 321 1386 τῷ
359 1315 717 1387 εὐαγγελιστῇ
753 1319 1101 1390 ἱστορηθεῖσα
1123 1320 1232 1374 ἀπὸ
1269 1321 1663 1394 Ἱεροσολύμων
1698 1325 1835 1395 πρὸς

248 1407 506 1476 Θεόφιλον
531 1407 632 1478 τῆς
665 1409 940 1477 πανάγνου
992 1412 1085 1463 καὶ
1123 1411 1390 1465 Θεοτόκου
1441 1414 1624 1468 εἰκών.
1675 1415 1836 1470 Ἀλλὰ

248 1501 344 1553 καὶ
373 1499 432 1551 αἱ
465 1497 619 1566 ἅγιαι
648 1497 707 1566 ἓξ
739 1502 1122 1570 οἱκουμενικαὶ
1155 1501 1364 1554 σύνοδοι
1400 1503 1607 1567 ταύτας
1645 1504 1836 1575 εὑροῦ-

249 1607 360 1655 σαι,
409 1591 832 1661 προσκυνεῖσθαι
863 1591 1181 1657 διετάξαντο
1228 1593 1319 1645 καὶ
1356 1594 1455 1646 οὐκ
1490 1595 1834 1666 ἀποστρέφε-

249 1679 395 1736 σθαι.
427 1681 570 1753 Ἕσῃ
601 1680 656 1734 δὲ
687 1681 993 1748 γινώσκων,
1030 1683 1276 1752 βασιλεῦ,
1310 1684 1394 1736 ὅτι
1423 1684 1472 1736 εἰ
1501 1683 1661 1736 τοῦτο
1693 1701 1833 1754 κρα-

246 1771 494 1842 τήσειας,
525 1769 665 1842 ὑπὲρ
694 1771 800 1824 τῶν
833 1771 1007 1838 ἁγίων
1042 1772 1136 1825 καὶ
1181 1789 1238 1824 σε
1251 1773 1396 1826 πτῶν
1437 1774 1665 1828 εἰκόνων
1691 1775 1833 1828 ἑτοί-

251 1879 370 1932 μως
423 1861 826 1932 ἀποθανοῦμαι.
877 1863 939 1916 'lI
982 1863 1087 1934 γὰρ
1134 1863 1229 1916 τοῦ
1273 1865 1513 1936 Χριστοῦ
1563 1865 1726 1921 εἰκὼν
1775 1868 1836 1920 τὸ

249 1959 413 2013 αὐτοῦ
444 1958 601 2028 φέρει
632 1958 786 2028 ἅγιον
817 1959 1010 2030 ὄνομα,
1053 1960 1174 2014 καθ’
1207 1961 1236 2013 ὃ
1265 1962 1322 2014 ἐν
1365 1961 1531 2030 σαρκὶ
1558 1961 1712 2031 tia-907]
1744 1963 1837 2014 καὶ
1869 1949 1909 2004 Β

249 2054 360 2116 τοῖς
383 2050 696 2124 ἀνθρώποις
735 2053 1174 2124 συνανεστρὰιρη.
1201 2053 1425 2106 Δίκαιον
1470 2053 1526 2106 δὲ
1559 2056 1652 2106 καὶ
1686 2052 1839 2122 ἆγιόν

255 2148 397 2200 ἐστιν
427 2145 566 2216 ὑπὲρ
601 2144 696 2198 τοῦ
741 2144 1004 2213 ὀνόματος
1041 2146 1207 2198 αὐτοῦ
1256 2146 1478 2206 παντως
1519 2146 1834 2200 ἀποθανεῖν.

271 2235 325 2290 '0
355 2237 462 2306 γὰρ
489 2236 592 2305 τὴν
615 2235 800 2288 εἰκόνα
827 2234 992 2288 αὑτοῦ
1037 2235 1346 2305 ἀτιμάζων,
1375 2237 1454 2299 είς
1485 2235 1578 2288 τὸν
1615 2237 1672 2287 ἐν
1700 2237 1836 2306 αὐτῇ

265 2328 723 2400 ἐγχαραττόμενον
770 2329 1090 2398 ἀναπέμπει
1160 2329 1260 2400 τὴν
1326 2327 1508 2400 ὕϐριν.
1570 2347 1588 2380 ι
1652 2327 1841 2380 Ταῦτα

231 2421 516 2484 κάκούσας,
551 2423 578 2472 ό
607 2417 927 2488 παράνομος
952 2418 1229 2488 βασιλεὺς,
1253 2419 1345 2472 καὶ
1367 2418 1568 2490 βρύξας
1603 2418 1676 2482 ὡς
1705 2419 1840 2472 λέων

255 2495 617 2581 φερωνύμως,
653 2509 907 2578 ξιφήρεις
951 2508 1238 2578 σατράπας
1297 2508 1626 2571 ἀποστείλας
1667 2509 1726 2562 ἐν
1763 2508 1842 2579 τῷ

254 2601 640 2674 πατριαρχικῷ
685 2601 839 2670 οἴκῳ,
909 2603 1154 2670 πυγμαῖς
1192 2599 1287 2652 καὶ
1333 2599 1660 2669 ὀνειδισμοῖς
1710 2615 1842 2652 κατ-

253 2695 478 2762 ενέγκαι
509 2693 602 2746 τὸν
635 2691 793 2760 ἅγιον
845 2689 954 2744 τῶν
995 2693 1176 2743 ἐκεῖσε
1213 2689 1569 2760 προσέταξεν.
1621 2684 1843 2754 Οὗτινος

251 2785 626 2850 κατελθόντος,
651 2785 746 2839 καὶ
791 2783 886 2838 τοῦ
912 2785 1183 2856 μονήρους
1212 2783 1328 2854 βίου
1364 2784 1712 2854 συμμετόχου
1745 2801 1842 2852 γε-

249 2877 490 2946 γονότος,
520 2873 589 2949 ἦν
621 2875 748 2931 ἰδεῖν
775 2878 875 2947 τὴν
907 2876 1064 2930 πόλιν
1103 2875 1324 2930 ἃπασαν
1369 2875 1567 2946 θρῆνον
1603 2877 1700 2929 καὶ⁸
1730 2894 1844 2929 κω-

248 2970 413 3024 κυτὸν
444 2969 546 3022 οὐκ
573 2967 754 3038 ὀλίγον
785 2967 1208 3038 ἐκπέμπουσαν,
1247 2966 1344 3038 τὴν
1372 2966 1467 3020 τοῦ
1495 2966 1712 3038 nmo;
1749 2966 1845 3040 ζη-

251 3060 553 3131 μιωθεῖσαν
604 3059 908 3130 μελισταγῆ
967 3057 1360 3112 διδασκαλίαν·
1424 3057 1502 3122 ὡς
1545 3053 1687 3112 εἶναι
1744 3059 1845 3126 τὴν

247 3150 470 3221 ἡμέραν
501 3148 735 3214 ἐκείνην,
772 3149 870 3218 οὐχ
893 3147 1131 3218 ἡμέραν,
1159 3147 1297 3201 ἀλλὰ
1331 3146 1546 3215 σκότος,
1583 3148 1681 3202 καὶ
1708 3149 1842 3220 θρῆ-

246 3259 337 3295 νον
362 3242 464 3294 καὶ
491 3241 613 3294 οὐαὶ
634 3239 728 3294 ἐπὶ
758 3241 901 3304 οὐαὶ,
944 3239 1020 3302 ὥς
1055 3258 1221 3313 φησιν
1253 3239 1281 3293 ὁ
1319 3241 1630 3312 προφήτης.

329 3333 426 3386 Ἐν
455 3332 516 3385 δέ
555 3333 679 3394 ταῖς
703 3331 989 3402 δυσείμοσι
1034 3331 1259 3394 ταύταις
1287 3331 1548 3402 ἡμέραις,
1577 3331 1606 3382 ὀ
1638 3331 1840 3402 ἀσεϐὴς
1871 3315 1922 3379 C

259 3424 623 3487 Ἀναστάσιος
643 3423 898 3487 ἀσεϐείας
909 3423 1053 3495 χειρὶ
1069 3424 1168 3494 τὴν
1187 3421 1598 3494 ἀρχιερωσύνην
1611 3424 1845 3494 ἐπιλαμ-

245 3517 481 3572 ϐάνεται
515 3515 943 3586 στρατιωτικῶς,
973 3517 1070 3568 καὶ
1104 3515 1165 3568 ού
1197 3514 1364 3586 ψήφῳ
1381 3514 1516 3568 Θεοῦ
1538 3515 1840 3576 εὐσεϐείας·

245 3612 404 3676 ὅστις
431 3609 504 3669 τὰ
531 3610 631 3680 τῆς
665 3607 996 3680 Ἐκκλησίας
1018 3607 1200 3660 πάντα
1231 3609 1344 3672 τοῖς
1372 3606 1669 3678 βασιλείοις
1703 3623 1848 3677 παρ-

247 3705 463 3758 έδωκεν
494 3712 539 3756 ι.
583 3702 672 3754 Ἐν
705 3700 916 3764 τούτοις
975 3699 1068 3753 οῦν
1104 3698 1534 3764 ἐξουσιαστικῶς
1574 3699 1848 3770 δραξάμε-

249 3815 342 3862 νος
366 3799 398 3850 ὁ
427 3794 692 3866 τύραννος
724 3793 825 3864 τῆς
847 3793 1132 3862 αἱρέσεως,
1188 3793 1448 3862 πειρᾶται
1476 3791 1724 3862 παρευθὺ
1751 3791 1848 3861 τὴν

247 3887 424 3958 ἁγίαν
478 3887 574 3940 καὶ
625 3887 966 3956 Δεσποτικὴν
1025 3885 1212 3938 εἰκόνα
1275 3882 1512 3952 Χριστοῦ
1565 3881 1659 3935 τοῦ
1713 3880 1848 3934 Θεοῦ

249 3981 440 4052 ἡμῶν,
475 3978 572 4050 τὴν
602 3977 896 4048 ἱδρυμένην
917 3975 1155 4046 ὕπερθεν
1187 3973 1294 4028 τῶν
1319 3973 1619 4044 βασιλικῶν
1643 3972 1847 4038 πυλῶν,

249 4074 308 4126 ἐν
343 4065 550 4141 οἷσπερ
578 4068 668 4123 διὰ
699 4068 788 4124 τὸν
819 4067 1146 4140 χαρακτῆρα
1175 4067 1207 4138 ἡ
1231 4067 1363 4135 ἁγία
1393 4065 1586 4133 Χαλκῆ
1609 4064 1848 4134 λέγεται,

249 4163 596 4230 κατενέγκαι
624 4160 718 4214 καὶ
754 4161 887 4232 πυρὶ
933 4158 1290 4231 παραδοῦναι,
1335 4158 1362 4211 ὂ
1395 4158 1491 4212 καὶ
1528 4156 1848 4224 πεποίηκεν.

265 4255 358 4310 Ἐν
391 4254 457 4309 δὲ
497 4257 566 4326 τῇ
614 4253 785 4324 αὐτῆς
832 4251 1152 4323 καθαιρέσει
1181 4251 1330 4323 ζήλῳ
1377 4251 1506 4320 θείῳ
1554 4249 1852 4320 ῥωσθεῖσαι

249 4347 446 4418 τίμιαι
471 4348 748 4414 γυναῖκες,
777 4345 871 4398 καὶ
897 4343 1197 4415 ρωμαλέως
1222 4341 1626 4412 είσπηδήσασαι
1645 4341 1853 4411 καὶτῆς

253 4441 537 4510 κλίμακος
557 4435 915 4510 δραξάμεναι,
947 4437 1040 4490 καὶ
1063 4435 1154 4489 τὸν
1186 4433 1525 4506 καθαιρέτην
1547 4432 1854 4504 σπαθάριον

252 4529 484 4600 χαμᾶζε
544 4527 936 4600 προσρίψασαι,
1001 4527 1097 4578 καὶ
1157 4524 1348 4577 τοῦτον
1391 4521 1742 4592 διασύρασαι,
1775 4519 1856 4590 τῷ

256 4623 486 4691 θανάτῳ
503 4618 877 4692 παρέπεμψαν
899 4635 914 4648 °
948 4619 1043 4672 καὶ
1069 4617 1270 4682 εὐθέως
1308 4614 1706 4686 εἰσδραμοῦσαι
1755 4631 1855 4666 κα-

253 4711 706 4784 ταλαμϐάνουσιν
729 4711 819 4764 τὸν
845 4708 1245 4782 πατριαρχικὸν
1273 4703 1444 4772 οἷκον,
1481 4704 1856 4759 λιθοϐολοῦσαι

255 4805 348 4859 τὸν
377 4805 624 4874 δυσσεϐῆ
663 4801 1146 4867 Ἀναστάσιον,καὶ
1165 4801 1440 4870 λέγουσαι,
1471 4817 1490 4850 ι
1517 4796 1856 4867 Μιαρωτάτη

254 4897 499 4969 κεφαλὴ,
533 4899 624 4951 καὶ
655 4898 752 4968 τῆς
780 4895 1038 4967 ἀληθείας
1057 4895 1242 4966 ἐχθρὲ,
1269 4893 1458 4946 τούτου
1482 4909 1546 4960 γε
1571 4891 1737 4944 ἓνεκα
1757 4890 1857 4959 τῆς

257 4989 576 5064 ἱερωσύνης
619 4989 850 5060 ἐδρὰξω,
904 4989 1042 5060 πρὸς
1087 4987 1480 5058 καταστροφὴν
1526 4983 1636 5037 τῶν
1684 4982 1858 5050 ἁγίων

253 5086 357 5139 καὶ
391 5084 560 5154 ἱερῶν
599 5083 1003 5154 ἀναθημάτωνς
1035 5101 1054 5134 ι
1087 5083 1304 5152 Ταύτην
1334 5077 1428 5133 οὖν
1461 5077 1558 5148 τὴν
1587 5071 1758 5148 ἧτταν
1782 5075 1858 5144 μὴ

256 5178 458 5248 φέρων
499 5179 529 5229 ὁ
585 5176 825 5246 ἀνίερος,
877 5177 1023 5246 φυγῇ
1068 5175 1344 5246 ἐχρήσατο
1389 5171 1499 5225 ἀπὸ
1557 5167 1856 5242 προσώπου

255 5269 374 5322 τῶν
392 5256 640 5320 εὐσεϐῶν
664 5267 942 5336 γυναικῶν
960 5283 974 5296 ·
1003 5268 1098 5320 καὶ
1126 5265 1470 5336 τῷτυράννῳ
1499 5260 1856 5334 προσφυγὼν,

259 5362 540 5414 πέπεικεν
589 5359 774 5424 αὑτὸν,
823 5357 918 5412 τοῦ
969 5359 1060 5412 διὰ
1105 5356 1291 5428 ξίφους
1333 5355 1714 5426 θανατωοῆναι
1760 5352 1861 5414 τὰς

254 5455 444 5522 ἁγίας
464 5455 724 5520 γυναῖκας
753 5453 989 5516 ἐκείνας.
1025 5452 1091 5504 Ὃ
1114 5451 1180 5522 δὴ
1203 5449 1300 5504 καὶ
1321 5451 1566 5518 γέγονεν,
1598 5447 1692 5500 καὶ
1717 5444 1860 5518 ὑπὲρ

259 5547 370 5616 τῆς
399 5543 499 5598 τοῦ
534 5543 773 5616 Χριστοῦ
825 5543 1033 5608 εἰκόνος
1081 5540 1474 5612 ἐναθλήσασαι,
1512 5539 1572 5592 τὸ
1607 5537 1862 5608 βραϐεῖον

261 5639 435 5710 παρὰ
459 5635 694 5709 Χριστοῦ
729 5637 1075 5706 ἐκομίσαντο,
1106 5637 1164 5689 ἐν
1192 5637 1256 5706 τῇ
1282 5633 1530 5705 βασιλεία
1553 5631 1662 5684 τῶν
1729 5623 1976 5698 οὐρανῶν
2039 5627 2568 5697 συνευρραινόμεναι
2598 5627 2737 5696 μετὰ
2779 5627 2970 5680 πασῶν

263 5737 491 5806 φόρων.

350 5908 375 5935 ²
413 5895 486 5949 nl.
517 5896 845 5964 πρεὲδωγεν,

259 6439 308 6444 μ.-
351 6437 431 6444 -ᾼ
462 6437 913 6444 -——_.______-—__..
994 6438 1016 6442 -η
1150 6435 1181 6444 ιι.-

1938 681 2010 736 hil
2047 681 2150 736 tale
2167 683 2230 737 de
2251 683 2458 738 sanctis
2488 692 2542 737 et
2569 682 2896 736 venerandis
2929 682 3258 752 imaginibus
3307 685 3528 756 excogi-

1939 780 2140 827 tavere.
2167 772 2445 842 Siquidem
2477 775 2543 828 ab
2565 775 2721 828 initio
2752 782 2876 843 post
2901 773 3108 828 Christi
3141 774 3194 827 in
3229 775 3394 829 caelos
3437 789 3526 830 as-

1937 865 2298 934 sumptionem
2333 866 2598 935 imagines
2626 880 2902 936 expressae
2932 874 3078 920 sunt.
3104 863 3236 918 Nam
3275 864 3522 919 Salvato-

1939 959 2014 1013 ris
2048 957 2277 1027 eliigiem
2329 957 2386 1011 iu
2442 957 2758 1020 memoriam
2818 957 3068 1011 miraculi
3115 957 3168 1010 in
3218 971 3278 1010 se
3327 958 3524 1025 patrati

1938 1051 2092 1118 cippo
2144 1048 2375 1118 insculpi
2420 1051 2632 1104 curavit
2663 1049 3106 1115 lia‘morrhoissa,
3135 1047 3219 1103 cui
3252 1047 3341 1101 illa
3377 1048 3524 1102 nullo

1938 1140 2167 1194 artiﬁcio
2192 1141 2434 1196 humano
2459 1141 2602 1195 facta
2636 1140 2975 1207 adiungenda
3008 1152 3112 1202 est,
3151 1155 3269 1207 quae
3306 1140 3358 1192 in
3392 1142 3526 1192 urbe

1937 1233 2142 1287 Edessa
2167 1241 2546 1297 conservatur,
2591 1241 2647 1286 ut
2678 1241 2734 1284 et
2775 1231 2866 1284 illa
2909 1231 3230 1285 castissitme
3283 1230 3527 1298 Deiparae

1938 1323 2138 1392 imago,
2167 1337 2331 1392 quam
2374 1337 2402 1376 a
2446 1321 2589 1376 Luca
2623 1321 2956 1390 evangelista
2985 1322 3275 1389 depictam,
3307 1319 3526 1375 Jeroso—

1937 1413 2096 1485 lyuiis
2137 1415 2204 1469 ad
2233 1413 2593 1482 Theophilum
2637 1415 2858 1467 missam
2891 1413 3061 1466 fuisse
3097 1400 3374 1466 memoria:
3401 1427 3526 1479 pro-

1937 1507 2106 1560 ditmn
2136 1514 2239 1560 est.
2263 1504 2532 1558 Praeterea
2565 1518 2768 1558 sancta:
2805 1519 2900 1557 sex
2931 1504 3282 1558 oecumeuica:
3309 1502 3524 1572 synodi,

1937 1611 2057 1665 qua:
2080 1595 2200 1650 illas
2225 1604 2564 1664 repererunt.
2588 1594 2806 1649 easdem
2833 1595 3158 1659 adoraudas,
3196 1609 3301 1648 non
3329 1593 3528 1647 abhor-

1939 1689 2135 1742 reudas
2161 1688 2466 1742 saucivere.
2507 1685 2801 1752 Caeterum,
2836 1702 2936 1758 pro
2981 1699 3134 1742 certo
3171 1687 3394 1750 habeas,
3429 1686 3530 1740 im-

1939 1787 2175 1849 perator,
2199 1779 2241 1833 si
2271 1780 2373 1833 hac
2400 1779 2450 1832 in
2499 1795 2557 1832 re
2587 1780 2636 1832 vi
2660 1781 2735 1831 uti
2769 1779 3032 1844 volueris,
3084 1794 3167 1832 me
3200 1794 3296 1848 pro
3327 1779 3529 1832 sanctis

1937 1881 1992 1923 et
2025 1870 2350 1924 venerandis
2403 1869 2732 1940 imaginibus
2769 1869 3130 1924 libentissime
3181 1870 3525 1923 moriturum.

1939 1963 2186 2032 Namque
2211 1963 2412 2016 Christi
2439 1962 2617 2030 imago
2643 1973 2890 2016 sanctqu
2919 1961 3034 2030 ejus
3067 1975 3258 2014 nomen
3288 1962 3524 2029 przelert,

1941 2068 2210 2127 quatenus
2232 2056 2286 2108 in
2320 2071 2490 2109 carne
2523 2057 2669 2108 visus
2689 2066 2771 2109 est
2801 2064 2855 2108 et
2884 2055 3024 2108 inter
3061 2054 3308 2107 homines
3342 2069 3528 2106 versa-

1943 2160 2028 2204 tus
2053 2157 2154 2202 est.
2183 2147 2315 2201 Mori
2349 2146 2516 2218 414.
2553 2158 2744 2200 autem
2775 2163 2870 2216 pro
2889 2147 3006 2215 ejus
3029 2145 3267 2210 nomine,
3300 2160 3526 2213 prorsus

1947 2256 2034 2295 res
2061 2249 2142 2293 est
2173 2240 2317 2307 justa
2354 2251 2406 2292 et
2443 2248 2655 2293 sancta.
2680 2239 2782 2304 Qui
2819 2247 3012 2292 contra
3059 2239 3178 2304 ejus
3229 2237 3522 2304 imaginem

1944 2332 2236 2402 ignominia
2271 2331 2456 2394 allicit,
2489 2330 2542 2383 in
2587 2322 2736 2382 illum
2765 2369 2778 2392 ,
2807 2346 2963 2399 quem
2996 2329 3235 2390 exhibet,
3275 2326 3528 2394 injuriam

1945 2425 2142 2492 rejicit.
2172 2443 2191 2476 ι
2219 2422 2316 2477 llis
2341 2423 2560 2485 auditis,
2591 2423 2872 2492 improbus
2899 2423 3212 2488 imperator,
3246 2436 3396 2474 more
3415 2419 3530 2473 leov

1944 2516 2050 2582 nis,
2095 2516 2250 2584 cujus
2299 2531 2493 2570 nomen
2541 2515 2772 2576 ferebat,
2824 2513 3116 2578 frendens,
3165 2523 3408 2582 satrapas
3433 2527 3531 2564 eu-

1944 2609 2093 2663 sibus
2113 2617 2357 2662 armatos
2388 2608 2440 2660 iu
2485 2606 2908 2674 patriarchicam
2937 2605 3156 2658 domum
3197 2603 3377 2666 misit,
3411 2602 3534 2672 qtti—

1943 2703 2046 2757 bus
2076 2701 2330 2770 praecepit
2371 2708 2434 2753 ut
2479 2715 2600 2752 cum
2637 2697 2831 2767 pinguis
2871 2706 2927 2751 et
2969 2696 3234 2750 conviciis
3279 2702 3530 2748 sanctum

1945 2795 2140 2864 virum_
2175 2793 2302 2846 inde
2353 2792 2729 2845 deturbarent.
2777 2788 2855 2844 Εο
2905 2799 3088 2842 autem
3125 2789 3300 2858 ejecta
3341 2797 3396 2840 et
3418 2801 3536 2841 mo-

1946 2884 2172 2938 nasticae
2205 2883 2331 2937 vita:
2359 2883 2622 2952 participe
2659 2882 2802 2936 facto
2826 2921 2841 2945 ,
2869 2881 3053 2934 videre
3075 2892 3196 2934 erat
3224 2879 3533 2933 universam

1945 2974 2246 3038 civitatem,
2280 2972 2534 3028 mellillua
2562 2969 2742 3025 Patris
2767 2971 3016 3025 doctrina
3045 2957 3319 3030 orbalam,
3351 2967 3535 3021 ﬂetum

1945 3074 1998 3120 et
2027 3065 2284 3134 gemitum
2321 3079 2429 3117 non
2463 3077 2689 3132 parvum
2725 3062 2924 3124 edere;
2951 3060 3024 3113 ita
3047 3071 3107 3114 ut
3131 3060 3248 3114 dies
3282 3059 3394 3122 illa,
3428 3072 3532 3111 non

1947 3157 2080 3223 dies,
2105 3155 2201 3211 sed
2234 3153 2469 3210 tenebrae
2492 3164 2543 3206 et
2568 3153 2724 3206 ﬂetus
2754 3167 2919 3222 super
2955 3151 3160 3214 ﬂetum,
3191 3158 3246 3205 et
3265 3165 3340 3204 rae
3371 3163 3538 3216 super

1949 3265 2028 3303 vae
2061 3256 2226 3313 esset,
2261 3256 2322 3300 ut
2345 3245 2582 3312 loquitur
2604 3244 2890 3314 propheta.

2022 3341 2218 3395 Iisdem
2252 3339 2468 3393 miseris
2491 3337 2680 3390 diebus
2707 3337 2904 3405 impius
2933 3334 3251 3411 Anastasius
3287 3334 3537 3402 impieta-

1951 3431 2018 3486 tis
2042 3445 2202 3484 manu
2254 3429 2630 3500 pontiﬁcatum
2659 3429 2966 3496 occupavit,
3022 3429 3072 3480 vi
3129 3427 3384 3488 militum,
3423 3441 3532 3478 nou

1951 3522 2214 3592 suffragio
2250 3522 2446 3575 divinae
2476 3519 2726 3590 pietatis;
2761 3519 2852 3588 qui
2885 3513 3312 3588 quidem'omnia
3341 3519 3406 3571 ad
3439 3517 3539 3572 Ec-

1951 3615 2171 3670 clesiam
2230 3611 2556 3682 pertinentia
2605 3611 2973 3680 imperatoriis
3022 3610 3230 3664 aedibus
3290 3610 3535 3663 tradidit.

1951 3698 2089 3757 Tum
2145 3713 2408 3774 tyrannus
2449 3701 2616 3754 libera
2676 3711 2942 3770 potestate
2983 3702 3275 3770 prodendae
3315 3702 3541 3754 haeresis

1953 3803 2200 3864 accepta,
2231 3793 2376 3848 illico
2428 3803 2678 3848 sanctam
2723 3805 2774 3848 et
2829 3793 3165 3847 Dominieatu
3203 3790 3404 3848 Cb'risti
3447 3791 3542 3846 Dei

1952 3887 2460 3956 nostriimagiuem,
2484 3901 2605 3954 qua:
2656 3900 2819 3953 supra
2880 3885 3226 3954 imperatoria
3263 3886 3401 3938 atria
3429 3884 3544 3938 col-

1953 3978 2150 4043 locata,
2183 3979 2252 4034 ob
2283 3977 2514 4048 elligiem
2547 3986 2734 4032 sancta
2761 3975 2934 4032 [Euea
2965 3977 3246 4029 dicebatur
3267 4016 3282 4042 ,
3313 3975 3543 4044 dejicere

1952 4081 2007 4125 et
2039 4070 2146 4140 igui
2181 4070 2396 4124 tradere
2421 4070 2666 4136 tentavit,
2688 4069 2830 4138 quod
2871 4069 3088 4137 quidem
3119 4069 3342 4136 peregit.
3390 4066 3535 4119 lute-

1954 4163 2058 4216 rim
2091 4176 2219 4215 vero
2239 4160 2368 4214 dum
2402 4158 2920 4224 tollebatur,.divino
2950 4161 3068 4213 zelo
3096 4155 3543 4228 roborata-4.15

1957 4253 2301 4308 honorabiles
2333 4251 2608 4315 mulieres,
2641 4249 2854 4304 fortiter
2889 4251 3182 4315 irrueruut,
3217 4259 3544 4319 arreptaque

1955 4343 2124 4409 scala,
2145 4342 2508 4414 spatbarium,
2539 4341 2630 4411 qui
2653 4341 2946 4409 imaginem
2989 4341 3278 4395 amovebat
3299 4381 3314 4404 ,
3345 4340 3397 4394 in
3436 4350 3546 4396 ter—

1958 4449 2074 4487 ram
2116 4432 2496 4502 proiecerunt,
2546 4432 2979 4500 distractumque
3033 4431 3191 4484 morti
3254 4431 3542 4486 dederunt.

1957 4527 2087 4582 Post
2110 4527 2226 4582 hmo
2260 4527 2326 4580 ad
2372 4525 2795 4594 patriarchicam
2849 4527 3069 4578 douium
3121 4525 3304 4579 statim
3353 4540 3548 4595 prOpe-

1964 4627 2166 4683 rantes,
2193 4616 2420 4684 impiqu
2452 4616 2801 4670 Anastasium
2832 4613 3100 4682 lapidibus
3120 4623 3331 4682 petunt,
3389 4614 3546 4668 aien-

1965 4719 2045 4765 tes
2079 4727 2092 4761 :
2132 4728 2152 4760 ‹
2191 4707 2626 4778 lmpurissimum
2651 4715 2836 4775 eaput,
2874 4715 2928 4758 et
2952 4705 3197 4759 veritatis
3229 4706 3420 4769 hostis,
3465 4720 3552 4760 er-

1962 4817 2100 4869 gone
2129 4802 2331 4856 idcirco
2365 4801 2728 4856 sacerdotium
2761 4799 3031 4861 iuvasisti,
3065 4808 3123 4851 ut
3149 4809 3337 4852 sancta
3372 4808 3428 4852 et
3459 4814 3550 4852 sa-

1961 4906 2055 4947 cra
2075 4891 2420 4946 anathemata
2466 4891 2581 4945 sive
2611 4889 2835 4944 donaria
2874 4885 3290 4943 evertercutur?
3327 4905 3346 4939 ι
3398 4885 3554 4941 Hanc

1963 4984 2028 5036 de
2050 5000 2108 5038 se
2139 4983 2422 5038 victoriam
2455 4997 2564 5036 non
2619 4977 2802 5036 ferens
2835 4979 3116 5050 profanus,
3179 4995 3208 5032 a
3255 4987 3552 5047 conspectu

1965 5076 2176 5144 piarum
2212 5073 2498 5129 mulierum
2549 5074 2780 5144 aufugit,
2818 5081 2873 5127 et
2906 5074 2971 5126 ad
3021 5081 3312 5142 tyrannum
3361 5069 3558 5122 confu-

1966 5166 2140 5239 gieus,
2165 5169 2212 5222 ei
2237 5177 2425 5221 auctor
2466 5167 2584 5233 fuit,
2624 5177 2682 5220 ut
2715 5175 2937 5222 sanctas
2972 5165 3090 5218 illas
3121 5163 3374 5218 mulieres
3411 5160 3558 5214 ferro

1967 5260 2328 5317 interimeret.
2366 5260 2519 5328 Quod
2569 5259 2789 5328 quidem
2838 5258 3035 5314 factum
3055 5267 3158 5320 est,
3207 5255 3419 5323 ill-.eque
3459 5267 3557 5320 pro

1965 5351 2169 5406 Christi
2203 5351 2435 5422 imagine
2470 5351 2604 5404 inito
2637 5351 2959 5414 certamine,
2995 5349 3237 5403 victoria:
3267 5345 3551 5416 pranuium

1967 5445 2176 5512 abipsu
2207 5442 2426 5498 Christo
2478 5452 2818 5512 receperunt,
2867 5457 2988 5495 cum
3025 5441 3279 5495 omnibus
3342 5436 3552 5493 sanctis

1969 5535 2036 5587 vit
2057 5535 2280 5588 tricibus
2317 5537 2368 5590 iu
2391 5551 2553 5606 regno
2587 5535 2846 5590 etelorum
2880 5535 3144 5589 la'tantes.

2261 5867 2292 5890 ν
