4060 6490
325 426 346 488 l
359 426 460 488 ἶ)ρὲ

1379 423 1561 484 VlTA
1611 423 1670 482 S.
1713 420 2092 481 STEPHANI
2135 422 2524 487 JUNIORIS.

3467 429 3602 494 H91

319 549 466 591 τεῐον
495 535 578 599 είς
637 535 730 589 τὸν
786 533 882 588 τοῦ
923 533 1191 605 κυναρίου
1241 535 1535 606 τράχηλον,
1577 534 1673 588 καὶ
1728 534 1914 600 ἔλεγεν

2022 533 2171 586 eehat
2207 553 2220 587 :
2261 553 2281 586 ι
2341 535 2484 592 Vade
2553 539 2692 592 infra
2751 540 2802 592 in
2857 539 3281 599 monasterium,
3354 542 3604 609 bamque

323 633 472 702 αὐτῷ
523 633 604 694 είς
649 633 888 703 ἐπήκοον
933 631 1044 684 τῶν
1091 630 1555 700 παραϐαλόντων·
1590 646 1608 680 ι
1669 624 1908 678 ’Δπελθε

321 724 474 776 κάτω
503 723 562 774 ἐν
593 719 672 792 τῷ
705 721 1080 793 μοναστηρίῳ,
1111 720 1206 774 καὶ
1240 719 1359 774 τόδε
1409 719 1471 773 τὸ
1523 717 1911 789 γραμματεῖον

322 813 663 884 ἁποκὸμισον
687 815 754 884 τῇ
786 813 1090 886 ἡγουμένῃ,
1117 812 1213 866 καὶ
1237 809 1477 882 ταχύνας
1505 807 1869 879 ὑπόστρεψον.
1886 824 1904 856 ι

323 907 540 972 Εὐθέως
565 906 707 961 δὲτὸ
740 905 1000 976 κυνάριον
1031 905 1175 959 κατὰ
1199 902 1301 974 τὴν
1336 902 1606 972 ἐπιταγὴν
1651 899 1748 952 τοῦ
1801 898 1914 950 lla-

322 999 449 1069 τρὸς
486 999 549 1051 τὸ
600 999 971 1069 μοναστήριον
1021 994 1580 1064 κατε).άμ6ανεν,κα“ι
1633 994 1698 1063 τῇ
1743 989 1912 1062 κέλλῃ

327 1091 420 1160 τῆς
455 1089 770 1160 ἡγουμένης
813 1087 1149 1152 ὲπιϐαϐύζον
1174 1089 1251 1160 (5)
1279 1087 1377 1158 τὴν
1399 1084 1622 1156 ἐντολὴν
1643 1082 1908 1154 ἐπλήρου.

326 1180 587 1252 ’ῌδεισαν
619 1181 728 1250 γὰρ
758 1180 854 1234 καὶ
870 1181 960 1234 οίι
991 1178 1086 1232 τοῦ
1127 1176 1494 1249 μοναστηρίου
1521 1175 1621 1242 τὴν
1641 1173 1738 1228 τοῦ
1767 1172 1911 1236 ζώου

319 1271 626 1337 διακονίαν,
659 1273 756 1324 καὶ
793 1271 1000 1334 εὐθέως
1031 1269 1164 1324 αὐτὸ
1193 1272 1258 1340 τῇ
1308 1267 1592 1339 ἡγουμένῃ
1639 1265 1918 1334 εἰσεκόμι-

322 1363 440 1428 ζον,
489 1367 585 1418 καὶ
636 1364 772 1434 πρὸς
824 1363 924 1434 τὴν
978 1361 1198 1434 γραφὴν
1253 1361 1494 1414 ἐποίουν.
1564 1357 1679 1412 Καὶ
1737 1356 1917 1416 ταῦτα

2021 619 2272 676 tabellam
2336 623 2419 677 fer
2457 626 2758 696 pra-lecta),
2806 639 2861 682 et
2914 629 3165 683 celeriter
3221 630 3360 683 redi.
3414 649 3432 680 ι
3484 631 3602 684 Mox

2019 728 2146 766 vero
2196 717 2349 772 canis
2390 717 2568 774 Patris
2621 721 2892 774 mandatis
2939 721 3280 790 obsequens,
3333 733 3605 778 monaste-

2023 807 2164 859 rium
2216 808 2456 876 petebat,
2499 822 2553 865 et
2585 812 2732 866 cellae
2779 812 3053 876 prtefcctte
3101 813 3362 868 allatrans
3393 817 3602 881 jttssuut

2023 897 2298 964 implebat.
2335 899 2429 954 llis
2458 904 2627 966 enim,
2660 904 2748 971 qui
2783 919 2813 957 e
2838 905 3170 957 monasterio
3217 903 3380 976 423
3425 915 3602 968 erant,

2022 999 2204 1040 notum
2247 1001 2365 1043 erat
2413 993 2564 1046 canis
2601 993 2990 1057 ministerimn,
3030 993 3326 1063 statimque
3361 995 3508 1048 illum
3539 999 3604 1046 ad

2019 1079 2329 1146 pra-fectant
2379 1084 2741 1149 adducebant,
2792 1095 2955 1155 atque
2998 1087 3105 1152 his,
3153 1103 3274 1156 quae
3323 1087 3374 1142 in
3409 1087 3604 1141 tabella

2019 1172 2222 1241 scripta
2249 1184 2428 1238 erant,
2460 1174 2730 1231 faciebant
2757 1179 2912 1232 satis.
2933 1177 3069 1232 Tum
3089 1179 3242 1232 canis
3267 1180 3378 1233 haec
3397 1178 3606 1233 faciens

2023 1279 2212 1340 rursus
2242 1266 2292 1320 in
2329 1279 2565 1322 montem
2615 1271 3009 1328 revertebatur.
3048 1271 3204 1336 Vere,
3233 1283 3295 1326 ut
3322 1288 3444 1326 eum
3474 1287 3604 1340 pro-

2024 1356 2183 1422 pheta
2214 1357 2426 1426 loquar,
2463 1361 2727 1414 mirabilis
2760 1365 2898 1415 Deus
2935 1365 2988 1414 in
3019 1365 3216 1416 sanctis
3254 1366 3366 1418 suis
3391 1364 3462 1422 ³⁸.

320 1458 516 1512 ποιοῦν
560 1459 618 1511 τὸ
680 1458 964 1528 κυνάριον,
997 1454 1155 1520 αὖθις
1191 1455 1460 1526 ἀνὴρχετό
1513 1454 1608 1508 ἐπὶ
1662 1453 1723 1506 τὸ
1773 1452 1923 1524 ὅρος.
1967 1451 2198 1515 Ὄντως,
2268 1454 2628 1524 προφητικῶς
2676 1458 2877 1522 εἰπεῖν,
2919 1460 3268 1528 θαυμαστὸς
3298 1463 3330 1514 ό
3359 1459 3504 1525 Θεὸς
3538 1459 3610 1513 ἐν

321 1556 449 1621 τοῖς
472 1556 662 1624 ἁγίοις
689 1555 899 1609 αὐτοῦ.

411 1647 628 1700 Ἀλλοτέ
657 1663 790 1699 ποτε
815 1647 882 1698 ἐκ
911 1643 1193 1708 διακονίας
1222 1643 1369 1706 τινὸς
1397 1643 1456 1696 τὸ
1501 1642 1628 1714 ὅρος
1669 1638 1912 1694 καταλα-

319 1741 438 1794 εὼν
480 1742 508 1794 ὁ
569 1739 903 1810 τιμιώτατος
943 1738 1249 1806 Στέφανος,
1311 1729 1468 1806 εὗρεν
1505 1734 1596 1787 τὸν
1653 1731 1912 1800 Θεοφορον

330 1834 596 1903 Ἰωάννην
634 1830 770 1902 πρὸς
797 1831 858 1884 τὸ
908 1829 1148 1902 Θυρίδιον
1194 1827 1288 1883 τοῦ
1317 1827 1584 1902 σπηλαίου
1615 1824 1713 1896 τὴν
1753 1823 1912 1892 ἁγίαν

317 1923 492 1979 αὑτοῦ
526 1924 703 1994 κάραν
730 1922 1094 1992 ὲπιΟήσαντα,
1133 1921 1392 1974 κλαίοντα
1445 1917 1680 1989 πικρῶς.
1732 1915 1820 1976 Ὦς
1854 1913 1910 1966 δὲ

318 2014 585 2070 εἰσελθὼν
608 2016 704 2070 καὶ
727 2013 828 2086 τὴν
867 2014 1076 2084 συνήοη
1105 2013 1282 2083 βαλὼν
1326 2011 1640 2084 μετάνοιαν,
1667 2008 1911 2080 παράῡεο

320 2127 412 2161 σιν
443 2109 545 2160 οὑκ
577 2107 792 2172 ἐλαϐεν,
820 2105 910 2158 διά
935 2107 995 2158 τὸ
1025 2109 1114 2158 τὶν
1149 2105 1370 2176 Πατέρα
1393 2105 1455 2157 οὐ
1487 2102 1698 2174 μικρῶς
1723 2101 1912 2170 ὀδύρε-

325 2201 484 2254 σθαι·
509 2199 840 2268 διελογίζετο
871 2201 1023 2252 κάτω
1053 2199 1328 2268 κείμενος,
1359 2197 1444 2260 τίς
1476 2197 1588 2268 ἄρα
1618 2195 1705 2265 εἴη
1745 2195 1772 2248 ὀ
1817 2191 1910 2245 τοῦ

243 2310 258 2322 ο
327 2291 541 2362 Πατρὺς
571 2289 872 2360 κλαυθμός.
913 2289 971 2342 '0
999 2289 1056 2342 δὲ
1092 2288 1279 2356 πραῢς
1307 2290 1516 2350 ἐκεῖνος
1565 2286 1758 2356 Πατὴρ
1797 2283 1916 2338 (λεό-

328 2383 422 2436 οεν
449 2384 609 2451 γνοὺς
657 2386 782 2446 τοὺς
825 2383 1212 2452 διαλογισμοὺς
1242 2381 1336 2435 τοῦ
1373 2382 1558 2450 ἁγίου,
1600 2381 1915 2450 ἀναστήσας

323 2476 492 2530 αὑτὸν
516 2471 669 2528 εἶπεν
695 2493 708 2505 ·
751 2493 770 2526 ι
807 2475 909 2528 Διὰ
943 2475 1000 2526 σέ
1031 2492 1130 2544 μου
1167 2475 1196 2526 ὁ
1244 2475 1462 2544 Ορῆνος,
1513 2468 1558 2525 ὦ
1583 2471 1916 2542 τιμιώτατον

321 2568 542 2622 τέκνον.
575 2567 788 2634 Ἐγνων
816 2569 925 2636 γὰρ
950 2567 1044 2619 ἐπὶ
1091 2566 1184 2618 σοῦ
1218 2566 1569 2630 αὐξάνεσθαι,
1611 2567 1706 2618 καὶ
1741 2581 1916 2618 κατα-

323 2657 666 2729 στρέφεσθαι
695 2657 847 2710 τόνδε
877 2657 968 2709 τδν
998 2656 1167 2710 τόπον
1199 2657 1304 2708 ὑπὸ
1353 2658 1452 2726 τῆς
1489 2658 1609 2709 νυνὶ
1644 2655 1918 2720 άναζεσά-

323 2767 434 2820 an;
461 2751 570 2802 τῶν
621 2749 1060 2802 εἰκονοκαυστῶν
1110 2747 1403 2818 αἱρέσεως.
1467 2766 1485 2799 ι
1541 2749 1598 2800 '0
1637 2747 1695 2800 δὲ
1736 2747 1918 2818 τίμιος

320 2841 606 2912 Στέφανος
625 2843 688 2894 ἐκ
720 2841 952 2912 καρδίας
980 2840 1240 2905 στενάξας
1263 2841 1539 2911 ὀδυνηρῶς
1564 2835 1716 2892 εἶπεν
1743 2856 1756 2869 ·
1796 2858 1812 2890 ι
1849 2834 1918 2890 τΩ

322 2934 544 3004 Πάτερ,
597 2931 1078 3002 συναπολλύμενον
1134 2931 1284 3002 κάμὲ
1321 2934 1388 3001 τῇ
1435 2929 1612 2984 αὐτῶν
1661 2929 1914 2998 ἀσεϐείᾳ,

321 3029 427 3081 κπὶ
460 3031 537 3098 μὴ
574 3026 910 3096 σωζόμενονς
955 3042 975 3076 ι
1031 3024 1090 3076 '0
1135 3023 1194 3076 δὲ
1236 3025 1383 3088 ὅσιος
1425 3023 1679 3093 Ἰωάννης
1715 3021 1914 3090 φησίνο

325 3121 494 3190 υῦχὶ,
549 3120 780 3171 τέκνον·
841 3105 987 3170 ἀλλ”
1027 3115 1122 3169 οὖν
1157 3115 1346 3186 βλέπε.
1407 3115 1722 3184 Γέγραπται
1786 3111 1915 3182 γάρ»

2091 1637 2396 1707 Aliquando
2429 1651 2608 1695 autem
2636 1655 2702 1696 ex
2733 1641 2918 1713 aliquo
2957 1644 3256 1698 ministerio
3283 1645 3335 1698 in
3369 1657 3606 1701 montem

2021 1743 2270 1796 reversus
2297 1731 2750 1789 honoratissimus
2775 1737 3081 1804 Stephanus
3110 1739 3313 1808 reperit
3340 1738 3604 1794 deiferum

1949 1856 1986 1911 Β
2017 1818 2306 1886 Joannem,
2327 1824 2502 1892 capite
2519 1827 2582 1879 ad
2603 1825 2900 1881 fenestram
2917 1844 3109 1898 specus
3130 1831 3397 1897 itmixum,
3417 1847 3603 1886 amare

2019 1911 2170 1967 flere.
2195 1913 2360 1983 Igitur
2383 1930 2504 1970 cum
2529 1917 2810 1987 ingressus
2841 1935 2902 1974 se
2930 1931 3193 1976 consueto
3224 1923 3328 1976 ritu
3350 1923 3607 1978 inclinas.

2016 2019 2120 2070 set,
2159 2021 2258 2060 nec
2289 2009 2721 2063 benedictionem
2753 2013 3055 2080 accepisset
3081 2014 3150 2068 ob
3183 2015 3362 2069 Patris
3397 2017 3602 2070 luctum

2016 2113 2122 2150 non
2146 2113 2403 2166 parvum;
2427 2099 2566 2154 infra
2585 2100 2778 2169 jacens
2797 2108 2937 2172 apud
2961 2122 3018 2160 se
3033 2107 3329 2177 couitabat,
3353 2110 3602 2178 quisnam

2015 2198 2160 2243 esset
2187 2187 2274 2242 ille
2299 2187 2476 2243 Patris
2504 2193 2757 2258 gemitus.
2778 2193 2846 2246 At
2881 2208 3195 2250 mansuetus
3228 2197 3388 2252 Pater
3411 2201 3608 2254 divini-

2019 2289 2104 2335 tus
2130 2282 2360 2352 cognitis
2417 2285 2588 2338 sancti
2637 2285 2902 2353 Stephani
2945 2289 3392 2358 cogitationibus,
3426 2293 3602 2361 ipsum

2015 2373 2210 2440 erexit,
2245 2375 2406 2443 eique
2433 2376 2512 2428 ait
2543 2393 2556 2428 :
2591 2377 2688 2430 Tui
2719 2394 2884 2431 causa
2919 2393 3074 2433 meus
3104 2391 3189 2434 est
3233 2380 3437 2450 luctus,
3469 2400 3502 2437 0
3531 2387 3606 2438 liii

2020 2463 2466 2521 houoratissime.
2502 2465 2780 2538 Siquidem
2814 2471 2937 2524 novi
2975 2472 3213 2526 futurum
3251 2489 3390 2540 esse,
3420 2485 3475 2528 ut
3504 2478 3607 2531 sub

2024 2563 2073 2607 te
2098 2555 2200 2609 iste
2225 2559 2374 2612 locus
2403 2560 2800 2614 incrementum
2827 2565 3093 2632 capiat,et
3121 2574 3305 2633 postea
3335 2567 3401 2620 ab
3421 2567 3607 2621 Icouo-

2019 2661 2330 2703 caustarum
2369 2653 2560 2705 haeresi
2591 2652 2699 2720 jam
2753 2671 2897 2710 nunc
2948 2656 3348 2712 refervescente
3397 2671 3611 2713 exerta-

2023 2749 2129 2793 tur.
2163 2743 2256 2796 Cui
2296 2747 2638 2798 venerandus
2691 2744 3000 2816 Stephanus
3032 2765 3098 2804 ex
3133 2749 3244 2804 imo
3275 2756 3436 2805 corde
3485 2769 3610 2822 gra-

2018 2832 2160 2886 viter
2213 2835 2578 2904 ingemiscens
2631 2839 2767 2892 dixit
2803 2857 2816 2893 :
2855 2858 2872 2891 ι
2921 2841 3075 2896 Mene
3129 2843 3316 2911 etiam,
3348 2859 3382 2897 ο
3424 2842 3608 2910 Pater,

2019 2941 2142 2978 cum
2177 2927 2388 2980 illorum
2427 2930 2706 2996 impietate
2739 2935 3060 3000 periturum,
3097 2949 3196 2987 nec
3231 2935 3436 2988 salvum
3466 2936 3612 2989 futu-

2023 3017 2187 3071 rutn?
2227 3037 2244 3068 ι
2281 3018 2380 3074 Cui
2428 3031 2653 3074 sanctus
2705 3019 2940 3078 Joannes
2972 3041 2985 3077 :
3019 3023 3391 3094 Nequaquam,
3426 3045 3454 3079 ο
3491 3031 3606 3094 tili;

2023 3110 2116 3162 sed
2155 3110 2291 3163 ride.
2345 3109 2621 3180 Scriptum
2673 3125 2759 3168 est
2807 3117 2950 3168 enim
2989 3131 3002 3168 :
3048 3117 3152 3178 Qui
3204 3123 3606 3182 perseveraverit

335 3208 402 3262 '0
442 3208 772 3276 ὑπομείνας
801 3207 889 3270 εἰς
913 3203 1108 3268 τέλος,
1137 3200 1315 3270 οὗτος
1341 3203 1701 3272 σωθήσεται.
1739 3221 1758 3254 ι
1807 3201 1916 3253 Καὶ

2022 3217 2179 3269 usque
2207 3203 2258 3253 in
2289 3202 2467 3270 ﬁnem,
2500 3206 2584 3258 hic
2610 3205 2789 3260 solt-us
2825 3209 2925 3260 erit
2953 3209 3018 3261 ’7.
3054 3207 3126 3261 illi
3173 3211 3368 3264 deinde
3398 3215 3582 3267 omnia

325 3301 598 3369 προεῖπεν
623 3297 772 3368 αὑτῷ
799 3296 976 3349 πάντα
1029 3293 1065 3348 ἃ
1094 3295 1290 3365 ἐκείνῳ
1327 3295 1554 3366 ἔμελλον
1585 3293 1734 3362 αὐτῲ
1781 3308 1919 3362 συμ-

323 3390 566 3446 6αίνειν.
1232 3391 1240 3397 ’

415 3483 511 3536 Ἐν
536 3483 591 3536 δὲ
620 3481 697 3554 τῷ
720 3482 900 3554 χρόνῳ
914 3481 1108 3552 ἐκείνῳ
1128 3482 1156 3534 ὁ
1197 3477 1292 3532 τοῦ
1308 3476 1492 3548 τιμίου
1515 3475 1790 3544 Στεφάνου
1820 3491 1924 3527 πα-

321 3571 438 3641 τὴρ
471 3569 619 3622 τέλει
647 3570 741 3621 τοῦ
789 3570 903 3639 βίου
927 3572 1222 3641 ἐχρήσατο.
1256 3567 1365 3620 Καὶ
1384 3565 1483 3638 τὴν
1510 3567 1664 3618 πόλιν
1694 3563 1923 3618 τοῦνεκα

324 3659 664 3716 καταλαϐὼν
697 3653 874 3726 οὗτος,
919 3664 1104 3731 παρῆν
1140 3659 1278 3730 πρὸς
1315 3659 1416 3730 τὴν
1459 3658 1555 3711 τοῦ
1599 3659 1924 3728 γεννήτορος

323 3752 584 3824 κηδείαν.
623 3753 736 3806 Καὶ
777 3753 918 3822 μετὰ
964 3753 1066 3822 τὴν
1097 3753 1293 3804 τούτου
1335 3749 1677 3817 ὲνταφίασιν,
1709 3750 1777 3802 τὰ
1807 3765 1926 3800 συν-

321 3831 463 3899 όντα
522 3846 710 3906 αὐτοῖς
749 3845 808 3897 ὲν
859 3843 1403 3897 Κωνστατινουττόλει
1455 3845 1672 3896 ἅπαντα
1707 3859 1925 3912 πεπρακ

323 3938 442 4000 κὼς
475 3934 526 4000 ε,
559 3937 675 4007 ἅμα
703 3938 768 4006 τῇ
803 3938 971 4007 μητρὶ
999 3939 1092 3989 καὶ
1129 3940 1198 4006 τῇ
1237 3938 1337 4008 μιᾷ
1373 3935 1578 4006 ἀδελφῇ
1609 3936 1726 4006 (τῆς
1757 3935 1925 4003 ἄλλης

323 4029 901 4101 προαποκειραμένης
937 4032 994 4082 ἐν
1034 4027 1206 4098 ἑτέρῳ
1261 4027 1355 4080 τοῦ
1401 4027 1697 4092 Βυζαντίου
1757 4043 1924 4096 μονα-

324 4121 596 4193 στηρίῳ),
626 4121 770 4175 οὕτω
789 4119 808 4158 Ῑ
835 4122 931 4190 τῆς
955 4120 1330 4192 ἐνεγκαμένης
1352 4121 1687 4190 ἀπάραντες,
1714 4119 1774 4172 τὸ
1804 4121 1928 4188 ὅρος

325 4215 666 4270 κατέλαϐον.
713 4215 771 4267 Ὀ
811 4213 867 4266 δὲ
908 4215 1092 4285 τίμιος
1153 4214 1426 4282 Στέφανος
1481 4217 1580 4284 τήν
1627 4231 1685 4265 τε
1715 4213 1928 4284 μητέρα

317 4308 427 4360 καὶ
465 4305 705 4376 ἀδελφὴν
745 4306 1110 4376 εὐλογηθῆναι
1159 4307 1394 4375 ποιήσας
1451 4306 1603 4374 παρὰ
1635 4305 1728 4358 τοῦ
1767 4305 1926 4374 ἁγίου

317 4399 594 4469 γέροντος
635 4396 910 4461 Ἰωάννου,
954 4397 1048 4449 καὶ
1080 4397 1464 4466 κατηχηϐἧναι
1497 4397 1588 4448 τὸν
1639 4396 1795 4464 λόγον
1831 4395 1927 4465 τῆς

317 4488 618 4562 ἀληθείας,
656 4484 816 4552 αὖθις
847 4490 1188 4559 κατήνεγκεν
1222 4488 1392 4551 αὑτὰς
1433 4489 1490 4541 ὲν
1523 4488 1600 4558 τῷ
1631 4487 1928 4557 γυναικείῳ

322 4581 716 4655 μοναστηρίῳ,
765 4581 860 4635 καὶ
901 4581 1434 4651 συγκαταριομήσας
1480 4581 1650 4642 αὑτὰς
1680 4583 1747 4652 τῇ
1792 4581 1924 4652 ἁγίᾳ

318 4675 522 4745 ἐκείνῃ
553 4674 795 4746 συνοδίᾳ,
821 4673 1037 4743 γίνεται
1066 4674 1228 4735 αὐτὸς
1254 4672 1358 4742 τῆς
1403 4673 1675 4742 σαρκικῆς
1719 4673 1923 4742 μητρὸς

319 4767 717 4837 πνευματικὸς
743 4765 932 4837 Πατὴρ
966 4765 1057 4818 διὰ
1088 4765 1184 4817 τοῦ
1207 4765 1367 4833 ἁγίου
1397 4766 1698 4835 σχήματος,
1721 4766 1926 4834 ὁμοίως

316 4863 426 4915 καὶ
454 4860 558 4928 τῆς
594 4859 857 4928 ἀδελφῆς.
897 4857 1007 4911 Καὶ
1035 4855 1176 4928 μετὰ
1235 4855 1336 4926 τὴν
1368 4855 1464 4908 τοῦ
1515 4854 1670 4922 ἁγίου
1706 4856 1925 4924 σχήμα-

313 4967 420 5012 τος
462 4948 885 5019 συμπλήρωσιν,
920 4947 1083 5010 αὐτὸς
1113 4945 1337 5018 ἀπάρας
1360 4946 1452 4998 ἐπὶ
1484 4945 1548 4998 τὸ
1573 4943 1720 5016 ὅρος,
1755 4943 1926 5015 ᾤχετο

313 5043 392 5114 τῇ
431 5039 683 5109 προτέρᾳ
707 5039 976 5109 διαγωγῇ.
1437 5037 1446 5048 ’

413 5130 514 5182 Ἐν
543 5131 676 5182 πᾶσι
698 5129 756 5181 δὲ
797 5132 909 5191 τοῖς
935 5128 1252 5198 Θεαρέστοις
1279 5127 1463 5197 ἔργοις
1495 5127 1676 5190 καλῶς
1708 5128 1926 5198 διαπρέ-

316 5223 440 5292 ψας
478 5220 507 5272 ὁ
536 5220 798 5292 θεοφόρος
837 5220 1092 5291 Ἰωάννης
1125 5223 1181 5273 ἐν
1214 5221 1412 5292 εἰρήνῃ
1458 5217 1789 5290 ἐκοιμήθη“
1833 5221 1928 5273 καὶ

403 5401 458 5438 ³⁸
499 5399 640 5459 l'sal.
675 5415 842 5468 urit,
871 5401 961 5458 56.
1039 5401 1084 5432 "
1118 5399 1308 5454 Matth.
1337 5417 1391 5466 χ,
1421 5400 1520 5457 22.

2021 3291 2186 3365 424,
2215 3309 2334 3364 quae
2359 3295 2458 3365 ipsi
2501 3309 2760 3352 eventura
2794 3309 2950 3353 erant
2979 3303 3248 3368 praedixit.

2096 3473 2209 3527 Sub
2259 3473 2394 3526 idem
2435 3484 2645 3543 tempus
2679 3478 2967 3530 venerandi
3001 3477 3257 3546 Stephani
3307 3492 3462 3549 pater
3505 3484 3610 3538 vita

2025 3566 2238 3620 functus
2270 3576 2388 3633 est;
2433 3583 2538 3637 qua
2572 3569 2638 3622 de
2669 3583 2830 3622 causa
2884 3571 3071 3624 urbem
3102 3571 3189 3624 ille
3223 3574 3396 3641 petiit,
3435 3584 3487 3629 ct
3513 3591 3615 3644 pa-

2029 3659 2129 3710 tris
2160 3661 2435 3728 exsequiis
2465 3659 2636 3712 all'uit.
2682 3658 2814 3714 Post
2848 3662 3004 3730 cujus
3059 3664 3417 3732 sepulturam,
3452 3669 3616 3721 simul

2026 3765 2147 3802 eum
2196 3759 2370 3804 matre
2412 3759 2468 3804 el.
2523 3768 2625 3804 una
2659 3768 2688 3806 e
2723 3753 3006 3808 sororibus
3057 3754 3204 3825 (nam
3257 3757 3360 3810 alia
3401 3758 3455 3811 in
3508 3760 3618 3814 alio

2027 3839 2272 3913 Byzantii
2335 3845 2666 3898 monasterio
2718 3846 2944 3899 detonsa
2999 3845 3222 3914 fuerat),
3281 3851 3460 3904 omnia
3495 3867 3618 3922 quae

2029 3930 2496 4002 Ctmstantinopoli
2559 3936 2933 4004 possid-baut,
2984 3939 3243 3994 vendidit.
3282 3943 3400 4007 Quo
3447 3943 3614 4012 facto,

2030 4026 2202 4092 patria
2240 4027 2450 4087 relicta,
2507 4027 2709 4081 sesein
2743 4040 2978 4083 montem
3033 4032 3398 4088 contulerunt.
3439 4033 3617 4090 Vene-

2031 4119 2234 4170 randus
2269 4135 2396 4172 vero
2427 4116 2758 4188 Stephanus,
2788 4134 3098 4190 postquam,
3123 4139 3182 4177 se
3217 4137 3460 4188 auctore,
3485 4142 3616 4180 san-

2033 4219 2115 4263 lus
2145 4224 2311 4262 senex
2361 4209 2598 4264 Joannes
2649 4227 2760 4264 sua:
2799 4213 2957 4265 matri
2991 4223 3041 4266 et
3077 4214 3250 4268 sorori
3285 4215 3617 4270 benedictio-

2251 4303 2628 4372 impertisset,
2695 4318 3117 4372 sermonemque
3203 4308 3452 4362 veritatis
3525 4325 3620 4363 eas

2031 4394 2326 4456 doeuis.~et,
2363 4395 2508 4462 ipsas
2542 4396 2592 4450 in
2625 4396 2908 4448 mulierum
2942 4399 3330 4452 monasterium
3369 4401 3614 4464 deduxit,

2035 4501 2169 4554 quas
2233 4497 2423 4539 sancto
2486 4487 2777 4538 comentui
2855 4491 3300 4554 annumerando,
3357 4491 3472 4558 ipse
3521 4507 3618 4562 per

2035 4587 2284 4632 sanctum
2329 4579 2596 4642 habitum,
2637 4577 2872 4632 carnalis
2909 4579 3098 4633 nnttris
3144 4579 3322 4638 factus
3347 4592 3430 4638 est
3455 4586 3620 4654 spiri-

2037 4673 2164 4727 talis
2219 4671 2415 4736 Pater,
2461 4672 2714 4726 similiter
2760 4683 2813 4726 et
2862 4673 3088 4729 sororis.
3135 4674 3378 4744 Expletis
3424 4679 3620 4733 deinde

2034 4763 2210 4818 sancti
2241 4763 2460 4818 habitus
2479 4764 2841 4829 caeremoniis,
2868 4765 3052 4834 ipsein
3083 4777 3320 4822 montem
3345 4771 3618 4837 ascendit,

2033 4866 2087 4910 et
2119 4857 2182 4908 ad
2219 4856 2458 4926 priorem
2492 4856 2614 4912 vita:
2645 4855 2908 4912 rationem
2940 4857 3122 4914 rediit.

2032 4319 2153 4356 110111

2110 5121 2291 5176 Deifer
2332 5137 2494 5191 porro
2543 5120 2780 5176 Joannes
2809 5135 2931 5176 cum
2966 5122 3018 5176 in
3053 5123 3199 5176 omni
3234 5122 3341 5178 Deo
3367 5134 3622 5192 accepto-

2038 5233 2156 5270 rutn
2188 5231 2414 5285 operum
2445 5230 2647 5284 genere
2693 5215 3058 5280 excelluissct,
3099 5215 3148 5270 in
3180 5231 3311 5284 pace
3338 5213 3614 5282 dormivit,

1613 5491 1851 5548 VARle
1909 5485 2316 5547 LECTIONES.

407 5613 427 5668 J
482 5612 630 5669 linus
658 5613 819 5670 habet
845 5615 916 5667 εἰ.
992 5613 1017 5654 ι
1052 5613 1121 5666 al.
1163 5613 1468 5683 πέπρακτο.
1508 5609 1527 5650 ι
1568 5611 1637 5665 al.
1665 5603 1834 5666 οὗτοι.
1911 5619 1949 5641 ¹¹¹
1978 5611 2092 5665 Duo
2122 5611 2207 5666 hic
2241 5609 2447 5664 addunt
2477 5607 2570 5662 ἐπὶ
2599 5607 2657 5661 τὸ
2691 5607 2843 5662 αὑτό.

1832 5725 2066 5781 ΝΟΤᾹΞ.

399 5846 500 5922 (5)
539 5843 934 5906 Ἐπισασύζῖηθ.
979 5845 1094 5900 Vox
1129 5842 1374 5900 coruunt.
1405 5841 1512 5894 ἀπὸ
1543 5840 1636 5894 τοῦ
1671 5839 1914 5910 βαύζειν,
1953 5842 2093 5910 quod
2128 5850 2206 5892 ('st
2245 5838 2464 5890 latrare.
