4060 6434
318 335 338 400 1
349 338 446 400 097

1358 332 1534 393 VITA
1580 332 1640 392 S.
1684 330 2061 392 STEPHANI
2110 327 2490 392 JUNIORIS.

3434 327 3568 390 1038

312 452 434 514 τοὺς
465 446 881 517 ἐμπιστεύουσι,
911 445 1003 500 τόν
1036 444 1144 499 ἀπὸ
1186 444 1397 515 πλάνης
1425 444 1660 509 δεδιότες
1703 445 1885 515 φόϐον,

2002 443 2427 513 quandoquidem
2460 441 2641 494 arduae
2664 439 2784 493 vita:
2814 438 3029 509 peiagus
3053 438 3301 507 trajicere
3328 440 3566 509 optabat,

311 541 409 597 καὶ
439 540 546 593 τῶν
575 538 791 612 λῃστῶν
815 539 942 601 τοὺς
970 537 1161 609 λόχους
1191 537 1536 606 ἀγωνιῶντες
1561 555 1572 566 ·
1606 537 1742 591 ἀλλὰ
1770 539 1891 599 ταῖς

310 632 609 703 λεωφόροις
675 630 1008 702 κεχρημένοι
1071 631 1168 684 σὺν
1223 629 1497 700 ἀσφαλείᾳ
1560 628 1731 700 πολλῇ
1792 628 1891 699 τὴν

313 724 684 795 προκειμένην
740 722 1056 794 ἀποδημίαν
1097 720 1375 778 ἀνύουσιν.
1444 723 1647 794 Ὀμοίῳ
1702 723 1893 795 τρόπῳ

316 818 410 871 καὶ
431 810 590 877 οὗτος
613 816 642 867 ὁ
672 813 989 884 παμμάκαρ
1010 812 1200 883 Πατὴρ
1223 813 1255 883 ἡ
1265 812 1380 880 μῶν
1405 812 1677 880 Στέφανος
1705 810 1891 880 ἐπειδὴ

313 905 489 959 τοίνυν
522 905 617 958 καὶ
651 903 888 972 πέλαγος
938 903 1054 972 βίου
1096 902 1336 973 χαλεποῦ
1371 902 1645 973 διαπερᾷν
1678 901 1891 973 ἤθελεν,

316 996 411 1048 καὶ
454 995 531 1057 εἰς
580 993 678 1063 τὴν
710 992 822 1046 ἄνω
854 992 1009 1045 πόλιν
1050 991 1407 1062 Ἰερουσαλὴμ
1454 991 1660 1045 ὁδεύειν
1691 990 1893 1044 ἐσπού-

313 1085 503 1149 δαζεψ
539 1083 614 1147 ὡς
652 1080 767 1137 οἷον
798 1083 1037 1155 ἀστέρας
1081 1081 1454 1151 ποδηγοῢντας
1501 1078 1651 1153 αὺτῷ
1686 1081 1893 1135 ἄνωθεν

313 1177 441 1238 τοὺς
475 1173 571 1228 τοῦ
627 1172 925 1243 θεαρέστου
982 1173 1097 1243 βίου
1146 1173 1453 1243 ὑποφήτας,
1487 1171 1704 1226 καὶτοῦ
1737 1172 1894 1241 ἁγίου

317 1266 585 1337 σπηλαίου
627 1266 683 1316 ἐν
711 1263 928 1334 διαδοχῇ
976 1263 1271 1334 οἰκήτορας
1308 1262 1489 1324 ὁσίους
1519 1263 1683 1315 πέντε
1716 1260 1895 1315 Πατέ-

317 1375 438 1430 ρας,
470 1357 597 1419 τοὺς
621 1355 730 1409 ἀπὸ
758 1354 1046 1425 Ᾱύξεντίου
1079 1354 1184 1418 ἕως
1228 1354 1481 1407 Ἰωάννου
1517 1353 1892 1424 περισκοπῶν,

316 1452 413 1504 καὶ
443 1450 517 1512 ώς
563 1448 684 1501 ὀδόν
728 1463 853 1501 τινα
882 1446 1169 1519 βασιλικὴν
1202 1447 1298 1499 καὶ
1330 1446 1627 1516 λεωφόρον,
1660 1445 1761 1513 τὴν
1792 1443 1898 1498 ὑπὸ

311 1541 521 1595 τούτων
552 1538 831 1610 τριϐεῖσαν
872 1537 1089 1606 οἴκησιν
1120 1541 1177 1590 ἐν
1207 1537 1286 1607 τῷ
1333 1536 1415 1590 νοῒ
1457 1537 1757 1607 ίχνηλατῶν
1803 1537 1898 1589 καὶ

313 1630 626 1698 ἐπιϐαίνειν
678 1628 1022 1693 σπουδάζων,
1067 1629 1321 1700 πρόσεισι
1350 1627 1429 1700 τῷ
1460 1628 1725 1700 στενωπῷ
1754 1627 1896 1681 οἰκί-

316 1743 436 1795 σκῳ
479 1727 572 1779 καὶ
622 1727 688 1796 τῇ
741 1723 989 1794 ὑπογαίῳ
1035 1723 1215 1793 πέτρᾳ
1270 1723 1464 1776 ἑαυτὸν
1502 1721 1895 1793 ἐγκαθείρξων,

313 1820 391 1888 τῷ
425 1816 738 1888 τριακοστῷ
783 1814 990 1886 πρώτῳ
1020 1816 1132 1867 ἔτει
1171 1817 1273 1885 τῆς
1302 1813 1466 1867 αὑτοῦ
1513 1813 1765 1885 ἡλικίας,
1804 1814 1897 1867 τὸν
1933 1788 1974 1846 Β

314 1910 380 1960 ἐκ
409 1908 503 1960 τοῦ
544 1908 800 1978 πέμπτου
837 1907 1265 1976 ἀνασωσάμενος
1294 1904 1453 1957 ἓκτον
1488 1905 1711 1976 κλῆρον,
1744 1905 1818 1968 ῶς
1848 1905 1903 1958 ετ

314 2018 403 2063 τις
433 2001 606 2061 εῐποι,
651 1998 749 2068 τῆς
790 1998 1053 2069 ἐξάστρου
1105 1997 1425 2068 φωταυγίας
1475 1998 1803 2068 ἀναπληρῶν
1837 1997 1899 2051 τὸ

320 2088 627 2159 ἰσάριθμον.
698 2089 808 2141 Καὶ
866 2088 930 2141 τὸ
978 2088 1279 2158 φιλήσυχον
1331 2088 1767 2159 πεπαιδευμένος
1819 2090 1898 2151 εἰς

321 2179 488 2248 ἄκρον
541 2178 779 2247 ἔμεινεν,
838 2178 1007 2247 μηδὲν
1055 2178 1115 2231 τὸ
1162 2177 1385 2231 σύνολον
1454 2178 1736 2249 κτώμενος
1802 2178 1898 2231 τοῦ

323 2269 516 2332 αἰῶνος
542 2267 759 2323 τούτου.
802 2269 1078 2339 Μελίσσης
1106 2272 1214 2341 γὰρ
1245 2271 1455 2342 τρόπῳ,
1488 2272 1651 2324 οἱονεὶ
1686 2270 1899 2340 σίμϐλῳ

320 2359 464 2426 τινὶ,
498 2363 556 2413 ὲν
584 2360 660 2430 τῷ
709 2359 961 2431 σπηλαίῳ
994 2361 1085 2414 τοῦ
1126 2361 1287 2432 ὅρους
1327 2365 1356 2415 ὁ
1391 2362 1708 2432 θαυμαστὸς
1744 2354 1901 2424 οὗτος

317 2450 599 2518 Στέφανος
631 2450 823 2504 ἐαυτὸν
853 2451 1250 2524 ἐγκαθείρξας,
1289 2454 1350 2506 τὸ
1384 2455 1482 2525 ἡδὺ
1513 2456 1605 2507 καὶ
1640 2456 1901 2524 ἁνήροτον

315 2540 421 2609 τῆς
444 2541 645 2611 ἀρετῆς
671 2541 950 2610 ἐπιμελῶς
973 2543 1260 2612 εἰργάζετο
1283 2545 1430 2614 μέλι,
1460 2545 1537 2616 τῷ
1563 2543 1904 2616 παμϐασιλεῖ

314 2632 433 2685 τῶν
465 2633 600 2687 ὅλων
641 2633 801 2688 τοῦτο
845 2634 1171 2706 προσφέρων
1210 2636 1348 2706 Θεῷ.
1384 2638 1496 2691 Καὶ
1520 2637 1664 2692 οὕτω
1691 2654 1905 2709 γυμνα-

317 2725 474 2789 σθεὶς
509 2725 682 2789 ἀδεῶς
709 2725 780 2778 τὰ
804 2725 1159 2797 αἰσθητήρια,
1189 2725 1331 2781 ὥστε
1350 2727 1463 2793 ἕξιν
1496 2731 1772 2798 γενέσθαι,
1806 2736 1902 2790 καὶ
1938 2758 1945 2764 -

316 2817 622 2888 διακρίνειν
643 2818 704 2870 τὸ
730 2818 895 2872 καλὸν
917 2820 1024 2872 ἀπὺ
1064 2818 1159 2872 τοῦ
1189 2820 1454 2891 χείρονος,
1484 2823 1685 2894 ἔμαθεν
1718 2826 1901 2896 μέντοι

319 2910 418 2963 καὶ
438 2910 769 2980 ἐργάζεσθαι
791 2911 891 2981 τὴν
911 2912 1275 2984 ἀποστολικὴν
1296 2915 1512 2987 ἐκείνην
1540 2917 1648 2971 τῶν
1668 2918 1901 2973 δικτύων

320 3002 612 3073 συρραφὴν
666 3003 762 3055 καὶ
816 3002 1116 3073 σύμπλεξιν
1155 3007 1255 3077 τῆς
1310 3006 1621 3080 ἁλιευτικῆς
1669 3010 1899 3081 τέχνης,

1994 535 2352 604 studebatque
2397 534 2447 586 in
2478 547 2768 598 supernam
2822 530 3096 585 civitatem
3138 531 3438 586 Jerusalem
3470 535 3571 587 iter

1995 626 2208 685 facere;
2238 624 2390 696 quasi
2428 623 2649 678 totidem
2681 632 2825 677 astra
2874 637 2932 677 se
2960 638 3191 691 superne
3254 624 3567 693 dirigentia,

1996 719 2123 774 vitae
2187 719 2297 772 Deo
2359 716 2570 787 placitae
2610 715 2918 783 magistros,
2941 716 3222 785 sanctique
3256 732 3451 785 specus
3503 720 3570 771 ah

1994 810 2265 866 Auxentio
2329 809 2394 863 ad
2424 807 2683 863 Joannem
2724 806 3092 862 successionis
3115 808 3554 872 ordineincolas,
3645 860 3651 869 ,

1995 904 2234 974 quinque
2258 912 2474 956 sanctos
2504 899 2695 956 Patres
2730 899 3115 965 considerans;
3140 899 3395 969 velutque
3422 902 3568 955 viam

1996 995 2230 1064 aliquam
2281 994 2484 1063 regiam
2517 1003 2571 1047 et
2616 991 2906 1062 publicam,
2940 991 3330 1047 habitationem
3366 992 3434 1046 ab
3490 994 3574 1047 eis

2002 1088 2182 1142 tritam
2213 1086 2394 1140 animo
2422 1085 2715 1153 vestigans,
2743 1098 2972 1153 eamque
3002 1083 3209 1153 ingredi
3238 1084 3473 1148 enitens,
3506 1086 3571 1138 ad
3680 1118 3702 1132 .

1997 1188 2277 1251 angustam
2305 1177 2554 1233 cellulam
2604 1177 2855 1241 accessit,
2881 1191 3048 1245 seque
3100 1177 3156 1229 in
3217 1176 3571 1230 subterranea

1999 1287 2129 1341 rupe
2147 1270 2388 1337 inclusit,
2407 1269 2582 1324 aetatis
2605 1282 2749 1323 anno
2772 1269 3052 1322 tricesimo
3071 1267 3272 1337 primo,
3289 1282 3353 1321 ex
3377 1268 3567 1337 quinta

1998 1370 2204 1416 sextam
2239 1370 2439 1414 sortem
2476 1359 2791 1420 restituens,
2819 1372 3023 1426 sexque
3070 1369 3362 1422 astrorum,
3394 1357 3439 1410 si
3484 1357 3572 1410 cui

1996 1453 2169 1521 placet
2189 1453 2391 1517 dicere,
2416 1464 2599 1518 parem
2633 1463 2856 1504 numero
2883 1448 3225 1519 splendorem
3257 1462 3571 1517 extequans.

2000 1544 2099 1599 llic
2121 1559 2249 1611 ergo
2281 1543 2591 1598 solitudinis
2627 1556 2813 1596 amore
2838 1554 3047 1595 summe
3078 1539 3315 1593 imbutus
3355 1538 3573 1599 mansit,

1999 1636 2134 1689 nihil
2184 1635 2404 1688 omnino
2477 1633 2641 1703 hujus
2702 1632 2886 1687 saeculi
2942 1630 3247 1700 possidens.
3285 1627 3489 1697 Nempe
3522 1627 3574 1679 in

2002 1725 2252 1795 spelunca
2300 1724 2500 1778 montis
2548 1722 2698 1792 quasi
2754 1721 2807 1775 in
2850 1724 3084 1792 quodam
3114 1720 3374 1785 alvcario,
3408 1719 3580 1772 instar

2001 1817 2137 1886 apis,
2165 1816 2406 1870 inclusus
2439 1813 2786 1868 admirandus
2816 1812 2983 1885 428
3043 1811 3375 1881 Stephanus,
3409 1824 3581 1863 suave

1999 1924 2053 1964 et
2084 1909 2447 1964 voluntarium
2491 1908 2597 1963 mel
2624 1908 2839 1961 virtutis
2895 1906 3186 1975 diligenter
3235 1905 3575 1968 elaborabat,

2002 2002 2239 2072 illudque
2264 2000 2370 2055 Deo
2400 2001 2774 2055 universorum
2808 1999 2936 2069 Regi
2966 1997 3249 2052 oﬁ‘erebat.
3272 1996 3363 2050 Sic
3382 2012 3577 2050 secure

2002 2093 2252 2147 sensibus
2289 2092 2626 2156 exercitatis,
2650 2101 2711 2145 ut
2761 2090 2915 2146 ﬁeret
2939 2090 3178 2156 habitus,
3211 2098 3267 2143 et
3293 2098 3500 2143 rectum
3547 2106 3575 2139 τι

2003 2183 2270 2237 deteriore
2306 2184 2662 2248 discerneret,
2694 2183 2828 2236 retia
2870 2195 3085 2251 quoque
3114 2194 3265 2234 more
3301 2180 3575 2249 apOStoln-

2005 2289 2122 2326 runt
2153 2274 2506 2327 connectendi
2529 2282 2583 2327 et
2608 2272 2954 2333 contexendi,
2980 2279 3142 2339 atque
3172 2271 3335 2325 etiam
3360 2269 3578 2337 elegan-

2005 2373 2087 2420 ter
2134 2366 2405 2420 scribendi
2457 2373 2630 2419 artem
2663 2365 2868 2424 didicit,
2899 2373 2957 2416 ut
3012 2376 3079 2417 ne
3108 2363 3267 2415 alicui
3301 2361 3480 2431 gravis
3524 2371 3580 2414 ct

2006 2462 2264 2513 molestus
2287 2467 2449 2520 esset,
2481 2457 2574 2511 scd
2599 2457 2775 2524 potius
2804 2470 2835 2509 e
2862 2453 3098 2524 propriis
3129 2451 3409 2507 laboribus
3435 2450 3565 2504 indi-

2006 2551 2149 2619 genti
2184 2549 2490 2619 largiretur.
2519 2548 2810 2618 Postquam
2834 2562 2963 2617 ergo
2987 2548 3064 2601 sic
3099 2560 3159 2599 se
3184 2544 3330 2598 omni
3356 2553 3573 2598 terrena

2008 2642 2371 2697 sollicitudine
2399 2640 2743 2709 expediissel,
2772 2639 2823 2692 id
2843 2653 3006 2691 unum
3040 2652 3187 2691 cum
3233 2635 3422 2689 habuit
3445 2648 3584 2703 quo-

2006 2733 2168 2787 modo
2196 2731 2247 2784 in
2277 2730 2610 2785 orationibus
2627 2739 2682 2785 et
2702 2728 2921 2797 jejuniis
2945 2727 3056 2783 Deo
3086 2727 3341 2797 placeret.
3373 2726 3585 2779 Idcirco

2007 2825 2184 2880 omnis
2233 2824 2449 2878 virtutis
2498 2824 2795 2888 studiosus,
2839 2818 3127 2875 affectuum
3185 2819 3391 2888 spinas,
3425 2833 3577 2870 more

2007 2916 2195 2985 optimi
2239 2913 2510 2986 agricola;
2546 2914 2807 2968 radicitus
2854 2911 3172 2980 amputavit,
3231 2909 3585 2979 Cogitationes

2006 3011 2294 3070 destructis,
2327 3016 2377 3060 et
2433 3022 2638 3059 omnem
2674 3005 3008 3059 altitudinem
3054 3001 3386 3057 extollentem
3418 3006 3586 3055 sead-

316 3092 381 3145 οὐ
417 3092 526 3163 μὴν
565 3092 706 3145 ἀλλὰ
740 3093 837 3147 καὶ
861 3093 959 3165 τὴν
990 3095 1452 3167 καλλιγραφικὴν,
1477 3098 1646 3152 διὰτὸ
1675 3101 1751 3170 μὴ
1777 3103 1901 3154 ἐπι-

2007 3117 2182 3153 rersus
2237 3100 2508 3153 scientiam
2554 3099 2650 3152 Dei
2691 3099 2757 3169 ιι,
2794 3096 3164 3166 propheticam
3203 3095 3348 3148 illam
3393 3109 3583 3148 vocem

317 3183 564 3254 σαρῆσαί
595 3202 738 3250 τινα,
768 3186 905 3239 ἀλλά
939 3188 1143 3258 μᾶλλον
1171 3189 1236 3241 ἐκ
1260 3190 1367 3242 τῶν
1393 3191 1538 3244 ἰδίων
1570 3192 1755 3244 κόπων
1778 3196 1898 3245 ἐπι-

314 3275 526 3330 διδόναι
550 3277 630 3349 τῷ
658 3280 846 3350 χρείαν
870 3279 1065 3351 ἔχοντι.
1099 3284 1289 3353 Πάσης
1316 3282 1374 3335 δὲ
1403 3285 1599 3354 γηῒνης
1624 3284 1904 3354 φροντίδος

2008 3193 2257 3261 impleus,
2311 3204 2428 3259 qutc
2483 3191 2559 3242 ait
2596 3207 2611 3243 :
2647 3187 2851 3242 Novate
2901 3187 3041 3240 vobis
3098 3186 3306 3239 novalia
3339 3195 3386 3239 et
3422 3183 3584 3238 nolite

2013 3300 2182 3337 serere
2210 3299 2366 3350 super
2381 3284 2561 3351 spinas
2597 3280 2664 3334 ⁸⁸.

317 3372 519 3427 ἐαυτὸν
567 3374 978 3445 ἐλευθερώσας,
1028 3376 1159 3447 μίαν
1188 3377 1316 3448 ἔσχε
1359 3380 1652 3448 φροντίδα,
1709 3380 1770 3433 τὸ
1814 3380 1930 3442 πῶς
1996 3379 2167 3450 ἀρέσῃ
2232 3378 2309 3447 τῷ
2354 3377 2473 3448 Θεῷ
2523 3379 2581 3430 ἐν
2650 3378 2985 3448 προσευχαῖς
3027 3376 3125 3431 καὶ
3162 3373 3464 3444 νηστείαις.
3504 3373 3583 3425 Οὐ

321 3469 435 3541 μὴν
483 3467 623 3522 ἀλλὰ
665 3469 761 3521 καὶ
824 3471 1007 3539 πάσης
1053 3472 1251 3542 ἀρετῆς
1312 3472 1773 3543 ἐπιμελούμενος,
1826 3473 1902 3539 ὡς
1940 3474 2182 3543 γεωργός
2240 3489 2324 3536 τις
2361 3472 2615 3541 ἄριστος,
2659 3469 2992 3540 προρρίζους
3034 3468 3289 3537 ἐξέτεμεν
3334 3465 3441 3517 τῶν
3476 3480 3586 3516 πα·-

319 3559 436 3612 θῶν
470 3559 567 3622 τὰς
596 3559 870 3624 ἀκάνθας,
918 3560 1260 3629 Λογισμοὺς
1304 3561 1605 3630 καθαιρῶν
1645 3562 1747 3616 καὶ
1778 3561 1900 3616 πᾶν
1937 3562 2155 3632 ὕψωμα
2205 3561 2601 3631 ἐπαιρόμενον
2657 3560 2811 3614 κατὰ
2836 3559 2946 3629 τῆς
2978 3557 3252 3629 γνώσεως
3272 3557 3379 3617 τοῦ
3410 3557 3587 3617 Θεοῦ,

330 3653 589 3723 ’ἐκείνην
618 3653 715 3724 τὴν
757 3655 1104 3725 προφητικὴν
1129 3655 1354 3728 πληρῶν
1380 3658 1567 3728 φωνὴν
1588 3658 1689 3728 τὴν
1755 3657 2023 3726 λέγουσαν
2044 3672 2059 3685 ·
2122 3656 2405 3712 Νεώσατε
2469 3655 2708 3723 ἑαυτοῖς
2738 3654 3030 3726 νεώματα,
3062 3655 3163 3713 καί
3184 3654 3271 3725 μὴ
3295 3656 3590 3723 σπείρητε

319 3747 417 3801 ἐπ’
450 3745 759 3812 ἀκάνθαις.

403 3839 498 3893 Ἐν
548 3839 605 3892 δὲ
644 3841 760 3901 τοῖς
804 3836 1120 3910 θεαρέστοις
1159 3841 1365 3903 τούτοις
1412 3829 1756 3911 ἅσκουμένου
1813 3840 1901 3894 τοῦ

2086 3838 2218 3893 Dum
2273 3836 2330 3893 in
2399 3839 2768 3910 hujuscemodi
2817 3839 2979 3894 rebus
3032 3838 3141 3893 Deo
3180 3839 3419 3907 acceptis
3468 3852 3592 3894 Sese

318 3933 708 4005 παμμάκαρος
738 3930 954 3996 τούτου,
1001 3933 1170 3986 πᾶσιν
1211 3932 1462 3986 ἐντεῦθεν
1492 3933 1699 4002 γίνεται
1739 3936 1901 3989 κατά-

2010 3939 2228 3987 exercet
2256 3931 2605 3987 beatissimus
2625 3931 2954 4001 Stephanus,
2988 3933 3197 3986 cunctis
3231 3930 3431 3985 [itinde
3469 3946 3590 3984 ina-

316 4024 511 4096 δηλος.
567 4022 793 4093 Ἀληθὲς
830 4022 940 4094 γὰρ
979 4023 1041 4076 τὸ
1072 4023 1149 4093 μὴ
1172 4022 1431 4079 δύνασθαι
1457 4025 1610 4079 πόλιν
1637 4026 1901 4096 κρυϐῆναι

2008 4021 2465 4089 nifestus.Verum
2482 4024 2626 4077 enim
2642 4030 2841 4078 estnon
2862 4036 3021 4091 posse
3037 4022 3295 4077 abscondi
3311 4021 3589 4076 civitatem

317 4117 512 4170 ἐπάνω
543 4115 705 4186 δρους
748 4114 1033 4185 κειμένην.
1068 4115 1134 4168 Τί
1171 4116 1229 4169 δὲ
1256 4117 1322 4171 ἐκ
1342 4118 1443 4188 τῆς
1479 4118 1710 4190 ἀρίστης
1740 4119 1901 4175 αὐτοῦ

2008 4129 2168 4184 supra
2201 4112 2436 4169 montem
2466 4114 2694 4183 positam
2722 4114 2789 4166 ⁸⁸.
2832 4113 2975 4179 Quid
2998 4127 3130 4184 ergo
3157 4127 3219 4167 ex
3248 4113 3592 4183 praestantis-

319 4206 617 4278 ωμὸαίνει
646 4206 960 4274 πολιτείας.;
990 4205 1185 4261 Πολλοὶ
1221 4207 1299 4279 τῷ
1325 4209 1455 4281 θείῳ
1477 4208 1624 4282 ζήλῳ
1651 4211 1741 4264 τοῦ
1766 4213 1901 4283 Χρι-

2013 4205 2288 4259 simovitze
2312 4204 3146 4260 illiusinstituto‘accidit?Multi
3178 4204 3360 4260 divino
3383 4205 3590 4259 Christi

318 4300 456 4354 στοῦ
492 4297 837 4370 πυρωθέντες
881 4298 1333 4369 προστρέχουσιν,
1383 4302 1479 4355 καὶ
1519 4304 1636 4373 μετ’
1686 4303 1901 4357 αὐτούς

2016 4296 2131 4350 zelo
2158 4296 2362 4351 incensl
2394 4305 2684 4351 accurrunt
2714 4295 2881 4369 429
2897 4292 3129 4369 eumque
3161 4309 3356 4368 rogant
3397 4310 3455 4353 ut
3502 4301 3589 4370 ip-

321 4392 702 4459 συνοικήσεως
730 4390 1098 4444 ἀντιϐολοῦσι
1151 4393 1352 4461 τυχεῖν,
1411 4392 1506 4445 καὶ
1571 4393 1764 4464 ὁδηγὸν
1811 4394 1901 4448 τοῦ

2012 4389 2089 4444 sis
2114 4403 2297 4444 secum
2335 4394 2662 4445 commorari
2687 4393 2972 4454 concedat,
2997 4404 3166 4461 seque
3213 4393 3404 4447 ducem
3450 4407 3591 4461 pra:-

318 4481 473 4537 κατά
498 4481 632 4536 Θεὸν
667 4481 783 4552 βίου
820 4481 1074 4551 γενέσθαι
1106 4482 1271 4538 αὐτὸν
1306 4483 1660 4541 ἱκετεύουσιν.
1696 4486 1807 4539 Καὶ
1838 4486 1901 4557 δὴ

2008 4483 2134 4537 beat
2174 4483 2316 4548 vitm,
2350 4498 2471 4553 quae
2518 4484 2813 4539 secundum
2851 4483 3020 4538 Deum
3077 4495 3193 4552 est;
3225 4496 3387 4556 atque
3437 4486 3588 4541 illunt

321 4573 485 4645 μόλις
514 4574 633 4643 μὲν,
669 4571 920 4627 πείθουσι
952 4573 1009 4627 δὲ
1047 4573 1218 4644 ὅμως.
1264 4573 1546 4638 Ἐϐιάζετο
1574 4575 1683 4644 γὰρ
1711 4576 1901 4632 τοῦτον

2007 4575 2098 4630 vix
2133 4565 2372 4644 quidem,
2415 4576 2743 4644 persuadent
2787 4586 2989 4631 tamen.
3024 4575 3229 4650 Nempe
3271 4596 3393 4633 eum
3435 4583 3501 4634 ad
3536 4583 3590 4634 id

319 4669 438 4729 τοῖς
467 4666 602 4719 πᾶσι
632 4666 812 4720 πάντα
841 4665 1160 4736 γενόμενος,
1192 4666 1290 4721 καὶ
1315 4667 1390 4738 μὴ
1422 4667 1489 4721 τά
1515 4667 1710 4721 ἑαυτοῦ
1743 4669 1901 4739 μόνον

2007 4667 2236 4738 cogebat
2260 4668 2350 4721 ille
2393 4669 2483 4736 qui
2512 4670 2766 4725 omnibus
2826 4670 3006 4724 omnia
3037 4670 3216 4725 factus
3245 4683 3350 4737 cst,
3388 4675 3593 4744 quique

321 4758 555 4811 σκοπεῖν
602 4758 834 4812 ἕκαστον
876 4758 1166 4825 διδάσκων,
1196 4758 1334 4813 ἀλλά
1372 4758 1467 4812 καὶ
1507 4759 1577 4813 τὰ
1603 4758 1716 4813 τῶν
1765 4759 1904 4831 πλη-

320 4849 463 4904 σίων
488 4848 796 4920 ἐπιζητεῖν,
833 4848 921 4904 ἵνα
952 4849 1231 4904 σωθῶσιν
1263 4849 1418 4904 ἐνθεν
1449 4850 1507 4904 δὲ
1539 4851 1643 4915 ἕως
1677 4851 1899 4905 δυοκαίη

317 4942 461 4996 δεκα
511 4941 650 5005 τέως
692 4943 785 4994 τὸν
818 4940 1057 5012 ἀριθμὸν
1123 4940 1346 5011 ἀδελφοὶ
1374 4943 1534 5013 ,πρὸς
1564 4942 1725 4997 αὐτὸν
1757 4942 1906 5011 ἐφοί-

318 5051 521 5106 τησαν,
557 5034 652 5099 οὓς
689 5034 1067 5105 εὐαγγελικῶς
1113 5034 1513 5106 κελευόμενος,
1547 5036 1629 5089 ὅτι
1674 5035 1786 5090 Τὸν
1809 5036 1904 5106 ἐρ·

321 5127 592 5197 χύμενον
636 5127 789 5197 πρός
820 5145 919 5198 με,
970 5128 1043 5181 οὐ
1096 5127 1184 5198 μὴ
1215 5127 1451 5182 ἐκϐάλω
1498 5127 1636 5194 ἔξω,
1690 5127 1910 5199 δέχεται

321 5219 554 5284 τούτους
612 5221 1023 5291 ἀσμενέστατα’
1088 5217 1201 5285 οἶος
1273 5221 1635 5294 παιδοτρίϐης
1721 5222 1906 5288 καλὸς,

2010 4763 2184 4827 docet,
2219 4777 2324 4816 non
2373 4770 2581 4816 tantum
2644 4777 2763 4833 qua:
2812 4780 2908 4819 sua
2957 4774 3102 4830 sunt,
3148 4781 3594 4838 unumquemque

2010 4869 2255 4924 quaerere
2299 4856 2631 4920 deberc,sed
2689 4859 2853 4912 etiam
2904 4874 3026 4929 quae
3062 4869 3189 4915 sunt
3229 4863 3487 4931 proximi,
3536 4874 3595 4915 ut

2011 4948 2238 5002 salutem
2300 4962 2703 5020 consequantur
2726 4950 2955 5007 ".Hinc
3024 4954 3306 5008 duodecim
3363 4969 3595 5008 numero

2014 5038 2209 5093 fratres
2226 5040 2373 5094 illum
2398 5052 2790 5110 convenerunt,
2818 5059 2956 5113 quos
2986 5043 3344 5099 libentissime
3362 5046 3589 5112 recepit,

2009 5132 2232 5202 jubente
2261 5134 2570 5204 evangelica
2596 5150 2729 5189 voce
2757 5152 2772 5191 :
2810 5136 2946 5190 Eum
2968 5137 3059 5205 qui
3085 5137 3217 5191 venit
3258 5140 3327 5189 ad
3355 5151 3455 5193 me.
3486 5152 3590 5189 non

2011 5225 2224 5285 eiiciam
2240 5224 2386 5294 [oras
2408 5225 2453 5258 ⁸³
2474 5244 2485 5280 :
2508 5228 2900 5297 cosquc,vc|nti
2921 5230 3181 5297 [νεικείω
3213 5228 3467 5297 magister
3492 5243 3589 5295 ρος

325 5313 467 5385 πρὸς
513 5313 641 5376 τοὺς
683 5314 783 5385 τῆς
834 5316 1125 5386 ἀσκήσεως
1170 5315 1479 5385 ἐπαλείφων
1524 5315 1763 5384 ἀγῶνοις.
1803 5316 1901 5368 Καὶ

2016 5317 2170 5383 ritus,
2198 5319 2264 5371 ad
2294 5321 2559 5375 asceticos
2602 5321 2814 5375 labores
2839 5322 3151 5378 subeundos
3178 5322 3432 5388 tingebat.
3485 5319 3591 5372 Ita-

397 5472 441 5505 ι’
462 5466 521 5523 Η.
549 5468 677 5525 Cor.
709 5486 765 5534 κ,
806 5470 980 5539 4,5.³⁰
1014 5468 1218 5525 Jercm.
1254 5486 1328 5536 tv,
1359 5472 1413 5525 3.
1503 5469 1544 5501 "
1574 5471 1761 5525 Matth.
1789 5485 1819 5520 ν
1846 5510 1860 5536 ,
1889 5471 1901 5523 1

2053 5469 2145 5523 ηι
2212 5470 2340 5528 Cor.
2392 5473 2560 5541 κει.
2640 5472 2686 5505 ³³
2721 5471 2876 5529 Joan.
2916 5490 2991 5539 Vl,
3020 5476 3105 5530 '57.

1592 5623 1822 5679 νΛῐῖίίΕ
1863 5622 2268 5679 LECTIONES.

408 5750 440 5791 1
470 5742 536 5796 al.
572 5745 691 5813 μετ’
730 5743 914 5796 αὐτόν.

650 5839 922 5899 ΡΑΤιιοι..
970 5839 1091 5901 Gn.
1133 5837 1207 5897 C.
3200 5834 3280 5896 35
