4060 6436
533 335 668 401 1099

1729 331 2101 392 STEPHANI
2147 329 2458 392 DIACONI
2497 331 2607 392 ΟΡ.

3640 329 3761 395 1100

529 464 634 519 que
666 445 841 516 primo
867 442 1136 498 Marinum
1167 441 1410 510 admisit,
1441 439 1618 495 virum
1656 441 1814 498 bonis
1843 454 1898 496 et
1931 443 2095 512 aequis

2206 440 2400 514 πρῶτα
2457 441 2558 510 μὲν
2610 438 2828 504 ἐδέξατο
2880 439 3144 510 Μαρῖνον,
3193 439 3367 510 ἄνδρα
3403 437 3522 492 τινὰ
3545 443 3763 510 χρηστὸν

531 541 775 596 moribus
802 555 816 591 :
848 535 1044 591 deinde
1071 533 1334 590 Joannem
1383 552 1396 588 :
1430 542 1617 604 postea
1664 534 2004 602 Zachariam,
2029 535 2106 590 vi-

531 648 676 694 rum,
711 638 769 684 ut
828 642 958 683 vere
1013 626 1227 697 loquar,
1259 625 1562 696 spiritalem
1617 626 1756 680 viam
1809 625 2100 682 eruditum.

533 727 679 778 lnter
738 721 838 776 hos
875 725 1034 776 erant
1064 733 1284 789 quoque
1328 717 1776 786 Christophorus,
1815 732 2019 787 parque
2072 732 2102 771 a

529 816 730 870 Sataua
783 813 924 868 clam
988 825 1226 865 morsum
1298 808 1583 881 (Sergium
1644 816 1700 864 et
1767 793 2101 878 Stephanum

529 905 763 972 dieo,ex
822 901 917 958 Dei
968 901 1139 957 servis
1197 900 1466 970 mancipia
1520 897 1760 970 Tyranni
1816 899 2006 964 factos,
2039 901 2104 956 de

530 995 728 1064 quibus
788 993 973 1062 infra).
999 993 1102 1046 Alii
1129 991 1253 1046 item
1310 1005 1538 1046 numero
1563 1007 1681 1056 sex,
1710 1007 1938 1062 quorum
2001 1008 2102 1047 no-

529 1085 755 1155 minain
807 1084 946 1138 libro
1000 1084 1122 1137 vitae
1166 1083 1370 1153 scripta
1391 1092 1535 1137 sunt.
1571 1083 1655 1137 Ab
1691 1082 1774 1137 his
1806 1096 1958 1137 mons
2014 1081 2102 1136 ille

528 1178 705 1231 instar
730 1175 882 1230 urbis
913 1173 1136 1230 effectus
1158 1183 1262 1239 est,
1280 1174 1590 1244 egregiique
1615 1173 1844 1229 cmuobii
1875 1173 2100 1227 formam

527 1279 581 1323 et
608 1270 955 1325 sanctitatem
987 1265 1498 1338 recepit.0mnibus
1529 1267 1693 1334 enim,
1723 1277 1780 1320 ut
1803 1269 1876 1320 ita
1903 1266 2100 1332 dicam,

527 1360 876 1425 necessariis,
912 1357 1008 1413 Dei
1063 1358 1390 1412 liberalitate
1428 1368 1481 1412 et
1529 1359 1700 1412 sancti
1737 1359 1984 1428 precibus
2012 1373 2104 1412 cu-

529 1449 731 1505 mulate
757 1449 984 1519 paratis,
1012 1462 1207 1518 nempe
1237 1447 1575 1514 coemeterio,
1613 1448 1840 1519 aliisque
1859 1448 2104 1503 aediliciis

526 1541 691 1613 530
721 1550 776 1596 et
805 1540 984 1606 rebus,
1016 1540 1211 1608 quibus
1239 1555 1376 1610 opus
1407 1547 1525 1594 erat
1549 1579 1564 1603 ,
1603 1542 1909 1596 coenobium
1975 1541 2102 1595 reli-

530 1633 897 1706 giosissimum
929 1637 1200 1687 conditum
1234 1642 1337 1697 est,
1371 1631 1546 1687 sancti
1583 1633 1836 1688 Auxentii
1885 1635 2104 1689 nomine

529 1727 892 1795 insignitum:
936 1723 1078 1793 quod
1131 1723 1345 1794 quidem
1410 1722 1605 1792 impius
1664 1733 1950 1794 tyrannus,
2003 1727 2102 1780 lto-

2205 529 2300 583 καὶ
2327 529 2547 598 ἐπιεικῆ
2588 529 2678 582 τὸν
2709 529 2910 602 τρόπον
2934 544 2947 557 ’
3002 526 3103 583 εἷθ’
3152 529 3323 592 οὕτως
3367 527 3614 599 Ἰωάννην
3636 545 3647 558 ·
3679 535 3765 584 καὶ

2209 623 2328 692 μετ’
2377 621 2540 674 αὐτὸν
2574 623 2870 694 Ζαχαρίαν,
2900 621 2975 686 ὡς
3019 620 3237 692 άληθῶς
3267 623 3466 686 είπεῖν,
3497 622 3764 692 ἄνθρωπον

2203 711 2305 784 τὴν
2351 712 2730 784 πνευματικὴν
2777 712 2896 767 ὁδὸν
2927 712 3344 782 σεσοφισμένον.
3403 713 3495 767 Ἐν
3549 707 3628 773 οἷς
3680 715 3767 767 καὶ

2205 804 2578 875 Χριστοφόρον
2631 804 2727 858 καὶ⁵
2768 803 2868 875 τὴν
2910 803 3276 874 λαθρόδηκτον
3311 802 3408 856 τοῦ
3447 805 3622 856 Σατάν
3655 804 3765 868 ξυν-

2203 897 2374 968 ωρίδα
2410 896 2668 968 (Σέργιόν
2719 912 2864 965 φημι
2907 896 3002 949 καὶ
3037 895 3341 962 Στέφανον,
3383 897 3510 956 τούς
3543 896 3606 948 ἐκ
3643 895 3765 947 Θεοῦ

2206 987 2310 1040 ὑπὸ
2357 987 2450 1040 τοῦ
2508 987 2773 1058 τυράννου
2832 985 3457 1058 ἐξανδραποδισθέντας,
3528 987 3652 1056 περὶ
3701 981 3766 1041 ὧν

2209 1079 2503 1150 μετέπειτα
2538 1079 2908 1150 διηγήσομαι)
2931 1095 2945 1110 ⁸
2979 1079 3076 1132 καὶ
3120 1078 3313 1142 ἄλλους
3345 1079 3403 1132 δὲ
3430 1078 3518 1132 τὸν
3549 1079 3767 1149 ἀριθμὸν

2205 1167 2288 1236 ἐξ,
2323 1163 2398 1223 ὧν
2423 1171 2492 1224 τὰ
2540 1169 2783 1240 ὀνόματα
2818 1173 2874 1225 ἐν
2924 1169 3094 1240 βίϐλῳ
3125 1170 3290 1241 ζωῆς.
3328 1171 3439 1224 Καὶ
3485 1172 3543 1224 ἐν
3570 1172 3766 1236 τούτοις

2205 1262 2469 1335 ὲπολίσθη
2503 1263 2563 1316 τὸ
2605 1263 2758 1334 ὅρος,
2813 1263 2913 1317 καὶ
2957 1263 3226 1317 κοινοὸίου
3261 1263 3580 1332 θαυμαστοῦ
3613 1264 3767 1316 τύπον

2205 1355 2300 1408 καὶ
2329 1355 2625 1423 ἀγιαστίαν
2652 1353 2904 1419 ἐδέξατο·
2952 1355 3194 1417 πάντων,
3227 1354 3302 1416 ὡς
3329 1355 3530 1416 εἰπεῖν,
3564 1355 3669 1406 τῶν
3697 1359 3767 1419 είς

2206 1448 2395 1519 χρείαν
2446 1448 2580 1502 Θεοῦ
2629 1449 2900 1522 χορηγία,
2948 1448 3044 1502 καὶ
3102 1450 3224 1512 ταῖς
3267 1448 3362 1502 τοῦ
3405 1449 3555 1502 ὁσίου
3596 1452 3766 1520 εὐχαῖς

2204 1538 2513 1602 ἀνελλιπῶς
2559 1538 3061 1608 εὐτρεπισθέντων,
3139 1540 3506 1610 κοιμητηρίου
3533 1551 3554 1578 τ
3588 1559 3642 1594 τε
3685 1545 3766 1595 καὶ

2205 1627 2412 1700 ἐτέρων
2449 1628 2724 1700 χρειωδῶν
2754 1629 2938 1695 οἴκων,
2989 1630 3088 1683 καὶ
3131 1630 3240 1684 τῶν
3288 1633 3348 1683 ἐν
3396 1633 3582 1696 αὐτοῖς
3610 1635 3763 1701 ἀναγ-

2205 1719 2396 1773 καίων.
2450 1718 2732 1774 Κοινόὸιόν
2782 1736 2842 1773 τε
2905 1720 3242 1784 πανευσεϐἐς
3292 1723 3629 1794 συνεστάθη,
3681 1725 3763 1778 τοῦ

526 1819 632 1871 stili
652 1832 776 1887 erga
792 1824 1038 1870 sanctum
1057 1814 1260 1882 animo,
1280 1815 1609 1869 monasterio
1625 1830 1833 1881 everso,
1850 1817 2095 1872 Auxentii

2207 1809 2360 1878 ἁγίου
2393 1821 2412 1848 ι
2461 1809 2750 1875 Αὐξεντίου
2799 1811 2964 1881 φέρον
3012 1812 3113 1882 τὴν
3147 1812 3376 1882 κλῆσιν·
3423 1815 3560 1885 ὅπερ
3589 1817 3617 1868 ὁ
3655 1834 3758 1886 μισο

528 1909 716 1963 celletn
754 1907 1108 1976 nuncupavit,
1149 1907 1292 1977 quod
1320 1915 1374 1962 et
1408 1907 1473 1960 ad
1504 1908 1644 1960 hanc
1678 1907 1820 1961 diem
1881 1909 1946 1960 ab
1979 1909 2097 1976 ejus

525 2001 838 2074 symmystis
869 1999 1172 2055 dictitatur.
1198 1997 1464 2054 Deceuler
1493 1998 1654 2070 igitur
1680 2008 1958 2053 exstructo
1986 2015 2098 2054 caa-

525 2093 708 2156 nubio,
758 2091 1026 2146 sermonis
1083 2089 1375 2144 anehoram
1435 2098 1652 2145 sanctus
1702 2089 1863 2144 Pater
1915 2101 2100 2144 noster

525 2182 833 2248 Stephanus
871 2178 1063 2243 tenuit,
1101 2177 1193 2248 qui
1225 2192 1255 2233 e
1284 2177 1543 2248 spelunca
1601 2177 1862 2232 divinitus
1881 2177 2098 2233 condita

521 2283 850 2330 conventum
875 2271 1025 2326 hisee
1077 2269 1549 2326 exhortationibus
1579 2269 1913 2325 illuminabat
1954 2289 1968 2324 :
2011 2271 2099 2325 Fi-

522 2365 658 2430 lioli,
695 2363 955 2417 attendite
981 2361 1244 2415 vobismet
1271 2361 1406 2430 ipsis
1435 2361 1826 2430 auimabusque
1859 2360 2053 2415 vestris
2079 2378 2093 2425 ;

520 2467 576 2509 et
600 2456 816 2521 timore,
841 2454 931 2522 qui
968 2469 996 2506 a
1039 2452 1376 2506 tlaamonibus
1407 2451 1716 2506 animarum
1748 2452 2089 2521 corruptori-

522 2552 621 2601 bus
660 2546 858 2609 oritur,
885 2556 940 2599 et
971 2543 1189 2615 pigritia
1221 2543 1506 2614 depositis,
1554 2544 1715 2598 Deum
1751 2543 1978 2596 multum
2005 2542 2088 2596 di-

521 2641 694 2712 ligite.
757 2637 1036 2706 Siquidem
1090 2645 1332 2690 nostrum
1361 2635 1414 2690 in
1462 2635 1610 2688 illutn
1666 2619 1907 2687 antorem
1983 2651 2088 2688 nun

522 2732 764 2787 materia:
793 2727 1098 2783 dill‘erentia
1118 2726 1203 2781 vel
1229 2742 1518 2796 perversus
1548 2730 1732 2790 timor,
1754 2728 1846 2780 sed
1871 2725 2096 2781 aﬂecws

521 2822 836 2895 magnitudo
877 2820 1244 2884 commendat,
1285 2833 1405 2888 qua:
1440 2818 1520 2874 vel
1572 2821 1625 2874 in
1680 2819 1860 2889 parvis
1899 2829 2094 2873 vestrae

519 2912 925 2971 exercitationis
995 2909 1312 2964 muneribus
1389 2909 1554 2964 animi
1634 2908 2090 2978 magniﬁcentiam

517 3005 775 3062 declarat.
804 3002 1066 3057 Similiter
1097 3001 1316 3055 tristitia
1339 3009 1393 3056 et
1418 3015 1651 3056 maerore
1681 3001 1869 3070 procul
1901 3017 2091 3054 amau-

519 3099 678 3161 tlatis,
716 3096 873 3150 hilari
929 3095 1112 3148 animo
1163 3093 1231 3147 ad
1289 3091 1460 3146 Deum
1497 3091 1761 3157 accedite,
1783 3091 1912 3146 illud
1971 3091 2093 3145 Pro-

518 3192 689 3259 pheta:
707 3198 922 3240 cannea
954 3183 1171 3238 assidue
1201 3182 1255 3236 in
1287 3190 1466 3237 mente
1493 3191 1806 3237 versantes:
1841 3180 1974 3234 Mihi
1994 3196 2091 3234 au-

517 3296 616 3334 tem
639 3280 909 3334 adhmrere
938 3275 1045 3330 Deo
1072 3275 1263 3328 bonum
1293 3283 1392 3339 est,
1420 3289 1610 3344 ponere
1629 3275 1682 3326 in
1699 3272 1925 3328 Domino
1951 3290 2093 3341 spem

520 3388 687 3426 meum
717 3370 780 3423 “.
811 3368 1087 3438 Siquidem
1146 3380 1268 3437 spes
1301 3365 1383 3420 vel
1432 3366 1643 3422 somnio
1686 3365 1942 3428 iudicata,
1985 3379 2090 3418 non

521 3467 699 3520 minus
747 3475 908 3532 quam
960 3459 1164 3515 veritas
1207 3457 1423 3512 nutrit:
1461 3456 1590 3511 dum
1635 3464 1938 3512 extremam
1993 3455 2093 3511 de-

521 3557 886 3630 sperationem
980 3549 1387 3622 exspectatione
1437 3550 1670 3620 repellit,
1721 3560 1776 3604 et
1824 3548 2094 3604 facultatis

523 3651 838 3719 languorem
868 3645 1027 3718 431
1088 3645 1202 3715 spei
1230 3659 1390 3702 manu
1425 3645 1608 3711 erigit.
1643 3645 1713 3698 At
1767 3657 1897 3698 vero
1928 3643 2092 3698 tristi-

527 3743 596 3797 tia
624 3749 680 3796 et
712 3751 916 3793 maror
945 3736 1110 3791 etiam
1141 3736 1284 3800 illos,
1315 3735 1407 3805 qui
1445 3735 1497 3788 in
1561 3734 1964 3789 calamitatibus
2009 3747 2093 3787 sa-

521 3849 647 3900 pere
667 3830 938 3894 nituntur,
979 3828 1044 3882 ad
1069 3825 1358 3882 maledicta
1397 3825 1746 3896 compellunt.
1779 3826 1973 3905 Verum
2003 3840 2095 3879 vc-

522 3926 666 3979 niam
723 3921 888 3977 habet
937 3919 1162 3975 aﬂ‘ectus
1211 3919 1489 3990 Iyranniee
1539 3933 1726 3988 agens,
1779 3927 1834 3973 et
1889 3932 2092 3988 aegrum

521 4013 882 4070 accidentium
941 4009 1309 4080 magnitudine
1380 4008 1604 4063 forsitan
1666 4008 1866 4064 victum
1923 4007 2092 4062 multa

526 4113 718 4156 contra
765 4109 997 4155 mentem
1039 4097 1186 4166 loqui
1214 4111 1431 4168 cogens.
1468 4096 1603 4154 Cum
1653 4111 1783 4168 ergo
1833 4096 2094 4154 violento-

523 4209 638 4247 rum
681 4202 764 4248 est
807 4205 1034 4260 regnum
1058 4188 1340 4256 calorum,
1364 4188 1518 4258 juxta
1567 4202 1750 4243 vocem
1787 4188 2019 4255 Domini,
2043 4198 2092 4244 et

519 4284 739 4340 violenti
788 4283 997 4352 rapiunt
1029 4282 1160 4334 illud
1185 4280 1252 4350 ³⁵,
1281 4280 1395 4350 pari
1457 4285 1617 4337 modo
1642 4290 1696 4336 et
1726 4296 1845 4348 nos,
1872 4280 2088 4348 fratres,

420 4388 430 4421 ε
515 4374 672 4443 juxta
707 4388 958 4440 magnum
1011 4379 1065 4424 et
1095 4371 1334 4425 divinum
1396 4370 1803 4440 praedicatorem
1840 4371 2088 4438 Paulum,

2202 1900 2356 1967 άγιος
2403 1899 2667 1970 τύραννος
2723 1901 3013 1971 ἐχθρωδῶς
3060 1902 3194 1974 πρὸς
3233 1903 3326 1955 τὸν
3381 1903 3539 1972 ἆγιον
3573 1906 3763 1959 διακεί-

2205 2009 2385 2062 μενος,
2416 1992 2515 2062 τὴν
2550 1991 2720 2063 μονὴν
2765 1993 3095 2060 ἐκδαφίσας,
3127 1993 3421 2059 Αὐξεντίου
3471 1997 3559 2049 τὸν
3595 1998 3764 2067 βουνὸν

2200 2085 2554 2154 ἐπωνόμασεν
2580 2101 2595 2116 ·
2656 2085 2685 2138 ὃ
2723 2085 2817 2140 καὶ
2853 2084 3073 2154 λέγεται
3104 2087 3254 2158 παρά
3295 2088 3407 2142 τῶν
3445 2089 3606 2143 αὐτοῦ
3640 2107 3762 2159 συμ-

2202 2175 2418 2245 μυστῶν
2465 2175 2572 2240 ἕως
2622 2177 2722 2247 τῆς
2773 2177 3037 2248 σήμερον.
3086 2175 3200 2248 Τῆς
3251 2174 3346 2232 οὖν
3383 2181 3480 2234 τοῦ
3512 2183 3761 2236 κοινοϐἔου

2198 2269 2493 2339 εὐπρεπῶς
2521 2269 2924 2339 ἐνιδρυνθείσης
2955 2272 3218 2337 στάσεως,
3250 2271 3500 2344 ὑπῆρχεν
3537 2276 3564 2327 6
3592 2275 3761 2344 Πατὶπρ

2199 2361 2230 2430 ἡ
2241 2361 2354 2429 μῶν
2386 2360 2654 2430 Στέφανος
2679 2361 2772 2414 τοῦ
2802 2361 2962 2429 λόγου
2992 2362 3091 2434 τὴν
3117 2363 3371 2434 ἄγκυραν
3406 2365 3619 2436 ἐπέχων
3642 2382 3654 2394 ·
3679 2370 3760 2420 καὶ

2203 2450 2266 2502 ἐκ
2297 2448 2389 2501 τού
2437 2448 2744 2503 θεοκτίστου
2791 2449 3056 2518 σπηλαίου
3099 2451 3198 2522 τὴν
3229 2454 3479 2506 συνοδίαν
3514 2472 3757 2524 φωταγω-

2197 2539 2328 2608 γῶν,
2389 2541 2623 2612 παρῄνει
2675 2540 2858 2604 αὐτοῖς
2908 2540 3116 2609 λέγων·
3165 2543 3367 2606 Τέκνα.
3481 2547 3757 2616 προσέχετε

2199 2633 2409 2694 ἑαυτοῖς
2451 2635 2545 2685 κοιλ⁵
2586 2635 2708 2696 ταῖς
2741 2632 3034 2703 ὑμετέραις
3057 2633 3284 2705 ψυχαῖς·
3320 2638 3418 2689 καὶ
3447 2637 3538 2690 τὸν
3567 2639 3628 2690 ἐκ
3663 2639 3758 2691 τῶν

2195 2723 2556 2794 ψυχοφθόρων
2583 2725 2856 2794 δαιμόνων
2884 2726 3235 2796 ἐγγινόμενον
3267 2728 3459 2797 φόϐον,
3492 2729 3524 2800 ἢ
3552 2730 3756 2798 ἀκηδίαν

2195 2817 2622 2889 ἀπορρίψαντες,
2671 2819 2762 2871 τὸν
2805 2818 2938 2872 Θεὸν
2967 2820 3291 2890 ἀγαπήσατε
3323 2821 3484 2876 πολύ.
3527 2821 3632 2892 Τὴν
3662 2825 3755 2891 γὰρ

2196 2908 2331 2978 πρὸς
2371 2909 2534 2963 αὐτὸν
2563 2911 2808 2980 ἀγάπην,
2860 2913 2957 2981 οὐχ
2987 2911 3119 2979 ὕλης
3165 2913 3428 2984 διαφορὰ,
3468 2913 3501 2984 ἢ
3543 2914 3755 2982 πονηρὸς

2195 2997 2683 3065 φόϐος,διαθέσεως
2701 3001 2756 3054 δὲ
2784 3003 3082 3074 παρίστησι
3111 3004 3510 3077 μεγαλοψυχία,
3535 3006 3594 3060 τὸ
3613 3007 3752 3075 61¢;-

2195 3088 2283 3153 λὲς
2312 3089 2412 3160 τῆς
2454 3089 2705 3162 γνώμης,
2750 3093 2846 3146 καὶ
2883 3095 2940 3148 ἐν
2982 3097 3094 3159 τοῖς
3131 3099 3351 3167 μικροῖς
3394 3098 3587 3168 δώροις
3619 3098 3752 3168 opm

2197 3181 2295 3251 τῆς
2332 3183 2617 3254 ἀσκήσεως
2641 3186 3003 3254 ἐμφαίνουσα.
3046 3187 3276 3259 Ὁμοίως
3300 3189 3360 3244 δὲ
3392 3191 3612 3262 καὶτὴν
3641 3191 3754 3243 ἀθυ-

2202 3273 2331 3341 μίαν
2353 3273 2445 3326 καὶ
2465 3272 2642 3344 λύπην
2669 3275 2883 3346 μακράν
2905 3275 3157 3345 ἀφέντες,
3179 3276 3436 3348 εὐθύμως
3460 3278 3575 3348 Θεῷ
3602 3294 3752 3348 προσ·

2201 3364 2450 3435 έρχεσθε,
2477 3364 2536 3418 τὸ
2557 3367 2896 3436 προφητικὸν
2925 3370 3104 3421 ἐκεῖνο
3137 3367 3296 3441 μέλος
3318 3373 3381 3424 ὲν
3407 3371 3483 3442 νῷ
3511 3372 3596 3426 ἀεὶ
3623 3371 3752 3424 ἑνδε-

2199 3454 2502 3526 λεχοῦντες,
2552 3456 2634 3510 ὅτι
2679 3476 2698 3509 ι
2747 3457 2900 3526 Ἐμοὶ
2943 3459 3042 3528 μὲν
3098 3460 3160 3513 τὸ
3209 3462 3645 3532 προσκολλᾶσθαι
3685 3461 3752 3531 τῷ

2198 3548 2537 3620 Θεῷλάγαθόν
2567 3552 2716 3604 ἐστιν
2735 3569 2748 3583 ·
2781 3549 3023 3608 τίθεσθαι
3051 3553 3110 3606 ὲν
3130 3551 3208 3624 τῷ
3230 3554 3427 3626 Κυρίῳ
3453 3557 3550 3628 τὴν
3579 3557 3751 3610 ἐλπίδα

2203 3658 2326 3713 μου.
2367 3661 2386 3694 ι
2424 3642 2630 3713 Τρέφει
2662 3643 2770 3713 γάρ
2803 3644 2898 3698 καὶ
2927 3643 3079 3707 ἐλπὶς
3122 3645 3640 3718 ὀνειροπολουμένη,
3669 3647 3751 3716 τῆς

2201 3731 2459 3803 ἀληθείας
2487 3733 2588 3786 οὐκ
2635 3733 2882 3799 ἔλαττον,
2907 3735 3004 3807 τὴν
3035 3736 3275 3808 παντελῆ
3297 3738 3610 3807 ἀπόγνωσιν
3635 3741 3750 3791 ἁπο-

2199 3822 2532 3876 6ουκολοῦσα
2556 3823 2622 3892 τῇ
2651 3823 2966 3896 προσδοκίᾳ,
3012 3825 3102 3879 καὶ
3133 3827 3195 3880 τὸ
3235 3827 3629 3888 ἀναπεπτωκὸς
3665 3826 3750 3894 τῆς

2197 3915 2480 3986 δυνάμεως
2508 3913 2799 3986 ἐγείρουσα
2841 3919 2907 3988 τῇ
2940 3916 3039 3985 τῆς
3077 3916 3293 3981 ἐλπίδος
3321 3920 3488 3990 χειρί.
3539 3918 3750 3986 ’Δθυμία

2197 4007 2252 4061 δὲ
2279 4007 2372 4060 καὶ
2405 4005 2550 4077 λύπη
2596 4007 2691 4060 καὶ
2723 4006 2850 4070 τοὺς
2893 4011 3195 4079 σωφρονεῖν
3248 4011 3676 4079 φιλονεικοῦντας
3702 4010 3752 4059 ἐν

2197 4101 2316 4162 ταῖς
2377 4100 2683 4169 συμφοραῖς
2737 4098 2828 4152 τὸν
2871 4098 3131 4171 λογισμὸν
3196 4101 3478 4171 βιάζονται
3528 4103 3656 4172 πρὸς
3699 4099 3750 4152 τὸ

2197 4189 2476 4262 δύσφημον
2493 4206 2504 4218 ·
2525 4190 2661 4245 ἀλλὰ
2689 4190 3022 4262 συγγνώμην
3044 4192 3104 4246 τὸ
3137 4193 3305 4256 πάθος
3334 4195 3449 4266 ἔχει
3477 4213 3538 4248 τυ
3549 4190 3749 4264 ραννοῦν

2199 4282 2293 4337 καὶ
2317 4282 2470 4354 παρά
2507 4281 2732 4352 γνώμην
2771 4283 2942 4339 πολλὰ
2981 4285 3283 4355 φθέγγεθαι
3314 4288 3406 4342 τὸν
3436 4288 3748 4355 λυπούμενον

2199 4374 2406 4437 πεῖθον,
2459 4373 2760 4444 νικώμενον
2814 4376 2944 4440 ἴσως
2983 4376 3061 4448 τῷ
3096 4379 3322 4447 μεγέθει
3358 4381 3469 4434 τῶν
3512 4377 3746 4448 περιστά-

519 4475 742 4534 egentes,
778 4463 976 4536 amicti,
1008 4460 1322 4532 angustiati,
1353 4460 1502 4526 nudi,
1539 4459 1685 4518 fame
1731 4472 1786 4517 et
1820 4463 1909 4518 siti
1938 4462 2090 4518 labo-

2202 4479 2360 4517 σεων.
2403 4461 2558 4515 Ἐπεὶ
2584 4457 2677 4516 οὖν
2703 4461 2938 4532 βιαστῶν
2964 4465 3112 4520 ἐστιν
3137 4467 3244 4520 τῶν
3276 4469 3523 4539 οὐρανῶν
3553 4471 3584 4540 ἠ
3612 4467 3746 4537 βασι-

523 4562 722 4618 rantes,
754 4555 807 4607 in
841 4553 1216 4607 solitudinibus
1243 4561 1494 4615 errantes,
1526 4559 1575 4605 et
1605 4551 1890 4620 montibus,
1921 4561 1968 4606 et
1987 4557 2101 4621 spe;

517 4644 707 4711 (unciis,
755 4653 804 4698 et
859 4644 1093 4698 cavernis
1148 4652 1302 4697 teme
1331 4641 1396 4706 ³⁸,
1448 4643 1668 4696 brevem
1724 4642 1883 4696 istum
1937 4643 2096 4712 hujus

517 4749 836 4790 :rrumnosae
866 4736 990 4788 vitae
1022 4742 1220 4788 nostrae
1252 4731 1540 4788 incolatum
1574 4732 1822 4802 religiose
1850 4743 2093 4787 transea-

518 4843 660 4893 mus,
687 4834 744 4880 ιιι
769 4825 912 4879 illius
948 4824 1144 4879 futura:
1175 4825 1299 4879 vitae
1333 4823 1578 4878 haeredes
1600 4824 1749 4891 facti,
1779 4825 2092 4896 incorrupto

516 4918 691 4974 Judici
729 4917 979 4972 dicamus
1012 4932 1026 4970 :
1060 4913 1192 4971 Vide
1217 4915 1567 4968 humilitatem
1600 4925 1837 4970 meamet
1863 4915 2092 4970 laborm

516 5027 710 5077 meum,
741 5019 788 5064 et
819 5009 1026 5064 dimitte
1053 5009 1296 5064 universa
1318 5009 1507 5062 delicta
1526 5025 1640 5063 mea
1659 5008 1725 5060 ³⁷.
1754 5007 1848 5062 llis
1877 5018 1930 5062 et
1951 5009 2092 5060 mul-

517 5107 586 5160 tis
616 5104 738 5160 aliis
793 5101 1265 5158 exhortationibus
1316 5102 1664 5156 beatissimus
1712 5098 1876 5156 Pater
1909 5112 2092 5156 uoster

517 5199 854 5268 Stephanus,
877 5209 1015 5265 quos
1037 5194 1088 5250 in
1121 5193 1340 5251 Christo
1367 5195 1703 5264 parturiebal
1727 5195 1883 5258 ﬁlios,
1907 5193 2092 5263 singu-

519 5289 584 5342 lis
643 5289 834 5344 diebus
891 5288 1198 5344 illuminare
1233 5304 1339 5343 non
1376 5288 1646 5353 cessabat,
1685 5303 1776 5341 eos
1802 5289 1867 5341 ad
1902 5286 2092 5340 salutis

520 5379 972 5450 comparationem
1007 5395 1357 5451 promovens.

2201 4553 2340 4619 λεία,
2373 4554 2515 4609 κατὰ
2543 4553 2642 4625 τὴν
2672 4554 2768 4608 τοῦ
2788 4556 2995 4627 Κυρίου
3024 4558 3228 4628 φωνὴν,
3250 4560 3356 4613 Καὶ
3381 4560 3624 4625 βιασταὶ
3655 4558 3746 4614 αὺ-

2201 4643 2317 4713 τὴν
2347 4643 2734 4713 ἁρπάζουσιν,
2761 4644 2838 4713 τῷ
2869 4645 2967 4717 ίσῳ
2994 4647 3180 4718 τρόπῳ
3205 4651 3296 4702 καὶ
3321 4651 3502 4718 ἡμεῖς,
3529 4647 3744 4715 ἀδελφοὶ.

2203 4735 2345 4791 κατά
2384 4735 2474 4788 τὸν
2525 4735 2952 4808 μεγαλοκήρυκα
2996 4739 3091 4792 καὶ
3127 4739 3268 4792 θεῖον
3300 4741 3532 4806 Παῦλον,
3578 4742 3746 4792 Tare-

2197 4829 2514 4896 ρούμενοι,
2574 4827 2942 4897 θλιϐόμενοι,
3007 4833 3509 4902 κακουχούμενοι,
3557 4845 3746 4901 γυμνη-

2200 4919 2474 4985 τεύοντες,
2500 4917 2794 4982 πεινῶντες
2811 4920 2902 4973 καὶ
2927 4919 3211 4990 διψῶντες,
3241 4923 3311 4978 ἐν
3329 4924 3594 4994 ἐρημίαις
3615 4923 3746 4974 1.1a-

2201 5009 2469 5079 νώμενοι,
2490 5009 2588 5063 καί
2611 5007 2800 5077 ὄρεσι,
2824 5009 2922 5064 καί
2947 5013 3298 5079 σπηλαίοις,
3331 5012 3574 5078 καὶτοῖς
3595 5007 3741 5070 ὀπαῖς

2194 5102 2304 5173 τῆς
2335 5101 2480 5173 γῆς,
2539 5102 2599 5156 τὸ
2643 5102 2817 5174 βραχύ
2867 5103 3024 5157 τοῦτο
3074 5106 3174 5177 τῆς
3231 5106 3566 5161 πολυωδύνου
3607 5100 3746 5172 ἡμῶν

2195 5194 2342 5264 ζωῆς
2365 5194 2686 5266 παροίκημα
2709 5196 2808 5265 τῆς
2833 5196 3045 5250 ἐνθένδε
3067 5197 3306 5263 εὐσεϐῶς
3327 5197 3742 5269 διαπεράσωμενν

2198 5285 2262 5337 ἵν’
2292 5284 2508 5354 ἐκείνην
2540 5283 3006 5356 κληρονομοῦντες
3029 5287 3273 5358 εἴπωμεν
3301 5290 3434 5359 πρὸς
3458 5289 3544 5340 τὸν
3569 5283 3744 5338 ἀδέκα-

2198 5393 2321 5428 στον
2373 5377 2581 5446 Κριτήν
2604 5393 2616 5406 ·
2675 5378 2796 5431 Ἴδε
2829 5378 2945 5447 τὴν
2981 5381 3345 5435 ταπείνωσιν
3375 5399 3489 5452 μου
3532 5375 3621 5432 καί
3649 5371 3741 5426 τὸν

589 5497 636 5530 ³⁸
667 5496 810 5552 Psal.
840 5514 1026 5568 μυξη,
1053 5500 1144 5553 28.
1223 5502 1268 5534 ³⁵
1300 5499 1488 5552 Matth.
1514 5514 1586 5560 XI,
1623 5497 1707 5550 te.
1789 5499 1833 5527 '°
1867 5498 2026 5550 Hebr.
2062 5514 2086 5548 κ

2200 5497 2250 5548 7.
2330 5497 2369 5526 ³⁷
2403 5496 2540 5550 Psal.
2574 5513 2717 5560 χειν,
2775 5498 2858 5551 18.

1798 5630 2024 5682 νᾹῐῖΙίΕ
2070 5629 2474 5684 l.li('.'l'l0.\'l£5.

1680 5753 2047 5820 προπάτορος.

595 5755 618 5787 τ
649 5748 720 5803 al.
745 5753 1139 5821 κοιμητηρὶων.
1219 5765 1238 5791 η
1264 5755 1335 5809 al.
1371 5754 1462 5806 τοῦ
1497 5753 1641 5806 ὀτίου
