  <div class='ocr_page' id='page_1' title='image "/cluster/home/n/w/nwhite01/storage/ocr_20150623/100/coo.31924054870047/554.png"; bbox 0 0 4060 6448; ppageno 0'>
   <div class='ocr_carea' id='block_1_1' title="bbox 335 362 471 432">
    <p class='ocr_par' dir='ltr' id='par_1_1' title="bbox 335 362 471 432">
     <span class='ocr_line' id='line_1_1' title="bbox 335 362 471 432; baseline -0.015 0"><span class='ocrx_word' id='word_1_1' title='bbox 335 362 471 432; x_wconf 80' lang='grc'><strong>1101</strong></span> 
     </span>
    </p>
   </div>
   <div class='ocr_carea' id='block_1_2' title="bbox 1418 360 2501 431">
    <p class='ocr_par' dir='ltr' id='par_1_2' title="bbox 1418 360 2501 431">
     <span class='ocr_line' id='line_1_2' title="bbox 1418 360 2501 431; baseline 0.003 -3"><span class='ocrx_word' id='word_1_2' title='bbox 1418 362 1593 428; x_wconf 84' lang='lat' dir='ltr'><strong>VITA</strong></span> <span class='ocrx_word' id='word_1_3' title='bbox 1628 366 1690 428; x_wconf 89' lang='lat' dir='ltr'><strong>S.</strong></span> <span class='ocrx_word' id='word_1_4' title='bbox 1719 360 2091 426; x_wconf 73' lang='lat' dir='ltr'><strong>STEPHANI</strong></span> <span class='ocrx_word' id='word_1_5' title='bbox 2130 362 2501 431; x_wconf 77' lang='lat' dir='ltr'><strong>JUNIORIS.</strong></span> 
     </span>
    </p>
   </div>
   <div class='ocr_carea' id='block_1_3' title="bbox 3460 368 3594 431">
    <p class='ocr_par' dir='ltr' id='par_1_3' title="bbox 3460 368 3594 431">
     <span class='ocr_line' id='line_1_3' title="bbox 3460 368 3594 431; baseline -0.015 0"><span class='ocrx_word' id='word_1_6' title='bbox 3460 368 3594 431; x_wconf 64' lang='lat'><strong>1102</strong></span> 
     </span>
    </p>
   </div>
   <div class='ocr_carea' id='block_1_4' title="bbox 334 457 3597 550">
    <p class='ocr_par' dir='ltr' id='par_1_4' title="bbox 334 457 3597 550">
     <span class='ocr_line' id='line_1_4' title="bbox 334 457 3597 550; baseline 0.001 -18"><span class='ocrx_word' id='word_1_7' title='bbox 334 479 528 537; x_wconf 65' lang='grc' dir='ltr'>κόπον</span> <span class='ocrx_word' id='word_1_8' title='bbox 550 492 692 545; x_wconf 82' lang='grc' dir='ltr'>μου,</span> <span class='ocrx_word' id='word_1_9' title='bbox 725 474 822 529; x_wconf 80' lang='grc' dir='ltr'>καὶ</span> <span class='ocrx_word' id='word_1_10' title='bbox 872 473 1021 544; x_wconf 72' lang='grc' dir='ltr'>ἄφες</span> <span class='ocrx_word' id='word_1_11' title='bbox 1059 460 1254 541; x_wconf 41' lang='lat' dir='ltr'><strong>«dcta;</strong></span> <span class='ocrx_word' id='word_1_12' title='bbox 1301 475 1408 542; x_wconf 84' lang='grc' dir='ltr'>τὰς</span> <span class='ocrx_word' id='word_1_13' title='bbox 1464 475 1750 545; x_wconf 76' lang='grc' dir='ltr'>ἁμαρτίας</span> <span class='ocrx_word' id='word_1_14' title='bbox 1813 492 1950 545; x_wconf 80' lang='grc' dir='ltr'>μου.</span> <span class='ocrx_word' id='word_1_15' title='bbox 2017 457 2383 541; x_wconf 59' lang='grc' dir='ltr'>Τούτοιςκαὶ</span> <span class='ocrx_word' id='word_1_16' title='bbox 2415 476 2597 540; x_wconf 76' lang='grc' dir='ltr'>ἄλλοις</span> <span class='ocrx_word' id='word_1_17' title='bbox 2637 474 2847 530; x_wconf 82' lang='grc' dir='ltr'>πλείοσι</span> <span class='ocrx_word' id='word_1_18' title='bbox 2896 479 3325 550; x_wconf 81' lang='grc' dir='ltr'>παρακλητικοῖς</span> <span class='ocrx_word' id='word_1_19' title='bbox 3356 480 3533 548; x_wconf 79' lang='grc' dir='ltr'>λόγοις</span> <span class='ocrx_word' id='word_1_20' title='bbox 3569 487 3597 536; x_wconf 84' lang='grc' dir='ltr'><strong>ό</strong></span> 
     </span>
    </p>
   </div>
   <div class='ocr_carea' id='block_1_5' title="bbox 334 566 3596 645">
    <p class='ocr_par' dir='ltr' id='par_1_5' title="bbox 334 566 3596 645">
     <span class='ocr_line' id='line_1_5' title="bbox 334 566 3596 645; baseline 0.001 -21"><span class='ocrx_word' id='word_1_21' title='bbox 334 570 654 643; x_wconf 78' lang='grc' dir='ltr'>παμμὰκαρ</span> <span class='ocrx_word' id='word_1_22' title='bbox 691 569 882 640; x_wconf 81' lang='grc' dir='ltr'>Πατὴρ</span> <span class='ocrx_word' id='word_1_23' title='bbox 928 566 1087 639; x_wconf 84' lang='grc' dir='ltr'>ήμῶν</span> <span class='ocrx_word' id='word_1_24' title='bbox 1111 567 1387 637; x_wconf 86' lang='grc' dir='ltr'>Στέφανος</span> <span class='ocrx_word' id='word_1_25' title='bbox 1436 568 1808 638; x_wconf 83' lang='grc' dir='ltr'><strong>φωταγωγῶν,</strong></span> <span class='ocrx_word' id='word_1_26' title='bbox 1844 567 1938 632; x_wconf 81' lang='grc' dir='ltr'><strong>οὓς</strong></span> <span class='ocrx_word' id='word_1_27' title='bbox 1977 571 2033 622; x_wconf 86' lang='grc' dir='ltr'>ἐν</span> <span class='ocrx_word' id='word_1_28' title='bbox 2065 569 2266 640; x_wconf 78' lang='grc' dir='ltr'>Κυρίῳ</span> <span class='ocrx_word' id='word_1_29' title='bbox 2284 568 2477 623; x_wconf 79' lang='grc' dir='ltr'><strong>ὤδινεν</strong></span> <span class='ocrx_word' id='word_1_30' title='bbox 2538 569 2754 634; x_wconf 80' lang='grc' dir='ltr'>παῖδας,</span> <span class='ocrx_word' id='word_1_31' title='bbox 2787 569 2850 622; x_wconf 80' lang='grc' dir='ltr'>τὸ</span> <span class='ocrx_word' id='word_1_32' title='bbox 2897 570 3247 640; x_wconf 83' lang='grc' dir='ltr'>καθεκάστην</span> <span class='ocrx_word' id='word_1_33' title='bbox 3300 574 3596 645; x_wconf 75' lang='grc' dir='ltr'>ἐνδελεχῶν</span> 
     </span>
    </p>
   </div>
   <div class='ocr_carea' id='block_1_6' title="bbox 329 659 2412 733">
    <p class='ocr_par' dir='ltr' id='par_1_6' title="bbox 329 659 2412 733">
     <span class='ocr_line' id='line_1_6' title="bbox 329 659 2412 733; baseline 0 -16"><span class='ocrx_word' id='word_1_34' title='bbox 329 664 437 718; x_wconf 84' lang='grc' dir='ltr'><strong>οὐκ</strong></span> <span class='ocrx_word' id='word_1_35' title='bbox 463 660 720 725; x_wconf 77' lang='grc' dir='ltr'>ὲπαὺετο,</span> <span class='ocrx_word' id='word_1_36' title='bbox 750 659 931 725; x_wconf 74' lang='grc' dir='ltr'>αὔξων</span> <span class='ocrx_word' id='word_1_37' title='bbox 959 660 1159 724; x_wconf 80' lang='grc' dir='ltr'>αὐτοὺς</span> <span class='ocrx_word' id='word_1_38' title='bbox 1194 661 1330 733; x_wconf 81' lang='grc' dir='ltr'>πρὸς</span> <span class='ocrx_word' id='word_1_39' title='bbox 1358 661 1460 733; x_wconf 81' lang='grc' dir='ltr'>τὴν</span> <span class='ocrx_word' id='word_1_40' title='bbox 1486 662 1600 731; x_wconf 73' lang='grc' dir='ltr'><strong>ζτῆς</strong></span> <span class='ocrx_word' id='word_1_41' title='bbox 1631 662 1907 733; x_wconf 77' lang='grc' dir='ltr'>σωτηρίας</span> <span class='ocrx_word' id='word_1_42' title='bbox 1944 663 2412 718; x_wconf 77' lang='grc' dir='ltr'>ἀποκατάστασιν.</span> 
     </span>
    </p>
   </div>
   <div class='ocr_carea' id='block_1_7' title="bbox 406 756 1928 830">
    <p class='ocr_par' dir='ltr' id='par_1_7' title="bbox 406 756 1908 830">
     <span class='ocr_line' id='line_1_7' title="bbox 406 756 1908 830; baseline -0.003 -15"><span class='ocrx_word' id='word_1_43' title='bbox 406 759 590 830; x_wconf 75' lang='grc' dir='ltr'>Μέχρι</span> <span class='ocrx_word' id='word_1_44' title='bbox 654 757 711 812; x_wconf 77' lang='grc' dir='ltr'>δὲ</span> <span class='ocrx_word' id='word_1_45' title='bbox 761 758 935 811; x_wconf 76' lang='grc' dir='ltr'>εἴκοσι</span> <span class='ocrx_word' id='word_1_46' title='bbox 980 756 1092 811; x_wconf 84' lang='grc' dir='ltr'><strong>τῶν</strong></span> <span class='ocrx_word' id='word_1_47' title='bbox 1159 757 1434 829; x_wconf 83' lang='grc' dir='ltr'>φοιτητῶν</span> <span class='ocrx_word' id='word_1_48' title='bbox 1485 758 1787 826; x_wconf 83' lang='grc' dir='ltr'>γεγονότων</span> <span class='ocrx_word' id='word_1_49' title='bbox 1829 756 1908 827; x_wconf 79' lang='grc' dir='ltr'>τῷ</span> 
     </span>
    </p>
   </div>
   <div class='ocr_carea' id='block_1_8' title="bbox 2032 756 3597 830">
    <p class='ocr_par' dir='ltr' id='par_1_8' title="bbox 2080 758 3597 830">
     <span class='ocr_line' id='line_1_8' title="bbox 2080 758 3597 830; baseline 0.001 -18"><span class='ocrx_word' id='word_1_50' title='bbox 2080 758 2214 813; x_wconf 88' lang='lat' dir='ltr'><strong>Cum</strong></span> <span class='ocrx_word' id='word_1_51' title='bbox 2263 775 2390 814; x_wconf 88' lang='lat' dir='ltr'><strong>vero</strong></span> <span class='ocrx_word' id='word_1_52' title='bbox 2419 759 2606 830; x_wconf 83' lang='lat' dir='ltr'><strong>viginti</strong></span> <span class='ocrx_word' id='word_1_53' title='bbox 2639 774 2863 813; x_wconf 89' lang='lat' dir='ltr'><strong>numero</strong></span> <span class='ocrx_word' id='word_1_54' title='bbox 2898 758 3023 813; x_wconf 85' lang='lat' dir='ltr'><strong>facti</strong></span> <span class='ocrx_word' id='word_1_55' title='bbox 3054 759 3282 814; x_wconf 98' lang='lat' dir='ltr'><strong>fuissent</strong></span> <span class='ocrx_word' id='word_1_56' title='bbox 3320 761 3597 829; x_wconf 83' lang='lat' dir='ltr'><strong>discipuli.</strong></span> 
     </span>
    </p>
   </div>
   <div class='ocr_carea' id='block_1_9' title="bbox 334 849 1920 925">
    <p class='ocr_par' dir='ltr' id='par_1_9' title="bbox 334 849 1920 925">
     <span class='ocr_line' id='line_1_9' title="bbox 334 849 1920 925; baseline -0.003 -20"><span class='ocrx_word' id='word_1_57' title='bbox 334 850 581 925; x_wconf 80' lang='grc' dir='ltr'>ἀριθμῷ,</span> <span class='ocrx_word' id='word_1_58' title='bbox 612 851 856 925; x_wconf 77' lang='grc' dir='ltr'>Μαρῖνον</span> <span class='ocrx_word' id='word_1_59' title='bbox 884 849 977 903; x_wconf 85' lang='grc' dir='ltr'>τὸν</span> <span class='ocrx_word' id='word_1_60' title='bbox 1011 849 1400 920; x_wconf 85' lang='grc' dir='ltr'>θεοστήρικτον</span> <span class='ocrx_word' id='word_1_61' title='bbox 1433 849 1601 919; x_wconf 77' lang='grc' dir='ltr'>ἄνδρα</span> <span class='ocrx_word' id='word_1_62' title='bbox 1627 849 1708 912; x_wconf 86' lang='grc' dir='ltr'><strong>είς</strong></span> <span class='ocrx_word' id='word_1_63' title='bbox 1736 851 1800 903; x_wconf 74' lang='grc' dir='ltr'>τὰ</span> <span class='ocrx_word' id='word_1_64' title='bbox 1822 850 1920 921; x_wconf 80' lang='grc' dir='ltr'><strong>τῆς</strong></span> 
     </span>
    </p>
   </div>
   <div class='ocr_carea' id='block_1_10' title="bbox 346 937 1921 1013">
    <p class='ocr_par' dir='ltr' id='par_1_10' title="bbox 346 937 1921 1013">
     <span class='ocr_line' id='line_1_10' title="bbox 346 937 1921 1013; baseline -0.004 -15"><span class='ocrx_word' id='word_1_65' title='bbox 346 941 665 1013; x_wconf 78' lang='grc' dir='ltr'><strong>οἰκονομίας</strong></span> <span class='ocrx_word' id='word_1_66' title='bbox 713 941 807 995; x_wconf 71' lang='grc' dir='ltr'>καὶ</span> <span class='ocrx_word' id='word_1_67' title='bbox 855 940 1035 994; x_wconf 85' lang='grc' dir='ltr'>πάντα</span> <span class='ocrx_word' id='word_1_68' title='bbox 1067 940 1136 993; x_wconf 88' lang='grc' dir='ltr'>τὰ</span> <span class='ocrx_word' id='word_1_69' title='bbox 1179 943 1279 1011; x_wconf 84' lang='grc' dir='ltr'>τῆς</span> <span class='ocrx_word' id='word_1_70' title='bbox 1329 939 1497 1011; x_wconf 84' lang='grc' dir='ltr'>μονῆς</span> <span class='ocrx_word' id='word_1_71' title='bbox 1533 941 1561 992; x_wconf 86' lang='grc' dir='ltr'>ὁ</span> <span class='ocrx_word' id='word_1_72' title='bbox 1608 937 1921 1011; x_wconf 86' lang='grc' dir='ltr'>παμμάκαρ</span> 
     </span>
    </p>
   </div>
   <div class='ocr_carea' id='block_1_11' title="bbox 339 1030 1922 1106">
    <p class='ocr_par' dir='ltr' id='par_1_11' title="bbox 339 1030 1922 1106">
     <span class='ocr_line' id='line_1_11' title="bbox 339 1030 1922 1106; baseline -0.003 -18"><span class='ocrx_word' id='word_1_73' title='bbox 339 1034 746 1106; x_wconf 84' lang='grc' dir='ltr'>προεστήσατο·</span> <span class='ocrx_word' id='word_1_74' title='bbox 768 1031 930 1096; x_wconf 72' lang='grc' dir='ltr'>αὐτὸς</span> <span class='ocrx_word' id='word_1_75' title='bbox 960 1031 1015 1086; x_wconf 82' lang='grc' dir='ltr'>δὲ</span> <span class='ocrx_word' id='word_1_76' title='bbox 1044 1030 1441 1103; x_wconf 81' lang='grc' dir='ltr'>σκληροτέραις</span> <span class='ocrx_word' id='word_1_77' title='bbox 1473 1030 1665 1084; x_wconf 74' lang='grc' dir='ltr'>ἑαυτὸν</span> <span class='ocrx_word' id='word_1_78' title='bbox 1687 1030 1922 1085; x_wconf 72' lang='grc' dir='ltr'>ἐπέϐαλε</span> 
     </span>
    </p>
   </div>
   <div class='ocr_carea' id='block_1_12' title="bbox 335 1122 1923 1195">
    <p class='ocr_par' dir='ltr' id='par_1_12' title="bbox 335 1122 1923 1195">
     <span class='ocr_line' id='line_1_12' title="bbox 335 1122 1923 1195; baseline -0.003 -15"><span class='ocrx_word' id='word_1_79' title='bbox 335 1127 680 1194; x_wconf 75' lang='grc' dir='ltr'>διαγωγαῖς,</span> <span class='ocrx_word' id='word_1_80' title='bbox 733 1123 797 1177; x_wconf 82' lang='grc' dir='ltr'>τὸ</span> <span class='ocrx_word' id='word_1_81' title='bbox 841 1123 1093 1195; x_wconf 78' lang='grc' dir='ltr'><strong>θυμῆρες</strong></span> <span class='ocrx_word' id='word_1_82' title='bbox 1136 1122 1275 1194; x_wconf 68' lang='grc' dir='ltr'>ἔχων</span> <span class='ocrx_word' id='word_1_83' title='bbox 1326 1122 1675 1193; x_wconf 87' lang='grc' dir='ltr'>στενωτέρως</span> <span class='ocrx_word' id='word_1_84' title='bbox 1728 1122 1923 1175; x_wconf 72' lang='grc' dir='ltr'>ἑαυτὸν</span> 
     </span>
    </p>
   </div>
   <div class='ocr_carea' id='block_1_13' title="bbox 337 1213 1924 1287">
    <p class='ocr_par' dir='ltr' id='par_1_13' title="bbox 337 1213 1924 1287">
     <span class='ocr_line' id='line_1_13' title="bbox 337 1213 1924 1287; baseline -0.002 -18"><span class='ocrx_word' id='word_1_85' title='bbox 337 1216 632 1287; x_wconf 79' lang='grc' dir='ltr'>καθεῖρξαι</span> <span class='ocrx_word' id='word_1_86' title='bbox 666 1215 820 1286; x_wconf 78' lang='grc' dir='ltr'>παρὰ</span> <span class='ocrx_word' id='word_1_87' title='bbox 843 1214 944 1287; x_wconf 85' lang='grc' dir='ltr'>τὴν</span> <span class='ocrx_word' id='word_1_88' title='bbox 981 1213 1076 1269; x_wconf 84' lang='grc' dir='ltr'>τοῦ</span> <span class='ocrx_word' id='word_1_89' title='bbox 1106 1214 1377 1284; x_wconf 84' lang='grc' dir='ltr'>σπηλαίου</span> <span class='ocrx_word' id='word_1_90' title='bbox 1403 1214 1776 1285; x_wconf 87' lang='grc' dir='ltr'>στενομονίαν.</span> <span class='ocrx_word' id='word_1_91' title='bbox 1813 1214 1924 1284; x_wconf 80' lang='grc' dir='ltr'><strong>Τῆς</strong></span> 
     </span>
    </p>
   </div>
   <div class='ocr_carea' id='block_1_14' title="bbox 337 1303 1926 1378">
    <p class='ocr_par' dir='ltr' id='par_1_14' title="bbox 337 1303 1926 1378">
     <span class='ocr_line' id='line_1_14' title="bbox 337 1303 1926 1378; baseline -0.004 -17"><span class='ocrx_word' id='word_1_92' title='bbox 337 1309 451 1378; x_wconf 74' lang='grc' dir='ltr'><strong>γὰρ</strong></span> <span class='ocrx_word' id='word_1_93' title='bbox 491 1305 736 1377; x_wconf 77' lang='grc' dir='ltr'><strong>κεφαλῆς</strong></span> <span class='ocrx_word' id='word_1_94' title='bbox 788 1304 881 1359; x_wconf 83' lang='grc' dir='ltr'><strong>τοῦ</strong></span> <span class='ocrx_word' id='word_1_95' title='bbox 939 1305 1102 1375; x_wconf 77' lang='grc' dir='ltr'>ὅρους</span> <span class='ocrx_word' id='word_1_96' title='bbox 1153 1307 1218 1359; x_wconf 74' lang='grc' dir='ltr'>ἐκ</span> <span class='ocrx_word' id='word_1_97' title='bbox 1271 1303 1668 1375; x_wconf 76' lang='grc' dir='ltr'><strong>παμμεγέθους</strong></span> <span class='ocrx_word' id='word_1_98' title='bbox 1719 1303 1926 1374; x_wconf 78' lang='grc' dir='ltr'>πέτρας</span> 
     </span>
    </p>
   </div>
   <div class='ocr_carea' id='block_1_15' title="bbox 338 1394 1926 1469">
    <p class='ocr_par' dir='ltr' id='par_1_15' title="bbox 338 1394 1926 1469">
     <span class='ocr_line' id='line_1_15' title="bbox 338 1394 1926 1469; baseline -0.003 -17"><span class='ocrx_word' id='word_1_99' title='bbox 338 1398 795 1469; x_wconf 72' lang='grc' dir='ltr'>κορυφουμένης,</span> <span class='ocrx_word' id='word_1_100' title='bbox 831 1399 926 1452; x_wconf 75' lang='grc' dir='ltr'>καὶ</span> <span class='ocrx_word' id='word_1_101' title='bbox 968 1396 1047 1461; x_wconf 86' lang='grc' dir='ltr'>ὡς</span> <span class='ocrx_word' id='word_1_102' title='bbox 1090 1397 1376 1469; x_wconf 74' lang='grc' dir='ltr'><strong>φάραγγος</strong></span> <span class='ocrx_word' id='word_1_103' title='bbox 1435 1396 1624 1466; x_wconf 79' lang='grc' dir='ltr'>κοίλην</span> <span class='ocrx_word' id='word_1_104' title='bbox 1683 1395 1818 1465; x_wconf 83' lang='grc' dir='ltr'>πρὸς</span> <span class='ocrx_word' id='word_1_105' title='bbox 1867 1394 1926 1448; x_wconf 81' lang='grc' dir='ltr'>τὸ</span> 
     </span>
    </p>
   </div>
   <div class='ocr_carea' id='block_1_16' title="bbox 338 1480 1926 1558">
    <p class='ocr_par' dir='ltr' id='par_1_16' title="bbox 338 1480 1926 1558">
     <span class='ocr_line' id='line_1_16' title="bbox 338 1480 1926 1558; baseline -0.003 -14"><span class='ocrx_word' id='word_1_106' title='bbox 338 1491 521 1545; x_wconf 85' lang='grc' dir='ltr'>νότιον</span> <span class='ocrx_word' id='word_1_107' title='bbox 553 1486 784 1558; x_wconf 78' lang='grc' dir='ltr'>ἐχούσης</span> <span class='ocrx_word' id='word_1_108' title='bbox 834 1488 1022 1558; x_wconf 75' lang='grc' dir='ltr'>μέρος,</span> <span class='ocrx_word' id='word_1_109' title='bbox 1070 1488 1127 1540; x_wconf 73' lang='grc' dir='ltr'>ὲν</span> <span class='ocrx_word' id='word_1_110' title='bbox 1159 1480 1204 1555; x_wconf 80' lang='grc' dir='ltr'>ᾧ</span> <span class='ocrx_word' id='word_1_111' title='bbox 1248 1488 1310 1541; x_wconf 86' lang='grc' dir='ltr'><strong>τό</strong></span> <span class='ocrx_word' id='word_1_112' title='bbox 1336 1504 1395 1540; x_wconf 86' lang='grc' dir='ltr'><strong>τε</strong></span> <span class='ocrx_word' id='word_1_113' title='bbox 1432 1487 1801 1558; x_wconf 79' lang='grc' dir='ltr'>μοναστὴριον</span> <span class='ocrx_word' id='word_1_114' title='bbox 1831 1486 1926 1539; x_wconf 71' lang='grc' dir='ltr'>καὶ</span> 
     </span>
    </p>
   </div>
   <div class='ocr_carea' id='block_1_17' title="bbox 338 1577 1925 1650">
    <p class='ocr_par' dir='ltr' id='par_1_17' title="bbox 338 1577 1925 1650">
     <span class='ocr_line' id='line_1_17' title="bbox 338 1577 1925 1650; baseline -0.004 -14"><span class='ocrx_word' id='word_1_115' title='bbox 338 1584 404 1636; x_wconf 83' lang='grc' dir='ltr'>τὸ</span> <span class='ocrx_word' id='word_1_116' title='bbox 442 1581 754 1634; x_wconf 83' lang='grc' dir='ltr'>θεόκτιστον</span> <span class='ocrx_word' id='word_1_117' title='bbox 798 1579 1065 1650; x_wconf 85' lang='grc' dir='ltr'>σπήλαιον</span> <span class='ocrx_word' id='word_1_118' title='bbox 1103 1579 1423 1647; x_wconf 84' lang='grc' dir='ltr'>σύγκειται,</span> <span class='ocrx_word' id='word_1_119' title='bbox 1475 1577 1925 1649; x_wconf 81' lang='grc' dir='ltr'>ὑποσκεπόμενόν</span> 
     </span>
    </p>
   </div>
   <div class='ocr_carea' id='block_1_18' title="bbox 339 1668 1925 1741">
    <p class='ocr_par' dir='ltr' id='par_1_18' title="bbox 339 1668 1925 1741">
     <span class='ocr_line' id='line_1_18' title="bbox 339 1668 1925 1741; baseline -0.003 -15"><span class='ocrx_word' id='word_1_120' title='bbox 339 1674 462 1727; x_wconf 76' lang='grc' dir='ltr'>ἐστι</span> <span class='ocrx_word' id='word_1_121' title='bbox 513 1670 610 1725; x_wconf 73' lang='grc' dir='ltr'>καὶ</span> <span class='ocrx_word' id='word_1_122' title='bbox 655 1669 990 1740; x_wconf 81' lang='grc' dir='ltr'>ἀχείμαστον</span> <span class='ocrx_word' id='word_1_123' title='bbox 1047 1669 1156 1723; x_wconf 84' lang='grc' dir='ltr'><strong>ἀπὸ</strong></span> <span class='ocrx_word' id='word_1_124' title='bbox 1206 1670 1318 1723; x_wconf 84' lang='grc' dir='ltr'><strong>τῶν</strong></span> <span class='ocrx_word' id='word_1_125' title='bbox 1364 1668 1663 1741; x_wconf 85' lang='grc' dir='ltr'>χειμερίων</span> <span class='ocrx_word' id='word_1_126' title='bbox 1708 1669 1925 1739; x_wconf 83' lang='grc' dir='ltr'>ἀνέμων</span> 
     </span>
    </p>
   </div>
   <div class='ocr_carea' id='block_1_19' title="bbox 337 1760 1923 1833">
    <p class='ocr_par' dir='ltr' id='par_1_19' title="bbox 337 1760 1923 1833">
     <span class='ocr_line' id='line_1_19' title="bbox 337 1760 1923 1833; baseline -0.004 -15"><span class='ocrx_word' id='word_1_127' title='bbox 337 1762 441 1818; x_wconf 79' lang='grc' dir='ltr'><strong>τοῦ</strong></span> <span class='ocrx_word' id='word_1_128' title='bbox 464 1779 524 1816; x_wconf 89' lang='grc' dir='ltr'><strong>τε</strong></span> <span class='ocrx_word' id='word_1_129' title='bbox 557 1761 741 1833; x_wconf 79' lang='grc' dir='ltr'><strong>Βορῥᾶ</strong></span> <span class='ocrx_word' id='word_1_130' title='bbox 779 1761 876 1816; x_wconf 73' lang='grc' dir='ltr'>καὶ</span> <span class='ocrx_word' id='word_1_131' title='bbox 920 1760 1085 1826; x_wconf 73' lang='grc' dir='ltr'><strong>Λιῦὸς</strong></span> <span class='ocrx_word' id='word_1_132' title='bbox 1115 1761 1216 1833; x_wconf 75' lang='grc'>(4),</span> <span class='ocrx_word' id='word_1_133' title='bbox 1250 1761 1340 1815; x_wconf 79' lang='grc' dir='ltr'>διὰ</span> <span class='ocrx_word' id='word_1_134' title='bbox 1372 1760 1454 1827; x_wconf 74' lang='grc' dir='ltr'>τὸ,</span> <span class='ocrx_word' id='word_1_135' title='bbox 1474 1761 1549 1825; x_wconf 83' lang='grc' dir='ltr'><strong>ὡς</strong></span> <span class='ocrx_word' id='word_1_136' title='bbox 1575 1760 1923 1832; x_wconf 83' lang='grc' dir='ltr'>προείρηται,</span> 
     </span>
    </p>
   </div>
   <div class='ocr_carea' id='block_1_20' title="bbox 334 1848 1927 1928">
    <p class='ocr_par' dir='ltr' id='par_1_20' title="bbox 334 1848 1927 1928">
     <span class='ocr_line' id='line_1_20' title="bbox 334 1848 1927 1928; baseline -0.003 -17"><span class='ocrx_word' id='word_1_137' title='bbox 334 1860 410 1928; x_wconf 83' lang='grc' dir='ltr'>τῇ</span> <span class='ocrx_word' id='word_1_138' title='bbox 464 1853 856 1927; x_wconf 76' lang='grc' dir='ltr'>κορυφουμένῃ</span> <span class='ocrx_word' id='word_1_139' title='bbox 891 1854 1069 1926; x_wconf 80' lang='grc' dir='ltr'>πέτρᾳ</span> <span class='ocrx_word' id='word_1_140' title='bbox 1119 1853 1509 1907; x_wconf 83' lang='grc' dir='ltr'>καλύπτεσθαι.</span> <span class='ocrx_word' id='word_1_141' title='bbox 1565 1853 1783 1923; x_wconf 80' lang='grc' dir='ltr'>Ταύτην</span> <span class='ocrx_word' id='word_1_142' title='bbox 1836 1848 1927 1906; x_wconf 76' lang='grc' dir='ltr'><strong>οὖν</strong></span> 
     </span>
    </p>
   </div>
   <div class='ocr_carea' id='block_1_21' title="bbox 333 1944 1927 2024">
    <p class='ocr_par' dir='ltr' id='par_1_21' title="bbox 333 1944 1927 2024">
     <span class='ocr_line' id='line_1_21' title="bbox 333 1944 1927 2024; baseline 0.01 -23"><span class='ocrx_word' id='word_1_143' title='bbox 333 1949 446 2018; x_wconf 79' lang='grc' dir='ltr'>τὴν</span> <span class='ocrx_word' id='word_1_144' title='bbox 478 1946 725 2019; x_wconf 81' lang='grc' dir='ltr'>κορυφὴν</span> <span class='ocrx_word' id='word_1_145' title='bbox 759 1947 1298 2017; x_wconf 80' lang='grc' dir='ltr'>περινοστησάμενος</span> <span class='ocrx_word' id='word_1_146' title='bbox 1329 1947 1361 2024; x_wconf 64' lang='lat'><strong>6,</strong></span> <span class='ocrx_word' id='word_1_147' title='bbox 1392 1944 1706 2015; x_wconf 81' lang='grc' dir='ltr'>παμμάκαρ</span> <span class='ocrx_word' id='word_1_148' title='bbox 1738 1944 1927 2016; x_wconf 67' lang='grc' dir='ltr'>Πατὴρ</span> 
     </span>
    </p>
   </div>
   <div class='ocr_carea' id='block_1_22' title="bbox 310 2035 1925 2110">
    <p class='ocr_par' dir='ltr' id='par_1_22' title="bbox 310 2035 1925 2110">
     <span class='ocr_line' id='line_1_22' title="bbox 310 2035 1925 2110; baseline -0.002 -20"><span class='ocrx_word' id='word_1_149' title='bbox 310 2038 506 2110; x_wconf 77' lang='grc' dir='ltr'><strong>-ἠμῶν</strong></span> <span class='ocrx_word' id='word_1_150' title='bbox 552 2037 860 2106; x_wconf 85' lang='grc' dir='ltr'>Στέφανος,</span> <span class='ocrx_word' id='word_1_151' title='bbox 913 2036 1190 2107; x_wconf 71' lang='grc' dir='ltr'>οἰκοδομεῖ</span> <span class='ocrx_word' id='word_1_152' title='bbox 1237 2036 1296 2088; x_wconf 82' lang='grc' dir='ltr'>ὲν</span> <span class='ocrx_word' id='word_1_153' title='bbox 1347 2035 1486 2106; x_wconf 78' lang='grc' dir='ltr'>αὐτῇ</span> <span class='ocrx_word' id='word_1_154' title='bbox 1523 2035 1736 2089; x_wconf 86' lang='grc' dir='ltr'>κελλίον</span> <span class='ocrx_word' id='word_1_155' title='bbox 1785 2036 1925 2089; x_wconf 81' lang='grc' dir='ltr'>πάνυ</span> 
     </span>
    </p>
   </div>
   <div class='ocr_carea' id='block_1_23' title="bbox 2023 849 3601 923">
    <p class='ocr_par' dir='ltr' id='par_1_23' title="bbox 2023 849 3601 923">
     <span class='ocr_line' id='line_1_23' title="bbox 2023 849 3601 923; baseline 0 -18"><span class='ocrx_word' id='word_1_156' title='bbox 2023 851 2287 905; x_wconf 82' lang='lat' dir='ltr'><strong>Marinum</strong></span> <span class='ocrx_word' id='word_1_157' title='bbox 2314 851 2484 905; x_wconf 90' lang='lat' dir='ltr'><strong>virum</strong></span> <span class='ocrx_word' id='word_1_158' title='bbox 2515 849 2677 923; x_wconf 57' lang='lat'><strong>432</strong></span> <span class='ocrx_word' id='word_1_159' title='bbox 2726 850 2985 903; x_wconf 89' lang='lat' dir='ltr'><strong>divinitus</strong></span> <span class='ocrx_word' id='word_1_160' title='bbox 3016 860 3338 923; x_wconf 82' lang='lat' dir='ltr'><strong>protectum,</strong></span> <span class='ocrx_word' id='word_1_161' title='bbox 3369 851 3601 905; x_wconf 86' lang='lat' dir='ltr'><strong>admini-</strong></span> 
     </span>
    </p>
   </div>
   <div class='ocr_carea' id='block_1_24' title="bbox 2023 943 3602 1015">
    <p class='ocr_par' dir='ltr' id='par_1_24' title="bbox 2023 943 3602 1015">
     <span class='ocr_line' id='line_1_24' title="bbox 2023 943 3602 1015; baseline 0.002 -18"><span class='ocrx_word' id='word_1_162' title='bbox 2023 944 2272 998; x_wconf 88' lang='lat' dir='ltr'><strong>strationi</strong></span> <span class='ocrx_word' id='word_1_163' title='bbox 2300 945 2658 1013; x_wconf 90' lang='lat' dir='ltr'><strong>onmibusque</strong></span> <span class='ocrx_word' id='word_1_164' title='bbox 2677 943 2989 999; x_wconf 70' lang='lat' dir='ltr'><strong>monasterii</strong></span> <span class='ocrx_word' id='word_1_165' title='bbox 3010 946 3173 999; x_wconf 83' lang='lat' dir='ltr'>rebus</span> <span class='ocrx_word' id='word_1_166' title='bbox 3197 944 3456 1013; x_wconf 64' lang='lat' dir='ltr'><strong>praefecit.</strong></span> <span class='ocrx_word' id='word_1_167' title='bbox 3485 947 3602 1015; x_wconf 84' lang='lat' dir='ltr'><strong>Ipse</strong></span> 
     </span>
    </p>
   </div>
   <div class='ocr_carea' id='block_1_25' title="bbox 2025 1036 3602 1106">
    <p class='ocr_par' dir='ltr' id='par_1_25' title="bbox 2025 1036 3602 1106">
     <span class='ocr_line' id='line_1_25' title="bbox 2025 1036 3602 1106; baseline 0.001 -17"><span class='ocrx_word' id='word_1_168' title='bbox 2025 1044 2202 1089; x_wconf 87' lang='lat' dir='ltr'><strong>autem</strong></span> <span class='ocrx_word' id='word_1_169' title='bbox 2285 1036 2529 1104; x_wconf 79' lang='lat' dir='ltr'><strong>asperius</strong></span> <span class='ocrx_word' id='word_1_170' title='bbox 2588 1036 2708 1090; x_wconf 83' lang='lat' dir='ltr'><strong>vitae</strong></span> <span class='ocrx_word' id='word_1_171' title='bbox 2754 1051 2924 1106; x_wconf 77' lang='lat' dir='ltr'><strong>genus</strong></span> <span class='ocrx_word' id='word_1_172' title='bbox 2973 1050 3260 1106; x_wconf 76' lang='lat' dir='ltr'><strong>aggressus</strong></span> <span class='ocrx_word' id='word_1_173' title='bbox 3315 1043 3394 1091; x_wconf 82' lang='lat' dir='ltr'><strong>est</strong></span> <span class='ocrx_word' id='word_1_174' title='bbox 3426 1075 3442 1102; x_wconf 90' lang='lat'><strong>,</strong></span> <span class='ocrx_word' id='word_1_175' title='bbox 3481 1051 3602 1091; x_wconf 84' lang='lat' dir='ltr'><strong>sese</strong></span> 
     </span>
    </p>
   </div>
   <div class='ocr_carea' id='block_1_26' title="bbox 2024 1127 3602 1197">
    <p class='ocr_par' dir='ltr' id='par_1_26' title="bbox 2024 1127 3602 1197">
     <span class='ocr_line' id='line_1_26' title="bbox 2024 1127 3602 1197; baseline 0.001 -17"><span class='ocrx_word' id='word_1_176' title='bbox 2024 1129 2310 1197; x_wconf 78' lang='lat' dir='ltr'><strong>angustius</strong></span> <span class='ocrx_word' id='word_1_177' title='bbox 2369 1142 2528 1196; x_wconf 84' lang='lat' dir='ltr'><strong>quain</strong></span> <span class='ocrx_word' id='word_1_178' title='bbox 2579 1128 2833 1191; x_wconf 82' lang='lat' dir='ltr'><strong>sinebant</strong></span> <span class='ocrx_word' id='word_1_179' title='bbox 2885 1127 3154 1195; x_wconf 75' lang='lat' dir='ltr'><strong>spelunca:</strong></span> <span class='ocrx_word' id='word_1_180' title='bbox 3210 1128 3491 1197; x_wconf 71' lang='lat' dir='ltr'><strong>angustiae,</strong></span> <span class='ocrx_word' id='word_1_181' title='bbox 3522 1129 3602 1181; x_wconf 84' lang='lat' dir='ltr'><strong>in—</strong></span> 
     </span>
    </p>
   </div>
   <div class='ocr_carea' id='block_1_27' title="bbox 2025 1216 3595 1276">
    <p class='ocr_par' dir='ltr' id='par_1_27' title="bbox 2025 1216 3595 1276">
     <span class='ocr_line' id='line_1_27' title="bbox 2025 1216 3595 1276; baseline 0.001 -3"><span class='ocrx_word' id='word_1_182' title='bbox 2025 1219 2241 1274; x_wconf 81' lang='lat' dir='ltr'><strong>cludere</strong></span> <span class='ocrx_word' id='word_1_183' title='bbox 2293 1220 2345 1273; x_wconf 89' lang='lat' dir='ltr'><strong>in</strong></span> <span class='ocrx_word' id='word_1_184' title='bbox 2417 1216 2600 1274; x_wconf 86' lang='lat' dir='ltr'><strong>animo</strong></span> <span class='ocrx_word' id='word_1_185' title='bbox 2641 1218 2864 1275; x_wconf 84' lang='lat' dir='ltr'><strong>habens.</strong></span> <span class='ocrx_word' id='word_1_186' title='bbox 2899 1218 3034 1274; x_wconf 88' lang='lat' dir='ltr'><strong>Cum</strong></span> <span class='ocrx_word' id='word_1_187' title='bbox 3071 1221 3216 1274; x_wconf 88' lang='lat' dir='ltr'><strong>enim</strong></span> <span class='ocrx_word' id='word_1_188' title='bbox 3271 1224 3468 1275; x_wconf 85' lang='lat' dir='ltr'><strong>montis</strong></span> <span class='ocrx_word' id='word_1_189' title='bbox 3504 1239 3595 1276; x_wconf 86' lang='lat' dir='ltr'><strong>ca-</strong></span> 
     </span>
    </p>
   </div>
   <div class='ocr_carea' id='block_1_28' title="bbox 2026 1308 3601 1382">
    <p class='ocr_par' dir='ltr' id='par_1_28' title="bbox 2026 1308 3601 1382">
     <span class='ocr_line' id='line_1_28' title="bbox 2026 1308 3601 1382; baseline 0.002 -19"><span class='ocrx_word' id='word_1_190' title='bbox 2026 1324 2218 1363; x_wconf 91' lang='lat' dir='ltr'><strong>cumen</strong></span> <span class='ocrx_word' id='word_1_191' title='bbox 2278 1309 2480 1379; x_wconf 78' lang='lat' dir='ltr'><strong>ingenti</strong></span> <span class='ocrx_word' id='word_1_192' title='bbox 2516 1325 2646 1379; x_wconf 89' lang='lat' dir='ltr'><strong>rupe</strong></span> <span class='ocrx_word' id='word_1_193' title='bbox 2678 1308 3016 1377; x_wconf 86' lang='lat' dir='ltr'><strong>lerminetur,</strong></span> <span class='ocrx_word' id='word_1_194' title='bbox 3059 1311 3309 1379; x_wconf 77' lang='lat' dir='ltr'><strong>velutque</strong></span> <span class='ocrx_word' id='word_1_195' title='bbox 3338 1313 3601 1382; x_wconf 66' lang='lat' dir='ltr'><strong>praecipiti</strong></span> 
     </span>
    </p>
   </div>
   <div class='ocr_carea' id='block_1_29' title="bbox 2028 1401 3601 1471">
    <p class='ocr_par' dir='ltr' id='par_1_29' title="bbox 2028 1401 3601 1471">
     <span class='ocr_line' id='line_1_29' title="bbox 2028 1401 3601 1471; baseline 0.003 -19"><span class='ocrx_word' id='word_1_196' title='bbox 2028 1401 2232 1454; x_wconf 90' lang='lat' dir='ltr'><strong>hiatum</strong></span> <span class='ocrx_word' id='word_1_197' title='bbox 2271 1402 2338 1454; x_wconf 86' lang='lat' dir='ltr'><strong>ad</strong></span> <span class='ocrx_word' id='word_1_198' title='bbox 2374 1402 2667 1457; x_wconf 87' lang='lat' dir='ltr'><strong>australem</strong></span> <span class='ocrx_word' id='word_1_199' title='bbox 2701 1412 2908 1470; x_wconf 89' lang='lat' dir='ltr'><strong>partem</strong></span> <span class='ocrx_word' id='word_1_200' title='bbox 2946 1403 3141 1455; x_wconf 87' lang='lat' dir='ltr'><strong>haheat</strong></span> <span class='ocrx_word' id='word_1_201' title='bbox 3174 1403 3225 1455; x_wconf 87' lang='lat' dir='ltr'><strong>in</strong></span> <span class='ocrx_word' id='word_1_202' title='bbox 3256 1420 3359 1471; x_wconf 86' lang='lat' dir='ltr'><strong>qua</strong></span> <span class='ocrx_word' id='word_1_203' title='bbox 3410 1421 3601 1459; x_wconf 82' lang='lat' dir='ltr'><strong>mona-</strong></span> 
     </span>
    </p>
   </div>
   <div class='ocr_carea' id='block_1_30' title="bbox 2027 1489 3603 1560">
    <p class='ocr_par' dir='ltr' id='par_1_30' title="bbox 2027 1489 3603 1560">
     <span class='ocr_line' id='line_1_30' title="bbox 2027 1489 3603 1560; baseline 0.002 -19"><span class='ocrx_word' id='word_1_204' title='bbox 2027 1489 2249 1542; x_wconf 85' lang='lat' dir='ltr'><strong>stcrinm</strong></span> <span class='ocrx_word' id='word_1_205' title='bbox 2288 1500 2342 1543; x_wconf 92' lang='lat' dir='ltr'><strong>et</strong></span> <span class='ocrx_word' id='word_1_206' title='bbox 2373 1489 2626 1560; x_wconf 83' lang='lat' dir='ltr'><strong>spelunca</strong></span> <span class='ocrx_word' id='word_1_207' title='bbox 2675 1489 2936 1543; x_wconf 88' lang='lat' dir='ltr'><strong>divinitus</strong></span> <span class='ocrx_word' id='word_1_208' title='bbox 2968 1490 3181 1545; x_wconf 86' lang='lat' dir='ltr'><strong>condita</strong></span> <span class='ocrx_word' id='word_1_209' title='bbox 3232 1491 3393 1545; x_wconf 86' lang='lat' dir='ltr'><strong>simul</strong></span> <span class='ocrx_word' id='word_1_210' title='bbox 3432 1495 3603 1547; x_wconf 79' lang='lat' dir='ltr'><strong>exsis-</strong></span> 
     </span>
    </p>
   </div>
   <div class='ocr_carea' id='block_1_31' title="bbox 2036 1580 3604 1654">
    <p class='ocr_par' dir='ltr' id='par_1_31' title="bbox 2036 1580 3604 1654">
     <span class='ocr_line' id='line_1_31' title="bbox 2036 1580 3604 1654; baseline 0.002 -22"><span class='ocrx_word' id='word_1_211' title='bbox 2036 1589 2176 1647; x_wconf 89' lang='lat' dir='ltr'><strong>ttmt,</strong></span> <span class='ocrx_word' id='word_1_212' title='bbox 2215 1596 2241 1633; x_wconf 86' lang='lat' dir='ltr'><strong>a</strong></span> <span class='ocrx_word' id='word_1_213' title='bbox 2273 1582 2447 1635; x_wconf 90' lang='lat' dir='ltr'><strong>ventis</strong></span> <span class='ocrx_word' id='word_1_214' title='bbox 2478 1580 2646 1635; x_wconf 87' lang='lat' dir='ltr'><strong>Borea</strong></span> <span class='ocrx_word' id='word_1_215' title='bbox 2673 1591 2724 1636; x_wconf 92' lang='lat' dir='ltr'><strong>et</strong></span> <span class='ocrx_word' id='word_1_216' title='bbox 2775 1580 2958 1635; x_wconf 79' lang='lat' dir='ltr'><strong>Africo</strong></span> <span class='ocrx_word' id='word_1_217' title='bbox 2994 1596 3214 1654; x_wconf 71' lang='lat' dir='ltr'><strong>secura;</strong></span> <span class='ocrx_word' id='word_1_218' title='bbox 3250 1584 3396 1651; x_wconf 83' lang='lat' dir='ltr'><strong>quia,</strong></span> <span class='ocrx_word' id='word_1_219' title='bbox 3430 1593 3487 1635; x_wconf 91' lang='lat' dir='ltr'><strong>ut</strong></span> <span class='ocrx_word' id='word_1_220' title='bbox 3523 1582 3604 1635; x_wconf 85' lang='lat' dir='ltr'><strong>di-</strong></span> 
     </span>
    </p>
   </div>
   <div class='ocr_carea' id='block_1_32' title="bbox 2032 1673 3602 1741">
    <p class='ocr_par' dir='ltr' id='par_1_32' title="bbox 2032 1673 3602 1741">
     <span class='ocr_line' id='line_1_32' title="bbox 2032 1673 3602 1741; baseline 0.003 -18"><span class='ocrx_word' id='word_1_221' title='bbox 2032 1678 2177 1725; x_wconf 88' lang='lat' dir='ltr'><strong>ctum</strong></span> <span class='ocrx_word' id='word_1_222' title='bbox 2203 1681 2307 1737; x_wconf 86' lang='lat' dir='ltr'><strong>est,</strong></span> <span class='ocrx_word' id='word_1_223' title='bbox 2331 1687 2470 1741; x_wconf 90' lang='lat' dir='ltr'><strong>.rupe</strong></span> <span class='ocrx_word' id='word_1_224' title='bbox 2505 1673 2556 1726; x_wconf 92' lang='lat' dir='ltr'><strong>in</strong></span> <span class='ocrx_word' id='word_1_225' title='bbox 2589 1673 2843 1728; x_wconf 73' lang='lat' dir='ltr'><strong>verticem</strong></span> <span class='ocrx_word' id='word_1_226' title='bbox 2878 1687 3046 1740; x_wconf 87' lang='lat' dir='ltr'><strong>usque</strong></span> <span class='ocrx_word' id='word_1_227' title='bbox 3070 1677 3320 1739; x_wconf 83' lang='lat' dir='ltr'><strong>protensa</strong></span> <span class='ocrx_word' id='word_1_228' title='bbox 3351 1676 3602 1741; x_wconf 81' lang='lat' dir='ltr'><strong>ttpel‘itttt-</strong></span> 
     </span>
    </p>
   </div>
   <div class='ocr_carea' id='block_1_33' title="bbox 2028 1761 3600 1831">
    <p class='ocr_par' dir='ltr' id='par_1_33' title="bbox 2028 1761 3600 1831">
     <span class='ocr_line' id='line_1_33' title="bbox 2028 1761 3600 1831; baseline 0.002 -17"><span class='ocrx_word' id='word_1_229' title='bbox 2028 1769 2115 1814; x_wconf 88' lang='lat' dir='ltr'><strong>tur</strong></span> <span class='ocrx_word' id='word_1_230' title='bbox 2149 1779 2161 1814; x_wconf 88' lang='lat'><strong>:</strong></span> <span class='ocrx_word' id='word_1_231' title='bbox 2203 1762 2305 1814; x_wconf 81' lang='lat' dir='ltr'><strong>isto</strong></span> <span class='ocrx_word' id='word_1_232' title='bbox 2339 1762 2542 1817; x_wconf 83' lang='lat' dir='ltr'><strong>vertice</strong></span> <span class='ocrx_word' id='word_1_233' title='bbox 2578 1761 2904 1831; x_wconf 89' lang='lat' dir='ltr'><strong>perlustrato</strong></span> <span class='ocrx_word' id='word_1_234' title='bbox 2932 1761 3283 1818; x_wconf 86' lang='lat' dir='ltr'><strong>beatissimus</strong></span> <span class='ocrx_word' id='word_1_235' title='bbox 3312 1761 3475 1819; x_wconf 85' lang='lat' dir='ltr'><strong>Pater</strong></span> <span class='ocrx_word' id='word_1_236' title='bbox 3502 1782 3600 1818; x_wconf 88' lang='lat' dir='ltr'><strong>tto-</strong></span> 
     </span>
    </p>
   </div>
   <div class='ocr_carea' id='block_1_34' title="bbox 2028 1849 3604 1923">
    <p class='ocr_par' dir='ltr' id='par_1_34' title="bbox 2028 1849 3604 1923">
     <span class='ocr_line' id='line_1_34' title="bbox 2028 1849 3604 1923; baseline 0.001 -18"><span class='ocrx_word' id='word_1_237' title='bbox 2028 1860 2140 1905; x_wconf 85' lang='lat' dir='ltr'><strong>stcr</strong></span> <span class='ocrx_word' id='word_1_238' title='bbox 2171 1849 2496 1920; x_wconf 78' lang='lat' dir='ltr'><strong>Stephanus.</strong></span> <span class='ocrx_word' id='word_1_239' title='bbox 2531 1852 2725 1906; x_wconf 83' lang='lat' dir='ltr'><strong>ibidem</strong></span> <span class='ocrx_word' id='word_1_240' title='bbox 2755 1851 3003 1906; x_wconf 85' lang='lat' dir='ltr'><strong>cellulam</strong></span> <span class='ocrx_word' id='word_1_241' title='bbox 3031 1852 3390 1923; x_wconf 83' lang='lat' dir='ltr'><strong>longitudine,</strong></span> <span class='ocrx_word' id='word_1_242' title='bbox 3416 1853 3604 1907; x_wconf 87' lang='lat' dir='ltr'><strong>latitu-</strong></span> 
     </span>
    </p>
   </div>
   <div class='ocr_carea' id='block_1_35' title="bbox 2029 1943 3605 2016">
    <p class='ocr_par' dir='ltr' id='par_1_35' title="bbox 2029 1943 3605 2016">
     <span class='ocr_line' id='line_1_35' title="bbox 2029 1943 3605 2016; baseline 0.003 -19"><span class='ocrx_word' id='word_1_243' title='bbox 2029 1944 2175 2006; x_wconf 86' lang='lat' dir='ltr'><strong>dine,</strong></span> <span class='ocrx_word' id='word_1_244' title='bbox 2217 1943 2521 2009; x_wconf 85' lang='lat' dir='ltr'><strong>altitudine,</strong></span> <span class='ocrx_word' id='word_1_245' title='bbox 2558 1953 2612 1998; x_wconf 90' lang='lat' dir='ltr'><strong>et</strong></span> <span class='ocrx_word' id='word_1_246' title='bbox 2656 1945 3024 2013; x_wconf 86' lang='lat' dir='ltr'><strong>profunditate</strong></span> <span class='ocrx_word' id='word_1_247' title='bbox 3075 1945 3518 2016; x_wconf 78' lang='lat' dir='ltr'><strong>augustissimam</strong></span> <span class='ocrx_word' id='word_1_248' title='bbox 3573 1964 3605 2002; x_wconf 75' lang='grc' dir='ltr'>υ</span> 
     </span>
    </p>
   </div>
   <div class='ocr_carea' id='block_1_36' title="bbox 2030 2036 3605 2105">
    <p class='ocr_par' dir='ltr' id='par_1_36' title="bbox 2030 2036 3605 2105">
     <span class='ocr_line' id='line_1_36' title="bbox 2030 2036 3605 2105; baseline 0.001 -16"><span class='ocrx_word' id='word_1_249' title='bbox 2030 2044 2341 2090; x_wconf 80' lang='lat' dir='ltr'><strong>transverso</strong></span> <span class='ocrx_word' id='word_1_250' title='bbox 2373 2051 2570 2105; x_wconf 84' lang='lat' dir='ltr'><strong>specus</strong></span> <span class='ocrx_word' id='word_1_251' title='bbox 2598 2036 2889 2091; x_wconf 75' lang='lat' dir='ltr'><strong>exstruxit.</strong></span> <span class='ocrx_word' id='word_1_252' title='bbox 2919 2036 3087 2090; x_wconf 86' lang='lat' dir='ltr'><strong>Porro</strong></span> <span class='ocrx_word' id='word_1_253' title='bbox 3121 2037 3350 2092; x_wconf 86' lang='lat' dir='ltr'><strong>latitudo</strong></span> <span class='ocrx_word' id='word_1_254' title='bbox 3382 2039 3605 2094; x_wconf 83' lang='lat' dir='ltr'><strong>circiter</strong></span> 
     </span>
    </p>
   </div>
   <div class='ocr_carea' id='block_1_37' title="bbox 340 2106 1928 2204">
    <p class='ocr_par' dir='ltr' id='par_1_37' title="bbox 340 2106 1927 2204">
     <span class='ocr_line' id='line_1_37' title="bbox 340 2106 1927 2204; baseline -0.007 -19"><span class='ocrx_word' id='word_1_255' title='bbox 340 2106 685 2204; x_wconf 65' lang='grc' dir='ltr'>βραχύτατον</span> <span class='ocrx_word' id='word_1_256' title='bbox 717 2129 800 2193; x_wconf 77' lang='grc' dir='ltr'><strong>εἷς</strong></span> <span class='ocrx_word' id='word_1_257' title='bbox 833 2145 891 2183; x_wconf 84' lang='grc' dir='ltr'><strong>τε</strong></span> <span class='ocrx_word' id='word_1_258' title='bbox 920 2130 981 2184; x_wconf 84' lang='grc' dir='ltr'><strong>τὺ</strong></span> <span class='ocrx_word' id='word_1_259' title='bbox 1016 2128 1193 2200; x_wconf 80' lang='grc' dir='ltr'>μῆκος</span> <span class='ocrx_word' id='word_1_260' title='bbox 1223 2129 1317 2181; x_wconf 81' lang='grc' dir='ltr'>καὶ</span> <span class='ocrx_word' id='word_1_261' title='bbox 1355 2123 1535 2199; x_wconf 80' lang='grc' dir='ltr'>εὖρος,</span> <span class='ocrx_word' id='word_1_262' title='bbox 1583 2127 1715 2197; x_wconf 73' lang='grc' dir='ltr'>ὕψος</span> <span class='ocrx_word' id='word_1_263' title='bbox 1743 2145 1804 2181; x_wconf 83' lang='grc' dir='ltr'><strong>τε</strong></span> <span class='ocrx_word' id='word_1_264' title='bbox 1834 2128 1927 2183; x_wconf 72' lang='grc' dir='ltr'>καὶ</span> 
     </span>
    </p>
   </div>
   <div class='ocr_carea' id='block_1_38' title="bbox 2032 2106 3605 2204">
    <p class='ocr_par' dir='ltr' id='par_1_38' title="bbox 2035 2127 3605 2198">
     <span class='ocr_line' id='line_1_38' title="bbox 2035 2127 3605 2198; baseline 0.004 -20"><span class='ocrx_word' id='word_1_265' title='bbox 2035 2128 2192 2182; x_wconf 90' lang='lat' dir='ltr'><strong>unius</strong></span> <span class='ocrx_word' id='word_1_266' title='bbox 2250 2138 2302 2181; x_wconf 89' lang='lat' dir='ltr'><strong>et</strong></span> <span class='ocrx_word' id='word_1_267' title='bbox 2363 2128 2569 2181; x_wconf 85' lang='lat' dir='ltr'><strong>dimidii</strong></span> <span class='ocrx_word' id='word_1_268' title='bbox 2625 2128 2790 2183; x_wconf 84' lang='lat' dir='ltr'><strong>cubiti</strong></span> <span class='ocrx_word' id='word_1_269' title='bbox 2831 2137 2989 2181; x_wconf 85' lang='lat' dir='ltr'><strong>erat:</strong></span> <span class='ocrx_word' id='word_1_270' title='bbox 3024 2127 3323 2198; x_wconf 77' lang='lat' dir='ltr'><strong>longitudo,</strong></span> <span class='ocrx_word' id='word_1_271' title='bbox 3386 2131 3605 2184; x_wconf 75' lang='lat' dir='ltr'><strong>circiter</strong></span> 
     </span>
    </p>
   </div>
   <div class='ocr_carea' id='block_1_39' title="bbox 345 2220 1928 2293">
    <p class='ocr_par' dir='ltr' id='par_1_39' title="bbox 345 2220 1928 2293">
     <span class='ocr_line' id='line_1_39' title="bbox 345 2220 1928 2293; baseline -0.003 -16"><span class='ocrx_word' id='word_1_272' title='bbox 345 2222 513 2293; x_wconf 83' lang='grc' dir='ltr'><strong>βάθος</strong></span> <span class='ocrx_word' id='word_1_273' title='bbox 537 2263 553 2289; x_wconf 87' lang='grc'><strong>,</strong></span> <span class='ocrx_word' id='word_1_274' title='bbox 589 2220 682 2275; x_wconf 84' lang='grc' dir='ltr'><strong>τοῦ</strong></span> <span class='ocrx_word' id='word_1_275' title='bbox 712 2220 1009 2289; x_wconf 85' lang='grc' dir='ltr'>πλαγιόθεν</span> <span class='ocrx_word' id='word_1_276' title='bbox 1056 2221 1323 2293; x_wconf 75' lang='grc' dir='ltr'>σπηλαίου</span> <span class='ocrx_word' id='word_1_277' title='bbox 1349 2259 1363 2283; x_wconf 86' lang='grc'><strong>,</strong></span> <span class='ocrx_word' id='word_1_278' title='bbox 1395 2220 1529 2274; x_wconf 72' lang='grc' dir='ltr'>ὡσεὶ</span> <span class='ocrx_word' id='word_1_279' title='bbox 1555 2221 1682 2290; x_wconf 82' lang='grc' dir='ltr'>μιᾶς</span> <span class='ocrx_word' id='word_1_280' title='bbox 1712 2223 1928 2290; x_wconf 76' lang='grc' dir='ltr'>πήχεως</span> 
     </span>
    </p>
   </div>
   <div class='ocr_carea' id='block_1_40' title="bbox 344 2312 1930 2385">
    <p class='ocr_par' dir='ltr' id='par_1_40' title="bbox 344 2312 1930 2385">
     <span class='ocr_line' id='line_1_40' title="bbox 344 2312 1930 2385; baseline -0.001 -18"><span class='ocrx_word' id='word_1_281' title='bbox 344 2316 443 2373; x_wconf 78' lang='grc' dir='ltr'><strong>καὶ</strong></span> <span class='ocrx_word' id='word_1_282' title='bbox 488 2313 736 2385; x_wconf 82' lang='grc' dir='ltr'><strong>ἡμίσεως</strong></span> <span class='ocrx_word' id='word_1_283' title='bbox 782 2313 843 2367; x_wconf 83' lang='grc' dir='ltr'><strong>τὸ</strong></span> <span class='ocrx_word' id='word_1_284' title='bbox 878 2313 1057 2384; x_wconf 76' lang='grc' dir='ltr'>εὖρος,</span> <span class='ocrx_word' id='word_1_285' title='bbox 1093 2313 1229 2366; x_wconf 72' lang='grc' dir='ltr'>ὡσεὶ</span> <span class='ocrx_word' id='word_1_286' title='bbox 1269 2312 1365 2367; x_wconf 76' lang='grc' dir='ltr'>δύο</span> <span class='ocrx_word' id='word_1_287' title='bbox 1408 2313 1465 2366; x_wconf 82' lang='grc' dir='ltr'>δὲ</span> <span class='ocrx_word' id='word_1_288' title='bbox 1494 2313 1554 2366; x_wconf 80' lang='grc' dir='ltr'>τὸ</span> <span class='ocrx_word' id='word_1_289' title='bbox 1589 2312 1797 2384; x_wconf 83' lang='grc' dir='ltr'>μῆκος·</span> <span class='ocrx_word' id='word_1_290' title='bbox 1834 2314 1930 2367; x_wconf 70' lang='grc' dir='ltr'>καὶ</span> 
     </span>
    </p>
   </div>
   <div class='ocr_carea' id='block_1_41' title="bbox 340 2404 1929 2476">
    <p class='ocr_par' dir='ltr' id='par_1_41' title="bbox 340 2404 1929 2476">
     <span class='ocr_line' id='line_1_41' title="bbox 340 2404 1929 2476; baseline -0.001 -17"><span class='ocrx_word' id='word_1_291' title='bbox 340 2405 485 2476; x_wconf 82' lang='grc' dir='ltr'>πρὸς</span> <span class='ocrx_word' id='word_1_292' title='bbox 511 2406 574 2459; x_wconf 81' lang='grc' dir='ltr'>τὸ</span> <span class='ocrx_word' id='word_1_293' title='bbox 610 2404 746 2476; x_wconf 76' lang='grc' dir='ltr'>ἑῷον</span> <span class='ocrx_word' id='word_1_294' title='bbox 778 2405 973 2476; x_wconf 82' lang='grc' dir='ltr'><strong>μέρος,</strong></span> <span class='ocrx_word' id='word_1_295' title='bbox 1007 2407 1236 2458; x_wconf 75' lang='grc' dir='ltr'>ἑκτυποῖ</span> <span class='ocrx_word' id='word_1_296' title='bbox 1276 2404 1588 2476; x_wconf 78' lang='grc' dir='ltr'><strong>προσευχῆς</strong></span> <span class='ocrx_word' id='word_1_297' title='bbox 1636 2405 1929 2476; x_wconf 81' lang='grc' dir='ltr'>κογχάριον</span> 
     </span>
    </p>
   </div>
   <div class='ocr_carea' id='block_1_42' title="bbox 338 2496 1932 2569">
    <p class='ocr_par' dir='ltr' id='par_1_42' title="bbox 338 2496 1932 2569">
     <span class='ocr_line' id='line_1_42' title="bbox 338 2496 1932 2569; baseline -0.001 -18"><span class='ocrx_word' id='word_1_298' title='bbox 338 2498 469 2569; x_wconf 72' lang='grc' dir='ltr'>ἔχον</span> <span class='ocrx_word' id='word_1_299' title='bbox 499 2499 559 2551; x_wconf 82' lang='grc' dir='ltr'>τὸ</span> <span class='ocrx_word' id='word_1_300' title='bbox 586 2496 743 2567; x_wconf 74' lang='grc' dir='ltr'>ὕψος,</span> <span class='ocrx_word' id='word_1_301' title='bbox 773 2496 852 2551; x_wconf 76' lang='grc' dir='ltr'>ἔτι</span> <span class='ocrx_word' id='word_1_302' title='bbox 894 2498 1052 2567; x_wconf 87' lang='grc' dir='ltr'>μόνον</span> <span class='ocrx_word' id='word_1_303' title='bbox 1086 2496 1418 2565; x_wconf 81' lang='grc' dir='ltr'>συγκύπτων</span> <span class='ocrx_word' id='word_1_304' title='bbox 1451 2499 1675 2569; x_wconf 85' lang='grc' dir='ltr'>στήκειν</span> <span class='ocrx_word' id='word_1_305' title='bbox 1701 2497 1932 2566; x_wconf 66' lang='grc' dir='ltr'>ἠδύνατο</span> 
     </span>
    </p>
   </div>
   <div class='ocr_carea' id='block_1_43' title="bbox 336 2588 1929 2661">
    <p class='ocr_par' dir='ltr' id='par_1_43' title="bbox 336 2588 1929 2661">
     <span class='ocr_line' id='line_1_43' title="bbox 336 2588 1929 2661; baseline -0.002 -17"><span class='ocrx_word' id='word_1_306' title='bbox 336 2591 405 2644; x_wconf 81' lang='grc' dir='ltr'>τὸ</span> <span class='ocrx_word' id='word_1_307' title='bbox 434 2590 600 2660; x_wconf 80' lang='grc' dir='ltr'>μέχρι</span> <span class='ocrx_word' id='word_1_308' title='bbox 643 2588 741 2643; x_wconf 74' lang='grc' dir='ltr'><strong>τοῦ</strong></span> <span class='ocrx_word' id='word_1_309' title='bbox 781 2588 878 2643; x_wconf 79' lang='grc' dir='ltr'><strong>νῦν</strong></span> <span class='ocrx_word' id='word_1_310' title='bbox 925 2589 1271 2660; x_wconf 73' lang='grc' dir='ltr'>σωζόμενονο</span> <span class='ocrx_word' id='word_1_311' title='bbox 1324 2589 1385 2642; x_wconf 83' lang='grc' dir='ltr'>τὸ</span> <span class='ocrx_word' id='word_1_312' title='bbox 1423 2588 1479 2642; x_wconf 80' lang='grc' dir='ltr'>δὲ</span> <span class='ocrx_word' id='word_1_313' title='bbox 1525 2589 1653 2643; x_wconf 73' lang='grc' dir='ltr'>ἄλλο</span> <span class='ocrx_word' id='word_1_314' title='bbox 1691 2588 1837 2642; x_wconf 76' lang='grc' dir='ltr'>ἅπαν</span> <span class='ocrx_word' id='word_1_315' title='bbox 1864 2591 1929 2661; x_wconf 71' lang='grc' dir='ltr'>τῇ</span> 
     </span>
    </p>
   </div>
   <div class='ocr_carea' id='block_1_44' title="bbox 337 2673 1932 2752">
    <p class='ocr_par' dir='ltr' id='par_1_44' title="bbox 337 2673 1932 2752">
     <span class='ocr_line' id='line_1_44' title="bbox 337 2673 1932 2752; baseline -0.004 -15"><span class='ocrx_word' id='word_1_316' title='bbox 337 2673 749 2751; x_wconf 68' lang='grc' dir='ltr'>ἀχειροτεύκτῳ</span> <span class='ocrx_word' id='word_1_317' title='bbox 772 2680 944 2752; x_wconf 76' lang='grc' dir='ltr'>στέγῃ</span> <span class='ocrx_word' id='word_1_318' title='bbox 971 2679 1066 2735; x_wconf 80' lang='grc' dir='ltr'>τοῦ</span> <span class='ocrx_word' id='word_1_319' title='bbox 1091 2679 1325 2751; x_wconf 80' lang='grc' dir='ltr'>οὐρανοῦ</span> <span class='ocrx_word' id='word_1_320' title='bbox 1359 2678 1735 2733; x_wconf 85' lang='grc' dir='ltr'>καλύπτεσθαι</span> <span class='ocrx_word' id='word_1_321' title='bbox 1759 2678 1932 2732; x_wconf 83' lang='grc' dir='ltr'>θέλων</span> 
     </span>
    </p>
   </div>
   <div class='ocr_carea' id='block_1_45' title="bbox 339 2769 1932 2844">
    <p class='ocr_par' dir='ltr' id='par_1_45' title="bbox 339 2769 1932 2844">
     <span class='ocr_line' id='line_1_45' title="bbox 339 2769 1932 2844; baseline -0.003 -16"><span class='ocrx_word' id='word_1_322' title='bbox 339 2770 716 2844; x_wconf 61' lang='grc' dir='ltr'>ἀίεῖρόφωτον</span> <span class='ocrx_word' id='word_1_323' title='bbox 739 2771 898 2825; x_wconf 78' lang='grc' dir='ltr'>τοῦτο</span> <span class='ocrx_word' id='word_1_324' title='bbox 920 2771 1241 2843; x_wconf 82' lang='grc' dir='ltr'>παρείασεν.</span> <span class='ocrx_word' id='word_1_325' title='bbox 1259 2769 1511 2824; x_wconf 80' lang='grc' dir='ltr'>Τοιοῦτον</span> <span class='ocrx_word' id='word_1_326' title='bbox 1536 2770 1592 2823; x_wconf 77' lang='grc' dir='ltr'>δὲ</span> <span class='ocrx_word' id='word_1_327' title='bbox 1620 2769 1778 2824; x_wconf 79' lang='grc' dir='ltr'>τοῦτο</span> <span class='ocrx_word' id='word_1_328' title='bbox 1808 2787 1932 2823; x_wconf 84' lang='grc' dir='ltr'>στε-</span> 
     </span>
    </p>
   </div>
   <div class='ocr_carea' id='block_1_46' title="bbox 338 2861 1934 2936">
    <p class='ocr_par' dir='ltr' id='par_1_46' title="bbox 338 2861 1934 2936">
     <span class='ocr_line' id='line_1_46' title="bbox 338 2861 1934 2936; baseline -0.002 -18"><span class='ocrx_word' id='word_1_329' title='bbox 338 2864 589 2936; x_wconf 75' lang='grc' dir='ltr'>νόχωρον</span> <span class='ocrx_word' id='word_1_330' title='bbox 603 2864 699 2917; x_wconf 81' lang='grc' dir='ltr'><strong>καὶ</strong></span> <span class='ocrx_word' id='word_1_331' title='bbox 717 2862 946 2934; x_wconf 78' lang='grc' dir='ltr'>φοϐερὸν</span> <span class='ocrx_word' id='word_1_332' title='bbox 975 2861 1133 2932; x_wconf 77' lang='grc' dir='ltr'>ὲποίη</span> <span class='ocrx_word' id='word_1_333' title='bbox 1143 2878 1254 2927; x_wconf 87' lang='grc' dir='ltr'>σεν,</span> <span class='ocrx_word' id='word_1_334' title='bbox 1272 2861 1411 2915; x_wconf 79' lang='grc' dir='ltr'>ὥστε</span> <span class='ocrx_word' id='word_1_335' title='bbox 1433 2863 1559 2924; x_wconf 78' lang='grc' dir='ltr'>τοὺς</span> <span class='ocrx_word' id='word_1_336' title='bbox 1581 2861 1934 2933; x_wconf 80' lang='grc' dir='ltr'><strong>καθορῶντας</strong></span> 
     </span>
    </p>
   </div>
   <div class='ocr_carea' id='block_1_47' title="bbox 337 2952 1931 3028">
    <p class='ocr_par' dir='ltr' id='par_1_47' title="bbox 337 2952 1931 3028">
     <span class='ocr_line' id='line_1_47' title="bbox 337 2952 1931 3028; baseline -0.001 -17"><span class='ocrx_word' id='word_1_337' title='bbox 337 2955 633 3011; x_wconf 80' lang='grc' dir='ltr'>τὸτοιόνδε</span> <span class='ocrx_word' id='word_1_338' title='bbox 678 2955 860 3024; x_wconf 86' lang='grc' dir='ltr'>λέγειν</span> <span class='ocrx_word' id='word_1_339' title='bbox 903 2956 1095 3026; x_wconf 83' lang='grc' dir='ltr'>μνῆμα</span> <span class='ocrx_word' id='word_1_340' title='bbox 1144 2955 1298 3026; x_wconf 82' lang='grc' dir='ltr'>μόλις</span> <span class='ocrx_word' id='word_1_341' title='bbox 1350 2952 1486 3008; x_wconf 74' lang='grc' dir='ltr'>εἶναι</span> <span class='ocrx_word' id='word_1_342' title='bbox 1527 2956 1665 3027; x_wconf 82' lang='grc' dir='ltr'>πρὸς</span> <span class='ocrx_word' id='word_1_343' title='bbox 1701 2954 1803 3028; x_wconf 82' lang='grc' dir='ltr'>τὴν</span> <span class='ocrx_word' id='word_1_344' title='bbox 1840 2954 1931 3009; x_wconf 80' lang='grc' dir='ltr'><strong>τοῦ</strong></span> 
     </span>
    </p>
   </div>
   <div class='ocr_carea' id='block_1_48' title="bbox 336 3046 1934 3120">
    <p class='ocr_par' dir='ltr' id='par_1_48' title="bbox 336 3046 1934 3120">
     <span class='ocr_line' id='line_1_48' title="bbox 336 3046 1934 3120; baseline -0.001 -17"><span class='ocrx_word' id='word_1_345' title='bbox 336 3049 610 3120; x_wconf 80' lang='grc' dir='ltr'><strong>δυστήνου</strong></span> <span class='ocrx_word' id='word_1_346' title='bbox 660 3047 888 3120; x_wconf 76' lang='grc' dir='ltr'>σαρκίου</span> <span class='ocrx_word' id='word_1_347' title='bbox 920 3047 1111 3102; x_wconf 77' lang='grc' dir='ltr'>τούτου</span> <span class='ocrx_word' id='word_1_348' title='bbox 1150 3046 1348 3117; x_wconf 82' lang='grc' dir='ltr'>ταφὴν,</span> <span class='ocrx_word' id='word_1_349' title='bbox 1380 3047 1414 3117; x_wconf 80' lang='grc' dir='ltr'>ἢ</span> <span class='ocrx_word' id='word_1_350' title='bbox 1453 3049 1773 3119; x_wconf 78' lang='grc' dir='ltr'><strong>οἰκητήριον</strong></span> <span class='ocrx_word' id='word_1_351' title='bbox 1797 3049 1934 3119; x_wconf 75' lang='grc' dir='ltr'>πρδς</span> 
     </span>
    </p>
   </div>
   <div class='ocr_carea' id='block_1_49' title="bbox 336 3137 1933 3212">
    <p class='ocr_par' dir='ltr' id='par_1_49' title="bbox 336 3137 1933 3212">
     <span class='ocr_line' id='line_1_49' title="bbox 336 3137 1933 3212; baseline -0.004 -14"><span class='ocrx_word' id='word_1_352' title='bbox 336 3142 656 3198; x_wconf 77' lang='grc' dir='ltr'>ἀνάπαυσιν</span> <span class='ocrx_word' id='word_1_353' title='bbox 708 3139 909 3212; x_wconf 86' lang='grc' dir='ltr'>μονῆς·</span> <span class='ocrx_word' id='word_1_354' title='bbox 964 3139 1060 3193; x_wconf 69' lang='grc' dir='ltr'>καὶ</span> <span class='ocrx_word' id='word_1_355' title='bbox 1120 3139 1194 3212; x_wconf 83' lang='grc' dir='ltr'>μή</span> <span class='ocrx_word' id='word_1_356' title='bbox 1259 3155 1346 3202; x_wconf 86' lang='grc' dir='ltr'><strong>τις</strong></span> <span class='ocrx_word' id='word_1_357' title='bbox 1410 3137 1674 3193; x_wconf 78' lang='grc' dir='ltr'><strong>ὑπολάϐοι</strong></span> <span class='ocrx_word' id='word_1_358' title='bbox 1719 3138 1782 3191; x_wconf 84' lang='grc' dir='ltr'><strong>τὺ</strong></span> <span class='ocrx_word' id='word_1_359' title='bbox 1825 3139 1933 3191; x_wconf 82' lang='grc' dir='ltr'>τῶν</span> 
     </span>
    </p>
   </div>
   <div class='ocr_carea' id='block_1_50' title="bbox 340 3217 1933 3307">
    <p class='ocr_par' dir='ltr' id='par_1_50' title="bbox 340 3217 1933 3307">
     <span class='ocr_line' id='line_1_50' title="bbox 340 3217 1933 3307; baseline -0.001 -22"><span class='ocrx_word' id='word_1_360' title='bbox 340 3217 741 3307; x_wconf 71' lang='grc' dir='ltr'>μεμψιμοίρων</span> <span class='ocrx_word' id='word_1_361' title='bbox 783 3229 1109 3303; x_wconf 83' lang='grc' dir='ltr'>αίρετικῶν,</span> <span class='ocrx_word' id='word_1_362' title='bbox 1167 3229 1242 3293; x_wconf 86' lang='grc' dir='ltr'>ὡς</span> <span class='ocrx_word' id='word_1_363' title='bbox 1301 3230 1444 3301; x_wconf 82' lang='grc' dir='ltr'><strong>ὑπὲρ</strong></span> <span class='ocrx_word' id='word_1_364' title='bbox 1486 3230 1614 3295; x_wconf 83' lang='grc' dir='ltr'>τοὺς</span> <span class='ocrx_word' id='word_1_365' title='bbox 1664 3246 1933 3302; x_wconf 84' lang='grc' dir='ltr'>προγεγο-</span> 
     </span>
    </p>
   </div>
   <div class='ocr_carea' id='block_1_51' title="bbox 335 3318 1935 3395">
    <p class='ocr_par' dir='ltr' id='par_1_51' title="bbox 335 3318 1935 3395">
     <span class='ocr_line' id='line_1_51' title="bbox 335 3318 1935 3395; baseline -0.005 -14"><span class='ocrx_word' id='word_1_366' title='bbox 335 3326 510 3390; x_wconf 85' lang='grc' dir='ltr'>νότας</span> <span class='ocrx_word' id='word_1_367' title='bbox 547 3323 797 3395; x_wconf 84' lang='grc' dir='ltr'>Πατέρας</span> <span class='ocrx_word' id='word_1_368' title='bbox 822 3322 1012 3377; x_wconf 81' lang='grc' dir='ltr'>τοῦτον</span> <span class='ocrx_word' id='word_1_369' title='bbox 1037 3318 1464 3393; x_wconf 72' lang='grc' dir='ltr'>πεφρονηκέναι.</span> <span class='ocrx_word' id='word_1_370' title='bbox 1505 3320 1618 3376; x_wconf 80' lang='grc' dir='ltr'><strong>Καὶ</strong></span> <span class='ocrx_word' id='word_1_371' title='bbox 1647 3321 1756 3394; x_wconf 85' lang='grc' dir='ltr'><strong>γὰρ</strong></span> <span class='ocrx_word' id='word_1_372' title='bbox 1775 3320 1935 3390; x_wconf 84' lang='grc' dir='ltr'>λόγος</span> 
     </span>
    </p>
   </div>
   <div class='ocr_carea' id='block_1_52' title="bbox 334 3412 2000 3505">
    <p class='ocr_par' dir='ltr' id='par_1_52' title="bbox 334 3412 2000 3505">
     <span class='ocr_line' id='line_1_52' title="bbox 334 3412 2000 3505; baseline -0.003 -34"><span class='ocrx_word' id='word_1_373' title='bbox 334 3435 434 3481; x_wconf 77' lang='grc' dir='ltr'>τις</span> <span class='ocrx_word' id='word_1_374' title='bbox 465 3419 521 3471; x_wconf 71' lang='grc' dir='ltr'>ἐν</span> <span class='ocrx_word' id='word_1_375' title='bbox 550 3415 629 3488; x_wconf 83' lang='grc' dir='ltr'>τῷ</span> <span class='ocrx_word' id='word_1_376' title='bbox 665 3415 763 3469; x_wconf 81' lang='grc' dir='ltr'>τοῦ</span> <span class='ocrx_word' id='word_1_377' title='bbox 800 3415 1147 3487; x_wconf 76' lang='grc' dir='ltr'>προπάτορος</span> <span class='ocrx_word' id='word_1_378' title='bbox 1187 3413 1476 3480; x_wconf 78' lang='grc' dir='ltr'>Αὑξεντίου</span> <span class='ocrx_word' id='word_1_379' title='bbox 1518 3412 1800 3485; x_wconf 87' lang='grc' dir='ltr'>θεαρέστῳ</span> <span class='ocrx_word' id='word_1_380' title='bbox 1831 3414 1930 3484; x_wconf 84' lang='grc' dir='ltr'><strong>βίῳ</strong></span> <span class='ocrx_word' id='word_1_381' title='bbox 1957 3447 2000 3505; x_wconf 78' lang='lat' dir='ltr'><strong>C</strong></span> 
     </span>
    </p>
   </div>
   <div class='ocr_carea' id='block_1_53' title="bbox 339 3505 1927 3580">
    <p class='ocr_par' dir='ltr' id='par_1_53' title="bbox 339 3505 1927 3580">
     <span class='ocr_line' id='line_1_53' title="bbox 339 3505 1927 3580; baseline -0.003 -18"><span class='ocrx_word' id='word_1_382' title='bbox 339 3511 653 3580; x_wconf 71' lang='grc' dir='ltr'>ἐμφέρεται</span> <span class='ocrx_word' id='word_1_383' title='bbox 699 3507 792 3565; x_wconf 78' lang='grc' dir='ltr'><strong>τὸν</strong></span> <span class='ocrx_word' id='word_1_384' title='bbox 838 3505 1065 3567; x_wconf 78' lang='grc' dir='ltr'>κλουϐὸν</span> <span class='ocrx_word' id='word_1_385' title='bbox 1088 3506 1166 3577; x_wconf 83' lang='grc'><strong>(5)</strong></span> <span class='ocrx_word' id='word_1_386' title='bbox 1210 3509 1309 3576; x_wconf 82' lang='grc' dir='ltr'><strong>τῆς</strong></span> <span class='ocrx_word' id='word_1_387' title='bbox 1343 3505 1510 3561; x_wconf 83' lang='grc' dir='ltr'>αὐτοῦ</span> <span class='ocrx_word' id='word_1_388' title='bbox 1544 3506 1831 3575; x_wconf 79' lang='grc' dir='ltr'>ἀσκήσεως</span> <span class='ocrx_word' id='word_1_389' title='bbox 1870 3507 1927 3557; x_wconf 81' lang='grc' dir='ltr'>ἐν</span> 
     </span>
    </p>
   </div>
   <div class='ocr_carea' id='block_1_54' title="bbox 2030 2219 3601 2287">
    <p class='ocr_par' dir='ltr' id='par_1_54' title="bbox 2030 2219 3601 2287">
     <span class='ocr_line' id='line_1_54' title="bbox 2030 2219 3601 2287; baseline 0 -14"><span class='ocrx_word' id='word_1_390' title='bbox 2030 2220 2280 2273; x_wconf 86' lang='lat' dir='ltr'><strong>duorum.</strong></span> <span class='ocrx_word' id='word_1_391' title='bbox 2316 2219 2395 2271; x_wconf 81' lang='lat' dir='ltr'><strong>Ad</strong></span> <span class='ocrx_word' id='word_1_392' title='bbox 2426 2228 2633 2287; x_wconf 85' lang='lat' dir='ltr'><strong>partem</strong></span> <span class='ocrx_word' id='word_1_393' title='bbox 2671 2233 2884 2287; x_wconf 86' lang='lat' dir='ltr'><strong>quoque</strong></span> <span class='ocrx_word' id='word_1_394' title='bbox 2913 2219 3231 2273; x_wconf 88' lang='lat' dir='ltr'><strong>orientalem</strong></span> <span class='ocrx_word' id='word_1_395' title='bbox 3283 2220 3601 2274; x_wconf 80' lang='lat' dir='ltr'><strong>Conchulam</strong></span> 
     </span>
    </p>
   </div>
   <div class='ocr_carea' id='block_1_55' title="bbox 2030 2310 3603 2377">
    <p class='ocr_par' dir='ltr' id='par_1_55' title="bbox 2030 2310 3603 2377">
     <span class='ocr_line' id='line_1_55' title="bbox 2030 2310 3603 2377; baseline 0.001 -14"><span class='ocrx_word' id='word_1_396' title='bbox 2030 2312 2096 2365; x_wconf 86' lang='lat' dir='ltr'><strong>ad</strong></span> <span class='ocrx_word' id='word_1_397' title='bbox 2115 2313 2373 2364; x_wconf 86' lang='lat' dir='ltr'><strong>orandum</strong></span> <span class='ocrx_word' id='word_1_398' title='bbox 2390 2311 2648 2375; x_wconf 88' lang='lat' dir='ltr'><strong>condidit,</strong></span> <span class='ocrx_word' id='word_1_399' title='bbox 2668 2310 2781 2377; x_wconf 82' lang='lat' dir='ltr'><strong>ejus</strong></span> <span class='ocrx_word' id='word_1_400' title='bbox 2806 2311 3127 2376; x_wconf 89' lang='lat' dir='ltr'><strong>altitudinis,</strong></span> <span class='ocrx_word' id='word_1_401' title='bbox 3152 2319 3210 2365; x_wconf 90' lang='lat' dir='ltr'><strong>ut</strong></span> <span class='ocrx_word' id='word_1_402' title='bbox 3240 2311 3371 2365; x_wconf 89' lang='lat' dir='ltr'><strong>inca</strong></span> <span class='ocrx_word' id='word_1_403' title='bbox 3398 2321 3603 2366; x_wconf 82' lang='lat' dir='ltr'><strong>tantum</strong></span> 
     </span>
    </p>
   </div>
   <div class='ocr_carea' id='block_1_56' title="bbox 2032 2404 3602 2474">
    <p class='ocr_par' dir='ltr' id='par_1_56' title="bbox 2032 2404 3602 2474">
     <span class='ocr_line' id='line_1_56' title="bbox 2032 2404 3602 2474; baseline 0.001 -18"><span class='ocrx_word' id='word_1_404' title='bbox 2032 2404 2342 2457; x_wconf 76' lang='lat' dir='ltr'><strong>incurvatus</strong></span> <span class='ocrx_word' id='word_1_405' title='bbox 2370 2414 2515 2458; x_wconf 86' lang='lat' dir='ltr'><strong>stare</strong></span> <span class='ocrx_word' id='word_1_406' title='bbox 2543 2413 2745 2470; x_wconf 87' lang='lat' dir='ltr'><strong>posset,</strong></span> <span class='ocrx_word' id='word_1_407' title='bbox 2785 2419 2905 2471; x_wconf 71' lang='lat' dir='ltr'><strong>qua:</strong></span> <span class='ocrx_word' id='word_1_408' title='bbox 2941 2404 3156 2474; x_wconf 88' lang='lat' dir='ltr'><strong>quidem</strong></span> <span class='ocrx_word' id='word_1_409' title='bbox 3186 2404 3482 2459; x_wconf 86' lang='lat' dir='ltr'><strong>etiamnum</strong></span> <span class='ocrx_word' id='word_1_410' title='bbox 3510 2422 3602 2458; x_wconf 83' lang='lat' dir='ltr'><strong>su—</strong></span> 
     </span>
    </p>
   </div>
   <div class='ocr_carea' id='block_1_57' title="bbox 2033 2493 3595 2565">
    <p class='ocr_par' dir='ltr' id='par_1_57' title="bbox 2033 2493 3595 2565">
     <span class='ocr_line' id='line_1_57' title="bbox 2033 2493 3595 2565; baseline 0.003 -18"><span class='ocrx_word' id='word_1_411' title='bbox 2033 2505 2240 2564; x_wconf 84' lang='lat' dir='ltr'><strong>perstes</strong></span> <span class='ocrx_word' id='word_1_412' title='bbox 2274 2506 2375 2550; x_wconf 91' lang='lat' dir='ltr'><strong>est.</strong></span> <span class='ocrx_word' id='word_1_413' title='bbox 2398 2493 2665 2551; x_wconf 66' lang='lat' dir='ltr'><strong>Cancrum</strong></span> <span class='ocrx_word' id='word_1_414' title='bbox 2707 2506 2885 2550; x_wconf 84' lang='lat' dir='ltr'><strong>autem</strong></span> <span class='ocrx_word' id='word_1_415' title='bbox 2940 2512 3098 2549; x_wconf 88' lang='lat' dir='ltr'><strong>omne</strong></span> <span class='ocrx_word' id='word_1_416' title='bbox 3160 2498 3305 2551; x_wconf 77' lang='lat' dir='ltr'><strong>aliud</strong></span> <span class='ocrx_word' id='word_1_417' title='bbox 3365 2501 3595 2565; x_wconf 69' lang='lat' dir='ltr'><strong>spatium</strong></span> 
     </span>
    </p>
   </div>
   <div class='ocr_carea' id='block_1_58' title="bbox 2033 2585 3606 2658">
    <p class='ocr_par' dir='ltr' id='par_1_58' title="bbox 2033 2585 3606 2658">
     <span class='ocr_line' id='line_1_58' title="bbox 2033 2585 3606 2658; baseline 0.003 -19"><span class='ocrx_word' id='word_1_418' title='bbox 2033 2585 2264 2640; x_wconf 83' lang='lat' dir='ltr'><strong>naturali</strong></span> <span class='ocrx_word' id='word_1_419' title='bbox 2297 2587 2419 2643; x_wconf 70' lang='lat' dir='ltr'><strong>caeli</strong></span> <span class='ocrx_word' id='word_1_420' title='bbox 2477 2596 2618 2642; x_wconf 86' lang='lat' dir='ltr'><strong>tecto</strong></span> <span class='ocrx_word' id='word_1_421' title='bbox 2654 2588 2853 2657; x_wconf 76' lang='lat' dir='ltr'><strong>Opt‘fit&#39;l</strong></span> <span class='ocrx_word' id='word_1_422' title='bbox 2899 2590 3145 2656; x_wconf 87' lang='lat' dir='ltr'><strong>cupiens.</strong></span> <span class='ocrx_word' id='word_1_423' title='bbox 3187 2601 3430 2658; x_wconf 84' lang='lat' dir='ltr'><strong>apertum</strong></span> <span class='ocrx_word' id='word_1_424' title='bbox 3470 2592 3606 2644; x_wconf 65' lang='lat' dir='ltr'><strong>&#39;rcli-</strong></span> 
     </span>
    </p>
   </div>
   <div class='ocr_carea' id='block_1_59' title="bbox 2042 2678 3609 2753">
    <p class='ocr_par' dir='ltr' id='par_1_59' title="bbox 2042 2678 3609 2753">
     <span class='ocr_line' id='line_1_59' title="bbox 2042 2678 3609 2753; baseline 0.006 -25"><span class='ocrx_word' id='word_1_425' title='bbox 2042 2678 2179 2747; x_wconf 89' lang='lat' dir='ltr'><strong>quit.</strong></span> <span class='ocrx_word' id='word_1_426' title='bbox 2211 2678 2362 2734; x_wconf 80' lang='lat' dir='ltr'><strong>Adeo</strong></span> <span class='ocrx_word' id='word_1_427' title='bbox 2403 2693 2529 2733; x_wconf 85' lang='lat' dir='ltr'><strong>vero</strong></span> <span class='ocrx_word' id='word_1_428' title='bbox 2558 2690 2843 2749; x_wconf 69' lang='lat' dir='ltr'><strong>angustum</strong></span> <span class='ocrx_word' id='word_1_429' title='bbox 2887 2678 3049 2753; x_wconf 62' lang='lat'><strong>433</strong></span> <span class='ocrx_word' id='word_1_430' title='bbox 3103 2690 3155 2733; x_wconf 86' lang='lat' dir='ltr'><strong>et</strong></span> <span class='ocrx_word' id='word_1_431' title='bbox 3210 2682 3609 2739; x_wconf 79' lang='lat' dir='ltr'><strong>formidandum</strong></span> 
     </span>
    </p>
   </div>
   <div class='ocr_carea' id='block_1_60' title="bbox 2034 2768 3612 2841">
    <p class='ocr_par' dir='ltr' id='par_1_60' title="bbox 2034 2768 3612 2841">
     <span class='ocr_line' id='line_1_60' title="bbox 2034 2768 3612 2841; baseline 0.002 -16"><span class='ocrx_word' id='word_1_432' title='bbox 2034 2770 2196 2826; x_wconf 87' lang='lat' dir='ltr'><strong>istum</strong></span> <span class='ocrx_word' id='word_1_433' title='bbox 2228 2772 2402 2825; x_wconf 87' lang='lat' dir='ltr'><strong>locum</strong></span> <span class='ocrx_word' id='word_1_434' title='bbox 2452 2768 2602 2836; x_wconf 81' lang='lat' dir='ltr'><strong>fecit,</strong></span> <span class='ocrx_word' id='word_1_435' title='bbox 2642 2771 2808 2841; x_wconf 88' lang='lat' dir='ltr'><strong>utqui</strong></span> <span class='ocrx_word' id='word_1_436' title='bbox 2838 2786 2958 2823; x_wconf 89' lang='lat' dir='ltr'><strong>eum</strong></span> <span class='ocrx_word' id='word_1_437' title='bbox 3005 2771 3274 2837; x_wconf 73' lang='lat' dir='ltr'><strong>\idrbanl,</strong></span> <span class='ocrx_word' id='word_1_438' title='bbox 3303 2789 3612 2830; x_wconf 77' lang='lat' dir='ltr'><strong>asserercut</strong></span> 
     </span>
    </p>
   </div>
   <div class='ocr_carea' id='block_1_61' title="bbox 2035 2862 3611 2931">
    <p class='ocr_par' dir='ltr' id='par_1_61' title="bbox 2035 2862 3611 2931">
     <span class='ocr_line' id='line_1_61' title="bbox 2035 2862 3611 2931; baseline 0.004 -15"><span class='ocrx_word' id='word_1_439' title='bbox 2035 2865 2124 2917; x_wconf 76' lang='lat' dir='ltr'><strong>vix</strong></span> <span class='ocrx_word' id='word_1_440' title='bbox 2158 2872 2566 2918; x_wconf 88' lang='lat' dir='ltr'><strong>monumentum</strong></span> <span class='ocrx_word' id='word_1_441' title='bbox 2592 2878 2711 2917; x_wconf 89' lang='lat' dir='ltr'><strong>esse</strong></span> <span class='ocrx_word' id='word_1_442' title='bbox 2735 2862 2800 2916; x_wconf 89' lang='lat' dir='ltr'><strong>ad</strong></span> <span class='ocrx_word' id='word_1_443' title='bbox 2825 2862 3195 2931; x_wconf 80' lang='lat' dir='ltr'><strong>sepeliendum</strong></span> <span class='ocrx_word' id='word_1_444' title='bbox 3220 2867 3477 2921; x_wconf 80' lang='lat' dir='ltr'><strong>miserum</strong></span> <span class='ocrx_word' id='word_1_445' title='bbox 3510 2868 3611 2923; x_wconf 88' lang='lat' dir='ltr'><strong>hoc</strong></span> 
     </span>
    </p>
   </div>
   <div class='ocr_carea' id='block_1_62' title="bbox 2032 2953 3612 3024">
    <p class='ocr_par' dir='ltr' id='par_1_62' title="bbox 2032 2953 3612 3024">
     <span class='ocr_line' id='line_1_62' title="bbox 2032 2953 3612 3024; baseline 0.004 -16"><span class='ocrx_word' id='word_1_446' title='bbox 2032 2969 2246 3023; x_wconf 90' lang='lat' dir='ltr'><strong>corpus,</strong></span> <span class='ocrx_word' id='word_1_447' title='bbox 2284 2953 2364 3007; x_wconf 88' lang='lat' dir='ltr'><strong>vel</strong></span> <span class='ocrx_word' id='word_1_448' title='bbox 2397 2954 2729 3009; x_wconf 88' lang='lat' dir='ltr'><strong>domicilium</strong></span> <span class='ocrx_word' id='word_1_449' title='bbox 2761 2956 2833 3010; x_wconf 89' lang='lat' dir='ltr'><strong>ad</strong></span> <span class='ocrx_word' id='word_1_450' title='bbox 2874 2957 3114 3024; x_wconf 81' lang='lat' dir='ltr'><strong>requiem</strong></span> <span class='ocrx_word' id='word_1_451' title='bbox 3150 2959 3484 3014; x_wconf 76' lang='lat' dir='ltr'><strong>monasterii.</strong></span> <span class='ocrx_word' id='word_1_452' title='bbox 3532 2959 3612 3015; x_wconf 81' lang='lat' dir='ltr'><strong>Ne</strong></span> 
     </span>
    </p>
   </div>
   <div class='ocr_carea' id='block_1_63' title="bbox 2034 3044 3607 3120">
    <p class='ocr_par' dir='ltr' id='par_1_63' title="bbox 2034 3044 3607 3120">
     <span class='ocr_line' id='line_1_63' title="bbox 2034 3044 3607 3120; baseline 0.005 -23"><span class='ocrx_word' id='word_1_453' title='bbox 2034 3060 2160 3098; x_wconf 80' lang='lat' dir='ltr'><strong>vero</strong></span> <span class='ocrx_word' id='word_1_454' title='bbox 2191 3045 2312 3114; x_wconf 85' lang='lat' dir='ltr'><strong>quis</strong></span> <span class='ocrx_word' id='word_1_455' title='bbox 2336 3044 2462 3100; x_wconf 88' lang='lat' dir='ltr'><strong>illud</strong></span> <span class='ocrx_word' id='word_1_456' title='bbox 2493 3046 2843 3113; x_wconf 86' lang='lat' dir='ltr'><strong>qneruloruni</strong></span> <span class='ocrx_word' id='word_1_457' title='bbox 2878 3047 3256 3102; x_wconf 58' lang='lat' dir='ltr'><strong>haereticorum</strong></span> <span class='ocrx_word' id='word_1_458' title='bbox 3278 3052 3607 3120; x_wconf 83' lang='lat' dir='ltr'><strong>suspicetur,</strong></span> 
     </span>
    </p>
   </div>
   <div class='ocr_carea' id='block_1_64' title="bbox 2034 3136 3611 3209">
    <p class='ocr_par' dir='ltr' id='par_1_64' title="bbox 2034 3136 3611 3209">
     <span class='ocr_line' id='line_1_64' title="bbox 2034 3136 3611 3209; baseline 0.003 -19"><span class='ocrx_word' id='word_1_459' title='bbox 2034 3152 2225 3207; x_wconf 83' lang='lat' dir='ltr'><strong>nempe</strong></span> <span class='ocrx_word' id='word_1_460' title='bbox 2258 3138 2417 3191; x_wconf 88' lang='lat' dir='ltr'><strong>istum</strong></span> <span class='ocrx_word' id='word_1_461' title='bbox 2463 3138 2582 3208; x_wconf 83' lang='lat' dir='ltr'><strong>plus</strong></span> <span class='ocrx_word' id='word_1_462' title='bbox 2616 3136 2886 3203; x_wconf 87' lang='lat' dir='ltr'><strong>Palribus,</strong></span> <span class='ocrx_word' id='word_1_463' title='bbox 2925 3140 3015 3208; x_wconf 87' lang='lat' dir='ltr'><strong>qui</strong></span> <span class='ocrx_word' id='word_1_464' title='bbox 3060 3156 3181 3194; x_wconf 87' lang='lat' dir='ltr'><strong>eum</strong></span> <span class='ocrx_word' id='word_1_465' title='bbox 3215 3155 3611 3209; x_wconf 79' lang='lat' dir='ltr'><strong>praecesserunt</strong></span> 
     </span>
    </p>
   </div>
   <div class='ocr_carea' id='block_1_65' title="bbox 2032 3230 3608 3302">
    <p class='ocr_par' dir='ltr' id='par_1_65' title="bbox 2032 3230 3608 3302">
     <span class='ocr_line' id='line_1_65' title="bbox 2032 3230 3608 3302; baseline 0.001 -17"><span class='ocrx_word' id='word_1_466' title='bbox 2032 3231 2295 3299; x_wconf 87' lang='lat' dir='ltr'><strong>sapuisse.</strong></span> <span class='ocrx_word' id='word_1_467' title='bbox 2316 3230 2593 3300; x_wconf 86' lang='lat' dir='ltr'><strong>Siquidem</strong></span> <span class='ocrx_word' id='word_1_468' title='bbox 2617 3231 2668 3285; x_wconf 92' lang='lat' dir='ltr'><strong>in</strong></span> <span class='ocrx_word' id='word_1_469' title='bbox 2695 3231 3060 3302; x_wconf 80' lang='lat' dir='ltr'><strong>progenitoris</strong></span> <span class='ocrx_word' id='word_1_470' title='bbox 3084 3234 3339 3287; x_wconf 79' lang='lat' dir='ltr'><strong>Auxentii</strong></span> <span class='ocrx_word' id='word_1_471' title='bbox 3372 3234 3478 3288; x_wconf 88' lang='lat' dir='ltr'><strong>vita</strong></span> <span class='ocrx_word' id='word_1_472' title='bbox 3498 3236 3608 3289; x_wconf 72' lang='lat' dir='ltr'><strong>Deo</strong></span> 
     </span>
    </p>
   </div>
   <div class='ocr_carea' id='block_1_66' title="bbox 2032 3320 3610 3393">
    <p class='ocr_par' dir='ltr' id='par_1_66' title="bbox 2032 3320 3610 3393">
     <span class='ocr_line' id='line_1_66' title="bbox 2032 3320 3610 3393; baseline 0.003 -18"><span class='ocrx_word' id='word_1_473' title='bbox 2032 3329 2250 3390; x_wconf 87' lang='lat' dir='ltr'><strong>accepta</strong></span> <span class='ocrx_word' id='word_1_474' title='bbox 2282 3320 2538 3385; x_wconf 77' lang='lat' dir='ltr'><strong>refertur,</strong></span> <span class='ocrx_word' id='word_1_475' title='bbox 2578 3320 2630 3375; x_wconf 91' lang='lat' dir='ltr'><strong>in</strong></span> <span class='ocrx_word' id='word_1_476' title='bbox 2663 3321 2753 3375; x_wconf 90' lang='lat' dir='ltr'><strong>illo</strong></span> <span class='ocrx_word' id='word_1_477' title='bbox 2789 3321 2989 3377; x_wconf 75' lang='lat' dir='ltr'><strong>vertice</strong></span> <span class='ocrx_word' id='word_1_478' title='bbox 3014 3337 3239 3377; x_wconf 82' lang='lat' dir='ltr'><strong>caveam</strong></span> <span class='ocrx_word' id='word_1_479' title='bbox 3284 3327 3401 3393; x_wconf 84' lang='lat' dir='ltr'><strong>ejus</strong></span> <span class='ocrx_word' id='word_1_480' title='bbox 3450 3341 3610 3381; x_wconf 79' lang='lat' dir='ltr'><strong>exer-</strong></span> 
     </span>
    </p>
   </div>
   <div class='ocr_carea' id='block_1_67' title="bbox 2033 3408 3605 3486">
    <p class='ocr_par' dir='ltr' id='par_1_67' title="bbox 2033 3408 3605 3486">
     <span class='ocr_line' id='line_1_67' title="bbox 2033 3408 3605 3486; baseline 0.003 -20"><span class='ocrx_word' id='word_1_481' title='bbox 2033 3412 2308 3467; x_wconf 87' lang='lat' dir='ltr'><strong>citationis</strong></span> <span class='ocrx_word' id='word_1_482' title='bbox 2340 3422 2577 3475; x_wconf 77' lang='lat' dir='ltr'><strong>exstare,</strong></span> <span class='ocrx_word' id='word_1_483' title='bbox 2610 3408 2701 3466; x_wconf 89' lang='lat' dir='ltr'><strong>ubi</strong></span> <span class='ocrx_word' id='word_1_484' title='bbox 2737 3429 2905 3469; x_wconf 87' lang='lat' dir='ltr'><strong>novus</strong></span> <span class='ocrx_word' id='word_1_485' title='bbox 2971 3414 3072 3469; x_wconf 87' lang='lat' dir='ltr'><strong>iste</strong></span> <span class='ocrx_word' id='word_1_486' title='bbox 3127 3414 3352 3471; x_wconf 72' lang='lat' dir='ltr'><strong>Elisams</strong></span> <span class='ocrx_word' id='word_1_487' title='bbox 3397 3418 3605 3486; x_wconf 88' lang='lat' dir='ltr'><strong>antiqui</strong></span> 
     </span>
    </p>
   </div>
   <div class='ocr_carea' id='block_1_68' title="bbox 2033 3503 3605 3569">
    <p class='ocr_par' dir='ltr' id='par_1_68' title="bbox 2033 3503 3605 3569">
     <span class='ocr_line' id='line_1_68' title="bbox 2033 3503 3605 3569; baseline 0.003 -11"><span class='ocrx_word' id='word_1_488' title='bbox 2033 3503 2181 3565; x_wconf 69' lang='lat' dir='ltr'><strong>Elian,</strong></span> <span class='ocrx_word' id='word_1_489' title='bbox 2216 3512 2273 3557; x_wconf 90' lang='lat' dir='ltr'><strong>ut</strong></span> <span class='ocrx_word' id='word_1_490' title='bbox 2308 3504 2359 3557; x_wconf 92' lang='lat' dir='ltr'><strong>in</strong></span> <span class='ocrx_word' id='word_1_491' title='bbox 2392 3512 2572 3557; x_wconf 88' lang='lat' dir='ltr'><strong>monte</strong></span> <span class='ocrx_word' id='word_1_492' title='bbox 2596 3503 2853 3569; x_wconf 84' lang='lat' dir='ltr'><strong>Carmeli,</strong></span> <span class='ocrx_word' id='word_1_493' title='bbox 2881 3504 3075 3558; x_wconf 77' lang='lat' dir='ltr'><strong>melota</strong></span> <span class='ocrx_word' id='word_1_494' title='bbox 3103 3508 3387 3568; x_wconf 74' lang='lat' dir='ltr'><strong>angustius</strong></span> <span class='ocrx_word' id='word_1_495' title='bbox 3424 3509 3605 3564; x_wconf 85' lang='lat' dir='ltr'><strong>taber-</strong></span> 
     </span>
    </p>
   </div>
   <div class='ocr_carea' id='block_1_69' title="bbox 336 3591 1928 3674">
    <p class='ocr_par' dir='ltr' id='par_1_69' title="bbox 336 3591 1923 3674">
     <span class='ocr_line' id='line_1_69' title="bbox 336 3591 1923 3674; baseline -0.004 -17"><span class='ocrx_word' id='word_1_496' title='bbox 336 3604 491 3673; x_wconf 79' lang='grc' dir='ltr'>αὐτῇ</span> <span class='ocrx_word' id='word_1_497' title='bbox 506 3604 572 3672; x_wconf 82' lang='grc' dir='ltr'>τῇ</span> <span class='ocrx_word' id='word_1_498' title='bbox 590 3605 803 3674; x_wconf 73' lang='grc' dir='ltr'>κορυφῇ</span> <span class='ocrx_word' id='word_1_499' title='bbox 822 3599 909 3671; x_wconf 75' lang='grc' dir='ltr'><strong>ἔχε</strong></span> <span class='ocrx_word' id='word_1_500' title='bbox 919 3618 988 3669; x_wconf 88' lang='grc' dir='ltr'><strong>ιν,</strong></span> <span class='ocrx_word' id='word_1_501' title='bbox 1007 3598 1134 3653; x_wconf 73' lang='grc' dir='ltr'>ἔνθα</span> <span class='ocrx_word' id='word_1_502' title='bbox 1155 3591 1347 3663; x_wconf 74' lang='grc' dir='ltr'>οὗτοςὸ</span> <span class='ocrx_word' id='word_1_503' title='bbox 1362 3598 1480 3662; x_wconf 83' lang='grc' dir='ltr'>νέος</span> <span class='ocrx_word' id='word_1_504' title='bbox 1511 3596 1815 3661; x_wconf 78' lang='grc' dir='ltr'>Ἐλισσαῖος</span> <span class='ocrx_word' id='word_1_505' title='bbox 1830 3595 1923 3651; x_wconf 80' lang='grc' dir='ltr'><strong>τοῦ</strong></span> 
     </span>
    </p>
   </div>
   <div class='ocr_carea' id='block_1_70' title="bbox 2032 3591 3610 3674">
    <p class='ocr_par' dir='ltr' id='par_1_70' title="bbox 2034 3594 3610 3667">
     <span class='ocr_line' id='line_1_70' title="bbox 2034 3594 3610 3667; baseline 0.004 -19"><span class='ocrx_word' id='word_1_506' title='bbox 2034 3595 2283 3649; x_wconf 86' lang='lat' dir='ltr'><strong>naculum</strong></span> <span class='ocrx_word' id='word_1_507' title='bbox 2339 3594 2495 3649; x_wconf 76' lang='lat' dir='ltr'><strong>ﬁxit:</strong></span> <span class='ocrx_word' id='word_1_508' title='bbox 2539 3595 2609 3649; x_wconf 88' lang='lat' dir='ltr'><strong>ita</strong></span> <span class='ocrx_word' id='word_1_509' title='bbox 2639 3595 2727 3651; x_wconf 92' lang='lat' dir='ltr'><strong>ille</strong></span> <span class='ocrx_word' id='word_1_510' title='bbox 2758 3595 2967 3651; x_wconf 87' lang='lat' dir='ltr'><strong>deifero</strong></span> <span class='ocrx_word' id='word_1_511' title='bbox 2993 3599 3263 3653; x_wconf 79' lang='lat' dir='ltr'><strong>Anxentio</strong></span> <span class='ocrx_word' id='word_1_512' title='bbox 3310 3605 3610 3667; x_wconf 67' lang='lat' dir='ltr'><strong>exaequari,</strong></span> 
     </span>
    </p>
   </div>
   <div class='ocr_carea' id='block_1_71' title="bbox 338 3687 1928 3763">
    <p class='ocr_par' dir='ltr' id='par_1_71' title="bbox 338 3687 1928 3763">
     <span class='ocr_line' id='line_1_71' title="bbox 338 3687 1928 3763; baseline -0.003 -17"><span class='ocrx_word' id='word_1_513' title='bbox 338 3691 587 3746; x_wconf 76' lang='grc' dir='ltr'>παλαιοῦ</span> <span class='ocrx_word' id='word_1_514' title='bbox 615 3691 797 3744; x_wconf 85' lang='grc' dir='ltr'>Ἦλίου</span> <span class='ocrx_word' id='word_1_515' title='bbox 811 3691 886 3755; x_wconf 82' lang='grc' dir='ltr'>ὡς</span> <span class='ocrx_word' id='word_1_516' title='bbox 903 3693 960 3747; x_wconf 79' lang='grc' dir='ltr'>ὲν</span> <span class='ocrx_word' id='word_1_517' title='bbox 974 3689 1238 3763; x_wconf 73' lang='grc' dir='ltr'>ὕρειΚαρ</span> <span class='ocrx_word' id='word_1_518' title='bbox 1247 3687 1447 3761; x_wconf 85' lang='grc' dir='ltr'>μηλίῳ,</span> <span class='ocrx_word' id='word_1_519' title='bbox 1470 3690 1570 3759; x_wconf 81' lang='grc' dir='ltr'>τὴν</span> <span class='ocrx_word' id='word_1_520' title='bbox 1588 3687 1928 3759; x_wconf 77' lang='grc' dir='ltr'>στενωτέραν</span> 
     </span>
    </p>
   </div>
   <div class='ocr_carea' id='block_1_72' title="bbox 2032 3687 3606 3763">
    <p class='ocr_par' dir='ltr' id='par_1_72' title="bbox 2032 3687 3606 3762">
     <span class='ocr_line' id='line_1_72' title="bbox 2032 3687 3606 3762; baseline 0.004 -21"><span class='ocrx_word' id='word_1_521' title='bbox 2032 3688 2273 3759; x_wconf 90' lang='lat' dir='ltr'><strong>aliosque</strong></span> <span class='ocrx_word' id='word_1_522' title='bbox 2302 3687 2653 3744; x_wconf 77' lang='lat' dir='ltr'><strong>intermelios</strong></span> <span class='ocrx_word' id='word_1_523' title='bbox 2706 3687 2898 3744; x_wconf 83' lang='lat' dir='ltr'><strong>Patres</strong></span> <span class='ocrx_word' id='word_1_524' title='bbox 2952 3704 3214 3759; x_wconf 86' lang='lat' dir='ltr'><strong>superare</strong></span> <span class='ocrx_word' id='word_1_525' title='bbox 3245 3692 3433 3755; x_wconf 84' lang='lat' dir='ltr'><strong>voluit,</strong></span> <span class='ocrx_word' id='word_1_526' title='bbox 3480 3695 3606 3762; x_wconf 86' lang='lat' dir='ltr'><strong>quia</strong></span> 
     </span>
    </p>
   </div>
   <div class='ocr_carea' id='block_1_73' title="bbox 340 3773 1928 3857">
    <p class='ocr_par' dir='ltr' id='par_1_73' title="bbox 340 3773 1928 3857">
     <span class='ocr_line' id='line_1_73' title="bbox 340 3773 1928 3857; baseline -0.003 -20"><span class='ocrx_word' id='word_1_527' title='bbox 340 3783 611 3857; x_wconf 82' lang='grc' dir='ltr'>μηλωτῆς</span> <span class='ocrx_word' id='word_1_528' title='bbox 636 3782 839 3855; x_wconf 84' lang='grc' dir='ltr'>σκηνὴν</span> <span class='ocrx_word' id='word_1_529' title='bbox 858 3782 1074 3855; x_wconf 70' lang='grc' dir='ltr'>ἔπηξεν·</span> <span class='ocrx_word' id='word_1_530' title='bbox 1095 3781 1192 3837; x_wconf 68' lang='grc' dir='ltr'>καὶ</span> <span class='ocrx_word' id='word_1_531' title='bbox 1216 3773 1373 3845; x_wconf 79' lang='grc' dir='ltr'>οὗτος</span> <span class='ocrx_word' id='word_1_532' title='bbox 1397 3779 1599 3852; x_wconf 85' lang='grc' dir='ltr'>ὁμοίως</span> <span class='ocrx_word' id='word_1_533' title='bbox 1618 3778 1928 3845; x_wconf 70' lang='grc' dir='ltr'><strong>ἐξισοῦσθαι</strong></span> 
     </span>
    </p>
   </div>
   <div class='ocr_carea' id='block_1_74' title="bbox 2032 3773 3611 3857">
    <p class='ocr_par' dir='ltr' id='par_1_74' title="bbox 2032 3780 3611 3853">
     <span class='ocr_line' id='line_1_74' title="bbox 2032 3780 3611 3853; baseline 0.004 -20"><span class='ocrx_word' id='word_1_534' title='bbox 2032 3780 2242 3850; x_wconf 74' lang='lat' dir='ltr'><strong>iuniore</strong></span> <span class='ocrx_word' id='word_1_535' title='bbox 2271 3796 2431 3849; x_wconf 89' lang='lat' dir='ltr'><strong>quam</strong></span> <span class='ocrx_word' id='word_1_536' title='bbox 2462 3780 2533 3834; x_wconf 91' lang='lat' dir='ltr'><strong>illi</strong></span> <span class='ocrx_word' id='word_1_537' title='bbox 2574 3789 2735 3835; x_wconf 64' lang='lat' dir='ltr'><strong>aetate</strong></span> <span class='ocrx_word' id='word_1_538' title='bbox 2763 3791 2882 3837; x_wconf 85' lang='lat' dir='ltr'><strong>erat</strong></span> <span class='ocrx_word' id='word_1_539' title='bbox 2915 3799 2929 3835; x_wconf 90' lang='lat'><strong>:</strong></span> <span class='ocrx_word' id='word_1_540' title='bbox 2984 3797 3105 3835; x_wconf 91' lang='lat' dir='ltr'><strong>nam</strong></span> <span class='ocrx_word' id='word_1_541' title='bbox 3137 3783 3611 3853; x_wconf 80' lang='lat' dir='ltr'><strong>quadragesinmtn</strong></span> 
     </span>
    </p>
   </div>
   <div class='ocr_carea' id='block_1_75' title="bbox 334 3870 1928 3946">
    <p class='ocr_par' dir='ltr' id='par_1_75' title="bbox 334 3870 1928 3946">
     <span class='ocr_line' id='line_1_75' title="bbox 334 3870 1928 3946; baseline -0.002 -18"><span class='ocrx_word' id='word_1_542' title='bbox 334 3874 427 3945; x_wconf 70' lang='grc' dir='ltr'><strong>τῷ</strong></span> <span class='ocrx_word' id='word_1_543' title='bbox 449 3873 693 3946; x_wconf 88' lang='grc' dir='ltr'>θεοφόρῳ</span> <span class='ocrx_word' id='word_1_544' title='bbox 726 3872 998 3945; x_wconf 79' lang='grc' dir='ltr'>Δύξεντίῳ</span> <span class='ocrx_word' id='word_1_545' title='bbox 1019 3872 1230 3945; x_wconf 66' lang='grc' dir='ltr'>ἢθελεν,</span> <span class='ocrx_word' id='word_1_546' title='bbox 1257 3871 1399 3945; x_wconf 80' lang='grc' dir='ltr'>ὑπέρ</span> <span class='ocrx_word' id='word_1_547' title='bbox 1419 3889 1485 3942; x_wconf 87' lang='grc' dir='ltr'>γε</span> <span class='ocrx_word' id='word_1_548' title='bbox 1509 3872 1638 3937; x_wconf 77' lang='grc' dir='ltr'>τοὺς</span> <span class='ocrx_word' id='word_1_549' title='bbox 1657 3870 1928 3941; x_wconf 82' lang='grc' dir='ltr'>ἀναμέσον</span> 
     </span>
    </p>
   </div>
   <div class='ocr_carea' id='block_1_76' title="bbox 2032 3870 3614 3946">
    <p class='ocr_par' dir='ltr' id='par_1_76' title="bbox 2032 3871 3614 3942">
     <span class='ocr_line' id='line_1_76' title="bbox 2032 3871 3614 3942; baseline 0.004 -18"><span class='ocrx_word' id='word_1_550' title='bbox 2032 3874 2328 3925; x_wconf 86' lang='lat' dir='ltr'><strong>secundum</strong></span> <span class='ocrx_word' id='word_1_551' title='bbox 2362 3887 2560 3925; x_wconf 85' lang='lat' dir='ltr'><strong>annum</strong></span> <span class='ocrx_word' id='word_1_552' title='bbox 2594 3879 2720 3924; x_wconf 91' lang='lat' dir='ltr'><strong>tunc</strong></span> <span class='ocrx_word' id='word_1_553' title='bbox 2751 3871 2965 3942; x_wconf 80' lang='lat' dir='ltr'><strong>agebat,</strong></span> <span class='ocrx_word' id='word_1_554' title='bbox 3004 3888 3124 3925; x_wconf 83' lang='lat' dir='ltr'><strong>cum</strong></span> <span class='ocrx_word' id='word_1_555' title='bbox 3187 3872 3240 3926; x_wconf 90' lang='lat' dir='ltr'><strong>in</strong></span> <span class='ocrx_word' id='word_1_556' title='bbox 3291 3874 3489 3928; x_wconf 79' lang='lat' dir='ltr'><strong>mantis</strong></span> <span class='ocrx_word' id='word_1_557' title='bbox 3522 3890 3614 3930; x_wconf 82' lang='lat' dir='ltr'><strong>ca-</strong></span> 
     </span>
    </p>
   </div>
   <div class='ocr_carea' id='block_1_77' title="bbox 335 3960 1928 4037">
    <p class='ocr_par' dir='ltr' id='par_1_77' title="bbox 335 3960 1927 4037">
     <span class='ocr_line' id='line_1_77' title="bbox 335 3960 1927 4037; baseline -0.003 -16"><span class='ocrx_word' id='word_1_558' title='bbox 335 3965 544 4030; x_wconf 77' lang='grc' dir='ltr'>ἄλλους</span> <span class='ocrx_word' id='word_1_559' title='bbox 593 3965 865 4037; x_wconf 86' lang='grc' dir='ltr'>Πατέρας,</span> <span class='ocrx_word' id='word_1_560' title='bbox 908 3963 1171 4019; x_wconf 74' lang='grc' dir='ltr'>διότικαὶ</span> <span class='ocrx_word' id='word_1_561' title='bbox 1222 3963 1365 4036; x_wconf 84' lang='grc' dir='ltr'>ὑπὲρ</span> <span class='ocrx_word' id='word_1_562' title='bbox 1412 3963 1612 4027; x_wconf 83' lang='grc' dir='ltr'>αὐτοὺς</span> <span class='ocrx_word' id='word_1_563' title='bbox 1656 3960 1927 4033; x_wconf 83' lang='grc' dir='ltr'>νεωτέραν</span> 
     </span>
    </p>
   </div>
   <div class='ocr_carea' id='block_1_78' title="bbox 2032 3960 2660 4037">
    <p class='ocr_par' dir='ltr' id='par_1_78' title="bbox 2035 3961 2660 4016">
     <span class='ocr_line' id='line_1_78' title="bbox 2035 3961 2660 4016; baseline 0.002 -1"><span class='ocrx_word' id='word_1_564' title='bbox 2035 3976 2229 4015; x_wconf 87' lang='lat' dir='ltr'><strong>cumen</strong></span> <span class='ocrx_word' id='word_1_565' title='bbox 2253 3976 2311 4015; x_wconf 89' lang='lat' dir='ltr'><strong>se</strong></span> <span class='ocrx_word' id='word_1_566' title='bbox 2350 3961 2660 4016; x_wconf 87' lang='lat' dir='ltr'><strong>transtulit.</strong></span> 
     </span>
    </p>
   </div>
   <div class='ocr_carea' id='block_1_79' title="bbox 332 4052 3629 4133">
    <p class='ocr_par' dir='ltr' id='par_1_79' title="bbox 332 4052 3629 4133">
     <span class='ocr_line' id='line_1_79' title="bbox 332 4052 3629 4133; baseline -0.001 -21"><span class='ocrx_word' id='word_1_567' title='bbox 332 4056 485 4133; x_wconf 84' lang='grc' dir='ltr'>ἦγεν</span> <span class='ocrx_word' id='word_1_568' title='bbox 511 4057 609 4130; x_wconf 81' lang='grc' dir='ltr'><strong>τὴν</strong></span> <span class='ocrx_word' id='word_1_569' title='bbox 633 4057 886 4130; x_wconf 72' lang='grc' dir='ltr'>ἠλικίαν·</span> <span class='ocrx_word' id='word_1_570' title='bbox 913 4059 1005 4111; x_wconf 71' lang='grc' dir='ltr'>τὸν</span> <span class='ocrx_word' id='word_1_571' title='bbox 1041 4055 1484 4129; x_wconf 79' lang='grc' dir='ltr'>τεσσαρακοστὸν</span> <span class='ocrx_word' id='word_1_572' title='bbox 1520 4055 1777 4128; x_wconf 72' lang='grc' dir='ltr'>δεύτερον</span> <span class='ocrx_word' id='word_1_573' title='bbox 1815 4052 1925 4125; x_wconf 82' lang='grc' dir='ltr'><strong>γὰρ</strong></span> <span class='ocrx_word' id='word_1_574' title='bbox 1958 4054 2149 4126; x_wconf 87' lang='grc' dir='ltr'>χρόνον</span> <span class='ocrx_word' id='word_1_575' title='bbox 2180 4053 2412 4125; x_wconf 72' lang='grc' dir='ltr'>ἤλαυνεν</span> <span class='ocrx_word' id='word_1_576' title='bbox 2452 4054 2574 4107; x_wconf 84' lang='grc' dir='ltr'>τότε</span> <span class='ocrx_word' id='word_1_577' title='bbox 2594 4096 2608 4120; x_wconf 94' lang='grc'><strong>,</strong></span> <span class='ocrx_word' id='word_1_578' title='bbox 2659 4055 2749 4108; x_wconf 84' lang='grc' dir='ltr'>ὅτε</span> <span class='ocrx_word' id='word_1_579' title='bbox 2788 4056 2877 4127; x_wconf 81' lang='grc' dir='ltr'><strong>τῇ</strong></span> <span class='ocrx_word' id='word_1_580' title='bbox 2910 4057 3125 4127; x_wconf 75' lang='grc' dir='ltr'>κορυφῇ</span> <span class='ocrx_word' id='word_1_581' title='bbox 3166 4053 3259 4109; x_wconf 82' lang='grc' dir='ltr'>τοῦ</span> <span class='ocrx_word' id='word_1_582' title='bbox 3286 4055 3455 4129; x_wconf 31' lang='grc' dir='ltr'>,ὅρους</span> <span class='ocrx_word' id='word_1_583' title='bbox 3484 4078 3629 4132; x_wconf 37' lang='grc' dir='ltr'>μετ(</span> 
     </span>
    </p>
   </div>
   <div class='ocr_carea' id='block_1_80' title="bbox 334 4152 541 4222">
    <p class='ocr_par' dir='ltr' id='par_1_80' title="bbox 334 4152 541 4222">
     <span class='ocr_line' id='line_1_80' title="bbox 334 4152 541 4222; baseline 0.01 -14"><span class='ocrx_word' id='word_1_584' title='bbox 334 4152 515 4222; x_wconf 77' lang='grc' dir='ltr'>ετέθη</span> <span class='ocrx_word' id='word_1_585' title='bbox 526 4193 541 4210; x_wconf 92' lang='lat'><strong>.</strong></span> 
     </span>
    </p>
   </div>
   <div class='ocr_carea' id='block_1_81' title="bbox 422 4258 1928 4341">
    <p class='ocr_par' dir='ltr' id='par_1_81' title="bbox 422 4262 1927 4341">
     <span class='ocr_line' id='line_1_81' title="bbox 422 4262 1927 4341; baseline -0.001 -23"><span class='ocrx_word' id='word_1_586' title='bbox 422 4266 545 4319; x_wconf 85' lang='grc' dir='ltr'><strong>Τῶν</strong></span> <span class='ocrx_word' id='word_1_587' title='bbox 567 4264 624 4319; x_wconf 81' lang='grc' dir='ltr'>δὲ</span> <span class='ocrx_word' id='word_1_588' title='bbox 647 4262 813 4318; x_wconf 79' lang='grc' dir='ltr'>αὐτοῦ</span> <span class='ocrx_word' id='word_1_589' title='bbox 854 4262 1130 4334; x_wconf 81' lang='grc' dir='ltr'>φοιτητῶν</span> <span class='ocrx_word' id='word_1_590' title='bbox 1177 4262 1252 4341; x_wconf 69' lang='grc' dir='ltr'>μῂ</span> <span class='ocrx_word' id='word_1_591' title='bbox 1289 4263 1667 4332; x_wconf 86' lang='grc' dir='ltr'>γινωσκόντων</span> <span class='ocrx_word' id='word_1_592' title='bbox 1694 4262 1927 4317; x_wconf 72' lang='grc' dir='ltr'>τοῦνεκα</span> 
     </span>
    </p>
   </div>
   <div class='ocr_carea' id='block_1_82' title="bbox 2032 4258 3607 4341">
    <p class='ocr_par' dir='ltr' id='par_1_82' title="bbox 2106 4258 3607 4330">
     <span class='ocr_line' id='line_1_82' title="bbox 2106 4258 3607 4330; baseline 0.004 -17"><span class='ocrx_word' id='word_1_593' title='bbox 2106 4259 2235 4330; x_wconf 85' lang='lat' dir='ltr'><strong>Ejus</strong></span> <span class='ocrx_word' id='word_1_594' title='bbox 2264 4268 2444 4316; x_wconf 86' lang='lat' dir='ltr'><strong>autem</strong></span> <span class='ocrx_word' id='word_1_595' title='bbox 2475 4258 2753 4328; x_wconf 89' lang='lat' dir='ltr'><strong>discipulis</strong></span> <span class='ocrx_word' id='word_1_596' title='bbox 2779 4258 3152 4328; x_wconf 78' lang='lat' dir='ltr'><strong>ignorantibus</strong></span> <span class='ocrx_word' id='word_1_597' title='bbox 3176 4275 3283 4330; x_wconf 87' lang='lat' dir='ltr'><strong>qua</strong></span> <span class='ocrx_word' id='word_1_598' title='bbox 3313 4262 3384 4315; x_wconf 89' lang='lat' dir='ltr'><strong>de</strong></span> <span class='ocrx_word' id='word_1_599' title='bbox 3441 4276 3607 4318; x_wconf 83' lang='lat' dir='ltr'><strong>causa</strong></span> 
     </span>
    </p>
   </div>
   <div class='ocr_carea' id='block_1_83' title="bbox 335 4348 1928 4428">
    <p class='ocr_par' dir='ltr' id='par_1_83' title="bbox 335 4354 1927 4428">
     <span class='ocr_line' id='line_1_83' title="bbox 335 4354 1927 4428; baseline -0.002 -16"><span class='ocrx_word' id='word_1_600' title='bbox 335 4357 414 4413; x_wconf 79' lang='grc' dir='ltr'><strong>τὺ</strong></span> <span class='ocrx_word' id='word_1_601' title='bbox 446 4356 686 4411; x_wconf 80' lang='grc' dir='ltr'>τοιοῦτον</span> <span class='ocrx_word' id='word_1_602' title='bbox 723 4357 933 4427; x_wconf 86' lang='grc' dir='ltr'>κτίσμα</span> <span class='ocrx_word' id='word_1_603' title='bbox 966 4355 1210 4425; x_wconf 75' lang='grc' dir='ltr'>γέγονεν,</span> <span class='ocrx_word' id='word_1_604' title='bbox 1257 4357 1315 4409; x_wconf 78' lang='grc' dir='ltr'>ὲν</span> <span class='ocrx_word' id='word_1_605' title='bbox 1346 4355 1552 4427; x_wconf 88' lang='grc' dir='ltr'>λυγαίῳ</span> <span class='ocrx_word' id='word_1_606' title='bbox 1591 4354 1768 4428; x_wconf 80' lang='grc' dir='ltr'>καιρῷ</span> <span class='ocrx_word' id='word_1_607' title='bbox 1796 4356 1927 4427; x_wconf 76' lang='grc' dir='ltr'>περὶ</span> 
     </span>
    </p>
   </div>
   <div class='ocr_carea' id='block_1_84' title="bbox 2032 4348 3610 4428">
    <p class='ocr_par' dir='ltr' id='par_1_84' title="bbox 2035 4348 3610 4421">
     <span class='ocr_line' id='line_1_84' title="bbox 2035 4348 3610 4421; baseline 0.002 -14"><span class='ocrx_word' id='word_1_608' title='bbox 2035 4351 2337 4420; x_wconf 70' lang='lat' dir='ltr'><strong>huiusmodi</strong></span> <span class='ocrx_word' id='word_1_609' title='bbox 2372 4349 2658 4406; x_wconf 71' lang='lat' dir='ltr'><strong>aediﬁcium</strong></span> <span class='ocrx_word' id='word_1_610' title='bbox 2721 4348 2925 4404; x_wconf 82' lang='lat' dir='ltr'><strong>factum</strong></span> <span class='ocrx_word' id='word_1_611' title='bbox 2978 4348 3180 4418; x_wconf 82' lang='lat' dir='ltr'><strong>fuerat,</strong></span> <span class='ocrx_word' id='word_1_612' title='bbox 3221 4351 3333 4421; x_wconf 81' lang='lat' dir='ltr'><strong>ipse</strong></span> <span class='ocrx_word' id='word_1_613' title='bbox 3377 4351 3610 4411; x_wconf 86' lang='lat' dir='ltr'><strong>obscuro</strong></span> 
     </span>
    </p>
   </div>
   <div class='ocr_carea' id='block_1_85' title="bbox 337 4440 1928 4519">
    <p class='ocr_par' dir='ltr' id='par_1_85' title="bbox 337 4444 1925 4519">
     <span class='ocr_line' id='line_1_85' title="bbox 337 4444 1925 4519; baseline -0.004 -15"><span class='ocrx_word' id='word_1_614' title='bbox 337 4449 455 4512; x_wconf 81' lang='grc' dir='ltr'><strong>τὰς</strong></span> <span class='ocrx_word' id='word_1_615' title='bbox 500 4448 886 4518; x_wconf 82' lang='grc' dir='ltr'>μεσονυκτίους</span> <span class='ocrx_word' id='word_1_616' title='bbox 922 4444 1092 4517; x_wconf 81' lang='grc' dir='ltr'>ὥρας,</span> <span class='ocrx_word' id='word_1_617' title='bbox 1142 4445 1235 4500; x_wconf 83' lang='grc' dir='ltr'><strong>τδν</strong></span> <span class='ocrx_word' id='word_1_618' title='bbox 1265 4446 1655 4519; x_wconf 74' lang='grc' dir='ltr'>θεοστήρικτον</span> <span class='ocrx_word' id='word_1_619' title='bbox 1682 4448 1925 4519; x_wconf 81' lang='grc' dir='ltr'>Μαρίνον</span> 
     </span>
    </p>
   </div>
   <div class='ocr_carea' id='block_1_86' title="bbox 2032 4440 3611 4519">
    <p class='ocr_par' dir='ltr' id='par_1_86' title="bbox 2034 4440 3611 4515">
     <span class='ocr_line' id='line_1_86' title="bbox 2034 4440 3611 4515; baseline 0.001 -17"><span class='ocrx_word' id='word_1_620' title='bbox 2034 4453 2297 4515; x_wconf 86' lang='lat' dir='ltr'><strong>tempore,</strong></span> <span class='ocrx_word' id='word_1_621' title='bbox 2331 4441 2562 4498; x_wconf 88' lang='lat' dir='ltr'><strong>mediam</strong></span> <span class='ocrx_word' id='word_1_622' title='bbox 2612 4440 2840 4497; x_wconf 86' lang='lat' dir='ltr'><strong>circiter</strong></span> <span class='ocrx_word' id='word_1_623' title='bbox 2892 4450 3134 4508; x_wconf 87' lang='lat' dir='ltr'><strong>noctem,</strong></span> <span class='ocrx_word' id='word_1_624' title='bbox 3168 4442 3428 4498; x_wconf 88' lang='lat' dir='ltr'><strong>divinitus</strong></span> <span class='ocrx_word' id='word_1_625' title='bbox 3488 4461 3611 4514; x_wconf 88' lang='lat' dir='ltr'><strong>pro-</strong></span> 
     </span>
    </p>
   </div>
   <div class='ocr_carea' id='block_1_87' title="bbox 340 4529 1928 4612">
    <p class='ocr_par' dir='ltr' id='par_1_87' title="bbox 340 4535 1926 4612">
     <span class='ocr_line' id='line_1_87' title="bbox 340 4535 1926 4612; baseline -0.001 -19"><span class='ocrx_word' id='word_1_626' title='bbox 340 4541 515 4612; x_wconf 83' lang='grc' dir='ltr'>μόνον</span> <span class='ocrx_word' id='word_1_627' title='bbox 541 4539 820 4610; x_wconf 84' lang='grc' dir='ltr'>φωνήσας,</span> <span class='ocrx_word' id='word_1_628' title='bbox 849 4537 943 4591; x_wconf 72' lang='grc' dir='ltr'>καὶ</span> <span class='ocrx_word' id='word_1_629' title='bbox 965 4535 1140 4609; x_wconf 81' lang='grc' dir='ltr'>τούτῳ</span> <span class='ocrx_word' id='word_1_630' title='bbox 1172 4535 1264 4592; x_wconf 78' lang='grc' dir='ltr'>τὸν</span> <span class='ocrx_word' id='word_1_631' title='bbox 1289 4537 1488 4592; x_wconf 77' lang='grc' dir='ltr'>σκοπὸν</span> <span class='ocrx_word' id='word_1_632' title='bbox 1510 4537 1732 4601; x_wconf 76' lang='grc' dir='ltr'>ἀναθεὶς</span> <span class='ocrx_word' id='word_1_633' title='bbox 1763 4539 1792 4590; x_wconf 86' lang='grc' dir='ltr'><strong>ό</strong></span> <span class='ocrx_word' id='word_1_634' title='bbox 1813 4540 1926 4592; x_wconf 85' lang='grc' dir='ltr'>Πα-</span> 
     </span>
    </p>
   </div>
   <div class='ocr_carea' id='block_1_88' title="bbox 2032 4529 3611 4612">
    <p class='ocr_par' dir='ltr' id='par_1_88' title="bbox 2036 4529 3611 4599">
     <span class='ocr_line' id='line_1_88' title="bbox 2036 4529 3611 4599; baseline 0.004 -14"><span class='ocrx_word' id='word_1_635' title='bbox 2036 4540 2232 4587; x_wconf 90' lang='lat' dir='ltr'><strong>tectum</strong></span> <span class='ocrx_word' id='word_1_636' title='bbox 2263 4530 2523 4585; x_wconf 79' lang='lat' dir='ltr'><strong>Marinum</strong></span> <span class='ocrx_word' id='word_1_637' title='bbox 2546 4529 2721 4586; x_wconf 89' lang='lat' dir='ltr'><strong>solum</strong></span> <span class='ocrx_word' id='word_1_638' title='bbox 2742 4529 2996 4597; x_wconf 87' lang='lat' dir='ltr'><strong>advocat,</strong></span> <span class='ocrx_word' id='word_1_639' title='bbox 3016 4532 3127 4597; x_wconf 89' lang='lat' dir='ltr'><strong>cui,</strong></span> <span class='ocrx_word' id='word_1_640' title='bbox 3155 4541 3213 4588; x_wconf 88' lang='lat' dir='ltr'><strong>ut</strong></span> <span class='ocrx_word' id='word_1_641' title='bbox 3247 4533 3446 4589; x_wconf 88' lang='lat' dir='ltr'><strong>dilecto</strong></span> <span class='ocrx_word' id='word_1_642' title='bbox 3476 4537 3611 4599; x_wconf 83' lang='lat' dir='ltr'><strong>lilio,</strong></span> 
     </span>
    </p>
   </div>
   <div class='ocr_carea' id='block_1_89' title="bbox 289 4616 1928 4705">
    <p class='ocr_par' dir='ltr' id='par_1_89' title="bbox 289 4616 1923 4705">
     <span class='ocr_line' id='line_1_89' title="bbox 289 4616 1923 4705; baseline -0.004 -20"><span class='ocrx_word' id='word_1_643' title='bbox 289 4616 301 4623; x_wconf 55' lang='grc'><em>’</em></span> <span class='ocrx_word' id='word_1_644' title='bbox 334 4630 484 4700; x_wconf 79' lang='grc' dir='ltr'>τὴρ,</span> <span class='ocrx_word' id='word_1_645' title='bbox 528 4629 604 4693; x_wconf 82' lang='grc' dir='ltr'>ὡς</span> <span class='ocrx_word' id='word_1_646' title='bbox 639 4628 912 4705; x_wconf 76' lang='grc' dir='ltr'>ἀγαπητῷ</span> <span class='ocrx_word' id='word_1_647' title='bbox 962 4627 1157 4697; x_wconf 82' lang='grc' dir='ltr'>τέκνῳ,</span> <span class='ocrx_word' id='word_1_648' title='bbox 1190 4624 1307 4699; x_wconf 78' lang='grc' dir='ltr'>ἅμα</span> <span class='ocrx_word' id='word_1_649' title='bbox 1353 4626 1502 4697; x_wconf 80' lang='grc' dir='ltr'>αὐτῷ</span> <span class='ocrx_word' id='word_1_650' title='bbox 1532 4626 1623 4681; x_wconf 83' lang='grc' dir='ltr'><strong>τοῦ</strong></span> <span class='ocrx_word' id='word_1_651' title='bbox 1660 4626 1923 4698; x_wconf 83' lang='grc' dir='ltr'>σπηλαίου</span> 
     </span>
    </p>
   </div>
   <div class='ocr_carea' id='block_1_90' title="bbox 2032 4616 3611 4705">
    <p class='ocr_par' dir='ltr' id='par_1_90' title="bbox 2032 4619 3611 4694">
     <span class='ocr_line' id='line_1_90' title="bbox 2032 4619 3611 4694; baseline 0.001 -15"><span class='ocrx_word' id='word_1_652' title='bbox 2032 4638 2128 4679; x_wconf 86' lang='lat' dir='ltr'><strong>sua</strong></span> <span class='ocrx_word' id='word_1_653' title='bbox 2150 4632 2329 4678; x_wconf 89' lang='lat' dir='ltr'><strong>mente</strong></span> <span class='ocrx_word' id='word_1_654' title='bbox 2359 4619 2652 4693; x_wconf 86' lang='lat' dir='ltr'><strong>patefacta,</strong></span> <span class='ocrx_word' id='word_1_655' title='bbox 2678 4637 2785 4676; x_wconf 89' lang='lat' dir='ltr'><strong>una</strong></span> <span class='ocrx_word' id='word_1_656' title='bbox 2809 4636 2930 4678; x_wconf 90' lang='lat' dir='ltr'><strong>cum</strong></span> <span class='ocrx_word' id='word_1_657' title='bbox 2964 4622 3056 4679; x_wconf 92' lang='lat' dir='ltr'><strong>illo</strong></span> <span class='ocrx_word' id='word_1_658' title='bbox 3079 4638 3112 4678; x_wconf 81' lang='grc' dir='ltr'><strong>ε</strong></span> <span class='ocrx_word' id='word_1_659' title='bbox 3140 4638 3303 4694; x_wconf 86' lang='lat' dir='ltr'><strong>specu</strong></span> <span class='ocrx_word' id='word_1_660' title='bbox 3337 4624 3611 4690; x_wconf 82' lang='lat' dir='ltr'><strong>discessit.</strong></span> 
     </span>
    </p>
   </div>
   <div class='ocr_carea' id='block_1_91' title="bbox 343 4714 1930 4787">
    <p class='ocr_par' dir='ltr' id='par_1_91' title="bbox 343 4714 1930 4787">
     <span class='ocr_line' id='line_1_91' title="bbox 343 4714 1930 4787; baseline -0.001 -17"><span class='ocrx_word' id='word_1_661' title='bbox 343 4716 598 4787; x_wconf 79' lang='grc' dir='ltr'><strong>ἀπάρας,</strong></span> <span class='ocrx_word' id='word_1_662' title='bbox 645 4717 723 4779; x_wconf 83' lang='grc' dir='ltr'><strong>είς</strong></span> <span class='ocrx_word' id='word_1_663' title='bbox 749 4717 927 4771; x_wconf 78' lang='grc' dir='ltr'>ἐκεῖνο</span> <span class='ocrx_word' id='word_1_664' title='bbox 961 4716 1024 4769; x_wconf 81' lang='grc' dir='ltr'>τὸ</span> <span class='ocrx_word' id='word_1_665' title='bbox 1046 4714 1428 4786; x_wconf 80' lang='grc' dir='ltr'>φοϐερώτατον</span> <span class='ocrx_word' id='word_1_666' title='bbox 1452 4714 1627 4769; x_wconf 82' lang='grc' dir='ltr'>είσέδυ</span> <span class='ocrx_word' id='word_1_667' title='bbox 1651 4715 1930 4786; x_wconf 80' lang='grc' dir='ltr'>ταφοειδὲς</span> 
     </span>
    </p>
   </div>
   <div class='ocr_carea' id='block_1_92' title="bbox 339 4804 1923 4878">
    <p class='ocr_par' dir='ltr' id='par_1_92' title="bbox 339 4804 1923 4878">
     <span class='ocr_line' id='line_1_92' title="bbox 339 4804 1923 4878; baseline -0.001 -17"><span class='ocrx_word' id='word_1_668' title='bbox 339 4807 583 4877; x_wconf 73' lang='grc' dir='ltr'>οἴκημα.</span> <span class='ocrx_word' id='word_1_669' title='bbox 631 4806 846 4861; x_wconf 76' lang='grc' dir='ltr'>Ἐωθεν</span> <span class='ocrx_word' id='word_1_670' title='bbox 887 4806 947 4860; x_wconf 86' lang='grc' dir='ltr'>δὲ</span> <span class='ocrx_word' id='word_1_671' title='bbox 1000 4806 1141 4878; x_wconf 83' lang='grc' dir='ltr'>μετὰ</span> <span class='ocrx_word' id='word_1_672' title='bbox 1198 4807 1297 4877; x_wconf 75' lang='grc' dir='ltr'>τὴν</span> <span class='ocrx_word' id='word_1_673' title='bbox 1351 4804 1572 4876; x_wconf 71' lang='grc' dir='ltr'>ὄρθριον</span> <span class='ocrx_word' id='word_1_674' title='bbox 1629 4805 1923 4877; x_wconf 81' lang='grc' dir='ltr'>ὑμνῳδίαν,</span> 
     </span>
    </p>
   </div>
   <div class='ocr_carea' id='block_1_93' title="bbox 336 4894 1928 4968">
    <p class='ocr_par' dir='ltr' id='par_1_93' title="bbox 336 4894 1928 4968">
     <span class='ocr_line' id='line_1_93' title="bbox 336 4894 1928 4968; baseline -0.004 -13"><span class='ocrx_word' id='word_1_675' title='bbox 336 4899 570 4955; x_wconf 83' lang='grc' dir='ltr'>πάντων</span> <span class='ocrx_word' id='word_1_676' title='bbox 590 4899 699 4953; x_wconf 83' lang='grc' dir='ltr'><strong>τῶν</strong></span> <span class='ocrx_word' id='word_1_677' title='bbox 721 4897 968 4967; x_wconf 84' lang='grc' dir='ltr'>ἀδελφῶν</span> <span class='ocrx_word' id='word_1_678' title='bbox 1006 4896 1148 4951; x_wconf 84' lang='grc' dir='ltr'>κατὰ</span> <span class='ocrx_word' id='word_1_679' title='bbox 1168 4896 1229 4950; x_wconf 84' lang='grc' dir='ltr'>τὸ</span> <span class='ocrx_word' id='word_1_680' title='bbox 1258 4894 1495 4967; x_wconf 83' lang='grc' dir='ltr'>σύνηθες</span> <span class='ocrx_word' id='word_1_681' title='bbox 1518 4898 1616 4968; x_wconf 81' lang='grc' dir='ltr'>τὴν</span> <span class='ocrx_word' id='word_1_682' title='bbox 1640 4897 1928 4967; x_wconf 84' lang='grc' dir='ltr'>μετάνοιαν</span> 
     </span>
    </p>
   </div>
   <div class='ocr_carea' id='block_1_94' title="bbox 337 4987 1927 5062">
    <p class='ocr_par' dir='ltr' id='par_1_94' title="bbox 337 4987 1927 5062">
     <span class='ocr_line' id='line_1_94' title="bbox 337 4987 1927 5062; baseline -0.001 -19"><span class='ocrx_word' id='word_1_683' title='bbox 337 4989 624 5062; x_wconf 81' lang='grc' dir='ltr'>βαλόντων</span> <span class='ocrx_word' id='word_1_684' title='bbox 653 4992 733 5055; x_wconf 86' lang='grc' dir='ltr'><strong>είς</strong></span> <span class='ocrx_word' id='word_1_685' title='bbox 756 4991 823 5043; x_wconf 81' lang='grc' dir='ltr'><strong>τὰ</strong></span> <span class='ocrx_word' id='word_1_686' title='bbox 844 4988 939 5044; x_wconf 77' lang='grc' dir='ltr'>τοῦ</span> <span class='ocrx_word' id='word_1_687' title='bbox 967 4988 1237 5060; x_wconf 88' lang='grc' dir='ltr'>σπηλαίου</span> <span class='ocrx_word' id='word_1_688' title='bbox 1276 4988 1545 5060; x_wconf 82' lang='grc' dir='ltr'>πρόθυρα,</span> <span class='ocrx_word' id='word_1_689' title='bbox 1578 4988 1672 5043; x_wconf 77' lang='grc' dir='ltr'>καὶ</span> <span class='ocrx_word' id='word_1_690' title='bbox 1699 4987 1794 5041; x_wconf 76' lang='grc' dir='ltr'>τοῦ</span> <span class='ocrx_word' id='word_1_691' title='bbox 1838 4988 1927 5041; x_wconf 83' lang='grc' dir='ltr'><strong>εὑ-</strong></span> 
     </span>
    </p>
   </div>
   <div class='ocr_carea' id='block_1_95' title="bbox 332 5079 1923 5152">
    <p class='ocr_par' dir='ltr' id='par_1_95' title="bbox 332 5079 1923 5152">
     <span class='ocr_line' id='line_1_95' title="bbox 332 5079 1923 5152; baseline -0.004 -14"><span class='ocrx_word' id='word_1_692' title='bbox 332 5081 579 5152; x_wconf 78' lang='grc' dir='ltr'>λογῆσαι</span> <span class='ocrx_word' id='word_1_693' title='bbox 628 5082 721 5135; x_wconf 80' lang='grc' dir='ltr'><strong>τὸν</strong></span> <span class='ocrx_word' id='word_1_694' title='bbox 751 5082 910 5150; x_wconf 72' lang='grc' dir='ltr'>ἅγιον</span> <span class='ocrx_word' id='word_1_695' title='bbox 962 5079 1320 5150; x_wconf 75' lang='grc' dir='ltr'>αἰτουμένων,</span> <span class='ocrx_word' id='word_1_696' title='bbox 1372 5081 1406 5151; x_wconf 79' lang='grc' dir='ltr'>ἡ</span> <span class='ocrx_word' id='word_1_697' title='bbox 1445 5080 1791 5151; x_wconf 82' lang='grc' dir='ltr'>καθεκάστην</span> <span class='ocrx_word' id='word_1_698' title='bbox 1829 5081 1923 5133; x_wconf 82' lang='grc' dir='ltr'><strong>όσ-</strong></span> 
     </span>
    </p>
   </div>
   <div class='ocr_carea' id='block_1_96' title="bbox 335 5168 1923 5247">
    <p class='ocr_par' dir='ltr' id='par_1_96' title="bbox 335 5168 1923 5247">
     <span class='ocr_line' id='line_1_96' title="bbox 335 5168 1923 5247; baseline -0.002 -21"><span class='ocrx_word' id='word_1_699' title='bbox 335 5174 555 5247; x_wconf 81' lang='grc' dir='ltr'>ημέραι</span> <span class='ocrx_word' id='word_1_700' title='bbox 584 5172 1012 5244; x_wconf 83' lang='grc' dir='ltr'>συμπαθεστάτη</span> <span class='ocrx_word' id='word_1_701' title='bbox 1041 5171 1194 5242; x_wconf 86' lang='grc' dir='ltr'>φωνὴ</span> <span class='ocrx_word' id='word_1_702' title='bbox 1232 5171 1332 5241; x_wconf 85' lang='grc' dir='ltr'><strong>τῆς</strong></span> <span class='ocrx_word' id='word_1_703' title='bbox 1379 5171 1547 5242; x_wconf 77' lang='grc' dir='ltr'><strong>εὐχῆς</strong></span> <span class='ocrx_word' id='word_1_704' title='bbox 1586 5168 1678 5223; x_wconf 82' lang='grc' dir='ltr'>τοῦ</span> <span class='ocrx_word' id='word_1_705' title='bbox 1710 5170 1923 5243; x_wconf 67' lang='grc' dir='ltr'>Πατρός</span> 
     </span>
    </p>
   </div>
   <div class='ocr_carea' id='block_1_97' title="bbox 334 5260 1924 5334">
    <p class='ocr_par' dir='ltr' id='par_1_97' title="bbox 334 5260 1924 5334">
     <span class='ocr_line' id='line_1_97' title="bbox 334 5260 1924 5334; baseline -0.002 -15"><span class='ocrx_word' id='word_1_706' title='bbox 334 5265 450 5319; x_wconf 78' lang='grc' dir='ltr'>οὐκ</span> <span class='ocrx_word' id='word_1_707' title='bbox 471 5261 715 5333; x_wconf 76' lang='grc' dir='ltr'>ὲξηχεῖτο</span> <span class='ocrx_word' id='word_1_708' title='bbox 749 5267 862 5328; x_wconf 87' lang='grc' dir='ltr'>τοῖς</span> <span class='ocrx_word' id='word_1_709' title='bbox 889 5263 1139 5334; x_wconf 83' lang='grc' dir='ltr'>εὐηκόοις</span> <span class='ocrx_word' id='word_1_710' title='bbox 1167 5260 1347 5316; x_wconf 80' lang='grc' dir='ltr'>αὐτῶν</span> <span class='ocrx_word' id='word_1_711' title='bbox 1394 5261 1553 5317; x_wconf 85' lang='grc' dir='ltr'>ὠσίν.</span> <span class='ocrx_word' id='word_1_712' title='bbox 1590 5262 1924 5331; x_wconf 79' lang='grc' dir='ltr'>Διαπορούν-</span> 
     </span>
    </p>
   </div>
   <div class='ocr_carea' id='block_1_98' title="bbox 421 5438 1918 5513">
    <p class='ocr_par' dir='ltr' id='par_1_98' title="bbox 421 5438 1918 5513">
     <span class='ocr_line' id='line_1_98' title="bbox 421 5438 1918 5513; baseline -0.003 -16"><span class='ocrx_word' id='word_1_713' title='bbox 421 5439 500 5513; x_wconf 69' lang='grc'><strong>(4)</strong></span> <span class='ocrx_word' id='word_1_714' title='bbox 541 5442 736 5509; x_wconf 80' lang='grc' dir='ltr'><strong>Λιϐὀς.</strong></span> <span class='ocrx_word' id='word_1_715' title='bbox 791 5439 908 5495; x_wconf 88' lang='lat' dir='ltr'><strong>Duo</strong></span> <span class='ocrx_word' id='word_1_716' title='bbox 943 5453 1078 5513; x_wconf 60' lang='lat' dir='ltr'><strong>mss.</strong></span> <span class='ocrx_word' id='word_1_717' title='bbox 1115 5438 1519 5513; x_wconf 59' lang='lat' dir='ltr'><strong>lida._l_iabeqt,</strong></span> <span class='ocrx_word' id='word_1_718' title='bbox 1551 5452 1687 5513; x_wconf 57' lang='lat' dir='ltr'><strong>qua:</strong></span> <span class='ocrx_word' id='word_1_719' title='bbox 1718 5452 1819 5513; x_wconf 62' lang='lat' dir='ltr'><strong>v9;</strong></span> <span class='ocrx_word' id='word_1_720' title='bbox 1866 5439 1918 5492; x_wconf 90' lang='lat' dir='ltr'><strong>in</strong></span> 
     </span>
    </p>
   </div>
   <div class='ocr_carea' id='block_1_99' title="bbox 339 5507 1917 5582">
    <p class='ocr_par' dir='ltr' id='par_1_99' title="bbox 339 5507 1917 5582">
     <span class='ocr_line' id='line_1_99' title="bbox 339 5507 1917 5582; baseline -0.004 -14"><span class='ocrx_word' id='word_1_721' title='bbox 339 5507 632 5582; x_wconf 73' lang='lat' dir='ltr'><strong>Scriptura</strong></span> <span class='ocrx_word' id='word_1_722' title='bbox 664 5507 844 5577; x_wconf 81' lang='lat' dir='ltr'><strong>sacra,</strong></span> <span class='ocrx_word' id='word_1_723' title='bbox 872 5525 927 5566; x_wconf 88' lang='lat' dir='ltr'><strong>v.</strong></span> <span class='ocrx_word' id='word_1_724' title='bbox 949 5526 1003 5580; x_wconf 68' lang='grc' dir='ltr'><strong>ε.</strong></span> <span class='ocrx_word' id='word_1_725' title='bbox 1042 5509 1224 5582; x_wconf 62' lang='lat' dir='ltr'><strong>Exod.</strong></span> <span class='ocrx_word' id='word_1_726' title='bbox 1254 5510 1418 5582; x_wconf 59' lang='grc' dir='ltr'><strong>Ωιτ.</strong></span> <span class='ocrx_word' id='word_1_727' title='bbox 1452 5508 1503 5562; x_wconf 84' lang='lat'><strong>9.</strong></span> <span class='ocrx_word' id='word_1_728' title='bbox 1531 5507 1708 5582; x_wconf 65' lang='lat' dir='ltr'><strong>Nunt.</strong></span> <span class='ocrx_word' id='word_1_729' title='bbox 1743 5509 1917 5582; x_wconf 39' lang='grc' dir='ltr'><strong>διε-γ.</strong></span> 
     </span>
    </p>
   </div>
   <div class='ocr_carea' id='block_1_100' title="bbox 339 5578 1922 5649">
    <p class='ocr_par' dir='ltr' id='par_1_100' title="bbox 339 5578 1922 5649">
     <span class='ocr_line' id='line_1_100' title="bbox 339 5578 1922 5649; baseline -0.004 -10"><span class='ocrx_word' id='word_1_730' title='bbox 339 5587 403 5640; x_wconf 74' lang='lat'><strong>5.</strong></span> <span class='ocrx_word' id='word_1_731' title='bbox 434 5578 490 5637; x_wconf 79' lang='lat' dir='ltr'><strong>et</strong></span> <span class='ocrx_word' id='word_1_732' title='bbox 520 5583 575 5645; x_wconf 85' lang='lat'><strong>5,</strong></span> <span class='ocrx_word' id='word_1_733' title='bbox 604 5593 709 5636; x_wconf 86' lang='lat' dir='ltr'><strong>etc.</strong></span> <span class='ocrx_word' id='word_1_734' title='bbox 742 5578 1001 5636; x_wconf 76' lang='lat' dir='ltr'><strong>Austrum</strong></span> <span class='ocrx_word' id='word_1_735' title='bbox 1037 5581 1152 5635; x_wconf 85' lang='lat' dir='ltr'><strong>sive</strong></span> <span class='ocrx_word' id='word_1_736' title='bbox 1178 5580 1456 5636; x_wconf 82' lang='lat' dir='ltr'><strong>Meridiem</strong></span> <span class='ocrx_word' id='word_1_737' title='bbox 1498 5579 1787 5649; x_wconf 79' lang='lat' dir='ltr'><strong>significat.</strong></span> <span class='ocrx_word' id='word_1_738' title='bbox 1824 5578 1922 5633; x_wconf 90' lang='lat' dir='ltr'><strong>Hic</strong></span> 
     </span>
    </p>
   </div>
   <div class='ocr_carea' id='block_1_101' title="bbox 344 5649 1920 5722">
    <p class='ocr_par' dir='ltr' id='par_1_101' title="bbox 344 5649 1920 5722">
     <span class='ocr_line' id='line_1_101' title="bbox 344 5649 1920 5722; baseline -0.004 -15"><span class='ocrx_word' id='word_1_739' title='bbox 344 5666 529 5707; x_wconf 85' lang='lat' dir='ltr'><strong>tamen</strong></span> <span class='ocrx_word' id='word_1_740' title='bbox 554 5653 767 5708; x_wconf 87' lang='lat' dir='ltr'><strong>videtur</strong></span> <span class='ocrx_word' id='word_1_741' title='bbox 801 5652 1015 5721; x_wconf 86' lang='lat' dir='ltr'><strong>proprie</strong></span> <span class='ocrx_word' id='word_1_742' title='bbox 1057 5651 1383 5722; x_wconf 70' lang='lat' dir='ltr'><strong>signiﬁcare,</strong></span> <span class='ocrx_word' id='word_1_743' title='bbox 1411 5661 1629 5722; x_wconf 61' lang='grc' dir='ltr'>νίςηιιιιη</span> <span class='ocrx_word' id='word_1_744' title='bbox 1673 5649 1920 5722; x_wconf 50' lang='lat' dir='ltr'><strong>Africum</strong></span> 
     </span>
    </p>
   </div>
   <div class='ocr_carea' id='block_1_102' title="bbox 343 5720 1920 5794">
    <p class='ocr_par' dir='ltr' id='par_1_102' title="bbox 343 5720 1920 5794">
     <span class='ocr_line' id='line_1_102' title="bbox 343 5720 1920 5794; baseline -0.002 -19"><span class='ocrx_word' id='word_1_745' title='bbox 343 5727 574 5794; x_wconf 65' lang='lat' dir='ltr'><strong>dictum,</strong></span> <span class='ocrx_word' id='word_1_746' title='bbox 600 5724 664 5777; x_wconf 84' lang='lat' dir='ltr'><strong>de</strong></span> <span class='ocrx_word' id='word_1_747' title='bbox 692 5720 1022 5794; x_wconf 31' lang='lat' dir='ltr'><strong>qno’Seneca</strong></span> <span class='ocrx_word' id='word_1_748' title='bbox 1053 5720 1256 5794; x_wconf 54' lang='lat' dir='ltr'><strong>Oti-arsi.</strong></span> <span class='ocrx_word' id='word_1_749' title='bbox 1291 5721 1520 5794; x_wconf 75' lang='lat' dir='ltr'><strong>qatural.</strong></span> <span class='ocrx_word' id='word_1_750' title='bbox 1544 5721 1642 5794; x_wconf 84' lang='lat' dir='ltr'><strong>lib.</strong></span> <span class='ocrx_word' id='word_1_751' title='bbox 1669 5720 1721 5783; x_wconf 82' lang='lat'><strong>5,</strong></span> <span class='ocrx_word' id='word_1_752' title='bbox 1755 5735 1801 5772; x_wconf 92' lang='lat' dir='ltr'><strong>c.</strong></span> <span class='ocrx_word' id='word_1_753' title='bbox 1835 5721 1920 5773; x_wconf 76' lang='grc'><strong>16.</strong></span> 
     </span>
    </p>
   </div>
   <div class='ocr_carea' id='block_1_103' title="bbox 348 5786 1921 5861">
    <p class='ocr_par' dir='ltr' id='par_1_103' title="bbox 348 5786 1921 5861">
     <span class='ocr_line' id='line_1_103' title="bbox 348 5786 1921 5861; baseline -0.001 -16"><span class='ocrx_word' id='word_1_754' title='bbox 348 5794 428 5845; x_wconf 78' lang='lat' dir='ltr'><em>Ab</em></span> <span class='ocrx_word' id='word_1_755' title='bbox 465 5786 746 5849; x_wconf 65' lang='lat' dir='ltr'><strong>Occidente</strong></span> <span class='ocrx_word' id='word_1_756' title='bbox 791 5793 1007 5847; x_wconf 80' lang='lat' dir='ltr'><strong>hiberno</strong></span> <span class='ocrx_word' id='word_1_757' title='bbox 1043 5786 1250 5861; x_wconf 74' lang='lat' dir='ltr'><strong>Africus</strong></span> <span class='ocrx_word' id='word_1_758' title='bbox 1297 5786 1616 5859; x_wconf 75' lang='lat' dir='ltr'><strong>furibundus</strong></span> <span class='ocrx_word' id='word_1_759' title='bbox 1658 5802 1702 5845; x_wconf 80' lang='lat' dir='ltr'><strong>et</strong></span> <span class='ocrx_word' id='word_1_760' title='bbox 1745 5806 1921 5853; x_wconf 80' lang='lat' dir='ltr'><strong>ruens,</strong></span> 
     </span>
    </p>
   </div>
   <div class='ocr_carea' id='block_1_104' title="bbox 2038 4713 3612 4785">
    <p class='ocr_par' dir='ltr' id='par_1_104' title="bbox 2038 4713 3612 4785">
     <span class='ocr_line' id='line_1_104' title="bbox 2038 4713 3612 4785; baseline 0.004 -17"><span class='ocrx_word' id='word_1_761' title='bbox 2038 4723 2093 4768; x_wconf 87' lang='lat' dir='ltr'><strong>et</strong></span> <span class='ocrx_word' id='word_1_762' title='bbox 2124 4713 2523 4769; x_wconf 89' lang='lat' dir='ltr'><strong>formidandam</strong></span> <span class='ocrx_word' id='word_1_763' title='bbox 2554 4713 2703 4767; x_wconf 86' lang='lat' dir='ltr'><strong>illam</strong></span> <span class='ocrx_word' id='word_1_764' title='bbox 2766 4713 3122 4785; x_wconf 84' lang='lat' dir='ltr'><strong>sepulcralem</strong></span> <span class='ocrx_word' id='word_1_765' title='bbox 3184 4715 3375 4773; x_wconf 83' lang='lat' dir='ltr'><strong>cellam</strong></span> <span class='ocrx_word' id='word_1_766' title='bbox 3425 4719 3612 4775; x_wconf 82' lang='lat' dir='ltr'><strong>subiit.</strong></span> 
     </span>
    </p>
   </div>
   <div class='ocr_carea' id='block_1_105' title="bbox 2033 4805 3616 4881">
    <p class='ocr_par' dir='ltr' id='par_1_105' title="bbox 2033 4805 3616 4881">
     <span class='ocr_line' id='line_1_105' title="bbox 2033 4805 3616 4881; baseline 0.008 -22"><span class='ocrx_word' id='word_1_767' title='bbox 2033 4805 2198 4880; x_wconf 63' lang='grc'><strong>434,</strong></span> <span class='ocrx_word' id='word_1_768' title='bbox 2230 4806 2385 4863; x_wconf 82' lang='lat' dir='ltr'><strong>Mane</strong></span> <span class='ocrx_word' id='word_1_769' title='bbox 2453 4822 2583 4864; x_wconf 88' lang='lat' dir='ltr'><strong>vero</strong></span> <span class='ocrx_word' id='word_1_770' title='bbox 2636 4825 2761 4866; x_wconf 87' lang='lat' dir='ltr'><strong>cum</strong></span> <span class='ocrx_word' id='word_1_771' title='bbox 2792 4810 3031 4867; x_wconf 89' lang='lat' dir='ltr'><strong>universi</strong></span> <span class='ocrx_word' id='word_1_772' title='bbox 3091 4811 3314 4879; x_wconf 84' lang='lat' dir='ltr'><strong>fratres,</strong></span> <span class='ocrx_word' id='word_1_773' title='bbox 3370 4814 3616 4881; x_wconf 86' lang='lat' dir='ltr'><strong>peractis</strong></span> 
     </span>
    </p>
   </div>
   <div class='ocr_carea' id='block_1_106' title="bbox 2036 4897 3612 4972">
    <p class='ocr_par' dir='ltr' id='par_1_106' title="bbox 2036 4897 3612 4972">
     <span class='ocr_line' id='line_1_106' title="bbox 2036 4897 3612 4972; baseline 0.006 -20"><span class='ocrx_word' id='word_1_774' title='bbox 2036 4897 2320 4953; x_wconf 88' lang='lat' dir='ltr'><strong>matutinis</strong></span> <span class='ocrx_word' id='word_1_775' title='bbox 2386 4897 2656 4965; x_wconf 88' lang='lat' dir='ltr'><strong>laudibus,</strong></span> <span class='ocrx_word' id='word_1_776' title='bbox 2722 4909 2849 4956; x_wconf 84' lang='lat' dir='ltr'><strong>ante</strong></span> <span class='ocrx_word' id='word_1_777' title='bbox 2897 4899 3168 4972; x_wconf 85' lang='lat' dir='ltr'><strong>speluncae</strong></span> <span class='ocrx_word' id='word_1_778' title='bbox 3223 4902 3360 4958; x_wconf 85' lang='lat' dir='ltr'><strong>atria</strong></span> <span class='ocrx_word' id='word_1_779' title='bbox 3393 4906 3612 4961; x_wconf 84' lang='lat' dir='ltr'><strong>solitam</strong></span> 
     </span>
    </p>
   </div>
   <div class='ocr_carea' id='block_1_107' title="bbox 2033 4988 3617 5058">
    <p class='ocr_par' dir='ltr' id='par_1_107' title="bbox 2033 4988 3617 5058">
     <span class='ocr_line' id='line_1_107' title="bbox 2033 4988 3617 5058; baseline 0.004 -14"><span class='ocrx_word' id='word_1_780' title='bbox 2033 4988 2440 5044; x_wconf 87' lang='lat' dir='ltr'><strong>inclinationem</strong></span> <span class='ocrx_word' id='word_1_781' title='bbox 2477 4989 2753 5058; x_wconf 88' lang='lat' dir='ltr'><strong>fecissent,</strong></span> <span class='ocrx_word' id='word_1_782' title='bbox 2791 5002 2846 5048; x_wconf 88' lang='lat' dir='ltr'><strong>et</strong></span> <span class='ocrx_word' id='word_1_783' title='bbox 2880 5006 2909 5046; x_wconf 88' lang='lat' dir='ltr'><strong>a</strong></span> <span class='ocrx_word' id='word_1_784' title='bbox 2954 5003 3145 5050; x_wconf 86' lang='lat' dir='ltr'><strong>sancto</strong></span> <span class='ocrx_word' id='word_1_785' title='bbox 3189 4993 3350 5050; x_wconf 81' lang='lat' dir='ltr'><strong>Patre</strong></span> <span class='ocrx_word' id='word_1_786' title='bbox 3390 4996 3617 5053; x_wconf 81' lang='lat' dir='ltr'><strong>benedi-</strong></span> 
     </span>
    </p>
   </div>
   <div class='ocr_carea' id='block_1_108' title="bbox 2032 5082 3611 5155">
    <p class='ocr_par' dir='ltr' id='par_1_108' title="bbox 2032 5082 3611 5155">
     <span class='ocr_line' id='line_1_108' title="bbox 2032 5082 3611 5155; baseline 0.007 -22"><span class='ocrx_word' id='word_1_787' title='bbox 2032 5082 2265 5135; x_wconf 88' lang='lat' dir='ltr'><strong>ctionem</strong></span> <span class='ocrx_word' id='word_1_788' title='bbox 2295 5082 2670 5152; x_wconf 86' lang='lat' dir='ltr'><strong>postularent,</strong></span> <span class='ocrx_word' id='word_1_789' title='bbox 2703 5085 3018 5155; x_wconf 85' lang='lat' dir='ltr'><strong>quotidiana</strong></span> <span class='ocrx_word' id='word_1_790' title='bbox 3067 5088 3276 5142; x_wconf 90' lang='lat' dir='ltr'><strong>orantis</strong></span> <span class='ocrx_word' id='word_1_791' title='bbox 3302 5087 3478 5144; x_wconf 84' lang='lat' dir='ltr'><strong>Patris</strong></span> <span class='ocrx_word' id='word_1_792' title='bbox 3508 5104 3611 5144; x_wconf 77' lang='lat' dir='ltr'><strong>vox</strong></span> 
     </span>
    </p>
   </div>
   <div class='ocr_carea' id='block_1_109' title="bbox 2036 5171 3609 5245">
    <p class='ocr_par' dir='ltr' id='par_1_109' title="bbox 2036 5171 3609 5245">
     <span class='ocr_line' id='line_1_109' title="bbox 2036 5171 3609 5245; baseline 0.006 -20"><span class='ocrx_word' id='word_1_793' title='bbox 2036 5171 2329 5226; x_wconf 84' lang='lat' dir='ltr'><strong>mitissima</strong></span> <span class='ocrx_word' id='word_1_794' title='bbox 2363 5174 2585 5229; x_wconf 87' lang='lat' dir='ltr'><strong>attentis</strong></span> <span class='ocrx_word' id='word_1_795' title='bbox 2614 5176 2851 5244; x_wconf 85' lang='lat' dir='ltr'><strong>ipsorum</strong></span> <span class='ocrx_word' id='word_1_796' title='bbox 2881 5178 3103 5231; x_wconf 88' lang='lat' dir='ltr'><strong>auribus</strong></span> <span class='ocrx_word' id='word_1_797' title='bbox 3140 5178 3360 5233; x_wconf 87' lang='lat' dir='ltr'><strong>minime</strong></span> <span class='ocrx_word' id='word_1_798' title='bbox 3390 5182 3609 5245; x_wconf 81' lang='lat' dir='ltr'><strong>insona-</strong></span> 
     </span>
    </p>
   </div>
   <div class='ocr_carea' id='block_1_110' title="bbox 2035 5259 3609 5342">
    <p class='ocr_par' dir='ltr' id='par_1_110' title="bbox 2035 5259 3609 5342">
     <span class='ocr_line' id='line_1_110' title="bbox 2035 5259 3609 5342; baseline 0.004 -26"><span class='ocrx_word' id='word_1_799' title='bbox 2035 5262 2146 5316; x_wconf 89' lang='lat' dir='ltr'><strong>bat.</strong></span> <span class='ocrx_word' id='word_1_800' title='bbox 2176 5259 2258 5316; x_wconf 83' lang='lat' dir='ltr'><strong>Illi</strong></span> <span class='ocrx_word' id='word_1_801' title='bbox 2290 5276 2452 5328; x_wconf 88' lang='lat' dir='ltr'><strong>porro</strong></span> <span class='ocrx_word' id='word_1_802' title='bbox 2479 5264 2649 5332; x_wconf 77' lang='lat' dir='ltr'><strong>anxii,</strong></span> <span class='ocrx_word' id='word_1_803' title='bbox 2684 5274 2802 5335; x_wconf 87' lang='lat' dir='ltr'><strong>post</strong></span> <span class='ocrx_word' id='word_1_804' title='bbox 2836 5265 3057 5320; x_wconf 89' lang='lat' dir='ltr'><strong>multum</strong></span> <span class='ocrx_word' id='word_1_805' title='bbox 3110 5277 3318 5336; x_wconf 83' lang='lat' dir='ltr'><strong>tempus</strong></span> <span class='ocrx_word' id='word_1_806' title='bbox 3358 5280 3609 5342; x_wconf 76' lang='lat' dir='ltr'><strong>surgunt,</strong></span> 
     </span>
    </p>
   </div>
   <div class='ocr_carea' id='block_1_111' title="bbox 2028 5439 3005 5512">
    <p class='ocr_par' dir='ltr' id='par_1_111' title="bbox 2028 5439 3005 5512">
     <span class='ocr_line' id='line_1_111' title="bbox 2028 5439 3005 5512; baseline 0.006 -19"><span class='ocrx_word' id='word_1_807' title='bbox 2028 5441 2172 5512; x_wconf 65' lang='lat' dir='ltr'><strong>apud</strong></span> <span class='ocrx_word' id='word_1_808' title='bbox 2200 5439 2413 5495; x_wconf 67' lang='lat' dir='ltr'><strong>Graecos</strong></span> <span class='ocrx_word' id='word_1_809' title='bbox 2437 5440 2529 5512; x_wconf 77' lang='grc' dir='ltr'>λὶψ</span> <span class='ocrx_word' id='word_1_810' title='bbox 2558 5442 2777 5497; x_wconf 79' lang='lat' dir='ltr'><strong>dicitur.</strong></span> <span class='ocrx_word' id='word_1_811' title='bbox 2874 5511 2885 5512; x_wconf 18' lang='grc' dir='ltr'>ί</span> <span class='ocrx_word' id='word_1_812' title='bbox 3000 5506 3005 5511; x_wconf 33' lang='lat'><strong>,</strong></span> 
     </span>
    </p>
   </div>
   <div class='ocr_carea' id='block_1_112' title="bbox 2100 5510 3645 5582">
    <p class='ocr_par' dir='ltr' id='par_1_112' title="bbox 2100 5510 3645 5582">
     <span class='ocr_line' id='line_1_112' title="bbox 2100 5510 3645 5582; baseline 0.006 -18"><span class='ocrx_word' id='word_1_813' title='bbox 2100 5510 2176 5582; x_wconf 83' lang='lat'><strong>(5)</strong></span> <span class='ocrx_word' id='word_1_814' title='bbox 2208 5510 2561 5577; x_wconf 63' lang='lat' dir='ltr'><strong>K10v6o&#39;r,i.</strong></span> <span class='ocrx_word' id='word_1_815' title='bbox 2600 5529 2841 5569; x_wconf 82' lang='lat' dir='ltr'><strong>caveam.</strong></span> <span class='ocrx_word' id='word_1_816' title='bbox 2872 5511 3012 5570; x_wconf 82' lang='lat' dir='ltr'><strong>Hinc</strong></span> <span class='ocrx_word' id='word_1_817' title='bbox 3050 5515 3239 5570; x_wconf 71' lang='grc' dir='ltr'>κλουῦὶ</span> <span class='ocrx_word' id='word_1_818' title='bbox 3273 5514 3476 5574; x_wconf 67' lang='lat' dir='ltr'><strong>Cra-eis</strong></span> <span class='ocrx_word' id='word_1_819' title='bbox 3511 5518 3645 5573; x_wconf 53' lang='lat' dir='ltr'><strong>ho»</strong></span> 
     </span>
    </p>
   </div>
   <div class='ocr_carea' id='block_1_113' title="bbox 2028 5580 3610 5656">
    <p class='ocr_par' dir='ltr' id='par_1_113' title="bbox 2028 5580 3610 5656">
     <span class='ocr_line' id='line_1_113' title="bbox 2028 5580 3610 5656; baseline 0.006 -23"><span class='ocrx_word' id='word_1_820' title='bbox 2028 5580 2237 5656; x_wconf 74' lang='lat' dir='ltr'><strong>diernis</strong></span> <span class='ocrx_word' id='word_1_821' title='bbox 2272 5592 2355 5656; x_wconf 57' lang='lat' dir='ltr'><strong>est</strong></span> <span class='ocrx_word' id='word_1_822' title='bbox 2396 5598 2580 5656; x_wconf 80' lang='lat' dir='ltr'><strong>cavea.</strong></span> <span class='ocrx_word' id='word_1_823' title='bbox 2617 5583 2876 5656; x_wconf 76' lang='lat' dir='ltr'><strong>Eamde</strong></span> <span class='ocrx_word' id='word_1_824' title='bbox 2910 5600 3096 5640; x_wconf 82' lang='lat' dir='ltr'><strong>vocent</strong></span> <span class='ocrx_word' id='word_1_825' title='bbox 3126 5588 3474 5645; x_wconf 67' lang='lat' dir='ltr'><strong>circumﬂexu</strong></span> <span class='ocrx_word' id='word_1_826' title='bbox 3518 5603 3610 5656; x_wconf 74' lang='lat' dir='ltr'><strong>[1e-</strong></span> 
     </span>
    </p>
   </div>
   <div class='ocr_carea' id='block_1_114' title="bbox 2031 5652 3649 5731">
    <p class='ocr_par' dir='ltr' id='par_1_114' title="bbox 2031 5652 3649 5731">
     <span class='ocr_line' id='line_1_114' title="bbox 2031 5652 3649 5731; baseline 0.009 -30"><span class='ocrx_word' id='word_1_827' title='bbox 2031 5652 2255 5731; x_wconf 75' lang='lat' dir='ltr'><strong>nttltima</strong></span> <span class='ocrx_word' id='word_1_828' title='bbox 2306 5653 2539 5724; x_wconf 59' lang='lat' dir='ltr'><strong>sigillum</strong></span> <span class='ocrx_word' id='word_1_829' title='bbox 2591 5654 2749 5709; x_wconf 71' lang='lat' dir='ltr'><strong>vertit</strong></span> <span class='ocrx_word' id='word_1_830' title='bbox 2786 5652 3025 5712; x_wconf 71' lang='lat' dir='ltr'><strong>Joannes</strong></span> <span class='ocrx_word' id='word_1_831' title='bbox 3060 5656 3325 5720; x_wconf 59' lang='grc' dir='ltr'><strong>δίειμι-εἰη</strong></span> <span class='ocrx_word' id='word_1_832' title='bbox 3365 5659 3418 5715; x_wconf 88' lang='lat' dir='ltr'><strong>in</strong></span> <span class='ocrx_word' id='word_1_833' title='bbox 3459 5652 3609 5714; x_wconf 62' lang='lat' dir='ltr'><strong>Glbsa</strong></span> <span class='ocrx_word' id='word_1_834' title='bbox 3645 5712 3649 5716; x_wconf 92' lang='lat'><strong>.</strong></span> 
     </span>
    </p>
   </div>
   <div class='ocr_carea' id='block_1_115' title="bbox 2030 5736 2194 5776">
    <p class='ocr_par' dir='ltr' id='par_1_115' title="bbox 2030 5736 2194 5776">
     <span class='ocr_line' id='line_1_115' title="bbox 2030 5736 2194 5776; baseline 0.018 -3"><span class='ocrx_word' id='word_1_835' title='bbox 2030 5736 2194 5776; x_wconf 86' lang='lat' dir='ltr'><strong>sar.o.</strong></span> 
     </span>
    </p>
   </div>
  </div>
