4060 6456
511 354 660 420 1103

1734 351 2125 416 STEPHANI
2163 349 2474 410 DIACONI
2514 350 2623 409 (ΣΡ.

3649 349 3763 416 11οί

519 467 650 521 etin
679 475 895 520 antrum
920 465 1394 522 iusiliunt.Verum
1413 467 1602 520 aberat
1625 464 2094 535 quiquaerebatur.

2214 476 2308 512 των
2329 459 2386 510 δὲ
2416 459 2618 524 αὐτῶν,
2643 457 2734 511 καὶ
2752 459 2892 528 μετὰ
2913 457 3171 529 πλείστην
3195 459 3344 531 ὥραν
3364 461 3767 529 διαναστάντων,

521 553 661 610 Tum
702 556 779 612 illi
831 556 1042 612 diversa
1071 555 1397 622 sentientes,
1427 555 1530 610 rati
1579 555 1808 624 periisse
1859 552 2097 616 Patrem,

521 645 694 700 multa
740 660 924 704 secum
967 647 1258 716 cogitando
1293 688 1309 714 ,
1371 646 1624 702 manibus
1679 647 1759 702 ori
1822 645 2056 700 admotis
2084 686 2099 710 ,

522 737 802 808 digitoque
858 737 1168 802 indicando,
1214 749 1268 794 et
1323 739 1598 793 dicendo:
1659 737 1874 808 Ergone
1912 737 2103 791 ovibus

521 827 778 883 oumibus
836 828 1201 898 praesentibus
1263 840 1447 898 pastor
1513 828 1752 883 defecit?
1811 829 1916 890 via,
1984 842 2105 896 qum

523 920 592 972 ad
625 918 888 973 declivem
918 919 1071 973 collis
1122 929 1328 988 partem
1375 920 1544 984 ducit,
1597 920 1973 989 investigando
2022 920 2105 973 di-

527 1007 715 1072 missa,
770 1005 1070 1077 ﬂentesque
1125 1016 1180 1062 et
1227 1017 1416 1078 pectus
1470 1011 1663 1079 pugnis
1717 1011 2102 1079 percutientes,

525 1099 686 1169 quasi
749 1099 958 1169 perdito
1003 1107 1179 1167 patre,
1208 1100 1448 1154 abibant.
1496 1100 1696 1157 Verum
1754 1112 1813 1154 ut
1848 1101 2102 1155 acerbum

527 1191 740 1244 illorum
767 1189 1030 1254 dolorem,
1054 1198 1218 1260 atque
1246 1191 1613 1258 celeritatem,
1645 1207 1750 1261 qua
1786 1192 1838 1246 in
1870 1209 2106 1262 praeceps

527 1280 858 1346 ferebantur,
895 1281 1066 1336 sensit
1114 1280 1299 1347 Pater,
1331 1281 1517 1336 leniet
1547 1282 1663 1336 miti
1705 1298 1836 1336 voce
1866 1299 1958 1337 eos
2010 1284 2104 1336 ad-

519 1371 760 1425 vocavit.
799 1371 862 1426 lli
887 1385 1038 1435 vero,
1062 1378 1121 1424 ut
1182 1370 1360 1440 pisces
1389 1371 1458 1424 ad
1489 1385 1672 1426 escam
1740 1369 1900 1423 laxati
1937 1371 2105 1433 hami,

525 1462 606 1520 sic
627 1462 693 1517 ad
734 1461 851 1531 ejus
876 1475 1061 1516 vocem
1081 1460 1368 1516 confestim
1403 1461 1674 1526 conversi,
1709 1461 1773 1514 ad
1799 1461 1971 1530 ipsum
2011 1477 2102 1514 ac-

527 1561 835 1614 currernnt,
871 1561 1032 1622 atque
1061 1552 1114 1606 in
1140 1551 1296 1622 genis
1325 1551 1504 1606 adhuc
1533 1561 1810 1622 gestantes
1838 1553 2109 1623 lacryma-

529 1662 651 1699 rum
686 1645 966 1714 reliquias,
995 1659 1099 1699 non
1126 1658 1292 1713 parvo
1323 1659 1442 1698 cum
1471 1645 1695 1712 gemitu,
1730 1643 2105 1712 intereisoque

527 1737 720 1806 spiritu
752 1736 800 1791 ei
832 1734 994 1808 5.35
1033 1735 1284 1790 dicebant
1313 1753 1326 1790 :
1360 1753 1379 1787 ι
1427 1735 1566 1801 Quid
1601 1747 1653 1789 te
1681 1735 1994 1789 durioribus
2051 1743 2104 1789 et

529 1829 825 1883 rrrnrtifcris
860 1829 947 1883 his
967 1827 1186 1882 sedibus
1215 1827 1504 1893 tradidisti,
1532 1825 1711 1892 Pater,
1747 1835 1804 1882 nt
1833 1843 1933 1881 nos
1980 1827 2091 1882 cito

2214 1825 2614 1896 ἀναδραμόντες
2632 1867 2647 1891 ,

524 1922 798 1992 orphanos
816 1918 1323 1984 redderes'IQuibus
1346 1920 1685 1973 venerandus
1703 1918 1863 1973 Pater
1882 1934 2112 1988 evange-

524 2015 686 2070 licum
715 2013 844 2067 illud
875 2010 1156 2066 oraculum
1194 2010 1504 2079 respondit:
1543 2010 1704 2076 Quia,
1728 2011 1846 2077 lilii,
1880 2021 2106 2080 augusta

525 2116 575 2160 et
600 2117 748 2160 arcta
775 2106 859 2159 via
898 2113 996 2170 est,
1023 2118 1143 2173 qua:
1187 2102 1332 2156 ducit
1371 2103 1439 2156 ad
1485 2105 1665 2168 vitam,
1695 2111 1744 2157 et
1785 2104 1941 2174 pauci
1985 2113 2106 2157 sunt

523 2199 616 2268 qui
644 2197 909 2251 inveniunt
957 2211 1073 2249 eam
1098 2194 1164 2249 ³⁸.
1195 2194 1397 2260 Quibus
1429 2195 1650 2259 auditis,
1681 2193 1881 2250 fratres
1916 2196 2103 2250 statim

527 2291 926 2352 conticuerunt,
958 2301 1192 2357 eumque
1215 2288 1491 2340 dumtaxat
1518 2301 1803 2356 rogavere,
1830 2297 1886 2338 ut
1917 2286 2106 2340 saltem

530 2393 730 2437 tectum
755 2381 902 2435 cette
925 2379 1129 2450 impoul
1161 2378 1384 2434 sineret.
1427 2379 1494 2432 At
1527 2378 1617 2432 ille
1669 2379 1933 2447 reposuit,
1977 2379 2110 2433 satis

529 2486 675 2535 esse,
715 2470 939 2524 nubium
977 2467 1283 2523 ctelestium
1317 2469 1521 2522 fornice
1555 2483 1672 2522 eam
1705 2469 1832 2538 tegi.
1857 2467 1948 2523 Sic
1981 2484 2108 2537 ergo

528 2571 586 2618 et
611 2569 801 2616 aestate
831 2571 885 2614 et
912 2559 1108 2631 hyeme
1141 2560 1463 2629 permansit,
1501 2557 1669 2614 calori
1704 2568 1759 2614 et
1792 2558 1976 2630 frigori
2007 2559 2108 2613 ob-

531 2653 744 2704 noxius.
773 2648 979 2703 Praeter
1007 2656 1218 2702 vestem
1277 2663 1511 2716 quoque,
1547 2663 1744 2718 corpus
1777 2647 1830 2702 in
1891 2647 2108 2702 modum

2214 2649 2524 2716 ρίσκοντες
2567 2650 2779 2717 αὐτήν.

2203 549 2298 603 καὶ
2325 549 2398 618 τῷ
2423 548 2673 619 σπηλαίῳ
2689 549 3159 618 εἰσπηδησάντων,
3177 550 3275 602 οὐκ
3301 545 3372 620 ἧν
3388 553 3415 603 6
3440 552 3769 623 ζητούμενος.

2203 640 2686 712 Διαμερισθέντων
2737 641 2794 693 δὲ
2863 641 3045 695 αὐτῶν
3095 642 3172 712 τῷ
3217 643 3330 707 νοτ,
3385 645 3484 697 καὶ
3527 645 3770 710 δοξάντωι

2203 731 2608 784 ἀπολωλεκέναι
2639 732 2730 784 τὸν
2753 731 2993 802 Πατέρα,
3025 727 3144 784 εἶτα
3177 733 3269 785 καὶ
3295 734 3770 806 διαλογιζομένων,

2203 826 2271 876 τὰ
2290 827 2440 894 χεῖρε
2473 825 2611 894 πρὸς
2645 823 2822 892 στόμα
2843 841 2902 876 τε
2942 825 3294 893 ὲρεισάντων,
3327 829 3420 879 καὶ
3444 826 3776 883 δακτυλοδει-

2216 917 2491 970 κτούντων
2520 916 2699 971 αὐτῶν
2734 917 2826 970 καὶ
2859 917 3162 984 λεγόντων⁶
3221 915 3372 988 Ἀρά
3413 937 3475 987 γε
3509 923 3778 991 προϐάτων

2207 1008 2464 1060 ἁπάντων
2496 1008 2785 1077 παρόντων
2819 1010 2848 1061 6
2873 1011 3078 1079 ποιμήν
3111 1028 3225 1073 πως
3286 1010 3636 1082 ἀπελείφθης
3695 1019 3778 1085 τῆς

2205 1101 2299 1152 ἐπὶ
2332 1099 2390 1152 τὸ
2415 1100 2621 1171 πρανὲς
2646 1099 2740 1152 τοῦ
2774 1100 2967 1169 βουνοῦ
2998 1101 3226 1170 πορείας
3255 1101 3628 1175 ζη[τη]τικῶς
3653 1107 3778 1160 ἀπα·

2209 1209 2403 1263 ραντες
2425 1231 2440 1257 ,
2488 1191 2695 1261 ᾤχοντο
2729 1188 3323 1262 δακρυρῤοοῦντες,καὶ
3353 1203 3778 1266 στερνοπυγμαῖς

2207 1285 2431 1346 ἑαυτοὺς
2468 1283 2912 1348 καταθλίὸοντες,
2936 1284 3011 1347 ὡς
3038 1285 3129 1337 τὸν
3153 1289 3370 1357 πατέρα
3400 1289 3776 1355 ἀπολέσαντες.

2207 1373 2424 1427 Τούτων
2457 1373 2513 1426 δὲ
2547 1373 2647 1442 τῆς
2685 1373 2953 1444 ὀδυνηρᾶς
2987 1374 3168 1438 λύπης
3196 1377 3418 1446 καὶτῆς
3447 1379 3584 1449 πρὸς
3606 1381 3663 1432 τὸ
3690 1398 3778 1433 κα-

2210 1463 2453 1533 τωφερὲς
2481 1462 2784 1532 ταχυτῆτος
2817 1461 3140 1533 αἰσθόμενος
3166 1464 3194 1516 6
3219 1465 3435 1534 Πατὴρ,
3469 1469 3671 1536 πραείᾳ
3699 1471 3782 1522 καὶ

2207 1554 2470 1622 προσηνεῖ
2499 1555 2564 1623 τῇ
2604 1555 2754 1622 φωνῇ
2783 1552 3008 1615 τούτους
3053 1555 3474 1622 προσεκαλεῖτο.
3511 1557 3574 1608 Οἱ
3598 1557 3682 1624 δὲ,
3716 1560 3780 1622 ὡς

2210 1643 2391 1713 ἰχθύες
2422 1645 2557 1713 πρὸς
2593 1643 2652 1694 τὸ
2699 1643 2892 1713 δέλεαρ
2931 1645 2996 1713 τῇ
3041 1642 3135 1696 τοῦ
3184 1645 3496 1715 ἀγκίστρου
3543 1647 3777 1715 χαλάσει,

2208 1732 2351 1786 οὕτω
2379 1736 2443 1804 τῇ
2477 1735 2628 1804 φωνῇ
2675 1732 2847 1803 ἄρδην
2873 1735 3301 1804 συστραφέντες,
3332 1735 3430 1788 καὶ
3464 1735 3601 1806 πρὸς
3634 1737 3777 1790 αὐτὸν

2699 1827 2795 1878 καὶ
2830 1825 2908 1879 ἔτι
2953 1827 3214 1896 φέροντες
3257 1827 3354 1878 ἐπὶ
3404 1827 3515 1880 τῶν
3555 1830 3780 1898 παρειῶν

2208 1919 2302 1971 τοῦ
2349 1917 2631 1987 κλαυθμοῦ
2672 1918 2740 1971 τὰ
2776 1918 3024 1987 λείψανα,
3070 1920 3188 1988 μετ’
3214 1919 3470 1988 οἰμωγῆς
3500 1919 3561 1972 ού
3595 1923 3776 1991 μικρᾶς

2210 2010 2601 2062 κοντοπνευστὶ
2655 2009 2728 2080 (6)
2771 1991 2928 2080 ’πρὸς
3018 2011 3181 2064 αὑτὸν
3243 2011 3469 2076 ἔλεγονο
3559 2012 3622 2064 Τί
3672 2016 3777 2074 ταῖς

2209 2099 2606 2171 σκληροτέραις
2640 2101 2735 2153 καὶ
2786 2101 3166 2164 θανατοποιοίς
3211 2102 3445 2165 ταύταις
3495 2102 3772 2171 διαγωγαίς

2209 2192 2398 2244 ἑαυτὸν
2443 2191 2799 2256 ὲπιδέδωκας,
2845 2194 2982 2262 ταχὺ
3025 2193 3124 2263 τὴν
3146 2193 3426 2264 ὀρφανίαν
3458 2194 3613 2264 ἡμῶν
3652 2213 3777 2263 πρα-

2211 2283 2704 2352 γματευσάμενος,
2741 2284 2958 2353 Πάτερ;
3004 2283 3062 2335 '0
3111 2283 3168 2336 δὲ
3195 2285 3381 2353 τίμιος
3427 2285 3562 2354 πρὸς
3602 2285 3778 2347 αύτοὶς

2210 2374 2544 2444 ἀπεκρίνατο
2577 2375 2638 2428 τὸ
2681 2375 3042 2443 εύαγγελικδν
3075 2376 3254 2428 ἐκεῖνο
3299 2377 3517 2443 φάσκον
3548 2375 3718 2443 λόγιον
3740 2379 3775 2411 ⁸·

2212 2466 2366 2532 Ὅτι,
2426 2465 2642 2532 τεκνία,
2699 2465 2887 2534 στενὴ
2934 2467 3035 2520 καὶ
3081 2467 3446 2536 τεθλιμμένη
3477 2469 3515 2536 ἡ
3568 2467 3698 2534 ὁδὸς
3744 2469 3776 2537 ἠ

2209 2555 2534 2626 ἀπάγουσα
2567 2559 2654 2623 εἰς
2688 2557 2804 2626 τὴν
2834 2557 3006 2626 ζωὴν,
3041 2558 3138 2613 καὶ
3173 2560 3380 2628 ὀλίγοι
3425 2559 3588 2613 εἰσιν
3614 2562 3665 2612 οἱ
3695 2562 3777 2612 εὐ-

2873 2652 3122 2722 Παρευθὺ
3163 2651 3220 2704 δὲ
3257 2651 3450 2706 τοῦτον
3509 2652 3600 2704 τὸν
3643 2650 3777 2719 λόγον

532 2744 710 2798 erucis
735 2741 881 2798 ferro
947 2742 1313 2798 constrictum
1347 2743 1601 2806 habebat,
1636 2743 1702 2797 ab
1749 2741 1989 2796 humeris
2041 2740 2110 2796 ad

2214 2743 2629 2806 ἀκουτισθέντες
2685 2745 2736 2796 οἱ
2775 2743 3030 2812 ἀδελφοὶ,
3086 2743 3376 2814 ἡσύχασαν
3435 2742 3594 2796 τοῦτο
3640 2743 3778 2812 μόνον

533 2835 746 2890 lumbos
782 2834 998 2904 cingulo
1031 2849 1126 2904 per
1152 2832 1340 2888 orbem
1401 2833 1556 2888 alteri
1605 2832 1750 2888 ferro
1802 2847 1898 2902 per
1925 2833 2110 2888 clavos

2214 2834 2706 2906 ἑκλιπαρήσαντες,
2726 2836 2788 2889 τὸ
2817 2835 2921 2889 κᾶν
2943 2836 3292 2906 ὀροφωθῆναι
3341 2835 3442 2907 τὴν
3475 2835 3667 2903 στέγην
3694 2833 3778 2902 τῆς

532 2943 598 2982 ex
627 2935 858 2996 utraque
884 2935 1039 3004 parte
1071 2924 1256 2988 afﬁxo,
1297 2935 1351 2979 et
1394 2923 1499 2978 alio
1530 2923 1708 2979 ferreo
1741 2923 1958 2993 cingulo
2009 2922 2110 2978 sub

2214 2926 2409 2996 κέλλης
2441 2926 2644 2980 αὑτοῦ·
2692 2928 2720 2980 6
2761 2927 2817 2980 δὲ
2851 2928 3142 2998 ἀρκεῖσθαι
3183 2928 3286 2998 ἔφη
3319 2930 3390 2997 τῇ
3431 2927 3541 2979 τῶν
3559 2924 3778 2995 νεφελῶν

533 3017 713 3073 axillis
743 3028 952 3086 operto,
984 3017 1036 3070 in
1066 3033 1173 3087 quo
1222 3015 1414 3070 media:
1440 3023 1622 3085 partes
1653 3014 1804 3081 ferri,
1842 3014 1985 3085 quod
2043 3014 2110 3070 ab

2214 3017 2304 3071 τοῦ
2342 3017 2572 3086 ούρανοῦ
2619 3018 2921 3073 σκέπεσθαι
2959 3021 3153 3090 ὀροφῇ.
3183 3020 3294 3072 Καὶ
3325 3015 3601 3089 ἧνόύτως
3638 3015 3708 3085 τῷ
3731 3031 3778 3066 τε

533 3111 776 3167 humeris
806 3109 1188 3176 descendebat,
1239 3108 1418 3163 intime
1449 3116 1628 3163 erant.
1681 3104 1887 3161 Tunica
1945 3120 2110 3176 porro

2216 3108 2365 3180 θέρει
2420 3109 2517 3162 καὶ
2571 3109 2804 3180 χειμῶνι
2869 3109 3240 3180 φλογούμενος
3281 3108 3380 3162 καὶ
3425 3108 3777 3178 ψυχούμενος·

531 3204 793 3257 duntaxat
821 3202 1043 3270 pellicea
1070 3201 1341 3256 utebatur.
1379 3198 1634 3254 Sanctam
1671 3212 1886 3266 quoque
1929 3197 2110 3252 cucul-

2218 3200 2357 3272 πρὸς
2395 3199 2449 3252 δὲ
2497 3200 2596 3270 τὴν
2637 3201 2870 3266 ἔνδυσιν,
2918 3199 3066 3271 εἶχεν
3110 3201 3198 3254 διὰ
3250 3201 3493 3274 σιδήρων
3541 3184 3600 3251 τό
3633 3198 3772 3266 σῶμα

533 3295 665 3360 lam,
697 3291 1027 3348 crucifermn
1079 3290 1389 3354 analabum,
1431 3297 1487 3343 et
1541 3303 1752 3341 sacram
1805 3288 2110 3357 epomidem

2220 3292 2584 3362 σταυροειδῶς
2625 3292 3105 3361 ἐγκεκλεισμένον,
3134 3292 3240 3345 ἀπό
3284 3308 3346 3343 τε
3375 3294 3484 3344 τῶν
3509 3289 3667 3360 ὤμων
3691 3288 3778 3345 ἓως

532 3387 700 3460 436
725 3384 1006 3441 monastici
1033 3383 1251 3437 habitus
1303 3381 1543 3451 gerebat.
1577 3379 1656 3432 Ad
1688 3378 2108 3434 rec-.tuibeudum

537 3495 687 3543 vero,
722 3476 834 3531 sola
889 3473 1121 3529 storeola
1176 3472 1224 3526 ei
1262 3479 1405 3536 erat,
1449 3471 1516 3525 ad
1561 3471 1867 3539 exemplum
1922 3468 2111 3525 deiferi

535 3567 782 3633 Joannis,
809 3580 966 3636 quem
997 3564 1314 3634 magistrum
1344 3561 1626 3615 habuerat.

2217 3383 2314 3453 τῆς
2351 3383 2550 3451 ὀσφύος
2572 3383 2887 3454 ὲγκυκλικῷ
2912 3385 3154 3453 ζωστῆρι
3183 3385 3357 3454 ὲῑέρῳ
3384 3383 3589 3454 σιδήρῳ
3673 3378 3780 3434 καθ·

2221 3474 2492 3545 ηλωμένῳ
2548 3474 2608 3538 ἐξ
2645 3475 2849 3544 ἀμφοῖν
2897 3475 3004 3527 τῶν
3058 3475 3262 3544 ἑτέρων
3310 3474 3516 3545 μερῶν,
3552 3472 3640 3524 καὶ
3693 3468 3779 3520 ὑπὸ

2218 3567 2326 3620 τῶν
2384 3567 2681 3638 μασχαλῶν
2745 3569 2938 3638 ἑτέραν
3008 3567 3520 3640 περικαλύπτεσθαι
3565 3561 3777 3634 περιζω-

541 3661 733 3733 στρίδα
774 3658 1026 3728 σιδηρᾶν,
1057 3657 1116 3709 ὲν
1181 3649 1216 3729 ᾖ
1274 3652 1339 3706 τὰ
1393 3653 1533 3724 μέσα
1581 3651 1691 3704 τῶν
1731 3651 2027 3706 κατιόντων
2065 3653 2129 3708 ὲκ
2166 3657 2274 3712 τῶν
2323 3657 2488 3730 ὤμων
2547 3659 2832 3731 καθήλωτο
2899 3659 3131 3731 σιδὴρων
3155 3677 3167 3689 ·
3201 3659 3292 3712 τὸν
3335 3661 3395 3713 δὲ
3425 3658 3622 3729 χιτῶνα
3657 3649 3778 3722 εἶχεν

537 3755 861 3826 δερμάτινον
895 3750 991 3804 καὶ
1049 3747 1232 3820 μόνον,
1262 3746 1320 3799 τό
1341 3763 1400 3798 τε
1431 3746 1583 3814 ἅγιον
1626 3743 1993 3812 κουκούλλιον,
2063 3747 2161 3801 καὶ
2199 3749 2290 3802 τὸν
2341 3753 2712 3822 σταυροφόρον
2769 3752 3058 3818 ἀνάλαὸον,
3107 3753 3311 3822 ὁμοίως
3371 3753 3466 3804 καὶ
3509 3750 3606 3819 τὴν
3647 3745 3777 3816 ίερὰν

539 3843 792 3916 ἐπωμίδα
823 3841 918 3896 τοῦ
978 3837 1275 3912 μοναχικοῦ
1316 3839 1595 3908 σχήματος
1617 3853 1631 3867 ·
1665 3838 1742 3902 είς
1774 3837 1830 3891 δὲ
1867 3837 1928 3890 τὺ
1961 3841 2346 3896 ἁνακλίνεσθαι
2383 3843 2603 3913 ψιάθιον
2624 3853 2653 3882 ¹ι
2693 3847 2786 3899 καὶ
2819 3845 3006 3914 μόνον,
3051 3845 3194 3900 κατὰ
3232 3845 3324 3898 τὸν
3357 3845 3529 3899 τύπον
3556 3842 3646 3895 τοῦ
3674 3839 3775 3890 Oeo-

542 3944 712 4015 φόρου
754 3937 1008 3994 Ἰωάννου
1034 3935 1130 3989 τοῦ
1153 3934 1438 4004 γεγονότος
1466 3931 1634 3987 αὐτοῦ
1667 3933 2005 4006 καθηγητοῦ.

611 4035 672 4091 ln
731 4033 818 4089 his
849 4045 977 4102 ergo
1018 4028 1248 4099 egregiis
1281 4026 1543 4081 institutis
1585 4025 1910 4094 inculpatam
1946 4026 2111 4079 vitam

542 4129 774 4184 ducente
818 4122 1001 4186 Patre,
1035 4121 1150 4175 fieri
1185 4135 1292 4174 non
1328 4128 1574 4188 poterat,
1612 4119 1686 4172 uti
1724 4133 1885 4188 supra
1914 4117 2118 4172 dictqu

545 4231 652 4284 est,
682 4228 737 4273 ut
776 4216 883 4281 ille,
911 4215 1002 4285 qui
1047 4213 1177 4268 urbs
1205 4223 1321 4268 erat
1357 4212 1408 4265 in
1442 4210 1741 4282 praegrandi
1782 4219 1836 4265 et
1869 4211 2122 4281 religioso

547 4323 733 4369 monte
773 4310 1000 4365 fundata
1023 4347 1038 4373 ,
1070 4306 1512 4362 absconderetur.
1543 4302 1883 4372 Quapropter
1913 4301 1999 4356 fax
2033 4317 2138 4378 ce—l

446 4413 455 4426 ⁴
545 4404 834 4460 leberrima
865 4399 1122 4456 omnibus
1155 4396 1383 4452 effectus
1421 4403 1523 4460 est,
1565 4394 1831 4462 imprimis
1859 4409 1987 4448 vero
2021 4374 2204 4446 ἱππ-’θ

545 4495 834 4566 peratoria:
887 4491 1037 4547 urbis
1078 4487 1399 4545 orthodoxis
1454 4497 1509 4542 et
1565 4487 1665 4556 piis
1701 4487 1932 4542 civibus.
1990 4486 2126 4541 Hinc

547 4587 766 4658 plurimi
790 4585 941 4639 illum
975 4581 1231 4638 utilitatis
1253 4580 1484 4649 alicujus
1503 4595 1668 4634 causa
1701 4580 1752 4632 iu
1790 4589 1972 4633 monte
1994 4594 2126 4633 con-

545 4677 857 4746 veniebant,
893 4673 984 4744 qui
1028 4687 1093 4728 ex
1139 4671 1255 4727 solo
1289 4681 1508 4741 aspectu
1541 4669 1926 4724 convenienter
1964 4669 2130 4722 aedili-

549 4769 935 4834 cati,domum
986 4766 1434 4827 revertebantur,
1491 4763 1772 4816 laudantes
1821 4771 1876 4816 et
1923 4762 2129 4832 gloriﬁ-

547 4871 740 4918 cantes
776 4858 965 4915 Deum.
1003 4856 1152 4912 inter
1172 4872 1269 4912 eos
1287 4856 1534 4928 quadam
1572 4854 1768 4909 mulier
1805 4869 1834 4908 e
1868 4855 2130 4924 religiosis

619 5044 668 5077 ⁸⁸
706 5040 897 5100 Matth.
931 5055 1028 5106 vn,
1061 5037 1150 5094 14.

2297 4031 2500 4084 Τούτου
2531 4025 2624 4085 οὖν
2657 4030 2752 4085 τοῦ
2805 4031 3180 4102 ἀνεπιλήπτου
3223 4031 3441 4102 Πατρὸς
3495 4030 3552 4080 ὲν
3596 4023 3777 4082 τούτοις

2228 4121 2706 4192 ἀναστρεφομένου
2763 4123 2876 4186 τοῖς
2921 4125 3373 4194 προτερήμασιν,
3433 4121 3534 4171 οὐκ
3583 4112 3665 4185 ἦν.
3714 4111 3775 4172 ὡς

2229 4211 2626 4282 προλέλεκται,
2661 4213 2815 4266 πόλιν
2851 4213 3013 4266 αὑτὸν
3049 4214 3364 4281 ὑπάρχοντα
3415 4209 3508 4261 ἐπὶ
3539 4206 3598 4259 τὸ
3637 4199 3775 4270 εὐμέ-

2229 4304 2388 4372 γεθες
2437 4304 2534 4357 καὶ
2567 4305 2787 4370 εὐσεϐὲς
2816 4305 2940 4377 ὅρος
2986 4305 3255 4376 κρυϐῆναι
3307 4295 3773 4372 τεθεμελιωμένον.

2229 4397 2320 4449 Διὸ
2364 4398 2462 4450 καὶ
2507 4397 2830 4469 περιϐόητος
2867 4395 3127 4467 λαμπτὴρ
3154 4397 3269 4457 τοῖς
3302 4395 3471 4447 πᾶσιν
3501 4381 3772 4452 ἀνεδείχθην

2230 4489 2468 4558 μάλιστα
2526 4493 2635 4552 τοῖς
2695 4492 2752 4542 ὲν
2805 4491 2868 4559 τῇ
2933 4486 3293 4557 βασιλευούσῃ
3361 4485 3514 4537 πόλει
3569 4473 3774 4531 οἰκοῦσιν

2227 4577 2529 4647 ὸρθοδόξοις
2586 4577 2679 4630 καὶ⁷
2728 4577 3026 4631 εύσεὸέσιν.
3078 4576 3190 4630 Καὶ
3223 4575 3408 4628 πολλοὶ
3456 4571 3588 4643 πρὸς
3638 4560 3773 4617 αὐτὸν

2229 4668 2675 4739 παραϐάλλοντες
2705 4669 2763 4722 ἐν
2788 4668 2864 4739 τῷ
2890 4668 3009 4739 ὄρει
3034 4665 3303 4735 ὠφελείας
3328 4665 3510 4737 χάριν,
3541 4662 3601 4712 ἐκ
3635 4654 3775 4726 μόνης

2233 4761 2331 4830 τῆς
2366 4761 2494 4824 θέας
2539 4761 2606 4814 τὰ
2652 4761 2842 4814 εἰκότα·
2891 4759 3358 4830 οἰκοδομούμενοι,
3411 4751 3774 4820 ὁπισθόρμηεοι

2230 4851 2660 4906 ὲπαλινοδοῦσαν
2698 4861 2727 4891 τ
2775 4849 2979 4916 οἴκαδε,
3023 4848 3304 4913 αἰνοῦντες
3352 4847 3447 4903 καὶ
3493 4838 3776 4907 δοξάζοντες

1858 5123 2096 5182 VARIIE
2136 5123 2541 5180 LECTIONES.

625 5273 646 5314 ι
683 5271 754 5328 ει,
798 5269 960 5343 μέλος
991 5268 1054 5323 τὸ
1085 5263 1316 5336 φάσκον.
1395 5272 1421 5300 ιι
1450 5260 1521 5315 al.
1553 5259 1780 5332 ψιάθης.
1855 5267 1884 5300 τ
1912 5259 1983 5312 al.
2016 5258 2182 5314 πάλιν
2211 5265 2438 5338 ᾠχοντο.

2073 5364 2303 5423 ΝΟΤΛΕ.
2441 5368 2444 5370 ’

626 5495 704 5568 (δ)
742 5486 1210 5568 ιςωτςοπιίςυστι·
1234 5483 1398 5568 Oiei
1421 5482 1637 5568 ("sane
1652 5479 1806 5568 re?!
1833 5476 2067 5568 εείῑὲξιξε,
2082 5478 2121 5568 ξ-

555 5552 970 5624 οιιὶιιέιιὶιθιίιιι.
995 5557 1130 5612 Nam
1156 5555 1368 5629 κοντός,
1393 5555 1536 5629 unde
1559 5552 1676 5606 haec
1705 5563 1808 5629 vo;
1845 5552 2125 5629 componis

560 5620 668 5700 tur,
699 5635 838 5704 apud
857 5626 1295 5704 Graecos_me_dia3
1329 5633 1386 5679 et
1410 5623 1610 5704 intimae
1650 5620 1825 5704 relatis
1856 5620 1994 5704 idem
2041 5627 2124 5672 est

562 5689 833 5770 siluis,
858 5709 1054 5755 aretur.
1086 5695 1143 5750 lu
1169 5694 1379 5770 duobus
1415 5707 1548 5748 mss.
1579 5691 1776 5770 legitur
1799 5689 2122 5770 κενδρτινευ-

564 5759 670 5828 στί.
705 5759 904 5828 Scd'id
946 5784 1010 5822 ex
1037 5765 1478 5839 pronuntiatione
1519 5759 1812 5834 contigisse
1860 5759 2118 5824 arbitror,

2231 5496 2336 5550 qua
2367 5500 2399 5536 τ
2427 5493 2487 5538 ιιι
2519 5485 2729 5556 6vnlgo
2751 5485 3157 5556 pronuntiatur.
3201 5483 3340 5540 Hinc
3385 5487 3436 5539 in
3478 5493 3602 5556 mss.
3633 5483 3771 5556 ναεθε

2232 5541 2580 5619 quantumvis
2610 5541 2858 5620 tli'ver'sae,
2890 5569 3013 5624 quae
3045 5557 3232 5609 eodem
3279 5557 3435 5610 modo
3473 5551 3620 5617 vulgo
3663 5541 3770 5624 «Ποῖ

2233 5615 2442 5689 runtur,
2471 5641 2578 5681 nun
2615 5642 2737 5681 raro
2765 5615 2954 5681 eodem
2984 5627 3148 5681 etiam
3183 5627 3342 5678 modo
3373 5615 3681 5679 scribuntur,
3720 5615 3768 5660 ιη

2228 5709 2297 5760 οι,
2333 5713 2384 5761 υ,
2417 5714 2453 5759 ι,
2488 5714 2544 5767 η,
2580 5713 2671 5749 ει·
2701 5715 2753 5762 τ,
2783 5696 2810 5748 θ
2841 5713 2853 5726 ·
2891 5715 2968 5764 αι,
3002 5714 3062 5749 ε’
3106 5695 3159 5750 6.
3197 5713 3247 5761 υ,
3280 5707 3383 5752 etc.
