4060 6442
1478 335 1513 350 ’λ

254 489 384 556 ι105

1317 491 1481 552 HTA
1535 492 1596 555 S.
1630 492 2007 557 STEPHANI
2064 494 2451 557 JUNIOBIS.

3376 487 3518 551 1106'
3542 534 3557 541 ρ

249 609 339 660 τὸν
372 603 525 667 Θεὸν,
559 606 618 658 ὲν
646 600 728 669 οἷς
757 607 896 677 γυνή
926 624 1009 670 τις
1033 606 1141 660 τῶν
1169 608 1415 659 εὐσεϐῶν
1445 606 1522 677 τῷ
1552 607 1825 676 πνεύματι

1930 610 2122 679 spiritu
2175 621 2228 664 et
2263 610 2529 679 dignitate
2571 604 2914 672 conspicuis,
2947 604 3102 657 vidua
3167 602 3338 665 facta,
3386 619 3510 656 cum

248 699 343 752 καὶ
374 699 440 767 τῇ
466 695 595 769 ἀξίᾳ
623 696 940 768 περιδόξων,
969 700 1071 769 τὴν
1097 699 1156 765 ἐξ
1190 699 1384 771 ἀνδρὸς
1427 700 1658 771 χληρείαν
1691 700 1824 753 ὑπο-

246 785 444 849 στᾶσα,
494 784 559 837 τδ
615 784 740 838 καθ’
776 785 1019 858 ἑκάστην
1077 787 1232 859 παρὰ
1292 787 1513 842 πάντων
1551 788 1827 855 ἀκούουσα

245 875 377 947 περὶ
418 877 517 946 τῆς
551 875 738 930 ἐνθέου
788 877 1083 951 ,πολιτείας
1127 879 1222 933 τοῦ
1267 879 1573 951 σεϐασμίου
1613 881 1827 952 Πατρὸς

244 967 402 1037 ἡμῶν
450 967 769 1038 Στεφάνου,
829 969 969 1043 αὕτη
1023 970 1127 1043 τὴν
1176 972 1454 1041 γυναικῶν
1487 971 1824 1043 ἐκλαθομένη

243 1059 608 1133 ὀκνηρότητα,
644 1064 712 1133 τῇ
761 1062 965 1133 ἑαυτῆς
1026 1063 1346 1135 ποδοφορίᾳ,
1403 1064 1672 1136 ἐρωτήσει
1726 1062 1826 1138 τὴν

243 1152 514 1224 ἐρώτησιν
536 1152 945 1223 προϐάλλουσα,
966 1153 1386 1225 καταλαμϐάνει
1407 1153 1503 1207 τοῦ
1526 1153 1823 1226 ίερωτάτου

241 1242 435 1297 τούτου
474 1245 739 1315 ποιμένος
787 1246 883 1300 καὶ
927 1247 1256 1300 διδασκάλου
1303 1246 1396 1299 τὸν
1446 1246 1657 1317 βουνὸν,
1729 1247 1826 1300 καὶ

243 1335 473 1401 πλησίον
504 1336 602 1405 τῆς
630 1334 828 1406 κέλλης
850 1336 945 1388 τοῦ
979 1336 1129 1390 ὁσίου
1159 1336 1454 1406 γενομένη,
1486 1335 1639 1407 ἠξίου
1659 1335 1828 1406 εὐχῆς

241 1429 444 1498 τυχεῖν.
480 1428 587 1480 Τοῦ
617 1428 673 1481 δὲ
720 1427 935 1499 Πατρὸς
977 1428 1079 1499 τὴν
1115 1429 1324 1500 συνήθη
1350 1427 1699 1491 τετελεκότος
1732 1428 1825 1480 εύ-

242 1521 373 1591 χὴν,
414 1519 555 1591 αὕτη
589 1520 948 1582 διαναστᾶσα,
984 1520 1298 1591 δακρύουσα
1325 1519 1539 1584 ἐξεῖπεν
1583 1520 1658 1590 τῷ
1684 1519 1826 1591 άγίῳ

243 1615 425 1667 πάντα
451 1614 520 1666 τά
551 1613 635 1677 είς
682 1612 879 1684 αὐτὴν,
912 1612 1015 1684 τήν
1042 1629 1103 1666 τε
1148 1612 1383 1683 χηρείαν
1426 1612 1519 1664 καὶ
1545 1611 1823 1674 ἀτεκνίαν,

241 1705 336 1758 καὶ
364 1705 450 1757 ὅτι
496 1701 604 1756 Τοῦ
645 1703 918 1773 μονήρους
964 1701 1082 1774 βίου
1109 1700 1450 1755 ὲπιποθοῦσα
1476 1701 1681 1770 τυχεῖν,
1722 1715 1826 1751 σω-

241 1796 404 1864 θῆναι
438 1794 608 1865 ζητῶ.
653 1794 711 1847 '0
740 1794 798 1846 δὲ
833 1793 1091 1865 θεοφιλὴς
1141 1794 1335 1865 Πατὴρ
1391 1792 1598 1864 ταύτην
1644 1793 1820 1861 λόγοις

240 1888 643 1955 πνευματικοῖς
686 1885 918 1939 πλεῖστα
949 1884 1295 1957 κατηχήσας,
1326 1885 1425 1939 καὶ
1447 1884 1513 1938 τὰ
1546 1884 1681 1955 πρὸς
1712 1902 1821 1938 σω-

1928 704 2170 773 quotidie
2197 704 2265 759 ab
2294 701 2529 758 onnibns
2558 700 2628 754 de
2653 698 2839 753 divino
2872 695 3089 752 vivendi
3122 710 3319 765 genere
3346 711 3510 749 vene-
3569 750 3573 755 ,

1930 792 2082 848 randi
2130 793 2305 848 Patris
2340 790 2509 846 nostri
2535 789 2797 859 Stephani
2835 788 3091 854 audiret,
3122 787 3408 842 mulierum
3446 788 3515 839 ti-

1928 884 2230 939 miditatem
2273 884 2475 948 oblita,
2510 883 2722 939 iteratis
2752 879 3292 951 interrogationibus,
3326 894 3515 932 sacra-

1928 975 2124 1031 tissimi
2180 974 2340 1043 hujus
2382 975 2619 1046 pastoris
2659 983 2714 1031 et
2748 972 2995 1043 magistri
3051 970 3243 1052 collem
3282 969 3513 1040 pedibus

1927 1078 2220 1123 consecuta
2263 1076 2389 1122 est:
2419 1082 2654 1136 cumque
2685 1080 2852 1136 prope
2877 1063 2997 1134 ejus
3020 1064 3215 1121 cellam
3245 1060 3514 1117 accessis—

1928 1168 2036 1226 set,
2068 1176 2192 1215 eum
2220 1169 2286 1214 ut
2315 1175 2413 1229 pro
2452 1174 2513 1214 se
2540 1174 2745 1230 preces
2762 1158 3012 1215 funderet
3044 1157 3287 1228 rogabat.
3322 1156 3514 1223 Itaque

1927 1264 2049 1304 cum
2080 1260 2304 1305 sanctus
2340 1249 2504 1323 Pater
2541 1250 2756 1306 solitam
2804 1251 3113 1305 orationem
3162 1247 3509 1308 absolvisset,

1928 1342 2044 1397 hate
2092 1343 2363 1408 surrexit,
2414 1352 2470 1397 et
2515 1342 2771 1413 lacrymis
2810 1341 3037 1406 effusis,
3066 1355 3407 1410 quaecunque
3451 1353 3511 1392 se
3556 1370 3557 1373 η

1927 1435 2266 1504 spectabant,
2302 1445 2357 1488 et
2395 1435 2714 1489 viduitatem
2753 1443 2810 1489 et
2843 1434 3131 1489 orbitatem
3175 1440 3367 1487 sancto
3412 1433 3509 1486 de-

1926 1524 2173 1591 claravit,
2208 1523 2371 1597 537
2401 1524 2653 1594 quodque
2678 1524 3037 1580 monasticam
3063 1524 3227 1595 vitam
3253 1520 3510 1589 amplecti

1926 1624 2158 1685 Optaret,
2187 1616 2378 1671 salutis
2409 1616 2769 1685 adipiscenda:
2800 1615 2995 1687 gratia.
3026 1615 3162 1669 'l‘um
3186 1614 3307 1684 pius
3328 1612 3518 1677 Pater,

1927 1718 2213 1778 postquam
2267 1724 2388 1763 eam
2442 1708 2629 1763 multis
2673 1707 3021 1763 sermonibus
3068 1705 3407 1776 spiritalibus
3458 1712 3515 1757 et

1929 1800 2208 1867 praeceptis
2239 1801 2304 1852 ad
2337 1800 2567 1853 salutent
2587 1798 2908 1852 necessariis
2939 1797 3309 1860 informasset,
3335 1796 3512 1866 ipsam
3585 1794 3602 1833 λ

1928 1890 2344 1946 ditnisitdieens
2380 1911 2395 1946 :
2427 1890 2585 1955 Vide,
2619 1889 2834 1955 mulier,
2861 1889 2948 1944 cui
3003 1899 3055 1943 te
3107 1888 3362 1944 adtlixisti
3388 1926 3406 1955 ,
3445 1903 3514 1941 ne

239 1979 439 2046 τηρίαν
512 1977 954 2049 διαταξάμενος,
1016 1977 1294 2033 ἀπέλυσεν
1366 1976 1537 2048 αὐτὴν
1616 1975 1825 2029 εἰπών’

1931 1989 1984 2036 te
2021 1996 2169 2036 mors
2199 1981 2571 2052 apprehendat
2601 1992 2893 2052 antequam
2945 1981 3274 2051 promissum
3311 1979 3512 2048 imple-

241 2068 439 2132 Βλέπε,
490 2066 674 2136 γύναι,
738 2067 845 2120 τίνι
923 2066 1221 2133 συνετάξω.
1274 2066 1365 2137 Μή
1417 2082 1477 2119 σε
1539 2064 1827 2138 καταλάϐῃ

246 2162 496 2224 θάνατος,
532 2161 663 2230 πρὶν
712 2157 929 2228 ἀποδῷς
974 2157 1073 2229 τὴν
1117 2157 1344 2226 ἐγγύην.
1425 2156 1489 2210 Ἦ
1555 2156 1614 2210 δὲ
1665 2156 1827 2227 τιμία

249 2253 429 2323 εκείνη
462 2251 601 2323 γυνὴ
653 2251 747 2305 τὸν
773 2251 933 2320 λόγον
963 2249 1058 2303 τοῦ
1115 2249 1378 2321 θεοφόρου
1424 2249 1636 2320 Πατρὺς
1673 2249 1730 2303 ἐν
1758 2250 1825 2320 τῇ

246 2347 389 2417 ψυχῇ
461 2342 887 2417 ἐγχαραχθεῖσα,
942 2342 1133 2414 ὥσπερ
1190 2342 1361 2414 κηρὸς
1405 2340 1829 2413 άναμαξάμενος

243 2437 571 2508 ἑκτύπωμα,
594 2436 769 2500 οὕτως
791 2434 1167 2505 ἁδιαλώϐητον
1184 2434 1403 2505 ἔφερεν.
1424 2432 1828 2489 Καταλαϐοὓσα

243 2530 298 2584 δὲ
322 2531 419 2583 τὸν
455 2528 804 2600 ναύσταθμον
838 2528 1184 2599 Χαλκηδόνος
1216 2527 1356 2599 πρὸς
1387 2527 1487 2599 τὴν
1521 2527 1827 2597 ἐνεγκαμέ-

241 2640 336 2694 νην
371 2622 718 2676 ἀπέπλευσεν
739 2638 754 2654 ο
780 2623 877 2676 καὶ
906 2622 1089 2675 πάντα
1118 2621 1190 2675 τὰ
1226 2622 1395 2692 αὑτῆς
1427 2621 1708 2691 κτήματα,
1734 2621 1831 2674 καὶ

242 2714 563 2785 ὑπάρχοντα
620 2715 678 2766 ὲν
725 2712 1305 2767 Κωνσταντινουπόλει
1354 2715 1702 2784 πεπρακυῖα,
1729 2713 1830 2765 καὶ

243 2808 486 2876 πτωχοῖς
514 2805 586 2859 τὰ
628 2805 857 2859 πλεῖστα
883 2803 1238 2875 διανείμασα,
1275 2804 1557 2858 δεδοικυῖα
1585 2802 1677 2855 τὸν
1727 2804 1828 2873 τῆς

241 2898 419 2968 ψυχῆς
438 2897 695 2961 θάνατον,
716 2897 860 2957 κατὰ
874 2896 966 2949 τὸν
980 2894 1139 2964 λόγον
1157 2893 1251 2948 τοῦ
1272 2893 1571 2965 σεϐασμίου
1588 2891 1826 2963 Πατρός,

243 2989 506 3043 ἔσπευδεν
544 2988 644 3060 τὴν
674 2986 883 3059 ὲγγύην
909 2985 1223 3057 πληρῶσαι.
1273 2984 1383 3038 Καὶ
1412 2983 1473 3037 τὸ
1515 2983 1828 3037 τελευταῖον

239 3082 333 3151 τῆς
371 3080 513 3144 ἰδίας
537 3079 797 3150 πολίχνης
824 3078 1111 3148 άπάρασα,
1146 3075 1552 3147 καταλιμπάνει
1591 3076 1828 3144 εὐαγγε-

238 3172 404 3234 λικῶς
429 3174 633 3241 γονεῖς,
655 3171 960 3240 γνωστοὺς,
984 3170 1198 3239 φίλους,
1219 3171 1528 3240 ἁγχιστεῖς,
1552 3168 1824 3236 γείτοναςο

239 3267 460 3319 καὶτὸν
514 3264 750 3333 σταυρὸν
797 3263 894 3317 τοῦ
936 3260 1178 3335 Χριστοῦ
1231 3261 1518 3333 ἀραμένη,
1551 3261 1653 3331 τῆς
1685 3262 1828 3331 Προο

1929 2072 2091 2127 veris.
2117 2071 2395 2127 Honorata
2430 2086 2559 2127 vero
2580 2072 2669 2127 illa
2697 2071 2891 2129 mulier
2910 2071 3090 2126 verbis
3108 2071 3297 2126 deiferi
3333 2069 3537 2124 Patris.

1928 2162 2123 2215 anima:
2160 2161 2470 2233 insculptis,
2499 2161 2672 2216 instar
2697 2174 2836 2215 cera:
2867 2159 3096 2231 efﬁgiem
3128 2160 3534 2229 esprimentis,.

1929 2269 1991 2308 ea
2026 2255 2335 2326 incorrupta
2370 2256 2606 2323 ferebat,
2652 2266 2708 2313 et
2735 2257 2915 2313 navali
2940 2254 3373 2313 Chalcedonensi
3410 2268 3509 2321 pec

1931 2347 2028 2401 tito
2051 2348 2103 2401 in
2132 2348 2363 2417 patriam
2389 2349 2685 2419 navigavit.
2720 2350 2859 2404 Tum
2892 2349 3011 2405 suis
3037 2344 3296 2403 omnibus
3331 2344 3512 2409 bonis,

1929 2446 1983 2491 et
2027 2452 2367 2507 quaecunque
2397 2437 2986 2507 Constantinopolitani
3033 2435 3386 2507 possidebat,
3429 2431 3514 2487 di-

1931 2530 2182 2597 venditis,
2216 2530 2561 2599 maxitnaqne
2598 2545 2666 2586 ex
2697 2539 2851 2600 parte
2879 2528 3211 2600 pauperibus
3251 2524 3513 2593 erogatis,

1931 2620 2125 2675 anima:
2155 2631 2385 2674 mortem
2420 2623 2615 2687 verita,
2657 2619 2814 2687 juxta
2844 2618 3149 2675 venerandi
3184 2615 3365 2670 Patris
3398 2628 3516 2669 ser-

1931 2726 2165 2776 monem,
2220 2715 2550 2780 promissum
2598 2713 2829 2783 implere
2881 2709 3181 2767 festinavit.
3228 2707 3516 2763 Postremo

1931 2802 2157 2869 relictis,
2180 2804 2336 2870 juxta
2368 2803 2721 2873 Evangelium
2743 2843 2759 2869 ,
2798 2803 3142 2875 parentibus,
3175 2799 3339 2864 notis,
3371 2802 3515 2852 ami-

1930 2896 2315 2965 cis,cognatis,
2358 2897 2696 2966 propinquis,
2728 2912 2759 2952 e
2789 2894 3006 2967 propria
3052 2894 3278 2949 civitate
3307 2892 3517 2946 disces-

1929 2987 2114 3054 sit;et
2135 3000 2353 3043 crucem
2385 2987 2588 3042 Christi
2634 2987 2848 3055 tollens,
2885 2985 3110 3055 trajecta
3154 2982 3513 3054 Pr0pontide,

1930 3079 1983 3133 in
2008 3078 2274 3149 insignem
2307 3080 2454 3133 illum
2485 3089 2725 3135 montem
2753 3096 2815 3136 se
2840 3078 3070 3134 contulit
3094 3076 3512 3146 cum'pecnniis,

1930 3185 2066 3239 quas
2092 3182 2283 3227 sancto
2304 3171 2419 3226 viro
2450 3172 2678 3237 ferebat,
2706 3183 2763 3226 ut
2794 3186 2888 3226 eas
2911 3172 3047 3226 bene
3071 3177 3346 3239 erogaret.
3407 3166 3516 3222 Ve-

1933 3280 2051 3318 rum
2082 3279 2207 3318 cum
2246 3263 2403 3319 solita
2423 3264 2775 3319 inclinatione
2800 3272 2925 3319 ante
2957 3261 3148 3318 cellam
3171 3262 3315 3315 facta
3344 3259 3515 3315 dixis-

238 3358 491 3420 ποντίδος
514 3330 899 3428 διαπεράσασα
932 3330 1028 3410 τοῦ
1060 3356 1256 3418 ἄστεος
1274 3330 1393 3426 ⁷(Ἰ),
1415 3330 1564 3424 ’πρὸς
1593 3330 1655 3406 τὸ
1689 3330 1825 3406 θαυ-

1928 3366 2058 3411 set:
2097 3356 2350 3419 Benedic,
2410 3367 2598 3410 sancte
2630 3354 2825 3420 Pater,
2858 3375 2879 3408 ›
2914 3353 3086 3427 438
3125 3354 3224 3422 ipsi
3290 3362 3515 3408 sanctus

242 3449 457 3520 μαστὸν
479 3447 658 3499 εἰσέδυ
687 3445 834 3516 δρος,
850 3445 1107 3517 ,φέρουσα
1134 3442 1357 3515 χρυσίον
1381 3441 1518 3513 πρὸς
1542 3440 1633 3494 τὸν
1653 3441 1823 3506 ὅσιον,

238 3539 327 3593 τοῦ
360 3537 680 3608 διαδοθῆναι
728 3536 821 3589 ὑπ’
849 3536 1015 3591 αὐτοῦ
1051 3534 1257 3598 καλῶς.
1320 3534 1577 3604 Ἀντικρὺ
1629 3532 1687 3585 δὲ
1728 3532 1827 3603 τῆς

240 3615 441 3701 διέλλης
490 3631 591 3700 τὴν
646 3629 852 3699 συνήθη
907 3626 1181 3698 βαλούσης
1238 3628 1553 3698 μετάνοιαν,
1593 3623 1691 3679 καὶ
1742 3624 1825 3690 τὸ,

235 3725 572 3793 Εὑλύγησον,
638 3721 761 3789 ἆγιε
828 3721 1037 3791 Πάτερ,
1093 3719 1369 3789 φησάςης,
1415 3720 1444 3771 ὁ
1501 3717 1656 3785 ἅγιος
1684 3716 1823 3788 αὐτῇ

240 3817 376 3885 μετὰ
411 3815 751 3884 στυφότητος
794 3812 1129 3884 ἀπεκρίνατο
1149 3852 1163 3879 ,
1194 3810 1288 3864 τοῦ
1336 3810 1592 3881 Σωτῆρος
1618 3808 1705 3863 διὰ
1729 3808 1825 3861 τοῦ

236 3905 578 3976 Εύαγγελίου
637 3904 914 3976 ἀριδήλως
984 3904 1252 3976 βοῶντος,
1317 3903 1400 3956 ὅτι
1451 3902 1651 3966 Ὅστις
1713 3903 1826 3955 οὐκ

235 3997 657 4053 ἀποτάσσεται
704 3994 862 4053 πᾶσι
898 3996 1025 4064 τοῖς
1056 3996 1445 4065 ὑπάρχουσιν
1490 3992 1703 4059 αὐτοῦ,
1753 3995 1825 4047 οὑ

231 4088 499 4143 δύναταί
540 4103 662 4157 μου
716 4081 872 4141 εἷναι
904 4087 1216 4157 μαθητής;
1255 4086 1334 4138 -Τί
1388 4084 1573 4157 ἀκμὴν
1613 4085 1677 4138 σὺ
1731 4083 1827 4138 καὶ

238 4177 377 4247 μετὰ
436 4176 644 4247 κόσμον
675 4176 745 4230 τά
783 4175 878 4231 τοῦ
915 4176 1122 4246 κόσμου
1157 4175 1481 4247 περιφέρεις
1557 4174 1823 4245 λείψανα;

248 4269 313 4322 ἸΙ
356 4268 415 4320 δὲ
465 4267 603 4337 γυνὴ
632 4266 940 4339 έκπληκτος
970 4267 1241 4337 γενομένη
1274 4266 1368 4319 ἐπὶ
1410 4264 1488 4336 τῷ
1529 4263 1825 4336 διορατικῷ

233 4358 329 4411 τοῦ
384 4356 605 4430 Πατρδς
636 4357 962 4429 χαρίσματι,
1017 4356 1112 4411 καὶ
1161 4356 1266 4427 τῆς
1294 4354 1436 4426 μετὰ
1486 4354 1824 4426 στυφότητος

234 4451 528 4520 ἑλέγξεως,
558 4452 626 4522 τῇ
656 4447 945 4522 πρεπούσῃ
999 4448 1139 4503 αίδοῖ
1172 4447 1421 4518 γυναιξὶν
1470 4446 1610 4520 πρὸς
1659 4445 1827 4503 αὐτὸν

236 4543 610 4615 ἁπεκρίνατο*
670 4543 804 4614 Οὐχὶ
837 4541 915 4615 τῷ
943 4542 1080 4614 πρὸς
1110 4540 1276 4596 αὐτὸν
1342 4539 1630 4615 φθαρτικῴ
1674 4539 1826 4613 πόθῳ

1930 3448 2125 3503 acerbe
2152 3447 2456 3516 respondit:
2485 3465 2504 3499 ι
2534 3446 2818 3502 Salvatore
2838 3460 2934 3517 per
2960 3445 3308 3516 Evangeliutn
3339 3444 3515 3498 mani-

1931 3537 2066 3593 feste
2103 3537 2412 3594 clamante:
2464 3536 2567 3603 Qui
2625 3554 2727 3593 non
2778 3537 3049 3592 renuntiat
3106 3528 3347 3591 omnibus
3394 3549 3517 3603 qua:

1929 3628 2179 3694 possidet,
2205 3644 2308 3680 non
2339 3635 2508 3696 potest
2544 3643 2689 3682 meus
2720 3644 2830 3682 esse
2858 3626 3151 3695 discipulus
3195 3624 3276 3690 ³⁸,
3306 3625 3437 3694 quid
3457 3631 3515 3677 tu

1930 3720 2108 3774 adhuc
2136 3727 2259 3789 post
2300 3720 2556 3773 mundum
2600 3720 2785 3775 mundi
2843 3719 3102 3790 reliquias
3152 3716 3518 3774 circumfers?

1929 3810 1999 3865 At
2030 3810 2226 3864 mulier
2247 3825 2410 3880 quam
2438 3811 2761 3866 dioraticum
2798 3809 2977 3867 Patris
3001 3810 3200 3866 donum
3231 3818 3286 3863 et
3311 3810 3512 3864 acerba

1930 3902 2282 3972 reprehensio
2324 3902 2608 3957 attonitam
2659 3902 3002 3965 reddiderat,
3054 3901 3105 3956 ei
3161 3915 3520 3957 cum.conve-

1929 3992 2098 4047 nienti
2124 3991 2444 4048 mulieribus
2468 3992 2671 4061 pudore
2702 3992 2989 4062 respondit
3028 4009 3043 4047 :
3092 3989 3210 4046 Non
3257 4006 3357 4061 ego
3399 3991 3517 4044 exi-

1933 4084 2073 4139 tiosa
2092 4082 2390 4153 cupiditate
2419 4083 2696 4138 victahoc
2728 4098 2923 4138 aurum
2951 4082 3165 4149 altera,
3197 4081 3519 4138 honorande

1929 4172 2123 4238 Pater;
2150 4174 2245 4228 sed
2276 4181 2341 4235 ut_
2354 4187 2451 4243 per
2476 4181 2595 4227 tuas
2627 4181 2848 4229 sanctas
2870 4188 3067 4228 manus
3108 4188 3217 4243 pro,
3240 4173 3521 4228 obcaecata

1930 4279 2048 4319 mea
2071 4266 2251 4320 anima
2284 4264 2388 4320 rite
2427 4263 2804 4320 distribuatur.
2844 4263 3041 4319 Verum
3066 4279 3133 4320 eo
3168 4263 3369 4331 reiecto
3391 4265 3515 4333 pius

1928 4356 2091 4412 Pater
2124 4357 2579 4412 aitzAlienorunt
2644 4367 2992 4426 peccatorum
3054 4356 3325 4412 scintillas
3371 4352 3529 4409 meis

1929 4450 2180 4507 manibus
2203 4460 2460 4522 tanquam
2488 4449 2673 4506 cinere
2705 4450 2983 4507 occultare
3015 4465 3120 4505 non
3152 4465 3372 4521 possum
3395 4490 3411 4517 ,
3445 4466 3515 4504 ne

1929 4542 2055 4613 quis
2097 4542 2237 4598 forte
2274 4558 2342 4599 ex
2382 4557 2503 4597 mea
2540 4542 2869 4614 negligentia
2905 4542 3181 4606 adustus,
3208 4541 3511 4608 niaximum

236 4634 617 4706 κρατουμένη,
651 4633 773 4687 τόδε
820 4633 884 4686 τὸ
937 4632 1160 4706 χρυσίον
1215 4632 1611 4705 προσφέροιμι,
1669 4632 1821 4703 τίμιε

1931 4633 2239 4690 incendium
2271 4650 2404 4689 meae
2450 4635 2649 4690 animas
2670 4633 2856 4690 atl‘erat
2875 4673 2893 4701 ,
2922 4635 3066 4704 quod
3090 4635 3310 4706 quidam
3352 4635 3516 4704 hujus

237 4729 443 4798 Πάτερ,
474 4725 590 4779 ἀλλ’
616 4724 713 4780 οὖν
746 4725 806 4779 τὸ
834 4725 923 4779 διὰ
965 4726 1075 4779 τῶν
1106 4725 1273 4779 ὁσίων
1307 4741 1402 4778 σου
1434 4722 1636 4797 χειρῶν
1664 4723 1823 4779 τοῦτο

1928 4725 2006 4781 rei
2035 4724 2205 4796 gratia
2239 4725 2481 4795 perpessi
2519 4735 2666 4781 sunt.
2688 4726 2997 4793 Craterum,
3029 4727 3326 4781 serentium
3349 4736 3435 4780 est
3457 4739 3519 4781 et

236 4815 418 4878 καλῶς
459 4812 601 4885 ὑπὲρ
631 4813 731 4884 τῆς
767 4813 1184 4885 πεπωρωμένης
1218 4831 1318 4886 μου
1355 4812 1534 4885 ψυχῆς
1560 4814 1826 4886 διανεμη-

236 4905 419 4975 θῆναι.
478 4905 539 4959 Ὀ
569 4905 627 4959 δὲ
673 4905 925 4977 θεοφιλὴς
972 4905 1163 4978 Πατὴρ
1234 4906 1396 4961 τοῦτο
1435 4906 1511 4979 μὴ
1543 4906 1826 4978 βουληθεὶς

235 4991 390 5050 εἶπεν
408 5013 424 5027 ·
469 4996 623 5059 Τοὺς
672 4996 782 5050 τῶν
805 4997 1104 5068 ἀλλοτρίων
1130 5000 1490 5070 πταισμάτων
1518 4999 1826 5074 σπινθῆρας

232 5092 359 5153 ταῖς
390 5091 557 5159 ἐμαῖς
587 5090 749 5159 χερσὶ
782 5091 1075 5143 σποδιάσαι
1098 5092 1158 5144 ού
1183 5090 1457 5162 δύναμαι·
1505 5093 1579 5164 μή
1615 5109 1731 5156 πως
1762 5092 1824 5158 ἐξ

232 5180 503 5251 ἀμελείας
537 5198 640 5252 μου
683 5182 1112 5252 ὑποσμυχεύσας
1152 5200 1235 5246 τις
1266 5181 1328 5249 ἐξ
1360 5182 1567 5250 αὐτῶν,
1596 5200 1826 5255 παμμε-

230 5274 374 5346 γέθη
406 5273 689 5345 πυρκαϊὰν
722 5276 789 5345 τῇ
819 5274 964 5346 ψυχῇ
1002 5292 1103 5345 μου
1128 5275 1330 5349 tamen,
1353 5275 1428 5340 ὥς
1454 5293 1600 5341 τινες
1632 5275 1825 5330 τούτου

232 5361 402 5417 ἕνεκα
443 5363 669 5420 ἔπαθον.
713 5364 854 5419 Ἀλλ’
903 5361 997 5419 οὖν
1022 5366 1133 5420 τῶν
1183 5367 1518 5437 σπειρόντων
1546 5366 1698 5423 ἐστὶν
1730 5366 1828 5422 καὶ

234 5455 297 5508 τὸ
365 5455 605 5527 θερίσαι.
640 5456 755 5528 Τῆς
784 5458 842 5512 δὲ
873 5456 1134 5527 γυναικὸς
1193 5458 1495 5531 εἰπούσης
1535 5459 1647 5514 Καὶ
1668 5459 1722 5513 τί
1757 5476 1828 5532 με

234 5546 505 5616 κελεύεις,
540 5548 752 5621 Πάτερ;
807 5550 835 5604 ὁ
900 5551 1355 5621 συμπαθέστατος
1378 5552 1588 5615 ἐκεῖνος
1615 5550 1705 5605 διὰ
1730 5551 1816 5616 τὸ,

307 5703 356 5738 ³⁸
402 5701 513 5759 Luc
544 5720 655 5771 xrv,
684 5704 756 5761 35

1926 4826 2151 4872 metere.
2202 4816 2427 4872 Muliere
2472 4827 2650 4874 autem
2701 4826 2959 4888 rogante,
2990 4817 3157 4885 .Quid
3192 4834 3301 4883 me,
3329 4817 3516 4883 Pater,

1918 4907 2077 4977 jubes
2105 4907 2329 4965 facere?
2353 4927 2374 4961 ι
2408 4909 2840 4965 humanissimus
2867 4909 2957 4965 ille
2983 4911 3032 4965 ei
3064 4910 3118 4965 in
3155 4912 3388 4981 patriam
3422 4926 3514 4966 re-

1927 5000 2123 5054 deundi
2178 5001 2402 5054 minime
2438 5000 2654 5070 copiam
2692 4999 2866 5066 fecit,
2922 5002 3406 5073 quandoquidem,
3458 5014 3517 5056 ut

1926 5107 2089 5161 supra
2120 5092 2320 5146 dictum
2356 5102 2460 5157 est,
2490 5095 2629 5149 bona
2656 5094 2875 5164 propria
2914 5095 3129 5163 penitus
3174 5095 3455 5149 dimiserat
3491 5112 3507 5147 :

1931 5182 2026 5239 sed
2052 5185 2309 5253 praecepit
2337 5193 2395 5238 ut
2428 5200 2532 5238 una
2549 5184 2682 5239 'cutn
2728 5182 2940 5240 Marino
2971 5185 3233 5240 divinitus
3265 5195 3515 5253 protecto

1931 5275 2165 5345 pr0priis
2202 5275 2429 5331 suismet
2487 5276 2737 5331 manibus
2793 5291 2987 5330 aurum
3031 5274 3428 5348 “avicinis
3457 5285 3514 5330 et

1930 5368 2194 5438 proximis
2224 5367 2357 5424 locis
2387 5368 2700 5437 dispertiret
2729 5382 3003 5437 :cutnque
3040 5382 3163 5423 eam
3206 5368 3313 5422 hoc
3352 5375 3516 5439 pacto

1931 5458 2156 5530 hujusce
2181 5459 2306 5516 vitae
2329 5459 2592 5516 stercoris
2610 5458 2742 5515 faece
2771 5459 3120 5523 denudasset.
3138 5467 3390 5516 sanctum
3417 5458 3517 5514 ha-

1932 5553 2103 5608 bitum
2132 5553 2231 5625 ipsi
2264 5553 2433 5621 dedit,
2465 5552 2611 5608 illius
2640 5551 2861 5609 nomine
2888 5551 3142 5606 inAnnm
3170 5564 3369 5608 nomen
3396 5565 3515 5606 ntu-

309 5842 390 5922 [7)
434 5841 789 5927 Vocenrtot‘z
824 5844 1082 5927 _d_o‘tsoq
1124 5847 1531 5927 cgnsultonton
1586 5853 1848 5921 expressi,
1892 5856 2015 5925 quia
2070 5855 2157 5913 hic
2244 5855 2377 5914 nihil
2430 5865 2641 5914 rectum
2691 5856 2905 5915 videtur
2962 5854 3296 5927 significare.
3354 5852 3512 5914 Null‘t

236 5916 386 5968 enim
430 5915 575 5983 urbs,
609 5925 667 5972 ttt
691 5917 837 5985 potui
884 5916 1116 5986 discere,
1154 5916 1440 5988 PrOpontis
1468 5921 1610 5977 dicta
1643 5915 1747 5979 est.
