4060 6442
319 416 461 482 1109

1458 432 1630 493 VITA
1677 433 1738 493 S.
1775 432 2149 497 STEPHANI
2187 441 2564 507 JUNIORIS.

3444 447 3574 515 1110

315 553 434 606 Καὶ
491 552 696 623 πρῶτοι
739 554 836 624 μὲν
882 555 1123 612 Ἰουδαῖοι
1179 561 1245 631 τῇ
1302 561 1395 615 τοῦ
1451 563 1703 633 Σωτῆρος
1744 561 1903 634 ήμῶν

2007 550 2177 608 armis
2199 551 2454 617 debellati
2491 561 2636 608 sunt.
2668 552 2801 608 Nam
2836 569 3017 622 cruce,
3046 572 3207 627 quam
3260 558 3331 613 illi
3359 561 3573 628 quidem

316 642 670 714 ἐπολέμησαν
716 643 943 718 ποίμνῃ,
999 648 1091 701 καὶ
1148 648 1225 721 τῷ
1274 653 1463 723 οἰκείῳ
1524 652 1903 723 κατελύθησαν

316 733 474 806 ὅπλῳ
498 751 512 764 ο
549 732 626 804 τῷ
656 734 766 808 γὰρ
799 736 890 789 ὑπ’
924 737 1106 791 αὐτῶν
1137 740 1367 808 παγέντι
1417 742 1656 812 σταυρῷ,
1702 737 1816 797 οἷόν
1853 759 1903 798 τι

318 825 550 896 ῥοπάλῳ
570 866 584 890 ,
619 827 970 898 χρησάμενος
991 832 1019 884 6
1053 832 1259 903 ποιμὴν
1295 833 1324 885 6
1353 832 1536 897 καλὸς,
1570 833 1904 905 ποιμενικῶς

316 917 523 981 αὐτοὺς
573 916 649 981 ὡς
681 917 880 985 λύκους
924 918 1034 977 τῶν
1085 923 1373 996 προϐάτων
1410 924 1710 996 ἀπήλασεν.
1748 926 1906 981 Μετὰ

316 1008 380 1060 δὲ
407 1009 654 1075 τούτους,
681 1012 730 1064 οἰ
765 1011 873 1065 τῶν
904 1011 1137 1069 εἰδώλων
1177 1015 1536 1088 θεραπευταὶ,
1562 1017 1759 1082 οἵτινες
1800 1016 1906 1079 ὐπδ

316 1099 435 1155 τῶν
465 1101 567 1171 τῆς
601 1102 860 1175 ἀληθείας
883 1104 1249 1163 ὑπασπιστῶν
1290 1108 1742 1181 κατῃσχύνθησαν
1764 1127 1778 1141 ·
1806 1109 1906 1173 καὶ

321 1192 448 1261 μετ’
477 1193 677 1258 αὐτοὺς
724 1193 907 1266 Σίμων
951 1197 1046 1250 καί⁵
1072 1198 1122 1251 οἰ
1167 1198 1260 1252 ὑπ’
1313 1200 1477 1255 αὑτὸν
1511 1203 1760 1272 φοιτηταί
1790 1202 1910 1263 m-

316 1285 545 1357 νανδρος
594 1287 688 1341 καὶ
734 1289 1009 1360 Κερδονᾶς
1035 1309 1050 1325 ’
1081 1288 1201 1348 εἶτα
1223 1294 1493 1367 Μαρκίων
1522 1299 1619 1352 καὶ
1645 1298 1905 1355 Βαλαντῖ-

318 1395 414 1442 νος
436 1395 448 1407 ο
482 1372 640 1443 αὖθις
675 1379 732 1434 δὲ
784 1383 880 1437 ἀπ’
909 1383 1091 1438 αὐτῶν
1121 1385 1392 1458 Κήρινθος
1429 1385 1526 1441 καὶ
1561 1388 1904 1461 Σατορνῖνος,

321 1471 616 1543 Βασιλίδης
646 1473 741 1526 καί
771 1475 1202 1548 Καρποκράτης,
1239 1478 1465 1550 Μάρκος
1492 1479 1588 1535 καὶ
1619 1479 1905 1547 Τατιανὸς,

319 1563 607 1627 Μοντανδς
653 1566 748 1619 καὶ
781 1563 1152 1636 Βαρδισάνης,
1202 1568 1483 1640 ’Δρτέμων
1512 1569 1607 1623 καὶ
1633 1568 1903 1638 Ναύατος,

318 1655 613 1720 Σαϐέλλιος
657 1657 751 1710 καὶ
799 1657 1001 1730 Νέπων
1050 1659 1150 1731 (8),
1192 1659 1407 1726 Παῦλος
1450 1660 1545 1715 καὶ
1583 1661 1902 1733 Μανιχαῖος,

316 1746 590 1811 Φωτεινδς
611 1747 706 1800 καὶ
726 1746 1068 1820 Μάρκελλος,
1094 1750 1254 1809 καὶοί
1275 1753 1372 1808 ἀπ’
1391 1751 1633 1807 ἐκείνων·
1659 1754 1725 1806 Ἀ
1736 1770 1901 1823 ρειος.

2005 642 2263 709 ﬁxerunt,
2316 653 2570 715 tanquam
2619 644 2770 701 clava
2817 661 2945 701 usus
3003 647 3174 703 bonus
3224 661 3425 720 pastor,
3481 666 3575 706 cos

2005 733 2157 804 quasi
2187 732 2365 805 lupos,
2404 736 2636 806 pastoris
2663 751 2833 803 more,
2863 738 2932 794 ab
2977 738 3168 795 ovibus
3211 740 3412 810 abegit.
3468 738 3582 802 llos

2004 825 2177 885 secuti
2210 836 2338 882 sunt
2376 828 2639 885 idolorum
2669 829 2940 897 cultores,
2983 831 3074 901 qul
3120 846 3150 885 a
3207 832 3453 889 veritatis
3485 835 3582 891 de.

2000 922 2313 981 {ensoribus
2339 925 2546 981 confusi
2571 935 2716 992 sunt,
2748 941 2813 982 ac
2835 942 2956 982 cum
2991 926 3094 982 illis
3125 926 3581 1000 Simun,ejusque

2007 1014 2252 1085 discipuli
2270 1012 2566 1092 Menander
2599 1024 2654 1071 et
2682 1016 2980 1083 Cerdonas,
3008 1016 3207 1074 deinde
3242 1017 3481 1075 Marcion
3527 1026 3583 1074 et

2006 1104 2347 1174 Valentinus,
2379 1117 2563 1179 postea
2592 1107 2879 1165 Ceriutlms
2909 1120 2963 1164 et
3007 1099 3357 1174 Saturninus,
3389 1110 3579 1165 Basili-

2006 1199 2102 1255 des
2139 1207 2194 1255 et
2225 1199 2605 1271 Carpocrates,
2635 1200 2848 1258 Marcus
2875 1212 2929 1259 et
2960 1200 3243 1269 Tatiauus,
3298 1202 3581 1260 Montanus

2006 1298 2061 1347 et
2100 1289 2446 1356 Bardisanes,
2498 1292 2756 1347 Artemon
2790 1302 2846 1348 et
2893 1292 3150 1359 Navatus,
3206 1292 3479 1350 Sabellius
3525 1303 3578 1347 et

2006 1382 2217 1453 Nepon,
2250 1381 2450 1438 Paulus
2478 1389 2531 1437 et
2558 1381 2905 1448 Manichacus,
2944 1383 3213 1439 Photinus
3252 1393 3306 1439 et
3351 1383 3580 1438 Marcel~

2005 1472 2088 1529 lus
2132 1493 2145 1529 :
2192 1471 2397 1544 quique
2436 1471 2502 1526 ab
2530 1471 2635 1527 illis
2670 1472 2897 1542 profecti
2945 1481 3094 1540 sunt,
3152 1473 3334 1540 Arius,
3370 1474 3576 1539 Aetius,

2005 1563 2323 1628 Eunomius,
2342 1562 2710 1627 Macedonius,
2736 1562 3026 1628 Maximus,
3054 1563 3341 1621 Nestorius
3363 1605 3378 1629 ,
3408 1565 3578 1634 hydra

2007 1657 2292 1728 multiceps
2347 1657 2619 1728 Eutycbes
2658 1665 2714 1711 et
2751 1655 3058 1722 Dioscorus,
3083 1655 3328 1711 Zosimus
3350 1653 3581 1724 ,Apolli-

2005 1748 2210 1803 norius.
2259 1747 2423 1821 442
2457 1747 2731 1819 Origines,
2760 1746 2954 1802 Petrus
2992 1747 3191 1812 miser,
3221 1744 3579 1810 Theodosius,

332 1835 562 1902 ’Δέτιος,
591 1836 857 1908 Εὑνόμιος
874 1856 889 1872 ο
921 1841 1280 1906 Μακεδόνιος,
1296 1841 1570 1914 Μάξιμος,
1588 1843 1901 1914 Νεστόριος,

2007 1839 2257 1905 Iacobus,
2293 1837 2560 1905 Julianus,
2595 1837 2761 1902 Zeno,
2797 1838 3040 1907 Sergius,
3070 1835 3333 1907 Pyrrhus,
3383 1835 3579 1906 Cyrus.

318 1928 357 1998 ἡ
394 1926 769 1998 πολυκέφαλος
802 1927 940 2004 ὕδρα
964 1931 1217 2004 meum;
1250 1933 1347 1987 καὶ
1375 1933 1669 2005 Διόσκορος
1688 1949 1702 1963 °
1733 1932 1906 1987 Ζὼσιο

321 2036 451 2088 μος,
503 2018 898 2093 Ἀπολινάριος
938 2023 1252 2096 Ὣριγένης,
1312 2025 1521 2095 Πέτρος
1571 2026 1599 2079 6
1651 2023 1903 2091 δείλαιος,

320 2109 625 2177 Θεοδόσιος,
684 2111 982 2179 Ἰάκωϐος,
1030 2114 1339 2182 Ἰουλιανὸς,
1388 2116 1596 2186 Ζήνων,
1657 2115 1901 2186 Σέργιος.

323 2198 526 2272 Πῦρος,
580 2202 789 2275 Κῦρος,
825 2205 1103 2277 Μάκαρις,
1163 2205 1423 2278 Ὀνόριος,
1462 2207 1614 2260 κα¹ι¹ό
1640 2205 1906 2277 δυσσεϐὴς

316 2292 522 2364 Ιάμιθ
545 2309 558 2323 ·
595 2295 689 2348 καὶ
737 2295 792 2349 ετ
838 2296 922 2362 τίς
956 2314 1049 2368 μοι
1093 2296 1250 2362 ἀλλος
1291 2297 1484 2352 ἔλαθεν
1523 2297 1901 2369 ἀνθρωπίνως.

332 2383 634 2455 Ἐπιλείψει
686 2385 796 2458 γάρ
846 2404 912 2458 με
950 2388 1434 2461 ἀπαριθμούμενον
1485 2389 1735 2460 ήήμέρα
1788 2388 1901 2442 τῶν

318 2475 423 2546 τῆς
446 2476 706 2541 ἀσεϐείας
736 2477 1098 2533 ὑπασπιστῶν
1126 2481 1221 2534 καὶ
1251 2480 1509 2553 ἀρχηγῶν
1542 2481 1611 2535 τὰ
1641 2480 1902 2552 ὀνόματα,

321 2560 403 2618 ὧν
436 2566 532 2619 καὶ
563 2566 663 2639 τὴν
693 2570 915 2640 μνήμην
938 2570 1113 2639 αὐτὴν
1144 2570 1326 2635 καλῶς
1346 2572 1374 2623 6
1404 2570 1593 2643 χρόνος
1619 2573 1902 2643 ἠφάνισεν.

319 2646 486 2711 Οὗτοι
512 2657 570 2711 δὲ
617 2658 820 2724 πάντες
862 2661 1004 2715 κατὰ
1041 2665 1264 2728 ταυτὸν,
1296 2663 1372 2727 ὡς
1399 2662 1531 2728 ἔπος
1548 2650 1758 2730 εἰπεῖν,
1793 2666 1905 2728 τοῖς

316 2749 703 2817 ἁποστολικοίς
761 2755 1115 2823 κηρύγμασιν
1184 2754 1625 2826 πολεμήσαντες,
1660 2754 1759 2829 τῆς
1809 2755 1905 2808 τοῦ

2007 1931 2292 1997 Macarius,
2338 1929 2606 1985 Honorius
2636 1936 2688 1985 et
2716 1930 2914 2000 impius
2953 1928 3244 1995 Mahomet,
3279 1937 3336 1983 et
3371 1929 3416 1984 si
3456 1928 3579 1997 quis

2007 2024 2145 2087 alius
2180 2023 2332 2089 mihi,
2368 2031 2552 2091 utpote
2592 2020 2819 2087 homini,
2857 2020 3033 2076 latuit.
3084 2020 3291 2089 Quippe
3323 2034 3410 2075 me
3462 2020 3580 2075 dies

2005 2114 2280 2177 deﬁceret,
2315 2112 2360 2168 si
2394 2111 2688 2181 impietatis
2706 2108 3048 2167 defensorum
3071 2117 3127 2165 et
3165 2119 3446 2164 auctorum
3482 2127 3582 2164 no-

2007 2206 2150 2258 mina
2181 2216 2504 2271 enumerare
2552 2201 2899 2273 aggrederer,
2956 2214 3185 2271 quorum
3237 2201 3409 2270 ipsam
3466 2215 3580 2255 rne-

2008 2293 2236 2349 moriam
2282 2303 2428 2349 recte
2480 2303 2690 2363 tempus
2726 2292 2979 2348 abolevit.
3038 2291 3132 2348 lsti
3175 2306 3304 2363 ergo
3358 2307 3578 2358 omnes,

2010 2400 2115 2440 uno
2143 2385 2343 2453 animo,
2375 2394 2433 2439 ut
2468 2386 2537 2439 ita
2571 2384 2778 2454 loquar,
2805 2384 3063 2440 adversus
3088 2384 3412 2454 apostolicas
3438 2399 3581 2454 pra:-

2007 2478 2306 2533 dicatioues
2323 2485 2573 2547 suscepto
2591 2475 2753 2544 bello,
2778 2491 2809 2531 e
2848 2474 2944 2530 Dei
2977 2476 3234 2530 memoria
3269 2484 3324 2530 et
3365 2476 3434 2531 ab
3478 2476 3582 2532 Ec-

2008 2566 2171 2621 clesia
2203 2564 2395 2620 merito
2423 2564 2609 2632 rejecti
2640 2573 2789 2622 sunt.
2829 2566 2948 2635 Ipsa
2991 2573 3168 2618 autem
3204 2562 3464 2629 Ecclesia,
3516 2563 3585 2620 li-

2009 2668 2095 2714 cet
2145 2658 2311 2713 armis
2359 2671 2571 2726 semper
2599 2656 2873 2720 lacessita,
2904 2655 3255 2729 amplioribus
3291 2655 3454 2711 etiam
3507 2652 3591 2712 vl-

2012 2752 2200 2807 ctoriis
2218 2757 2417 2806 statum
2447 2749 2620 2806 tenuit
2647 2748 2954 2820 paciﬁcum.

318 2840 461 2894 Θεοῦ
520 2843 744 2915 μνήμης
814 2845 909 2899 καὶ
952 2847 1052 2916 τῆς
1108 2845 1434 2917 Ἐκκλησίας
1494 2847 1723 2913 εἰκότως
1784 2844 2382 2919 ἀπεσκορακίσθησανο
2434 2843 2528 2898 καὶ
2573 2838 2711 2913 ἦγεν
2764 2842 2823 2895 ὲν
2867 2841 3127 2913 εἰρηναίᾳ
3169 2836 3581 2915 καταστάσειή

321 2932 559 2987 πάντοτε
597 2934 981 3008 πολεμουμένη
1021 2938 1116 2991 καὶ
1163 2938 1494 3011 πλειοτέρως
1532 2939 1740 2993 νικῶσα
1785 2939 2112 3011 Ἐκκλησία.

407 3023 695 3081 Ἐντεῦθεν
734 3026 829 3081 οὖν
859 3026 1044 3082 λοιπὸν
1081 3031 1109 3084 6
1140 3030 1239 3101 τῆς
1265 3031 1530 3103 πονηρίας
1562 3032 1768 3104 πατὴρ,
1806 3029 1903 3086 καὶ

2080 3027 2211 3083 Eam
2237 3027 2307 3084 ob
2325 3042 2435 3082 rem
2460 3023 2821 3095 improbitatis
2847 3030 3002 3091 pater
3027 3033 3082 3078 et
3108 3021 3364 3093 nequitia:
3390 3022 3580 3084 ἱιινεη-

316 3118 424 3189 τῆς
462 3115 663 3181 κακίας
690 3118 917 3191 εὑρετὴς
939 3119 1205 3185 διάϐολος,
1232 3123 1260 3174 6
1297 3121 1569 3193 μηδέποτε
1599 3122 1903 3193 παυόμενος

2011 3131 2095 3176 tor
2123 3118 2389 3184 diabolus,
2423 3116 2514 3187 qui
2542 3114 2741 3172 bellum
2769 3114 2966 3185 ubique
2992 3127 3182 3185 gerere
3202 3135 3324 3174 cum
3362 3121 3578 3176 homine

316 3208 581 3279 πολεμεῖν
608 3209 869 3264 ἑκάστοτε
908 3210 1002 3265 τὸν
1059 3211 1180 3265 κατ’
1210 3212 1397 3268 εἰκόνα
1430 3212 1566 3266 Θεοῦ
1616 3212 1906 3267 κτισθέντα

313 3299 635 3370 ἄνθρωπον,
666 3298 955 3373 θεωρήσας
996 3303 1107 3358 τῶν
1144 3304 1441 3375 προφανῶς
1492 3305 1774 3376 πολεμίων
1806 3306 1908 3376 ρᾳ-

309 3391 452 3455 ὁίως
481 3390 916 3465 περιγενομένην
960 3393 1056 3447 τοῦ
1105 3395 1318 3464 Κυρίου
1370 3395 1469 3466 τὴν
1513 3396 1769 3466 ποίμνην,
1818 3395 1909 3453 Eva

312 3482 464 3555 πρὸς
502 3486 614 3548 τοῖς
657 3488 950 3555 γραφεῖσιν
982 3488 1366 3559 ἀναποδίσοιμι
1393 3497 1439 3554 ³,
1475 3486 1687 3543 ἔνδοθεν
1710 3487 1910 3561 ἐξάψαι

307 3573 574 3645 διενοήθη
600 3574 698 3628 τοῦ
729 3575 972 3648 πολέμου
995 3576 1093 3651 τήν
1120 3576 1315 3648 φλόγα.
1340 3580 1452 3632 Καὶ
1471 3576 1652 3651 εὑρὼν
1676 3579 1907 3653 ὄργανον

308 3667 424 3737 τῆς
468 3665 676 3731 οἰκείας
734 3666 1225 3741 ἄξιον’ὲργασίας,
1260 3668 1431 3741 ἄνδρα
1484 3674 1772 3742 γοητικαῖς
1810 3673 1910 3726 έπ-

314 3757 500 3828 ῳδαῖς
519 3757 694 3811 πολλὰ
707 3775 765 3811 τε
774 3761 1089 3831 ρατουργεῖν
1102 3758 1479 3831 νομιζόμενον,
1494 3763 1586 3815 καὶ
1598 3761 1907 3831 φενακίζειν

306 3848 431 3904 τῶν
465 3848 770 3922 ἀνθρώπων
815 3851 943 3914 τοὺς
975 3849 1043 3904 τὰ
1074 3840 1301 3905 τοιαῦτα
1338 3851 1648 3922 τεθηπότας
1674 3851 1909 3923 δυνάμε-

307 3958 437 4006 νον,
472 3943 536 3995 ὲκ
565 3942 663 4014 τῆς
700 3942 756 3995 δὲ
798 3942 1116 4014 Συριάτιδος
1148 3943 1314 4014 γαίης
1346 3944 1407 3999 τό
1453 3962 1512 3998 τε
1545 3945 1700 4013 γένος
1730 3946 1822 3999 καὶ
1846 3946 1909 4001 τὸ

310 4032 581 4104 φρόνημα
607 4033 822 4105 ἔχοντα.
863 4026 1063 4089 Τοῦτον
1100 4035 1194 4089 τὸν
1237 4032 1604 4109 λεοντώνυμον
1633 4037 1796 4109 θῆρα,
1832 4039 1909 4103 ὡς

311 4125 771 4196 προγέγραπται,
801 4126 1018 4196 πρῶτον
1042 4116 1265 4192 ἐξάπτει
1304 4128 1444 4195 κατά
1470 4128 1567 4200 τῆς
1599 4128 1709 4182 τῶν
1734 4129 1907 4197 ἁγίων

309 4214 551 4271 εἰκόνων
577 4218 771 4288 νοερᾶς
803 4218 1250 4291 προσκυνήσεως.
1278 4218 1483 4273 Τούτου
1511 4219 1571 4273 δὲ
1599 4221 1905 4291 καταδήλου

310 4305 605 4377 αἱρετικοῦ
637 4305 942 4379 δειχθέντος
971 4308 1077 4362 ὑπὸ
1102 4308 1196 4363 τοῦ
1240 4311 1340 4381 τῆς
1369 4309 1631 4382 ἀληθείας
1662 4313 1906 4364 ὑπασπι-

312 4392 457 4448 στοῦ
489 4395 794 4468 Γερμανοῦ,
823 4397 900 4463 ὠς
944 4403 1041 4453 καὶ
1085 4398 1464 4469 προλέλεκται,
1509 4400 1631 4454 οὐδὲ
1677 4399 1852 4464 οὕτως
1878 4402 1907 4454 6

2007 3212 2075 3268 ad
2104 3211 2392 3280 imaginem
2429 3208 2522 3264 Dei
2550 3212 2736 3267 creato
2776 3221 3050 3279 ta‘ﬁnquam
3100 3212 3420 3279 supersedit,
3454 3227 3577 3266 cum

2008 3302 2218 3360 Domini
2250 3315 2462 3375 gregem
2506 3304 2617 3357 suis
2653 3304 2854 3373 apertis
2880 3301 3126 3356 hostibus
3152 3302 3304 3355 farilc
3330 3305 3579 3371 superio-

2008 3412 2123 3454 rem
2153 3409 2272 3454 esse
2293 3403 2561 3462 cerneret,
2603 3404 2661 3449 ut
2692 3396 2758 3449 ad
2789 3409 2872 3459 ea,
2895 3410 3013 3463 quae
3048 3394 3159 3464 jam
3193 3397 3395 3463 scripta
3433 3404 3575 3460 sunt,

2009 3490 2250 3555 redeam,
2282 3488 2608 3543 intrinsecus
2631 3485 2757 3541 belli
2803 3484 3075 3541 ﬂammam
3119 3487 3417 3542 accendere
3469 3498 3580 3541 sta-

2012 3580 2133 3635 tuit.
2172 3580 2310 3636 llinc
2335 3578 2535 3650 proprii
2575 3578 2757 3648 operis
2783 3578 3003 3648 dignum
3034 3577 3448 3633 instrumentum
3485 3593 3582 3631 ua-

2012 3678 2158 3738 ctus,
2193 3669 2394 3738 virum,
2419 3671 2512 3739 qui
2537 3680 2780 3742 genuset
2803 3671 3038 3723 animum
3062 3681 3131 3722 ex
3159 3666 3316 3739 Syria
3336 3668 3576 3731 sortitus,

2008 3754 2232 3825 magicis
2273 3756 2565 3826 praestigiis
2594 3756 2825 3826 plurima
2860 3754 3102 3825 prodigia
3140 3763 3359 3825 patrare
3402 3755 3581 3810 existi-

2007 3846 2285 3915 mabatur,
2315 3848 2691 3917 hominesque,
2722 3847 2812 3918 qui
2856 3859 2943 3902 res
2970 3844 3281 3917 hujusmodi
3321 3846 3579 3902 admirari

2007 3936 2204 4003 solent,
2259 3937 2511 4006 decipere
2562 3937 2794 3992 valebat.
2844 3934 2998 3990 Hanc
3045 3948 3175 4006 ergo
3203 3935 3373 3991 feram
3411 3935 3582 3992 leonis

2007 4027 2383 4097 cognominem
2433 4026 2688 4095 primum,
2737 4023 2900 4097 443
2951 4033 3013 4079 ιιι
3061 4025 3210 4094 prius
3241 4024 3579 4095 scripsimus,

2007 4116 2272 4174 adversus
2301 4127 2611 4172 sanctarum
2651 4116 2942 4186 imaginum
2982 4115 3350 4171 adorationem
3382 4113 3583 4171 inflam-

2008 4210 2205 4265 mavit.
2232 4207 2487 4275 Quamvis
2539 4220 2668 4263 vero
2718 4206 3039 4261 manifestus
3068 4205 3352 4262 haereticus
3392 4220 3421 4260 a
3447 4203 3582 4262 (iero

2009 4315 2168 4355 manu
2189 4300 2432 4355 veritatis
2462 4304 2884 4370 propugnatore,
2918 4305 2978 4351 ut
3027 4305 3186 4351 antea
3223 4297 3428 4351 dictum
3474 4304 3583 4364 est,

2009 4393 2313 4449 declaratus
2343 4390 2533 4448 luisset
2565 4408 2579 4445 :
2614 4404 2791 4461 neque
2820 4390 2901 4445 sic
2938 4398 3118 4444 tamen
3151 4389 3454 4444 communis
3482 4390 3581 4444 ho-

311 4483 502 4549 κοινὸς
544 4485 651 4540 τῶν
685 4487 988 4559 ἀνθρώπων
1022 4488 1278 4560 πολέμιος
1313 4490 1694 4547 ἀπεπαύσατο.
1740 4489 1898 4544 Ἀλλά

2008 4485 2209 4540 minum
2241 4483 2456 4540 hostisa
2488 4483 2680 4552 emptis
2700 4480 2928 4538 destitit.
2960 4480 3294 4546 Vernm,illo
3325 4496 3356 4535 e
3399 4480 3580 4536 medio

314 4579 425 4633 καί
461 4578 624 4633 αὐτοῦ
655 4580 714 4634 τὸ
745 4580 845 4653 ζῇν
884 4581 1319 4654 ἀποῤῥήξαντος,
1350 4584 1447 4638 καὶ
1475 4582 1568 4636 τοῦ
1614 4584 1910 4656 ἀτελευτή-

316 4685 421 4723 του
452 4669 731 4740 σκώληκος
757 4673 851 4726 καὶ
871 4672 964 4727 τοῦ
995 4672 1217 4729 αἰωνίου
1247 4673 1418 4745 πυρὸς
1440 4675 1723 4745 γεγονότος
1766 4675 1908 4747 παρ-

2011 4573 2241 4641 sublato,
2278 4574 2638 4644 perennisque
2681 4574 2883 4629 vermis
2912 4584 2967 4630 ct
3008 4574 3196 4630 aeterni
3251 4574 3391 4645 ignis
3435 4573 3578 4629 facto

2012 4666 2242 4737 pabulo,
2299 4664 2415 4734 ejus
2462 4665 2581 4721 loco
2639 4666 2910 4735 impurum
2967 4666 3095 4721 illud
3143 4667 3311 4737 ipsius
3358 4682 3579 4737 germen

319 4761 619 4834 ανάλωμα,
659 4763 954 4835 ἀνέστησεν
983 4764 1100 4820 ἀντ’
1164 4763 1330 4820 αὐτοῦ
1374 4765 1436 4818 τὸ
1472 4765 1680 4820 ἐκείνου
1714 4767 1905 4838 μιαρὸν

2007 4756 2439 4829 (Constantinum
2480 4754 2622 4826 dico)
2658 4757 2949 4824 excitavit,
3002 4758 3156 4826 quasi
3212 4759 3337 4828 quis
3385 4759 3591 4813 dixerit

319 4852 598 4924 γέννημα,
639 4854 1050 4909 Κωνσταντῖνόν
1089 4874 1255 4927 φημι,
1309 4856 1386 4921 ὡς
1415 4856 1481 4911 ἀν
1529 4874 1615 4920 τις
1652 4857 1794 4911 εἴποι
1843 4858 1905 4911 ὲκ

2007 4862 2071 4903 ex
2102 4847 2283 4904 Acbaz
2322 4847 2533 4913 Achab,
2564 4856 2617 4902 et
2644 4862 2706 4902 ex
2743 4849 3010 4904 Archelao
3045 4850 3373 4906 deteriorem
3408 4845 3577 4907 Hero-

313 4942 423 4998 τοῦ
468 4944 637 5016 Ἀχὰζ
665 4945 756 4999 τὸν
801 4946 1030 5018 Ἀχαάϐ,
1066 4949 1163 5001 καὶ
1186 4946 1244 5013 ἐξ
1289 4949 1580 5020 Ἀρχελάου
1613 4947 1704 5002 τὸν
1742 4966 1905 5022 πονη-

2007 4941 2159 5009 dem,
2186 4940 2437 4995 adulterii
2472 4939 2803 5010 mancipium
2825 4980 2841 5007 ,
2871 4951 2927 4996 et
2954 4942 3306 5011 praecursoris
3357 4942 3580 5001 homici-

324 5032 553 5104 ρότερον
591 5035 859 5107 Ἡρώδην,
887 5036 949 5090 τὸ
994 5037 1093 5107 τῆς
1124 5038 1368 5109 μοιχείας
1415 5037 1768 5109 ἀνδράποδον,
1814 5037 1905 5091 καὶ

2009 5032 2154 5088 dam.
2190 5032 2294 5088 Iste
2327 5030 2489 5100 igitur
2519 5030 2675 5091 malm
2712 5031 2855 5088 illius
2906 5033 3106 5090 radicis
3141 5034 3322 5102 arbor,
3367 5035 3585 5105 pejores

316 5123 424 5178 τοῦ
458 5125 771 5198 Προδρόμου
831 5129 1018 5198 φονέα.
1047 5122 1217 5194 Οὗτος
1266 5124 1360 5184 οὖν
1404 5131 1465 5184 τὸ
1506 5131 1603 5201 τῆς
1657 5130 1903 5200 πονηρᾶς

2014 5123 2221 5178 fructus
2274 5123 2603 5193 germinans,
2668 5123 2975 5180 exitialibus
3024 5126 3200 5180 omnis
3242 5127 3455 5197 generis
3487 5141 3578 5181 ve-

317 5213 546 5286 ὲκείνης
582 5215 740 5288 ῥίζης
782 5217 1019 5288 δένδρον,
1054 5218 1454 5291 πονηροτέρους
1488 5219 1734 5294 καρποὺς
1768 5219 1899 5290 βλα-

2010 5216 2163 5271 nenis
2188 5214 2241 5268 in
2276 5214 2453 5268 anima
2495 5214 2784 5283 congestis,
2812 5228 3002 5270 omnes
3048 5225 3266 5271 sanctas
3313 5217 3575 5286 imagines

1631 5350 1861 5407 VARUS
1893 5345 2293 5406 LECTIONES.

403 5473 428 5502 ι
456 5463 528 5520 al.
556 5462 979 5538 ἁναποδήσοιμι.

1852 5560 2087 5619 NOTAE.

402 5692 479 5763 (8)
511 5689 888 5763 Néa;wr.§utt
929 5690 1093 5746 alium
1120 5689 1211 5763 hic
1240 5702 1401 5758 quam
1443 5685 1702 5763 Nepotem
1736 5688 1908 5763 Egy-

331 5759 526 5831 ptiacm
565 5762 715 5818 urbis
740 5760 1090 5832 EpiscOpunl
1141 5760 1210 5814 ab
1254 5767 1485 5832 auctore
1519 5759 1748 5832 indicari
1790 5759 1908 5832 esi-

333 5828 516 5899 stimo,
545 5832 637 5902 qui
679 5848 706 5887 a
737 5828 1006 5888 Theudor.
1046 5829 1293 5886 eretic.
1336 5828 1505 5900 fabul.
1543 5829 1634 5885 lib.
1692 5846 1770 5887 ιη.
1802 5830 1907 5883 Νέ-

2010 5709 2129 5816 1ειὲιὲς
2163 5691 2381 5759 dicitur,
2409 5688 2548 5758 aliis,
2580 5699 2636 5746 ut
2667 5691 2723 5748 in
2761 5690 2957 5749 concil.
2993 5706 3081 5750 Ill.
3116 5689 3305 5750 Const.
3340 5708 3446 5751 act.
3485 5696 3577 5767 Η,

2097 5779 2211 5816 me-

2097 5779 2211 5827 πος.
