4060 6420
521 361 654 428 llll

1735 377 1895 435 S'i'lil
1910 379 2113 437 'lIANi
2156 381 2464 444 ωλι]οΜ
2505 388 2613 447 CP.

3646 395 3770 463 1112

517 475 709 539 diruit,
747 477 962 541 evertit,
999 477 1262 536 iuceodil.
1292 482 1390 536 Cui
1430 499 1549 537 cum
1596 488 1843 538 monachi
1879 488 2095 553 religio-

2204 494 2429 559 στῆσαν,
2482 495 2785 567 δηλητήρια
2825 497 2881 550 δὲ
2933 501 3162 553 παντοῖα
3197 500 3416 572 ὀλέθρια
3475 508 3541 575 τῇ
3588 507 3768 564 ἐαυτςῠ

521 572 607 620 nis
630 568 869 622 cultores
906 582 1023 623 sese
1055 584 1414 641 opponerent,
1450 574 1556 628 illis
1589 574 1786 628 bellum
1819 578 2103 628 denuntia—

520 658 615 711 vit.
677 657 811 712 Hinc
868 674 1053 713 eorum
1111 662 1388 727 habitum,
1445 665 1790 719 tenebrarum
1854 668 2099 720 habitum

521 749 823 819 appellabat
851 750 897 804 is
940 752 1076 820 ipse,
1106 754 1200 823 qui
1245 756 1481 810 animam
1521 756 1759 811 tenebris
1808 759 2100 811 involutam

519 843 784 913 gv-rebat:
820 844 910 912 qui
956 860 1085 899 vero
1122 850 1224 901 sub
1268 847 1359 900 illo
1412 850 1597 903 habitu
1655 851 2100 913 recensebantur,

521 932 810 1002 nefandos,
829 937 879 988 id
902 947 983 990 est
1007 950 1307 992 memoratu
1336 940 1585 1009 indignos
1604 942 1943 1007 nominabat,
1968 958 2104 1011 quos

519 1028 687 1080 etiam
722 1027 1038 1082 idololatras
1071 1032 1138 1084 ob
1155 1041 1465 1085 Sanctarum
1514 1033 1807 1101 imaginum
1838 1034 2106 1089 adoratio-

522 1134 644 1171 nem
681 1121 971 1175 vocitabat.
1006 1122 1096 1176 llle
1140 1118 1309 1193 igitur
1351 1139 1473 1179 cum
1510 1128 1819 1180 universam
1845 1128 1945 1180 sibi
1980 1128 2097 1180 sub—

511 1211 715 1280 jectain
778 1212 987 1282 plebem
1055 1226 1465 1287 coogregasset,
1534 1219 1828 1287 propositis
1892 1220 2105 1275 viviﬁco

515 1307 683 1382 444
716 1326 941 1382 corpore
981 1321 1033 1365 et
1093 1314 1353 1384 sanguine
1397 1312 1621 1376 Christi.
1662 1314 2108 1385 intemeratisque

519 1405 705 1474 lignis,
747 1406 1015 1476 inquibus
1044 1386 1295 1461 Cbristus
1331 1405 1470 1462 Deus
1494 1422 1592 1475 pro
1611 1408 1763 1462 nobis
1787 1424 1980 1461 manus
2009 1424 2107 1462 ex-

524 1498 721 1561 tendit,
756 1509 920 1566 atque
956 1500 1121 1553 etiam
1170 1499 1445 1556 inviolatis
1486 1499 1834 1572 Evangeliis,
1868 1518 1961 1571 per
1988 1518 2108 1570 qua:

524 1606 591 1645 ne
616 1592 837 1646 omnino
868 1592 1087 1663 quidem
1109 1593 1297 1661 jurare
1328 1594 1486 1649 nobis
1515 1595 1771 1663 pra‘eepit
1826 1595 2102 1663 Christus;

522 1700 733 1750 omnes,
775 1686 1018 1755 inquam,
1048 1686 1134 1739 ille
1164 1686 1349 1751 jurare
1373 1696 1423 1741 et
1443 1696 1700 1756 quantum
1729 1686 1977 1741 valebant
2028 1686 2106 1740 \i-

523 1778 672 1831 ribus
730 1779 842 1831 luce
897 1794 955 1830 se
1019 1777 1256 1832 facturos
1290 1778 1468 1831 dicere
1517 1778 1803 1847 imperavit
1840 1800 1850 1833 :
1886 1794 2099 1847 nempe,

520 1877 767 1922 sanctam
808 1868 1096 1932 imaginem
1127 1884 1185 1922 se
1206 1886 1310 1922 non
1337 1870 1682 1933 adoraturos,
1716 1869 1808 1923 sed
1835 1884 1953 1923 eam
1989 1869 2103 1923 ido-

520 1960 626 2012 lum
661 1970 984 2024 vocaturos;
1017 1962 1455 2014 communionem
1478 1961 1545 2015 ab
1573 1961 1769 2016 abbate
1790 1977 1882 2015 seu
1917 1977 2105 2016 mona-

519 2050 622 2103 t'ilt)
672 2068 775 2105 non
824 2062 1158 2120 recepturos;
1211 2066 1387 2122 neque
1433 2051 1516 2105 vel
1568 2052 1737 2107 solam
1783 2051 2011 2107 salutem
2052 2054 2101 2106 ei

519 2143 738 2194 daturos
769 2159 781 2195 :
815 2142 910 2195 sed
941 2152 1128 2196 contra
1162 2143 1205 2196 si
1239 2143 1289 2196 in
1320 2142 1513 2211 primis
1544 2143 1836 2196 nefandum
1869 2141 2103 2212 aliquem

519 2240 570 2281 i-t
604 2232 953 2286 tenebrarum
983 2241 1133 2285 veste
1165 2234 1409 2287 indutum
1442 2232 1663 2287 obvium
1696 2233 2010 2298 habuerint,
2045 2248 2105 2289 se

521 2321 673 2374 illum
714 2338 834 2374 cum
868 2323 1130 2378 conviciis
1160 2324 1428 2391 lapidibus
1458 2324 1771 2379 obruturos.
1805 2323 1850 2379 Ο
1873 2325 2105 2394 ineptias

521 2412 839 2464 haeretica-.l
882 2411 972 2465 Sui
1007 2424 1187 2467 autem
1231 2412 1562 2466 simillimum
1600 2429 1729 2468 voce
1756 2421 1809 2467 et
1841 2414 2100 2478 moribus,

522 2504 742 2557 nomine
792 2515 846 2557 et
910 2506 1177 2558 sententia
1238 2506 1657 2559 instrumentum
1703 2518 1734 2559 e
1779 2504 2102 2559 sacerdotali

519 2594 765 2663 Catalogo
828 2604 1051 2657 nactus,
1097 2604 1172 2660 ut,
1228 2596 1271 2651 si
1307 2611 1393 2649 cui
1448 2595 1748 2665 Scriptura:
1795 2597 1975 2651 verbis
2025 2596 2102 2649 uti

521 2686 725 2750 placet,
765 2685 921 2740 Blac
977 2685 1197 2741 Balaam
1258 2698 1313 2743 et
1372 2685 1574 2743 Jannes
1623 2686 1918 2751 Jambrem,
1952 2687 2100 2742 illum

522 2794 627 2834 non
664 2778 757 2831 Dei
789 2789 845 2832 et
878 2780 1219 2834 sacerdotum
1264 2779 1555 2851 suifragio,
1591 2781 1683 2835 sed
1720 2781 1940 2851 proprio
1979 2781 2103 2835 dolo

521 2870 573 2919 in
605 2868 887 2921 ecclesiam
926 2871 1183 2937 adduxit;
1230 2872 1319 2925 ubi
1361 2886 1482 2925 cum
1523 2872 1680 2924 ambo
1710 2871 1762 2925 in
1812 2870 2100 2925 ambonrm

519 2963 915 3029 ascendissent,
945 2965 1285 3018 Constantini
1322 2965 1667 3031 imperatoris
1694 2964 1943 3017 manibus
1975 2978 2097 3031 pro-

518 3053 676 3108 fanus
703 3054 1091 3122 Constantinus
1126 3057 1335 3126 impura
1359 3099 1374 3123 ,
1405 3068 1464 3111 ut
1497 3058 1572 3111 ita
1630 3056 1839 3126 loquar,
1868 3057 2102 3125 iliploide

516 3158 564 3197 et
599 3146 919 3216 oniophorio
950 3150 1192 3202 induitur
1238 3150 1384 3219 (ille,
1433 3151 1688 3218 inquam,
1722 3149 1974 3221 indiguus
2002 3148 2096 3202 τοῦ
2126 3174 2170 3235 C

520 3235 601 3296 πῖ,
636 3241 729 3288 scd
760 3235 938 3303 potius
967 3237 1158 3305 dignus
1191 3236 1286 3292 τοῦ
1340 3240 1422 3305 φῖ.
1461 3237 1704 3306 Namque
1750 3239 2096 3308 phalriarcha

519 3325 699 3392 potius
739 3342 900 3392 quam
951 3328 1261 3395 patriarcha
1320 3329 1576 3383 Ecclesia:
1623 3330 1772 3385 visus
1810 3330 1945 3401 est),
1974 3343 2097 3383 eum

520 3419 735 3471 interim
766 3416 927 3491 445
952 3421 1173 3491 dignum
1208 3437 1329 3475 esse
1362 3423 1737 3491 prodamante
1788 3435 2035 3495 tyranno.
2056 3421 2101 3477 Ο

519 3510 934 3580 indignitatem!
979 3511 1237 3567 Armatus
1284 3514 1530 3583 prwsulis
1581 3530 1869 3583 personam
1914 3514 2098 3583 gerit:

518 3600 612 3669 qui
670 3600 827 3656 bellis
863 3612 917 3657 et
955 3603 1196 3657 aedibus
1231 3612 1375 3659 totus
1426 3589 1749 3667 vacaverat,
1796 3602 2102 3658 sacerdotis

518 3691 693 3745 vicem
728 3693 844 3747 obit
875 3710 888 3746 :
921 3694 1012 3761 qui
1044 3709 1072 3747 a
1111 3694 1283 3749 tribus
1317 3695 1636 3751 innlieribus
1690 3695 1957 3766 ﬂagitiose
2002 3695 2102 3747 ad-

522 3784 720 3839 missus
779 3784 979 3849 fuerat,
1036 3788 1379 3841 sacerdotum
1411 3799 1629 3842 creator
1661 3804 1754 3842 seu
1814 3788 2103 3842 ordinatur

519 3877 908 3932 constituitur!
938 3878 1070 3946 Quis
1108 3895 1342 3949 unquam
1393 3880 1500 3934 tale
1527 3881 1822 3951 quidquam
1872 3882 2099 3947 audivit,

517 3970 606 4022 vel
636 3970 791 4035 vidit,
829 3971 912 4025 vel
965 3971 1282 4026 nuntiavit?
1316 3970 1486 4026 Nemo
1532 3983 1701 4027 certe.
1752 3971 1866 4025 lino
1930 3986 2103 4040 neque

518 4064 686 4120 etiam
718 4064 923 4132 aliquid
956 4063 1265 4133 huiusmodi
1317 4065 1367 4118 in
1409 4066 1691 4135 gentilium
1734 4064 2022 4119 sacrificiis
2050 4072 2104 4116 et

522 4155 805 4210 nidoribus
830 4156 1003 4208 visum
1036 4163 1139 4209 est.
1185 4154 1324 4209 lline
1370 4157 1616 4225 apposite
1657 4155 1785 4208 illud
1830 4154 2103 4223 prophetae

519 4261 782 4317 usurpare
812 4245 980 4301 licet:
1019 4245 1257 4316 Populus
1296 4246 1427 4299 sicut
1465 4248 1714 4300 sacerdos
1754 4246 1824 4311 “,
1856 4257 1904 4301 et
1943 4261 2102 4301 nemo

517 4346 639 4389 erat
669 4337 760 4405 qui
800 4345 1064 4400 sacraret,
1105 4337 1185 4391 vel
1218 4337 1309 4407 qui
1344 4350 1673 4394 sacraretur.

588 4427 669 4484 Ab
710 4429 811 4482 hoc
842 4428 1005 4498 igitur
1032 4429 1243 4497 impuro
1274 4429 1387 4498 pari
1436 4441 1690 4499 tanquam
1746 4429 1950 4483 nefaria
2011 4444 2104 4481 ca—

2203 583 2346 655 ψυίῇ
2380 585 2722 659 θησαυρίσας
2761 589 2974 660 πορθεῖ,
3021 592 3337 664 συστρέφει,
3390 597 3486 649 καὶ
3526 602 3771 670 πυρπολεῖ

2205 675 2423 729 ἃπασαν
2456 678 2682 732 εἰκόνων
2734 678 2908 746 ἁγίων
2954 680 3107 736 θέαν.
3172 682 3686 755 Ἀντανακρουσθεὶς
3722 692 3773 745 δὲ

2206 767 2310 819 ὑπὸ
2337 767 2443 819 τῶν
2472 769 2571 838 τῆς
2601 769 2884 833 εὐσεβείας
2931 771 3151 842 μυστῶν
3192 774 3287 827 τοῦ
3318 778 3614 848 μοναχικοῦ
3652 782 3773 853 σχή-

2208 873 2377 924 ματος
2408 858 2528 909 κατ’
2571 857 2751 912 αὐτῶν
2782 864 3076 931 συγκροτεῖ
3123 863 3214 917 τὸν
3260 864 3517 934 πόλεμον.
3562 868 3774 932 Σκοτίας

2204 946 2260 999 δὲ
2292 946 2452 1000 τοῦτο
2480 948 2540 1001 τὸ
2566 950 2753 1021 σχῆμα
2773 951 3031 1018 καλέσας,
3063 956 3090 1007 6
3116 958 3181 1026 τῇ
3211 954 3357 1028 ψυχῇ
3384 960 3771 1030 ἐσκοτισμένος,

2148 1112 2151 1115 _
2204 1038 2332 1101 τοὺς
2355 1038 2447 1091 ὑπ’
2465 1039 2596 1093 αύτδ
2621 1044 2722 1111 σ’χῆ
2732 1060 2808 1110 μα
2827 1043 3323 1116 καταλεγομένους,
3340 1049 3775 1117 ἀμνημονεύτους

2206 1129 2516 1199 ὠνόμασεν,
2545 1134 2639 1185 καὶ
2664 1132 3058 1204 εἰδωλολάτραις
3093 1137 3376 1201 ἐκάλεσεν,
3412 1139 3501 1193 διὰ
3527 1140 3622 1212 τὴν
3651 1143 3775 1213 πρὸς
3795 1172 3817 1209 χ

2206 1222 2304 1285 τὰς
2364 1224 2567 1286 σεπτὰς
2622 1225 2839 1290 εἰκόνας
2878 1228 3288 1300 προσκύνησινο
3340 1229 3561 1285 ᾶπαντα
3593 1233 3647 1284 δέ
3694 1234 3774 1286 τὸν

2207 1313 2299 1366 ὑπ’
2356 1313 2523 1367 αὑτοῦ
2558 1314 2687 1369 λαὸν
2722 1317 3133 1386 ἐκκλησιάσας,
3202 1318 3404 1391 ὀμόσαι
3462 1325 3771 1393 πεποίηκεν,

2208 1407 2622 1478 προτιθεμένων
2653 1407 2750 1462 τοῦ
2775 1426 2833 1463 τε
2866 1411 3137 1475 ζωοποιοῦ
3163 1410 3415 1482 σώματος
3441 1416 3537 1475 καὶ
3559 1417 3776 1484 αἵματος

2206 1497 2302 1551 τοῦ
2336 1499 2601 1567 Χριστοῦ,
2661 1500 2768 1554 τῶν
2797 1519 2855 1554 τε
2885 1501 3171 1572 ἁχρὰντων
3207 1502 3402 1568 ξύλων,
3452 1507 3511 1559 ἐν
3544 1500 3622 1570 οἷς
3650 1509 3775 1579 Χρι-

2209 1589 2333 1653 στὸς
2374 1591 2403 1642 6
2449 1589 2580 1655 Θεὸς
2612 1591 2754 1664 ύπέρ
2800 1591 2955 1663 ἡμῶν
3005 1595 3195 1664 χεῖρας
3219 1593 3510 1661 ἐξέτεινεν,
3558 1598 3775 1653 καὶτῶν

2207 1681 2380 1749 ἁγίων
2422 1683 2518 1735 καὶ
2548 1682 2832 1754 ἁχράντων
2890 1684 3264 1753 Εὑαγγελὶων,
3316 1685 3385 1739 δι’
3445 1681 3521 1741 ὧν
3556 1689 3773 1760 Χριστὸς

2211 1772 2646 1843 παρακελεύεται
2673 1776 2820 1846 ἡμᾶς
2855 1774 2929 1845 μὴ
2961 1775 3156 1845 ὀμόσαι
3197 1776 3356 1841 ὅλως,
3382 1777 3558 1832 ταῦτα
3598 1779 3775 1851 δεδρα-

2209 1864 2363 1917 κέναι
2421 1865 2514 1918 καὶ
2572 1865 2712 1918 κατὰ
2760 1866 2860 1935 τῆς
2909 1867 3193 1937 δυνάμεως
3224 1867 3409 1923 αὐτῶν
3461 1871 3654 1936 εἱπεῖν,
3706 1870 3773 1941 μὴ

2207 1954 2589 2024 προσκυνῆσαι
2621 1954 2807 2022 εἰκόνα
2834 1955 3018 2025 ἁγίαν.
3046 1956 3183 2009 ἀλλὰ
3203 1956 3411 2029 ταύτην
3441 1958 3652 2012 εἴδωλον
3685 1976 3773 2013 κα-

2205 2042 2339 2107 λεῖν,
2387 2046 2526 2115 μήτε
2570 2046 2899 2115 κοινωνῆσαι
2946 2046 3007 2111 ἐξ
3058 2046 3230 2101 ’Δὸὅᾶ
3263 2048 3364 2117 (9),
3398 2048 3433 2119 ἢ
3472 2048 3532 2103 τὸ
3571 2048 3772 2103 σύνολον

2204 2136 2386 2205 Χαῖρε
2426 2136 2609 2191 δοῦναι
2650 2136 2834 2207 αὐτῷ’
2897 2137 3014 2192 ἀλλ’
3068 2140 3116 2192 εἱ
3168 2140 3262 2193 καὶ
3311 2139 3527 2211 εὖροιεν
3577 2141 3679 2212 πρό
3716 2157 3772 2208 γε

2206 2224 2426 2276 πάντων
2466 2224 2890 2295 ἀμνημόνευτον
2926 2228 3023 2281 καὶ
3050 2227 3420 2295 σκοτένδυτον,
3465 2228 3622 2283 τοῦτο
3647 2232 3772 2283 ὀνει-

2203 2314 2355 2377 δίσας
2372 2313 2795 2386 λιθοὸολήσειεν.
2821 2316 2887 2368 ’Ὠ
2916 2317 3015 2389 τῆς
3046 2318 3399 2389 ἐρεσχελίαςῑ
3434 2319 3772 2391 ὁμοιότροπον

2205 2406 2260 2459 δὲ
2305 2407 2401 2459 καὶ
2436 2406 2672 2477 ὁμόηχον
2725 2405 2903 2479 εὑρὼν
2941 2408 3196 2481 ὄργανον,
3230 2411 3293 2464 ού
3352 2411 3463 2482 μὴν
3509 2410 3642 2466 ἀλλὰ
3688 2412 3773 2463 καὶ

2204 2495 2494 2567 ὁμώνυμον
2537 2499 2631 2551 καὶ
2679 2499 2959 2571 ὁμόφρονα
2989 2500 3085 2554 τοῦ
3127 2502 3410 2573 ἱερατικοῦ
3463 2502 3767 2571 καταλόγου,

2203 2588 2279 2652 ὼς
2329 2589 2381 2642 εἴ
2418 2606 2502 2653 τις
2536 2588 2830 2661 Γραφικῶς
2864 2592 3123 2657 εἷποι,’ό
3170 2592 3357 2649 Βαλὰκ
3401 2594 3495 2648 τὸν
3539 2592 3768 2664 Βαλαὰμ,

2208 2681 2305 2734 καὶ
2344 2680 2552 2751 Ἰαννὴς
2596 2684 2689 2736 τὸν
2741 2683 3041 2754 Ἰαμὸρὴμ,
3074 2684 3264 2739 τοῦτον
3304 2686 3402 2739 ἐπὶ
3446 2685 3543 2758 τὴν
3590 2685 3769 2754 ἐκκλη-

2208 2773 2331 2826 σίαν
2361 2774 2603 2843 ἀπάρας,
2636 2774 2757 2845 οὺχ).
2786 2774 2921 2830 Θεοῦ
2961 2776 3055 2829 καὶ
3102 2776 3294 2848 ἱερέων
3315 2777 3507 2849 ψήφῳ,
3548 2777 3677 2832 ἀλλὰ
3708 2778 3765 2845 τῇ

2203 2864 2367 2917 αὑτοῦ
2417 2866 2755 2937 πανουργίᾳ,
2794 2866 2904 2920 τῶν
2949 2862 3277 2938 ἀμφοτέρων
3328 2869 3390 2923 ἐν
3451 2869 3528 2939 τῷ
3571 2867 3765 2939 ἄμϐωνι

2201 2957 2557 3025 ἀνελθόντων,
2595 2959 2701 3012 ὑπὸ
2723 2958 2831 3012 τῶν
2854 2958 2949 3012 τοῦ
2986 2959 3249 3032 βασιλέως
3272 2961 3477 3034 χειρῶν
3503 2964 3769 3016 Κωνσταν-

2202 3048 2351 3103 τίνου
2383 3050 2799 3114 Κωνσταντῖνος
2818 3050 2918 3121 τὴν
2951 3050 3157 3123 μιαρὰν
3184 3052 3213 3105 6
3234 3053 3455 3124 ἁνίερος
3483 3052 3765 3107 ἐνδιδύσκε-

2202 3157 2294 3193 ται
2326 3141 2594 3206 διπλοΐδα,
2628 3142 2695 3196 ἵν’
2735 3141 2874 3196 εἴπω
2906 3143 3002 3197 καὶ
3029 3143 3091 3197 τδ
3120 3144 3460 3218 ὠμοφόριον,
3496 3148 3524 3200 6
3569 3142 3772 3225 ἀνάξιος

2202 3233 2296 3285 τοῦ
2315 3233 2400 3300 πῖ,
2426 3235 2520 3287 καὶ
2545 3235 2745 3307 μᾶλλον
2773 3236 2998 3304 ἐπάξιος
3025 3237 3121 3291 τοῦ
3142 3237 3272 3307 592'-
3302 3240 3644 3311 φατριάρχης
3670 3235 3771 3306 γὰρ’

2204 3326 2349 3397 ἥπερ
2396 3325 2425 3365 ι)
2459 3329 2807 3400 πατριάρχης
2844 3332 2911 3401 τῇ
2957 3329 3262 3401 Ἐκκλησία
3299 3330 3585 3403 ἐξέφανεν,
3616 3326 3763 3383 αὑτοῦ

2203 3419 2296 3471 τοῦ
2332 3419 2596 3490 τυράννου
2642 3423 3170 3493 προεκφωνήσαντος
3197 3424 3279 3490 τὸ,
3318 3424 3529 3491 Ἀξιος.
3678 3420 3765 3489 τῆς

2203 3510 2591 3581 ἁναξιότητοςὶ
2640 3512 2701 3565 '0
2748 3512 3114 3585 ἁσπιδοφόρος
3148 3513 3453 3586 ἱεροθέτης,
3488 3514 3636 3568 καὶὸ
3681 3526 3764 3562 πο-

2203 3602 2261 3655 λέ
2270 3620 2392 3672 μοις
2421 3608 2515 3657 καὶ
2545 3607 2728 3674 φόνοις
2753 3604 3062 3675 ἐσχολακὼς
3126 3606 3412 3677 ἱερουργός
3433 3622 3448 3638 ο
3477 3605 3571 3659 καὶ
3589 3606 3615 3658 ό
3636 3600 3764 3673 τρισὶ

2203 3694 2452 3763 γυναιξὶν
2476 3694 2809 3765 παρανόμως
2838 3694 3156 3766 εἰσδεχθεὶς,
3178 3696 3289 3749 τῶν
3330 3695 3527 3767 ἱερέων
3547 3706 3765 3765 χειροτο-

2204 3786 2372 3855 νητὴς
2425 3784 2744 3840 καθίστατο.
2805 3785 2901 3848 Τίς
2947 3785 3181 3857 ἤκουσεν
3232 3785 3478 3840 τοιοῦτόν
3539 3799 3659 3838 ποτε
3716 3776 3765 3841 ἐξ

2204 3875 2486 3946 αἱῶνος,ἥ
2529 3875 2657 3941 ἴδεν,
2703 3876 2736 3945 ἢ
2788 3876 3158 3947 ἀπήγγειλεν;
3192 3876 3364 3941 ὄντως
3392 3877 3592 3939 οὐδείς.
3643 3868 3762 3926 Ἀλλ’

2204 3967 2326 4020 οὐδὲ
2345 3969 2401 4020 ἐν
2420 3969 2540 4030 ταῖς
2565 3967 2675 4021 τῶν
2709 3967 2978 4039 Ἑλλήνων
3001 3968 3336 4041 ἱερουργίαις
3359 3969 3460 4023 καὶ
3486 3967 3721 4025 κνίσσαις
3741 3970 3760 3999 °

2203 4057 2447 4112 τοιοῦτόν
2510 4076 2562 4112 τι
2621 4057 2837 4128 ἔφανεν.
2890 4058 3085 4115 Ἔνθεν
3143 4060 3370 4130 γέγονεν
3437 4051 3764 4131 προφητικῶς

2206 4152 2381 4204 εἰπεῖν
2403 4166 2415 4183 ·
2467 4152 2529 4205 '0
2556 4151 2706 4218 λαός
2744 4153 2825 4220 ὡς
2854 4153 3068 4222 ἱερεὺς,
3104 4154 3199 4209 καὶ
3228 4153 3405 4219 οὐδεὶς
3450 4149 3517 4226 ἦν
3559 4152 3585 4204 6
3625 4147 3762 4219 ἱερῶν

2206 4245 2301 4295 καὶ
2334 4242 2378 4294 ἱε
2386 4241 2479 4314 ρού
2488 4260 2669 4313 μενος.

2290 4429 2388 4482 Ἐκ
2416 4428 2610 4482 τούτου
2640 4422 2732 4483 οὖν
2781 4429 3226 4502 συμπλεχθεὶσης
3257 4431 3356 4501 τῆς
3404 4429 3605 4502 μιαρᾶς
3650 4423 3760 4491 ξυν-

520 4535 643 4576 tena
680 4536 925 4578 conuexo
961 4522 1137 4576 edicta
1196 4537 1292 4590 per
1336 4536 1525 4575 oumes
1577 4521 1885 4591 provincias
1939 4520 2100 4574 missa

2206 4524 2400 4597 ωρίδος
2442 4523 2519 4589 ὡς
2566 4525 2889 4597 παρανόμου
2917 4527 3129 4598 σειρᾶς,
3179 4527 3595 4600 προγράμματα
3641 4517 3761 4575 κατὰ

517 4624 671 4680 sunt,
700 4607 1028 4670 ut'lucorum
1064 4614 1307 4684 praefecti
1364 4629 1484 4667 cum
1516 4614 1785 4682 episcopis
1811 4629 1871 4668 se
1905 4613 1959 4667 in
1994 4613 2101 4667 im-

519 4705 846 4773 peratoriam
894 4704 1081 4759 urbem
1133 4705 1443 4759 conferrent
1471 4707 1535 4757 ad
1583 4704 1965 4761 celebrandam
2009 4717 2102 4773 sy-

518 4796 720 4850 nodum
784 4806 973 4852 contra
1027 4808 1246 4852 sanctas
1300 4808 1355 4853 et
1417 4799 1756 4854 venerandas
1812 4798 2099 4866 imagines.

517 4889 673 4944 Tune
699 4904 794 4958 per
824 4905 1038 4944 omnem
1071 4889 1247 4945 locum
1288 4900 1343 4945 et
1389 4892 1664 4946 civitatem
1699 4892 1836 4960 apud
1871 4892 1987 4961 pios
2015 4893 2099 4945 vi—

516 4985 645 5036 dere
692 4991 814 5036 erat
860 4981 1065 5036 luctum
1108 4997 1271 5051 super
1302 4982 1525 5041 luctum.
1562 4992 1618 5038 et
1648 4997 1726 5037 vae
1770 4998 1935 5053 super
1967 4998 2046 5038 va;
2081 4999 2096 5036 :

516 5074 659 5142 apud
700 5074 897 5145 impios
932 5090 1080 5140 vero,
1113 5074 1425 5131 conculcata
1459 5090 1636 5141 sacra,
1672 5091 1799 5132 vasa
1840 5077 2098 5132 immuta-

614 5227 637 5261 ⁸
665 5227 821 5286 Oscae
861 5248 935 5299 iv,
976 5229 1066 5288 99.

2210 4619 2394 4671 πᾶσαν
2426 4618 2699 4688 ἐπαρχίαν
2730 4617 3075 4690 ἐξεπέμπετο
3109 4619 3248 4693 πρὸς
3274 4621 3399 4684 τοὺς
3430 4617 3569 4673 κατὰ
3600 4612 3760 4686 χώραν

2207 4709 2629 4782 ἁρχισατράπας
2678 4711 2776 4764 σὺν
2849 4711 3174 4775 ἐπισκόποις
3235 4712 3335 4783 τὴν
3398 4707 3754 4783 βασιλεύουσαεο

2207 4803 2564 4868 καταλαϐεῖν,
2585 4803 2724 4876 πρὸς
2746 4803 2807 4856 τὸ
2831 4802 3049 4857 σύνοδον
3067 4801 3323 4870 γενέσθαι
3340 4803 3479 4855 κατὰ
3490 4799 3595 4853 τῶν
3612 4790 3759 4861 ἁγίων

2206 4894 2302 4948 καὶ
2334 4895 2549 4948 σεπτῶν
2579 4893 2830 4950 εἱκόνων.
2858 4895 2969 4949 Καὶ
2994 4889 3061 4966 ἦν
3089 4893 3215 4947 ἱδεῖν
3239 4894 3378 4947 κατὰ
3402 4894 3580 4948 πᾶσαν
3600 4885 3759 4958 χώραν

2210 4986 2305 5040 καὶ
2334 4986 2488 5040 πόλιν
2519 4986 2717 5058 θρῆνος
2744 4987 2839 5040 ἐπὶ
2870 4986 3069 5059 θρῆνον
3098 4988 3192 5040 καὶ
3217 4987 3339 5041 οὐαὶ
3369 4986 3463 5039 ἐπὶ
3487 4981 3605 5038 οὐαὶ
3629 4967 3758 5041 ’παρἅ

2207 5076 2315 5132 τῶν
2330 5076 2698 5134 εὐσεϐούντων
2717 5094 2731 5108 ·
2756 5077 2909 5152 παρὰ
2931 5077 2990 5134 δὲ
3010 5077 3119 5133 τῶν
3149 5076 3509 5145 ἀσεϐούντων,
3535 5068 3646 5141 ἱερᾶ
3667 5078 3754 5117 πα·

1761 5349 1998 5405 VARIJE
2037 5348 2450 5406 LECTIONES.

596 5473 628 5504 -ι
652 5462 722 5518 al.
748 5464 843 5517 καὶ
868 5464 1016 5535 μάλα
1043 5464 1140 5517 τοῦ
1171 5467 1253 5534 φῖ.
1332 5465 1358 5504 1³
1389 5464 1459 5520 al.
1496 5465 1676 5536 εἴπερ.
1708 5464 1778 5519 al.
1810 5464 1971 5535 ύπέρ.

2082 5473 2106 5503 α
2138 5464 2211 5521 al.
2245 5465 2481 5520 κνίσεσι.
2513 5464 2585 5520 al.
2621 5465 2869 5538 κνὴσεσι.

2023 5602 2260 5661 NOTAE.

588 5734 667 5803 (9)
717 5732 912 5791 24666.
951 5734 1078 5789 llaec
1109 5750 1205 5789 vox
1243 5736 1330 5791 hic
1351 5746 1406 5789 et
1440 5733 1577 5788 infra
1644 5735 1967 5787 monachum
2000 5731 2321 5799 simpliciter
2351 5731 2640 5802 signiﬁcnt,
2707 5747 2811 5787 non
2877 5731 3148 5787 abbatem.
3198 5731 3396 5804 Nempe
3435 5731 3591 5788 abbas
3621 5720 3744 5776 idem

520 5813 604 5856 est
642 5812 697 5857 ut
728 5804 911 5870 Pater,
940 5819 1049 5874 quo
1082 5805 1301 5861 nomine
1337 5805 1495 5874 vulgo
1529 5814 1790 5859 vocantur
1822 5804 2092 5858 ιιιυιι;.‹·ἱιὶ.
