4060 6500
516 406 651 470 1113

1576 408 1755 472 VITA
1787 411 1847 470 S.
1892 412 2266 474 STEPHANI
2316 416 2700 482 JUNIORIS.

3649 413 3788 494 1114

509 516 776 586 οούμενα,
829 515 924 568 καὶ
969 511 1142 584 σκεύη
1194 513 1663 586 μεταποιούμενα,
1705 519 2002 589 ἐκκλησίας
2038 537 2090 572 τε

2203 531 2255 577 ta
2274 564 2288 585 .
2312 539 2532 581 eversas
2562 526 2822 582 ecclesias
2843 534 2896 582 et
2925 523 3074 580 calce
3107 523 3324 582 oblitas.
3356 538 3423 579 eo
3449 524 3590 593 quod
3615 527 3790 579 sacris

511 606 982 680 ἀνορυσσομένας,
1003 605 1098 660 καὶ
1113 607 1181 678 τῇ
1213 605 1410 678 σποδιᾷ
1428 607 1819 678 κεχρισμένας,
1845 609 1920 673 ὡς
1947 611 2100 680 ἱερὰς

2201 614 2524 684 imaginibus
2564 627 2910 672 ornarentur.
2949 615 3137 686 Itaque
3175 615 3264 671 ubi
3300 613 3505 670 Christi
3533 624 3624 669 aut
3654 613 3788 670 Dei-

510 699 727 762 εἰκόνας
769 699 1021 769 ἐχούσας.
1072 699 1184 756 Καὶ
1215 697 1350 752 ὅπου
1386 697 1488 770 μὲν
1523 695 1594 770 ἦν
1636 700 1876 771 Χριστοῦ
1924 701 1958 772 ἢ
2000 702 2090 772 τῆς

2200 721 2342 776 para:
2371 715 2425 762 et
2476 719 2791 763 sanctorum
2828 709 3150 762 venerandae
3185 707 3450 776 imagines
3482 713 3664 770 erant,
3701 705 3785 758 vel

510 791 782 844 Θεοτόκου
809 791 1008 845 σεπταὶ
1031 790 1243 855 εἰκόνες
1269 793 1363 845 καὶ
1381 790 1494 846 τῶν
1529 791 1722 860 ἁγίων,
1757 792 1792 864 ἢ
1827 795 2096 864 πυρκαῖᾷ,

511 885 550 956 ἢ
578 881 860 956 άνορύξει,
895 883 930 955 ἢ
965 883 1257 956 άναχρίσει
1285 883 1662 956 παρεδίδου-το.
1694 886 1759 940 Εί
1794 885 1851 938 δὲ
1881 881 1950 956 ἦν
1977 885 2096 940 δέν-

508 975 633 1047 δρα,
664 975 696 1046 ἢ
727 975 910 1046 ὄρνεα.
939 976 973 1048 ἢ
1007 975 1124 1039 ζῶα
1149 975 1341 1044 ἄλογα,
1380 975 1618 1046 μάλιστα
1644 975 1702 1030 δὲ
1729 976 1798 1030 τὰ
1822 977 2097 1031 Σατανικὲι

511 1067 838 1138 ίππηλάσια,
874 1067 1135 1137 κυνήγια,
1165 1067 1370 1138 θέατρα
1395 1067 1488 1121 καὶ
1513 1067 1854 1139 ίπποδρόμια
1885 1069 2097 1122 ἀνιστο-

509 1159 726 1228 ρημένα
745 1199 760 1226 ,
806 1159 988 1214 ταῦτα
1031 1159 1344 1230 τιμητικῶς
1373 1160 1738 1231 ὲναπομένειν
1767 1161 1862 1214 καὶ⁵
1889 1159 2096 1232 ὲκλαμ·

507 1249 836 1320 πρύνεσοαι.
877 1252 1088 1316 Ὄντως
1121 1248 1191 1324 ἦν
1215 1253 1341 1306 τότε
1367 1252 1588 1323 άληθῶς
1615 1255 1820 1306 είπεῖνο
1857 1253 1928 1307 οι
1956 1271 2056 1323 μοι
2075 1294 2090 1319 ,

506 1340 596 1396 ὅτι
629 1343 951 1398 ἀπόλωλεν
971 1345 1240 1414 εὐλαϐὴς
1263 1344 1384 1400 ἀπὸ
1424 1345 1536 1414 τῆς
1573 1345 1710 1415 γῆς,
1749 1346 1850 1400 καὶ
1883 1349 1918 1400 ὁ
1949 1364 2091 1401 κατ-

505 1433 705 1502 ορθῶν
741 1435 814 1487 ἐν
839 1435 1177 1503 ἀνθρώποις
1209 1439 1322 1490 οὐκ
1357 1437 1545 1491 ἔστιν.
1603 1437 1694 1490 Ἐν
1735 1437 1930 1491 πέλυκι
1981 1439 2090 1509 γὰρ

504 1529 601 1581 καὶ
631 1527 976 1600 λαξευτηρίῳ
1005 1529 1359 1600 κατέρραξαν
1388 1529 1487 1593 τὰς
1515 1529 1685 1602 θύρας
1708 1531 1806 1601 τῆς
1833 1531 1927 1584 τοῦ
1953 1531 2089 1583 Θεοῦ

517 1619 868 1690 Ἐκκλησίας,
918 1620 1013 1672 καὶ
1062 1622 1122 1672 ὲν
1167 1622 1324 1690 «rupis
1365 1620 1698 1691 ἐνεπύρισαν
1743 1621 1800 1672 τὺ
1839 1621 2088 1688 ἀγίασιια

501 1711 688 1765 αὐτοῦ.
730 1711 881 1782 Θύρα
913 1711 970 1764 δὲ
997 1713 1030 1781 ἡ
1065 1711 1230 1766 εἰκὼν
1271 1712 1512 1782 λέγεται,
1551 1713 1675 1783 ἥτις
1709 1711 1969 1780 διανοίγει
1998 1713 2087 1766 τὴν

2197 809 2330 865 rogo
2383 807 2438 850 et
2484 798 2753 853 eversioni
2803 799 3176 860 tradebantur,
3229 795 3315 850 vel
3361 795 3570 851 albario
3620 809 3787 864 opere

2195 886 2646 945 obliniebantur:
2698 889 2788 945 ubi
2839 905 2968 944 vero
3006 897 3165 944 erant
3217 887 3441 943 arbores
3499 887 3582 942 vel
3630 901 3783 952 aves,

2194 973 2358 1048 ω
2379 977 2457 1030 vel
2490 977 2660 1034 bruta:
2693 980 3018 1042 animantes,
3043 978 3128 1032 vel
3160 977 3462 1046 praesertim
3502 975 3777 1032 Satanicte

2193 1071 2578 1138 equitationes,
2594 1073 2929 1135 venationes,
2949 1073 3162 1128 theatra
3176 1081 3231 1125 et
3247 1069 3514 1125 curricula
3539 1069 3748 1138 depicta
3762 1111 3780 1136 ,

2194 1162 2309 1218 haec
2347 1165 2640 1222 honoriﬁce
2689 1166 3051 1223 servabantur
3109 1175 3164 1221 et
3195 1163 3630 1219 illustrabantur.
3657 1162 3784 1216 Pro-

2192 1255 2442 1310 cultlubiu
2495 1267 2620 1314 tunc
2653 1273 2782 1314 vere
2810 1259 2991 1313 dicere
3047 1257 3245 1312 licebat
3275 1274 3290 1311 :
3336 1252 3432 1309 Va:
3461 1254 3610 1318 milii,
3645 1255 3774 1324 quia

2191 1347 2344 1414 periit
2366 1357 2580 1402 sanctus
2615 1350 2681 1403 de
2708 1361 2872 1414 terra,
2907 1361 2955 1402 et
3008 1360 3176 1402 rectus
3203 1351 3258 1401 in
3310 1345 3608 1400 hominibus
3669 1361 3777 1398 non

2191 1451 2268 1493 est
2295 1439 2364 1494 ".
2408 1439 2464 1494 In
2505 1443 2684 1496 securi
2717 1443 2860 1496 enim
2895 1449 2949 1498 et
2975 1441 3117 1495 ascia
3157 1447 3341 1509 portas
3383 1439 3640 1494 Ecclesiae
3671 1435 3766 1490 Dei

2191 1530 2526 1599 dejecerunt,
2559 1543 2612 1588 et
2637 1535 2991 1589 incenderunt
3017 1533 3124 1604 igni
3157 1534 3528 1588 sabetuarium
3554 1531 3670 1600 ejus
3699 1531 3768 1583 “.

2187 1618 2348 1673 Porta
2384 1638 2544 1690 porro
2588 1625 2768 1691 imago
2811 1625 3031 1691 dicitur,
3079 1640 3203 1694 qua!
3249 1631 3486 1676 mentem
3535 1631 3774 1674 nostram

2188 1711 2480 1766 Sr‘Ctmtltlltt
2515 1713 2806 1774 imaginem
2839 1714 2930 1766 Dei
2959 1722 3198 1767 creatam
3223 1714 3290 1764 ad
3311 1711 3624 1764 interiorem
3653 1722 3778 1776 pro-

501 1803 645 1856 κατὰ
673 1802 806 1885 θεὸν
831 1802 1124 1856 κτισθέντα
1153 1803 1278 1856 νοῦν
1299 1803 1457 1873 ἡμῶν
1486 1803 1620 1872 πρὸς
1645 1801 1741 1874 τὴν
1768 1802 1914 1856 ἔνδον
1943 1802 1966 1841 ά
1988 1804 2082 1857 τοῦ

2191 1803 2356 1874 totypi
2394 1803 2804 1857 similitudinem
2831 1803 3022 1871 aperit.
3063 1801 3124 1858 Ut
3155 1803 3298 1856 enim
3325 1801 3570 1870 qumdam
3595 1798 3776 1865 jauum

501 1895 864 1966 πρωτοτύπου
894 1895 1286 1965 καθομοίωσιν.
1329 1895 1546 1966 ’Ὠσπερ
1574 1896 1684 1966 γὰρ
1725 1896 1892 1950 πύλαι
1942 1897 2088 1961 τινὲς

2191 1895 2369 1950 claves
2389 1903 2444 1948 et
2473 1895 2646 1964 sigilla
2677 1893 3028 1964 praeferentes
3057 1909 3153 1963 per
3177 1892 3478 1964 sigillorum
3508 1890 3774 1945 securita-

501 1985 718 2048 κλεῖδας
749 1985 842 2037 καὶ
876 1985 1185 2055 σφραγῖδας
1213 1983 1594 2054 ἐπιφέρουσαι,
1646 1986 1710 2037 ὲκ
1747 1985 1856 2038 τῶν
1885 1985 1992 2052 ἔξω
2017 1986 2084 2040 τὰ

2191 1996 2294 2042 tem
2331 1988 2697 2042 exterioribus
2745 1987 3004 2041 interiora
3025 1986 3358 2055 signiﬁcant,
3386 1985 3466 2038 sic
3507 1984 3683 2053 imago
3705 1982 3772 2036 li-

501 2077 650 2131 ἔνδον
695 2076 1084 2147 τεκμαίρονται
1105 2073 1193 2128 διὰ
1239 2075 1342 2144 τῆς
1377 2074 1677 2144 ἀσφαλείας
1705 2075 1814 2130 τῶν
1847 2076 2084 2148 σφραγί-

497 2169 640 2224 δωνο
697 2167 870 2232 οὕτως
915 2169 1011 2222 καὶ
1045 2169 1078 2238 ἡ
1113 2168 1358 2239 είκονικὴ
1397 2166 1765 2234 ἀνατύπωσις,
1799 2169 1876 2232 ὡς
1908 2185 2084 2238 σφρα-

498 2263 654 2330 γῖδας
705 2264 807 2326 τὰς
894 2261 1242 2333 περιγραφάς
1313 2259 1770 2323 ἁναδεικνύουσα,
1822 2261 1918 2315 καὶ
1985 2261 2085 2324 τὰς

499 2352 772 2423 ἐμφάσεις
827 2351 902 2414 ὡς
953 2351 1192 2416 κλεῖδας,
1247 2350 1336 2404 διὰ
1391 2351 1500 2404 τῶν
1555 2351 1761 2405 ὑλικῶν
1807 2353 1874 2404 τὰ
1919 2351 2086 2422 νοητά

499 2443 970 2516 προσαινίττεται.
1010 2443 1121 2494 Καὶ
1153 2444 1216 2496 οὐ
1245 2445 1312 2513 τῇ
1349 2441 1452 2514 ὕλῃ
1483 2443 1822 2514 λατρεύομεν
1849 2459 2086 2514 προσκυ-

496 2533 721 2598 νοῦντες
767 2532 966 2605 ταύτῃ,
999 2533 1201 2602 ἄπαγε,
1235 2533 1374 2587 ἀλλὰ
1409 2535 1613 2606 νοερῶς
1643 2534 1729 2589 διὰ
1763 2533 1872 2588 τῶν
1903 2535 2088 2606 αἰσθη-

498 2625 608 2699 τῶν
669 2627 729 2679 ὲν
783 2628 896 2690 τοῖς
936 2624 1132 2690 αἰτίοις
1189 2625 1605 2697 προσεφιέμεθα
1645 2637 1690 2692 ο,
1751 2625 1940 2698 ὥσπερ
1991 2626 2087 2680 καὶ

502 2717 764 2790 σταυρὸν,
798 2717 894 2771 καὶ
927 2717 1074 2786 ἱερὸν
1109 2717 1308 2790 ἅγιον,
1343 2718 1440 2770 καὶ
1468 2715 1726 2786 λείψανον
1775 2717 1958 2785 ἁγίου,
1993 2715 2087 2770 καὶ

502 2808 613 2861 πᾶν
653 2807 718 2861 τὸ
772 2809 832 2862 ὲν
888 2807 1159 2880 ἐκκλησίᾳ
1208 2807 1690 2878 προσκυνούμενον
1718 2848 1732 2873 ,
1797 2809 1855 2860 ὲν
1911 2807 2087 2877 τούτῳ

499 2897 838 2969 πληροῦντες
871 2898 975 2968 τὴν
1017 2897 1308 2970 βασιλικὴν
1345 2899 1562 2968 ἐκείνην
1591 2899 1776 2969 φωνὴν
1798 2897 1890 2951 τοῦ
1920 2901 2086 2970 οὐρα-

499 2993 830 3062 νοφάντορος
864 2990 1183 3045 Βασιλείου·
1214 2991 1407 3064 ὅτιπερ
1457 2993 1492 3062 ἡ
1544 2992 1646 3062 τῆς
1689 2991 1901 3056 εἰκόν>ς
1953 2990 2087 3064 τιμὴ

501 3083 596 3137 ἐπὶ
623 3083 684 3137 τὸ
712 3084 1072 3152 πρωτότυπον
1101 3083 1393 3139 διαὸαίνει.
1421 3085 1516 3148 El;
1548 3083 1604 3138 δὲ
1632 3085 1693 3139 τὸ
1725 3083 2088 3156 προκείμενον

499 3175 908 3246 ἐπανέλθωμεν.
962 3175 969 3181 ’

585 3271 672 3324 Ἐν
709 3270 924 3335 τούτοις
966 3274 1081 3337 τοῖς
1123 3273 1408 3345 ὁδυνηροῖς
1459 3272 1873 3344 διαμερισθεῖσα
1902 3275 1936 3344 ἡ
1991 3275 2084 3329 τοῦ

500 3362 742 3436 Χριστοῦ
793 3364 1134 3435 Ἐκκλησία,
1181 3365 1232 3419 οἱ
1275 3365 1376 3435 τῆς
1417 3363 1703 3428 εὐσεϐείας
1736 3365 2087 3434 ἀντεχόμενοι

499 3457 608 3510 τῶν
663 3455 950 3526 μονοιστῶν
979 3455 1240 3526 λογάδες,
1273 3456 1386 3510 τῶν
1416 3455 1520 3524 τῆς
1551 3455 1826 3526 Εὐρώπης
1877 3457 2084 3528 μερῶν,

500 3544 598 3598 καὶ
623 3545 720 3598 τοῦ
749 3544 1068 3612 Βυζαντίου,
1099 3545 1300 3609 Θυνίας
1321 3563 1383 3598 τε
1409 3547 1504 3599 καὶ
1530 3544 1770 3600 Βιθυνῶν
1792 3546 2084 3617 ἐπαρχίας,

500 3639 597 3692 καὶ
631 3639 680 3691 oi
717 3640 855 3706 πρὸς
901 3641 971 3694 τὰ
1004 3640 1102 3710 τῆς
1150 3639 1485 3710 Προυσιάδος
1527 3639 1672 3710 μέρη
1711 3640 2088 3710 σπηλοδίαιτοι

501 3732 596 3784 καὶ
625 3730 936 3801 ὀρεόμονες,
970 3732 1171 3803 ὁμαδὸν
1195 3731 1437 3795 ἅπαντες
1461 3731 1521 3784 τὸ
1541 3731 1667 3801 ὄρος
1695 3730 1794 3784 τοῦ
1821 3731 2085 3802 θεοφόρου

502 3821 791 3889 Δύξεντίου
814 3823 1238 3886 καταλαϐόντες,
1263 3821 1341 3886 ὡς
1369 3821 1507 3893 πρὸς
1531 3821 1728 3892 ὁδηγὸν
1750 3823 1848 3876 καὶ
1877 3823 2088 3876 σκοπέα

506 3917 815 3986 σωτήριον,
875 3916 956 3988 τῷ
1011 3917 1354 3987 παμμάκαρι
1405 3914 1718 3988 προσῆλθον
1773 3917 2084 3986 Στεφάνῳ,

505 4007 933 4079 ἑκλιπαροῢντες
957 4009 1124 4063 αὐτὸν
1153 4009 1408 4078 γενέσθαι
1445 4007 1750 4080 σύμϐουλον
1787 4012 2088 4082 σωτηρίας.

503 4098 679 4175 Εὗρον
707 4103 766 4157 δὲ
812 4103 976 4157 αὐτὸν
1005 4103 1218 4176 ἀθυμίᾳ
1246 4105 1342 4158 καὶ
1373 4103 1609 4174 δάκρυσι
1650 4105 1779 4176 περὶ
1811 4105 1915 4175 τῆς
1957 4123 2091 4159 νεω-

505 4195 792 4268 τεροποιοῦ
848 4196 1120 4266 αἱρέσεως
1175 4197 1560 4268 συνεχόμενον,
1624 4197 1720 4251 καί
1769 4213 1902 4266 φασι
1951 4196 2091 4268 πρὸς

514 4289 698 4342 αὐτόν’
758 4287 919 4352 Εἰπὲ,
980 4287 1184 4360 Πάτερ,
1217 4288 1286 4342 τά
1315 4289 1540 4342 εἰκότα·
1569 4285 1769 4359 κάμνει
1793 4288 1904 4359 γὰρ
1934 4287 2090 4360 ἡμῶν

501 4387 535 4438 ὀ
569 4382 866 4453 λογισμὸς,
899 4379 996 4434 καὶ
1027 4379 1448 4452 βεῦαπτίσμεθα
1477 4384 1544 4454 τῇ
1589 4381 1818 4454 ἀπορίᾳ,
1857 4382 1932 4453 μή
1975 4399 2092 4446 πως

505 4477 535 4528 ὁ
589 4473 933 4545 ἀνθρώπινος
979 4474 1144 4544 φόϐος
1173 4473 1428 4548 προδώσῃ
1463 4475 1564 4545 τῆς
1596 4471 1778 4544 ψυχῆς
1827 4473 1887 4527 τὸ
1932 4474 2090 4528 εὐσε-

2186 2090 2470 2132 ueamenta
2507 2079 2664 2148 quasi
2709 2078 2909 2148 sigilla,
2939 2087 2996 2132 et
3033 2077 3269 2146 speciem
3301 2084 3579 2130 externam
3617 2073 3772 2139 quasi

2185 2170 2366 2225 claves
2386 2170 2673 2235 exhibens,
2690 2171 2851 2225 rebus
2874 2185 2938 2225 ex
2962 2169 3191 2224 materia
3211 2166 3530 2237 compositis
3548 2165 3665 2218 illas
3685 2164 3763 2218 in-

2186 2263 2366 2317 dicant
2398 2278 2519 2332 quae
2553 2263 2668 2318 sola
2703 2274 2883 2316 mente
2913 2262 3306 2329 intelliguntur.
3329 2258 3438 2314 Nec
3465 2258 3608 2312 enim
3654 2271 3772 2308 ma-

2189 2356 2378 2410 teriam
2411 2356 2660 2419 colimus,
2691 2371 2811 2408 cum
2846 2370 2964 2408 eam
3001 2357 3310 2407 adoramus.
3344 2351 3530 2405 Absit!
3573 2351 3769 2404 Verum

2187 2460 2284 2515 per
2305 2461 2389 2498 res
2416 2461 2535 2514 ηοω
2555 2461 2751 2500 sensus
2773 2454 3008 2510 movent,
3029 2445 3175 2512 ipsas
3191 2458 3388 2498 causas
3407 2451 3586 2496 mente
3608 2441 3773 2493 attin-

2188 2540 2402 2608 gimus:
2434 2553 2540 2607 quo
2566 2539 2728 2591 etiam
2769 2538 2930 2590 modo
2964 2553 3061 2590 nos
3091 2535 3330 2604 gerimus
3355 2535 3498 2589 circa
3528 2547 3769 2597 crucem,

2187 2641 2618 2694 sacrosanctum,
2645 2639 3067 2696 sanctorumque
3100 2625 3379 2694 reﬁquias,
3407 2635 3465 2678 et
3507 2624 3766 2692 quidquid

2187 2724 2238 2778 in
2259 2723 2488 2778 ecclesia
2525 2722 2805 2776 adoratur.
2851 2720 2966 2788 Qua
3006 2719 3224 2788 quidem
3270 2719 3320 2772 in
3355 2733 3414 2772 re
3472 2717 3676 2786 regiam
3709 2715 3774 2768 il-

2187 2814 2293 2870 lam
2323 2829 2512 2870 vocem
2558 2815 2656 2868 viri
2689 2814 2754 2867 ad
2792 2813 2990 2868 coelum
3025 2827 3199 2883 usque
3238 2808 3636 2880 resplendentis
3669 2806 3774 2860 Ba-

2185 2907 2290 2962 silii
2325 2907 2638 2974 implemus,
2669 2920 2862 2974 nempe
2899 2904 3154 2974 imaginis
3189 2906 3453 2958 honorem
3489 2903 3556 2956 ad
3591 2913 3778 2972 proto-

2188 3011 2370 3076 typum
2405 3002 2658 3058 transire.
2689 2998 2794 3055 Sed
2819 3001 2884 3055 ad
2910 2999 3246 3070 propositum
3277 2997 3586 3054 redeamus.

2259 3278 2424 3352 447
2465 3277 2562 3333 llis
2593 3277 2749 3332 malis
2797 3278 3070 3346 discerpta
3117 3273 3319 3330 Christi
3365 3272 3604 3327 Ecclesia
3629 3312 3644 3336 ,
3682 3274 3777 3326 de-

2191 3371 2313 3427 lecti
2344 3371 2563 3440 pietatis
2589 3376 2890 3424 assertores
2925 3367 3172 3422 monachi
3207 3367 3434 3434 Europae
3457 3403 3471 3428 ,
3499 3362 3773 3435 Byzantii.

2190 3461 2434 3534 'l‘hymia:
2458 3500 2472 3524 ,
2502 3468 2556 3515 et
2584 3459 2875 3530 provinciae
2910 3458 3256 3530 Bithyneusis
3280 3496 3296 3522 ,
3335 3456 3480 3524 iique
3515 3457 3606 3524 qui
3643 3453 3778 3508 Pru~

2190 3555 2284 3608 sia:
2335 3562 2490 3605 antra
2547 3561 2602 3606 et
2660 3559 2872 3605 montes
2925 3549 3265 3613 incolebant,
3317 3546 3478 3602 simul
3535 3545 3774 3600 universi

2203 3655 2442 3699 montem
2478 3643 2666 3699 deiferi
2702 3642 2953 3698 Auxentii
2983 3650 3190 3710 petunt,
3223 3649 3277 3694 et
3306 3640 3372 3693 ad
3405 3639 3774 3692 beatissimum

2192 3735 2525 3804 Stephanum
2561 3747 2815 3805 tanquam
2844 3735 2910 3788 ad
2941 3735 3132 3788 ducem
3161 3742 3217 3786 et
3250 3729 3652 3800 speculatorem
3683 3742 3774 3782 sa-

2190 3829 2424 3882 lutarem
2470 3822 2833 3895 confugiunt,
2865 3842 2988 3880 eum
3041 3825 3263 3894 rogandi
3305 3838 3502 3889 causa,
3537 3831 3596 3876 ut
3645 3819 3779 3890 ipsis

2192 3919 2500 3974 necessaria
2531 3919 2597 3972 ad
2633 3919 2860 3973 salutem
2890 3917 3218 3972 consuleret.
3250 3915 3402 3970 Illum
3435 3923 3617 3966 autem
3649 3925 3778 3980 pro-

2188 4021 2312 4083 pter
2342 4028 2478 4066 nova
2521 4011 2832 4066 molientem
2870 4010 3118 4064 lneresim
3162 4007 3386 4062 tristitia
3419 4012 3472 4059 et
3511 4001 3778 4074 lacrymis

2191 4105 2504 4160 demersmn
2537 4111 2878 4173 repererunt,
2907 4115 3065 4170 quem
3098 4101 3183 4155 his
3208 4098 3388 4153 verbis
3413 4095 3776 4164 compellant:

2195 4195 2368 4253 Verba
2413 4205 2714 4266 opportuna
2777 4194 3020 4264 loquere,
3063 4191 3242 4246 Pater.
3275 4187 3444 4244 Nobis
3479 4183 3623 4242 enim
3643 4185 3780 4242 deli-

2191 4288 2264 4344 cit
2316 4289 2550 4351 animus,
2583 4299 2878 4354 rerumque
2925 4282 3194 4354 angustiis
3233 4283 3416 4336 obruti
3469 4281 3775 4342 haeremus,

2190 4396 2260 4435 ne
2309 4379 2449 4434 forte
2497 4383 2762 4432 humanus
2794 4377 2956 4428 timor
2993 4373 3248 4444 pietatem
3309 4371 3504 4425 autimas
3559 4369 3776 4440 prodat.

2193 4469 2470 4538 Siquidem
2500 4467 2694 4522 animm
2724 4465 2996 4536 proprium
3023 4472 3108 4519 est
3134 4471 3364 4518 mortem
3395 4462 3775 4517 extimescere.
3831 4516 3836 4526 ,

507 4565 623 4628 ὁές.
682 4563 844 4618 Ἴδιον
877 4563 990 4635 γάρ
1052 4563 1226 4634 αὐτῆς
1261 4565 1412 4616 ἐστιν
1443 4563 1503 4617 τὸ
1534 4562 1824 4634 φοϐεῖσθαι
1859 4563 1952 4618 τὸν
1989 4563 2090 4618 θά-

2198 4563 2334 4617 Tum
2386 4560 2732 4616 beatissimus
2783 4557 2943 4612 Pater
2993 4567 3226 4610 turmam
3266 4564 3323 4610 et
3373 4553 3779 4610 multitudinem

506 4674 688 4711 νατον.
732 4654 791 4710 '0
820 4655 879 4709 δὲ
917 4657 1234 4728 παμμάκαρ
1265 4655 1590 4726 αἰσθόμενος
1638 4655 1702 4709 τὸ
1746 4655 1956 4726 πλῆθος
1999 4657 2095 4711 καὶ

508 4747 762 4815 ἀγελαῖον
788 4745 898 4800 τῶν
926 4745 1211 4818 Πατέρων,
1259 4748 1357 4800 καὶ
1389 4746 1490 4818 τὴν
1523 4747 1846 4819 ἀγγελοειδῆ
1878 4748 2094 4819 ἐκείνην

510 4839 1008 4908 κατασπασάμενος
1049 4839 1242 4893 πολιὰν
1276 4836 1452 4894 εἷπεν³
1508 4835 1580 4892 Ὦ
1641 4840 1889 4912 Πατέρες
1922 4841 2094 4911 τίμιοι

511 4931 606 4984 καὶ
642 4929 882 4998 ἀδελφοὶ,
917 4929 1070 4983 οὐδὲν
1095 4929 1326 5002 γνώμης
1362 4930 1614 4986 εὐσεϐεῖν
1643 4933 2095 5006 προαιρουμένης

515 5023 886 5094 ἰσχυρότερον,
949 5019 1052 5076 καῖ
1082 5023 1238 5076 οὐδὲν
1275 5021 1651 5095 δυνατώτερον
1700 5023 1881 5095 ψυχῆς
1923 5025 2095 5097 κακίᾳ

513 5113 788 5166 δουλεύειν
819 5113 1270 5186 ούβουλομένηςο
1293 5115 1433 5185 ὅπερ
1467 5112 1528 5180 ἐξ
1555 5117 1760 5186 ἀμφοῖν
1790 5117 2096 5189 πέπεισμαι

513 5205 863 5278 πεφυλάχθαι
907 5206 1043 5280 πρὸς
1071 5206 1172 5280 τὴν
1215 5208 1492 5280 ὑμετέραν
1527 5209 1864 5282 πατρότητα’
1901 5211 1996 5264 καὶ
2035 5212 2098 5264 ὲκ

514 5297 703 5353 τούτου
739 5298 944 5370 μᾶλλον
979 5299 1149 5370 ὑμεῖς
1184 5301 1322 5371 ἐμοῦ
1357 5300 1657 5372 σύμϐουλοι
1697 5303 1791 5358 καὶ
1837 5305 1971 5378 εὐχὴ
2003 5306 2097 5374 γέ-

2198 4655 2418 4710 Patrum
2449 4653 2694 4712 intuitus,
2730 4650 2973 4720 angelica
3027 4649 3114 4703 i!la
3157 4649 3358 4703 canitie
3393 4646 3630 4702 salutata
3659 4645 3776 4700 ait:

2198 4752 2243 4807 Ο
2289 4761 2472 4819 patres
2503 4757 2557 4804 et
2589 4747 2808 4810 fratres,
2843 4746 2974 4800 nihil
3032 4743 3229 4819 fortius
3277 4743 3459 4798 animo
3489 4740 3583 4812 qui
3613 4741 3784 4809 pieta-

2199 4818 2308 4898 tem
2341 4842 2648 4912 prolitetnr.
2687 4839 2832 4892 Nllil
2872 4837 3150 4908 potentius
3175 4818 3382 4900 anima,
3421 4849 3540 4904 quae
3573 4833 3783 4902 impro-

2197 4936 2352 4992 bitati
2385 4934 2592 4990 servire
2627 4941 2884 4988 recusat:
2923 4943 3026 4999 qua
3061 4943 3126 4983 ex
3165 4927 3364 4997 duplici
3401 4933 3553 4996 parte
3587 4934 3784 4978 vestrae

2197 5025 2510 5098 paternitati
2545 5033 2766 5080 cautum
2795 5037 2914 5078 esse
2947 5035 3263 5089 persuasum
3291 5017 3420 5072 mihi
3444 5025 3527 5072 est
3555 5034 3569 5069 :
3601 5015 3786 5084 proin-

2195 5121 2368 5190 deque
2389 5133 2484 5173 vos
2509 5116 2687 5186 potius
2709 5129 2793 5169 me
2815 5123 2871 5168 et
2899 5111 3128 5167 consilio
3158 5121 3211 5166 et
3231 5110 3485 5180 precibus
3507 5105 3781 5176 adiuvate.

2197 5212 2472 5283 Siquidem
2515 5209 2816 5280 defecerunt
2857 5221 2968 5274 prce
3011 5203 3264 5275 lacrymis
3301 5199 3443 5256 oculi
3498 5199 3601 5254 mei
3628 5214 3787 5269 super

2194 5303 2362 5376 448
2392 5303 2701 5358 contritione
2735 5302 2864 5370 ﬁlia:
2884 5300 2928 5332 "
2963 5297 3176 5370 generis
3213 5293 3354 5360 mei,
3384 5299 3445 5348 ut
3483 5307 3606 5348 cum
3633 5289 3786 5347 Jere-

519 5391 717 5447 νοισθε.
765 5391 1079 5458 Ἐξέλιπον
1118 5393 1228 5464 γὰρ
1255 5394 1326 5449 ἐν
1356 5394 1656 5465 δάκρυσιν
1700 5399 1756 5452 οἱ
1801 5399 2090 5468 ὀφθαλμοί

2200 5398 2328 5462 mia,
2349 5398 2440 5466 qui
2463 5397 2575 5454 lucc
2591 5405 2645 5452 ιι
2667 5393 2884 5465 scripsit
2907 5389 3124 5462 elegit,
3149 5387 3386 5446 clamare
3404 5397 3591 5456 cogor.
3613 5381 3794 5439 Video

590 5549 636 5582 ’δ’
677 5549 842 5607 Mieh.
869 5566 966 5618 vn,
990 5549 1104 5622 με.
1131 5549 1176 5582 ³⁸
1209 5545 1356 5605 Psal.
1390 5569 1584 5622 Lxxtu,
1613 5552 1666 5621 6,
1701 5553 1756 5610 7.
1833 5553 1878 5587 ⁸⁷
1914 5552 2117 5610 'l'bren.
2153 5569 2216 5618 Il,
2251 5554 2340 5608 ll.

1813 5707 2044 5766 VARI/li
2087 5707 2499 5766 LECTIUNES.

599 5849 622 5888 ιι
647 5847 716 5903 al.
742 5848 908 5908 ἔνδον.
988 5861 1012 5894 ο
1039 5851 1110 5908 al.
1152 5850 1437 5921 ὲφιόπεθα.
