4060 6486
362 418 501 485 1115

1555 420 1936 481 STEPHANI
1980 419 2288 480 DlACONl
2328 422 2436 481 CP.

3510 407 3657 483 1116

359 534 504 589 enim
537 530 747 587 Domini
775 545 1027 601 sponsam
1058 546 1087 585 a
1117 530 1355 600 maligno
1375 568 1389 593 .
1419 529 1686 586 homicida
1726 540 1781 586 et
1806 529 1929 585 belli

2047 547 2148 586 νου
2188 532 2285 585 ἐπὶ
2325 533 2393 586 τὸ
2433 533 2771 602 σύντριμμα
2802 529 2916 600 τῆς
2944 531 3233 600 θυγατρὸς
3290 530 3400 584 τοῦ
3453 532 3664 598 γένους

360 623 555 694 cupido
587 622 830 679 daemone
861 622 1155 678 crudeliter
1183 630 1237 677 et
1271 623 1465 678 acerbe
1492 622 1770 678 obsessam
1791 663 1806 689 ,
1838 624 1930 692 qui

359 713 575 783 quidem
608 711 693 766 his
721 725 843 782 quae
881 711 936 766 in
978 711 1218 768 Ecclesia
1252 711 1344 767 Dei
1397 711 1615 782 imagini
1654 709 1931 767 Christum

357 804 658 858 secundum
684 818 906 860 carnem
946 804 1223 861 exhibenti
1253 805 1593 870 acciderunt,
1623 804 1930 875 producen-

358 895 445 949 dis
488 909 642 949 suam
684 894 951 965 impendit
980 910 1241 966 operam:
1274 893 1368 950 ille
1394 934 1411 961 ,
1459 895 1714 966 inquam,
1750 896 1842 965 qui
1878 895 1931 949 in

358 984 475 1052 ipsa
504 984 785 1041 creatione
818 994 1060 1042 nostram
1086 986 1269 1041 statim
1294 986 1626 1058 “pugnavit
1656 995 1933 1052 naturam,

359 1074 557 1143 quippe
605 1074 695 1144 qui
742 1076 1402 1146 paradisi‘babitationem
1448 1077 1604 1135 nobis
1650 1078 1933 1144 invidens,

361 1162 557 1218 divinas
580 1163 715 1236 legis
751 1164 1060 1235 rejiciendae
1092 1168 1249 1225 nobis
1283 1183 1447 1226 causa
1482 1167 1665 1225 fuerit.
1697 1167 1790 1224 llle
1822 1167 1939 1238 ipse

362 1255 726 1312 venerandum
770 1255 1027 1314 Ecclesiae
1073 1274 1273 1328 corpus
1325 1260 1527 1317 iterum
1581 1274 1938 1331 corrumpere

363 1346 574 1412 nititur,
600 1348 965 1405 membrorum
986 1349 1040 1405 in
1071 1366 1130 1407 se
1151 1351 1383 1408 invicem
1412 1350 1638 1408 dissidia
1667 1353 1934 1419 suscitat,

362 1436 560 1493 bellum
604 1438 710 1494 illis
750 1439 986 1496 immane
1034 1451 1090 1497 et
1136 1440 1477 1512 implacabile
1519 1451 1718 1496 movet.
1767 1440 1939 1499 Pedes

362 1527 531 1593 enim,
568 1544 763 1586 manus
789 1538 847 1584 et
883 1529 1069 1585 oculos
1104 1530 1414 1587 turbulenta
1464 1530 1657 1587 haeresi
1682 1530 1736 1584 in
1769 1544 1829 1585 se
1856 1531 1942 1586 in-

365 1619 537 1673 vicem
578 1620 783 1677 divisit.
820 1619 959 1678 Hinc
996 1636 1223 1678 cernere
1257 1630 1340 1678 est
1387 1622 1615 1677 alterum
1661 1623 1937 1679 oculorum

367 1712 419 1764 in
448 1711 774 1780 prtecipitem
803 1711 983 1769 locum
1016 1713 1214 1769 ducere
1238 1714 1678 1776 contendentem,
1707 1713 1937 1767 alterum

367 1801 695 1856 contrariam
731 1801 783 1856 in
834 1810 1043 1872 partem
1081 1804 1416 1868 trahentem,
1457 1814 1768 1871 rectamque
1797 1802 1937 1856 viam

2036 639 2162 692 μου,
2199 622 2335 692 μετὰ
2378 623 2643 694 Ἱερεμίου
2672 618 2767 678 τοῦ
2813 623 2989 677 ταῦτα
3018 624 3114 677 καὶ
3139 621 3525 695 γεγραφότος
3562 626 3666 677 καὶ

2032 710 2351 783 δεδρακότος
2387 710 2513 783 βοᾷν
2538 711 2945 784 ἀναγκάζομαι.
2984 712 3132 782 ’0ρῶ
3169 713 3287 783 γὰρ
3326 711 3522 783 ὠμῶς
3556 715 3661 767 καὶ

2035 798 2248 868 πικρῶς
2276 800 2741 872 πολιορκουμένην
2765 800 2862 855 τοῦ
2886 800 3095 868 κυρίου
3124 800 3224 872 τὴν
3253 800 3512 872 νύμφην
3549 800 3663 853 ὑπὸ

2034 889 2128 944 τοῦ
2161 890 2401 964 πονηροῦ
2433 892 2528 947 καὶ
2559 893 2848 964 μιαιφόνου
2886 892 2984 948 καὶ
3015 892 3669 964 φιλοπολέμου“δαίμο-

2034 999 2146 1047 νος,
2180 981 2278 1036 τοῦ
2305 983 2376 1037 τὰ
2398 983 2683 1056 συμϐάντα
2708 986 2802 1040 ἐπὶ
2831 980 3022 1058 τῇτδῦ
3052 982 3189 1039 Θεοῦ
3229 983 3571 1056 Ἐκκλησία
3603 983 3667 1036 ἐν

2034 1075 2101 1145 τῇ
2131 1074 2300 1129 αὐτοῦ
2325 1076 2695 1149 σαρκομόρφῳ
2730 1076 2903 1133 εικόνι
2933 1075 3378 1149 συμπράξαντος
3401 1113 3419 1141 ,
3457 1073 3526 1138 δς
3558 1071 3665 1127 καὶ

2035 1165 2166 1237 παρ’
2207 1165 2376 1239 αὐτὴν
2418 1167 2518 1235 τὴν
2563 1168 2949 1241 δημιουργίαν,
2998 1168 3162 1232 εὐθὺς
3189 1167 3296 1239 τὴν
3346 1164 3664 1238 ἡμετέραν

2037 1255 2485 1328 κατεπολέμησεν
2512 1259 2698 1329 φύσιν,
2723 1260 2820 1314 καὶ
2846 1262 2946 1331 τῆς
2973 1256 3035 1313 ἐν
3056 1257 3395 1329 παραδείσῳ
3427 1257 3662 1328 διαίτης

2035 1349 2169 1418 ἡμῖν
2218 1347 2516 1419 φθονήσας,
2570 1349 2665 1404 τὸν
2706 1348 2851 1406 θετον
2890 1349 3160 1422 ἀθετῆσαι
3198 1345 3663 1420 παρεσκεύασεν

2037 1439 2219 1509 νόμονο
2253 1440 2348 1493 καὶ
2367 1438 2464 1493 νῦν
2492 1435 2651 1505 αὖθις
2679 1441 2742 1496 τὸ
2766 1440 2948 1512 τίμιον
2969 1441 3130 1510 σῶμα
3148 1438 3253 1509 τῆς
3289 1434 3665 1506 Ἐκκλησίας

2036 1529 2368 1601 διαφθείρειν
2410 1520 2706 1603 πειρᾶται,
2738 1531 2834 1586 καὶ
2869 1529 3182 1596 στασιάζειν
3220 1528 3355 1584 κατ’
3386 1525 3666 1599 ἀλλήλων

2038 1622 2444 1691 παρασκευάζει
2477 1622 2546 1676 τὰ
2584 1622 2755 1695 μέλη,
2802 1622 2900 1677 καὶ
2929 1622 3164 1693 πόλεμον
3198 1620 3408 1684 αὐτοῖς
3442 1619 3667 1675 ἄσπον-

2036 1711 2126 1765 δον
2171 1713 2446 1784 διήγειρεν
2489 1714 2583 1768 καὶ
2623 1715 2958 1787 ἀκήρυκτον.
3024 1713 3325 1785 Ἐμέρισεν
3374 1711 3503 1782 γὰρ
3562 1710 3667 1765 καὶ

2039 1801 2205 1866 πόδας
2231 1803 2351 1858 κατ’
2384 1803 2649 1874 ἀλλήλων,
2683 1807 2780 1860 καὶ
2806 1808 3029 1877 χεῖρας,
3055 1804 3152 1859 καὶ
3190 1802 3544 1874 ὀφθαλμοὺς
3593 1805 3664 1857 ἐκ

368 1903 905 1948 cotnmonstrantem.
950 1893 1145 1951 Videre
1180 1895 1384 1965 pariter
1420 1895 1548 1951 licet
1576 1894 1809 1950 alterum
1846 1908 1939 1963 pe-

2047 1896 2140 1965 τῆς
2179 1873 2662 1967 ὀχλαγωγηθείσης
2702 1873 2990 1967 αἱρέσεως.
3021 1894 3135 1950 Καὶ
3164 1873 3323 1949 ἔστιν
3370 1892 3520 1947 ίδεϊν
3550 1892 3661 1947 θα-

367 1985 492 2038 dum
524 1985 680 2039 oculo
707 1999 931 2054 pravum
964 1985 1193 2040 intuenti
1226 1988 1509 2042 cedentem
1561 1986 1714 2054 sequi
1743 2004 1760 2054 ;
1801 1987 1942 2041 alte-

369 2092 487 2131 rum
521 2079 692 2133 eidem
726 2078 1105 2145 reluctantem,
1136 2080 1281 2134 male
1318 2079 1533 2134 ducenti
1569 2079 1828 2135 audacter
1859 2093 1945 2134 re-

368 2171 564 2227 sistere
585 2211 599 2237 ,
641 2184 744 2227 nec
778 2186 812 2227 e
841 2182 988 2229 recta
1017 2172 1102 2227 via
1136 2173 1445 2228 deﬂectere.
1481 2172 1667 2229 Talem
1710 2185 1944 2242 pugnam

368 2262 511 2317 inter
542 2262 799 2320 Ecclesia:
839 2266 1081 2320 membra
1112 2264 1360 2320 accendit
1397 2265 1652 2321 inimicus
1681 2264 1773 2320 ille
1802 2264 1948 2319 ziza-

370 2354 581 2407 niorum
613 2362 783 2420 sator,
814 2352 981 2426 “9
1010 2356 1318 2427 gaudetque
1349 2367 1404 2414 et
1425 2358 1656 2413 choreas
1684 2357 1830 2426 agit,
1863 2364 1949 2409 ut-

370 2452 494 2512 pote
530 2445 621 2514 qui
652 2459 807 2500 suum
835 2447 1122 2501 artilicium
1148 2447 1202 2503 in
1227 2449 1329 2504 hoc
1361 2457 1593 2518 tyranno
1618 2449 1949 2517 imperatore

369 2534 554 2590 Valere
583 2534 780 2590 videat.
826 2535 1039 2592 Nostris
1080 2536 1485 2593 calamitatibus
1518 2538 1816 2594 insolenter
1851 2538 1947 2592 de-

366 2625 623 2691 bentur,
672 2627 961 2682 materiam
1009 2627 1232 2694 hujusce
1275 2628 1400 2683 belli
1444 2631 1675 2685 llammte
1712 2631 1949 2699 undique

371 2729 654 2773 cuaccrvat
676 2737 694 2772 :
718 2720 1068 2790 muniisque
1100 2721 1278 2790 copiis
1306 2721 1470 2775 simul
1500 2722 1752 2778 excitatis
1776 2722 1797 2790 (
1812 2738 1949 2792 ὅθεν

373 2811 492 2865 tiles
517 2811 781 2883 intelligo,
810 2809 1250 2883 Judmorumque,
1280 2811 1546 2884 Syrorum
1573 2824 1628 2868 et
1664 2814 1952 2869 heretico-

375 2920 492 2957 rum
524 2904 815 2974 catervas),
841 2905 1074 2959 maximo
1098 2906 1310 2962 theatro
1334 2920 1430 2961 nos
1457 2906 1695 2977 undique
1717 2906 1952 2961 circnm-

373 2996 578 3064 cingit,
611 2997 823 3066 sibique
851 3012 880 3052 e
914 2998 1115 3053 nostris
1161 2997 1319 3054 malis
1355 2998 1683 3069 voluptatem
1716 3008 1769 3051 et
1802 2996 1949 3052 dele-

374 3088 665 3141 ctationem
710 3100 1009 3155 comparat.
1058 3089 1186 3145 lude
1238 3104 1466 3144 cernere
1523 3098 1607 3144 est
1656 3089 1943 3142 adversum

2043 1986 2211 2057 τέραν
2254 1986 2355 2058 μὲν
2390 1985 2501 2040 τῶν
2528 1984 2704 2055 δψεων
2736 1986 2830 2039 ἐπὶ
2862 1986 3148 2058 κρημνοὺς
3187 1984 3360 2054 ἄγειν
3399 1985 3664 2055 φιλονει-

2046 2077 2270 2144 κοῦσαν,
2313 2077 2551 2148 θατέραν
2600 2077 2659 2131 δέ
2689 2076 2827 2146 πρὸς
2866 2075 3180 2131 τούναντίον
3227 2073 3659 2142 ἅνθέλκουσαν,

2045 2172 2140 2226 καὶ⁵
2165 2170 2268 2242 τὴν
2283 2169 2496 2225 εὐθεῖαν
2517 2168 2977 2224 ύποδεικνύουσαν
2995 2167 3139 2222 ὸδὸνο
3163 2167 3261 2222 καὶ
3280 2165 3407 2221 τῶν
3435 2164 3657 2231 ποδῶν,

2045 2264 2137 2321 τὸν
2208 2264 2306 2329 μὲν
2368 2262 2444 2334 τῷ
2508 2260 2948 2334 διεστραμμένον
3021 2258 3221 2332 ὁρῶντι
3292 2259 3659 2331 πειθόμενον

2046 2355 2309 2427 ὀφθαλμῷ
2344 2354 2441 2409 καὶ
2470 2354 2760 2425 ἐπόμενοψ
2806 2353 2900 2407 τὸν
2930 2350 2989 2406 δὲ
3031 2351 3127 2406 καὶ
3158 2351 3346 2423 τούτῳ
3399 2351 3660 2424 μαχόμε-

2046 2464 2155 2512 νον,
2191 2446 2285 2500 καὶ
2310 2445 2388 2517 τῷ
2419 2444 2606 2509 κακῶς
2635 2445 2653 2484 ί
2694 2443 3023 2516 ποδηγοῦντι
3054 2442 3391 2514 θαρσαλέως
3420 2442 3658 2497 ἀντιλέο

2048 2552 2198 2605 γοντι
2224 2538 2271 2602 ε,
2309 2535 2404 2591 καὶ
2445 2537 2542 2607 τῆς
2571 2533 2740 2606 ὀρθῆς
2787 2533 3015 2606 πορείας
3059 2532 3161 2587 οὐκ
3197 2532 3652 2605 ἐκτρεπόμενον.

2050 2628 2318 2698 Τοιαύτην
2348 2630 2463 2692 τοῖς
2496 2626 2687 2699 μέλεσι
2716 2626 2817 2698 τῆς
2840 2625 3175 2696 Ἐκιιλησίας
3194 2625 3395 2697 μάχην
3425 2622 3656 2698 ὑφῆψεν

2044 2723 2077 2774 ὁ
2108 2719 2418 2785 ηὺζιςὼιια
2450 2718 2947 2789 σπείραςὶχθρδς,
2982 2718 3084 2773 καὶ
3112 2717 3394 2787 γὰννυται
3429 2719 3657 2789 καὶκο-

2052 2812 2237 2885 ρεύει,
2262 2811 2369 2881 τὴν
2412 2811 2623 2865 οίκιίαν
2671 2809 2890 2881 βλέπων
2932 2810 3296 2881 κακοτεχνίαν
3342 2811 3654 2881 ίσχύουσαν

2051 2908 2109 2959 ἐν
2148 2904 2227 2974 τῷ
2262 2903 2514 2974 τυράννῳ
2554 2902 2730 2974 τούτῳ
2776 2901 3024 2976 βασιλεῖ,
3051 2904 3145 2958 καὶ
3164 2905 3288 2967 ταῖς
3333 2901 3655 2974 ἡμετέραις

2053 2997 2365 3068 ἐπεντρυφᾷ
2418 2998 2766 3070 συμφοραῖς,
2819 2998 2916 3053 καὶ
2964 2997 3243 3068 συμφοραὶ·
3292 2993 3655 3066 πανταχόθεν

2055 3089 2187 3159 ὓλην
2210 3091 2276 3157 τῇ
2292 3086 2388 3142 τοῦ
2409 3087 2649 3158 πολέμου
2674 3089 2857 3158 φλογὶ,
2882 3088 2980 3143 καὶ
2995 3088 3096 3151 τὰς
3112 3087 3322 3150 οἰκείας
3346 3085 3651 3156 φάλαγγας

376 3193 472 3230 nos
521 3177 659 3245 loqui
690 3181 782 3249 qui
818 3180 1009 3234 sedent
1037 3181 1087 3234 in
1123 3183 1293 3250 portis
1315 3219 1330 3245 ,
1364 3187 1419 3235 et
1452 3181 1503 3234 in
1540 3195 1637 3236 nos
1677 3179 1941 3249 psallere,

2058 3177 2416 3249 συναγείρων,
2457 3163 2728 3248 Ἑλλήνων
2770 3176 2915 3248 φημὶ
2950 3176 3144 3240 παῖδας
3177 3177 3272 3230 καὶ
3340 3175 3651 3240 Ἰουδαίων,

375 3269 463 3335 qui
501 3266 693 3321 bibunt
727 3268 908 3322 vinum
930 3266 999 3323 ‘°.
1035 3266 1280 3339 Namque
1330 3269 1389 3324 in
1424 3269 1539 3325 suis
1584 3270 1847 3325 conviviis
1895 3278 1945 3325 et

2058 3268 2152 3323 καὶ
2192 3266 2402 3339 Σύρων,
2450 3266 2546 3322 καὶ
2571 3265 2680 3324 τῶν
2721 3264 3015 3337 αἱρετικῶν
3057 3264 3126 3319 τὰ
3162 3265 3366 3337 στίφη,
3408 3265 3649 3336 θέατρον

376 3358 654 3427 cauponis,
688 3358 943 3414 leuonmn
971 3369 1026 3414 et
1055 3360 1475 3416 citharazdorum
1511 3375 1657 3416 more
1675 3360 1743 3428 ι’,
1784 3359 1950 3415 catuli

376 3447 549 3503 leonis
576 3448 732 3519 jussu
768 3453 1030 3506 adversus
1065 3465 1161 3505 nos
1192 3450 1544 3517 meditantur,
1574 3466 1697 3506 cum
1738 3449 1951 3506 cavillis

377 3539 709 3607 augurando.
758 3538 964 3597 Idcirco
1005 3542 1101 3597 lilii
1149 3541 1278 3600 Sion
1333 3543 1549 3615 inclyti,
1605 3542 1734 3598 elati
1789 3557 1953 3612 super

258 3662 269 3674 -
379 3648 592 3695 aurum,
624 3636 857 3703 reputati
904 3651 1093 3692 sumus
1122 3636 1174 3691 in
1212 3651 1340 3691 vasa
1377 3644 1545 3692 testea
1570 3678 1584 3703 ,
1635 3651 1801 3707 opera
1835 3651 1953 3691 ma-

380 3738 545 3775 ttuum
578 3721 861 3792 ligulorum
889 3725 959 3781 ⁵ο.
1013 3724 1329 3780 Ludibrium
1371 3724 1500 3781 lacti
1543 3740 1732 3781 sumus
1760 3733 1956 3780 cuncto

380 3814 597 3895 populo,
628 3814 865 3884 psalmus
909 3816 1124 3874 illorum
1157 3832 1344 3874 sumus
1378 3826 1487 3873 tota
1517 3816 1605 3872 die
1634 3816 1703 3870 ".
1736 3814 1958 3872 Obtexit

379 3890 781 3977 euimﬂcaligiue
810 3908 860 3963 in
889 3908 1074 3965 lurore
1102 3924 1201 3966 suo
1233 3908 1495 3965 Dominus
1526 3909 1691 3964 tiliam
1791 3911 1948 3976 Sion,

378 4007 434 4052 ct
467 3995 693 4068 proiecit
723 4000 789 4055 de
816 4001 954 4056 coelo
977 4002 1030 4056 in
1059 4011 1258 4056 terram
1284 3999 1510 4070 gloriam
1536 3998 1723 4065 lsrael,
1761 4009 1817 4055 et
1848 4014 1954 4054 non

382 4102 463 4143 «ει
499 4091 816 4146 recordatus
841 4093 1062 4148 scabelli
1083 4092 1278 4161 pedum
1303 4106 1525 4149 suorum
1551 4092 1603 4146 in
1635 4092 1723 4147 die
1756 4092 1959 4147 furoris

383 4180 467 4234 sui
498 4183 568 4234 ".
603 4181 894 4237 Peccatum
936 4185 1182 4251 peccavit
1213 4182 1514 4239 Jerusalem
1536 4224 1552 4248 ,
1585 4195 1866 4254 propterea
1903 4185 1956 4239 in

378 4272 682 4343 jactatione
729 4273 870 4327 facta
920 4281 1022 4328 est.
1079 4273 1288 4335 Idcirco
1336 4275 1475 4329 oculi
1532 4274 1637 4329 mei
1688 4276 1961 4330 deducunt

296 4380 305 4387 '
385 4379 599 4433 aquam,
631 4364 754 4433 quia
781 4364 938 4435 longe
959 4363 1136 4420 factus
1161 4375 1244 4420 est
1268 4380 1300 4419 a
1330 4380 1415 4419 me
1438 4364 1603 4437 450
1624 4367 2003 4425 consolator".

2053 3361 2184 3431 ἡμῖν
2219 3359 2474 3430 μέγιστον
2519 3357 2859 3428 πανταχόθεν
2891 3356 3269 3429 περικαθίζει,
3309 3357 3414 3411 καὶ
3455 3356 3652 3428 τέρψιν

2053 3451 2236 3513 αὐτοῖς
2268 3448 2363 3502 καὶ
2391 3447 2582 3520 ἡδονὴν
2607 3448 2672 3501 ἐκ
2701 3447 2811 3502 τῶν
2833 3449 3126 3520 ἡμετέρων
3150 3447 3344 3501 κακῶν
3374 3460 3649 3519 πραγμα-

2052 3541 2292 3596 τεύεται.
2325 3540 2437 3594 Καὶ
2468 3539 2616 3594 ἔστιν
2658 3539 2787 3594 ἰδεῖν
2831 3538 2957 3594 καθ’
2994 3538 3161 3611 ἡμῶν
3208 3537 3652 3610 ἀδολεσχοῦντας

2053 3635 2179 3697 τοὺς
2206 3631 2632 3703 καθημέωυςκέν
2664 3630 2867 3695 πύλαις
2900 3632 2998 3686 καὶ
3032 3632 3112 3694 είς
3142 3632 3292 3703 ἡμᾶς
3325 3629 3649 3701 eam“;

2054 3726 2180 3789 τοὺς
2206 3724 2463 3789 πίνοντας
2484 3710 2650 3778 οἶνον.
2695 3723 2785 3777 Ἐν
2817 3721 2927 3794 γὰρ
2955 3725 3071 3787 τοῖς
3101 3722 3437 3794 συμποσίοις
3462 3719 3648 3775 αὐτῶν

2057 3817 2150 3871 καὶ
2199 3816 2557 3886 καπηλείοις,
2607 3814 3017 3886 μαστρωπικῶς
3061 3817 3160 3868 καὶ
3206 3812 3541 3885 κιθαρῳδῶς
3573 3812 3642 3882 τῇ

2055 3908 2150 3962 τοῦ
2182 3906 2424 3978 σκύμνου
2454 3905 2703 3961 κελεύσει
2730 3905 2851 3959 καθ’
2879 3906 3036 3977 ἡμῶν
3065 3905 3359 3977 μελετῶσι,
3396 3920 3644 3960 σκωπτι-

2058 3998 2171 4064 κῶς
2202 3998 2565 4063 οίωνίζοντες.
2599 3999 2699 4053 Διά
2733 3996 2892 4051 τοῦτο
2940 3998 2993 4051 οἱ
3026 3998 3130 4051 υἱοὶ
3167 3996 3309 4052 Σιὼν
3341 3999 3393 4057 oi
3438 3996 3641 4067 τίμιοι,

2058 4091 2364 4163 ἐπηρμένοι
2412 4088 2561 4165 ὑπὲρ.
2594 4089 2844 4160 χρυσίον,
2899 4090 3263 4162 ἐλογίσθημεν
3309 4091 3394 4155 είς
3441 4088 3643 4158 ἀγγεῖα

2057 4183 2392 4255 ὀστράκινα,
2451 4181 2590 4254 ἔργα
2631 4182 2835 4253 χειρῶν
2889 4182 3204 4254 κεραμέων.
3265 4181 3643 4253 Ἐγενήθημεν

2059 4272 2233 4343 γέλως
2272 4272 2436 4348 παντὶ
2485 4262 2633 4342 λαῷ,
2680 4269 2899 4343 ψαλμὸς
2931 4271 3111 4327 αὐτῶν
3143 4274 3311 4344 ἐσμεν
3366 4273 3499 4343 ὅλην
3545 4268 3642 4341 τὴν

2060 4365 2294 4437 ἡμέραν.
2341 4361 2683 4435 Ἐγνόφωσεν
2716 4364 2826 4436 γὰρ
2849 4365 2908 4418 ἐν
2935 4364 3075 4437 ὀργῇ
3108 4364 3279 4418 αὐτοῦ
3303 4365 3515 4436 Κύριος
3538 4361 3645 4432 ζτὴν

386 4453 523 4507 lliue
555 4455 726 4511 clamo
757 4456 823 4511 ad
852 4452 974 4511 eum
1005 4457 1097 4525 qui
1126 4456 1357 4524 percutit
1387 4464 1441 4511 et
1467 4469 1623 4512 sanat
1654 4474 1667 4510 :
1699 4455 1945 4514 Miserere

2061 4456 2337 4529 θυγατέρα
2371 4457 2530 4523 Σιὼν,
2569 4457 2668 4511 καὶ
2696 4454 3030 4530 κατέρῤαξεν
3061 4447 3122 4523 ἐξ
3150 4455 3388 4528 ούρανοῦ
3424 4457 3507 4520 είς
3540 4453 3642 4523 γῆν

388 4549 557 4601 nostri
663 4548 790 4618 quia
832 4547 1058 4603 multum
1105 4547 1296 4618 repleti
1341 4563 1528 4605 sumus
1573 4547 1945 4618 despectiune;

2060 4550 2301 4619 δόξασμα
2343 4546 2577 4620 Ἰσραὴλ,
2604 4550 2701 4603 καὶ
2722 4550 2824 4604 οὐκ
2851 4547 3104 4620 ἐμνήσθη
3135 4546 3431 4603 ὑποποδίου
3464 4542 3641 4600 ποδῶν

388 4639 613 4693 multum
646 4639 849 4711 repleta
883 4649 969 4697 est
1007 4637 1725 4696 animanostra”.Trausfer
1760 4658 1945 4711 oppro'

2063 4641 2227 4692 αὑτοῦ
2258 4642 2313 4693 ἐν
2346 4640 2531 4711 ἡμέρᾳ
2557 4640 2729 4710 ὀργῆς
2757 4639 2945 4695 αὐτοῦ.
2990 4639 3296 4709 Ἀμαρτίαν
3325 4640 3435 4710 γὰρ
3464 4637 3639 4708 ἥμαρ-

387 4730 587 4794 hrium,
632 4740 686 4786 et
731 4731 798 4785 da
857 4731 983 4787 illud
1036 4732 1304 4799 hostibus,
1368 4730 1459 4800 qui
1508 4746 1650 4786 nunc
1704 4748 1945 4801 prosperi

2059 4749 2153 4785 τεν
2190 4730 2571 4802 Ἰερουσαλήμ·
2606 4731 2695 4785 διὰ
2720 4731 2878 4784 τοῦτο
2907 4730 2986 4795 είς
3017 4730 3179 4784 σάλον
3202 4731 3233 4770 Ιι
3263 4729 3503 4798 ἐγένετο.
3543 4724 3638 4778 Διὰ

387 4831 589 4889 agunt,
656 4830 712 4876 et
764 4823 1164 4891 despectionem
1218 4823 1465 4893 superbis
1526 4821 1945 4878 Christianos-utr

2059 4821 2218 4875 τοῦτο
2250 4824 2298 4876 oi
2331 4821 2605 4891 ὀφθαλμοί
2642 4838 2744 4892 μου
2779 4822 3113 4892 κατάγουσιν
3158 4820 3335 4891 ὕδωρ,
3376 4821 3460 4875 ὅτι
3504 4819 3639 4887 ἐμα-

389 4910 892 4967 calumniatoribus.
934 4913 1213 4981 Siquidem
1245 4928 1459 4983 gregem
1494 4920 1586 4966 tuo
1624 4913 1841 4967 nomine
1890 4912 1945 4965 iu

2058 4910 2270 4986 ’κρύνθη
2306 4916 2400 4968 ἀπ’
2454 4914 2590 4987 ἐμοῦ
2636 4917 2665 4968 ὁ
2716 4915 3049 4986 παρακαλῶν
3085 4930 3175 4987 με’
3210 4916 3310 4970 καὶ
3356 4913 3467 4985 βρῶ
3503 4907 3635 4980 πρὸς

391 5002 650 5072 signitum
700 5004 961 5060 conviciis
1000 5006 1339 5072 aliecerunt,
1371 5020 1472 5060 nos
1518 5004 1835 5059 idololatras
1865 5019 1945 5073 ap-

2065 5004 2156 5058 τὸν
2181 5004 2526 5058 πατασσοντα
2552 5005 2646 5059 καὶ
2674 5003 2923 5076 ίώμενον·
2969 5004 3222 5076 Ἐλέησον
3244 5004 3414 5077 ἡμᾶς,
3443 5000 3634 5069 Κύριε.

388 5095 674 5162 pellantto,
713 5103 974 5166 tuamque
1002 5096 1338 5164 Ecclesiam,
1394 5096 1659 5151 idolorum
1702 5096 1945 5164 templuu'

2066 5096 2289 5168 ἐλέησον
2335 5097 2483 5167 ἡμᾶς
2506 5114 2520 5129 ο
2552 5098 2633 5150 ὅτι
2673 5097 2903 5152 ἐπιπολὺ
2950 5096 3305 5169 ὲπλήσθημεν
3344 5090 3632 5163 ἐξουδενώ-

390 5186 663 5242 dixernnt.
701 5188 900 5243 Verum
921 5228 937 5254 ,
970 5203 1167 5243 renova
1205 5202 1302 5242 nos
1326 5198 1386 5243 ut
1416 5186 1709 5243 diluculum
1743 5189 1961 5241 matuti-

388 5290 539 5331 num.
574 5272 907 5350 Propagetur
950 5278 1085 5335 ﬁdes
1128 5289 1218 5334 tua
1267 5278 1320 5333 in
1363 5277 1626 5332 matutina
1676 5287 1958 5348 tempora,

389 5370 517 5435 quia
544 5370 696 5425 multi
719 5381 846 5426 sunt
867 5371 1099 5440 gemitus
1131 5370 1324 5440 nostri,
1348 5381 1402 5425 ct
1429 5384 1524 5425 cor
1550 5379 1793 5425 nostrqu
1814 5369 1961 5425 dele-

466 5505 511 5539 “
537 5505 686 5562 Psal.
714 5523 902 5572 vattt,
938 5508 1021 5563 15.

401 5587 462 5639 ιι,
494 5577 560 5639 1.,
619 5576 665 5607 ⁸³
694 5574 826 5632 Ibid.
862 5595 898 5632 ι.
930 5578 983 5641 8,
1023 5578 1108 5632 16.
1185 5577 1235 5610 ⁵⁸
1275 5578 1413 5633 Psal.
1446 5574 1639 5644 cxxtll,
1680 5575 1795 5646 5,4.

1102 5511 1144 5541 ’θ
1172 5508 1512 5563 Cmstantini
1546 5509 1636 5575 qui
1667 5507 1862 5562 Leoais
1894 5509 2033 5564 lilius
2059 5519 2195 5565 erat.

2069 5205 2226 5253 σεως’
2263 5189 2546 5244 ἐπιπλεῖον
2573 5188 2818 5262 ἐπλήσθη
2854 5190 2889 5262 ἡ
2926 5188 3075 5261 ψυχὴ
3105 5188 3286 5261 ἡμιῖιν.
3326 5185 3629 5253 Μετένεγκε

2064 5283 2124 5335 τὸ
2149 5281 2348 5345 ὄνειδος
2367 5320 2381 5345 ,
2423 5283 2516 5336 καὶ
2548 5281 2634 5346 δὸς
2652 5282 2784 5337 αὐτὸ
2814 5285 2925 5345 τοῖς
2951 5275 3271 5353 εὐθηνοῦσιν
3303 5283 3360 5335 ἐν
3389 5280 3465 5349 τῷ
3499 5288 3637 5343 περ·

2067 5375 2180 5428 όντι
2210 5374 2488 5444 πολεμίοις
2519 5413 2534 5439 ,
2564 5374 2658 5428 καὶ
2684 5372 2784 5445 τὴν
2816 5372 3167 5438 ἐξουδένωσιν
3210 5374 3324 5436 τοῖς
3361 5362 3634 5440 ὑπερηφά’

2332 5509 2377 5540 ⁵ο
2413 5507 2616 5564 Tltrcn.
2662 5524 2732 5575 IV,
2767 5508 2820 5562 ‘2.
2898 5508 2943 5539 ⁸¹
2983 5507 3113 5563 ibid.
3144 5522 3226 5573 Ill,
3263 5504 3351 5561 63.
3429 5500 3471 5533 "
3502 5492 3625 5551 Ibid.

1677 5694 1906 5751 VARIAL‘
1948 5694 2349 5752 LECTIONES.

480 5806 502 5851 ί
528 5810 575 5861 al
635 5808 834 5871 καλῶς.
915 5812 940 5852 ⁸
972 5811 1085 5881 lege
1118 5812 1487 5883 ἀντιλέγοντα.
1563 5814 1588 5853 ιδ
1625 5813 1692 5868 al.
1731 5810 1865 5865 ἅλω.
