4060 6500
523 431 657 499 1117

519 645 688 715 νυμόν
727 662 823 701 σου
875 646 1144 716 ποίμνιον,
1187 649 1588 723 είδωλολάτρας
1631 656 1783 726 ἡμᾶς
1831 657 2099 711 ἁποκαλέ·

519 751 712 801 σαντες
733 776 749 803 ,
799 737 892 791 καὶ
952 741 1054 810 τὴν
1099 736 1402 812 δκκλησίαν
1450 759 1547 797 σου
1606 746 1876 801 είδωλεῖον
1924 745 2098 804 εἶπον.

528 825 690 881 Ἀλλὰ
721 828 1071 885 ἀνακαίνισον
1117 830 1266 903 ἡμᾶς
1304 833 1386 898 ὥς
1429 832 1625 908 δρθρον
1652 838 1909 909 πρωῖνόν.
1952 840 2098 912 Πλη-

515 916 766 990 θυνθήτω
796 922 830 990 ἡ
877 921 1062 988 πίστις
1106 941 1203 979 σου
1238 925 1321 989 είς
1366 926 1483 990 τὰς
1511 929 1760 999 πρωτας,
1792 932 1875 985 ὅτι
1915 932 2099 988 πολλοι

514 1010 655 1064 είσιν
703 1013 755 1065 oi
785 1015 1084 1086 στεναγμοὶ
1110 1012 1293 1089 ἡμῶν,
1328 1019 1424 1073 καλ⁸
1451 1020 1484 1093 ἠ
1513 1021 1712 1091 καρδία
1740 1020 2101 1093 ἡμῶνκὲξέλι-

514 1115 636 1153 πεν·
666 1102 759 1155 ὅτι·
788 1104 1040 1171 καθεῖλες
1069 1106 1165 1161 τὸν
1198 1110 1453 1181 φραγμὸν
1482 1111 1658 1183 ἡμῶν,
1688 1113 1790 1168 καὶ
1821 1114 2097 1186 τρυγῶσιν

513 1196 665 1265 ἡμᾶς
694 1197 897 1262 πάντες
922 1200 972 1253 oi
1041 1203 1554 1275 παραπορευόμενοι
1599 1205 1701 1276 τὴν
1728 1205 1870 1261 ὀδόν.
1940 1207 2095 1261 Ἐλυ-

517 1290 725 1357 μήνατο
768 1290 917 1360 ἡμᾶς
940 1288 1007 1357 ὗς
1056 1292 1120 1348 ὲκ
1148 1295 1383 1367 δρυμοῦ.
1430 1296 1493 1352 '0
1520 1296 1892 1365 λεοντότεκνος
1942 1291 2098 1364 οὗτος

514 1379 775 1450 σκύμνος,
809 1383 905 1436 καὶ
936 1383 1014 1447 ὡς
1045 1386 1228 1455 μονιδς
1267 1386 1459 1459 ἄγριος
1486 1391 1899 1463 κατενεμήσατο
1925 1394 1957 1463 ἠ
1967 1392 2093 1461 μᾶς.

511 1468 724 1539 Κύριε,
754 1471 784 1524 ό
826 1470 961 1537 Θεὸς
994 1474 1109 1528 τῶν
1148 1476 1456 1549 δυνάμεων,
1506 1479 1840 1551 ὲπίστρεψον
1883 1480 1948 1552 δὴ
1999 1482 2097 1534 καὶ

508 1556 801 1628 ἐπίσκεψαι
862 1561 965 1633 τὴν
1030 1564 1277 1635 ἄμπελον
1334 1568 1562 1639 ταύτην,
1617 1570 1713 1624 καὶ
1766 1571 2094 1641 κατάρτισαι

508 1647 683 1716 αὐτὴν
732 1647 800 1719 ἢν
840 1651 1142 1719 ἐφύτευσεν
1194 1656 1226 1725 ἡ
1286 1655 1437 1721 δεξιά
1491 1675 1621 1724 σου,
1673 1659 1770 1712 καὶ
1819 1660 1913 1713 ἐπὶ
1966 1660 2095 1715 Υίὸν

507 1736 799 1808 ἀνθρώπου
846 1740 907 1795 ὃν
940 1743 1325 1814 ἐκραταίωσας
1371 1747 1604 1820 σεαυτῷ.
1655 1750 1818 1805 Ἀλλὰ
1848 1752 1955 1824 γὰρ
1997 1751 2093 1805 δα-

507 1829 693 1899 κρύων
724 1831 819 1885 καὶ
855 1832 1258 1905 ὀλοφυρόμενος
1302 1837 1398 1890 καὶ
1434 1839 1804 1910 ποτνιώμενος
1856 1840 1944 1894 διὰ
1993 1842 2091 1910 τὴν

1596 450 1771 511 VITA
1815 453 1876 512 s.
1916 453 2293 516 STEPHANI
2331 438 2712 521 JUNIORIS.

525 568 631 615 θοις
650 552 1304 627 Χριστιανσκατηγόροις.
1329 556 1713 631 Ἐλοιδόρησαν
1736 563 1845 634 γὰρ
1866 565 1929 618 τὸ
1953 564 2099 635 όμὼ-
2131 578 2173 628 Α
2203 569 2277 623 cit
2329 585 2346 621 :

3645 467 3780 534 1113

2417 572 2540 639 quia
2573 571 2885 626 destruxisti
2925 573 3220 627 maceriam
3261 585 3497 630 nostram
3522 620 3537 645 ,
3572 591 3626 633 ct
3662 597 3777 635 rtu-

2204 660 2446 714 demiant
2499 676 2631 729 nos,
2670 676 2861 719 omnes
2910 662 3001 733 qui
3048 667 3565 736 praatergrediuntur
3609 670 3776 729 viam.

2201 746 2600 804 Extermiuavit
2627 765 2725 805 nos
2758 765 2889 820 aper
2916 752 2997 805 dc'
3019 753 3188 823 sylva,
3222 755 3435 812 catulus
3462 756 3565 813 iste
3597 757 3772 813 leonis

2200 836 2399 905 fatus,
2455 849 2509 894 et
2567 850 2626 894 ut
2675 841 2973 910 singularis
3020 841 3165 898 ferus
3218 846 3471 914 depastus
3515 856 3597 901 est
3654 862 3774 903 nos.

2200 929 2447 998 Domine,
2472 930 2614 987 Deus
2636 932 2920 998 virtutum,
2939 943 3281 999 convertere,
3306 945 3359 989 et
3376 937 3531 992 visita
3559 939 3773 992 vineam

2200 1020 2382 1087 istam,
2428 1032 2483 1078 et
2510 1024 2710 1092 perlice
2736 1038 2855 1078 eam
2885 1039 3047 1094 quam
3079 1025 3342 1093 plantavit
3374 1028 3597 1081 dextera
3639 1037 3725 1081 tua
3753 1065 3768 1089 ,

2199 1120 2256 1166 et
2315 1126 2478 1180 super
2531 1109 2727 1167 Filium
2760 1113 3014 1180 hominis,
3056 1129 3216 1184 quem
3268 1114 3785 1173 conﬁrmastitibi”.

2199 1201 2433 1269 Verum,
2475 1201 2601 1257 dum
2648 1204 2917 1274 lacrymor
2952 1213 3007 1260 et
3038 1218 3364 1275 conqueror,
3420 1205 3770 1276 divinamque

2200 1304 2354 1359 opem
2384 1289 2645 1358 imploro,
2672 1292 2743 1345 ob
2768 1290 3171 1346 incumbentem
3201 1294 3515 1362 pastoribus
3540 1302 3596 1349 et
3620 1294 3770 1363 gregi

2197 1379 2511 1450 caliginem,
2543 1396 2639 1450 per
2663 1396 2821 1449 quam
2856 1382 2997 1452 lupis
3015 1392 3071 1437 et
3097 1383 3308 1440 furibus
3332 1385 3600 1440 securitas
3631 1400 3770 1454 prai-

2197 1473 2321 1530 stita
2354 1480 2482 1529 est:
2523 1473 2649 1527 dum
2686 1473 2851 1528 Deum
2889 1489 3065 1529 meum
3092 1489 3190 1530 oro
3218 1486 3277 1529 ut
3309 1477 3562 1533 tenebras
3605 1477 3768 1532 dissi-

2198 1572 2316 1635 pet,
2368 1573 2424 1619 et
2472 1564 2709 1633 priorem
2761 1563 3080 1618 orthodoxae
3132 1563 3253 1619 lidei
3317 1567 3526 1620 radium
3581 1565 3770 1637 451.

2196 1666 2584 1723 sacrarumque
2622 1661 2677 1707 et
2728 1654 3161 1708 venerandarum
3232 1655 3528 1725 imaginum
3578 1656 3772 1711 adora-

2198 1747 2426 1812 tiouem,
2461 1760 2581 1815 quae
2616 1734 2795 1800 mente
2836 1745 2918 1810 tit,
2951 1744 3238 1814 restituat;
3270 1746 3522 1816 promissi
3549 1747 3769 1814 oblitus,

2196 1838 2399 1893 luctum
2419 1839 2670 1907 produxi.
2702 1838 2856 1894 Nunc
2878 1850 3008 1891 vero
3037 1839 3126 1891 vix
3147 1838 3364 1894 tandem
3393 1840 3764 1907 commemini,

507 1919 866 1991 ἐπικειμένην
911 1922 1006 1976 καὶ
1046 1924 1271 1992 ποιμέσι
1321 1927 1418 1981 καὶ
1468 1929 1671 2002 ποίμνῃ
1717 1929 1971 2000 ὀμίχλην,
2026 1929 2093 1981 δι’

2199 1931 2287 1986 ubi
2319 1932 2371 1985 in
2407 1932 2655 1986 oratione
2689 1931 2863 2000 reperi
2893 1929 2942 1983 F
2945 1929 3097 1983 ilium
3122 1929 3355 1985 hominis
3394 1947 3545 2001 quem
3574 1932 3774 1999 conﬁr—

505 2010 574 2081 ἢν
596 2011 759 2066 ’ἄδεια
787 2014 883 2066 καὶ
926 2014 1115 2080 λύκοις
1153 2016 1247 2069 καὶ
1293 2018 1555 2084 κλέπταις
1587 2021 1824 2089 ἐγένετο·
1854 2023 1949 2074 καὶ
1991 2020 2084 2074 τοῦ

507 2101 645 2156 Θεοῦ
685 2119 788 2172 μου
808 2103 1073 2175 δεόμενος
1117 2105 1281 2161 λῦσαι
1328 2109 1419 2163 τὸν
1458 2108 1640 2180 ζόφον,
1691 2111 1785 2163 καὶ
1819 2111 1918 2182 τὴν
1950 2128 2086 2182 προς

506 2191 667 2262 τέραν
693 2194 925 2249 ἁκτίναί
951 2198 1052 2267 τῆς
1067 2197 1378 2269 ὀρθοδοξίας
1403 2201 1499 2254 καὶ
1525 2202 1626 2271 τὴν
1654 2198 1883 2271 νοερὰνί
1919 2215 2086 2270 προσ·

508 2283 736 2355 κύνησιν
782 2287 890 2340 τῶν
931 2288 1104 2358 ἁγίων
1139 2293 1235 2345 καὶ
1279 2292 1496 2346 σεπτῶν
1529 2295 1757 2348 εἰκόνων
1806 2293 2090 2347 ἀποκατα-

510 2372 725 2444 στῆσαι·
756 2378 1102 2452 ἐπελαθόμην
1122 2381 1225 2452 τῆς
1250 2383 1620 2454 ὑποσχέσεως,
1650 2384 1860 2438 καὶτὸν
1889 2384 2087 2456 θρῆνον

507 2466 777 2530 ἐξέτεινα·
825 2469 981 2540 μόλις
1028 2471 1085 2524 δὲ
1120 2472 1216 2527 νῦν
1264 2474 1638 2546 ἀνεμνήσθην,
1684 2473 1861 2546 εὑρὼν
1912 2477 1972 2530 ὲν
2021 2478 2091 2547 τῇ

508 2562 782 2630 προσευχῇ
817 2559 910 2613 τὸν
960 2561 1099 2615 Υίὸν
1132 2562 1240 2617 τοῦ
1276 2563 1614 2631 ἀνθρώπου,
1664 2563 1738 2618 ὃν
1773 2565 2088 2633 ἐκραταᾱυ-

2193 2021 2347 2075 main
2375 2020 2469 2074 tibi
2493 2020 2577 2075 ⁵⁶ε
2610 2018 2861 2075 Nostram
2897 2020 3124 2074 salutem
3160 2033 3255 2090 per
3280 2018 3430 2073 illum
3453 2023 3764 2090 negotiatus

2193 2125 2280 2176 es,
2317 2125 2350 2165 ο
2403 2125 2581 2165 rerum
2613 2110 2854 2165 omnium
2892 2108 3109 2173 Faetor,
3141 2110 3295 2178 cujus
3326 2108 3562 2164 divinam
3586 2111 3773 2165 carnis

2194 2201 2420 2273 eﬂigiem
2453 2203 2540 2257 isti
2574 2215 2898 2258 susurrones
2943 2201 3175 2257 llannnis
3208 2210 3262 2257 et
3289 2202 3559 2257 cversioui
3604 2202 3774 2257 deh-

2196 2301 2338 2346 rnnt.
2369 2290 2758 2346 Verumtamen
2788 2291 2910 2360 igne
2938 2300 3222 2345 consumat
3256 2304 3349 2346 eos
3379 2290 3640 2347 Dominus
3663 2332 3678 2355 ,
3715 2301 3772 2347 et

2192 2379 2464 2448 dispereat
2492 2378 2560 2433 de
2593 2390 2734 2433 terra
2761 2380 3020 2433 memoria
3047 2394 3235 2434 eorum
3268 2379 3340 2446 ",
3368 2395 3492 2435 cum
3519 2381 3773 2436 omnibus

2192 2470 2283 2539 qui
2341 2470 2623 2525 confidunt
2672 2470 2724 2524 in
2772 2470 2903 2534 illis,
2951 2472 3075 2539 quia
3125 2469 3269 2526 Deus
3312 2471 3578 2526 ultionum
3620 2481 3705 2527 est
3724 2472 3770 2506 ⁸⁸

2191 2576 2367 2629 neque
2393 2575 2503 2614 sua:
2535 2560 2788 2614 Ecclesiae
2816 2560 3087 2614 excidium
3122 2561 3341 2615 silentio
3369 2562 3689 2631 praeteribit.

507 2661 623 2715 σας
644 2648 855 2715 ἐαυτῷ.
890 2652 1001 2705 Καὶ
1035 2651 1136 2724 τὴν
1170 2653 1448 2725 ἡμετέραν
1513 2654 1788 2727 σωτηρίαν
1828 2652 2273 2728 ὲπραγματεύσ,ω
2303 2651 2371 2704 δι’
2436 2649 2624 2713 αὑτοῦ,
2654 2651 2682 2703 ὁ
2703 2649 2796 2704 τοῦ
2860 2650 3067 2734 τγιντδς
3127 2651 3401 2723 Ποιητὴς,
3433 2645 3603 2723 οὗπερ
3627 2645 3773 2708 οὗτοι

506 2743 553 2795 oi
601 2741 992 2814 θρυλλολέκται
1040 2746 1176 2817 πυρὶ
1225 2746 1322 2801 καὶ
1368 2747 1621 2820 ἀνορύξει
1664 2749 1763 2821 τὴν
1840 2750 1990 2804 θείαν
2036 2750 2133 2820 τῆς
2211 2744 2416 2816 σαρκὸς
2479 2745 2624 2797 ἰδέαν
2685 2743 3006 2813 παρέδοσαν.
3069 2743 3212 2796 Ἀλλ’
3272 2748 3330 2799 ἐν
3395 2746 3526 2816 πυρὶ
3579 2764 3776 2800 κατανε-

507 2834 717 2887 αλὼσαι
751 2837 779 2876 ι
836 2836 1037 2901 αὐτοὺς
1094 2838 1340 2917 Κύριος,
1394 2841 1492 2895 καὶ
1544 2841 1865 2913 ἐξορυχθείη
1917 2843 1983 2895 ἐκ
2035 2837 2352 2911 γῆςάὺτῶν
2413 2837 2473 2889 τὸ
2506 2837 2852 2906 μνημόσυνον
2894 2836 2991 2888 σὺν
3022 2836 3158 2891 πᾶσι
3192 2839 3307 2901 τοῖς
3337 2836 3658 2893 πεποιθόσιν
3685 2837 3772 2891 ἐπ’

508 2928 691 2991 αὐτοῖς
710 2969 725 2993 ,
752 2930 839 2983 ὅτι
868 2930 1001 2995 Θεὸς
1023 2932 1359 3005 ὲκδικήσεών
1388 2937 1559 3003 ἐστιν,
1584 2937 1682 2991 καλ⁴
1709 2938 1767 2990 οὐ
1799 2936 2225 3008 παρασιωπὴσει
2258 2933 2358 3002 τῆς
2392 2932 2557 2985 αὐτοῦ
2601 2929 2932 3001 Ἐκκλησίας
2961 2930 3063 3001 τὴν
3092 2930 3313 2985 ἅλωσιν.

578 3017 763 3072 Ταῦτα
793 3019 871 3090 τῷ
895 3018 1028 3093 ἱερῷ
1055 3022 1252 3093 ἐκείνῳ
1291 3025 1402 3078 τῶν
1462 3024 1746 3095 μοναστῶν
1779 3026 2089 3095 συστήματι

507 3112 887 3182 καθομιλήσας
915 3115 943 3165 ὁ
988 3114 1300 3187 παμμάκαρ
1348 3115 1541 3189 Πατὴρ
1588 3117 1746 3189 ἡμῶν
1785 3116 2088 3187 Στέφανος,

2264 3021 2417 3075 llunc
2454 3035 2761 3075 sermonum
2806 3020 3156 3075 beatissimus
3202 3020 3369 3076 Pater
3418 3033 3604 3077 uoster
3658 3025 3775 3081 Ste-

2191 3113 2402 3184 phanus
2449 3111 2589 3181 apud
2625 3126 2836 3164 sacram
2881 3110 3029 3164 illam
3086 3115 3472 3167 monachorum
3528 3124 3767 3171 turmam

509 3204 606 3259 καὶ
651 3203 1368 3277 πάντωνδακρυρροούντων
1413 3208 1509 3264 καὶ
1560 3205 2092 3280 στερνοτυπτούντων

2199 3205 2410 3269 habuit,
2454 3203 2544 3273 qui
2580 3218 2703 3257 cum
2750 3203 2983 3257 universi
3037 3204 3307 3272 lacrymas
3341 3204 3768 3273 proinnderent,

509 3300 575 3350 ὲκ
623 3296 823 3367 βάθους
858 3296 1120 3361 στενάξας
1166 3298 1195 3350 ό
1239 3298 1431 3371 Πατὴρ
1474 3292 1649 3354 εἶπεν·
1711 3299 1889 3374 Τριῶν
1924 3300 2092 3354 ὄντων

509 3387 618 3439 τῶν
644 3385 769 3440 καθ’
798 3388 946 3458 ἡμᾶς
982 3387 1167 3461 μερῶν
1193 3389 1304 3443 τῶν
1333 3390 1409 3461 μὴ
1434 3392 1889 3463 κοινωνησάντων
1920 3391 2092 3461 ταύτῃ

510 3483 577 3550 τῇ
632 3481 807 3552 μιαρᾷ
853 3481 1097 3551 αἱρέσει,
1138 3480 1349 3545 τούτοις
1386 3482 1745 3553 προστρέχειν
1783 3483 1911 3553 ύμῖν
1958 3499 2095 3551 συμ-

510 3570 774 3626 δουλεύω.
806 3571 883 3627 Οὐ
913 3571 1022 3643 γὰρ
1045 3571 1431 3627 ὑπολέλειπται
1449 3571 1608 3636 ἄλλος
1630 3572 1915 3641 τιςζτόπος,
1948 3573 2093 3636 ὅστις

508 3663 663 3715 ἐστὶν
699 3662 806 3716 ὑπὸ
834 3661 934 3732 τὴν
972 3660 1224 3726 ἐξουσίαν
1259 3661 1357 3717 τοῦ
1389 3663 1683 3735 δράκοντος
1705 3703 1721 3727 ,
1758 3662 2093 3733 μὴ’πειθαρο

513 3755 689 3827 χήσας
717 3754 886 3808 αὐτοῦ
922 3756 990 3825 τῇ
1019 3754 1345 3828 κενοφωνίᾳ.
1366 3754 1487 3810 Τῶν
1530 3755 1588 3809 δὲ
1635 3756 1956 3827 φησάντων·
1983 3755 2095 3808 Καὶ

512 3841 731 3916 ποϊᾶρα
756 3844 930 3899 ταῦτα
973 3843 1043 3899 τὰ
1093 3845 1260 3917 μέρη,
1290 3846 1508 3917 Πάτερ;
1541 3845 1745 3910 εὐθέως
1790 3845 1952 3909 αὐτός
1973 3863 1987 3877 ·
2016 3845 2096 3899 Τὰ

514 3937 657 4009 πρὸς
689 3936 751 3989 τὸ
772 3936 1002 4000 ἄναντες
1029 3937 1125 3990 τοῦ
1157 3936 1414 4005 Εὐξείνου
1459 3938 1661 3993 Πόντου
1685 3976 1701 4003 ,
1732 3938 1825 3993 ἐπὶ
1866 3938 1965 4009 τὴν
1997 3939 2095 4009 τῆς

515 4024 756 4096 Ζηκχίας
805 4024 1077 4096 επαρχίαν
1119 4026 1480 4096 συγκείμενα,
1508 4026 1617 4080 ἀπό
1669 4042 1730 4080 τε
1776 4025 2091 4096 Βοσπόρου,

514 4115 826 4186 Χερσῶνος,
856 4114 1167 4185 Νικόψεως,
1214 4115 1309 4169 καὶ
1335 4115 1405 4171 τὰ
1438 4113 1576 4186 πρὸς
1599 4115 1701 4186 τὴν
1730 4114 1950 4169 Γότθιον
1978 4115 2097 4168 Κοί-

514 4206 616 4277 λην
649 4203 669 4244 ι
707 4206 1059 4261 ἀπαντῶντα·
1090 4201 1195 4260 εἷθ’
1232 4205 1408 4273 οὕτως
1440 4205 1537 4260 καὶ
1571 4206 1643 4261 τὰ
1680 4206 1818 4275 πρὸς
1853 4205 1914 4259 τὸ
1948 4206 2093 4277 Παρ-

516 4297 728 4353 θενικδν
760 4297 1095 4370 συγκείμενα
1132 4298 1389 4368 πέλαγος,
1428 4298 1489 4351 ὲν
1520 4291 1602 4361 οἷς
1627 4315 1688 4352 τε
1718 4296 2031 4352 διαπλέεται
2068 4300 2096 4351 ό

517 4389 689 4453 νότιος
721 4388 955 4457 κόλπος,
995 4391 1071 4454 ὥς
1101 4388 1194 4442 ἰπὶ
1231 4389 1332 4459 τῆς
1369 4387 1751 4460 πρεσϐυτέρας
1789 4388 2008 4460 Ῥώμης
2038 4390 2097 4443 τὺ

520 4480 819 4548 κάταντες,
864 4481 899 4552 ἧ
930 4496 992 4534 τε
1024 4478 1401 4535 Νικοπολιτῶν
1424 4488 1465 4517 ω
1501 4479 1837 4550 μητρόπολις
1860 4519 1876 4544 ,
1922 4480 2016 4533 καὶ
2062 4481 2095 4551 ή

2199 3297 2408 3365 sibique
2434 3306 2620 3364 pectus
2650 3302 3023 3364 percuterent,
3053 3311 3118 3348 ex
3154 3297 3261 3350 ixno
3285 3298 3570 3362 suspirans
3608 3297 3775 3353 Pater

2200 3384 2315 3438 ait:
2346 3384 2569 3450 Quando
2614 3383 2828 3452 quidem
2875 3392 2984 3438 tres
3019 3385 3158 3454 apud
3192 3401 3290 3439 nos
3319 3396 3612 3456 supersunt
3645 3403 3773 3457 par-

2203 3484 2282 3529 tes
2322 3489 2532 3545 corum,
2589 3476 2679 3543 qui
2719 3488 2841 3530 cum
2887 3475 3096 3529 nefaria
3134 3477 3235 3531 hac
3289 3478 3482 3532 haeresi
3530 3493 3776 3534 commu-

2202 3565 2415 3619 nionem
2463 3580 2567 3618 non
2610 3565 2846 3631 habent,
2891 3566 3043 3619 vobis
3077 3576 3268 3619 auctor
3294 3581 3410 3621 sum
3444 3577 3504 3621 ut
3554 3569 3607 3622 in
3652 3568 3773 3625 illas

2200 3656 2523 3710 accurratis.
2579 3653 2766 3710 Nullus
2821 3656 2965 3710 enim
3015 3656 3153 3711 alius
3204 3657 3354 3711 locus
3408 3669 3494 3713 est
3549 3660 3774 3714 draconi

2199 3748 2498 3815 subjectus,
2526 3749 2614 3819 qui
2635 3746 2750 3813 ejus
2776 3748 3191 3818 vaniloquentia:
3214 3764 3417 3804 morem
3453 3765 3558 3805 non
3600 3762 3773 3821 gerat.

2201 3841 2311 3895 Illis
2342 3850 2523 3895 autem
2572 3842 3049 3911 interrogantibus,
3087 3842 3344 3907 Qumnam
3396 3843 3503 3899 illae
3555 3855 3773 3914 partes,

2202 3930 2397 3986 Pater?
2426 3933 2608 3986 statim
2661 3931 2774 4000 ipse
2812 3932 3023 4003 pergit:
3075 3934 3205 3999 Qum
3252 3935 3320 3988 ad
3380 3935 3587 3991 acclive
3619 3936 3777 3991 Ponti

2200 4024 2393 4078 Euxini
2428 4038 2612 4078 versus
2663 4022 2899 4094 Scythia:
2927 4024 3261 4093 provinciam
3287 4024 3505 4093 jaceut,
3534 4024 3778 4096 Bospho-

2204 4130 2326 4181 rus,
2356 4114 2519 4186 452
2554 4114 2821 4182 Cherson,
2854 4114 3103 4185 Nicopsis
3124 4155 3139 4180 ,
3171 4123 3226 4169 et
3263 4130 3383 4185 qua:
3414 4116 3468 4171 in
3496 4116 3775 4173 Gottbiam

2201 4204 2385 4260 leeu
2448 4205 2800 4275 porriguntur
2842 4219 2858 4258 :
2907 4220 3028 4276 quae
3058 4206 3222 4261 etiam
3271 4206 3335 4262 ad
3388 4206 3776 4264 Parthenicum

2203 4311 2352 4352 mare
2382 4296 2484 4352 sita
2515 4304 2671 4364 sunt,
2705 4296 2794 4353 ubi
2827 4296 3083 4353 australis
3114 4297 3265 4354 sinus
3299 4297 3612 4369 trajicitur:
3644 4299 3776 4354 item

2204 4390 2349 4460 regio
2376 4404 2499 4460 quis
2528 4389 2580 4442 in
2620 4388 2815 4444 declivi
2847 4389 3079 4444 senioris
3123 4388 3304 4445 Romae
3337 4390 3512 4460 jacet,
3541 4387 3777 4460 Nicopo-

2200 4481 2530 4548 litarumque
2553 4479 2885 4548 metropolis,
2917 4490 3080 4547 atque
3105 4478 3375 4549 Neapolis,
3395 4488 3449 4534 et
3470 4480 3780 4551 quzejusque

520 4570 789 4635 Νεάπολις
827 4572 922 4626 καὶ
949 4572 1018 4626 τὰ
1042 4572 1147 4636 ἕως
1183 4570 1278 4626 τοῦ
1310 4570 1558 4642 ποταμοῦ
1586 4571 1836 4643 Τιϐερίου
1882 4571 2094 4645 Ῥώμης

2202 4569 2271 4625 ad
2328 4568 2511 4624 Ronuae
2567 4568 2784 4624 ﬂuvium
2838 4568 3074 4625 Tiberim
3131 4571 3481 4625 continentur
3531 4589 3548 4627 :
3598 4580 3779 4640 partes

521 4663 852 4734 συγκείμενα
874 4702 891 4729 ,
933 4662 1046 4717 ἐσθ’
1093 4665 1183 4718 ὅτε
1211 4663 1310 4718 καὶ
1345 4664 1415 4718 τὰ
1442 4662 1703 4716 κατιόντα
1742 4662 1842 4733 τῆς
1883 4662 2100 4717 Λυκίων

521 4755 821 4827 ἐπαρχίας,
852 4756 963 4809 ἀπό
1007 4772 1069 4808 τε
1115 4755 1314 4809 Συλέου
1340 4764 1391 4820 ιι,
1440 4753 1659 4825 Συκῆς,
1712 4753 1808 4807 καὶ
1858 4752 1930 4807 τὰ
1975 4756 2097 4807 κατ’

523 4846 694 4918 αὐτὴν
740 4845 843 4917 τὴν
892 4846 1233 4918 Προποντίδα
1285 4845 1560 4917 πλεόμενα
1586 4885 1602 4910 ,
1653 4845 1689 4915 ἥ
1728 4860 1789 4897 τε
1832 4844 2098 4915 Κυπρίων

523 4936 723 5006 νῆσος,
766 4937 863 4991 καὶ
906 4937 986 5008 τὰῖ
1015 4937 1153 5009 πρὸς
1183 4937 1412 5008 ἀντικρὺ
1435 4978 1451 5004 ,
1501 4935 1606 5000 ἕως
1641 4935 1954 5007 Τριπόλεως
2002 4934 2097 4990 καὶ

523 5028 703 5099 Τύρου
731 5027 826 5083 καὶ
864 5027 1083 5100 Ἰώπης.
1115 5029 1182 5082 Τί
1208 5027 1273 5085 δὲ,
1295 5028 1402 5100 χρὴ
1423 5026 1607 5096 λέγειν
1640 5026 1769 5097 περὶ
1796 5026 1905 5080 τῶν
1964 5042 2096 5096 προ-

529 5116 707 5189 έδρων
731 5117 825 5172 τοῦ
859 5136 920 5173 τε
963 5119 1185 5192 Ῥώμης
1210 5119 1305 5174 καὶ
1339 5117 1696 5189 Ἀντιοχείας,
1714 5115 2100 5188 Ἱεροσολύμων

529 5211 623 5262 καὶ
671 5210 1105 5283 Ἀλεξανδρείας,
1158 5212 1357 5275 οἵτινες
1385 5211 1447 5265 οὐ
1481 5212 1640 5282 μόνον
1670 5208 2100 5273 ἀπεσδελύξαντο

529 5300 627 5355 καὶ
662 5303 1067 5375 ἀνεθεμάτισαν
1096 5304 1162 5358 τὸ
1209 5304 1455 5375 μυσαρὸν
1491 5302 1599 5357 τῶν
1646 5300 2098 5357 Εἰκονοκαυστῶν

527 5392 735 5463 δόγμα,
784 5394 922 5450 ἀλλὰ
986 5395 1081 5449 καὶ
1144 5394 1454 5459 ἐπιστολαῖς
1512 5393 1946 5466 στηλιτευτικαῖς
2003 5392 2101 5444 οὐκ

597 5553 646 5586 ⁸⁸
686 5552 827 5609 Psal.
862 5569 1049 5622 ιχιιι,
1076 5555 1243 5613 15ο16
1321 5555 1366 5588 ⁵⁸
1443 5554 1581 5614 ibid.

2205 4676 2419 4731 quoque
2470 4660 2756 4717 inferiores
2802 4660 2979 4732 Lyciae
3024 4663 3353 4731 provinciae,
3400 4671 3565 4735 atque
3615 4663 3779 4719 etiam

2206 4752 2451 4818 Sileum,
2498 4752 2675 4823 Syce,
2728 4762 2783 4807 et
2829 4767 2949 4821 quae
2983 4752 3037 4807 in
3087 4751 3413 4823 Propontide
3457 4753 3781 4823 navigabilia

2202 4852 2361 4909 sunt,
2400 4843 2718 4915 Cyprusque
2771 4845 2943 4897 insula
2972 4884 2987 4910 ,
3042 4854 3095 4899 et
3146 4858 3269 4914 qum
3299 4859 3332 4900 e
3364 4845 3589 4914 regione
3635 4844 3780 4901 illius

2203 4944 2330 4991 sunt
2355 4937 2421 4989 ad
2453 4934 2710 5004 Tripolim
2746 4951 2914 5005 usque
2949 4944 3004 4990 ct
3041 4933 3245 5007 Tyrum
3280 4945 3336 4991 et
3366 4933 3597 5006 Joppen.
3640 4934 3781 5001 Quid

2205 5041 2333 5081 vero
2372 5041 2805 5083 commemorare
2846 5042 2981 5098 opus
3008 5037 3092 5082 est
3130 5027 3332 5094 Romae,
3387 5027 3691 5083 Antiochia:
3727 5036 3782 5083 et

2203 5117 2547 5174 Alexandria:
2593 5120 2890 5185 antistites,
2921 5120 3011 5189 qui
3055 5119 3352 5174 nefandum
3401 5119 3781 5175 lconocausta-

2204 5224 2325 5263 rum
2356 5209 2553 5280 dogma
2581 5225 2688 5266 non
2716 5211 2890 5266 solum
2913 5211 3173 5266 exsecrati
3199 5218 3324 5265 sunt
3348 5218 3403 5265 et
3433 5210 3797 5264 anathemate

2205 5311 2596 5369 percusserunt
2623 5342 2637 5369 ,
2670 5302 2764 5358 sed
2784 5303 2948 5358 etiam
2974 5302 3172 5357 litteris
3201 5300 3257 5356 in
3284 5301 3505 5371 impium
3540 5300 3780 5371 impera-

2206 5401 2378 5447 torem
2422 5392 2565 5450 illius
2607 5392 3012 5464 astipulatorem
3067 5392 3248 5449 invehi
3296 5407 3402 5449 non
3449 5400 3783 5456 cessarunt,

1719 5552 1805 5611 lli.
1882 5553 1926 5583 ³⁷
1970 5552 2109 5607 Psal.
2142 5566 2293 5617 cvm,
2330 5551 2417 5607 l5.
2493 5552 2538 5585 ⁸⁸
2567 5549 2708 5607 Psal.
2746 5567 2902 5617 xcnl,
2936 5550 2989 5607 l.

1797 5652 2025 5723 minus
2061 5668 2465 5725 LECTIONES.

611 5783 849 5856 ῥέψειε.
928 5784 942 5836 i
993 5786 1062 5841 al.
1093 5786 1266 5856 ἱεράν.

541 5854 610 5908 al.
645 5854 890 5909 Συλλέου.

1365 5784 1390 5824 ιι
1420 5785 1490 5842 al.
1528 5785 1813 5841 καταναλιτ)
1822 5804 1924 5839 σει.

2032 5786 2045 5824 ι
2083 5788 2149 5842 al.
2182 5787 2403 5840 Fortiav
2434 5786 2655 5856 Κςὶλην.

2760 5796 2798 5823 m
2834 5784 2901 5839 al.
2932 5782 3277 5839 Νικοπολῶν.
3370 5793 3397 5821 ⁸³
3428 5783 3499 5839 al.
3534 5783 3780 5841 Συλαίου.
