4060 6510
325 452 461 517 1119
1529 447 1904 511 STEPHANI

2009 445 2259 506 lACONI
2298 444 2403 504 (ΖΡ.
3490 436 3639 501 1120

320 580 443 620 eum
476 571 786 633 apostatam,
855 569 911 616 et
935 559 1354 617 haeresiarcham
1380 559 1720 630 appellando.
1752 558 1900 613 inter

2009 555 2311 610 ἐπαύσαντο
2361 551 2784 623 καθυϐρίζοντες
2833 549 2928 605 τὸν
2979 549 3120 622 πρὸς
3159 550 3331 605 τοῦτο
3388 550 3638 604 ἐπινεύ-

321 667 457 721 quos
508 654 671 706 etiam
709 652 1161 707 honoratissimus
1189 660 1244 707 et
1276 651 1708 721 sapientissimus
1742 648 1904 705 Joan-

2014 664 2181 702 σαντα
2220 644 2395 716 ἀσεϐῆ
2429 643 2655 715 βασιλέα
2677 682 2693 707 ,
2724 642 3040 714 ἀποστάτην
3085 643 3180 697 καὶ
3225 640 3643 713 αἱρεσιάρχην

2009 738 2173 794 αὐτὸν
2224 735 2627 799 ἀποκαλοῦντες
2657 736 2717 788 ὲν
2768 728 2853 798 οἷς
2901 732 2997 788 καὶ
3030 734 3060 787 ὁ
3109 732 3483 804 τιμιώτατος
3535 732 3643 785 καὶ

2012 824 2323 895 σοφώτατος
2365 823 2618 895 Ἰωάννης
2656 825 2686 877 ὀ
2726 822 3095 895 Δαμασκηνὸς
3126 820 3580 895 πρεσϐύτερος,
3612 822 3645 874 ὁ

2010 917 2162 988 παρά
2200 916 2296 970 τοῦ
2325 904 2593 987 τυράννου
2625 913 2818 970 τούτου
2849 914 3115 985 Μανσοῦρ
3160 912 3642 985 ἐπονομασθεὶς,

2009 1006 2139 1077 παρ’
2171 1007 2306 1077 ἡμῖν
2336 1005 2395 1059 δὲ
2418 1006 2567 1070 ὅσιος
2595 1005 2692 1060 καὶ
2729 1003 2994 1077 θεοφόρος
3011 1043 3026 1071 ,
3054 1004 3158 1059 οὐκ
3194 1003 3510 1060 επαύσατο
3536 999 3641 1058 τοῦ

2005 1100 2243 1171 γράφειν
2274 1099 2424 1169 αὐτῷ
2456 1100 2552 1161 καὶ
2582 1099 2881 1155 ἀποκαλεῖν
2938 1097 3208 1170 ὲρισχελῆ
3236 1098 3345 1153 καὶ
3379 1095 3639 1166 Μάμεθ,

2008 1191 2432 1262 είκονοκαύστην
2466 1207 2527 1244 τε
2562 1190 2660 1245 καὶ
2693 1191 2978 1262 μισάγιον’
3013 1190 3109 1247 καὶ
3145 1190 3277 1254 τοὺς
3316 1189 3424 1243 ὑπ’
3459 1187 3641 1242 αὐτὸν

2009 1282 2364 1346 ἐπισκόπους,
2404 1282 2751 1348 ὲπισκότους,
2791 1281 3193 1345 κοιλιοδούλους
3241 1299 3309 1336 τε
3350 1280 3466 1335 καὶ
3523 1297 3640 1349 γα-

2011 1376 2181 1446 στρόφ
2191 1392 2369 1441 ρονας.
2394 1374 2646 1429 Μάλιστα
2665 1376 2793 1438 τοὺς
2823 1375 3254 1446 ἱπποδρομικοὺς
3269 1373 3639 1443 φιλάγωνας

2008 1468 2103 1521 κοιλ⁵
2146 1466 2574 1537 φιλοθεάμονας,
2629 1466 2907 1521 Παστιλᾶν
2941 1468 3035 1521 καὶ
3078 1466 3478 1537 Τρικάκοιϐον,
3522 1466 3636 1519 Nt-

328 1561 631 1613 daemonum
671 1563 905 1616 amicum
942 1565 1224 1634 Atzypium
1253 1605 1268 1628 ,
1325 1579 1491 1618 novos
1540 1562 1676 1618 Oreb
1702 1606 1717 1631 ,
1759 1563 1904 1630 Zeb,

2009 1556 2316 1625 κολαῖτηνσ
2368 1572 2428 1609 τε
2460 1557 2553 1609 καὶ
2601 1555 2693 1609 τὸν
2733 1555 3090 1626 φιλοδαιμονα
3152 1555 3497 1619 Ἀτζύπιον,
3555 1554 3641 1619 ὡς

326 1648 513 1717 Zebee,
553 1660 602 1704 et
651 1650 904 1705 Salmana
956 1663 1004 1707 et
1061 1654 1269 1707 Datltan
1296 1654 1372 1721 ";
1406 1655 1599 1723 hisque
1641 1657 1904 1709 subditam

2009 1648 2160 1709 νέους
2198 1645 2393 1714 Ὠρὴϐ,
2424 1648 2566 1714 Ζὴό,
2596 1646 2792 1714 Ζεϐεὲ,
2821 1646 3152 1717 Σωμανὰν
3171 1664 3237 1701 τε
3259 1648 3374 1703 καὶ
3392 1646 3635 1712 Δαθὰν,

325 1741 577 1809 plebem,
626 1745 1082 1813 congregationem
1150 1744 1351 1799 Abiron
1417 1726 1746 1800 nominabat.
1810 1746 1904 1801 His

2010 1739 2255 1801 καὶτοὺς
2282 1739 2372 1792 ὑπ’
2399 1739 2598 1802 αὐτοὺς
2639 1738 2716 1802 ὡς
2756 1737 2874 1807 τὴν
2914 1739 3282 1809 συναγωγὴν
3329 1735 3641 1806 ’Δϐειρῶν

324 1833 679 1902 pluribusque
711 1834 832 1889 aliis
881 1836 1077 1888 animae
1105 1835 1426 1903 perutilibus
1478 1837 1826 1891 sermonibus
1874 1853 1904 1891 a

2010 1828 2370 1882 ἀπεκάλεσεν.
2418 1827 2637 1882 Τούτων
2710 1826 2887 1893 οὕτως
2952 1827 3257 1898 λεχθέντων
3304 1830 3481 1899 παρὰ
3532 1827 3636 1881 τοῦ

326 1925 644 1979 beatissimo
670 1927 958 1994 Stephano
984 1928 1141 1982 dictis
1161 1969 1175 1993 ,
1206 1928 1395 1983 Patres
1427 1943 1614 1998 preces
1654 1928 1904 1998 lugubres

2011 1919 2384 1990 παμμάκαρος
2405 1919 2699 1988 Στεφάνου,
2726 1920 2822 1973 καὶ
2838 1918 3042 1989 ἐτέρων
3056 1918 3416 1989 ψυχωφελῶν
3439 1918 3638 1973 πλειόο

325 2031 578 2085 peregere
599 2056 612 2081 ,
654 2029 1007 2086 extremaque
1034 2021 1207 2074 salute
1233 2029 1423 2074 sancto
1459 2020 1576 2074 viro
1610 2022 1754 2074 dicta
1784 2061 1799 2085 ,
1832 2022 1899 2074 ad

2013 2027 2143 2081 νων,
2177 2010 2341 2082 εὐχὴν
2384 2008 2633 2082 θρηνώδη
2681 2012 2731 2063 οἱ
2792 2011 3039 2082 Πατέρες
3089 2013 3484 2081 ποιήσαντες,
3531 2011 3636 2066 καὶ

323 2106 441 2159 loca
468 2107 812 2162 securissima
853 2108 1078 2175 profecti
1111 2120 1234 2164 sunt
1262 2150 1277 2173 ,
1317 2124 1424 2164 non
1458 2111 1702 2182 martyrii
1740 2120 1904 2170 metu,

2013 2101 2074 2152 τὸ
2109 2099 2415 2153 τελευταῖον
2448 2100 2842 2170 συντακτήριον
2872 2098 2966 2152 τὸν
2998 2098 3155 2168 ἆγιον
3189 2099 3632 2169 ἀσπασάμενοι.

321 2199 416 2251 sed
454 2199 661 2268 tyranni
706 2199 954 2264 insidias,
994 2216 1260 2270 suumque
1292 2201 1529 2271 ipsorum
1560 2203 1903 2271 inexpertum

2012 2191 2215 2262 ᾤχοντο
2245 2192 2382 2263 πρὸς
2405 2191 2532 2255 τοὺς
2560 2191 2660 2262 τῆς
2689 2191 2870 2259 φυγῆς
2898 2190 3356 2253 σωστικωτάτους
3388 2192 3631 2254 τόπους,

323 2289 559 2341 animum
592 2290 770 2343 veriti.
802 2289 908 2346 Nec
933 2292 1078 2345 enim
1110 2293 1394 2360 probatum
1447 2301 1551 2358 est,
1582 2294 1724 2363 quod
1752 2295 1904 2347 inex-

2011 2284 2132 2355 ούχὶ
2159 2284 2222 2337 τὺ
2273 2284 2575 2355 μαρτύριον
2605 2283 2932 2350 δειλιῶντες,
2984 2278 3121 2337 ἀλλά
3162 2283 3226 2337 τὸ
3264 2282 3373 2337 τοῦ
3417 2283 3633 2355 τυράν-

323 757 421 796 nes
487 740 855 796 Damascenus
926 739 1213 811 presbiter
1273 739 1480 811 (quem
1557 738 1647 793 hic
1727 747 1910 809 tyran-

320 848 427 887 nus
495 830 715 886 Mansur
760 830 1112 899 nominabat,
1174 846 1274 887 nos
1333 839 1513 886 autem
1560 837 1805 885 sanctum
1854 838 1910 884 et

323 921 590 976 deiferum
647 922 1042 993 appellamus)
1096 923 1272 978 eidem
1336 923 1614 988 scribere,
1674 936 1910 992 eumque

322 1012 635 1067 haereticum
695 1013 1066 1078 blateronem,
1136 1012 1439 1080 Mahomet,
1503 1014 1907 1069 lconocaustam

323 1111 377 1155 et
408 1111 714 1156 sanctorum
765 1105 969 1158 hostem
1020 1119 1330 1172 nuncupare
1359 1119 1464 1159 non
1491 1104 1717 1160 destitit.
1764 1103 1909 1159 Sub-

320 1192 494 1263 jcctos
537 1209 663 1248 vero
715 1195 816 1264 ipsi
874 1196 1157 1264 episcopos
1186 1235 1200 1261 ,
1252 1196 1573 1260 ὲπισκότους
1603 1236 1620 1263 ,
1681 1197 1735 1251 id
1781 1205 1904 1262 est,

328 1287 697 1342 tenebricosos
721 1329 736 1352 ,
771 1290 977 1344 ventris
1018 1293 1290 1360 mancipia
1335 1301 1391 1346 et
1424 1292 1707 1347 helluones
1745 1307 1909 1346 voca-

326 1378 439 1432 bat.
471 1376 633 1448 453
669 1377 724 1432 In
772 1379 962 1449 primis
991 1395 1121 1434 vero
1160 1382 1431 1436 circornm
1465 1392 1518 1436 et
1563 1382 1903 1446 Spectaculo-

329 1484 448 1521 rum
478 1481 750 1523 amatores
786 1471 1065 1537 Pastilam,
1093 1473 1473 1541 Trieacabum,
1506 1472 1828 1527 Nicolaitam
1854 1482 1909 1529 et

322 2389 533 2445 pertum
564 2388 647 2432 est
677 2397 689 2432 :
724 2382 864 2449 quod
895 2395 1022 2434 vero
1063 2382 1194 2448 ipsis
1230 2383 1393 2435 rebus
1422 2384 1764 2451 exploratum
1799 2391 1904 2450 est,

322 2471 601 2538 prohatins
631 2479 714 2525 est
738 2510 753 2536 ,
791 2472 960 2525 instar
989 2474 1107 2527 auri
1143 2476 1286 2542 quod
1314 2475 1588 2529 caminum
1617 2484 1903 2544 expertum

321 2572 425 2616 est.
460 2561 611 2616 Tunc
636 2579 863 2618 cernere
906 2577 1022 2619 erat
1072 2568 1375 2620 monastico
1412 2567 1600 2621 ordine
1633 2576 1686 2621 et
1732 2565 1910 2620 Naza-

323 2651 435 2703 rico
467 2650 650 2703 habitu
695 2653 848 2719 quasi
882 2653 934 2705 in
968 2654 1342 2721 captivitatem
1379 2654 1610 2707 abducto
1653 2655 1906 2709 orbatum

320 2738 666 2809 Byzantium.
714 2740 808 2796 llle
850 2741 1082 2797 Pontum
1127 2741 1395 2797 Euxinum
1437 2745 1767 2814 navigabat:
1810 2746 1896 2799 hic

321 2827 555 2900 Cyprum
590 2836 837 2899 petebat,
865 2833 1004 2888 alius
1037 2833 1263 2888 Romam
1292 2836 1570 2890 discedere
1598 2837 1902 2891 meditabao

326 2933 452 2977 tur:
480 2933 645 2994 atque
675 2923 747 2978 ita
784 2925 1018 2994 propriis
1042 2926 1391 2983 monasteriis
1418 2927 1625 2983 relictis
1660 2929 1906 3000 hospites

322 3026 376 3068 et
408 3016 626 3071 advena:
651 3012 780 3071 facti
809 3025 959 3072 sunt.

394 3290 614 3346 Interim
654 3300 914 3362 tyrannus
954 3302 1238 3363 augustum
1283 3293 1619 3346 intemeratae
1660 3292 1902 3362 Deipara:

322 3382 582 3452 templum
613 3382 1013 3439 Blachernense
1051 3385 1284 3448 evertit,
1318 3385 1458 3453 quod
1506 3385 1721 3450 quidem
1757 3385 1906 3453 prius

323 3474 493 3527 inuris
519 3484 769 3526 ornatum
801 3483 938 3536 erat,
974 3474 1063 3527 ubi
1104 3474 1329 3541 picturis
1358 3475 1762 3541 exprimebatur
1810 3462 1903 3529 Dei

322 3566 388 3619 ad
418 3579 515 3618 nos
542 3565 870 3628 descensus,
912 3565 1171 3631 variaque
1209 3566 1350 3619 illius
1383 3566 1641 3620 miracula
1679 3576 1732 3621 et
1767 3566 1903 3620 facta

322 3671 494 3724 usque
541 3655 607 3709 ad
658 3653 897 3720 ejusdem
953 3655 1118 3727 454
1155 3658 1579 3726 assumptiouem
1629 3654 1685 3711 et
1730 3657 1904 3711 sancti

322 3747 559 3816 Spiritus
578 3747 865 3799 adventum
894 3766 905 3801 :
934 3757 1098 3815 atque
1122 3747 1221 3801 hoc
1245 3760 1399 3816 pacto
1427 3748 1680 3802 omnibus
1700 3748 1903 3804 Christi

322 3815 602 3911 mysteriis
641 3837 903 3901 Sublatis,
939 3837 1237 3892 Ecclesium
1277 3855 1551 3908 pomorum
1605 3841 1901 3891 custodiam

320 3941 375 3983 et
407 3930 672 3983 aviarium
710 3930 940 3982 reddidit
970 3929 1038 3982 ⁸ο.
1073 3929 1350 3998 Siquidem
1383 3929 1691 3996 arboribus,
1726 3929 1905 3983 diver-

321 4025 399 4077 sis
426 4023 735 4077 volucribus
764 4032 817 4074 et
847 4022 1038 4075 belluis
1060 4065 1074 4089 ,
1107 4023 1339 4090 aliisque
1381 4022 1730 4090 quihusdam,
1764 4024 1907 4077 inter

326 4112 539 4167 hederae
569 4111 717 4177 folia,
751 4127 967 4182 gruum,
1001 4114 1276 4165 cornicum
1306 4119 1360 4163 et
1388 4127 1653 4177 pavonum
1684 4112 1907 4167 orbibus

325 4218 445 4256 eam
476 4205 811 4265 cxoruando.
847 4217 973 4257 vere
1013 4204 1318 4256 inornatam
1345 4203 1546 4257 eﬂ‘ecit.
1582 4203 1639 4256 Si
1669 4204 1760 4272 qui
1794 4218 1905 4256 au-

327 4303 434 4347 tem
487 4293 726 4362 ejusdem
769 4308 832 4347 ac
884 4294 974 4349 ille
1020 4294 1304 4365 sententiae
1356 4308 1439 4347 me
1481 4293 1531 4347 ei
1578 4292 1904 4348 calumniam

323 4385 525 4439 inferre
568 4388 937 4454 suspicantur,
993 4386 1135 4439 istud
1169 4386 1342 4454 ipsum
1382 4383 1639 4454 templum
1670 4386 1901 4450 adeant,

320 4477 520 4545 illaque
551 4492 674 4531 vera
706 4492 827 4532 esse
860 4486 988 4532 tunc
1026 4478 1292 4542 persuasi,
1326 4492 1448 4532 cum
1482 4491 1640 4530 sacro
1675 4484 1905 4530 eantore

320 4567 488 4620 David
523 4567 703 4621 dicant
733 4587 745 4621 :
777 4566 938 4629 Deus,
974 4578 1218 4621 venerunt
1244 4578 1417 4636 gentes
1447 4567 1503 4620 in
1538 4566 1901 4620 [nereditatem

320 4669 489 4723 tuam,
521 4657 819 4724 polluerunt
858 4657 1106 4727 templum
1133 4666 1375 4720 sanctum
1408 4666 1578 4722 (nunt,
1618 4665 1901 4724 posuerunt

318 4751 602 4821 mysticam
629 4748 945 4814 Jerusalem,

2011 2394 2105 2429 νου
2140 2376 2469 2447 πανοῦργον,
2505 2376 2601 2429 καὶ
2638 2375 2699 2429 τὸ
2732 2377 2913 2428 αὐτῶν
2955 2376 3299 2446 ἀπείραστον
3341 2374 3625 2438 δεδιότες.

2012 2469 2087 2521 Οὐ
2118 2468 2340 2538 δόκιμον
2372 2468 2482 2539 γὰρ
2509 2467 2568 2521 τὺ
2597 2468 2928 2537 ἀπείραστον
2952 2484 2965 2499 ·
3001 2467 3063 2521 τὸ
3093 2467 3149 2520 δὲ
3177 2467 3533 2538 βασανισθὲν
3566 2467 3629 2521 ἂν

2012 2562 2121 2621 τοῖς
2162 2561 2449 2631 πράγμασι
2478 2556 2867 2629 δοκιμώτερον,
2904 2558 2981 2622 ὡς
3008 2558 3068 2612 ὲν
3119 2559 3342 2628 καμίνῳ
3380 2558 3622 2629 χρυσός.

2010 2652 2122 2705 Καὶ
2165 2646 2233 2720 ἦν
2284 2652 2412 2703 ἰδεῖν
2457 2650 2999 2721 αίχμαλωτιζόμενον
3052 2650 3113 2703 τὺ
3162 2650 3479 2714 Βυζάντιον
3522 2651 3624 2724 τοῦ

2013 2742 2308 2814 μοναχικοῦ
2340 2742 2642 2810 καταλόγου
2671 2744 2765 2797 καὶ
2794 2739 2889 2795 τοῦ
2924 2742 3252 2812 Ναζωρικοῦ
3289 2745 3617 2813 σχήματος.

2012 2837 2121 2888 Καὶ
2150 2835 2209 2899 ὃς
2245 2835 2345 2904 μὲν
2371 2834 2461 2887 τὸν
2486 2834 2740 2901 Εὔξεινον
2762 2834 3035 2889 ἀπέπλεεν
3066 2836 3291 2898 Πόντον,
3329 2835 3396 2899 ὃς
3431 2835 3490 2888 δὲ
3516 2835 3624 2906 τὴν

2009 2927 2236 2995 Κύπρον
2295 2925 2707 2996 κατελάμϐανεν
2738 2942 2752 2957 ο
2802 2926 2961 2990 ἄλλος
3013 2926 3153 2996 πρὸς
3201 2927 3304 2999 τὴν
3385 2927 3620 2998 Ῥώμην

2008 3017 2268 3088 ἀπαίρειν
2299 3017 2581 3068 διενοεῖτο.
2623 3016 2735 3069 Kal.
2783 3015 2959 3080 οὕτως
3001 3016 3334 3082 ξενωθέντες
3376 3017 3496 3071 τῶν
3539 3018 3621 3070 ci-

2011 3110 2173 3162 κείων
2216 3107 2671 3180 φροντιστηρίων,
2734 3106 2877 3173 ξένοι
2925 3108 3020 3162 καὶ
3059 3108 3318 3180 πάροικοι
3368 3108 3617 3180 ἐγνωρί-

2009 3198 2185 3264 ζοντο.
3163 3259 3172 3267 .

2077 3291 2184 3343 Τοῦ
2227 3290 2285 3343 δὲ
2331 3293 2596 3363 τυράννου
2643 3290 2738 3345 τὸν
2793 3291 3092 3362 σεϐάσμιον
3140 3290 3267 3345 ναὸν
3310 3291 3421 3362 τῆς
3473 3308 3615 3344 παν-

2006 3382 2278 3453 αχράντου
2310 3381 2575 3435 Θεοτόκου
2608 3382 2701 3436 τδν
2734 3383 2790 3435 ὲν
2811 3383 3143 3453 Βλαχέρναις
3173 3378 3614 3453 κατορύξαντος,

2003 3475 2095 3528 τὸν
2121 3475 2249 3546 πρὶν
2292 3474 2710 3544 κεκοσμημένον
2751 3477 2863 3538 τοῖς
2890 3473 3186 3543 διατοίχοις
3214 3473 3348 3527 ὄντα
3394 3472 3512 3528 ἀπό
3544 3489 3607 3525 τε

2005 3567 2105 3635 τῆς
2137 3565 2272 3637 πρὸς
2305 3566 2452 3635 ἡμᾶς
2479 3563 2573 3617 τοῦ
2606 3563 2746 3617 Θεοῦ
2795 3565 3295 3633 συγκαταϐάσεως,
3323 3564 3438 3628 ἕως
3474 3563 3614 3617 θαυ-

2009 3656 2197 3725 μάτων
2244 3654 2539 3716 παντοίων,
2574 3654 2665 3707 καὶ
2703 3654 2868 3724 μέχρι
2898 3655 2998 3723 τῆς
3028 3651 3198 3704 αὑτοῦ
3241 3652 3606 3720 ἀναλήψεως,

2005 3747 2231 3815 καὶτῆς
2259 3746 2351 3800 τοῦ
2390 3746 2547 3815 ἁγίου
2582 3744 2907 3816 Πνεύματος
2939 3743 3157 3797 κοθόδου
3196 3743 3286 3796 διὰ
3321 3742 3610 3811 είκονικῆς

2007 3840 2548 3910 ἁναζωγραφήσεωςο
2578 3839 2671 3892 κα)⁸
2695 3836 2867 3900 οὕτως
2893 3836 2963 3890 τά
2988 3836 3080 3889 τοῦ
3108 3836 3349 3907 Χριστοῦ
3383 3836 3609 3904 ἅπαντα

2010 3934 2248 4000 μυστικά
2287 3931 2603 4000 ὲξάραντος,
2638 3928 3146 3998 ὀπωροφυλάκιον
3187 3929 3282 3981 καὶ
3311 3929 3608 3998 ὀρνεοσκο-

2006 4027 2157 4077 πεῖον
2198 4025 2298 4094 τὴν
2342 4023 2671 4094 Ἐκκλησίαν
2724 4021 3004 4091 ἐποίησεν.
3060 4020 3264 4091 Δὲνδρα
3309 4022 3407 4075 καὶ
3439 4020 3605 4089 ὄρνεα

2008 4115 2261 4180 παντοῖα,
2297 4115 2463 4185 θηρία
2489 4131 2546 4167 τε
2572 4116 2667 4168 καὶ
2695 4113 2832 4167 ἄλλα
2860 4113 2983 4166 τινά
3011 4112 3276 4181 ἐγκύκλια
3298 4113 3389 4167 διά
3415 4126 3605 4167 κισσο·

2006 4199 2212 4271 φύλων,
2255 4204 2501 4273 γεράνων
2537 4219 2599 4255 τε
2630 4202 2724 4255 καὶ
2750 4202 3027 4273 κορωνῶν,
3091 4202 3185 4255 καὶ
3211 4202 3443 4256 ταώνων
3472 4201 3605 4255 vati-

2004 4310 2104 4365 την
2129 4292 2571 4366 περιμουσὼσας,
2595 4295 2661 4347 ἶν’
2681 4294 2841 4361 εἴπω,
2865 4292 3082 4363 ἀληθῶς
3103 4293 3347 4363 ἄκοσμον
3375 4293 3600 4359 ἔδειξεν.

1988 4388 2117 4441 ’Καὶ
2145 4388 2194 4439 εί
2223 4389 2553 4458 κατηγορεῖν
2596 4403 2664 4457 με
2705 4385 2896 4440 τοῦτόν
2940 4404 3088 4450 τινες
3115 4386 3603 4458 ὑπολαμϐάνουσιν

2003 4480 2100 4534 τοῦ
2133 4480 2298 4533 αὐτοῦ
2325 4480 2695 4551 φρονήματος,
2721 4481 2935 4553 τορτονὶ
2971 4481 3061 4534 τὸν
3091 4480 3220 4534 ναὸν
3250 4479 3597 4535 καταλαϐόν-

2007 4588 2120 4637 τες,
2152 4571 2249 4624 καὶ
2282 4572 2458 4642 ἀληθῆ
2500 4573 2643 4626 αύτά
2681 4567 2824 4625 εἶναι
2851 4572 3245 4637 πιστεύσαντες
3265 4613 3281 4640 ,
3331 4574 3477 4645 μετά
3507 4574 3601 4626 τοῦ

2012 4661 2331 4733 ἱεροψάλτου
2358 4662 2524 4715 Δαϐἰδ
2553 4663 2784 4717 εἴπωσιν
2805 4681 2820 4694 ο
2863 4662 2926 4717 '0
2955 4665 3121 4730 Θεὸς,
3151 4663 3431 4733 ἢλθοσαν
3456 4666 3599 4728 ἔθνη

1050 4747 1348 4802 Ecclesiam
1374 4756 1518 4801 tuam
1549 4747 1602 4800 in
1628 4755 1904 4813 pomorum

2009 4754 2089 4818 sig
2114 4752 2230 4821 τὴν
2257 4754 2664 4822 κληρονομίαν
2698 4768 2837 4809 σουο
2879 4754 3135 4824 ἐμίαναν
3166 4756 3273 4809 τὸν
3298 4758 3457 4810 ναὸν
3498 4759 3604 4808 τὸν

319 4844 613 4895 custodiam
642 4856 825 4894 carnes
856 4850 1157 4894 sanctorum
1202 4851 1412 4893 tuorum
1465 4848 1800 4908 martyrum,
1851 4846 1904 4891 et

2009 4844 2179 4914 ἅγιόν
2220 4857 2360 4899 σουο
2404 4845 2609 4899 ἔθεντο
2648 4844 2747 4917 τὴν
2797 4848 2993 4917 νοητὴν
3044 4846 3447 4917 Ἰερουσαλὴμ
3503 4845 3598 4912 τὴν

319 4932 705 4989 monachornin
735 4932 1072 4985 venerandas
1108 4932 1362 5001 reliquias
1387 4930 1566 4984 bestiis
1594 4931 1904 5001 terra“,ign

2021 4936 2347 5007 Ἐκκλησίαν
2382 4952 2475 4988 σου
2503 4939 2591 5002 είς
2636 4936 3161 5006 ὀπωροφυλάκιον·
3218 4939 3326 5005 τὰς
3361 4938 3600 5006 σάρκας

319 5040 369 5080 et
404 5025 672 5095 profundo
705 5025 893 5079 maris.
924 5023 980 5078 In
1016 5025 1118 5079 hoc
1149 5025 1313 5093 igitur
1344 5024 1730 5093 augustissimo
1767 5033 1904 5077 tem-

319 5118 406 5185 plo
450 5116 749 5171 sceleratus
793 5116 880 5169 ille
911 5116 1209 5184 praesidens
1235 5130 1341 5169 una
1377 5129 1501 5169 cum
1535 5113 1772 5180 ejusdem
1810 5128 1905 5166 no-

317 5211 481 5263 minis
506 5210 778 5278 proditore
809 5208 1013 5263 Christi
1042 5210 1251 5279 gregis,
1286 5210 1609 5275 exterisque
1636 5205 1738 5259 sibi
1771 5204 1902 5259 sub-

314 5300 474 5367 jcclis
531 5301 734 5356 ventris
789 5300 1074 5370 mancipiis
1131 5299 1405 5369 episcopis
1469 5296 1897 5352 abominandam

321 5392 541 5461 Deoqne
572 5391 822 5448 infestant
858 5394 1124 5463 synodqu
1155 5391 1489 5455 celebravit,
1522 5392 1573 5444 in
1606 5406 1708 5460 qua
1741 5405 1901 5442 vene-

393 5573 435 5607 ”
472 5577 609 5631 [’sal.
642 5590 848 5642 Lxxxn,
892 5576 976 5631 12.
1061 5578 1106 5610 ⁸ο
1146 5575 1290 5633 Psal.
1328 5590 1559 5641 κίκι-ιιι,
1600 5575 1647 5628 ι.

2008 5027 2128 5081 τῶν
2167 5029 2354 5082 ὁσίων
2397 5043 2513 5081 σου
2563 5028 2858 5099 μαρτύρων
2901 5030 2995 5081 καὶ⁴
3036 5028 3288 5099 μοναχῶν
3325 5028 3395 5082 τὰ
3441 5027 3596 5095 τίμια

2008 5115 2267 5187 λείψανα,
2297 5117 2420 5184 τοῖς
2463 5118 2690 5186 θηρίοις
2732 5116 2841 5185 τῆς
2885 5118 3029 5187 γῆς,
3081 5118 3159 5190 τῷ
3205 5120 3338 5192 πυρὶ
3384 5118 3481 5173 καὶ
3518 5112 3593 5181 τῷ

2011 5207 2159 5279 βυθῷ
2205 5209 2303 5279 τῆς
2350 5208 2649 5280 θαλάσσης.
2704 5210 2791 5264 Ἐν
2832 5210 3008 5281 τούτῳ
3037 5206 3131 5265 οὖν
3170 5211 3248 5283 τῷ
3298 5212 3590 5276 πανσέπτῳ
3627 5251 3635 5260 .

2011 5301 2124 5372 ναῷ
2153 5304 2181 5354 ὁ
2203 5302 2481 5373 ἀλιτήριος
2502 5301 2899 5373 προκαθεσθεὶς
2923 5304 3042 5375 ἅμα
3061 5304 3140 5375 τῷ
3161 5304 3439 5376 ὁμωνύμῳ
3460 5316 3591 5372 προ-

2012 5392 2142 5463 δότῃ
2171 5394 2270 5463 τῆς
2297 5389 2391 5444 τοῦ
2416 5390 2656 5462 Χριστοῦ
2690 5393 2925 5463 ποίμνης
2947 5432 2961 5458 ,
3006 5393 3102 5448 καὶ
3143 5395 3255 5456 τοῖς
3308 5392 3397 5445 ὑπ’
3425 5383 3582 5447 σ”θτοῧ

1729 5575 1769 5606 ει
1808 5573 1938 5629 ibid.
1975 5573 2085 5645 με.

1704 5716 1936 5773 VARUE
1974 5718 2386 5777 LECTIONES.

402 5861 427 5887 °
461 5856 528 5908 al.
566 5856 912 5926 Νικολιάεην,
943 5859 1011 5914 al.
1047 5861 1416 5931 Νακολιάτην.

2190 5912 2215 5939 \
