4060 6430
457 344 588 411 1121

1552 346 1728 407 VITA
1761 347 1821 408 S.
1847 347 2227 408 STEPHANI
2271 349 2655 411 JUNIORIS.

3578 356 3715 419 11:22

453 458 833 523 κοιλιοδούλοις
852 458 1173 522 ἐπισκόποις
1196 474 1227 513 ιι
1244 457 1342 529 τὴν
1372 456 1626 528 μυσαράν
1657 458 1753 509 καὶ
1783 456 2031 528 ἐχθρώδη

2138 456 2320 510 τιιηόιιι
2347 456 2608 526 imagines
2641 457 2929 513 simulacra
2960 459 3152 515 idolica
3182 462 3449 531 appellata
3480 510 3484 517 .
3555 477 3708 523 sunt.

451 550 545 605 τοῦ
568 548 707 604 Θεοῦ
737 549 1047 604 ἐπιτελοῦσι
1072 549 1313 617 σύνοδον,
1340 549 1693 620 ἀγαλματικά
1722 547 1914 601 εἴδωλα
1933 548 2033 612 τὰς

456 642 662 704 σεπτάς
685 640 903 705 εἰκόνας
930 641 1281 703 καλέσαντες.
1316 640 1603 711 Φρίττουσί
1632 656 1734 709 μου
1767 638 1834 692 τὰ
1866 640 2030 704 ὀστᾶ,

452 733 548 786 καὶ
577 732 768 803 νεφροὶ
816 732 1044 802 καρδίας
1074 731 1460 799 αἰσθάνονται,
1512 731 1588 795 ὥς
1633 747 1798 803 φησιν
1824 734 1853 785 ό
1895 730 2034 784 Ἐλι-

453 822 565 892 φὰς
592 864 607 889 ,
638 817 684 891 ᾧ
731 823 956 877 συνετὸν
1008 823 1102 877 καὶ
1135 822 1327 877 πιστὸν
1364 823 1751 894 ἀκροατήριον,
1800 823 1888 876 ὅτε
1939 823 2034 877 καλ⁵

455 916 620 985 μόνον
646 918 727 980 είς
774 918 997 989 μνήμην
1024 917 1094 971 τά
1122 917 1246 971 τότε
1275 916 1592 989 πραχθέντα
1622 916 1864 987 λάϐοιμι.
1896 914 2035 972 Εἶτα

452 1005 736 1076 Γερμανδν
779 1007 874 1061 τὸν
916 1009 1058 1062 θεῖον
1088 1009 1185 1063 καὶ
1228 1009 1523 1080 όρθοτόμον
1551 1008 1654 1078 τῆς
1706 1010 2033 1080 Ἐκκλησίας

454 1097 720 1167 πρόεδρον
757 1099 807 1150 οἱ
838 1099 904 1151 ἐκ
932 1098 1071 1152 Θεοῦ
1104 1098 1561 1171 ἀλλοτριωθέντες
1592 1097 2031 1168 ἀναθεματίσαν-

452 1201 565 1252 τες,
595 1185 930 1260 ξυλολάτρην
963 1188 1413 1243 ἀπεκάλεσαν.Ὦ
1440 1189 1540 1259 τῆς
1570 1187 1664 1242 τοῦ
1692 1187 1888 1260 ἐχθροῦ
1914 1205 2033 1241 πω-

455 1276 704 1348 ρώσεωςι
739 1276 784 1331 ὣ
833 1278 933 1348 τῆς
968 1278 1357 1349 βλασφημίαςι
1409 1276 1455 1331 ὣ
1481 1278 1582 1348 τῆς
1626 1279 2027 1350 παρατροπῆςί

452 1369 578 1431 Πῶς
612 1370 850 1440 ἐννοήσω
883 1388 1002 1438 σου,
1039 1372 1246 1441 Χριστέ
1274 1388 1401 1442 μου,
1430 1370 1532 1442 τὴν
1561 1370 1686 1424 τότε
1721 1371 2032 1442 ἀπέραντον

451 1458 846 1528 ἀνεξικακίαν;
883 1461 1181 1530 πάμπολλα
1204 1463 1260 1516 δέ
1287 1462 1469 1517 αὐτῶν
1495 1462 2029 1534 βλασφημησάντων,

452 1552 552 1603 καὶ
594 1550 735 1604 κατά
766 1550 877 1603 τῶν
923 1552 1096 1621 ἁγίων
1145 1553 1243 1605 καὶ
1290 1553 1393 1622 τῆς
1440 1554 1715 1623 ἀχράντου
1763 1554 2029 1608 Θεοτόκου

454 1639 636 1694 αὐτῶν
679 1640 1070 1710 χωρησάντων,
1106 1639 1184 1703 ὡς
1227 1639 1445 1711 βοηθεῖν
1488 1640 1628 1711 μετά
1654 1641 1906 1694 οθάνατον
1956 1640 2030 1713 μὴ

451 1727 760 1798 δυναμένης
779 1745 794 1760 ·
831 1728 893 1782 τὸ
936 1728 1252 1783 τελευταῖον
1284 1730 1381 1782 καὶ
1424 1728 1643 1802 πρῶτον
1676 1730 1770 1783 καὶ
1811 1731 2031 1784 πάντων

2137 538 2399 595 Tremunt
2426 558 2549 597 ossa
2583 559 2700 597 mea
2722 584 2736 609 ,
2768 554 2823 599 et
2861 562 3018 601 renes
3047 549 3226 603 cordis
3254 552 3516 616 sentiunt,
3546 565 3604 605 ut
3636 555 3713 607 ait

2134 629 2861 705 Eliphas“,cuiintelligens
2898 645 2951 691 et
2981 637 3138 693 ﬁdele
3177 649 3296 694 erat
3345 640 3670 698 auditorium
3694 683 3710 709 ,

2131 719 2295 791 455
2325 738 2444 777 cum
2491 724 2572 778 vel
2604 725 2796 780 'solum
2846 726 2899 780 in
2945 729 3263 783 memoriam
3316 746 3541 796 revoco,
3592 749 3714 803 qua:

2134 825 2261 870 tunc
2285 818 2540 884 temporis
2567 828 2685 872 acta
2705 828 2851 876 sunt.
2884 818 3078 874 Postea
3112 821 3439 877 Germanum
3466 826 3710 879 divinum

2133 916 2188 960 et
2241 909 2599 963 orthodoxam
2654 910 2909 965 Ecclesia:
2953 912 3237 980 praesulem
3288 914 3360 977 ii,
3410 917 3502 984 qui
3541 934 3568 968 a
3605 917 3712 971 Deo

2132 997 2421 1052 abalienati
2452 1008 2648 1064 erant,
2677 1002 3027 1056 anathemate
3060 1014 3474 1072 purcusserunt,
3497 1015 3551 1059 et
3583 1008 3709 1076 ligni

2133 1085 2393 1141 cultorem
2450 1087 2880 1156 appellaverunt.
2933 1088 2979 1144 Ο
3039 1090 3243 1145 inimici
3294 1092 3625 1147 carcitatem!
3680 1112 3713 1146 ο

2134 1176 2554 1245 blasphemiam!
2590 1193 2622 1232 o
2654 1180 3063 1246 perversitatem
3091 1183 3105 1237 l
3137 1183 3236 1248 Qui
3273 1191 3416 1238 tuam
3444 1185 3708 1240 infinitam

2132 1264 2580 1332 clementiam,mi
2604 1268 2838 1335 Christe,
2854 1271 3183 1341 intelligam?
3206 1272 3397 1339 Porro,
3423 1286 3706 1345 postquam

2131 1359 2438 1429 complures
2468 1361 2831 1431 blasphemias
2866 1367 3269 1433 evomuissent,
3301 1378 3464 1437 atque
3495 1370 3545 1421 in
3580 1385 3709 1424 san-

2132 1458 2250 1504 ctos
2276 1459 2328 1505 et
2352 1452 2724 1507 intemeratam
2752 1453 3035 1524 Deiparam
3060 1457 3329 1512 hostiliter
3357 1461 3710 1527 prodiissent,

2131 1542 2287 1609 quasi
2331 1552 2450 1610 post
2495 1554 2724 1597 mortem
2774 1546 2887 1614 ipsa
2923 1561 3080 1614 opem
3132 1547 3275 1601 ferre
3325 1563 3430 1603 non
3476 1551 3706 1605 valeret:

2130 1642 2440 1700 postremo,
2475 1635 2586 1690 imo
2624 1641 2766 1705 quod
2797 1638 3029 1706 primum
3054 1648 3109 1692 et
3137 1641 3388 1695 omnibus
3420 1642 3568 1710 pejus
3604 1652 3707 1707 est,

2131 1722 2325 1777 nefarii
2355 1725 2429 1779 illi
2452 1734 2505 1780 et
2530 1727 2758 1795 profani,
2793 1729 2941 1796 impii
2968 1727 3279 1798 Babyloniei
3309 1733 3480 1786 vineae
3509 1736 3708 1788 Christi

453 1795 658 1889 χεῖρον,
689 1795 737 1871 oi
769 1820 959 1889 μιαροὶ
990 1820 1189 1872 ἐκεῖνοι
1232 1819 1329 1873 καὶ
1359 1795 1597 1890 ἀνίεροι,
1630 1822 1680 1874 oi
1724 1820 1818 1872 τὸν
1850 1822 2030 1890 ἀμπε-

2133 1826 2501 1882 corruptores,
2542 1816 2610 1870 de
2643 1818 2839 1885 quibus
2870 1795 3132 1887 scriptum
3179 1830 3261 1875 est
3301 1838 3316 1875 :
3364 1822 3595 1891 Egreua
3630 1833 3709 1876 est

452 1909 600 1964 λῶνα
651 1910 891 1980 Χριστοῦ
949 1910 1366 1982 διαφθείραντες
1415 1911 1608 1981 ἄνομοι
1656 1911 2024 1978 Βαϐυλώνιοι,

451 2002 586 2073 περὶ
629 1994 704 2055 ὧν
747 2001 1095 2071 γέγραπται·
1154 2000 1451 2070 Ἐξῆλθεν
1485 2003 1705 2071 ἀνομία
1738 2004 1796 2068 ἐξ
1835 2004 2028 2074 ἱερέων

452 2090 836 2159 Βαϐυλῶνος,
868 2094 963 2147 καὶ
991 2092 1280 2163 Ποιμένες
1303 2093 1524 2148 πολλοὶ
1555 2093 1896 2163 διέφθειραν
1923 2095 2031 2149 τὸν

452 2183 777 2254 ἁμπελῶνά
802 2202 946 2254 μου,
980 2184 1079 2238 καὶ
1110 2184 1363 2253 ἐμίαναν
1402 2183 1520 2252 τὴν
1562 2185 1773 2255 μερίδα
1808 2203 1950 2255 μου·
1980 2188 2028 2239 oi

452 2276 581 2339 τοὺς
611 2274 805 2341 ἄξονας
836 2275 932 2329 τοῦ
975 2275 1109 2329 ίδίου
1139 2278 1413 2348 γεωργίου
1461 2277 1851 2347 παροιμιακῶς
1886 2278 2027 2330 πλα-

453 2367 734 2436 νηθέντες,
770 2368 865 2422 καὶ
908 2367 1235 2432 συνείξαντες
1259 2371 1379 2431 ταῖς
1411 2369 1599 2439 χερσὶν
1639 2368 1943 2439 ἀκαρπίαν,
1979 2370 2029 2422 οἱ

454 2459 729 2530 ἀναμέσον
750 2459 910 2528 ἀγίου
940 2461 1035 2514 καὶ
1066 2460 1295 2533 βεϐήλου
1329 2459 1405 2531 μὴ
1442 2460 1864 2526 διαστείλαντες,
1895 2461 2033 2515 ἀλλὰ

455 2552 728 2623 ἀναμέσον
756 2551 855 2606 τοῦ
883 2552 1276 2625 θυσιαστηρίου
1309 2553 1402 2607 τὸν
1453 2553 1650 2625 θρῆνον
1691 2553 1789 2606 καὶ
1818 2553 1879 2606 τὸ
1907 2553 2032 2607 οὐαὶ

455 2647 968 2717 κατεργασάμενοι·
1018 2641 1166 2701 οὗτοι
1212 2646 1341 2700 ἔνθα
1386 2648 1639 2719 ὑπῆρχον
1687 2636 2028 2717 ἐφεζόμενοι,

455 2736 792 2800 ἀναστάντες
832 2737 951 2808 ἆμα
996 2737 1165 2791 παντὶ
1190 2738 1268 2809 τῷ
1290 2737 1429 2809 λαῷ,
1460 2739 1558 2801 τὰς
1582 2738 1770 2810 χεῖράς
1800 2756 1859 2792 τε
1892 2738 2030 2809 πρὸς

456 2825 591 2896 ὕψος
642 2828 874 2900 ἄραντες
928 2828 1199 2898 ἠλάλαξαν
1247 2828 1348 2901 τὴν
1392 2828 1632 2900 ἐλεεινὴν
1679 2829 1887 2898 φωνὴν,
1936 2828 2029 2881 καὶ

450 2913 632 2971 εἶπον·
685 2919 933 2988 Σήμερον
967 2921 1225 2991 σωτηρία
1253 2920 1328 2991 τῷ
1382 2921 1604 2991 κόσμῳ,
1631 2921 1713 2975 ὅτι
1749 2923 1836 2985 σὺ,
1876 2921 2030 2991 βασι-

455 3006 570 3071 λεῦ,
608 3007 902 3079 ἐλυτρώσω
970 3011 1118 3078 ἡμᾶς
1170 3012 1235 3064 ὲκ
1278 3010 1383 3065 τῶν
1426 3010 1678 3066 εἰδώλων.
1729 3013 1794 3064 Ὢ
1844 3013 2029 3082 φωνῆς

2131 1904 2380 1974 iniquitas
2417 1921 2445 1958 a
2499 1909 2873 1962 sacerdotibus
2923 1910 3215 1980 Babylonis
3260 1912 3333 1979 6";
3376 1923 3427 1967 et
3470 1926 3708 1981 paslores

2131 1997 2283 2049 multi
2312 1997 2543 2051 demoliti
2575 2009 2695 2052 sunt
2748 2002 2951 2054 vineam
2987 2019 3158 2055 meam
3187 2012 3235 2055 et
3265 2005 3707 2057 conculcaverth

2128 2103 2326 2156 panem
2360 2106 2527 2144 meam
2550 2090 2595 2129 ⁸⁵
2629 2109 2643 2146 :
2676 2093 2765 2162 qui
2802 2104 2953 2148 extra
3005 2109 3135 2149 axes
3170 2096 3372 2164 proprii
3406 2096 3520 2165 agri
3552 2113 3704 2151 erra-

2131 2194 2285 2244 vere,
2323 2190 2379 2234 ut
2410 2183 2695 2249 proverbio
2728 2184 2922 2250 fertur,
2970 2194 3024 2240 et
3073 2187 3325 2239 manibus
3362 2188 3705 2239 sterilitath

2131 2269 2435 2340 collegere:
2472 2272 2561 2340 qui
2608 2275 2750 2327 inter
2780 2285 3027 2328 sanctum
3063 2284 3117 2328 et
3155 2276 3439 2344 profanum
3491 2292 3595 2329 non
3628 2277 3708 2329 di-

2133 2361 2336 2427 visere,
2369 2364 2463 2415 sed
2494 2363 2633 2416 intra
2664 2365 2838 2418 altare
2883 2367 3081 2419 luctum
3128 2377 3183 2421 et
3228 2382 3308 2421 va:
3340 2370 3643 2435 produxere
3688 2410 3702 2423 .

2135 2451 2207 2512 lii,
2241 2451 2483 2520 inquam,
2514 2467 2546 2506 e
2596 2452 2712 2507 loco
2745 2454 2835 2509 ubi
2867 2456 3145 2517 sedebant,
3171 2458 3332 2511 simul
3356 2472 3477 2510 cum
3514 2459 3708 2524 popqu

2133 2553 2443 2614 surgentes,
2494 2545 2741 2599 manibus
2772 2546 2825 2599 in
2877 2547 3077 2600 coelum
3110 2548 3307 2602 erectis
3339 2549 3704 2603 miserabilem

2132 2632 2277 2687 illam
2305 2648 2487 2689 vocem
2511 2636 2798 2690 ediderunt
2826 2651 2840 2688 :
2874 2653 2894 2687 ι
2931 2638 3099 2691 llodie
3129 2639 3274 2692 salus
3301 2642 3500 2693 mutulo
3521 2684 3535 2708 ,
3577 2642 3703 2710 quia

2134 2735 2223 2790 ιιι,
2255 2726 2570 2794 Imperator,
2613 2742 2711 2781 nos
2738 2742 2802 2781 ex
2844 2728 3000 2782 idolis
3032 2731 3327 2785 redemisti.
3362 2751 3381 2782 ι
3421 2730 3465 2785 Ο
3499 2732 3706 2785 luctuo-

2131 2831 2245 2870 sam
2273 2831 2457 2868 vocem
2487 2830 2606 2883 qua:
2631 2855 2646 2879 ,
2678 2827 2734 2868 ut
2782 2817 2988 2885 prolata
3015 2816 3182 2889 456
3214 2830 3291 2873 est
3322 2859 3337 2884 ,
3380 2823 3577 2875 caelum
3608 2824 3706 2875 oh-

2129 2907 2389 2973 scuravit,
2424 2917 2620 2961 terram
2653 2910 2946 2973 coacussit,
2979 2926 3158 2964 aerem
3192 2911 3402 2979 polluit,
3433 2922 3487 2965 et
3516 2929 3706 2967 omnes

2130 2996 2220 3065 qui
2262 2996 2404 3051 illam
2445 2998 2761 3061 emiserunt,
2814 2998 2907 3052 Dei
2953 3000 3159 3056 alienos
3205 3001 3375 3057 fecit?
3416 3004 3708 3059 Enimvero

453 3095 720 3168 όδυνηρᾶς
743 3137 758 3159 ,
794 3099 914 3167 ἥτις
947 3098 1354 3169 ἐκϐομϐηθεῖσα
1384 3108 1434 3164 (ι,
1465 3100 1691 3170 οὐρανὸν
1719 3102 2030 3170 κατεζόιιςω-

2132 3088 2176 3141 si
2225 3088 2314 3143 ille
2366 3090 2655 3157 impietatis
2700 3092 2997 3160 princeps,
3055 3092 3197 3148 idem
3240 3095 3354 3163 ipse
3402 3098 3706 3150 eversionis

456 3202 570 3247 σεν.
618 3188 712 3240 καὶ
755 3188 860 3258 γῆν
907 3190 1238 3252 συνέσεισεν,
1280 3190 1476 3259 αἰθέρα
1523 3206 1582 3243 τε
1638 3191 1883 3259 ἐμίανεν,
1936 3192 2030 3245 καὶ

456 3278 668 3338 πάντας
730 3280 857 3342 τοὺς
910 3279 1081 3348 αὐτὴν
1139 3280 1481 3350 κεκραγότας
1529 3280 1665 3333 Θεοῦ
1716 3282 2030 3353 ἀλλοτρίους

456 3369 714 3437 ἐποίησεν
744 3368 758 3421 ί
795 3371 891 3422 καὶ
920 3370 1029 3440 γὰρ
1062 3371 1111 3422 εί
1155 3372 1183 3421 ὁ
1223 3370 1323 3440 τῆς
1362 3370 1620 3434 ἀσεϐείας
1650 3372 1973 3443 πρώταρχος
2004 3383 2028 3412 ι·

455 3454 609 3521 οὗτος
639 3460 816 3524 αἴτιος
842 3461 942 3531 τῆς
985 3460 1093 3513 τῶν
1134 3459 1370 3514 εἰδώλων
1403 3462 1784 3532 καθαιρέσεως
1804 3501 1819 3526 ,
1854 3464 2031 3533 μάτην

454 3548 566 3619 ἄρα
595 3549 628 3618 ἡ
660 3547 758 3601 τοῦ
789 3548 1031 3617 Χριστοῦ
1053 3549 1470 3620 ἐνανθρώπησις
1496 3550 1742 3619 γέγονεν,
1775 3553 1869 3604 καὶ
1899 3552 2031 3622 κενὴ

455 3642 491 3712 ἡ
522 3641 630 3695 τῶν
658 3641 974 3697 ἀποστόλων
992 3641 1338 3696 διδασκαλία.
1359 3643 1470 3695 Καὶ
1491 3643 1562 3706 εἰ,
1590 3626 1665 3706 ὡς
1684 3643 1842 3713 ὑμεῖς
1871 3660 2029 3713 φατε,

454 3733 617 3796 αὐτός
648 3734 797 3786 ἐστιν
822 3732 1104 3803 λυτρωτὴς
1131 3733 1232 3802 τῆς
1272 3733 1795 3803 κτισματολατρείας
1818 3735 1909 3786 καὶ
1936 3735 2033 3803 τῆς

454 3817 565 3872 τῶν
598 3819 837 3874 εἰδώλων
880 3821 1130 3892 κατάρας
1152 3861 1169 3889 ,
1211 3824 1241 3875 ὁ
1275 3822 1371 3875 καὶ
1402 3823 1535 3892 παρ’
1564 3822 1693 3892 ὑμῖν
1722 3824 2032 3892 τρισκαιδέ-

454 3927 623 3975 κατος
683 3912 978 3976 ἀπόστολος
1007 3912 1410 3983 ὀνομαζόμενος
1430 3954 1445 3979 ,
1475 3914 1569 3967 καὶ
1608 3915 1730 3985 οὐχὶ
1773 3915 2035 3986 Χριστὸς,

455 4002 600 4056 κατά
643 4002 745 4075 τὴν
790 4002 883 4057 τοῦ
912 4004 1245 4077 θεοκήρυκος
1288 4003 1504 4059 Παύλου
1538 4007 1721 4077 φωνήν
1743 4022 1759 4039 ⁶
1789 4008 1923 4078 μηδὲ
1952 4010 2034 4070 εἰς

455 4094 665 4164 Τριάδα
699 4095 1054 4165 βαπτίζεσθε,
1085 4096 1200 4150 ἀλλ’
1237 4096 1343 4168 (ἶν’
1375 4098 1516 4151 εἴπω
1553 4114 1607 4151 τι
1658 4097 1753 4151 καὶ
1805 4098 2032 4166 γελοίως

457 4186 593 4257 πρὸς
638 4187 737 4256 τὴν
783 4187 939 4257 ὑμῶν
976 4188 1183 4259 αὐθάδη
1232 4188 1578 4259 ἀφροσύνην)
1603 4190 1684 4253 είς
1729 4190 2029 4256 Παστιλᾶν,

455 4278 801 4349 Τρικάκαϐον
833 4280 926 4333 καὶ
958 4279 1214 4333 Κάϐαλον
1240 4282 1365 4344 τοὺς
1394 4281 1562 4334 αὐτοῦ
1588 4280 1908 4351 καθηγητὰς
1935 4282 2032 4335 καὶ

456 4366 636 4434 ὑμῶν,
692 4360 876 4436 ὧνπερ
923 4366 1094 4438 τριῶν
1142 4368 1175 4439 ὴ
1227 4367 1549 4439 ὑπέρφωτος
1603 4367 1699 4420 καὶ
1758 4368 2031 4438 σεϐασμία

2133 3180 2398 3237 idolorum
2442 3188 2631 3236 auctor
2672 3192 2796 3250 est,
2846 3198 2976 3253 ergo
3022 3183 3223 3239 frustra
3266 3188 3513 3242 Chrisms
3545 3190 3707 3243 homo

2132 3273 2307 3335 factus
2332 3282 2415 3328 est
2441 3314 2456 3339 ,
2492 3291 2619 3344 ergo
2646 3291 2785 3329 vana
2814 3286 2897 3329 est
2929 3277 3292 3346 apostolorum
3321 3279 3585 3333 doctrina.
3623 3281 3702 3345 Si,

2132 3374 2194 3420 ut
2220 3382 2317 3421 vos
2345 3368 2611 3432 asseritis,
2665 3368 2751 3421 ille
2781 3379 2864 3423 est
2911 3370 3241 3438 redemptor,
3273 3372 3363 3440 qui
3392 3387 3486 3426 vos
3521 3388 3704 3427 rerum

2133 3469 2438 3513 creatarum
2482 3458 2626 3510 cultu
2663 3468 2717 3511 et
2760 3458 3022 3512 idolorum
3053 3462 3430 3517 exsecratione
3460 3463 3707 3517 liberavit

2135 3553 2336 3619 (quem
2385 3548 2547 3602 etiam
2580 3548 2847 3603 decimum
2895 3551 3114 3604 tertium
3160 3552 3460 3619 apostolum
3503 3556 3709 3607 vocita-

2136 3640 2273 3708 tis),
2303 3654 2406 3693 non
2444 3652 2573 3693 vero
2599 3638 2851 3694 Christus
2877 3640 3030 3707 juxta
3064 3642 3229 3695 divini
3270 3644 3534 3707 pratconis
3557 3642 3708 3697 Pauli

2135 3745 2354 3795 vocem;
2385 3744 2559 3799 neque
2582 3730 2745 3800 igitur
2772 3732 2824 3785 itt
2856 3732 3177 3786 Trinitatem
3209 3734 3578 3802 baptizemini,
3613 3737 3708 3789 sed

2134 3822 2230 3891 (ut
2259 3821 2460 3890 aliquid
2508 3821 2792 3875 ridiculum
2823 3830 3019 3877 vestrm
3054 3826 3332 3894 arroganti
3387 3826 3710 3893 insipientue

2134 3912 2361 3983 loquar)
2391 3912 2442 3966 iu
2477 3910 2756 3975 Pastilam,
2795 3910 3152 3967 'l'ricacaibum
3184 3923 3238 3967 et
3263 3913 3521 3967 Gabalum
3568 3917 3711 3969 illius

2134 4013 2187 4057 et
2223 4013 2460 4057 vestrum
2508 4002 2839 4071 magistros,
2868 4018 3097 4069 quorum
3139 4004 3299 4057 trium
3342 4007 3659 4059 memoriam
3686 4046 3706 4073 ,

2132 4096 2324 4163 dogma
2352 4104 2405 4148 et
2448 4093 2666 4147 nomina
2696 4102 2748 4146 et
2788 4107 2885 4146 sua
2921 4092 3160 4146 Ecclesia
3195 4093 3394 4148 delevit
3425 4094 3705 4164 fulgentis-

2132 4184 2267 4238 sima
2302 4192 2357 4238 et
2382 4183 2763 4252 augustissima
2787 4180 3047 4236 Trinitas.
3077 4182 3280 4237 Verum
3316 4186 3399 4239 his
3431 4187 3709 4239 inutilibus

2133 4276 2477 4330 sermonibus
2508 4274 2749 4327 dimissis
2770 4311 2783 4337 ,
2817 4275 3241 4342 opportunejam
3273 4290 3623 4343 erumpamus
3655 4288 3710 4330 et

2133 4368 2564 4438 progrediamur.
2603 4365 2913 4421 Redeamus
2954 4366 3121 4435 igitur
3157 4367 3223 4421 ad
3257 4369 3615 4437 propositum,
3653 4378 3711 4424 et

454 4457 499 4509 Τ
505 4457 648 4527 ριὰς,
680 4457 775 4509 καὶ
790 4457 889 4527 τὴν
926 4458 1146 4527 μνήμην
1170 4459 1263 4510 καὶ
1284 4456 1343 4510 τὸ
1369 4458 1549 4527 δόγμα
1577 4458 1670 4510 καὶ
1697 4457 1766 4511 τὰ
1788 4457 2032 4528 ὀνόματα

2135 4461 2200 4513 de
2233 4458 2547 4512 beatissimo
2578 4457 2853 4528 Stephano
2885 4458 3186 4527 loquamur.

455 4547 779 4620 ἐξηφάνισεν
809 4559 832 4588 ⁸
867 4549 967 4619 τῆς
995 4550 1165 4620 αὐτῆς
1217 4549 1566 4620 Ἐκκλησίας.
1617 4550 1833 4613 Ταύτας
1880 4549 1939 4602 δὲ
1987 4550 2089 4612 τὰς
2125 4550 2437 4620 φληναφίας
2470 4550 2700 4620 ἀφέντες
2724 4589 2739 4615 ,
2770 4549 2964 4621 καιροῦ
2999 4550 3213 4614 δέοντος
3238 4591 3253 4615 ,
3279 4552 3654 4624 ἐφορμιὶψεθα
3688 4553 3705 4592 ⁸

453 4640 558 4714 ήδη
586 4640 681 4695 καὶ
720 4639 1073 4711 βαδιούμεθα,
1104 4641 1201 4694 καὶ
1232 4640 1371 4712 πρὸς
1407 4641 1470 4694 τὸ
1497 4640 1862 4711 προκείμενον
1892 4642 2228 4707 ἐπανιέντες,
2246 4642 2338 4695 τὸν
2364 4641 2829 4712 παμμακάριστον
2851 4642 3121 4710 Στέφανον
3146 4642 3566 4715 καταλάϐωμεν.

525 4733 746 4788 Τούτων
770 4733 828 4786 δὲ
852 4731 1026 4796 οὕτως
1056 4732 1502 4801 ἐκτελεσθέντων,
1520 4734 1615 4787 καὶ
1640 4734 1819 4805 πάσης
1845 4736 2026 4807 χειρὸς

2202 4734 2494 4804 Postquam
2545 4734 2660 4789 haec
2714 4733 2788 4788 ita
2837 4744 2956 4788 aeta
3001 4744 3162 4801 sunt,
3213 4737 3503 4807 cunctique
3548 4754 3710 4792 manu

451 4828 548 4883 καὶ
588 4824 856 4896 στόματος
885 4824 1283 4896 ὑπογραψάσης
1324 4824 1420 4879 καὶ
1452 4825 1890 4896 ὁμολογήσαντος
1915 4864 1931 4891 ,
1956 4828 2026 4881 τά

2132 4826 2573 4896 subscripserunt
2607 4832 2662 4879 et
2686 4838 2783 4879 ore
2830 4823 3066 4880 confessi
3114 4834 3261 4890 sunt,
3319 4836 3606 4898 tyrannus,
3641 4834 3706 4882 ad

451 4916 599 4973 κατά
631 4915 724 4969 τὸν
754 4914 911 4983 ἀγιον
930 4913 1121 4969 τοῦτον
1149 4914 1369 4986 Πατέρα
1395 4916 1429 4986 ἡ
1438 4914 1555 4985 μῶν
1582 4915 1855 4984 Στέφανον
1878 4917 1907 4968 ὁ
1929 4913 2024 4967 τύ-

2134 4932 2294 4987 quem
2335 4917 2510 4972 sancti
2541 4916 2721 4973 Patris
2769 4917 2939 4972 nostri
2975 4916 3118 4973 fama
3161 4928 3506 4988 pervenerat,
3542 4934 3708 4973 unum

453 5024 648 5081 ραννος
704 5005 926 5078 μαθὼν,
970 5005 1491 5079 προσκαλεσάμενος
1541 5006 1638 5060 ἕνα
1691 5007 1800 5061 τῶν
1858 5006 2026 5061 αὐτοῦ

2135 5025 2167 5065 e
2191 5009 2479 5079 praecipuis
2506 5012 2620 5065 suis
2651 5011 2988 5080 proceribus,
3022 5009 3187 5083 457
3214 5012 3386 5065 virum
3412 5012 3709 5066 disertissi-

450 5097 751 5171 περιδόξων
798 5098 1138 5169 μεγιστάνων
1167 5096 1519 5167 λογιώτατον,
1567 5098 1662 5151 καὶ
1690 5098 1826 5169 πρὸς
1855 5099 1917 5151 τὸ
1941 5097 2029 5150 λέ-

2133 5114 2284 5154 mum
2331 5109 2493 5169 atque
2540 5100 2607 5154 ad
2658 5102 2941 5156 dicendurm
2969 5111 3024 5157 et
3051 5102 3377 5156 audiendum
3428 5103 3697 5170 idoneum.

451 5204 572 5257 γειν
597 5188 693 5242 καὶ
721 5186 941 5242 ἀκούειν
979 5188 1285 5260 ἐπιτήδειον
1307 5231 1323 5255 ,
1365 5189 1667 5244 Κάλλιστον
1693 5199 1722 5227 ιι
1760 5189 2022 5261 τοῦνομα,

2132 5189 2411 5246 Callistum
2443 5192 2683 5255 nomine,
2719 5194 2932 5262 patricii
2961 5194 3224 5263 dignitate
3253 5203 3528 5259 ornatum,
3555 5209 3705 5248 eam-

450 5274 546 5329 καὶ
589 5277 657 5347 τῇ
686 5274 783 5328 τοῦ
833 5273 1127 5349 πατρικίου
1167 5275 1298 5349 ἀξίᾳ
1344 5279 1747 5351 τετιμημένον,
1794 5280 1857 5333 οὐ
1916 5282 2023 5352 μὴν

2132 5284 2362 5351 demque
2415 5283 2667 5338 ltmresim
2708 5284 2951 5352 apprime
2987 5285 3237 5338 edoctum
3268 5285 3576 5352 accersivit,
3616 5286 3705 5343 cui

528 5434 574 5465 "
609 5432 710 5490 Job
761 5450 836 5502 ιν,
866 5434 954 5491 14.
1030 5436 1076 5468 ⁸³
1114 5434 1252 5492 Dan.
1282 5452 1404 5503 xm,
1448 5438 1501 5492 5.
1578 5437 1620 5469 “
1652 5436 1853 5494 Jerem.
1884 5457 1981 5503 λιι,
2019 5439 2104 5493 l0.

1717 5572 1953 5629 VARle
1993 5575 2397 5630 LECTIONES.

526 5692 560 5762 ξ
582 5683 651 5736 al.
682 5684 1013 5749 ἐπισκότοις.
1089 5696 1117 5736 ει
1143 5684 1213 5741 al.
1252 5686 1652 5758 ἐκφωνηθεῖσα.
1736 5697 1757 5724 τ
1789 5689 1859 5742 al.
1897 5688 2201 5759 πρόμαχος.
2281 5697 2301 5724 ³
2335 5688 2406 5743 al.
2438 5688 2836 5760 ὲξπιιρανίσειεν.
2921 5691 2939 5726 ⁸
2975 5691 3045 5746 al.
3076 5691 3491 5762 ἐφορειιύμεθα.
3571 5701 3598 5731 α
3630 5694 3702 5749 al.

1089 5696 1117 5736 «ι
1143 5684 1213 5741 al.
1252 5686 1652 5758 ἐκφωνηθεῖσα.

458 5753 749 5809 Κάλιστον.
