4060 6452
432 348 568 413 1123

1628 341 2004 404 STEPHANI
2045 340 2357 403 DIACONI
2398 340 2509 401 CP.

3542 342 3671 407 1124

432 462 550 516 hate
600 458 850 514 mandata
909 457 1094 513 dedit:
1127 456 1253 512 Pete
1301 454 1550 510 Auxentii
1583 454 1799 516 collem,
1828 453 2003 522 ibique

2108 451 2246 506 ἀλλὰ
2278 450 2373 505 καὶ
2399 452 2502 524 τὴν
2538 449 2704 505 αὐτοῦ
2752 450 2968 523 αἵρεσιν
2995 450 3078 517 είς
3110 453 3279 523 ἄκρον
3306 460 3674 532 πεπαιδευμέ-

426 550 770 616 delitescenti
821 548 1094 619 Stephano
1135 564 1201 603 ex
1246 545 1597 603 nefandorum
1631 554 1850 599 caterva
1883 559 2007 612 per-

436 641 602 698 suade
628 650 684 693 ut
709 640 914 711 synodo
941 640 1271 695 subscribat.
1300 636 1614 705 Ilujusmodi
1641 650 1800 705 porro
1831 636 2009 690 verbis

436 733 606 789 uteris
640 749 653 786 :
686 731 767 787 Pii
813 739 868 786 et
901 731 1187 787 orthodoxi
1236 732 1406 787 nostri
1464 730 1819 798 imperatores
1868 728 2010 783 Con—

434 824 704 878 stantinus
734 829 790 878 et
832 821 961 886 Leo,
1008 836 1220 878 summa
1269 836 1395 891 erga
1431 829 1484 877 te
1515 820 1887 874 benevolentia
1941 819 2010 873 οι)

353 969 365 981 .
434 928 579 968 tuam
609 914 862 984 pietatem
917 912 1115 978 allecti,
1154 913 1248 966 tibi
1293 912 1568 982 imperant
1603 921 1662 965 ut
1694 910 2008 965 orthodoxae

433 1013 676 1060 nostrum
737 1004 927 1077 synodi
998 1004 1300 1060 definitioni
1375 1002 1705 1059 subscribas.
1795 1002 2009 1055 Palmas

431 1097 597 1150 etiam
637 1106 692 1153 et
740 1097 949 1153 caricas
997 1096 1166 1152 aliave
1208 1097 1255 1151 ei
1308 1095 1506 1151 oll‘eres
1555 1110 1678 1164 quae
1725 1095 1778 1148 in
1829 1096 2007 1149 cibum

434 1196 629 1242 ascette
675 1201 797 1242 esse
868 1186 1066 1247 solent.
1115 1186 1318 1257 Nempe
1376 1186 1476 1256 ipsi
1558 1187 1722 1240 etiam
1780 1194 2009 1256 tyranno

433 1286 618 1330 notum
658 1285 777 1331 erat
805 1276 923 1346 ejus
965 1277 1216 1333 strictum
1251 1286 1303 1331 et
1333 1277 1423 1332 Dei
1457 1275 1763 1347 proximum
1794 1276 2006 1329 vivendi

431 1378 621 1434 genus.
654 1364 844 1434 Itaque
870 1364 959 1420 ille
994 1363 1281 1421 confestim
1311 1366 1363 1420 in
1391 1373 1627 1419 montem
1662 1377 1723 1419 se
1747 1364 2004 1428 contulit;

429 1470 662 1524 cumque
717 1455 899 1515 collis,
938 1456 1199 1511 verticem
1254 1456 1560 1526 attigisset,
1614 1464 1801 1510 sancto
1860 1453 2006 1507 Patri

432 1547 744 1601 mandatum
794 1547 1137 1617 imperatoris
1169 1562 1264 1603 ore
1297 1548 1438 1611 tulit,
1470 1561 1702 1615 eumque
1740 1536 2007 1616 pessimus

430 1637 770 1700 hortabatur,
802 1645 861 1691 ut
890 1639 1276 1706 imperatorum
1308 1636 1609 1691 deﬁnitioni
1636 1637 2005 1691 subscriberet

413 1737 479 1780 ~et
513 1728 895 1785 assentiretur.
938 1728 1009 1783 At
1052 1728 1394 1782 venerandus
1444 1726 1772 1795 Stephanus,
1830 1726 2000 1795 priori

2110 560 2222 607 νον,
2253 542 2571 597 ἀποστέλλει
2628 543 2793 598 αὐτὸν
2845 543 3018 596 εἰπών
3045 560 3059 574 ο
3110 545 3214 597 Τὸν
3251 545 3346 599 τοῦ
3390 548 3674 615 Λύξεντίου

2112 631 2297 702 βουνὸν
2333 633 2681 701 καταλαϐὼν,
2709 632 2801 688 τὸν
2839 634 3018 687 ὲκείσε
3051 634 3441 705 ὲμφωλεύοντα
3473 642 3678 708 Στέφα-

2109 741 2200 778 νον
2232 724 2492 796 τοῦνομα,
2540 726 2637 780 καὶ⁸
2672 723 2868 779 τοῦτον
2899 726 3325 798 ἀμνημονεύτων
3352 730 3525 800 ὲσμοῦ
3553 735 3680 804 ditt?-

2112 830 2323 884 σχημον
2353 854 2369 879 ,
2418 813 2606 869 τοῦτον
2637 814 2953 887 ὑπογράψαι
3006 817 3064 868 εν
3112 818 3177 886 τῇ
3230 818 3436 887 συνόδῳ
3474 823 3680 889 πεῖσον,

2108 903 2282 958 εἰπών
2305 919 2319 934 ·
2372 905 2450 976 Τῇ
2506 906 2643 976 πρὸς
2675 906 2737 959 σὲ
2771 907 2926 977 φιλίᾳ
2966 906 3056 960 διὰ
3087 907 3148 960 τὸ
3180 909 3405 973 εὐσεϐές
3452 928 3549 964 σου
3589 932 3660 967 το

2111 996 2229 1066 βίου
2259 996 2574 1066 κινούμενοι
2607 997 2657 1051 οἱ
2690 997 2939 1060 εὐσεϐεῖς
2969 999 3065 1052 καὶ
3094 997 3368 1069 ὁρθόδοξοι
3409 1001 3568 1071 ἡμῶν
3595 1004 3671 1072 βα-

2111 1087 2278 1151 σιλεῖς
2307 1090 2716 1154 Κωνσταντῖνος
2740 1090 2835 1143 καὶ
2861 1090 3013 1144 Λέων
3046 1091 3332 1145 κελεύουσι
3368 1094 3684 1165 ὑπογράψαι

2078 1212 2085 1218 -
2112 1197 2171 1233 σε
2203 1182 2340 1251 πρὸς
2370 1182 2459 1235 τὸν
2491 1181 2593 1251 τῆς
2621 1182 2903 1251 ὀρθοδόξου
2937 1182 3096 1254 ήμῶν
3122 1185 3343 1238 συνόδου
3378 1187 3540 1256 ὅρον·
3566 1188 3681 1252 δοὺς

2109 1274 2260 1343 αὐτῷ
2282 1274 2534 1343 φοίνικας
2567 1275 2663 1328 καὶ
2699 1276 2946 1345 ἰσχάδας,
2983 1278 3078 1331 καὶ
3112 1279 3252 1333 ἄλλα
3282 1280 3405 1333 τινὰ
3434 1280 3576 1353 ἅπερ
3612 1284 3683 1334 ει-

2111 1366 2194 1418 σὶν
2229 1366 2511 1434 ἐπιτήδεια
2547 1369 2629 1431 εἰς
2673 1369 2883 1439 τροφὴν
2926 1369 3193 1440 ἀσκητοῦ.
3253 1372 3408 1443 ’ῌδει
3451 1374 3561 1444 γὰρ
3596 1377 3685 1427 καὶ

2109 1457 2271 1521 αὐτὸς
2299 1460 2327 1511 ὁ
2360 1457 2622 1529 τύραννος
2652 1460 2754 1530 τὴν
2783 1461 3033 1531 ἐγκρατῆ
3064 1463 3159 1516 καὶ
3202 1462 3324 1534 Θεῷ
3352 1464 3684 1532 ἐγγίζουσαν

2107 1549 2198 1602 τοῦ
2224 1550 2374 1604 ὁσίου
2401 1550 2702 1622 διαγωγήν.
2750 1552 2808 1607 Ὀ
2833 1552 2890 1606 δὲ
2920 1554 3167 1625 παρευθύ
3199 1555 3260 1609 τὸ
3291 1556 3420 1625 ὅρος
3450 1559 3686 1612 καταλα-

2108 1638 2242 1703 δὼνς
2275 1641 2369 1693 καὶ
2398 1642 2536 1712 πρὸς
2557 1642 2657 1713 τὴν
2705 1644 2954 1715 κορυφὴν
2986 1646 3082 1699 τοῦ
3122 1645 3314 1717 βουνοῦ
3339 1649 3682 1718 προσταθεὶς,

2109 1729 2188 1801 τῷ
2220 1731 2363 1802 ἁγίῳ
2395 1733 2608 1802 Πατρὶι,
2642 1733 2705 1786 τὸ
2737 1734 2826 1788 διὰ
2859 1734 3121 1806 γλώσσης
3151 1720 3538 1808 γραμματεῖον
3572 1741 3685 1793 ἐκό-

430 1834 533 1871 non
565 1818 813 1880 inferior.
851 1829 1106 1887 tanquam
1140 1833 1169 1872 a
1196 1818 1404 1873 dextris
1448 1819 1562 1873 suis
1592 1818 1755 1871 Deum
1790 1832 2003 1886 semper

2116 1794 2297 1892 μισενν,
2331 1794 2719 1893 συμϐουλεύων
2756 1827 2785 1879 ὁ
2830 1794 3215 1903 κακιστοςνκαλ
3245 1794 3569 1899 ὑπογράψαι
3596 1833 3685 1884 καὶ

428 1910 718 1979 providens
765 1909 834 1975 °',
885 1909 1032 1963 nulla
1086 1910 1342 1964 haeretica
1397 1908 1705 1977 suspicione
1749 1909 2001 1978 agitatus,

413 2000 652 2067 .patricio
720 2002 1003 2070 respondit
1064 2001 1395 2065 :Attende,
1448 2000 1667 2055 domine
1755 2003 1998 2071 patricie.

426 2092 872 2161 Quandoquidem
901 2091 1211 2147 hmreticatn
1237 2093 1549 2162 opittionefn
1574 2090 1743 2164 458
1767 2094 2007 2148 continet

424 2184 666 2237 definitio
691 2182 919 2252 hujusce
954 2183 1101 2240 falsae
1123 2183 1338 2254 synodi,
1366 2199 1467 2253 ego
1495 2183 1804 2254 Stephanus
1830 2200 2005 2251 neque

416 2274 732 2339 .subscribo,
790 2288 967 2343 neque
1013 2291 1257 2330 amarum
1303 2275 1460 2331 dulce
1511 2276 1744 2345 appello,
1777 2292 1842 2331 uc
1880 2291 2004 2345 pro-

424 2368 600 2434 pheta:
665 2381 742 2420 va:
808 2366 1078 2421 attraham
1127 2365 1196 2420 “.
1248 2366 1472 2436 Insuper
1522 2382 1621 2435 prn
1684 2377 2000 2422 sanctarum

428 2458 722 2525 imaginum
772 2458 1096 2513 adoratione
1127 2468 1357 2513 mortem
1403 2459 1765 2513 libentissime
1793 2462 2005 2513 subitu-

426 2562 519 2600 rus
545 2563 689 2613 sum,
739 2548 1053 2618 nullamque
1095 2550 1360 2603 rationem
1408 2548 1580 2604 habeo
1628 2550 2006 2605 haeresiarchie

428 2637 797 2706 imperatoris,
834 2639 925 2709 qui
959 2654 1052 2694 eas
1100 2638 1263 2693 audet
1304 2640 1551 2709 rejicere.
1600 2660 1619 2693 ι
1657 2642 1858 2695 Deinde
1888 2643 2005 2712 pal-

427 2744 570 2782 mam
615 2744 809 2786 manus
849 2731 1152 2799 compactis
1184 2744 1282 2799 per
1315 2731 1563 2785 ordinem
1610 2731 1800 2802 digitis
1835 2747 2005 2787 exca-

427 2828 609 2874 vatam
637 2822 933 2877 ostendens
959 2821 1099 2876 dixit
1136 2839 1149 2876 :
1183 2840 1203 2874 ι
1248 2823 1475 2878 Etiamsi
1512 2823 1780 2878 tantulum
1829 2822 2007 2876 vitalis

428 2913 710 2980 sanguinis
751 2913 882 2968 mihi
922 2921 1090 2979 esset,
1120 2928 1217 2984 pro
1250 2912 1450 2969 Christi
1484 2913 1723 2984 imagine
1756 2911 2005 2968 effunda-

435 3016 541 3058 tur.
580 3003 741 3059 Refer
769 3014 951 3059 autem
987 3005 1138 3061 cibos
1167 3019 1308 3074 quos
1332 3004 1422 3060 ille
1453 3005 1625 3060 misit.
1664 3004 1794 3059 Nam
1834 3004 2005 3059 oleum

2105 1910 2388 1965 ἐπαινέσαι
2410 1912 2519 1965 τῶν
2542 1912 2808 1983 βασιλέων
2838 1914 2932 1967 τὸν
2958 1915 3105 1984 ὅρον.
3145 1914 3203 1968 '0
3232 1915 3289 1968 δὲ
3317 1917 3502 1986 τίμιος
3538 1913 3685 1980 οὗτος

2104 2003 2399 2073 Στέφανος,
2434 2005 2463 2057 ὁ
2498 2004 2594 2057 τοῦ
2637 2004 2908 2075 προτέρου
2942 2005 3263 2077 ἐφάμιλλος,
3296 2006 3374 2070 ὼς
3405 2009 3471 2060 ὲκ
3500 2008 3683 2074 δεξιῶν

2105 2093 2272 2146 αὐτοῦ
2290 2093 2377 2145 ἀεὶ
2404 2092 2496 2145 τὸν
2516 2091 2651 2146 Θεὸν
2682 2090 3089 2164 προορώμενος,
3112 2093 3209 2146 καὶ
3232 2094 3306 2164 μὴ
3327 2093 3684 2165 σαλευόμενος

2107 2185 2163 2235 ὲν
2185 2183 2541 2254 οίᾳδηποτοῦν
2573 2185 2827 2255 αἱρετικῇ
2860 2184 3105 2255 ὑπονοίᾳ,
3128 2185 3271 2255 πρὸς
3291 2185 3387 2238 τὸν
3403 2185 3683 2255 πατρίκιον

2104 2274 2207 2344 ἔφη
2236 2290 2249 2303 ·
2288 2274 3074 2345 Πρόσσχεςκυριοπατρίκιοςν
3107 2291 3121 2305 ·
3165 2275 3456 2346 αίρετικῆς
3490 2275 3684 2344 ὑπολή-

2105 2365 2251 2434 ψεως
2283 2366 2340 2419 ὲν
2368 2363 2445 2435 τῷ
2482 2365 2594 2435 ὅρῳ
2628 2364 2735 2433 τῆς
2770 2364 3200 2435 ψευδοσυλλόγου
3235 2366 3442 2436 ταύτης
3470 2366 3680 2421 συνόδου

2109 2454 2532 2527 προτεθειμένης
2560 2495 2576 2518 ,
2622 2455 2894 2525 Στέφανος
2924 2454 3049 2510 οὐτε
3084 2456 3387 2529 ὑπογράφω
3410 2500 3424 2523 ,
3456 2456 3579 2511 οὐτε
3628 2458 3683 2511 τὸ

2108 2548 2305 2615 πικρὸν
2352 2548 2527 2616 γλυκὺ
2573 2548 2868 2603 ἁποκαλῶο
2904 2550 2992 2602 ἵνα
3048 2549 3216 2620 μὴτὸ
3257 2550 3354 2603 τοῦ
3405 2551 3680 2622 προφήτου

2106 2640 2229 2693 οὐαὶ
2267 2638 2664 2708 ἐπισπάσωμαι
2688 2653 2703 2670 ο
2752 2639 2890 2709 πρὸς
2920 2638 2979 2692 δὲ
3009 2640 3101 2692 καὶ
3130 2638 3233 2710 τὴν
3278 2638 3394 2693 τῶν
3425 2639 3587 2711 ἱερῶν
3610 2642 3682 2691 εί-

2103 2732 2280 2807 ⁵κόνων
2315 2730 2709 2801 προσκύνησιν,
2750 2731 2992 2803 εὐχερῶς
3046 2731 3228 2801 μέλλω
3284 2732 3671 2802 ἀποθνήσκειν,

2110 2823 2314 2894 μηδένα
2369 2822 2527 2891 λόγον
2579 2822 2908 2893 ποιούμενος
2943 2822 3039 2875 τοῦ
3078 2822 3284 2886 ταύτας
3334 2823 3673 2878 ἀπωθεῖσθαι

2108 2914 2415 2985 τολμῶντος
2485 2915 2840 2985 αίρεσιάρχου
2914 2914 3202 2985 βασιλέως.
3274 2915 3387 2967 Καὶ
3445 2916 3541 2984 τὴν
3587 2931 3683 2966 πα-

2108 3005 2337 3075 λαιστὴν
2386 3006 2764 3070 ὐπολακκίσας
2809 3010 2877 3078 τῇ
2941 3004 3052 3059 τῶν
3098 3005 3381 3059 δακτύλων
3442 3006 3684 3077 ὀρδιναίςι

428 3096 719 3163 peccatoris
770 3111 875 3150 non
925 3096 1213 3167 impinguet
1266 3104 1423 3165 caput
1470 3111 1641 3150 meum
1684 3096 1761 3159 ⁸⁷,
1807 3112 1905 3150 nec
1939 3110 2003 3151 ex

2111 3096 2388 3166 συμπήξει
2422 3095 2594 3160 οὕτως
2624 3097 2921 3161 ἐδείκνυεν,
2979 3096 3157 3165 λέγων
3176 3113 3189 3127 ·
3244 3097 3309 3150 Et
3335 3097 3597 3159 τοσοῦτον
3624 3096 3680 3146 τὸ

428 3188 564 3241 cibis
596 3187 837 3242 haeretici
870 3186 1148 3242 dulcescat
1194 3194 1381 3258 guttur
1448 3201 1647 3242 meum.
1686 3186 1783 3241 His
1846 3185 2005 3240 audi-

422 3276 519 3341 tis,
580 3274 869 3346 praefectus
911 3276 961 3329 in
1006 3275 1278 3345 palatium
1335 3274 1685 3345 imperatoris
1757 3276 2006 3341 revertjt,

422 3369 605 3437 eique,
644 3382 673 3421 a
704 3382 811 3439 quo
840 3368 1042 3423 missus
1081 3365 1287 3433 fuerat,
1316 3368 1501 3421 omnia
1532 3365 1818 3421 manifesta
1857 3365 2004 3421 fecit.

429 3457 565 3513 Tum
619 3458 709 3515 ille
744 3460 824 3513 ira
860 3471 1089 3530 repente
1141 3459 1387 3528 rugiens,
1434 3468 1685 3528 tanquam
1734 3457 1855 3522 leo,
1896 3458 2010 3512 cla-

428 3566 580 3606 more
612 3566 717 3605 non
753 3551 1009 3606 mediocri
1039 3566 1104 3607 ex
1138 3551 1396 3607 iracunda
1437 3552 1617 3607 anima
1664 3551 1834 3613 edito,
1886 3552 2006 3606 sine

429 3656 577 3696 mora
608 3642 1011 3711 archisatrapas
1039 3640 1360 3713 ialidosque
1393 3643 1596 3701 milites
1616 3656 1737 3696 eum
1770 3643 2005 3712 patricio

424 3735 670 3800 Callisto,
712 3751 873 3805 quem
909 3737 1058 3806 prius
1091 3738 1340 3802 miserat,
1377 3747 1615 3793 montem
1648 3736 1798 3790 adire
1821 3734 2004 3804 jussit,

426 3838 483 3882 et
526 3835 778 3883 sanctum
812 3843 843 3882 e
869 3826 1007 3882 cella
1040 3827 1303 3884 ferociter
1352 3828 1627 3883 sublatum
1673 3827 1727 3881 in
1776 3826 2006 3882 inferius

426 3919 826 3975 monasterium
862 3920 1161 3983 custodire,
1211 3919 1387 3974 donec
1436 3919 1552 3989 ipse
1578 3918 1647 3974 de
1673 3918 1764 3973 illo
1805 3917 2008 3974 delibe-

426 4012 651 4065 raverit.
687 4010 877 4081 Itaque
913 4007 990 4066 illi
1027 4012 1094 4067 ad
1130 4020 1370 4065 montem
1411 4009 1663 4079 profecti,
1698 4008 1786 4063 ubi
1824 4024 2009 4063 mona-

427 4104 653 4159 sterium
688 4104 939 4171 attigere,
976 4103 1299 4159 irruentium
1347 4101 1514 4173 459
1560 4100 1801 4158 ferarum
1834 4115 2004 4168 more,

426 4196 667 4252 calcibus
701 4195 887 4251 limina
925 4196 1239 4266 pulsabant.
1292 4193 1490 4251 Postea
1519 4195 1571 4249 in
1608 4203 1852 4250 sanctam
1882 4207 2007 4265 spe-

430 4286 645 4339 luncatn
715 4284 1052 4341 truculenter
1114 4284 1382 4354 ingressi,
1441 4294 1689 4339 sanctum
1739 4281 2003 4347 ederunt,

425 4390 660 4445 eumque
715 4376 875 4446 quasi
919 4390 987 4433 ex
1035 4374 1273 4431 thalamo
1333 4374 1517 4444 aliquo
1573 4373 1803 4443 spiritali
1858 4372 2006 4428 foras

2109 3190 2238 3259 περὶ
2278 3189 2377 3257 ἐμὲ
2427 3186 2658 3253 ζωτικὸν
2707 3183 2885 3258 αἷμαο
2919 3187 3211 3258 ὲκχυθήτω
3268 3188 3417 3258 ὑπὲρ
3452 3188 3551 3257 τῆς
3595 3186 3681 3238 τοῦ

2109 3279 2346 3351 Χριστοῦ
2381 3279 2609 3341 εἰκόνος.
2650 3277 2733 3331 Τὰ
2755 3279 2812 3331 δὲ
2842 3280 2971 3349 παρ’
2998 3278 3165 3332 αὐτοῦ
3196 3279 3521 3348 πεμφθέντα
3553 3277 3684 3349 βρώ-

2113 3388 2257 3440 ματα
2285 3370 2618 3445 ἁπύστρεφε.
2656 3369 2904 3424 Ἔλαιον
2943 3369 3052 3441 γὰρ
3081 3370 3440 3439 ἁμαρτωλοῦ
3474 3370 3558 3440 μὴ
3598 3373 3678 3423 λι-

2108 3460 2351 3516 πανάτω
2380 3461 2495 3529 τὴν
2533 3461 2814 3530 κεφαλήν
2844 3478 2964 3529 μου
2985 3502 3001 3528 ,
3036 3463 3130 3515 καὶ
3165 3464 3230 3514 ἐκ
3261 3462 3571 3533 βρωμάτων
3598 3462 3678 3514 αἱ-

2112 3550 2329 3620 ρετικοῦ
2388 3551 2462 3622 μὴ
2517 3551 2881 3622 γλυκανθήτω
2947 3552 2977 3604 ὁ
3044 3552 3263 3624 φάρυγξ
3325 3570 3454 3624 μου.
3507 3551 3679 3607 Ταῦτα

2108 3639 2348 3703 ἀκούσας
2377 3642 2405 3694 ὁ
2441 3630 2626 3713 ἄρχων
2653 3641 2862 3704 ἐκεῖνος
2888 3681 2902 3706 ,
2936 3641 3375 3713 παλινοστήσας,
3412 3644 3481 3697 τὰ
3531 3641 3676 3713 βασίο

2107 3731 2228 3787 λεια
2261 3724 2581 3797 κατέλαϐεν,
2609 3733 2704 3787 καὶ
2735 3732 2871 3801 δῆλα
2902 3733 3081 3788 πάντα
3108 3733 3185 3805 τῷ
3226 3735 3377 3805 αὐτῷ
3410 3733 3676 3805 πέμψαντι

2108 3824 2430 3894 πεποίηκεν.
2481 3823 2540 3877 Ὀ
2565 3823 2623 3876 δὲ
2652 3823 2900 3895 παρευθύ
2934 3825 3138 3896 βρύξας
3167 3825 3248 3896 τῷ
3277 3826 3460 3898 θυμῷ,
3496 3825 3676 3893 ὥσπερ

2107 3915 2264 3976 λέων,
2298 3915 2393 3968 καὶ
2439 3914 2569 3984 βοὴν
2613 3916 2676 3967 οὐ
2725 3915 2931 3986 μικρὰν
2973 3918 3040 3971 ὲκ
3088 3917 3189 3986 τῆς
3239 3918 3461 3989 ὀργίλου
3516 3915 3673 3971 αὐτοῦ

2106 4004 2493 4074 ἀνακαχλάσας
2512 4004 2710 4075 ψυχῆς,
2737 4006 2985 4075 παρευθύ
3005 4006 3327 4063 ἀποστέλλει
3350 4007 3674 4080 ἀρχισατρά-

2109 4114 2218 4159 πας
2252 4097 2349 4150 καὶ
2394 4096 2795 4177 ἅσπιδοφόρους
2830 4097 3183 4177 σφριγῷντας
3209 4139 3225 4165 ,
3261 4099 3381 4169 ἅμα
3423 4098 3502 4170 τῷ
3541 4113 3670 4167 προ-

2108 4189 2416 4259 πεμφθέντι
2479 4171 2756 4263 πατρικίῳ
2796 4170 3085 4261 Καλλίστῳ
3138 4192 3202 4244 τὺ
3246 4191 3375 4262 ὅρος
3432 4190 3666 4247 καταλα-

2109 4280 2251 4346 ϐεῖν,
2283 4281 2378 4335 καὶ
2410 4280 2502 4334 τὸν
2536 4280 2692 4350 ἅγιον
2717 4281 2820 4350 τῆς
2848 4280 3046 4352 κέλλης
3076 4280 3310 4351 ὀργίλως
3350 4282 3664 4352 ὲξάρανταςς

2107 4372 2167 4425 ὲν
2198 4371 2278 4441 τῷ
2303 4370 2454 4425 κάτω
2504 4370 2856 4442 μοναστηρίῳ
2890 4371 3282 4442 παραφυλάξαι
3338 4368 3669 4442 παρεκελεύ-

428 4467 671 4521 trahuut.
720 4465 931 4536 Quippe
979 4481 1102 4523 cum
1158 4481 1270 4536 prae
1322 4480 1532 4521 summa
1586 4464 1912 4520 abstinentia
1946 4473 2002 4517 et

2107 4478 2258 4527 σατο,
2291 4460 2398 4523 ἕως
2427 4458 2495 4513 ἂν
2538 4459 2808 4529 σκέψηται
2847 4462 2977 4531 περὶ
3026 4459 3215 4514 αὐτοῦ.
3263 4463 3325 4513 (ll
3370 4461 3427 4514 δὲ
3466 4462 3525 4513 τὸ
3556 4460 3670 4529 ὅρος

424 4555 811 4624 angustissimo
836 4555 1136 4621 domicilio,
1164 4556 1311 4611 illius
1333 4555 1477 4613 tibia:
1497 4554 1798 4611 femoribus
1823 4553 1999 4609 adhic-

425 4653 627 4712 rerent,
662 4655 808 4699 stare
836 4645 919 4701 vel
949 4646 1208 4701 incedere
1243 4660 1352 4702 non
1378 4645 1612 4703 valebat.
1641 4645 1861 4710 Verum,
1892 4645 1996 4701 viri

424 4734 501 4788 illi
533 4736 756 4801 armati,
789 4736 1098 4793 admirabili
1129 4735 1308 4792 Patris
1335 4737 1645 4805 praestantia
1690 4744 1998 4804 perspecta,

424 4827 593 4882 multa
627 4825 680 4880 in
712 4840 834 4880 cum
859 4827 1235 4882 misericordia
1274 4828 1359 4883 usi
1395 4836 1520 4881 sunt
1547 4827 1617 4883 ob
1653 4841 1742 4881 res
1775 4837 1999 4893 stupen-

421 4922 519 4975 das
557 4934 693 4989 quas
722 4919 838 4975 suis
870 4920 1117 4990 ipsismet
1143 4920 1318 4977 oculis
1352 4918 1774 4975 contuebantur.
1809 4918 1996 4986 Itaque

2104 4551 2510 4615 καταλαϐόντες
2529 4592 2543 4616 ,
2576 4552 2670 4605 καὶ
2697 4551 2758 4604 τὸ
2794 4551 3159 4622 μοναστήριον
3194 4552 3534 4619 πεφθακότες
3558 4590 3571 4613 ,
3602 4551 3669 4607 ὡς

2105 4643 2272 4715 θῆρες
2300 4641 2612 4713 ἁλλόμενοι,
2642 4641 2743 4707 λὰξ
2771 4643 2913 4697 κατὰ
2935 4643 3043 4695 τῶν
3073 4643 3256 4714 θυρῶν
3287 4644 3667 4713 προσέκρουον.

2106 4735 2201 4789 καὶ
2230 4734 2309 4804 τῷ
2339 4734 2479 4804 ἁγίῳ
2518 4733 2769 4804 σπηλαίῳ
2804 4733 2999 4801 φονίως
3032 4735 3481 4805 εἰσπηδήσαντες,
3514 4731 3669 4800 ἐκφέ-

2110 4843 2265 4897 ρουσι
2304 4825 2398 4878 τὸν
2433 4826 2612 4893 ἆγιον,
2651 4825 2728 4885 ὡς
2760 4825 2825 4877 ἐκ
2868 4826 3078 4879 παστοῦ
3126 4843 3272 4889 τινος
3304 4820 3667 4896 πνευματικοῦ

2110 4916 2367 4987 σύροντες
2390 4914 2516 4980 ἔξω.
2558 4916 2655 4969 Ἐκ
2682 4916 2779 4985 τῆς
2799 4917 2908 4986 γὰρ
2938 4914 3079 4984 ἄγαν
3107 4918 3435 4988 ἐγκρατείας
3464 4917 3554 4971 καὶ
3579 4914 3668 4982 τῆς

419 5014 528 5069 duo
572 5028 639 5068 ex
688 5012 799 5068 illis
835 5010 1213 5083 coniungendo
1253 5013 1477 5082 suisque
1532 5012 1774 5069 humeris
1825 5004 1997 5065 sancti

2108 5008 2450 5079 στενωτάτης
2484 5008 2751 5079 οἰκήσεως
2800 5008 2908 5061 τῶν
2939 5009 3168 5081 κνημῶν
3214 5008 3381 5063 αὐτοῦ
3425 5011 3535 5071 τοῖς
3570 5021 3667 5075 μη·

419 5122 615 5163 manus
662 5108 1011 5177 imponendo,
1067 5105 1296 5176 ejusque
1352 5119 1528 5174 genua
1581 5104 1696 5159 suis
1748 5104 1998 5159 manibus

421 5199 523 5253 hoc
553 5207 710 5268 pacto
750 5198 1064 5264 fulcienda,
1098 5198 1165 5250 ad
1206 5196 1378 5252 sancti
1425 5191 1681 5250 Auxentii
1722 5190 1997 5249 Ctetnetc-

420 5290 561 5344 rium
612 5304 944 5361 pervenere,
993 5289 1082 5345 ubi
1135 5302 1258 5343 eum
1309 5297 1558 5343 sanctum
1593 5283 1771 5339 virum
1802 5295 1857 5337 et
1887 5285 1995 5338 Deo

379 5437 382 5439 λ
489 5447 536 5481 σε
576 5444 717 5500 ρεθι,
756 5460 847 5511 κν,
881 5445 934 5501 8,
1010 5445 1057 5478 ⁸⁸
1097 5442 1202 5499 Isa.
1236 5458 1288 5509 ν,
1312 5443 1404 5498 20.
1481 5442 1525 5473 ⁸⁷
1568 5441 1710 5496 Psal.
1741 5456 1863 5504 cu,
1898 5438 1949 5493 ϐ.

2111 5100 2223 5171 ροῖς
2254 5097 2793 5168 προσκολληθέντων,
2828 5099 3049 5171 στήκειν
3074 5099 3109 5170 ἢ
3133 5098 3400 5155 κινεῖσθαι
3425 5100 3521 5152 οὐκ
3544 5092 3666 5165 ἡδύ-

2107 5208 2256 5246 νατο.
2289 5190 2412 5245 Τῶν
2458 5191 2515 5244 δὲ
2544 5189 2928 5262 ἀσπιδοφόρων
2965 5190 3188 5249 ἐκείνων
3226 5190 3437 5261 ἀνδρῶν
3470 5188 3531 5242 τὸ
3579 5180 3662 5237 τοῦ

2106 5281 2321 5354 Πατρὸς
2355 5279 2669 5352 θαυμαστόν
2705 5280 3051 5352 ἑωρακότων,
3087 5281 3186 5335 καὶ
3217 5279 3423 5352 πολλὴν
3455 5272 3663 5348 συμπά-

1702 5594 1939 5650 VARUE
1980 5595 2389 5652 LECTIONES.

488 5747 516 5783 ν
552 5745 631 5796 Ad
666 5742 959 5813 marginem
998 5755 1097 5797 ms.
1134 5736 1394 5810 πρόσθες,
1430 5734 1559 5807 κύρι
1590 5734 1871 5805 πατρὲκιε.
