4060 6426
391 329 528 395 1125

1440 335 1615 394 VITA
1656 334 1717 394 S.
1752 336 2129 399 STEPHANI
2168 341 2546 403 JUNIORIS.

3516 351 3652 417 1126

388 443 540 496 θειαν
580 440 977 511 ἐνδειξαμένων
1006 440 1100 494 ἐπὶ
1138 441 1214 511 τῷ
1257 442 1420 513 ἁγίῳ,
1453 442 1544 496 διὰ
1586 442 1649 495 τὸ
1692 444 1791 514 τῆς
1837 445 1968 515 όράιο

2083 448 2344 505 lirmatam
2407 454 2795 509 monachorum
2858 460 3336 528 congregationem
3392 478 3513 531 qum
3572 465 3648 521 illi

388 549 529 595 σεως
565 530 905 600 ἔκπληκτον,
957 529 1052 584 δύο
1101 529 1459 596 συζεύξαντες
1498 530 1592 584 καὶ
1634 534 1747 594 τοῖς
1797 532 1973 604 ὤμοις

389 625 571 679 αὐτῶν
610 624 710 688 τὰς
750 626 940 696 χεῖρας
991 624 1087 678 τοῦ
1138 625 1288 678 όσίου
1330 625 1615 692 ἐπιθέντες
1642 666 1658 691 ,
1712 628 1806 681 καὶ
1853 631 1972 693 ταῖς

391 719 584 788 χερσὶν
636 718 816 772 αὐτῶν
864 721 933 774 τὰ
981 720 1184 788 γόνατα
1215 721 1359 776 οὕτω
1402 723 1875 789 διαναπαύοντες,
1913 726 1973 779 τὸ

390 811 760 882 κοιμητήριον
803 811 900 866 τοῦ
930 812 1090 881 ἁγίου
1135 812 1426 879 Αύξεντίου
1465 815 1771 870 κατέλαϐον
1795 858 1808 879 ,
1843 817 1901 871 ὲν
1928 814 1973 886 ᾧ

389 902 483 955 τὸν
515 901 674 969 ἆγιον
724 903 1115 970 ἐγκλείσαντες
1158 906 1258 959 σὺν
1297 908 1363 977 τῇ
1403 906 1640 979 συνούσῃ
1671 906 1820 978 αὐτῷ
1853 908 1968 961 θεο-

392 992 675 1063 στηρίκτῳ
706 991 816 1045 τῶν
850 994 1104 1064 μοναχῶν
1158 996 1397 1068 συνοδίᾳ,
1446 999 1778 1068 περιέμενον
1819 999 1973 1053 αὐτοὶ

392 1082 499 1154 πρὸ
529 1082 642 1136 τῶν
683 1081 866 1155 θυρῶν
906 1085 1226 1156 ἐφεζόμενοι
1258 1087 1356 1158 τὴν
1387 1087 1481 1141 τοῦ
1518 1088 1784 1159 βασιλέως
1830 1090 1970 1144 ἀπό-

391 1192 581 1244 φασιν.
628 1176 687 1228 ’0
715 1174 773 1229 δὲ
804 1176 1120 1248 παμμάκαρ
1154 1178 1257 1232 οὐκ
1278 1179 1580 1247 ἐπαύσατο,
1624 1183 1722 1235 καὶ
1753 1182 1862 1236 ἔσω
1895 1181 1973 1236 ῶν

395 1267 537 1339 μετά
566 1269 667 1339 τῆς
708 1268 876 1323 αὑτοῦ
927 1270 1178 1335 συνοδίας
1200 1311 1216 1335 ,
1247 1271 1518 1342 ἀριδήλως
1553 1273 1770 1342 ψάλλων
1792 1291 1807 1305 ·
1853 1274 1974 1343 Τὴν

392 1362 696 1431 ἄχραντον
735 1364 941 1416 εἰκόνα
958 1366 959 1373 ‘
979 1379 1097 1418 σου
1119 1364 1614 1434 προσκυνοῦμεν,
1640 1366 1847 1436 ἀγαθὲ,
1879 1368 1974 1421 καὶ

391 1452 460 1506 τὰ
495 1451 626 1521 ἑξῆς
648 1468 664 1482 ⁶
696 1453 794 1507 καὶ
839 1454 979 1522 μετά
1024 1452 1188 1507 τοῦτο
1215 1454 1312 1506 καὶ
1337 1454 1420 1520 τὸ,
1447 1455 1636 1520 Δόξα·
1682 1456 1814 1522 Τοῖς
1856 1457 1974 1510 τῶν

390 1542 553 1613 ἐμῶν
584 1544 895 1613 λογισμῶν
922 1546 1184 1614 λῃσταῖς
1212 1546 1555 1613 περιπεσὼν
1581 1548 1897 1616 ἐσυλήθην
1939 1553 1973 1603 ὀ

391 1633 578 1700 τάλας
611 1634 719 1688 τὸν
736 1634 912 1701 νοῦν,
945 1636 1041 1689 καὶ.
1069 1635 1137 1688 τὰ
1162 1635 1291 1705 ἑξῆς
1319 1635 1414 1689 τοῦ
1470 1636 1655 1702 ἔπους.
1690 1640 1755 1692 Οί
1787 1638 1842 1691 δὲ
1867 1639 1974 1710 πρὸ

391 1726 503 1779 τῶν
532 1724 717 1797 θυρῶν
744 1724 986 1795 φύλακες
1006 1765 1022 1790 ,
1046 1724 1206 1779 τοῦτο
1237 1727 1366 1796 παρ’
1400 1727 1588 1791 αὐτοῖς
1631 1727 1971 1798 ψαλλόμενον

2080 541 2302 595 suberat
2349 541 2724 610 inclusissent,
2779 545 2877 615 ipsi
2924 559 3048 602 ante
3093 550 3315 618 januam
3372 554 3652 616 sedentes.

2079 632 2423 701 imperatoris
2455 637 2779 691 sententiam
2810 642 3220 706 exspectabant.
3259 643 3480 698 Interim
3520 661 3653 701 vero

2073 722 2423 780 beatissimus
2451 725 2618 782 Pater
2657 728 2803 783 intus
2844 730 3007 784 etiam
3041 731 3305 797 inclusus,
3343 734 3491 789 tiara
3520 752 3652 793 voco

2075 828 2197 867 cum
2232 829 2328 869 sua
2360 819 2784 887 congregatione
2829 821 3065 890 psallere
3110 838 3215 877 non
3264 824 3429 880 desiit
3459 841 3473 877 :
3503 825 3651 880 Inte-

2075 917 2333 960 meratam
2365 908 2649 978 imaginem
2682 920 2827 964 tuam
2861 912 3170 983 adoramus,
3206 929 3235 966 ο
3267 915 3419 979 bone,
3454 926 3562 972 etc.
3595 927 3652 972 et

2075 1004 2198 1063 post
2232 996 2362 1050 illud
2392 1009 2445 1052 et
2486 997 2716 1053 Gloria:
2750 998 2816 1053 In
2864 1016 3100 1053 mearum
3153 1002 3539 1077 cogitationum
3565 1002 3651 1055 la-

2076 1096 2249 1141 trones
2288 1089 2545 1152 incidens,
2586 1098 2757 1143 mente
2800 1092 2960 1145 miser
2988 1092 3247 1160 spoliatus
3275 1110 3412 1158 sunt,
3444 1104 3497 1148 ct
3528 1094 3654 1149 reli-

2074 1192 2240 1246 quum
2304 1192 2545 1233 carmen.
2601 1178 2870 1235 Custodes
2910 1195 3073 1246 vero,
3125 1184 3216 1253 qui
3279 1195 3407 1239 ante
3464 1185 3651 1239 limina

2074 1278 2251 1334 erant,
2297 1273 2410 1323 inec
2446 1270 2650 1325 abillis
2694 1272 2904 1326 cantari
2957 1273 3261 1337 audientes,
3313 1276 3491 1343 capita
3539 1279 3655 1346 agi-

2082 1358 2268 1422 tando,
2293 1373 2411 1414 sese
2436 1359 2665 1415 invicem
2691 1363 2919 1416 miseros
2941 1365 3333 1431 praedicabant.
3364 1366 3528 1443 460
3566 1366 3654 1421 Va:

2076 1451 2269 1513 nobis,
2317 1450 2569 1515 aiebant,
2624 1454 2774 1522 quia
2811 1456 3093 1511 monachis
3156 1458 3509 1523 hominibus,
3558 1459 3651 1529 qui

2080 1543 2291 1596 innoxii
2368 1542 2697 1612 aﬂliguntur,
2763 1544 3000 1601 latrones
3062 1548 3256 1601 merito
3301 1550 3655 1621 appellamur.

2077 1631 2181 1686 Sex
2220 1648 2384 1702 porro
2442 1634 2643 1702 elapsis
2689 1633 2883 1689 diebus
2923 1634 3097 1704 jejuni
3134 1637 3241 1691 illic
3276 1639 3469 1693 inclusi
3504 1653 3657 1691 man-

2075 1738 2215 1777 sere.
2270 1723 2511 1792 Septima
2542 1736 2720 1779 autem
2756 1725 2843 1779 die
2889 1725 3027 1779 alius
3060 1727 3281 1794 quidam
3313 1728 3599 1795 praefectus
3625 1743 3655 1780 a

393 1814 707 1879 ἀκούοντες,
746 1815 847 1879 τὰς
880 1818 1055 1887 κέρας
1086 1815 1524 1880 ὲπισαλεύοντες,
1552 1818 1819 1888 ἀλλήλους
1848 1820 1973 1871 ὲτα-

2083 1822 2307 1887 lyranno
2364 1814 2691 1881 imperatore
2754 1814 2998 1878 advenit,
3053 1828 3305 1870 sanctum
3377 1819 3552 1870 virum
3600 1817 3654 1871 iu

392 1906 610 1987 λάνιζον
674 1906 939 1976 λέγοντες
965 1925 977 1940 ·
1042 1908 1182 1961 Οὐαὶ
1211 1908 1338 1978 ἡμῖν
1365 1910 1468 1965 εὸτι
1490 1909 1641 1980 παρά
1666 1909 1972 1981 ἀνθρώπων

397 1999 687 2073 μοναχῶν,
735 2000 905 2071 μηδὲν
954 2000 1300 2070 ἠδικηκότων
1344 2000 1439 2053 καὶ
1483 2002 1963 2072 κακουχουμένων,

2078 1906 2357 1974 proprium
2431 1906 2825 1959 tnonasterium
2898 1908 3294 1971 restituturns,
3339 1910 3409 1962 ob
3458 1910 3654 1964 bellum

2077 1997 2333 2048 adversus
2367 1992 2598 2064 Scythas
2633 1996 2977 2048 incumbens.

395 2091 621 2154 εἰκότως
672 2090 868 2163 λῃσταὶ
902 2090 1319 2161 κηρυσσόμεθα.
1381 2088 1479 2155 Ἓξ
1504 2091 1561 2144 δὲ
1591 2090 1983 2163 παρελθουσῶν
2022 2085 2266 2159 ἡμερῶν,
2319 2085 2495 2137 ἄσιτοι
2565 2084 2842 2155 διέμειναν
2909 2086 2960 2137 οί
3004 2087 3131 2155 περὶ
3175 2086 3264 2139 τὶν
3297 2086 3453 2155 ἅγιον
3496 2090 3657 2158 ἐγκε..

395 2183 728 2253 κλεισμένοι.
763 2184 873 2237 Καὶ
903 2187 970 2255 τῇ
1010 2183 1215 2256 ἐϐδόμῃ
1256 2186 1439 2255 ἡμέρᾳ
1485 2185 1546 2237 ἐκ
1576 2184 1669 2237 τοῦ
1737 2185 2005 2256 τυράννου
2048 2178 2317 2250 βασιλέως
2362 2176 2553 2246 ἕτερός
2584 2194 2666 2238 τις
2722 2177 2909 2246 ἄρχων
2981 2177 3336 2247 παρεγένετο,
3372 2180 3464 2231 τὸν
3503 2180 3657 2248 ἅγιον

394 2280 456 2331 ἐν
488 2277 569 2348 τῷ
613 2277 801 2348 οἰκείῳ
826 2278 1228 2350 φροντιστηρίῳ
1263 2280 1762 2349 ἀποκαταστήσων,
1799 2278 2044 2346 πολέμου
2076 2272 2212 2345 πρὸς
2239 2270 2457 2334 Σκύθας
2488 2271 2921 2339 παρακειμένου.

480 2373 539 2427 '0
566 2373 622 2427 δὲ
648 2374 909 2436 κάκιστος
939 2373 1147 2435 ἐκεῖνος
1175 2375 1524 2444 παρωνύμως
1548 2373 1852 2435 Κάλλιστος
1877 2373 1973 2426 ἕνα

394 2463 505 2518 τῶν
542 2462 803 2534 μαθητῶν
831 2461 929 2515 τοῦ
955 2462 1105 2515 ὁσίου
1156 2461 1277 2515 κατ’
1316 2464 1453 2517 ίδίαν
1485 2463 1935 2534 προσλαϐόμενος
1956 2502 1970 2525 ,

395 2556 619 2627 χρυσίον
645 2570 706 2607 τε
733 2552 885 2623 αὐτῷ
910 2553 1054 2617 δοὺς,
1084 2553 1179 2607 καὶ
1199 2554 1387 2625 ἕτερον
1415 2554 1601 2607 δοῦναι
1636 2553 1972 2623 ἐπαγγειλά-

400 2663 584 2717 μενος,
610 2644 787 2699 πείθει
818 2646 909 2697 τὸν
941 2643 1180 2698 ἐλεεινὸν
1227 2645 1436 2699 ἐκεῖνον
1463 2645 1718 2714 δεύτερον
1767 2644 1971 2699 Ἰούδαν

397 2735 695 2805 γενέσθαι,
755 2735 850 2787 καὶ
904 2735 1047 2788 κατά
1097 2731 1193 2787 τοῦ
1247 2734 1569 2788 διδασκάλου
1623 2734 1971 2804 ὀπλισθῆναι.

398 2828 626 2899 Σέργιος
656 2825 714 2879 δὲ
754 2825 927 2894 ὄνομα
954 2822 1133 2894 τούτῳ
1167 2825 1244 2898 τῷ
1270 2824 1508 2896 μαθητῇ.
1548 2824 1621 2877 Τὸ
1645 2824 1704 2878 δὲ
1743 2824 1975 2894 στρατό-

401 2918 566 2972 πεδον
612 2919 792 2971 έκεῖνο
833 2915 999 2987 εὐχὴν
1031 2914 1187 2987 παρᾲ
1218 2915 1331 2977 τοῦ,
1364 2915 1521 2984 ἁγίου
1571 2914 1825 2985 αἰτῆσαν,
1878 2913 1976 2983 τὴν

402 3007 798 3079 βασιλεύουσαν
848 3005 1170 3065 κατέλαϐεν.
1205 3004 1300 3058 καὶ
1346 3005 1445 3058 σὺν
1472 3003 1548 3075 τῷ
1577 3003 1789 3074 βασιλεί
1833 3002 1977 3055 κατά

2156 2367 2429 2421 Pessinms
2455 2374 2632 2418 autem
2658 2364 2747 2418 ille
2772 2365 2908 2418 male
2930 2363 3272 2430 Callistus,id
3288 2372 3391 2428 est,
3424 2366 3660 2433 optimus

2083 2458 2398 2526 appellatus,
2422 2471 2586 2508 unum
2613 2471 2641 2509 e
2666 2456 2835 2510 sancti
2859 2455 3137 2524 discipulis
3161 2456 3411 2524 privatim
3433 2458 3662 2512 adorsus

2081 2559 2183 2612 εει,
2210 2560 2450 2614 auroque
2477 2545 2523 2598 ei
2547 2546 2675 2598 dato
2704 2555 2758 2597 et
2786 2544 2933 2597 aliud
2966 2559 3022 2597 se
3056 2545 3159 2613 ipsi
3185 2547 3430 2598 daturum
3455 2548 3663 2616 pollici-

2084 2651 2189 2703 tus,
2220 2639 2417 2691 misero
2437 2635 2511 2690 illi
2540 2636 2828 2705 persuadet
2858 2634 3084 2689 alterum
3107 2636 3222 2690 ﬁeri
3251 2636 3468 2702 Judam,
3492 2654 3664 2693 arma-

2080 2747 2183 2801 qne
2216 2740 2406 2784 contra
2445 2729 2760 2797 magistrum
2800 2742 3038 2783 sumere.
3071 2726 3208 2783 Huic
3239 2729 3501 2797 discipulo
3536 2730 3664 2783 Scr-

2078 2824 2197 2894 gius
2234 2837 2429 2876 nomen
2454 2832 2595 2875 erat.
2635 2821 2712 2874 Illi
2746 2834 2876 2874 vero
2919 2821 3118 2875 milites
3149 2822 3397 2875 oratione
3424 2837 3450 2874 a
3475 2833 3663 2877 sancto

2080 2915 2449 2984 postulata,se
2476 2912 2528 2966 in
2552 2912 2957 2980 imperatoriam
2978 2912 3167 2967 urbem
3202 2923 3551 2983 receperunt,
3578 2914 3664 2967 in-

2083 3009 2257 3075 deque
2278 3020 2400 3059 cum
2428 3004 2758 3073 imperatore
2779 3004 2828 3057 in
2854 3001 3123 3071 Europam
3142 3005 3400 3059 adversus
3430 3003 3663 3075 Scythas

399 3099 513 3154 τῶν
562 3096 785 3151 Σκυθῶν
827 3096 921 3149 ἐπὶ
955 3095 1056 3167 τὴν
1088 3094 1363 3165 Εὐρώπην
1404 3095 1802 3163 ἑφουσάτευσεν
1843 3093 1977 3165 (10).

2087 3094 2313 3165 profecti
2343 3103 2490 3150 sunt.
2528 3094 2746 3147 Interim
2772 3095 2860 3149 ille
2888 3094 3192 3164 iniquitatis
3227 3095 3368 3150 [ilius
3402 3095 3652 3168 Sergius,

413 3189 476 3245 ’0
504 3189 563 3243 δὲ
600 3189 702 3260 τῆς
729 3186 958 3256 ἀνομίας
985 3188 1194 3249 ἐκεῖνος
1221 3185 1335 3249 υίὸς
1380 3186 1606 3256 Σέργιος
1629 3225 1642 3249 ,
1676 3187 1704 3238 ὁ
1731 3184 1982 3256 δεύτερος

415 3279 774 3352 Ἰσκαριώτης
799 3317 814 3339 ,
845 3276 943 3331 καὶ
997 3276 1097 3345 τῆς
1126 3275 1363 3345 ἀγχόνης
1387 3274 1749 3345 κληρονόμος,
1779 3274 1984 3327 παντά-

406 3389 575 3426 πασιν
602 3369 692 3424 διὰ
714 3370 807 3422 τοῦ
830 3368 1010 3422 δολίου
1036 3366 1265 3437 χρυσίου
1284 3375 1310 3402 κ
1327 3365 1564 3430 ὲνδυθεὶς
1590 3367 1682 3419 τὸν
1714 3367 1980 3430 Σατανᾶν,

409 3465 475 3517 ὲκ
502 3463 626 3516 τότε
663 3461 764 3514 οὐκ
795 3458 1078 3511 ἐπαύσατο
1119 3456 1478 3527 λαθροπορῶν
1520 3458 1615 3511 καὶ
1640 3474 1985 3527 κρυφιογνω-

409 3553 528 3625 μῶν
554 3550 699 3606 κατά
724 3549 821 3603 τοῦ
853 3547 1155 3618 σεϐασμίου
1183 3548 1416 3618 Πατρός.
1463 3548 1551 3611 Ὠς
1583 3547 1642 3602 δὲ
1673 3544 1812 3602 εἶδεν
1857 3551 1985 3602 έαυ-

406 3642 498 3695 τὸν
533 3636 870 3695 ἀσθενοῦντα
916 3636 1055 3707 πρὸς
1086 3635 1149 3689 τὸ
1177 3634 1376 3690 ἑαυτοῦ
1416 3637 1644 3706 ἐφετὸν,
1699 3637 1797 3707 τῆς
1834 3640 1985 3708 ἱερᾶς

408 3733 630 3804 ἐκείνης
663 3730 909 3801 μάνδρας
952 3728 1147 3783 ἑαυτὸν
1175 3729 1438 3800 χωρίσας,
1472 3728 1569 3781 καὶ
1598 3728 1735 3798 πρὸς
1774 3729 1863 3782 τὸν
1885 3731 1986 3801 ἀρ·

409 3823 805 3899 χιτελιιδνοῦντα
840 3821 1045 3875 κόλπου
1082 3828 1111 3869 1
1144 3818 1246 3890 τῆς
1278 3818 1648 3889 Νικομηδείας
1693 3820 1985 3892 φορολόγον

410 3915 745 3990 εἰσδραμὼν.
784 3913 1168 3983 Δὺλικάλαμον
1211 3911 1273 3965 τὸ
1318 3910 1575 3978 ἐπίκλην,
1624 3911 1987 3983 συγγνώμονα

410 4010 599 4064 τοῦτον
622 4007 896 4078 λαμὸἀνει
923 4006 1018 4061 καὶ
1052 4002 1310 4059 κοινωνὸν
1340 4004 1439 4075 τῆς
1468 4004 1635 4058 αὐτοῦ
1665 4004 1946 4069 ἀπωλείας
1969 4045 1983 4069 ,

409 4103 507 4158 καὶ
545 4101 713 4171 τόμον
753 4097 1171 4167 συγγράψαντες
1210 4094 1659 4159 ὲνιπιπλάστοις
1695 4095 1987 4167 λοιδορίαις

412 4192 554 4248 κατά
579 4189 674 4245 τοῦ
699 4189 849 4244 όσίου
878 4188 1154 4257 Στεφάνου
1190 4186 1461 4258 ἐνέθηκαν
1500 4185 1701 4250 οὕτως’
1776 4187 1862 4251 Ὠς
1903 4190 1987 4243 ὅτι

412 4284 630 4356 πρῶτον
658 4282 754 4335 καὶ
778 4279 1060 4351 ἐξαίρετον
1089 4276 1484 4347 ἀναθεματίζει
1514 4294 1609 4330 σου
1639 4278 1739 4347 τὴν
1766 4280 1987 4350 μνήμην

411 4377 490 4439 ώς
526 4371 806 4446 αἱρετικοῦ
849 4387 865 4402 ⁸
900 4368 1180 4439 Συρογενῆ
1216 4385 1276 4422 τε
1318 4368 1412 4422 καὶ
1447 4366 1680 4437 Βιτάλην
1713 4377 1736 4404 ²
1766 4385 1825 4421 σε
1851 4371 1987 4423 ἀπο-

2083 3184 2222 3239 alter
2267 3184 2518 3239 lscariota
2556 3194 2609 3239 et
2651 3186 2827 3254 laquei
2873 3186 3084 3248 haeres,
3134 3183 3394 3239 Satanam
3445 3189 3664 3255 penitus

2085 3289 2177 3343 per
2211 3274 2457 3329 delusum
2501 3291 2691 3328 aurum
2746 3276 2993 3341 indutus,
3030 3276 3100 3330 ab
3125 3291 3190 3330 eo
3225 3286 3471 3346 tempore
3517 3279 3659 3331 clam

2086 3366 2310 3420 insidias
2340 3366 2651 3421 venerando
2689 3365 2837 3420 Patri
2887 3377 3100 3421 struere
3127 3376 3182 3422 et
3222 3368 3524 3422 machinari
3555 3386 3661 3423 non

2084 3459 2308 3513 destitit.
2360 3456 2579 3523 Verum,
2611 3469 2670 3512 ut
2699 3457 2860 3533 461
2893 3460 3027 3513 vidit
3075 3474 3135 3513 se
3177 3461 3227 3515 id
3258 3462 3400 3529 quod
3437 3462 3665 3529 optabat

2085 3551 2341 3619 consequi
2373 3566 2476 3604 non
2511 3564 2684 3620 posse,
2721 3567 2779 3604 se
2811 3569 2837 3604 a
2874 3567 3029 3605 sacra
3059 3552 3146 3606 illa
3178 3553 3332 3608 caula
3364 3555 3659 3621 separavit,

2085 3651 2138 3695 et
2170 3642 2234 3694 ad
2278 3641 2687 3709 publicanorum
2741 3642 2892 3698 sinus
2946 3642 3275 3699 Nicomedia:
3337 3645 3653 3715 przefeclum

2085 3743 2445 3804 cognomento
2474 3733 2867 3789 Aulicalamum
2916 3736 3245 3802 convolavit,
3281 3752 3514 3807 eumque
3547 3754 3661 3793 sua:

2086 3826 2408 3893 perditionis
2457 3837 2767 3880 consortem
2815 3835 2867 3881 et
2917 3827 3124 3882 socium
3190 3830 3419 3897 accepit.
3479 3828 3666 3900 Itaque

2087 3918 2244 3972 atnho
2274 3917 2427 3971 ﬁctas
2454 3918 2753 3972 calumnias
2782 3919 3044 3975 adversus
3072 3919 3406 3988 Stephanum
3441 3921 3494 3974 in
3518 3922 3666 3976 codi-

2088 4009 2213 4064 cillo
2239 4010 2616 4079 conscripsere
2672 4011 2773 4065 hoc
2832 4012 2989 4065 modo
3018 4029 3030 4064 :
3061 4010 3248 4067 Primo
3276 4022 3328 4065 et
3372 4012 3665 4083 praecipue,

2090 4101 2187 4163 tui,
2223 4108 2483 4169 tanquam
2523 4101 2787 4167 Ineretici,
2842 4102 3121 4159 memoriae
3156 4102 3445 4156 anathema
3488 4105 3615 4157 dicit
3652 4123 3664 4157 :

2092 4199 2141 4243 le
2171 4192 2364 4262 Syrum
2398 4200 2451 4245 et
2482 4190 2713 4245 Vitalem
2753 4193 2990 4262 appellat
3024 4211 3039 4247 :
3084 4193 3266 4247 foveas
3322 4194 3584 4246 adversus
3618 4204 3669 4245 te

2090 4281 2224 4337 fodit
2258 4283 2309 4336 in
2342 4292 2526 4336 monte
2574 4282 2803 4350 sedens;
2838 4281 3051 4351 aliaque
3108 4282 3503 4352 quamplurima
3549 4298 3668 4350 qui-

2093 4373 2193 4427 l-us
2236 4373 2386 4426 illum
2424 4371 2753 4426 maleticiose
2790 4372 3141 4437 accusabant,
3196 4387 3314 4440 qua:
3350 4372 3669 4426 rretninisse

412 4465 608 4521 καλεῖ·
656 4463 752 4518 καὶ
798 4460 1023 4532 βόθρους
1059 4456 1207 4512 κατά
1239 4457 1335 4511 σοῦ
1381 4455 1606 4527 ὀρύσσει
1640 4460 1700 4509 ὲν
1742 4457 1820 4528 τῷ
1872 4458 1978 4529 aper

2098 4462 2178 4516 vel
2235 4461 2455 4531 scriptis
2523 4462 2783 4516 mandare
2842 4462 3119 4531 indignum
3170 4470 3276 4515 est.
3334 4461 3665 4516 Addebant:

412 4557 742 4628 καθήμενος.
805 4554 916 4607 Καὶ
955 4551 1096 4606 ἄλλα
1136 4550 1260 4606 τινὰ
1310 4549 1606 4619 πάμπολλαι
1668 4550 1832 4603 αὐτὸν
1883 4551 1988 4603 λοι-

412 4648 773 4720 δορήσαντες,
806 4637 880 4698 ὧν
910 4642 1217 4715 μνησθῆναι
1239 4640 1340 4694 οὐκ
1373 4640 1520 4694 ἐστιν
1544 4640 1713 4709 ἄξιον,
1740 4640 1772 4713 ἢ
1804 4644 1991 4714 γραφῇ

417 4736 911 4810 παραδοῦναι.Καὶ
937 4736 1043 4801 ὅτι,
1072 4732 1259 4805 φησὶν,
1316 4731 1554 4800 γυναῖκά
1606 4747 1728 4807 τινα
1786 4731 1991 4802 πλανή-

2106 4550 2347 4606 Nobilem
2414 4551 2702 4620 quamdam
2771 4550 3049 4605 mulierem
3094 4550 3207 4619 ipse
3259 4552 3676 4605 seduxitettn-
3780 4568 3800 4579 ι

2100 4643 2293 4707 tundit,
2328 4657 2558 4713 eamque
2592 4645 2644 4696 in
2677 4642 3007 4697 monasterio
3054 4641 3311 4696 inferiore
3357 4651 3520 4705 tenet,
3552 4658 3673 4710 quae

2095 4734 2312 4804 quidem
2360 4745 2520 4788 noctu
2551 4734 2700 4788 illum
2732 4733 2785 4786 in
2815 4732 2952 4787 colle
2987 4732 3264 4796 convenit,
3311 4731 3583 4787 libidinosi
3618 4741 3673 4784 et

418 4847 520 4893 σας
570 4827 680 4882 τῶν
721 4827 982 4896 εὐγενῶν,
1032 4824 1237 4893 ταύτην
1276 4822 1574 4894 ἀπέκειρεν
1618 4823 1712 4875 καὶ
1751 4822 1889 4893 πρὸς
1930 4824 1978 4876 τὶ

2083 4825 2314 4893 Ιτιαὶιίοεί
2389 4824 2702 4879 commercii
2762 4838 2949 4878 causa.
3021 4820 3147 4877 Haec
3197 4837 3359 4892 porro
3418 4824 3528 4891 ipsa
3585 4823 3672 4874 illa

415 4923 571 4978 κάτω
591 4919 705 4991 ἔχει
733 4918 1125 4992 μοναστήριον,
1150 4917 1245 4969 καὶ
1274 4914 1416 4967 κατά
1433 4914 1612 4967 νύκτα
1662 4914 1798 4984 πρὸς
1828 4913 1992 4967 αὑτὸν

416 5015 478 5068 ὲν
515 5010 594 5081 τῷ
635 5009 811 5081 βουνῷ
864 5009 1158 5079 ἀνέρχεται
1206 5003 1491 5075 ὲμπαθοῦς
1531 5004 1627 5057 καὶ
1670 5004 1990 5076 ὲφαμάρτου

418 5105 584 5158 ἓνεκα
630 5101 914 5173 ἐπιμιξίας
945 5117 959 5131 ο
1014 5099 1154 5169 αὕτη
1200 5097 1260 5151 δέ
1318 5097 1490 5160 ἐστιν,
1563 5089 1608 5149 ὧ
1675 5097 1991 5151 πιστότατοι

2094 4926 2201 4979 est,
2235 4916 2511 4969 auditores
2559 4914 2880 4980 ﬁdelissimi,
2925 4914 3082 4984 cujus
3130 4913 3378 4981 superius
3427 4914 3669 4978 memini,

2097 5023 2216 5076 qua:
2247 5022 2463 5077 nempe,
2491 5007 2605 5063 suis
2632 5007 2884 5061 omnibus
2925 5005 3081 5060 bonis
3126 5016 3268 5059 recte
3322 5006 3669 5072 dispensatis,

2099 5098 2207 5152 (ilia
2252 5098 2514 5167 spiritalis
2554 5099 2730 5153 sancti
2780 5096 3044 5166 Stephani
3094 5111 3190 5165 per
3237 5105 3482 5150 sanctum
3516 5093 3672 5147 habi-

1720 5228 1953 5283 \'ARIAE
2008 5226 2417 5285 LECTIONES.

494 5369 521 5399 ⁸
559 5356 672 5410 1)υο
698 5353 900 5408 addunt
933 5349 1217 5424 σαρκικῶς
1245 5352 1440 5405 εἰπεῖν.
1519 5359 1547 5399 1
1572 5350 1643 5403 al.
1684 5347 1774 5399 τὸν
1808 5343 2027 5398 κόλπον.

2105 5351 2127 5379 ι
2163 5343 2233 5396 al.
2267 5344 2539 5399 Βιτάλιον.

1937 5477 2169 5534 NOTAE.
2270 5467 2277 5475 ’

495 5604 607 5674 (ιο)
651 5602 1164 5675 Ἔφουιτάτευσεν.
1210 5601 1381 5675 Alius.
1437 5615 1537 5654 ms.
1570 5598 1739 5675 habet
1778 5594 1996 5675 ὲφωσάτ

425 5667 619 5728 τεδσεν
649 5693 663 5728 :
698 5667 856 5737 alius,
892 5672 1315 5741 ὲφοσσάτευσεν.
1353 5673 1518 5747 Porro
1569 5671 1681 5722 ha'c
1709 5681 1809 5747 vox
1856 5667 1996 5731 apud

429 5747 647 5800 Graecos
680 5748 865 5799 mediae
918 5758 969 5797 et
1007 5745 1203 5795 intima:
1250 5742 1425 5796 aetatis
1482 5756 1579 5809 pro
1635 5742 1782 5789 vario
1835 5750 1996 5787 St’llhll

2106 5592 2398 5662 signiﬁcat.
2429 5592 2725 5647 exercitum
2754 5593 2971 5655 ducere,
3002 5591 3199 5647 bellum
3223 5607 3435 5664 gerere,
3462 5591 3528 5646 ad
3563 5589 3672 5648 bel-

2107 5666 2212 5715 lum
2257 5664 2546 5732 proﬁcisci,
2590 5667 2981 5718 castrametari.
