4060 6462
512 356 641 422 1131

1720 361 2101 425 STEPHANI
2150 360 2453 419 DIACONI
2495 361 2606 419 CP.

3614 363 3727 430 1132

510 487 628 527 runt
673 471 989 526 indumento
1038 472 1305 540 tlrposlln,
1355 474 1636 545 splendide
1680 490 1800 528 cum
1859 474 2087 540 impera-

2197 469 2401 532 Φεῑσαι,
2453 469 2633 537 γύναι,
2681 470 2906 539 σαυτῆς,
2956 469 3049 522 καὶ
3087 469 3253 539 ζῆσον
3291 472 3466 536 καλῶς
3496 476 3621 542 μετὰ
3646 479 3728 548 τῆς

511 565 643 619 trit-c
678 565 820 627 vive,
860 574 915 619 et
945 567 1179 619 crastina
1217 566 1304 621 die
1342 569 1622 620 veritatem
1674 568 1934 620 adversus
1970 563 2087 618 Ste-

508 655 746 725 pbauum
779 670 961 710 coram
999 650 1258 712 univerSO
1289 659 1485 727 popqu
1518 657 1797 727 eloquere.
1852 654 1985 710 Nam
2018 669 2087 709 en

508 745 626 812 ipsa
662 743 858 798 ancilla
906 754 993 800 tua
1026 748 1169 816 quod
1203 762 1387 801 verum
1429 756 1512 802 est
1542 747 1837 801 convincit.
1870 745 1925 800 Si
1957 758 2089 799 vero

509 840 559 892 id
602 852 763 907 agere
801 839 1061 905 nolueris,
1102 840 1420 910 lapidcaque
1470 849 1573 893 tua:
1616 838 1815 893 mentis
1854 836 2086 907 pertina-

508 931 592 985 cia
623 931 841 984 mentiri
867 946 1080 1001 pergas,
1115 943 1203 986 tua
1233 934 1475 986 membra
1517 947 1613 1001 per
1639 941 1822 1001 partes
1852 929 2088 984 lacerata

509 1019 579 1075 ob
616 1020 805 1076 oculos
862 1030 983 1076 tuos
1028 1037 1321 1101 exponam.
1371 1021 1595 1085 Verum,
1638 1021 1684 1076 si
1720 1021 1863 1090 quod
1902 1019 2086 1088 cupio,

511 1111 784 1175 i-ﬂeceris,
830 1112 1079 1183 illiusque
1112 1114 1378 1169 adulteria
1411 1125 1463 1168 et
1490 1124 1675 1184 stupra
1704 1112 2086 1175 declaraveris,

509 1202 692 1259 utultis
765 1214 813 1257 te
859 1204 1158 1260 honoribus
1214 1215 1269 1260 et
1319 1206 1635 1260 muneribus
1682 1204 1908 1259 ornabo.
1954 1202 2090 1270 Quae

505 1311 626 1348 cum
685 1296 929 1351 audisset
989 1295 1153 1369 467
1219 1300 1525 1352 veneranda
1595 1298 1822 1360 mulier,
1868 1313 1933 1351 ex
1982 1298 2090 1350 imo

490 1398 725 1456 .pcclore
748 1404 967 1459 gravem
997 1391 1256 1459 gemitum
1281 1390 1531 1455 eiiciens,
1557 1402 1827 1460 caputque
1855 1391 2085 1458 agitans,

505 1480 577 1534 illi
644 1481 924 1552 respondit
955 1500 969 1536 :
1013 1500 1030 1533 ι
1072 1480 1283 1538 Recede
1329 1500 1356 1537 a
1392 1500 1477 1539 me
1500 1526 1514 1547 ,
1549 1501 1581 1538 o
1615 1485 1795 1545 homo,
1848 1483 2039 1537 recede
2072 1499 2085 1536 :

505 1574 599 1627 liat
630 1573 883 1629 voluntas
916 1574 1152 1629 Domini.
1192 1593 1211 1626 ι

575 1753 730 1808 Mane
781 1769 926 1814 vero.
978 1738 1295 1824 imperator,
1325 1756 1482 1825 plebe
1508 1769 1634 1810 ante
1666 1756 1816 1810 urbis
1847 1755 2087 1809 Pbialam

2192 560 2536 631 βασιλίσσης,
2571 561 2891 631 ἀποθεμένη
2919 561 2981 614 τὸ
3002 564 3103 632 τῆς
3140 563 3362 625 σκοτίας
3384 563 3511 617 αὐτὸ
3530 565 3727 637 ἐνδυμα,

2191 653 2284 706 καὶ
2310 652 2370 705 τὸ
2400 651 2598 723 ἀληθὲς
2639 652 2783 705 κατά
2826 652 3105 721 Στεφάνου
3141 652 3331 725 αὔριον
3362 655 3480 708 είπέ
3506 657 3593 709 ἐπὶ
3615 675 3731 710 παν-

2189 743 2278 805 τὸς
2307 743 2399 795 τοῦ
2427 741 2582 796 λαοῦ.
2630 744 2763 798 Ἰδοὺ
2796 744 2905 813 γὰρ
2934 744 3033 798 καὶ
3061 745 3094 813 ή
3117 745 3325 809 οίκέτις
3351 762 3442 799 σου
3471 749 3734 824 ἀπελέγχει

2189 836 2251 888 τὸ
2278 830 2602 905 ἁληθές.Ἐί
2654 836 2711 889 δέ
2748 836 2825 908 μὴ
2854 836 3124 910 βουληθῇς
3172 838 3334 891 τοῦτο
3381 839 3606 910 πρᾶξαι,
3636 842 3736 897 ἀλλ’

2190 928 2452 998 ἐμμένεις
2473 931 2538 999 τῇ
2569 927 2928 1000 λιθογνώμονί
2952 946 3050 983 σου
3071 930 3179 984 ἀπε
3189 930 3331 1002 ιθεία
3355 931 3737 1004 διαψευδομένη,

2188 1019 2299 1090 πρὸ
2326 1019 2433 1073 τῶν
2458 1013 2757 1091 ὀφθαλμῶν
2788 1037 2880 1073 σου
2904 1021 3002 1085 τὰς
3034 1022 3244 1093 σάρκας
3275 1039 3371 1075 σου
3401 1022 3616 1094 μεληδὸν
3649 1043 3743 1078 πα-

2193 1112 2509 1182 ραθήσομαι
2533 1127 2547 1142 ⁸
2581 1113 2632 1165 εἰ
2658 1113 2716 1165 δέ
2750 1114 2914 1168 πάλιν
2942 1114 3004 1167 τὸ
3031 1114 3156 1185 ἐμοὶ
3189 1115 3382 1184 ἐφετὸν
3407 1115 3742 1184 ἐπιδείξεως,

2191 1202 2678 1274 καὶδμολογήσεις
2711 1204 2810 1269 τὰς
2846 1205 3039 1259 τούτου
3082 1206 3333 1276 μοιχείας
3364 1207 3457 1260 καὶ
3486 1208 3745 1278 πορνείας,

2192 1295 2405 1348 πολλῶν
2440 1295 2618 1366 τιμῶν
2672 1296 2768 1350 καὶ
2834 1297 3056 1369 δωρεῶν
3097 1298 3227 1370 παρ’
3266 1298 3401 1368 ἐμοῦ
3466 1299 3743 1375 ἀξιωθήσῃ.

2205 1387 2271 1440 Ἡ
2304 1387 2362 1440 δέ
2382 1387 2543 1457 τιμία
2581 1388 2719 1457 γυνὴ
2751 1386 2962 1441 τούτοιν
2992 1388 3309 1454 ἀκούσασα,
3347 1390 3438 1443 καὶ
3466 1390 3529 1443 ἐκ
3570 1389 3748 1461 βάθους

2192 1480 2422 1551 καρδίας
2460 1480 2737 1552 ὀδυνηρῶς
2783 1479 3070 1551 οίμὼξασα
3091 1520 3106 1544 ,
3138 1479 3235 1535 καὶ
3259 1479 3360 1553 τὴν
3396 1481 3629 1551 κεφαλὴν
3658 1501 3777 1555 καο-

2191 1558 2494 1626 τασείσασα
2523 1612 2536 1637 ,
2597 1569 2753 1625 εἶπεν
2796 1572 2934 1640 πρὸς
2983 1572 3183 1626 αὐτόν’
3234 1573 3426 1627 Ἀπιθι
3463 1574 3554 1626 ἀπ’
3596 1574 3749 1645 ἐμοῦ,

2192 1665 2473 1735 ἄνθρωπε,
2514 1663 2709 1718 ἄπιθι·
2764 1664 2826 1717 τὸ
2882 1662 3097 1735 θέλημα
3129 1664 3225 1718 τοῦ
3269 1664 3478 1735 Κυρίου
3508 1665 3749 1733 γενέσθω.

2277 1757 2334 1808 '0
2388 1754 2445 1808 δὲ
2515 1754 2771 1824 βασιλεὺς
2827 1752 3000 1807 ἕωθεν
3057 1754 3265 1825 πλῆθος
3313 1754 3445 1808 λαοῦ
3515 1755 3618 1826 πρὸ
3664 1755 3750 1809 τοῦ

506 1860 598 1898 seu
654 1842 881 1897 Foniem
924 1854 1274 1913 congregata,
1327 1853 1479 1897 ratus
1510 1857 1569 1897 se
1599 1842 1742 1897 illam
1797 1840 2086 1906 ﬂexurnm,

2197 1849 2386 1912 ἄστεος
2412 1847 2510 1918 τῆς
2538 1848 2743 1919 Φιάλης
2773 1847 3169 1917 ἐκκλησιάσας,
3193 1847 3269 1912 ὼς
3292 1847 3529 1917 νομίζων
3561 1847 3751 1900 πείθειν

503 1934 555 1985 in
587 1933 827 1985 omnium
882 1942 1173 2000 conspectu
1208 1925 1421 1986 ‘nudam
1475 1932 1592 1987 sisti
1632 1932 1816 2002 jussit,
1868 1931 2088 1985 bovillo-

503 2037 730 2090 rumque
753 2038 1045 2077 nervomm
1078 2023 1350 2094 manipulo
1368 2032 1493 2077 aute
1511 2023 1627 2091 ejus
1644 2022 1828 2078 oculos
1853 2024 2089 2093 objet-to,

500 2116 637 2169 dixit
667 2134 678 2168 :
717 2114 824 2168 llos
873 2130 1064 2170 omnes
1097 2126 1294 2169 nervos
1324 2115 1486 2169 dorso
1552 2125 1607 2168 et
1632 2116 1803 2169 ventri
1839 2125 1930 2169 tuo
1971 2130 2092 2167 ver-

499 2206 743 2261 berando
769 2206 1160 2271 comminuam,
1198 2208 1295 2261 nisi
1329 2207 1591 2261 nefandas
1627 2206 1887 2278 Stephani
1917 2208 2093 2275 impu-

501 2298 741 2363 dicitias,
795 2313 934 2367 quas
975 2298 1028 2351 in
1100 2309 1150 2353 te
1190 2299 1483 2365 commisit,
1539 2299 1716 2369 palam
1796 2298 2084 2369 producas.

503 2390 712 2457 Quibus
744 2404 866 2443 cum
918 2391 1229 2444 veneranda
1286 2390 1480 2445 mulier
1532 2391 1664 2444 mhil
1715 2392 2089 2459 responderet,

506 2485 584 2537 ira
632 2482 872 2537 fremens
908 2494 1211 2554 tyrannus,
1260 2482 1404 2537 illam
1443 2486 1784 2537 meretricem
1832 2483 2090 2553 appellat,

503 2584 558 2629 et
587 2573 816 2645 ﬂagellis
867 2573 998 2628 czedi
1045 2571 1221 2640 jubet.
1256 2572 1373 2627 Mox
1407 2588 1535 2643 ergo
1584 2585 1707 2627 orto
1748 2574 1956 2629 robusti
1990 2574 2091 2627 viri

506 2681 740 2736 utraque
780 2665 921 2720 illius
969 2681 1132 2720 manu
1186 2667 1551 2735 apprehensa,
1607 2680 1727 2721 eam
1780 2667 1832 2718 in
1876 2668 2090 2719 modum

503 2760 687 2813 crucis
729 2759 782 2811 in
815 2772 941 2812 aere
977 2758 1300 2821 extendunt,
1336 2758 1620 2827 ipsamque
1665 2758 1804 2811 alter
1839 2772 1934 2826 per
1963 2771 2094 2809 ven-

507 2865 676 2918 trem,
730 2851 867 2905 alter
904 2865 1002 2921 per
1049 2850 1267 2904 dorsum
1326 2849 1454 2903 totis
1504 2849 1708 2904 viribus
1764 2849 2091 2918 percutiunt,

505 2944 638 2997 nihil
668 2943 811 2997 aliud
846 2942 932 2995 illa
963 2941 1177 2995 inierint
1208 2940 1487 3011 loquente,
1510 2957 1693 3011 quam,
1721 2940 1835 2995 Non
1854 2942 1976 2996 novi
1999 2942 2094 2995 lio-

508 3040 731 3101 mincm,
766 3047 825 3090 ut
857 3047 911 3090 tu
944 3035 1078 3090 dicis
1108 3052 1122 3089 :
1150 3044 1226 3097 et,
1247 3033 1492 3098 Domine,
1511 3035 1791 3089 miserere.
1818 3034 1960 3088 Ante
1978 3033 2096 3103 ejus

504 3143 721 3198 quoque
751 3126 967 3192 faciem,
1001 3125 1246 3182 dolosam
1290 3124 1463 3195 ipsius
1510 3124 1761 3180 ancillam
1810 3124 2097 3180 collocavit

509 3231 774 3288 tyrannus
806 3258 822 3286 ,
873 3226 933 3270 ut
984 3214 1129 3270 illam
1185 3230 1368 3269 coram
1422 3214 1676 3288 omnibus
1725 3211 2091 3275 convinceret,

503 3286 956 3379 quemadmodum
994 3318 1111 3358 eam
1133 3302 1247 3371 ipse
1271 3286 1562 3368 docuerat;
1600 3315 1720 3370 quae
1744 3299 2097 3370 jurejurando

502 3400 778 3456 dominam
830 3398 1121 3468 arguebat,
1156 3395 1329 3469 468
1394 3393 1649 3449 manibus
1702 3403 1893 3448 contra
1948 3392 2094 3447 illam

505 3494 754 3557 sublatis,
790 3490 1019 3560 ejusque
1071 3488 1263 3544 [aciem
1296 3487 1469 3558 sputis
1505 3486 1785 3542 fcedando.
1814 3485 2096 3542 Postremo

506 3586 608 3656 ipsi
639 3596 860 3654 quoque
902 3578 1197 3650 impietatis
1245 3586 1563 3651 symmystae
1588 3576 1704 3631 sive
1738 3576 1894 3640 socii,
1926 3577 2095 3630 Anna:

506 3679 732 3735 auribus
771 3673 1184 3745 obstrepebant,
1227 3684 1283 3727 ut
1313 3672 1366 3726 id
1406 3671 1639 3734 diceret,
1671 3669 1817 3740 quod
1860 3669 2096 3761 maxime

503 3772 725 3843 optabat
751 3771 1141 3840 imperator,et
1159 3767 1229 3821 ita
1252 3765 1481 3838 viveret.
1497 3762 1701 3817 Verum
1741 3762 1830 3818 illa
1846 3763 2097 3819 similiter

505 3883 569 3921 ac
600 3863 857 3937 superius
905 3874 1226 3932 responsum
1276 3857 1459 3913 dabat.
1492 3856 1566 3913 Ut
1594 3863 1776 3925 autem
1834 3864 2097 3925 tyrannus

505 3960 651 4014 illam
690 3970 802 4028 ιιι-ω
825 3953 1031 4010 crudeli
1058 3950 1394 4006 laceratione
1413 3948 1682 4019 elinguem
1713 3946 1912 4002 factam
1937 3945 2095 4007 vidit,

505 4058 775 4103 mortuam
815 4060 940 4101 esse
991 4053 1166 4107 ratus,
1224 4041 1431 4111 pudore
1470 4036 1708 4094 sull‘usus
1751 4038 1904 4093 se‘in
1948 4036 2097 4107 pala-

509 4142 644 4194 tium
708 4135 934 4206 recepit,
973 4148 1098 4187 eum
1147 4130 1497 4202 praecepisset
1541 4127 1688 4182 illam
1725 4127 1778 4182 in
1823 4127 2094 4196 quoddam

506 4229 749 4301 Byzantii
778 4225 1171 4282 monasterium
1198 4221 1412 4295 projici,
1438 4220 1583 4276 nulla
1612 4234 1742 4288 erga
1771 4219 1939 4289 ipsam
1966 4233 2095 4272 cura

503 4321 768 4379 adhibita.
793 4318 1143 4389 lpseinterea
1179 4314 1430 4370 meditari
1460 4328 1567 4367 non
1591 4312 1823 4377 destitit,
1857 4326 2094 4381 quonam

506 4415 666 4470 modo
727 4425 976 4470 sanetum
1036 4410 1374 4480 Stephanum
1417 4421 1449 4463 e
1496 4407 1675 4465 medio
1730 4405 1946 4476 penitus
1988 4405 2100 4477 tol-

508 4512 661 4566 teret.

582 4705 714 4758 Eam
739 4705 808 4756 ob
839 4717 949 4755 rem
988 4696 1249 4768 postridie
1282 4710 1447 4750 unum
1482 4710 1513 4750 e
1542 4697 1655 4750 suis
1695 4694 1907 4750 ﬂorenti
1936 4704 2096 4750 aetate

514 4795 754 4867 rraaditis
800 4789 1241 4847 adolescentibus
1289 4790 1473 4856 (quem
1537 4786 1756 4855 quidem
1806 4786 2096 4855 plurimum

512 4902 699 4943 amare
737 4901 856 4940 cum
902 4882 1262 4953 jurejurando
1299 4877 1648 4948 alllrmabat),
1679 4879 1967 4950 Georgium
2001 4895 2094 4933 no-

514 4984 680 5041 mine,
711 4987 1073 5048 cOgnomento
1103 4972 1420 5045 Syucletum
1456 4970 1762 5036 accersivit,
1797 4970 1957 5041 eique
1985 4971 2094 5040 pri-

509 5076 682 5132 vatim
741 5073 877 5130 dixit
908 5077 985 5143 (ut
1021 5070 1135 5138 ipse
1198 5066 1388 5122 mortis
1424 5075 1669 5135 tempore
1694 5064 1801 5129 bis,
1833 5079 1863 5117 a
1900 5066 2098 5135 quibus

512 5172 643 5225 illud
685 5165 892 5236 acut-pi,
930 5161 1216 5217 coul‘cssus
1268 5157 1375 5228 est)
1410 5154 1697 5223 :Quautus
1744 5166 1845 5222 est,
1875 5155 2095 5225 Georgi,

516 5279 639 5318 tuus
681 5275 807 5332 erga
869 5273 955 5312 me
1003 5254 1192 5311 amor?
1240 5253 1340 5308 Cui
1389 5253 1526 5307 ille:
1566 5250 1840 5315 lulinitus,
1901 5252 2095 5337 inquit,

515 5358 667 5418 here,
698 5352 956 5419 omnique
982 5347 1293 5417 conjectura
1331 5342 1522 5412 major.
1551 5342 1654 5397 Cui
1688 5343 1883 5395 iterum
1924 5344 2090 5412 impe-

519 5447 820 5500 ratorzAn
868 5443 1097 5497 libenter
1147 5439 1250 5493 mei
1305 5450 1490 5490 amore
1540 5443 1765 5488 mortem
1822 5435 2099 5487 subiturus

516 5537 613 5592 es?
676 5537 744 5590 At
808 5536 893 5588 ille
940 5549 1109 5602 prono
1146 5532 1197 5585 in
1254 5539 1452 5583 terram
1498 5527 1698 5595 capite,
1741 5527 2098 5596 manibusque

520 5631 727 5701 pectori
761 5631 994 5691 innexis,
1037 5642 1095 5679 se
1125 5623 1273 5677 omni
1318 5621 1599 5674 alacritate
1633 5620 1749 5686 ejus
1792 5636 1952 5673 causa
1982 5637 2098 5671 mn-

454 5786 455 5789 η
522 5723 750 5776 riturum
802 5736 920 5771 esse
953 5716 1118 5789 £69
1162 5714 1402 5784 jurabat.
1444 5711 1579 5764 Tum
1621 5711 1915 5778 imperator
1950 5711 2097 5765 illum

521 5810 856 5877 amplexatus
925 5812 1044 5862 ait:
1085 5808 1219 5863 lacte
1264 5821 1433 5858 novus
1508 5805 1653 5857 hanc
1692 5819 1707 5870 ;
1757 5804 1949 5859 deinde
2001 5806 2095 5872 ipsi

2193 1940 2385 2011 αὐτὴν,
2446 1940 2610 2011 μέσον
2654 1940 2877 1997 πάντων
2933 1941 3104 2011 αὐτὴν
3160 1940 3377 2011 γυμνὴν
3427 1940 3752 2011 παραστῆναι

2196 2034 2662 2105 παρεκελεύσατο.
2716 2034 2924 2103 Πλῆθος
2951 2033 3007 2086 δὲ
3043 2032 3355 2103 βουνεύρων
3383 2031 3489 2102 πρὸ
3516 2030 3622 2083 τῶν
3665 2032 3755 2100 ὀφ-

2195 2126 2419 2197 θαλμῶν
2449 2126 2621 2195 αὐτῆς
2650 2124 2876 2195 προθεὶς
2900 2166 2915 2191 ,
2958 2120 3114 2178 εἶπεν
3142 2141 3156 2155 ο
3207 2123 3397 2177 Ταῦτα
3433 2124 3609 2179 πάντα
3655 2126 3754 2188 τοῖς

2195 2216 2386 2279 νώτοις
2418 2234 2513 2269 σου
2538 2217 2630 2270 καὶ
2660 2218 2726 2287 τῇ
2765 2215 2946 2286 κοιλίᾳ
2975 2214 3268 2277 ἀναλώσω,
3303 2216 3353 2266 εί
3380 2214 3458 2285 μὴ
3485 2214 3581 2277 τὰς
3601 2216 3677 2277 εἰς
3704 2214 3755 2265 σὲ
3858 2266 3876 2282 _

2193 2310 2287 2363 τοῦ
2318 2309 2591 2377 Στεφάνου
2616 2307 2868 2379 μυσαρὰς
2892 2306 3152 2378 πορνείας
3182 2307 3261 2369 είς
3286 2305 3594 2376 τούμφανὲς
3622 2305 3757 2372 ἐνέγ-

2195 2420 2318 2474 κῃς.
2359 2404 2469 2472 Τῆς
2519 2401 2574 2455 δέ
2641 2401 2834 2471 τιμίας
2894 2398 3157 2467 γυναικὸς
3203 2396 3373 2469 μηδὲν
3415 2396 3759 2468 ἀποκρινομέ-

2194 2512 2324 2565 νης,
2358 2494 2586 2564 ταύτην,
2624 2492 3117 2563 ἐμϐριμησάμενος
3147 2492 3175 2544 ὁ
3199 2491 3500 2562 τύραννος,
3536 2490 3623 2542 καὶ
3655 2505 3758 2558 μοι·

2194 2585 2385 2656 χαλίδα
2421 2584 2805 2647 ἀποκαλέσας,
2849 2580 3214 2653 μαστίζεσθαι
3249 2581 3465 2652 ταύτην
3511 2580 3759 2652 προσέτα-

2196 2674 2303 2743 ξεν.
2337 2676 2590 2747 Παρευθὺ
2613 2675 2671 2729 δέ
2709 2675 2902 2747 ἄνδρες
2932 2673 3080 2728 ὀκτὼ
3111 2676 3351 2743 γενναῖοι
3388 2673 3498 2727 τῶν
3539 2671 3752 2742 ἀμφοτέ-

2199 2787 2307 2842 ρων
2354 2770 2527 2840 αὐτῆς
2574 2769 2962 2839 ἐπιλαόόμενοι
3005 2766 3239 2837 χειρῶν,
3277 2768 3372 2820 καὶ
3419 2763 3763 2836 σταυροειδῶς

2194 2862 2401 2932 ταύτην
2443 2864 2524 2926 είς
2574 2861 2665 2914 τὸν
2713 2861 2855 2933 ἀέρα
2910 2858 3304 2923 ἀπλώσαντες,
3357 2852 3445 2923 εἷς
3492 2859 3628 2913 κατά
3676 2856 3764 2925 τῆς

2194 2955 2465 3024 γαστρὸς,
2498 2954 2593 3007 καὶ
2640 2948 2722 3016 εἶς
2750 2951 2891 3006 κατά
2925 2949 3022 3004 τοῦ
3056 2950 3229 3004 νώτου
3252 2990 3269 3016 ,
3300 2950 3510 3021 ταύτην
3553 2951 3764 3002 ἔτυπτον

2195 3044 2432 3117 ἀφειδῶς
2455 3085 2470 3108 ,
2508 3043 2677 3114 μηδὲν
2711 3045 2878 3112 αὐτῆς
2914 3042 3042 3096 ἄλλο
3088 3041 3356 3112 λεγούσης
3385 3083 3401 3107 ,
3452 3041 3486 3112 ἢ
3533 3041 3614 3094 ὃτί
3664 3039 3765 3092 υὺκ

2197 3133 2318 3192 οἶδα
2345 3138 2437 3191 τὸν
2464 3136 2753 3207 ἄνθρωπον
2779 3174 2795 3201 ,
2820 3135 2896 3198 ὼς
2926 3136 2990 3188 σὺ
3035 3133 3217 3202 λέγεις
3247 3149 3262 3164 ο
3291 3134 3393 3187 καὶ
3450 3134 3532 3196 τὸ,
3568 3151 3587 3184 ι
3611 3131 3766 3201 Κύριε

2198 3228 2443 3298 ἐλέησον.
2491 3246 2510 3279 ι
2552 3228 2824 3295 Ἔστησεν
2854 3226 2912 3279 δέ
2950 3226 2980 3279 ὁ
3010 3224 3277 3296 τύραννος
3301 3224 3427 3277 κατ’
3459 3224 3582 3293 ὄψιν
3614 3221 3767 3289 αὐτῆς

2199 3323 2295 3377 καὶ
2333 3322 2434 3391 τὴν
2462 3319 2643 3375 δολίαν
2672 3319 2845 3389 αὐτῆς
2886 3318 3100 3372 δουλίδα
3136 3318 3382 3389 ἐκείνην,
3425 3317 3669 3387 ἐλέγχειν
3685 3315 3769 3367 αὐ-

2195 3416 2297 3487 τὴν
2346 3414 2512 3486 μέσον
2543 3412 2787 3476 πάντων,
2822 3410 3006 3474 καθὼς
3037 3410 3200 3473 αὐτὸς
3244 3409 3457 3482 ταύτην
3499 3407 3729 3474 ἐδίδαξεν
3750 3420 3763 3435 °

2206 3510 2333 3580 ἥτις
2378 3507 2471 3561 καὶ
2507 3505 2802 3577 ἐξήλεγχεν
2837 3503 3218 3575 ἐξομνυμὲνη,
3262 3506 3457 3574 χεῖρας
3500 3501 3639 3557 κατὰ
3680 3500 3767 3568 τῆς

2197 3600 2396 3671 κυρίας
2441 3597 2788 3668 ἐπαίρουσα,
2842 3595 2936 3648 καὶ
2987 3593 3205 3664 πτυέλῳ
3248 3594 3349 3664 τῆς
3386 3592 3676 3662 δεσποίνης
3713 3589 3767 3641 τὸ

2201 3693 2500 3765 πρόσωπον
2542 3688 2985 3760 καταδρέχουσα.
3022 3687 3223 3741 Λοιπὸν
3257 3682 3351 3741 οὖν
3379 3684 3613 3741 καὶτῶν
3649 3699 3770 3751 συμ-

2200 3784 2449 3857 μυστῶγ
2478 3783 2580 3853 τῆς
2625 3781 2885 3844 ἀσεϐείας
2927 3779 3068 3850 πρὸς
3112 3778 3214 3842 τὰς
3265 3779 3440 3842 ἀκοὰς
3488 3775 3657 3844 αὐτῆς
3694 3774 3768 3826 ἐν·

2200 3878 2483 3950 ηχούντων
2510 3876 2685 3929 εἰπεῖν
2714 3874 2775 3927 τὸ
2795 3873 2891 3926 τοῦ
2926 3872 3190 3943 βασιλέως
3216 3871 3658 3942 θυμηρέστατον,
3687 3867 3770 3920 καὶ

2200 3972 2399 4042 ζῆσαι,
2437 3969 2576 4040 αὐτὴ
2606 3967 2810 4038 ὁμοίως
2857 3969 2924 4037 τῇ
2959 3965 3206 4037 προτέρᾳ
3231 3966 3387 4034 φωνῇ
3412 3960 3766 4034 ἀπεκρίνατο.

2212 4063 2301 4125 Ὠς
2332 4061 2389 4115 δέ
2434 4056 2575 4113 εῐδεν
2616 4060 2644 4111 ὁ
2675 4057 2939 4129 τύραννος
2992 4058 3094 4127 ἤδη
3135 4054 3309 4124 αὐτὴν
3341 4055 3564 4122 ἄφωνον
3598 4054 3659 4106 ἐκ
3685 4046 3767 4102 τοῦ

2211 4151 2480 4224 ἀνηλεοῦς
2508 4145 2720 4222 δαρμοῦ
2752 4150 3062 4218 γεγονυῖαν,
3095 4149 3188 4200 καὶ
3205 4145 3367 4212 δόξας
3401 4145 3578 4217 αὐτὴν
3600 4139 3770 4195 τεθνά-

2203 4262 2314 4310 ναι,
2354 4243 2599 4307 ἀναστὰς
2625 4241 2762 4314 πρὸς
2794 4243 2856 4295 τὸ
2884 4240 3146 4295 παλάτιον
3174 4233 3769 4310 είσέδυκκατῃσχυμμέ-

2200 4354 2312 4405 νος,
2360 4335 2674 4407 προστάξας
2716 4333 2888 4406 αὐτὴν
2935 4335 2995 4387 ἐν
3051 4333 3133 4387 ἐνί
3181 4331 3292 4386 τῶν
3343 4331 3443 4386 τοῦ
3489 4326 3766 4395 Βυζαντίου

2203 4429 2588 4502 μοναστηρίων
2633 4428 2863 4500 ῥιφῆναι
2911 4424 3336 4495 ἀνεπιμέλητονο
3387 4422 3556 4485 αὐτὸς
3591 4420 3645 4475 δέ
3681 4418 3767 4472 οὐκ

2129 4557 2174 4616 D
2201 4521 2438 4577 ἐπαύετο
2483 4517 2875 4592 μηχανώμενος
2905 4517 2970 4571 τὸ
3012 4518 3163 4581 ὅπως
3215 4515 3310 4570 τὸν
3361 4514 3522 4586 ἅγιον
3571 4511 3767 4569 πάντως

2203 4615 2511 4669 ἀποκτενεῖ.

2277 4707 2391 4760 Καὶ
2442 4708 2508 4776 τῇ
2554 4703 2685 4773 ἐξῆς
2742 4702 3264 4774 προσκαλεσάμενος
3311 4701 3412 4755 ἐνα
3458 4701 3573 4755 τῶν
3619 4692 3767 4752 αὑτοῦ

2212 4796 2573 4869 σφριγῶντων
2616 4795 2936 4866 νεωτέρων,
2978 4794 3038 4848 ὃν
3081 4794 3179 4847 καὶ
3226 4792 3400 4847 πολλά
3433 4792 3655 4863 ἀγαπᾷν
3698 4786 3770 4851 ἐξ·

2203 4890 2444 4961 ὼμνυτο,
2476 4890 2750 4959 Γεώργιον
2770 4886 3031 4958 τοῦνομα,
3063 4887 3125 4940 τὸ
3154 4886 3387 4956 ἐπίκλην
3418 4880 3768 4953 Συγκλητοῦν.

2206 4983 2354 5050 λέγει
2384 4979 2535 5049 αὐτῷ
2563 4978 2684 5032 κατ’
2719 4978 2857 5031 ἰδίαν
2907 4978 3025 5047 (ὼς
3055 4978 3223 5040 αὐτὸς
3263 4978 3384 5046 μεθ’
3416 4977 3602 5048 ὅρκων
3634 4976 3686 5027 ἐν
3711 4969 3772 5038 τῷ

2206 5074 2424 5143 θανάτῳ
2468 5072 2633 5124 αὐτοῦ
2661 5068 2983 5139 ἐξήγγειλεν
3008 5072 3120 5132 τοῖς
3147 5069 3271 5139 ἐμοὶ
3299 5068 3734 5137 ἀπαγγείλασιν)
3761 5077 3771 5087 ‘

2211 5167 2381 5229 Πόσος
2418 5160 2528 5235 ἆρα
2552 5204 2566 5229 ,
2601 5161 2842 5234 Γεὼργιε
2868 5202 2882 5227 ,
2932 5165 2960 5215 ὁ
3011 5162 3155 5232 πρὸς
3200 5160 3301 5231 ἐμέ
3337 5178 3435 5213 σου
3473 5159 3678 5224 πόθος;
3723 5154 3773 5208 Ὀ

2205 5258 2261 5310 δέ
2308 5272 2504 5325 φησιν·
2563 5255 2693 5309 Ἀπέ
2708 5270 2920 5325 ραντος,
2956 5252 3192 5305 δέσποτα
3214 5293 3228 5313 ,
3263 5251 3357 5304 καὶ
3389 5248 3645 5319 είκασμῷ
3689 5246 3776 5313 οὐχ

2205 5345 2665 5416 ὑποϐαλλόμενος.
2703 5345 2872 5400 Πάλιν
2905 5347 3043 5415 πρὸς
3075 5344 3240 5395 αὐτὸν
3282 5345 3311 5396 ὁ
3345 5341 3604 5411 βασιλεὺς
3625 5354 3638 5368 ·
3682 5336 3778 5390 Καὶ

2207 5439 2449 5511 εὐχερῶς
2476 5439 2620 5510 ἔχεις
2650 5437 2791 5510 ὑπὲρ
2822 5437 2920 5508 τῆς
2947 5438 3089 5508 ἐμῆς
3124 5439 3346 5508 ἀγάπης
3379 5436 3772 5505 ἀποθνήσκεικ

2225 5533 2283 5586 '0
2313 5532 2369 5584 δὲ
2411 5532 2550 5602 πρὸς
2589 5531 2694 5600 γῆν
2724 5527 3026 5593 νενευκὼς,
3064 5530 3157 5582 καὶ
3187 5529 3253 5581 τὰ
3294 5530 3446 5598 χεῖρε
3484 5530 3597 5588 τοῖς
3632 5523 3777 5591 σπέρ-

2210 5638 2321 5683 νοις
2371 5619 2540 5672 αὐτοῦ
2590 5620 2843 5689 ἐνδήσας,
2886 5617 3170 5689 ἐξώμνυτο
3203 5619 3340 5687 μετά
3373 5616 3557 5686 πάσης
3592 5615 3777 5687 προθυ-

2210 5712 2336 5782 μίας
2374 5713 2515 5782 ὑπὲρ
2547 5711 2714 5764 αὐτοῦ
2750 5711 3138 5779 ἀποθνήσκειν.
3171 5710 3279 5762 Καὶ
3315 5710 3341 5761 ὁ
3374 5707 3630 5777 βασιλεὺς
3668 5700 3778 5755 τοῦ·

2207 5820 2297 5855 τον
2346 5804 2732 5872 ἀσπασάμενος
2924 5815 2936 5828 ·
2985 5800 3088 5852 Ἴδε
3138 5800 3232 5852 καὶ
3282 5798 3395 5860 νέος
3442 5796 3662 5849 Ἰσαάκ·
3697 5792 3781 5843 ml
