4060 6414
426 321 563 388 1133

1445 320 1621 379 VITA
1655 321 1713 378 S.
1745 318 2125 377 STEPHANI
2179 317 2561 376 JUNlORIS.

3553 312 3689 375 1134

422 432 572 500 λέγει
618 429 802 500 αὐτῷ·
849 430 924 483 Οὔ
969 430 1149 483 θανεῖν
1194 432 1333 501 ὑπὲρ
1382 429 1515 498 ἐμοῦ
1571 447 1630 480 σε
1676 429 2000 497 παρακαλῶ,

2116 428 2237 479 dicit
2268 446 2280 480 :
2312 427 2429 479 Non
2463 443 2561 494 ego
2592 410 2641 479 te
2675 442 2771 497 pro
2802 443 2883 479 me
2929 425 3180 479 moriaris
3214 439 3362 494 rogo,
3407 425 3488 478 vel
3523 427 3687 479 etiam

426 524 546 577 οὐδὲ
570 520 774 592 ¹μέλους
815 516 937 584 ἐνὸς
967 523 1062 574 καὶ
1095 522 1256 592 μόνον
1301 522 1687 592 ἀφαιρεθῆναι.
1740 522 1916 575 Μόνον
1948 521 2004 573 δὲ

428 614 590 667 τοῦτό
620 631 704 666 σοι
748 612 1041 678 ἀντιϐολῶ,
1080 611 1155 677 ώς
1190 615 1395 684 πατὴρ,
1439 613 1527 666 ἵνα
1552 616 1643 666 τὸν
1673 614 1767 668 τοῦ
1806 614 2005 676 Αὺξεν-

429 707 544 760 τίου
584 704 772 775 βουνὸν
803 698 1125 763 καταλαϐὼν
1150 745 1165 770 ,
1195 706 1444 769 πείσειας
1483 705 1575 759 τὸν
1605 694 1782 759 ἐκεῖσε
1815 709 2005 774 ἐμφω-

428 798 656 853 λεύοντα
704 794 1139 871 ἀμνημόνευτον,
1191 799 1287 853 τοῦ
1339 801 1487 865 ὅπως
1541 801 1895 871 συναρίθμιόν
1945 816 2006 851 σε

424 893 535 946 τῶν
568 892 659 945 ὑπ’
702 891 870 945 αὑτοῦ
910 893 1308 962 καταστήσειεν
1346 893 1439 945 καὶ
1487 891 1663 962 σύσχη
1673 909 1771 962 μον
1793 909 1804 921 ·
1836 891 1930 945 καὶ
1959 892 2008 944 εί

423 985 620 1039 τούτου
673 985 978 1055 ἐπιτύχοις,
1012 986 1243 1057 τάχιστα
1279 987 1416 1057 πρὸς
1459 988 1608 1057 ἡμᾶς
1654 987 2003 1056 ἐπίστρεψον.

442 1078 502 1133 '0
531 1079 588 1133 δὲ
636 1080 737 1149 τῆς
783 1080 1016 1149 ἀνομίας
1054 1081 1167 1143 υἱὸς
1197 1081 1291 1134 καὶ
1315 1081 1607 1150 ὑπουργὸς,
1648 1082 1786 1151 μετὰ
1832 1083 2009 1153 χαρᾶς

423 1172 519 1225 τὴν
560 1171 718 1238 λόγον
748 1168 1043 1238 δεξὲμενος
1065 1213 1079 1235 ,
1107 1174 1203 1225 καὶ
1234 1172 1536 1241 πάμπολλα
1564 1173 1839 1243 διδαχθεὶς
1870 1191 2010 1227 παν-

420 1261 652 1333 ουργίας
686 1262 955 1331 τρόπαια,
996 1261 1258 1317 ἔσπευδεν
1331 1263 1467 1335 πρὸς
1507 1263 1704 1334 βρῶμα
1742 1265 1835 1318 τοῦ
1875 1265 2007 1336 δρά-

424 1369 644 1416 κοντος,
694 1353 791 1406 καὶ
835 1352 1042 1407 ἄνεισιν
1092 1355 1187 1406 ἐπὶ
1226 1353 1287 1406 τὸ
1334 1355 1491 1425 ὅρος,
1546 1357 1639 1409 καὶ
1684 1357 1742 1409 ἐν
1778 1356 2008 1410 άλσώδει

432 1443 716 1514 ἐρημικῶν
753 1444 1049 1514 φρυγάνων
1087 1445 1242 1516 τόπῳ
1270 1448 1716 1518 κατακρυφθεὶς,
1750 1449 1878 1520 περὶ
1910 1449 2008 1514 τὰς

436 1536 822 1610 μεσονυκτίους
860 1536 1011 1606 ὧρας
1043 1538 1140 1608 τῆς
1169 1535 1379 1609 λόχμης
1410 1540 1625 1612 ἐκείνης
1655 1537 1908 1606 ἐξελθὼν,
1947 1541 2008 1595 τὸ

428 1622 796 1699 μοναστήριον
817 1626 1139 1684 κατέλαϐεν.
1174 1631 1445 1701 Καὶμπρὸς
1476 1634 1544 1687 τὰ
1575 1633 1820 1705 πρόθυρα
1853 1634 2004 1700 στὰς,

421 1717 639 1770 τοιάσδε
673 1718 873 1787 γοερὰς
913 1716 1083 1773 ἐκίνει
1114 1722 1330 1788 φωνάς·
1380 1723 1676 1795 Ἐλεήσατὲ
1719 1743 1785 1796 με
1809 1766 1822 1787 ,
1856 1728 1906 1779 οἰ
1950 1712 2008 1780 ἐν

423 1811 494 1878 τς
509 1810 565 1863 δε
602 1810 679 1881 τῷ
706 1810 858 1881 τόπῳ
886 1812 1166 1877 οἰκοῦντες
1196 1790 1557 1885 Χριστιανοὶν,
1593 1819 1681 1870 ἵνα
1823 1819 2009 1891 θηριό·
2043 1790 2082 1843 Β

426 1900 638 1970 ϐρωτος
674 1900 921 1970 γένωμαι
948 1944 960 1957 .
995 1902 1026 1970 ἢ
1060 1903 1138 1971 τῷ
1189 1905 1419 1975 κρημνῷ
1456 1908 1865 1977 παραπεμφθῶ,
1902 1911 2009 1961 Πε-

428 1991 715 2062 πλάνημαι
773 1994 884 2064 γὰρ
938 2001 1038 2064 τὴν
1088 1996 1206 2049 ὁδόν
1240 2014 1253 2026 ·
1301 2000 1395 2051 καὶ
1430 1999 1561 2053 ἄλλα
1610 2001 1733 2054 τινὰ
1784 2003 2011 2056 εὐκταῖα

424 2080 654 2150 ’ῥήματα
711 2082 965 2152 ρηγνύων
1016 2085 1111 2136 καὶ
1166 2086 1495 2151 διαϐολικῶς
1546 2088 1784 2161 θρηνῶν.
1833 2092 1892 2144 Ὀ
1951 2092 2008 2145 δὲ

429 2173 748 2243 παμμάκαρ
782 2172 974 2245 Πατὴρ
994 2174 1152 2245 ήμῶν
1191 2177 1463 2246 Στέφανος
1499 2180 1599 2249 τῆς
1629 2181 1814 2251 φωνῆς
1840 2183 2010 2236 ἀκου-

427 2261 635 2327 τισθεὶς
664 2264 727 2318 τὸ
752 2256 1024 2337 θρηνῶδες
1078 2268 1171 2323 καὶ
1200 2270 1423 2342 γοερδν,
1463 2271 1555 2323 τὸν
1591 2290 2017 2343 προμνημονευ-

428 2354 592 2411 θέντα
632 2356 1014 2429 θεοστήρικτον
1065 2361 1310 2432 Μαρῖνον
1358 2364 1615 2433 φωνήσας
1645 2405 1660 2430 ,
1693 2367 2011 2435 εἰσαγαγεῖν

425 2448 521 2503 τὸν
571 2448 871 2520 θρηνοῦντα
910 2451 1046 2523 πρὸς
1080 2453 1243 2508 αὑτὸν
1273 2456 1738 2526 παρεκελεύσατο.
1788 2458 1897 2512 Τοῦ
1954 2460 2014 2514 δὲ

431 2539 793 2607 εἰσελθόντος,
832 2560 866 2594 κ
886 2542 944 2596 αὶ
986 2545 1275 2613 μετάνοιαν
1300 2530 1553 2615 βαλόντος
1591 2549 1727 2618 πρὸς
1761 2551 1886 2620 γῆν,
1920 2553 2016 2606 καὶ

429 2628 511 2694 τδ,
546 2631 928 2700 Εὺλόγιησον,
971 2634 1279 2704 εἰρηκότος,
1307 2634 1500 2705 Πάτερ
1523 2678 1536 2701 ,
1568 2638 1758 2692 τοῦτον
1796 2641 1824 2693 ὁ
1858 2626 2016 2709 ἅγιος

432 2718 736 2789 εὐλογήσας
769 2721 1089 2793 ἀνέστησεν.
1122 2726 1486 2798 Κατανοήσας
1515 2728 1572 2781 δέ
1606 2731 1769 2783 αὐτὸν
1806 2733 1916 2785 ἀπό
1944 2750 2003 2786 τε

428 2812 543 2865 τῶν
590 2813 810 2883 ἁμερίων
850 2817 945 2867 καλ.
995 2815 1090 2870 τοῦ
1129 2818 1446 2888 προσώπου,
1495 2821 1556 2873 οὗ
1591 2812 1699 2894 μὴν
1733 2823 1871 2877 ἀλλὰ
1917 2827 2015 2879 καί.

433 2903 535 2972 τῆς
583 2904 907 2971 γενειάδοςο
961 2907 1266 2980 ἐσεσίμωτο
1326 2913 1350 2950 ⁸
1390 2911 1498 2983 γὰρ
1563 2903 1694 2966 εἴσω
1750 2916 1849 2985 τῆς
1904 2917 2013 2969 τοῦ

432 2995 733 3065 προσώπου
787 2995 969 3068 δορᾶς,
1047 3004 1187 3055 κατὰ
1233 2994 1332 3074 τὴν
1384 3005 1549 3058 αὐτοῦ
1596 3006 1690 3059 τοῦ
1742 3008 2012 3079 τυράννου

431 3089 720 3160 διαταγήν.
753 3090 858 3144 Τοῦ
893 3093 1002 3163 γὰρ
1033 3092 1165 3146 Θεοῦ
1208 3094 1283 3164 τῷ
1326 3097 1553 3150 Μωῦσεῖ
1592 3100 2012 3170 παρακελευσα-

2111 526 2168 570 ut
2224 533 2385 570 unum
2458 518 2533 569 tui
2584 512 2830 584 corporis
2894 515 3194 568 membrum
3247 517 3578 583 amputetur.
3634 518 3693 568 id

2111 624 2297 669 unum,
2333 600 2588 675 tanquam
2636 614 2808 674 paler,
2849 604 2902 659 te
2940 620 3060 670 oro,
3094 608 3151 659 ιιι
3191 605 3445 659 Auxentii
3498 608 3689 658 ('ttllt‘ttl

2111 687 2286 773 petas.
2321 708 2374 753 et
2409 686 2647 753 nefando
2691 698 2781 766 qui
2816 682 2884 751 ibi
2920 684 3212 760 delitescit,
3272 698 3606 765 persuadeas
3641 712 3693 749 te

2112 791 2164 844 in
2197 806 2418 844 suorum
2453 806 2735 844 numerum
2775 801 2828 844 et
2858 792 3201 844 consortium
3231 803 3521 861 cooptare;
3549 794 3692 860 quod

2111 882 2157 937 si
2200 897 2562 951 consequare,
2596 883 2660 935 ad
2729 896 2831 935 nos
2899 879 3305 950 quamprimum
3354 874 3566 936 redeas.
3604 882 3695 935 ille

2112 974 2414 1043 iniquitatis
2468 974 2612 1027 ﬁlius
2657 982 2710 1027 et
2751 974 3018 1035 minister,
3061 972 3239 1026 varias
3290 972 3495 1025 fraudis
3546 985 3695 1026 artes

2111 1066 2340 1129 callens,
2381 1066 2528 1119 bisce
2559 1064 2831 1118 mandatis
2878 1080 2998 1117 cum
3048 1064 3245 1133 gaudio
3289 1054 3595 1132 susceptis,
3627 1067 3695 1117 ad

2112 1156 2291 1211 cibum
2360 1156 2616 1210 draconis
2694 1156 3026 1224 properavit.
3102 1155 3292 1224 itaque
3343 1155 3397 1210 itt
3456 1168 3694 1210 montem

2113 1247 2379 1311 ascendit,
2418 1250 2505 1301 ubi
2557 1264 2678 1302 cum
2711 1247 2764 1300 in
2800 1249 3041 1301 saltuoso
3090 1249 3206 1302 lut'o
3256 1250 3554 1319 agrestium
3590 1251 3698 1301 vir-

2112 1340 2386 1410 gultorutn
2417 1353 2477 1394 se
2520 1337 2913 1404 abscondisset,
2952 1341 3051 1393 sub
3081 1339 3310 1394 inediam
3356 1347 3591 1405 unetem,
3627 1354 3694 1395 ex

2113 1433 2196 1486 bis
2243 1433 2454 1485 insidiis
2508 1447 2823 1501 erumpens.
2877 1435 2942 1484 ad
2993 1431 3381 1487 monasterium
3438 1433 3699 1497 accessit,

2110 1537 2375 1594 Stansque
2418 1527 2484 1579 ad
2539 1516 2803 1594 j‘anuam,
2859 1523 3169 1592 huiusmodi
3237 1524 3489 1595 lugubres
3539 1540 3701 1579 voces

2112 1618 2294 1671 emisit
2328 1635 2340 1670 :
2372 1614 2665 1672 Christiani
2710 1617 3022 1687 quicunque
3080 1617 3247 1691 hune
3282 1618 3458 1670 locum
3512 1618 3701 1671 int-oli—

2116 1710 2205 1770 tis.
2241 1708 2342 1761 mei
2395 1707 2754 1772 miseremini,
2783 1723 2850 1761 ne
2899 1706 3139 1762 ferarum
3193 1712 3319 1763 esea
3351 1712 3495 1772 fiant,
3531 1710 3612 1764 vel
3648 1712 3697 1763 in

2115 1798 2474 1869 prtecipitium
2530 1799 2809 1853 demittar.
2866 1799 3108 1870 Namque
3149 1816 3177 1853 a
3249 1802 3332 1853 via
3375 1796 3588 1867 erravi;
3638 1803 3695 1855 c't.

2113 1889 2215 1942 alia
2255 1890 2500 1958 quaedam
2526 1878 2885 1960 supplicantis
2909 1880 2962 1944 et
2986 1892 3336 1967 lautcutantis
3372 1894 3553 1956 verba,
3580 1908 3700 1961 quae

2116 1983 2206 2053 ille
2256 1982 2524 2036 diabolice
2579 1982 2912 2037 etfundebat.
2953 1983 3067 2035 Hae
3104 1984 3265 2036 iit-bili
3304 1997 3354 2037 ct
3394 1987 3696 2054 l.tCtytt:05:t

2115 2088 2246 2127 vere
2270 2087 2549 2142 percepta,
2583 2076 2932 2129 beatissimus
2964 2074 3125 2129 Pater
3153 2084 3284 2131 ιιοειη
3311 2092 3334 2128 r
3360 2072 3695 2145 Stephanus,

2114 2179 2278 2236 supra
2334 2175 2693 2220 memoratqu
2745 2161 3007 2220 divinitus
3049 2179 3351 2236 protectum
3429 2168 3696 2220 Marinum

2113 2257 2353 2325 vocavit,
2398 2259 2484 2312 cui
2528 2259 2801 2328 lugentem
2835 2262 2899 2311 ad
2938 2275 2997 2314 se
3043 2256 3389 2313 introducere
3422 2262 3698 2328 pra-Cepit.

2115 2351 2164 2405 Is
2197 2365 2325 2404 vero
2349 2351 2532 2404 statim
2565 2361 2619 2403 ιιι
2650 2335 2817 2422 470
2847 2347 3126 2421 ingressus
3158 2360 3262 2413 est,
3295 2365 3353 2404 se
3391 2354 3457 2404 ad
3495 2346 3699 2404 terram

2119 2454 2291 2510 usque
2332 2440 2651 2509 prostravit,
2685 2458 2920 2510 cumque
2952 2438 3198 2504 Benedic,
3234 2440 3415 2503 Pater,
3451 2442 3621 2496 dixiss
3659 2436 3699 2503 ἰ,

2117 2536 2440 2592 illisancttts
2470 2537 2749 2590 benedixit
2770 2548 2822 2591 et
2853 2551 3080 2603 surgere
3102 2535 3288 2605 jussit.
3321 2535 3541 2598 Verum,
3576 2553 3698 2587 cum

2119 2641 2147 2680 a
2180 2626 2538 2690 vestimentis,
2572 2624 2725 2679 vultu
2771 2621 2933 2694 atque
2962 2627 3125 2680 etiam
3158 2641 3185 2678 ιι
3224 2626 3389 2680 barba
3436 2625 3703 2695 adcinge:

2119 2726 2220 2770 ret.
2249 2709 2384 2769 Nam
2412 2715 2569 2783 juxta
2593 2715 2939 2785 imperatoris
2959 2714 3217 2778 edictum,
3240 2714 3406 2769 facies
3433 2717 3495 2769 ad
3524 2733 3701 2770 cutem

2118 2807 2309 2860 abrasa
2345 2816 2483 2861 erat.
2520 2806 2654 2872 Quia
2683 2807 2828 2859 enim
2884 2798 3026 2860 Deus
3079 2803 3249 2875 Moysi
3281 2806 3613 2874 praeceperat
3646 2816 3704 2855 ut

2118 2900 2316 2970 popqu
2333 2902 2537 2955 diceret
2557 2919 2570 2953 :
2590 2897 2792 2955 Vestra
2811 2901 2992 2954 barba:
3009 2899 3146 2967 pilas
3161 2914 3264 2951 non
3281 2898 3512 2959 velletis,
3530 2915 3704 2968 neque

2119 3009 2215 3046 vos
2246 2994 2297 3044 in
2336 2993 2631 3047 rutundum
2677 2991 3032 3047 attondebitis
3075 2991 3142 3056 ⁸⁸,
3179 2991 3265 3044 ille
3302 2992 3391 3043 Dei
3430 2991 3703 3059 praccpt't'i

2119 3095 2171 3135 et
2199 3081 2367 3154 Moysi
2413 3085 2760 3145 adversatus,
2792 3098 2964 3136 novus
3008 3082 3286 3135 Jcbusa-us
3321 3090 3374 3134 et
3403 3080 3702 3133 Annuit-cita

436 3181 601 3251 μένου
640 3181 874 3251 λαλῆσαι
932 3184 1097 3236 παντὶ
1128 3184 1208 3254 τῷ
1238 3185 1374 3256 λαῷ,
1426 3188 1618 3257 ὅτιπερ
1677 3191 1752 3242 Οὐ
1797 3190 2008 3244 τίλλετε

2121 3176 2452 3228 contrarium
2509 3176 2734 3240 statuit,
2789 3166 2984 3244 nempe
3017 3184 3075 3225 ut
3123 3188 3312 3227 omnes
3348 3183 3403 3226 et
3447 3186 3609 3226 sencs
3651 3182 3704 3225 et

435 3271 593 3341 ὑμῶν
623 3271 750 3336 τοὺς
791 3271 1061 3341 πώγωνας
1089 3275 1187 3343 τῆς
1229 3278 1525 3342 γενειάδος,
1561 3281 1709 3343 ὅπως
1745 3280 1819 3352 μὴ
1856 3283 2009 3353 ποιήο

436 3379 570 3431 σητε
622 3363 842 3427 ἑαυτοῖς
896 3365 1086 3437 σισόην
1112 3381 1125 3395 ·
1162 3358 1319 3430 οὗτος
1354 3370 1418 3439 τῇ
1450 3368 1541 3422 τοῦ
1576 3369 1714 3422 Θεοῦ
1762 3371 2012 3439 κελεύσει

436 3456 529 3508 καὶ
557 3453 635 3524 τῷ
675 3456 905 3509 Μωΰσεῖ
952 3457 1434 3530 ἀντιτασσόμενος,
1463 3463 1491 3515 ό
1522 3462 1638 3525 νέος
1689 3463 2015 3528 Ἰεϐουσαῖος

433 3546 529 3600 καὶ
574 3547 987 3618 Ἀμαληκίτης,
1019 3551 1081 3604 τὸ
1127 3552 1374 3606 ἐναντίον
1418 3552 1636 3619 ἐξέθετο
1668 3555 1775 3609 ἀπό
1812 3573 1871 3609 τε
1910 3574 2013 3627 γης

434 3636 594 3706 ραιοῦ
629 3639 723 3691 καὶ
752 3639 944 3703 πολιᾶς
977 3642 1217 3713 ἐσχάτης
1249 3644 1355 3708 ἕως
1392 3646 1702 3716 πρεσϐύτου
1757 3652 1850 3702 καὶ
1885 3666 2017 3704 νεωο

431 3728 591 3798 τέρου
626 3730 789 3803 μέχρι
817 3735 917 3804 τῆς
946 3731 1109 3806 δορᾶς
1128 3738 1225 3806 τῆς
1255 3737 1429 3806 ὅψεως
1461 3740 1559 3809 τὴν
1584 3739 1816 3811 σίμωσιν
1840 3725 2015 3797 ποιεί-

435 3815 558 3870 σθαι
589 3819 688 3888 τῆς
734 3822 1033 3888 γενειάδος,
1072 3825 1209 3896 πρὸς
1238 3830 1298 3880 τὸ
1328 3828 1632 3894 γενειάζειν
1672 3832 1892 3895 αὐτοὺς,
1921 3836 2017 3888 καὶ

436 3911 675 3980 σφριγᾷν
720 3912 953 3966 πάντοτε
983 3914 1060 3978 ὡς
1113 3917 1317 3982 ἵππους
1349 3918 1715 3992 θηλυμανεῖς·
1752 3924 1889 3978 ἀλλὰ
1923 3927 2016 3980 καὶ

434 3997 541 4097 ἕως
570 3999 665 4097 τοῦ
686 4001 800 4097 Δνῦν
833 4005 975 4069 τινὲς
1010 4006 1069 4071 ἐξ
1111 4008 1267 4079 ήμῶν
1296 4010 1394 4081 οὐχ
1427 4013 1710 4084 ἡμέτεροι,
1770 4017 2014 4088 σχήματι

431 4091 564 4161 γὰρ,
611 4091 709 4146 καὶ
745 4095 804 4147 οὐ
862 4097 1072 4168 τρόπῳ,
1101 4101 1168 4171 τῇ
1214 4101 1352 4173 αὐλῇ
1409 4104 1570 4172 ἡμῶν
1613 4105 2011 4163 ἐπϐαίνουσιν.

432 4179 593 4238 Οὗτοι
622 4186 681 4240 δὲ
717 4190 846 4258 περὶ
881 4190 1284 4261 ἐσδομηκοστόν
1335 4214 1439 4249 που
1473 4198 1766 4265 ἐλάσαντες
1795 4203 2012 4273 χρόνον,

432 4277 621 4366 πλεῖον
650 4278 682 4349 ἦ
712 4279 961 4347 ἔλασσον,
992 4284 1052 4338 τὸ
1076 4286 1208 4340 αὐτὸ
1232 4289 1327 4358 τῆς
1354 4292 1633 4357 γενειάδος
1661 4294 2014 4366 ἐπιτηδεύου-

434 4365 546 4434 σιν,
577 4367 672 4433 οὓς
701 4371 1055 4443 διορθώσοιτο
1105 4378 1309 4448 Κύριος
1340 4382 1434 4435 καὶ
1465 4383 1773 4455 ἀφαρπάσῃ
1814 4365 1922 4455 τῆς
1950 4403 2010 4439 τε

2122 3268 2261 3332 cani,
2293 3276 2342 3323 et
2368 3267 2616 3323 seniores
2643 3277 2697 3322 et
2714 3268 2959 3337 juniores
2988 3265 3208 3320 barbam
3241 3266 3307 3318 ad
3336 3264 3490 3317 faciei
3522 3264 3702 3317 c'utem

2122 3364 2393 3425 radereut,
2447 3375 2555 3430 quo
2604 3375 2819 3429 semper
2867 3348 3121 3414 florentes
3174 3369 3229 3413 et
3275 3360 3447 3429 vcgeti
3502 3354 3701 3421 forent,

2123 3452 2298 3506 instar
2363 3451 2691 3507 lascivornm
2763 3465 3051 3521 equorum.
3107 3448 3246 3517 Quin
3320 3450 3483 3503 etiam
3544 3442 3705 3503 ltovlie

2120 3557 2331 3611 quoque
2363 3543 2586 3612 quidam
2615 3557 2681 3597 ex
2717 3543 2892 3605 nobis,
2926 3557 3112 3596 vermu
3145 3558 3249 3597 non
3284 3542 3477 3608 nostri,
3531 3543 3705 3610 siqui-

2120 3635 2241 3687 detu
2285 3633 2469 3688 habitu
2519 3644 2751 3701 tantum,
2784 3650 2887 3688 non
2923 3635 3163 3689 moribus
3215 3634 3425 3690 caulam
3463 3644 3707 3689 nostram

2119 3727 2374 3780 subeunt.
2429 3724 2516 3793 lli,
2567 3726 2813 3797 inquam,
2849 3728 2914 3780 ad
2957 3727 3303 3796 septuaginta
3355 3742 3527 3781 annos
3578 3740 3706 3796 pro-

2121 3826 2275 3871 vecta
2332 3824 2513 3881 aetate,
2568 3818 2794 3872 barbam
2851 3819 3042 3872 eodem
3102 3820 3261 3872 modo
3316 3830 3532 3881 curant,
3570 3835 3706 3884 unus

2121 3905 2381 3962 Dominus
2411 3909 2684 3976 emendet,
2721 3919 2772 3963 et
2803 3908 2949 3965 illius
3000 3911 3211 3980 tyranni
3263 3913 3555 3974 sententia,
3591 3916 3705 3965 me-

2120 3998 2290 4052 moria
2323 4009 2378 4053 et
2409 3994 2513 4054 fide
2560 4000 2772 4066 liberet,
2813 4000 3137 4077 acveritate
3190 3997 3499 4067 conﬁrmet,
3550 4010 3706 4056 aute-

2118 4106 2281 4160 quam
2318 4092 2479 4147 simul
2523 4100 2579 4147 et
2612 4094 2859 4165 corporis
2889 4104 2944 4148 et
2990 4099 3186 4148 animae
3242 4104 3469 4151 mortem
3515 4110 3710 4167 perpe-

2120 4206 2347 4260 tiautur.
2388 4206 2584 4262 Verum
2633 4212 2699 4264 ad
2744 4209 2822 4276 id,
2856 4211 2996 4265 unde
3047 4213 3207 4281 paulo
3249 4211 3531 4284 digressus
3557 4229 3703 4282 sum,

2119 4299 2257 4360 mihi
2302 4302 2684 4356 revertendum
2749 4314 2854 4358 est.
2904 4303 3091 4374 Itaque
3143 4306 3491 4360 beatissimus
3541 4305 3707 4362 Pater

2118 4403 2305 4448 noster
2334 4394 2645 4465 Stephanus
2672 4398 2721 4452 vi
2749 4410 2993 4463 coactus,
3040 4414 3162 4455 cum
3193 4400 3361 4473 471,
3389 4401 3479 4455 tali
3515 4403 3701 4457 habitu

436 4461 669 4557 γνώμης
723 4463 821 4557 καὶ
875 4466 1100 4539 μνήμης
1150 4471 1244 4524 καὶ
1305 4472 1544 4543 πίστεως
1598 4474 1691 4528 τοῦ
1742 4479 2009 4548 τυράννου

2117 4484 2409 4556 Georgium
2441 4487 2686 4557 vidisset,
2723 4491 2799 4544 ait
2830 4507 2843 4542 :
2879 4490 3067 4546 Nuttue
3093 4531 3108 4555 ,
3141 4491 3337 4557 frater,
3377 4508 3569 4549 revera
3627 4510 3695 4551 ex

434 4551 673 4618 ἐκείνου,
705 4554 803 4608 καί
831 4559 899 4628 τῇ
933 4557 1163 4632 ἀληθείᾳ
1192 4563 1557 4636 πιστώσηται,
1585 4566 1714 4635 πρὶν
1742 4569 1774 4639 ἢ
1808 4572 1904 4622 σὺν
1935 4569 2012 4640 τῷ

430 4642 526 4700 τοῦ
556 4643 809 4716 σώματος
845 4647 1017 4719 ἄμφω
1058 4653 1153 4706 καὶ
1206 4653 1385 4725 ψυχῆς
1434 4656 1711 4712 ὑποστῶσι
1755 4659 2011 4714 θάνατον.

443 4737 502 4793 Ὅ
525 4738 595 4792 δὲΔ
614 4741 933 4812 παμμάκαρ
957 4743 1146 4816 Πατὴρ
1180 4747 1338 4817 ήμῶν
1368 4749 1643 4818 Στέφανος
1665 4793 1680 4815 ,
1709 4754 1758 4805 εἰ
1793 4754 1888 4807 καὶ
1920 4772 2012 4823 μι-

430 4828 564 4901 κρὸν
596 4828 957 4902 παρεξῆλθον,
980 4837 1048 4907 τῇ
1081 4835 1170 4908 βίᾳ
1199 4838 1590 4908 ἀναγκασθεὶς,
1626 4843 1717 4896 τὸν
1746 4844 2013 4915 νεώτερον

430 4919 707 4993 Γεώργιον
734 4923 793 4976 ὲν
823 4925 1051 4997 τοιούτῳ
1086 4927 1209 4981 ἰδὼν
1272 4932 1512 5001 σχήματι
1578 4930 1734 4989 εἶπεν
1756 4953 1769 4967 ·
1804 4937 2013 5000 Ὄντως

433 5013 522 5071 σὺ.
542 5013 763 5082 ἀδελςὲ,
784 5017 883 5070 οὐκ
911 5014 1073 5072 εἰτοῦ
1102 5020 1385 5090 βασιλικοῦ
1405 5026 1668 5079 παλατίου
1693 5028 1780 5089 ;'0
1796 5029 1850 5080 δὲ
1876 5030 2011 5099 πρὸς

430 5106 616 5172 αὑτὸν,
645 5108 755 5162 Ναὶ
775 5152 789 5177 ,
821 5113 1009 5182 φησὶν,
1038 5114 1239 5185 Πάτερ.
1276 5117 1431 5171 Ἀλλὰ
1464 5121 1530 5190 τῇ
1562 5123 1881 5193 παρανομίᾳ
1923 5124 2017 5176 τοῦ

428 5195 707 5264 δυσσεϐῶς
736 5204 1068 5273 κρατοῦντος
1086 5206 1354 5276 βασιλέως
1382 5211 1756 5284 Ἰουδαῖσαμεν
1788 5217 2014 5279 πάντες,

432 5291 530 5343 καὶ
569 5291 706 5361 πρὸς
735 5293 966 5365 ψυχικὸν
997 5298 1242 5352 κίνδυνον
1295 5301 1694 5372 ἁπεκλένσιμεν.
1752 5306 1928 5367 Μόλις
1954 5307 2013 5361 δέ

434 5391 567 5433 ποτε
617 5376 898 5453 ἀνανήψας
953 5385 1129 5454 ἔγωγε
1185 5390 1247 5440 ἐκ
1302 5390 1394 5441 τοῦ
1454 5394 1699 5446 τοιούτου
1746 5395 2010 5449 κακίστου

2123 4575 2323 4643 palatio
2344 4578 2685 4647 imperatoris
2706 4596 2765 4635 cs
2779 4581 2801 4634 ?
2817 4579 2916 4635 Cui
2939 4581 3048 4650 ille,
3073 4581 3269 4644 Etiam.
3294 4585 3491 4654 inquit,
3507 4583 3701 4642 Pater:

2122 4680 2308 4720 verum
2346 4666 2499 4736 impii
2544 4669 2891 4738 imperatoris
2927 4675 3167 4744 nequitia
3212 4673 3524 4732 Jndaaorum
3562 4679 3702 4732 ritus

2118 4763 2301 4835 cuncti
2322 4751 2617 4825 sectamur,
2642 4774 2807 4834 atque
2833 4769 2899 4821 ad
2916 4768 3114 4824 animm
3131 4770 3434 4837 periculum
3460 4772 3702 4824 det-lina-

2122 4865 2262 4931 inus.
2280 4851 2391 4923 Ego
2414 4867 2546 4908 vero
2576 4856 2662 4909 vix
2691 4858 2912 4913 tandem
2939 4861 3234 4930 aliquando
3255 4878 3320 4917 ex
3342 4864 3593 4931 pessimis
3612 4866 3704 4917 Itu-

2118 4940 2356 5011 jnsmodi
2385 4946 2627 5002 moribus
2648 4963 2955 5019 emergens,
2977 4968 3105 5007 ecce
3134 4951 3246 5010 Deo
3275 4956 3411 5010 duce
3445 4956 3497 5009 in
3517 4956 3701 5011 hatere

2125 5035 2239 5090 loca
2275 5038 2418 5091 veni.
2447 5036 2698 5109 Nc-ergo,
2724 5047 3033 5099 venerande
3061 5044 3238 5110 Pater,
3267 5063 3353 5103 me
3374 5064 3404 5103 e
3435 5063 3526 5102 tun
3561 5049 3702 5101 Salu-

2118 5127 2486 5183 bri‘convcutu
2503 5134 2700 5199 repelle
2721 5136 2839 5196 ;sed
2860 5138 3167 5204 angelicum
3189 5140 3456 5203 habitum,
3483 5156 3693 5209 quaeso,

2114 5220 2411 5274 obtineant.
2455 5222 2550 5277 Cui
2593 5229 2934 5281 venerandus
2988 5226 3301 5297 Stephanus
3338 5250 3351 5285 :
3386 5233 3460 5298 Id,
3498 5235 3693 5302 inquit,

2114 5311 2182 5364 ob
2214 5312 2505 5369 imminens
2546 5319 2754 5386 tyranni
2786 5320 3085 5385 periculum
3121 5338 3226 5377 non
3273 5340 3489 5393 possunt
3537 5342 3697 5383 exse-

2113 5403 2202 5470 qui
2231 5420 2243 5457 :
2272 5420 2335 5459 ne
2364 5404 2501 5460 forte
2522 5408 2619 5461 hac
2646 5410 2710 5463 de
2738 5426 2792 5465 re
2810 5423 2993 5469 certus
3013 5413 3210 5482 factus,
3237 5427 3382 5472 tuam
3404 5421 3697 5474 animam:

504 5516 551 5549 ”
590 5514 719 5572 ch.
758 5537 870 5577 xu.
899 5522 988 5576 9.7.
1028 5523 1099 5577 De
1133 5541 1251 5577 rore
1288 5527 1440 5597 σισΰη
1464 5530 1574 5581 ride
1607 5527 1810 5583 Nubilii
1852 5542 2027 5587 notam
2054 5536 2122 5588 ad
2154 5537 2289 5589 hunc
2321 5536 2438 5593 Lev.
2472 5539 2666 5597 locum.

1750 5641 1982 5698 VARIA'I
2024 5645 2428 5706 LECTIONES.

508 5745 537 5785 ⁸
565 5746 634 5799 al.
667 5752 1010 5813 σεσιμεὶωτο.
