4060 6450
407 444 535 513 1141

1458 449 1635 507 ’ΠΤΛ
1667 450 1726 507 S.
1760 449 2136 507 STEPHANI
2177 445 2560 508 JUNIORIS.

3530 424 3668 490 1H2

404 562 639 633 ἀχθῆναι
697 561 790 614 τὸν
826 562 1001 630 ἆγιον.
1040 561 1218 630 Ἢχθη
1253 561 1309 613 δὲ
1340 563 1366 614 ὁ
1404 560 1555 627 ἅγιος
1585 562 1689 615 ὑπὸ
1722 560 1813 613 δύο
1855 563 1972 614 ἐπι-

2094 562 2177 625 )ιιι
2217 562 2433 627 quidem
2478 557 2684 610 duobus
2730 551 3162 607 sustentantibus
3213 535 3484 601 adductus
3537 555 3654 608 est;

407 649 821 720 στηριζόμενος,
859 652 948 706 διὰ
974 653 1056 712 τὸ,
1093 652 1166 714 ὼς
1209 652 1556 722 προείρηται,
1610 651 1685 723 μὴ
1716 652 1980 705 δύνασθαι

407 741 572 795 αὐτὸν
613 744 969 812 περιπατεῖν,
1012 743 1109 795 καὶ
1138 741 1329 806 πέδαις
1364 743 1603 813 σιδήρων
1646 744 1775 804 τοὺς
1816 744 1981 806 πόδας

408 831 882 903 ἐγκεκλεισμένον.
936 832 1114 902 Ὅπερ
1146 832 1344 896 ἰδόντες
1374 828 1519 886 οὗτοι
1555 835 1602 885 οἱ
1632 834 1945 899 θεοστυγεῖς
1965 874 1979 898 ,

409 920 737 988 ἐδάκρυσαν.
774 918 908 974 Εῐτα
941 921 1220 982 Θεοδόσιος
1253 921 1388 992 πρὸς
1420 923 1583 975 αὐτόν
1612 940 1778 992 φησιν
1823 923 1984 992 Ἐφέ-

413 1028 507 1064 σου
548 1029 562 1045 ο
605 1012 724 1064 Τίνι
766 1011 990 1083 τρόπῳ.
1033 1011 1290 1082 ἄνθρωπε
1333 1011 1429 1065 τοῦ
1463 1012 1598 1065 Θεοῦ
1621 1052 1635 1077 ,
1667 1012 1902 1083 ᾑρετίσω
1927 1014 1984 1067 ὲν

412 1101 684 1173 ὑπολήψει
729 1104 879 1171 ἡμᾶς
928 1101 1075 1172 ἔχειν
1120 1104 1407 1173 αἱρετικῇ,
1443 1101 1536 1155 καὶ
1573 1103 1985 1172 ὑπερφρονῆσαι

412 1195 556 1264 ὑπέρ
582 1212 641 1247 τε
682 1193 922 1262 βασιλεῖς
956 1196 1051 1247 καὶ
1080 1194 1484 1265 ἀρχιποιμένας
1517 1194 1615 1248 καὶ
1652 1193 1987 1257 ἐπισκόπους

412 1287 508 1339 καὶ
554 1286 765 1350 πάντας
809 1285 1206 1357 Χριστιανούς
1238 1286 1313 1357 μὴ
1347 1282 1459 1358 ἆρά
1492 1303 1556 1355 γε
1586 1287 1787 1350 πάντες
1835 1287 1988 1357 ἡμεῖς

411 1376 512 1446 τὴν
547 1376 655 1431 τῶν
687 1379 906 1432 οἰκείων
955 1377 1146 1448 ψυχῶν
1191 1377 1395 1449 ζημίαν
1440 1377 1985 1448 πραγματευόμεθα;

423 1466 484 1521 Ὀ
513 1468 570 1521 δὲ
613 1470 767 1536 ἅγιος
811 1468 1058 1541 ἠρεμαίᾳ
1103 1471 1167 1540 τῇ
1197 1472 1348 1541 φωνῇ
1379 1485 1546 1539 φησιν
1587 1468 1723 1541 πρὸς
1756 1467 1950 1529 αὐτούς
1970 1483 1985 1497 ⁸

414 1557 814 1627 Προσέχετε,τί
842 1559 1153 1630 γέγραπται
1190 1559 1246 1612 ὲν
1273 1559 1434 1628 Ἠλίᾳ
1462 1560 1538 1629 τῷ
1569 1559 1821 1631 προφήτῃ
1855 1558 1990 1627 πρὸς

428 1650 655 1720 Ἀχαὸιϐο
685 1653 766 1705 Οὐ
794 1650 1133 1721 διαστρέψω
1159 1648 1294 1721 ἐγὼ,
1321 1651 1482 1705 ἀλλὰ
1505 1649 1610 1712 σὺ,
1638 1651 1736 1704 καὶ
1764 1654 1797 1705 ὀ
1825 1647 1992 1714 οἷκος

416 1740 525 1793 τοῦ
562 1741 785 1808 πατρός
817 1757 955 1797 σου.
999 1742 1114 1796 Καὶ
1143 1741 1253 1810 γὰρ
1288 1742 1390 1795 οὐκ
1417 1740 1530 1806 ἐγὼ
1559 1743 1586 1795 ό
1613 1741 1987 1810 διαστρέφων,

417 1831 535 1884 ἀλλ’
569 1833 748 1902 ὑμεῖς,
777 1834 824 1885 οἱ
865 1834 963 1905 τὴν
987 1835 1051 1888 ὲκ
1090 1834 1369 1904 πρόπαλαι
1400 1834 1850 1906 παραϐεϐηκότες
1881 1834 1990 1887 τῶν

419 1897 679 1992 Πατέρων
709 1897 1079 1987 διδασκαλίαν,
1115 1897 1210 1978 καὶ
1243 1924 1370 1986 νέαν
1396 1897 1731 1993 κενοφωνίαν
1759 1928 1825 1996 τῇ
1868 1926 1990 1977 Ἐκ·
2023 1897 2064 1954 Β

416 2012 619 2083 κλησία
652 2014 1100 2084 εἰσηγησάμενοι.
1141 2016 1201 2067 Εἰ
1228 2015 1336 2086 γὰρ
1362 2016 1424 2068 τὸ
1454 2016 1773 2087 ἀρχαιότητι
1803 2016 1991 2086 διαφέ-

419 2121 544 2176 ρον,
584 2104 895 2175 αἰδέσιμον,
929 2105 1005 2170 ὣς
1044 2124 1128 2170 τις
1171 2107 1332 2176 σοφὸς
1364 2106 1565 2177 ἔφησεν
1590 2125 1601 2137 ·
1628 2108 1696 2160 τὰ
1727 2125 1985 2179 νεωτεροο

415 2194 736 2262 φωνηθέντα
804 2197 937 2268 παρ’
991 2198 1179 2266 ὑμῶν,
1242 2199 1417 2252 πάντα
1465 2199 1655 2270 ἄσημα
1711 2202 1806 2253 καὶ
1851 2201 1988 2254 Θεοῦ

415 2284 690 2356 ἀλλότρια,
730 2287 789 2340 οὐ
824 2286 932 2360 μὴν
961 2288 1100 2343 ἀλλὰ
1136 2290 1233 2344 καὶ
1265 2292 1361 2360 τῆς
1397 2291 1725 2361 Ἐκκλησίας
1756 2292 1989 2360 φαλσεύ-

420 2391 565 2442 ματα
605 2376 718 2445 (25)
775 2388 818 2430 P.
873 2379 1017 2432 Ἀλλ’
1049 2375 1144 2434 οὖν
1187 2380 1337 2434 ἔστιν
1370 2384 1549 2436 εἰπεῖν
1593 2385 1948 2455 προφητικῶς
1972 2402 1986 2416 ο

414 2467 479 2517 Οἱ
517 2464 758 2535 βασιλεῖς
788 2469 887 2539 τῆς
931 2470 1038 2539 γῆς
1085 2473 1181 2524 καὶ
1216 2473 1267 2525 oi.
1312 2474 1573 2544 ἄρχοντες
1621 2477 1737 2545 ἅμα
1768 2478 1990 2545 ποιμέσι

415 2558 509 2610 καὶ
544 2561 656 2621 τοῖς
690 2560 981 2631 προδόταις
1025 2566 1125 2634 τῆς
1157 2564 1394 2637 ποίμνης
1428 2566 1774 2638 συνήχθησαν
1812 2569 1904 2620 ἐπὶ
1933 2571 1993 2621 τὸ

416 2648 549 2700 αὐτὸ
597 2652 739 2704 κατὰ
798 2652 896 2721 τῆς
924 2651 1019 2705 τοῦ
1063 2655 1303 2723 Χριστοῦ
1356 2656 1714 2728 Ἐκκλησίας,
1768 2658 1994 2727 μελετήο

420 2756 611 2802 σαντες
641 2742 772 2796 κενὰ
817 2744 912 2797 καὶ
963 2745 1184 2815 μάταια.
1242 2743 1461 2800 Τούτων
1501 2749 1681 2801 τοίνυν
1723 2749 1874 2819 παρὰ
1899 2749 1991 2802 τιῦ

420 2830 576 2898 ἁγίου
611 2832 920 2901 ῥηθέντων,
957 2836 1371 2902 Κωνσταντῖνος
1405 2840 1433 2891 ὁ
1458 2839 1830 2910 Νικομηδείας
1859 2858 1993 2894 νεω-

419 2922 650 2991 τερίζων
680 2941 739 2976 τε
768 2924 848 2995 τῷ
880 2927 1094 2997 σώματι
1131 2932 1225 2983 καὶ
1255 2929 1333 3001 τῷ
1362 2930 1442 2984 νοῒ
1475 2931 1722 2999 σφριγῶν
1774 2932 1993 3003 (ἀκμὴν

421 3013 529 3081 γὰρ
560 3008 694 3083 ἦγεν
732 3017 1057 3083 τριακοστόν
1088 3035 1193 3071 που
1223 3020 1341 3082 ἔτος
1370 3020 1465 3088 τῆς
1493 3020 1745 3091 ἡλικίας)
1777 3022 1992 3093 ἀναπη-

418 3102 608 3174 δήσας.
644 3104 735 3156 τὸν
765 3105 916 3173 ἆγιυν
944 3109 1084 3162 κατὰ
1106 3111 1204 3180 τῆς
1229 3110 1403 3181 ὅψεως
1440 3113 1653 3182 χαμᾶζε
1684 3112 1994 3183 καθήμενον

419 3194 673 3248 λικτίσαι
714 3197 1025 3268 ἠΰουλήθη,
1072 3203 1328 3275 καθάπερ
1380 3205 1511 3257 ποτε
1556 3206 1650 3258 ἐπὶ
1719 3206 1992 3277 Ἀντιόχου

420 3286 512 3340 τὸν
572 3287 717 3357 ἱερὸν
757 3288 1102 3362 Ἐλεάζαρον.
1142 3294 1256 3359 Λάξ
1288 3295 1348 3363 γέ
1387 3313 1471 3349 τοι
1519 3295 1625 3349 τῶν
1665 3297 1879 3366 πικρῶν
1913 3316 1995 3362 τις

422 3380 517 3431 καὶ
537 3378 701 3449 ὠμῶν
731 3381 1044 3453 δορυφόρων
1073 3388 1152 3449 εἰς
1184 3388 1312 3451 τοὺς
1338 3388 1611 3452 κενεῶνας
1641 3389 1996 3460 ὲναλλόμενος

422 3468 675 3534 ἔτυπτεν,
716 3473 864 3537 ὅπως
904 3475 1241 3538 ἐξανίσταντο
1278 3479 1512 3534 πίπτων.
1594 3481 1649 3534 'O
1703 3481 1760 3534 δὲ
1817 3482 1997 3553 τίμιος

424 3562 693 3629 Στέφανος
744 3565 1074 3637 εὐαγγελικῇ
1116 3570 1303 3640 ἐντολῇ
1356 3571 1759 3641 κρατούμενος,
1804 3572 1997 3626 ἑαυτὸν

423 3656 794 3724 ἐσχημάτισεν
819 3696 832 3718 ,
869 3659 929 3710 οὐ
972 3660 1132 3728 μόνον
1177 3662 1314 3732 πρὸς
1347 3664 1444 3734 τὴν
1485 3664 1613 3732 μίαν
1642 3667 1865 3733 σιαγόνα
1904 3666 1999 3720 λα-

423 3746 538 3798 ϐεῖν
558 3787 572 3808 ,
606 3748 740 3800 ἀλλὰ
780 3750 875 3802 καὶ
906 3752 1040 3821 πρὸς
1071 3753 1171 3823 τὴν
1202 3754 1423 3822 ἑτέραν.
1461 3759 1523 3810 Οί
1549 3758 1603 3810 δὲ
1648 3761 1775 3831 περὶ
1806 3761 1996 3813 Κάλλια

424 3853 551 3890 στον
584 3838 679 3891 καὶ
719 3840 1125 3910 Κομϐοκόνωνα
1168 3844 1318 3908 ὄντες
1372 3844 1472 3916 τῆς
1515 3849 1858 3920 συγκλήτου,
1907 3851 1999 3903 τὸν

423 3929 639 4000 ἀνίερον
700 3932 1109 3988 Κωνσταντῖνον
1170 3939 1682 4008 κατασιγάσαντες,
1738 3943 1814 4014 τῷ
1858 3936 1999 4015 ἁγίῳ

420 4015 577 4074 εἷπον
612 4036 627 4052 ο
678 4022 783 4075 Δύο
825 4028 1155 4094 προφάσεων
1204 4029 1380 4082 οὐσῶν
1408 4033 1467 4083 έν
1501 4034 1584 4085 σοὶ
1616 4035 1673 4086 τὸ
1712 4036 2000 4107 προκείμε-

420 4113 513 4167 νόν
536 4124 563 4163 τι
598 4115 768 4181 ἐστιν,
799 4116 832 4186 ἥ
880 4122 1199 4172 πεπεικέναι
1246 4122 1475 4188 σαυτὸν,
1505 4125 1599 4176 καὶ
1643 4127 1958 4196 ὑπογράψαι
1980 4145 1993 4159 ⁸

420 4207 470 4257 εί
502 4206 559 4259 δὲ
593 4208 667 4277 μή
699 4224 780 4275 γε.
817 4208 1034 4281 θανάτῳ
1078 4214 1476 4284 παραδοθῆναι,
1506 4216 1583 4279 ὡς
1618 4219 1878 4289 Πατέρων
1904 4222 1997 4273 καὶ

423 4294 689 4362 βασιλέων
738 4298 802 4350 ὲκ
843 4297 978 4353 Θεοῦ
1021 4300 1382 4372 διδαχθέντων
1425 4306 1587 4376 νόμον
1624 4308 1993 4377 ἀντιλέγοντα.

432 4383 492 4436 Ὀ
521 4384 577 4436 δὲ
606 4385 762 4453 ἅγιός
804 4404 969 4456 φησιν
993 4404 1007 4420 ο
1040 4389 1303 4461 Πρόσχες,
1350 4394 1834 4465 κυριοπατρίκιοςυ
1872 4398 1999 4465 ἐμοὶ

420 4475 482 4527 τὸ
520 4475 917 4547 ζῇνθΧριστδς.
950 4481 1045 4532 καὶ
1085 4480 1144 4533 τὸ
1183 4481 1474 4535 ἀποθανεῖν
1506 4484 1646 4555 ὑπὲρ
1688 4485 1788 4549 τῆς
1834 4486 1994 4554 ἁγίας

2083 652 2231 720 quia,
2262 649 2584 716 utsuperius
2630 645 2959 705 monuimus,
3013 638 3327 694 ambulandi»
3381 640 3652 706 impotens

2083 748 2220 803 erat,
2261 739 2558 808 lerreisque
2593 736 2799 790 catenis
2825 732 3151 789 constrictos
3183 731 3348 798 pedes
3395 728 3651 782 habebat.

2085 829 2252 895 Quem
2301 828 2387 881 ubi
2428 840 2761 895 conspexere
2811 824 2918 877 Deo
2965 820 3128 875 invisi
3168 819 3312 880 viri,
3380 815 3663 886 lacrymati

2086 934 2233 978 sunt.
2263 921 2467 975 Deinde
2496 918 2832 974 Theodosius
2858 914 3055 984 Ephesi
3092 913 3382 983 episcOpus
3425 909 3525 976 ipsi
3581 908 3667 960 di-

2090 1015 2167 1067 xit
2218 1026 2234 1066 :
2292 1012 2535 1077 Quanam
2589 1010 2822 1072 ratione,
2887 1007 3049 1061 homo
3076 1004 3192 1068 Dei,
3222 1003 3276 1056 in
3310 1001 3551 1054 animum
3580 999 3667 1051 iu-

2088 1103 2289 1158 duxisti
2324 1118 2420 1155 nos
2445 1101 2735 1155 haereticos
2780 1098 2999 1161 habere,
3027 1107 3077 1150 et
3111 1095 3227 1162 plus
3270 1107 3461 1161 sapere
3502 1104 3664 1159 quam

2089 1195 2464 1265 imperatores,
2513 1192 2975 1258 archiepiscopos,
3012 1187 3319 1255 episc0pns,
3351 1183 3668 1236 universos-

2089 1304 2195 1357 que
2244 1284 2624 1341 Christianos?
2662 1283 2933 1351 Numquid
2971 1296 3067 1334 nos
3104 1292 3294 1333 omnes
3357 1275 3667 1329 animarum

2091 1391 2404 1435 nostrarum
2440 1378 2637 1430 damno
2668 1373 3014 1430 laboramus?
3043 1371 3249 1438 Quibus
3277 1379 3503 1425 sanctus
3556 1364 3665 1419 leui

2088 1484 2220 1526 voce
2250 1466 2528 1537 respondit
2553 1481 2568 1520 :
2598 1466 2874 1520 Attendite
2900 1463 3031 1532 quid
3065 1464 3121 1517 in
3158 1461 3272 1516 Elia
3302 1461 3568 1529 propheta
3604 1457 3669 1508 ad

2089 1562 2275 1617 Achab
2301 1560 2562 1629 scriptum
2581 1557 2650 1611 sit
2688 1575 2703 1611 :
2733 1554 2855 1609 Non
2886 1571 2980 1625 ego
3008 1564 3266 1623 per-verto,
3302 1552 3391 1605 sed
3416 1561 3469 1602 ιιι
3501 1557 3550 1601 et
3573 1547 3668 1598 do-

2090 1671 2205 1708 mus
2234 1653 2402 1722 patris
2437 1653 2513 1705 tui
2563 1652 2635 1705 ⁷⁸.
2669 1648 2777 1705 Nec
2811 1648 2955 1704 enim
2991 1661 3093 1716 ego
3119 1660 3236 1699 smn
3260 1641 3352 1712 qui
3400 1648 3673 1710 pervertu,

2090 1744 2186 1799 sed
2227 1742 2468 1811 vosipsi,
2501 1741 2593 1812 qui
2627 1739 2852 1810 antiqua
2895 1737 3118 1792 Patrum
3166 1733 3417 1788 doctrina
3448 1730 3672 1788 violata,

2094 1848 2283 1888 novam
2328 1832 2786 1901 vaniloquentiam
2819 1830 2871 1883 in
2908 1827 3204 1882 Ecclesium
3238 1822 3539 1878 invexistis.
3583 1820 3676 1873 Et-

2092 1925 2236 1979 enim
2270 1925 2313 1979 si
2358 1926 2502 1993 quod
2534 1921 2866 1991 antiquitate
2900 1926 3147 1988 prmstat,
3185 1914 3540 1969 veneratione
3590 1912 3671 1965 di-

2091 2030 2254 2085 gnum
2279 2023 2383 2078 est,
2412 2000 2709 2082 ut'quidam
2741 2012 2955 2080 sapiens
2985 2008 3145 2071 dixit,
3178 2020 3242 2060 ea
3275 2005 3458 2058 omnia
3486 2018 3608 2073 qum
3646 2020 3673 2052 a

2090 2108 2246 2162 vobis
2292 2107 2546 2161 iuuovata
2581 2113 2740 2168 sunt,
2776 2101 3205 2163 contemnenda,
3259 2097 3461 2165 Deique
3508 2092 3677 2167 5.79

2090 2210 2145 2254 et
2185 2198 2437 2253 Ecclesi:e
2472 2197 2644 2251 aliena
2680 2194 2957 2249 mendacia
3013 2202 3159 2246 sunt.
3217 2186 3509 2243 Euitiivero
3550 2204 3671 2241 cum

2091 2292 2422 2361 Propheta"
2445 2291 2755 2346 dicereliret
2783 2306 2796 2341 :
2826 2287 2998 2358 Reges
3029 2294 3185 2339 terra;
3205 2283 3549 2352 etprineipes
3569 2296 3673 2332 una

2094 2401 2215 2439 cum
2248 2383 2562 2455 pastoribus
2590 2391 2642 2436 et
2683 2379 3051 2450 proditoribus
3078 2377 3257 2445 gregis
3291 2381 3666 2428 convenerunt

2095 2477 2332 2531 inunum
2370 2478 2631 2529 adversus
2658 2472 2858 2527 Christi
2898 2470 3218 2532 Ecclesiam,
3251 2483 3385 2521 vana
3424 2456 3674 2520 ctinzﬁiia

2095 2572 2437 2626 meditantes.
2518 2566 2614 2622 [iis
2679 2581 2707 2619 a
2751 2573 2938 2619 sancto
3015 2562 3218 2622 dictis.
3284 2558 3676 2615 Constantinus

2093 2661 2421 2717 Nicomedia:
2473 2660 2787 2729 episcopus,
2841 2656 3038 2726 vigenti
3075 2667 3303 2722 corpore
3348 2660 3403 2706 et
3461 2651 3676 2719 turgido

2094 2753 2277 2806 animo
2332 2750 2589 2818 praeditus
2639 2749 2895 2819 (quippe
2965 2747 3057 2814 qui
3120 2743 3278 2797 tundo
3331 2743 3675 2812 trigesimum

2092 2843 2480 2898 aetatisannum
2538 2840 2784 2909 agebat).
2822 2836 3101 2906 prexiluit,
3147 2843 3205 2887 ut
3276 2844 3524 2888 sanctum
3576 2831 3672 2899 Qui

2096 2934 2238 2988 lnuui
2269 2934 2322 2987 in
2353 2932 2544 2987 facient
2587 2929 2826 3000 iacebat,
2862 2928 3102 2982 calcibus
3135 2934 3378 2993 peteret,
3419 2925 3680 2992 quemad-

2097 3026 2311 3079 modum
2345 3026 2470 3079 olim
2499 3023 2816 3077 Eleazarum
2857 3018 3183 3073 Antiochus.
3224 3014 3474 3069 lusiliens
3499 3014 3683 3081 itaque

2100 3119 2325 3188 quidam
2352 3135 2414 3171 ex
2452 3116 2665 3172 acerbis
2711 3115 2816 3169 illis
2837 3125 2892 3168 et
2924 3113 3082 3168 mavis
3113 3111 3457 3173 satellitibus,
3511 3110 3680 3164 imum

2098 3207 2271 3262 sancti
2296 3206 2394 3259 viri
2425 3216 2666 3258 ventrem
2692 3202 2932 3258 calt-ibus
2965 3201 3251 3271 percussit,
3284 3199 3541 3268 utjaccns
3561 3215 3682 3252 sur-

2099 3299 2269 3366 gerel'.
2317 3295 2422 3349 Sed
2460 3294 2800 3350 venerandus
2837 3293 3145 3362 Stephanus
3183 3290 3502 3358 evangelico
3545 3306 3682 3357 pra:-

2099 3400 2253 3456 cepto
2285 3402 2513 3453 parens,
2573 3388 2810 3454 seipsum
2863 3384 3169 3453 composuit
3224 3384 3290 3435 ad
3347 3383 3533 3451 plagas
3573 3398 3679 3434 non

2102 3491 2307 3534 tantum
2359 3495 2462 3532 una
2521 3478 2736 3531 maxilla
2783 3477 3153 3546 accipiendas,
3193 3474 3287 3528 sed
3323 3480 3486 3528 etiam
3544 3474 3672 3527 alia.

2103 3574 2318 3637 Verum,
2348 3570 2601 3625 Callistus
2625 3582 2678 3624 et
2704 3569 3085 3633 Combocoapu
3123 3567 3401 3622 silentium
3429 3567 3673 3635 imposu-

2100 3675 2259 3719 erunt
2320 3663 2551 3732 profano
2600 3663 2959 3717 Constantino
3004 3661 3259 3730 ;ipsique
3310 3661 3373 3713 ad
3430 3668 3677 3714 sanetum

2100 3757 2391 3809 dixerunt:
2433 3774 2451 3807 ι
2484 3756 2524 3809 E
2565 3756 2773 3810 duobus
2821 3771 2940 3824 qua:
2993 3755 3385 3824 pi'0pouimus,
3447 3752 3677 3805 alterum

2103 3847 2194 3901 tibi
2230 3847 2532 3911 eligendum
2565 3861 2669 3908 est,
2708 3848 2788 3899 vel
2823 3851 3017 3901 cedere
3059 3859 3111 3901 et
3161 3848 3504 3902 subscribere
3542 3866 3554 3899 :
3596 3842 3682 3902 vel

2101 3938 2143 3990 si
2173 3938 2223 3991 id
2256 3953 2471 4004 retines,
2501 3938 2659 3992 morti
2689 3939 2847 4001 tradi,
2874 3948 3130 4006 tauquam
3165 3938 3418 3992 rebellent
3445 3937 3548 4008 legi
3584 3939 3684 3991 Pa-

2104 4039 2244 4082 trum
2277 4038 2330 4084 et
2352 4030 2764 4101 imperatorum,
2796 4044 2932 4098 quos
2975 4028 3115 4083 Deus
3159 4030 3279 4098 ipse
3314 4030 3521 4084 docuit.
3548 4032 3681 4096 Qui-

2101 4124 2199 4175 bus
2226 4121 2407 4176 verbis
2456 4121 2736 4190 respondit
2803 4132 3025 4176 sanctus
3071 4140 3085 4175 :
3143 4122 3397 4183 Attende,
3456 4121 3684 4175 Domine

2098 4211 2265 4283 480
2293 4213 2708 4284 Ρειινὶοἰρίηιϋιὶ
2737 4213 2899 4266 virere
2929 4212 3175 4267 Christus
3199 4222 3298 4277 est,
3328 4222 3382 4268 et
3409 4214 3544 4267 mori
3582 4229 3679 4280 ριν»

2099 4310 2284 4353 sancta
2313 4298 2428 4366 ejus
2483 4301 2715 4369 imagine
2764 4301 2968 4353 Iucrmn
3004 4312 3053 4354 et
3083 4301 3252 4370 gloria
3296 4303 3363 4356 ".
3397 4303 3677 4370 Siquidem

2093 4394 2204 4463 jam
2253 4397 2417 4449 semel
2466 4406 2519 4449 et
2558 4395 2753 4448 iterum
2806 4403 3087 4448 contracta
3125 4392 3299 4463 palma
3350 4393 3444 4447 tibi
3493 4394 3602 4448 dixi
3663 4411 3677 4447 :

2101 4484 2321 4538 Etiamsi
2357 4486 2622 4539 tantulum
2666 4485 2845 4540 vitalis
2884 4485 3165 4553 sanguinis
3202 4483 3333 4537 ntihi
3369 4484 3552 4549 fuerit,
3576 4501 3673 4554 pro

419 4565 589 4619 αὐτοῦ
619 4568 828 4631 εἰκόνος
870 4569 1077 4642 κέρδος,
1106 4571 1197 4624 καὶ
1250 4571 1377 4636 δὸξα
1404 4588 1417 4602 ·
1455 4573 1603 4638 ἅπαξ
1642 4575 1751 4645 γὰρ
1795 4577 1889 4627 καὶ
1913 4575 1994 4640 δὶς

2105 4574 2407 4641 huiusmodi
2449 4591 2606 4631 causa
2660 4577 2988 4631 effundatur.
3040 4574 3422 4630 Verumtamen
3473 4577 3678 4647 legatur

419 4654 574 4710 εἶπόν
621 4675 723 4722 σοι,
764 4658 857 4713 τὸν
906 4660 1209 4734 παλαιστὴν
1258 4663 1663 4728 ὑπολακκίσας·
1699 4667 1893 4736 ὅτιπερ
1928 4667 1991 4719 Εἰ

417 4748 674 4802 τοσοῦτον
705 4750 768 4803 τὸ
805 4753 885 4815 εἰς
915 4752 1018 4822 ἐμὲ
1060 4754 1290 4817 ζωτικδν
1322 4750 1494 4826 αἷμα,
1532 4742 1818 4828 ἐκχυθήτω
1856 4758 2000 4829 ὑπὲρ

418 4838 514 4891 τοῦ
540 4838 748 4893 τοιοῦδε
790 4842 996 4896 σκοποῦ
1026 4854 1045 4881 ι’
1067 4861 1081 4874 ·
1118 4845 1233 4898 ἀλλ’
1267 4841 1360 4898 οὖν
1390 4847 1797 4919 ἁναγνωσθήτω
1820 4850 1848 4900 ὁ
1874 4850 2000 4919 ὄρος

418 4930 520 4998 τῆς
562 4929 781 4983 συνόδου
826 4932 1012 5003 ὑμῶν,
1074 4935 1169 4987 καὶ
1203 4934 1297 4988 ἴδω
1352 4936 1403 4988 τί
1444 4937 1550 5007 ἄρα
1584 4936 1795 4991 δίκαιον
1839 4940 1996 5008 φέρει

420 5021 560 5090 πρὸς
598 5026 992 5095 καταστροφὴν
1032 5025 1144 5080 τῶν
1193 5026 1353 5079 θείων
1381 5031 1475 5081 καὶ
1505 5028 1719 5082 σεπτῶν
1753 5029 1997 5083 εἰκόνων.

466 5179 512 5208 τ’
539 5178 604 5233 lll
629 5178 761 5249 Reg.
796 5196 952 5247 xviii,
989 5183 1069 5237 l8.
1153 5186 1197 5216 ⁷³
1242 5184 1380 5239 Psal.
1415 5201 1477 5248 ιι,
1502 5184 1554 5238 2.
1634 5186 1677 5217 7"
1713 5185 1853 5240 Phil.
1887 5203 1924 5253 ι,
1954 5186 2045 5240 2|.

2102 4680 2295 4722 vestrae
2325 4671 2516 4741 synodi
2549 4670 2790 4724 definitio
2822 4680 2878 4722 ut
2927 4669 3253 4744 perspiciam
3282 4671 3411 4739 quid
3468 4681 3674 4723 rectum

2099 4761 2378 4813 contineat
2411 4761 2477 4813 ad
2508 4761 2718 4814 divinas
2758 4770 2813 4815 et
2845 4761 3182 4815 venerandas
3230 4761 3496 4832 imagines
3526 4776 3682 4817 ever-

2101 4852 2309 4905 lendas.

1735 5321 1987 5377 VARI/13'
2005 5321 2298 5380 LECTION
2308 5325 2409 5380 ES.

493 5481 517 5520 P
550 5471 620 5527 al.
650 5474 1029 5545 φανσεύματα.
1108 5485 1133 5524 (ι
1158 5476 1227 5531 al.
1258 5477 1315 5528 ὲν
1347 5477 1431 5529 σοῖ⁵
1458 5477 1567 5530 τῶν
1593 5475 1996 5549 προκειμένων.
2076 5484 2099 5512 ν
2130 5475 2201 5527 al.
2226 5474 2448 5546 τρόπου.

1938 5607 2164 5664 NOTAE.

493 5764 604 5839 (2'5)
637 5767 1051 5837 Φαλσεύματα.
1086 5767 1257 5822 Idest.
1287 5771 1580 5831 mendacia,
1603 5770 1708 5823 ἀπὸ
1729 5769 1822 5823 τοῦ
1849 5771 1987 5839 φαλ-

422 5833 623 5900 σεύειν,
654 5840 795 5895 quod
829 5833 910 5893 est
956 5840 1305 5906 meutiri,sive
1340 5858 1511 5893 rerum
1562 5833 1891 5908 currumpﬂl‘i.’
1933 5854 1986 5895 ct

2100 5774 2417 5826 adulterare.
2456 5774 2494 5828 υ
2525 5791 2603 5828 :itS
2650 5789 2749 5827 ms.
2802 5773 2960 5827 habet
3002 5772 3379 5844 φαιισεὺματα,
3428 5782 3522 5832 sed
3557 5794 3674 5834 ror-

2098 5860 2196 5914 rup
2223 5861 2269 5896 0.
