4060 6434
438 394 571 460 1145

1480 412 1657 471 νιΤΑ
1696 410 1755 468 8.
1800 407 2181 468 STEPHANI
2220 406 2605 469 JUNIORTS.

3550 408 3686 472 1146

428 502 739 568 ἀνατείνας,
766 508 859 558 καὶ
884 508 946 559 ἐκ
980 510 1209 579 καρδίας
1245 511 1388 581 μέγα
1406 515 1668 586 οἰμώξας,
1700 514 1798 593 τὰς
1823 516 1999 584 χεῖρας

2121 514 2247 576 Dic,
2306 516 2578 583 episcope.
2645 514 2761 581 Quo
2808 516 3011 572 fatente
3055 517 3127 571 ita
3189 532 3248 573 se
3302 533 3416 574 rem
3455 519 3682 583 habere,

430 593 677 656 ἐκτείνας
702 596 804 667 ἔερη
833 614 847 628 °
885 600 950 651 Et
974 617 1052 662 τις
1097 603 1157 654 ού
1202 610 1499 673 προσκυνεῖ
1520 607 1612 660 τὸν
1631 606 1835 677 Κύριον
1852 605 2009 676 ἡμῶν

442 684 647 753 ’ἰησοῦν
677 689 912 757 Χριστὸν
944 691 1000 743 ἐν
1029 692 1197 745 είκὸνι
1230 699 1605 766 περιγραπτὸν
1634 697 1774 750 κατὰ
1809 697 1869 750 τὸ
1910 701 2007 752 ἁν-

429 776 730 845 θρώπινον,
770 782 888 850 ἤτω
928 783 1090 836 ἁνάθε
1102 803 1200 855 μα,
1232 790 1325 840 καὶ
1356 791 1476 859 μετ’
1519 792 1746 846 ἐκείνων
1773 794 2010 846 καταλο-

425 868 636 939 γισθείη
668 871 779 924 τῶν
834 872 1175 941 κραξάντων,
1214 874 1413 949 Ἆρον,
1445 875 1613 950 ἆρον,
1651 885 2007 952 σταύρωσον

422 959 626 1013 αὐτόν.
647 960 1048 1029 Ἐκπλαγέντες
1079 967 1136 1020 δὲ
1160 962 1304 1022 οὗτοι
1337 973 1385 1023 oi
1420 971 1803 1040 Θρυλλο).έκται
1829 975 1922 1027 ἐπὶ
1941 977 2005 1046 τῇ

423 1046 517 1098 τοῦ
547 1049 704 1115 ἁγίου
729 1054 1031 1126 παρρησίᾳ,
1063 1056 1143 1109 ἔτι
1186 1060 1351 1113 αὐτοῦ
1378 1062 1470 1114 τὸν
1499 1064 1656 1131 λόγον
1689 1064 1957 1136 συνείρειν
1978 1075 2006 1102 υ

421 1138 717 1204 ἐθέλοντος,
750 1143 1139 1212 διαναστάντες
1169 1152 1343 1218 αὐτοὶ,
1390 1155 1553 1223 μόνον
1585 1156 1646 1208 τὸ
1673 1158 2003 1226 ἐγκλεισθῆ-

421 1248 509 1283 ναι
551 1233 715 1285 αὑτὸν
768 1239 1348 1310 παρακελευσάμενοι,
1401 1248 1854 1316 κατῃσχυμμὲνοι
1907 1250 2003 1300 ὐπ-

421 1321 692 1394 έστρεφον
711 1327 792 1388 είς
825 1328 894 1381 τὰ
917 1329 1189 1398 βασίλεια.
1220 1334 1326 1386 Τοῦ
1360 1336 1417 1388 δὲ
1441 1337 1710 1406 βασιλέως
1740 1339 2007 1394 πυνθανο-

422 1415 623 1483 μένουο
658 1417 723 1470 Τί
766 1414 877 1489 ἄρα
936 1422 1178 1492 ἧνυσαν;
1219 1425 1299 1480 ἔτι
1333 1430 1652 1483 ἐπισκόπων
1695 1431 1794 1501 τὴν
1835 1427 2004 1503 ἧτταν

419 1507 688 1579 κρύπτειν
714 1519 741 1545 ν
779 1512 1097 1577 ἐθελόντων,
1151 1518 1200 1570 οί
1250 1520 1382 1590 περ).
1427 1522 1732 1576 Κάλλιστον
1766 1525 2002 1593 ἀπεκρί-

417 1613 579 1652 ναντο
614 1612 629 1627 ⁸
680 1601 1029 1673 Ἠττὴμεθα,
1085 1607 1344 1676 βασιλεῦ,
1394 1614 1698 1683 ἡττήμεθα.
1766 1616 2003 1687 ’Υψηλὸς

416 1690 526 1760 γὰρ
577 1693 712 1746 πολὺ
743 1696 771 1747 ὁ
799 1696 938 1765 ἀνὴρ
966 1701 1031 1767 τῇ
1068 1698 1296 1772 δυνάμει
1349 1705 1443 1755 καὶ
1474 1706 1553 1774 τῷ
1588 1706 1731 1777 λόγῳ
1796 1710 1889 1760 καὶ
1936 1714 2000 1780 τῇ

416 1783 703 1856 παρρησίᾳ
752 1785 845 1839 τοῦ
907 1788 1162 1846 θανάτου.
1198 1793 1257 1845 ὐ
1289 1794 1346 1849 δὲ
1374 1796 1685 1866 ὑπερζέσας
1720 1798 1796 1868 τῷ
1816 1799 1993 1871 θυμῷ,

2106 600 2287 669 justus
2312 603 2535 658 sublatis
2566 605 2633 657 ad
2670 606 2867 658 cretum
2892 606 3086 673 oculis,
3142 623 3450 677 magnoque
3481 611 3686 676 gemitu

2111 708 2141 744 e
2192 694 2353 747 corde
2392 696 2612 758 emisso,
2648 696 2888 752 extensis
2943 698 3193 753 manibus
3235 700 3372 752 dixit
3407 718 3422 753 :
3459 699 3514 754 Si
3561 702 3686 771 quis

2111 780 2395 837 Dominum
2421 795 2669 838 nostrum
2717 786 2905 842 Jcsum
2935 789 3213 844 Christum
3250 793 3303 844 in
3329 791 3564 860 imagine
3599 805 3677 847 se-

2110 876 2343 929 cundum
2388 876 2780 932 humanitatem
2816 881 3290 949 circumscriptum
3356 899 3464 936 non
3510 883 3672 936 ado—

2111 975 2216 1032 rat,
2247 971 2533 1023 anathema
2567 973 2659 1038 sit,
2695 983 2749 1026 et
2781 989 2901 1027 cum
2952 973 3059 1027 illis
3087 984 3399 1037 censeatur,
3426 974 3517 1043 qui
3560 974 3678 1027 cla-

2112 1074 2347 1122 tnavere,
2402 1058 2570 1124 Tol!e,
2609 1062 2767 1127 tolle,
2824 1065 3072 1131 cruciﬁge
3118 1080 3235 1119 eum
3262 1064 3331 1118 ’⁸.
3366 1064 3477 1117 llac
3506 1063 3680 1116 sancti

2108 1148 2357 1203 libertate
2396 1151 2760 1217 obstupefacti
2804 1154 2878 1207 illi
2921 1170 3268 1217 susurrones,
3310 1170 3431 1208 cum
3464 1168 3674 1207 sermo-

2108 1255 2229 1293 nem
2273 1240 2447 1297 adhuc
2478 1242 2641 1313 [‘83
2675 1246 2972 1311 producere
3015 1247 3200 1310 vellet,
3249 1258 3498 1309 surgunt,
3529 1260 3682 1298 eum-

2107 1344 2210 1398 que
2237 1339 2441 1382 tantum
2469 1331 2904 1400 includijnbent.
2944 1330 3048 1400 Ipsi
3086 1342 3265 1385 autem
3308 1333 3513 1400 pudore
3549 1328 3673 1384 suf-

2106 1419 2211 1473 fusi
2242 1422 2307 1472 ad
2338 1421 2687 1489 imperatoris
2747 1423 2927 1476 aulam
2972 1422 3352 1491 remigrarnnt.
3387 1420 3505 1487 Quo
3548 1435 3673 1489 per—

2104 1521 2360 1565 contaute
2433 1512 2562 1578 quid
2628 1513 3024 1577 confecissent,
3072 1515 3345 1583 episcOpis
3413 1514 3675 1567 amissam

2108 1605 2385 1657 victoriam
2430 1606 2608 1657 adhuc
2650 1605 2832 1659 celare
2867 1607 3191 1670 volentibus,
3237 1606 3518 1673 respondit
3553 1604 3679 1660 Cal-

2106 1696 2264 1749 listus
2324 1712 2337 1747 :
2400 1694 2538 1749 Victi
2604 1711 2831 1761 sumus,
2888 1698 3222 1766 imperator,
3288 1699 3414 1752 victi
3468 1713 3675 1753 sumus.

2104 1786 2273 1840 Valde
2302 1787 2445 1840 enim
2484 1788 2566 1840 vir
2616 1787 2706 1841 ille
2734 1788 2984 1842 sublimis
3009 1797 3094 1843 est
3139 1789 3358 1855 virtute,
3390 1802 3667 1855 sermone,

416 1876 664 1943 παρευθὺ
719 1879 923 1947 γράφει
972 1882 1072 1951 τὴν
1125 1882 1342 1955 ἐξορίαν
1378 1887 1544 1941 αὑτοῦ
1584 1891 1719 1956 πρὸς
1782 1892 1854 1944 τὰ
1904 1895 1999 1946 τοῦ

2104 1889 2154 1933 et
2188 1878 2455 1931 moriendi
2490 1878 2706 1932 litlucia.
2746 1877 2817 1931 At
2862 1878 2951 1931 ille
2975 1878 3051 1930 ira
3087 1879 3509 1942 excandescens,
3559 1892 3677 1955 sta-

425 1964 825 2037 Ἐλλησπόντου
849 1972 1013 2039 νῶτα,
1047 1977 1104 2027 ἐν
1138 1979 1203 2048 τῇ
1237 1978 1505 2052 λεγομένῃ
1544 1982 1899 2055 Προκονήσῳ.

499 2145 558 2197 '0
604 2146 876 2216 δὲ-ἆγιος
936 2151 1309 2208 ἑπτακαίδεκα
1359 2158 1577 2229 ἡμέρας
1629 2160 1687 2212 ἐν
1744 2164 1809 2232 τῇ
1861 2167 1996 2233 μονῇ

414 2237 814 2306 Χρυσοπόλεως
846 2243 1098 2312 ποιήσας,
1140 2246 1326 2309 ἄσιτος
1355 2248 1641 2319 διέμεινεν,
1675 2254 1876 2325 καίπερ
1904 2253 1998 2307 τοῦ

417 2325 687 2394 βασιλέως
717 2329 892 2382 πολλὰ
946 2332 1095 2401 αὐτῷ
1133 2336 1562 2401 ἀποστείλαντος
1615 2342 1751 2410 πρὸς
1779 2344 1999 2411 διατρο-

417 2417 547 2487 φὴν,
589 2419 753 2481 αὐτὸς
798 2422 965 2475 πάλιν
1010 2426 1147 2494 πρὸς
1194 2427 1357 2480 αὐτὸν
1403 2429 1868 2503 ἁνταπὲστρεφεν,
1902 2436 2000 2506 τὴν

414 2510 474 2561 ἐν
507 2512 619 2573 τοῖς
649 2513 937 2582 προτέροις
964 2520 1271 2585 γραφεῖσαν
1306 2520 1469 2590 ῥῆσιν
1499 2520 1779 2592 δηλώσας.
1825 2525 1912 2577 Ἐν
1943 2528 2000 2580 δὲ

412 2602 536 2662 ταῖς
566 2601 802 2671 ἡμέραις
835 2604 1075 2670 ἐκείναις
1113 2610 1255 2661 ὁτοΰ
1290 2614 1659 2683 μοναστηρίου
1692 2616 1998 2686 ἡγούμενος

413 2692 716 2765 ἁρρωστῶν
772 2694 914 2765 ὑπὲρ
959 2696 1213 2768 δύναμιν,
1275 2702 1605 2775 άπεγνώσθη
1666 2707 1817 2776 παρὰ
1889 2708 1998 2761 τῶν

332 2850 341 2863 ι
416 2783 748 2854 ἰατρῶν,τῴ
801 2785 1020 2840 διακαεῖ
1063 2790 1156 2842 τοῦ
1203 2794 1442 2862 πυρετοῦ
1498 2799 1794 2866 νοσήματι.
1855 2800 1912 2852 '0
1937 2801 1996 2853 δὲ

416 2872 597 2942 πάντη
662 2872 791 2926 ἰδὼν
834 2876 1028 2929 ἑαυτὸν
1076 2878 1457 2948 ἐκλελοιπότα,
1507 2887 1634 2947 τοὺς
1684 2888 1780 2956 τῆς
1826 2891 1997 2959 μονῆς

416 2963 755 3035 προῦχοντας
788 2968 1051 3038 πρέσϐεις
1088 2972 1225 3041 πρὸς
1265 2973 1357 3026 τὸν
1383 2973 1560 3041 ἅγιον,
1593 2973 1724 3029 ἔνθα
1750 2979 1996 3033 ἐκέκλει-

417 3074 533 3121 στο,
566 3060 897 3123 ἀποστείλας
947 3063 1270 3131 παρεκάλει,
1309 3065 1341 3136 ἢ
1388 3068 1529 3135 πρὸς
1582 3067 1743 3121 αὐτὸν
1793 3069 1992 3136 ἐλθεῖν,

412 3149 448 3216 ἢ
489 3149 593 3202 κᾶν
619 3149 877 3213 εὔξασθαι
936 3153 1075 3224 ὑπὲρ
1115 3154 1316 3220 animi,
1366 3160 1573 3221 εἰπὼν,
1624 3159 1707 3210 ὅτι
1755 3160 1997 3229 Σωματιο

413 3240 530 3304 κῶς
600 3241 1004 3312 ἀπ’«ἀλλὴλων
1085 3247 1469 3317 χωριζόμεθα,
1518 3249 1631 3302 ἀλλ’
1696 3247 1789 3303 οὖν
1852 3252 1995 3315 ἐλθὲ,

413 3332 564 3402 τίμιε
595 3334 798 3404 Πάτερ,
834 3335 937 3389 κᾶν
965 3338 1103 3406 πρὸς
1133 3339 1195 3390 τὸ
1226 3341 1577 3393 ἀσπάσασθαί
1626 3358 1683 3394 σε
1727 3342 1826 3412 τὴν
1854 3346 1997 3412 ἠμε-

412 3423 583 3495 τέραν
616 3426 820 3497 ἀσθενῆ
857 3429 1191 3481 ταπείνωσιν
1218 3443 1265 3485 ι.
1299 3431 1467 3493 Μόλις
1502 3432 1609 3500 γάρ
1636 3433 1734 3501 τὴν
1767 3434 1999 3504 ὲννάτην

411 3515 566 3588 ὥραν
599 3519 970 3589 ὑπουργοῦσιν
996 3522 1052 3573 αἱ
1098 3521 1360 3591 δυνάμεις
1416 3540 1518 3593 μου
1549 3526 1658 3593 ,τὴν
1686 3525 1866 3595 ψυχήν
1895 3543 1997 3595 μου

418 3609 717 3680 κρατῆσαι.
775 3610 883 3664 Τοῦ
941 3611 999 3665 δὲ
1036 3614 1192 3681 ἁγίου
1238 3613 1408 3667 ταῦτα
1453 3614 1806 3679 ἀκούσαντος,
1860 3633 1999 3688 προ-

414 3701 669 3771 εουμήθη
698 3694 978 3759 ἀπελθεῖν.
1007 3707 1115 3757 Καὶ
1144 3704 1222 3774 τῷ
1260 3706 1632 3777 ἀῤῥωστοῦντι
1661 3709 1995 3777 περιτυχὼν,

414 3793 514 3846 καὶ
542 3792 636 3845 τοῦ
666 3794 911 3858 τένοντος
936 3805 963 3844 1
1003 3795 1195 3848 τούτου
1249 3796 1590 3866 δραξάμενος
1611 3838 1625 3861 ,
1677 3794 1831 3850 εἶπεν
1859 3815 1871 3827 ·
1941 3800 1998 3851 ’0

413 3882 528 3935 τῶν
577 3882 765 3952 ψυχῶν
794 3883 951 3953 ἡμῶν
982 3884 1077 3937 καὶ
1111 3885 1382 3954 σωμάτων
1417 3886 1618 3954 ίατρὶς,
1652 3887 1679 3938 ὁ
1707 3886 1805 3947 τὰς
1834 3885 1997 3938 ἀσθεο

413 3973 565 4037 νείας
625 3974 780 4044 ήμῶν
833 3974 993 4045 ἄρας,
1052 3977 1147 4029 καὶ
1196 3975 1296 4038 τὰς
1351 3975 1540 4038 νόσους
1600 3976 1898 4044 βαστάσας,
1933 3979 1998 4044 τῇ

414 4062 584 4115 αὑτοῦ
615 4064 881 4133 ίαματικῇ
910 4063 1138 4130 δυνάμει
1170 4064 1613 4132 ἐπισκεψάμενος
1641 4064 2000 4133 ἀναστήσειεν

418 4173 504 4207 σε.
553 4155 664 4208 Καὶ
712 4156 964 4224 παρευθὺ
1017 4156 1368 4226 ἐλώφησεψό
1412 4157 1667 4226 πυρετός.
1711 4158 1821 4208 Καὶ
1851 4156 1999 4223 λέγει

415 4249 444 4298 ὁ
483 4244 672 4311 ἆγιος·
718 4244 855 4313 Οὐχὶ
918 4243 1105 4313 ἔφεσίς
1148 4246 1231 4298 σοί
1282 4247 1432 4297 ἐστιν
1478 4244 1810 4315 μεταλαϐεῖν
1852 4246 1997 4299 οἴνου

414 4337 701 4405 ἀκράτου;
768 4335 826 4387 Ὀ
879 4335 958 4397 δὲ,
1016 4336 1162 4399 Ναὶ,
1211 4337 1428 4406 Πάτερ,
1491 4337 1701 4388 εἰπών’
1759 4335 2000 4404 ὁτίμιος

416 4428 691 4495 Στέφανος
734 4428 794 4480 τὸ
847 4427 1045 4480 ἑαυτοῦ
1081 4427 1375 4497 βαυκάλιον
1404 4429 1647 4500 ἀκράτου
1678 4428 1822 4482 οἴνου
1851 4428 1996 4498 πλή-

2106 1970 2197 2022 litn
2238 1984 2362 2023 eum
2410 1969 2475 2021 ad
2504 1967 2837 2037 Hellesponti
2864 1971 3047 2036 dorsa,
3082 1970 3137 2023 in
3165 1968 3365 2024 dictam
3395 1969 3672 2025 Procone-

2100 2073 2222 2112 sum
2259 2057 2502 2112 exsulem
2536 2058 2618 2127 agi
2658 2058 2957 2113 mandavit.

2172 2149 2340 2203 Pot-ro
2395 2158 2618 2203 sanctus
2658 2164 2754 2217 per
2811 2150 3199 2218 septemdecim
3256 2150 3392 2214 dies,
3427 2165 3565 2219 quos
3620 2150 3676 2204 in

2101 2241 2436 2294 monasterio
2464 2241 2926 2309 Chrysopolitano
2952 2242 3152 2310 exegit,
3186 2239 3402 2311 jejunus
3439 2241 3674 2307 mansit;

2100 2330 2227 2383 licet
2278 2330 2507 2397 plurima
2585 2331 2847 2384 alimenta
2903 2332 3002 2400 ipsi
3060 2332 3299 2385 mitteret
3356 2331 3677 2399 imperator,

2102 2438 2223 2489 qua:
2270 2421 2360 2475 ille
2393 2424 2458 2474 ad
2492 2436 2613 2473 eum
2664 2423 3003 2486 remittebat,
3046 2423 3237 2477 iisdem
3272 2422 3454 2476 verbis
3493 2433 3676 2488 utens,

2101 2527 2224 2581 qua:
2258 2527 2420 2581 supra
2470 2512 2779 2565 attulimus.
2830 2512 2933 2565 Per
2993 2527 3087 2567 eos
3133 2523 3313 2566 autem
3342 2513 3457 2565 dies
3484 2512 3683 2580 praefe-

2103 2617 2221 2658 ctus
2248 2604 2561 2658 monasterii
2612 2619 2775 2671 supra
2815 2609 3032 2657 modum
3087 2607 3393 2674 a-grolavit,
3448 2606 3584 2656 adeo
3616 2615 3674 2657 ιιι

2100 2713 2210 2766 prae
2240 2696 2544 2749 vehementi
2570 2694 2736 2749 febris
2752 2697 2947 2750 ardore
2973 2696 3038 2749 de
3060 2696 3177 2760 ejus
3199 2697 3375 2751 salute
3398 2712 3426 2747 a
3456 2695 3681 2750 medicis

2101 2790 2502 2855 desperaretur.
2524 2784 2709 2854 Itaque
2728 2803 2848 2840 cum
2871 2802 2929 2840 se
2951 2788 3170 2853 penitus
3193 2788 3421 2840 deficere
3438 2787 3679 2853 videret;

2099 2879 2385 2949 przrcipttis
2414 2879 2728 2931 monasterii
2763 2878 2984 2932 senibus
3010 2879 3078 2931 ad
3110 2888 3353 2932 sanctum
3380 2878 3431 2930 in
3464 2892 3585 2930 eum
3608 2876 3685 2930 lo-

2100 2988 2221 3025 cum
2258 2969 2346 3021 tibi
2375 2968 2616 3023 incluStts
2639 2968 2835 3032 fuerat,
2865 2970 3068 3025 missis.
3090 2970 3238 3021 illum
3269 2968 3476 3037 rogavit
3506 2967 3585 3021 vel
3623 2975 3681 3021 ttt

2099 3062 2163 3117 ad
2194 3077 2251 3117 se
2276 3059 2508 3123 veniret,
2527 3060 2611 3113 vel
2634 3061 2822 3114 saltem
2849 3074 2946 3128 pro
2970 3075 3028 3113 se
3052 3059 3219 3112 Deum
3256 3070 3431 3112 oraret
3453 3058 3682 3125 :Corpo-

2101 3171 2159 3208 re
2179 3152 2417 3222 quidem,
2442 3153 2707 3223 inquiens,
2734 3151 3041 3205 abinvicetn
3062 3150 3437 3217 disiungimur;
3464 3163 3682 3200 vet-nm-

2117 3256 2295 3297 tamen
2326 3249 2472 3310 veni,
2499 3248 2806 3299 venerande
2831 3240 2994 3295 Pater
3016 3280 3031 3306 ,
3057 3240 3139 3293 vel
3175 3238 3363 3300 saltent
3396 3248 3453 3291 ttt
3488 3248 3537 3291 te
3563 3252 3677 3292 mea

2101 3337 2279 3392 vilitas
2320 3336 2488 3409 484
2513 3340 2890 3405 amplectatur.
2924 3334 3020 3388 Vix
3056 3332 3201 3386 enim
3259 3330 3326 3385 ad
3363 3330 3551 3383 horam
3586 3347 3681 3381 no-

2101 3444 2224 3481 nam
2280 3432 2422 3482 vires
2470 3445 2602 3482 mea:
2660 3429 2896 3480 animam
2935 3440 3108 3478 meam
3173 3425 3412 3478 retinere
3469 3422 3677 3477 valent.

2101 3519 2227 3575 Haec
2278 3535 2401 3575 cum
2450 3529 2671 3575 sanctus
2735 3517 2998 3572 audiisset
3031 3556 3046 3581 ,
3091 3516 3157 3569 ad
3205 3516 3356 3569 illunt
3420 3514 3681 3568 accedere

2100 3614 2310 3669 statuit.
2349 3612 2532 3681 Itaque
2556 3626 2758 3680 a'grum
2796 3611 3001 3674 invisit,
3041 3624 3199 3677 quem
3231 3610 3450 3660 teudine
3472 3622 3676 3675 appre-

2102 3703 2345 3756 hendens
2390 3702 2563 3755 dixit:
2604 3697 2924 3751 Nostrarum
2956 3698 3258 3749 animarum
3305 3703 3357 3747 et
3389 3708 3678 3758 corporum

2102 3793 2365 3854 medicus,
2397 3792 2488 3860 qui
2533 3792 2882 3844 infirmitates
2904 3796 3116 3841 nostras
3169 3786 3311 3849 tttlit,
3353 3785 3682 3851 morbosque

2102 3884 2361 3951 portavit,
2394 3892 2445 3936 te
2477 3897 2572 3936 sua
2610 3880 2815 3933 medica
2869 3881 3073 3930 virtute
3106 3876 3305 3938 visitet,
3335 3885 3387 3928 et
3426 3876 3479 3927 in
3531 3875 3681 3926 sani-

2105 3982 2268 4027 tatem
2332 3973 2606 4027 restitnat.
2659 3971 2868 4037 Quibus
2923 3967 3130 4029 dictis,
3188 3967 3370 4019 statim
3438 3965 3672 4017 cessavit

2102 4063 2293 4117 febris.
2338 4061 2537 4130 Postea
2619 4068 2842 4114 sanctus
2896 4058 3034 4110 dixit
3081 4075 3096 4110 :
3149 4056 3232 4108 An
3291 4070 3399 4109 non
3464 4054 3678 4122 appetis

2102 4161 2285 4210 viuum
2348 4170 2561 4208 merum
2621 4152 2914 4220 accipere?
2949 4161 3003 4205 et
3039 4149 3154 4211 illo,
3189 4149 3294 4212 Ita,
3357 4147 3537 4207 Pater,
3597 4160 3679 4199 re-

2102 4249 2423 4318 Spondente,
2461 4245 2800 4299 venerandus
2827 4244 3138 4311 Stephanus
3166 4257 3324 4294 suum
3361 4238 3668 4291 haucalium

2102 4354 2252 4392 tneru
2291 4337 2556 4405 implevit,
2602 4335 2838 4400 illudque
2889 4334 3181 4386 bibendum
3215 4329 3471 4398 praefecto
3503 4327 3674 4393 dedit,

2102 4429 2193 4497 qtti
2232 4428 2420 4480 statim
2494 4434 2659 4494 atque
2706 4424 2864 4485 bibit,
2900 4422 3124 4474 mnlttttn
3159 4422 3413 4473 sudorem
3464 4418 3670 4481 emisit,

419 4516 650 4587 σας,τῷ
721 4516 1011 4588 ἡγουμένῳ
1067 4521 1209 4572 πιεῖν
1266 4519 1520 4574 δέδωκεν.
1579 4521 1771 4582 Ὅστις
1829 4518 1991 4584 πιὼν,

2104 4520 2299 4587 illaque
2322 4518 2450 4572 crlsi
2507 4518 2794 4569 sanitatem
2856 4514 3223 4582 recuperavit.
3258 4510 3394 4563 Tum
3451 4520 3678 4565 Sanctus

419 4605 666 4675 παρευθὺ
692 4606 875 4677 ἱδρῶτι
906 4608 1185 4678 πολλοστῴ
1208 4608 1590 4679 κατασχεθεὶς,
1625 4610 1758 4680 πρὸς
1783 4609 1812 4661 ὑ
1829 4609 1996 4676 γίειαν

417 4698 653 4769 κρίσεως
719 4701 1108 4767 μετετρέπετο.
1168 4702 1227 4755 Ὁ
1267 4701 1324 4755 δὲ
1380 4701 1536 4770 ἅγιος
1565 4702 1994 4769 συνταξάμενος,

418 4789 574 4844 εἶπεν
606 4789 799 4858 αὐτῷ’
849 4789 1025 4861 Εύχου
1081 4809 1216 4861 μοι,
1278 4793 1374 4846 καὶ
1440 4792 1633 4861 μνείαν
1689 4793 1847 4845 ποιοῦ
1901 4794 2001 4862 τῆς

418 4886 559 4953 ἐμῆς
604 4884 1047 4953 χθαμαλότητος,
1083 4888 1132 4938 εί
1193 4885 1436 4957 δεήσειέν
1476 4902 1534 4938 σε
1582 4890 1636 4938 ἐν
1682 4884 1757 4954 τῷ
1821 4886 1995 4954 βουνῷ

418 4976 819 5045 προσπελάται.
859 4978 966 5028 Καὶ
995 4976 1168 5041 οὕτως
1210 4977 1420 5031 ἐκεῖθεν
1473 4979 1728 5048 ἀπάρας,
1764 4976 1994 5045 ἔστησεν

416 5068 476 5119 ὲν
506 5066 752 5137 θαλάσσῃ
783 5066 844 5120 τὸ
886 5068 1137 5138 ὅρμημα,
1179 5068 1276 5120 καὶ
1325 5069 1432 5137 τῆς
1466 5071 1592 5139 νηὸς
1647 5070 1868 5132 ἐπιϐάς,
1899 5068 1999 5139 τὴν

421 5154 832 5227 προρρηθεῖσαν
862 5158 958 5228 τῆς
997 5158 1209 5229 ὲξορίας
1234 5159 1396 5228 νῆσον
1424 5159 1727 5212 κατέλαϐεν
1761 5175 1773 5187 '
1812 5160 1907 5213 καὶ
1936 5163 1996 5211 ἐν

419 5250 559 5318 αὐτῇ
592 5248 906 5318 ἐκϐληθεὶς,
962 5252 1054 5303 καί
1111 5250 1197 5303 διὰ
1255 5250 1361 5303 τῶν
1418 5252 1770 5323 ἐρημοτέρων
1824 5253 1998 5322 αὐτῆς

418 5341 602 5391 τίπω)
640 5337 947 5409 παρελθὼν,
992 5336 1156 5409 ἦλθεν
1188 5340 1280 5393 ἐπί
1324 5357 1447 5394 τινα
1494 5342 1660 5394 τόπον
1698 5340 1995 5412 κρημνώδη

495 5514 544 5547 ⁷⁸
584 5513 741 5570 Joan.
780 5532 892 5580 xu,
934 5515 1021 5570 15.

2101 4610 2199 4679 ipsi
2244 4608 2552 4661 valcdiceus
2583 4606 2659 4659 ait
2705 4623 2718 4658 :
2808 4603 2914 4657 Ora
2952 4616 3046 4671 pro
3096 4616 3200 4665 me,
3246 4614 3486 4667 mezeque
3552 4599 3676 4651 vili-

2106 4701 2231 4754 tatis
2256 4700 2575 4753 memoriam
2609 4698 2768 4758 babe,
2805 4694 3076 4763 siquando
3117 4695 3182 4745 ad
3218 4692 3413 4746 collem
3447 4701 3499 4744 te
3528 4706 3683 4743 acce-

2105 4794 2236 4848 dere
2308 4806 2447 4860 opns
2490 4790 2675 4844 fuerit.
2768 4786 2879 4842 Hoc
2922 4799 3078 4855 paeto
3127 4785 3252 4838 inde
3301 4783 3590 4838 discedens
3613 4782 3680 4834 ad

2105 4903 2255 4941 mare
2306 4886 2568 4956 perrexit,
2615 4896 3026 4949 c0nscensaque
3100 4893 3235 4932 nttve
3286 4879 3352 4931 ad
3436 4876 3669 4930 insulam

2102 4993 2268 5045 supra
2303 4983 2681 5037 memoratam,
2723 4988 2832 5042 quo
2876 4972 3027 5026 exsul
3065 4970 3406 5031 mittebatur,
3440 4967 3676 5020 devenit.

2109 5069 2209 5123 Hie
2239 5068 2447 5137 eiectus
2474 5083 2596 5121 cum
2644 5066 2975 5119 desertiores
3023 5074 3206 5131 partes
3255 5068 3591 5128 peragraret,
3630 5058 3681 5109 in

2108 5160 2394 5228 quemdam
2423 5158 2753 5226 praecipitent
2790 5164 2843 5208 et
2877 5152 3277 5207 fortttidaudum
3314 5150 3487 5202 locum
3521 5161 3679 5201 secus

2108 5262 2259 5300 tuare
2314 5246 2575 5309 occurrit,
2636 5244 2816 5313 ibique
2870 5258 2981 5296 orte
3026 5239 3314 5293 maritima:
3364 5236 3682 5305 pt'thipitiis

2124 5340 2514 5417 eminentibus,
2564 5336 2872 5392 solitudinis
2915 5347 3122 5397 amore,
3166 5330 3535 5400 perlustratis,
3567 5336 3684 5381 tat-

1728 5634 1961 5707 vann’s
1999 5650 2397 5707 LEtLTlONES.

498 5808 522 5836 "
553 5805 621 5858 al.
651 5804 945 5874 συναίρειν,
1032 5814 1051 5842 '
1087 5806 1158 5859 al.
1187 5806 1431 5860 κονὶϐειν.

1512 5816 1536 5844 ³
1562 5808 1626 5861 al.
1661 5807 2045 5878 ταπεινότητα.

2123 5815 2147 5855 1
2176 5806 2243 5859 al.
2279 5807 2549 5868 τίνιντος,
2597 5806 2669 5857 :tl.
2706 5802 3002 5863 ταίνυντος.
