4060 6428
566 298 595 315 κ

490 420 626 484 1147

1645 414 2020 478 STEPHANI
2062 410 2338 480 DIACON
2347 411 2372 470 Ι
2410 410 2521 471 CP.

3598 401 3719 470 lii8

489 548 703 604 quanta
738 531 845 585 Deo
889 531 1085 586 ductus
1134 528 1426 599 jucundam
1478 526 1766 580 admndmn
1802 523 1968 595 485
2008 532 2059 577 et

2169 523 2300 590 πρὸς
2344 518 2621 573 θάλασσαν
2670 516 2768 589 καὶ
2805 513 3059 585 φοϐερόν.
3119 512 3230 568 Καὶ
3267 516 3720 584 περινοστησὰμεο

487 621 762 691 egregiam
804 621 1199 674 habitationem
1252 618 1304 671 iu
1331 617 1601 685 spelunca
1633 613 1864 667 formam
1903 627 2062 679 repe-

492 715 582 776 r'at,
617 714 667 763 in
697 711 921 764 australi
979 710 1168 765 insula:
1199 708 1525 779 praecipitio,
1570 705 1798 761 Cissuda
1834 703 2061 765 dictam,

490 804 542 855 itt
573 819 673 871 qua
708 802 877 855 Anna:
911 801 1003 856 Dei
1046 801 1180 856 aviae
1223 805 1514 869 augustum
1549 796 1810 866 templum
1853 794 2062 847 editum

488 904 626 947 erat.
676 891 831 947 Tunc
882 896 1070 947 beatus
1119 892 1313 960 gaudio
1368 887 1647 960 perfusus,
1696 887 1852 956 quasi
1917 885 2062 938 hunc

490 984 670 1038 locum
705 984 847 1039 Dens
877 985 977 1054 ipsi
1001 988 1376 1053 praeparasset,
1407 982 1458 1035 in
1490 997 1558 1036 eo
1584 981 1813 1046 mansit,
1865 979 2062 1033 herbas

488 1092 609 1146 quae
633 1079 1016 1141 occurrebant,
1058 1077 1110 1131 in
1136 1077 1318 1131 cibum
1343 1075 1657 1144 adhibens.

568 1399 822 1469 Discipuli
865 1407 1046 1455 autem
1089 1399 1263 1455 sancti
1289 1398 1420 1465 viri,
1445 1398 1541 1468 qui
1566 1411 1598 1454 ο
1636 1406 1821 1454 monte
1849 1398 2060 1466 expulsi

493 1495 731 1558 hiet-ant,
789 1493 973 1547 audito
1010 1492 1091 1547 sui
1137 1491 1380 1562 magistri
1419 1490 1635 1555 exsilio,
1693 1490 2059 1547 Proconesum

492 1598 596 1637 una
639 1583 932 1652 petierunt,
964 1590 1021 1637 et
1067 1582 1134 1637 ad
1187 1584 1436 1637 sanctum
1480 1582 1636 1651 quasi
1667 1596 1795 1635 oves
1826 1581 2062 1650 pastoris

490 1676 651 1730 sibilo
695 1683 1033 1744 congregatas
1084 1681 1463 1728 accurrerunt.
1508 1672 1622 1727 Duo
1676 1673 1939 1727 duntaxat
1997 1688 2062 1727 ex

492 1782 650 1821 sacro
690 1766 780 1819 illo
817 1776 1084 1820 conventu
1139 1765 1341 1835 captivi
1395 1763 1558 1827 fat-ti,
1605 1765 1925 1819 saecularem
1970 1764 2067 1817 ha-

2172 628 2258 673 νος
2286 619 2309 646 ι
2338 610 2465 672 τοὺς
2481 608 2911 678 ὑπερκειμένους
2937 607 3219 676 κρημνοὺς
3234 604 3331 675 τῆς
3356 605 3620 675 παραλίας
3640 605 3723 661 διὰ

2170 698 2233 753 τὸ
2285 699 2600 770 φιλήσυχον,
2646 697 2722 762 ὡς
2787 697 2892 750 ὑπὸ
2953 695 3092 749 Θεοῦ
3154 692 3534 764 ὁδηγούμενος,
3576 692 3723 769 εῦρεν

2175 789 2488 860 σπηλοειδὲς
2520 790 2729 859 οἴκημα
2770 787 3004 859 τερπνδν
3034 786 3177 841 πάνυ
3220 802 3281 839 τε
3313 787 3405 839 καὶ
3437 786 3724 856 θαυμάσιον

2172 881 2231 930 ὲν
2290 878 2369 948 τῷ
2416 877 2637 946 νοτιαίῳ
2679 877 2780 946 τῆς
2816 878 2981 946 νήσου
3028 873 3304 945 κρημνῷ,
3356 875 3727 947 ἐπιλεγόμενον

2173 969 2466 1031 Κισσοῦδα,
2501 971 2559 1021 ὲν
2584 962 2628 1037 ᾧ
2655 971 2748 1022 καὶ
2778 968 3032 1038 ἀνίδρυτο
3075 968 3175 1038 τῆς
3224 967 3319 1020 τοῦ
3351 967 3487 1020 Θεοῦ
3523 973 3730 1041 προμή-

2171 1075 2331 1128 τορος
2386 1060 2585 1129 Ἀννης
2628 1058 3039 1127 πανσεϐἀσμιος
3095 1060 3223 1122 ναός
3256 1076 3270 1091 ⁶
3331 1064 3629 1132 περιχαρὴς
3675 1066 3727 1118 δὲ

2171 1147 2463 1216 γενόμενος
2494 1150 2523 1202 ό
2564 1149 2855 1217 μακάριος.
2892 1149 2968 1212 ὡς
3013 1148 3118 1201 ὑπὸ
3152 1148 3288 1202 Θεοῦ
3324 1151 3729 1220 έτοιμασθὲντος

2173 1238 2322 1307 αὐτῴ
2362 1238 2454 1291 τοῦ
2515 1241 2701 1299 τόπον,
2752 1240 3072 1311 κατῴκησεν
3130 1245 3210 1305 είς
3263 1245 3446 1309 αὑτὸν,
3516 1248 3578 1300 ἐκ
3629 1248 3730 1300 τῶν

2174 1326 2682 1396 παρεμπιπτουσῶν
2698 1327 2953 1397 ,βοτανῶν
2989 1332 3349 1402 τρεφόμενος.

2244 1417 2308 1470 Ol
2336 1418 2393 1471 δὲ
2433 1418 2526 1471 τοῦ
2568 1420 2724 1487 ἁγίου
2758 1421 3002 1491 μαθηταὶ
3029 1422 3081 1474 οί
3102 1426 3166 1475 ὲκ
3189 1423 3283 1476 τοῦ
3304 1423 3468 1494 ὅρους
3495 1427 3733 1497 Bito/.033:-

2170 1524 2284 1573 τες,
2319 1508 2416 1579 τὴν
2443 1508 2536 1562 τοῦ
2562 1509 2875 1579 καθηγητοῦ
2895 1512 3111 1582 ὲξορίαν
3143 1514 3579 1580 ἀκουτισθέντες,
3603 1517 3733 1586 ὁμα-

2171 1600 2261 1652 δὸν
2298 1599 2397 1671 τὴν
2426 1601 2773 1671 Προκόνησον
2806 1604 3131 1666 κατέλαϐον,
3173 1606 3268 1659 καὶ
3301 1607 3436 1674 προς
3466 1608 3554 1660 τδν
3577 1608 3724 1675 ἅγιον

2173 1691 2361 1762 ᾔεσαν,
2387 1691 2462 1755 ὡς
2492 1692 2743 1763 πρόϐατα
2784 1693 2860 1762 τῷ
2897 1695 3154 1765 συριγμῷ
3198 1696 3294 1749 τοῦ
3331 1699 3587 1767 ποιμένος
3619 1702 3735 1752 ἐπι-

2181 1784 2528 1854 σωρευθέντα
2562 1784 2695 1838 ’δύο
2751 1786 2933 1855 μόνων
2991 1786 3584 1856 ὲξανδραποδισθέντων
3645 1790 3735 1858 τῆς

489 1857 660 1914 bitum
688 1867 1113 1927 resumpserant,
1143 1872 1335 1926 nempe
1367 1857 1612 1925 Sergius,
1645 1856 1713 1911 de
1740 1872 1848 1926 quo
1870 1871 2056 1926 supra,

2171 1874 2323 1943 ἱερᾶς
2353 1875 2569 1945 ἐκείνης
2604 1875 2874 1940 συνοδίας,
2912 1878 3005 1929 καὶ
3042 1879 3305 1945 κοσμικὸν
3332 1877 3520 1947 σχῆμα
3544 1856 3732 1932 ἀναλα-

488 1953 581 2022 qui
619 1950 826 2006 scilicet
866 1952 1327 2007 contumeliosam
1363 1949 1509 2003 illam
1544 1949 1834 2017 epistolam
1865 1950 2064 2003 adver-

488 2058 583 2096 sus
635 2053 880 2097 sanctum
942 2042 1239 2109 scripserat
1267 2050 1324 2095 et
1372 2039 1439 2094 ad
1480 2040 1864 2108 imperatorem
1920 2041 2063 2116 apud

486 2147 663 2188 castra
707 2136 963 2201 miserat;
1003 2144 1059 2189 et
1088 2134 1400 2204 Stephanus
1432 2134 1612 2188 anima
1640 2132 2060 2188 calamitosissi-

486 2240 629 2289 mus,
656 2227 745 2295 qui
783 2225 1032 2281 minister
1061 2241 1158 2280 seu
1197 2228 1456 2282 sacerdos
1479 2225 1686 2280 Callisti
1711 2225 1912 2295 saepius
1944 2238 2057 2279 me-

486 2315 680 2369 tnOrati
717 2313 912 2378 factus,
961 2326 1216 2369 sanctum
1263 2314 1509 2369 habitum
1535 2330 1565 2369 a
1605 2326 1797 2371 sancto
1836 2328 2064 2384 accepe-

487 2418 592 2470 rat,
630 2416 684 2460 et
719 2406 1038 2461 monasterii
1083 2407 1285 2462 montis
1335 2407 1636 2463 monachus
1669 2417 1726 2462 et
1776 2407 2066 2478 presbyter

484 2499 810 2553 constitutus
851 2498 1050 2553 fuerat.
1088 2500 1199 2554 Iste
1228 2512 1358 2568 ergo
1386 2499 1555 2554 miser
1584 2499 1900 2570 Stephanus
1949 2515 2057 2553 una

481 2604 609 2644 cum
636 2589 830 2659 Sergio
863 2591 1149 2657 abductus,
1186 2605 1246 2645 se
1274 2606 1303 2644 a
1357 2589 1469 2644 Deo
1497 2601 1551 2644 et
1582 2605 1611 2644 a
1635 2600 1827 2647 sancto
1868 2591 2060 2647 habitu

481 2677 778 2747 separavit,
831 2678 923 2747 qui
961 2693 1082 2732 cum
1128 2676 1197 2732 ab
1243 2678 1571 2747 imperatore
1621 2678 1873 2733 saeculari
1909 2685 2062 2734 veste

483 2769 706 2824 indutus
762 2769 979 2833 fuisset,
1036 2784 1289 2824 reversus
1334 2780 1392 2821 ut
1456 2770 1611 2823 canis
1664 2768 1730 2823 ad
1778 2770 2058 2840 proprium

481 2860 768 2921 vomitum,
823 2859 963 2912 dixit
997 2877 1011 2913 :
1074 2856 1278 2923 Hodie,
1305 2857 1475 2931 “6
1532 2860 1771 2922 domine,
1819 2874 1916 2928 per
1950 2868 2001 2914 te
2029 2873 2060 2913 e

484 2949 699 3003 Satanae
774 2948 1024 3003 faucibus
1081 2956 1344 3015 ereptus,
1397 2949 1598 3002 lumine
1650 2950 1870 3003 indutus
1912 2964 2054 3005 sum.

480 3038 597 3107 Qua
634 3038 929 3092 miserabili
961 3052 1095 3093 voce
1138 3038 1445 3092 oblectatus
1488 3049 1776 3107 tyrannus,
1801 3055 1948 3104 cum,
1986 3041 2058 3095 ub

480 3148 631 3186 suam
661 3133 948 3203 ingluviem
982 3143 1037 3187 et
1067 3132 1157 3187 Dei
1191 3142 1354 3202 atque
1395 3134 1613 3188 habitus
1660 3136 2059 3205 transgressio-

2177 1964 2401 2027 ϐόντων,
2441 1966 2670 2043 Σεργῖίου
2701 1966 2799 2019 τοῦ
2844 1968 3281 2038 προγραφέντος,
3335 1969 3484 2032 ὅστις
3529 1972 3617 2021 καὶ
3651 1971 3734 2021 τον

2175 2056 2552 2127 πολυλοίδορον
2574 2060 2784 2111 ἐκεῖνον
2808 2059 3017 2129 χάρτην
3036 2063 3184 2113 κατὰ
3205 2059 3298 2113 τοῦ
3327 2061 3488 2129 ἁγίου
3511 2063 3731 2129 γράψας,

2172 2147 2251 2217 τῷ
2276 2147 2487 2217 βασιλεῖ
2515 2151 2570 2201 ὲν
2615 2148 2694 2218 τῷ
2748 2150 3046 2218 φουσσάτῳ
3087 2150 3411 2203 ἀπέστειλεν
3437 2167 3451 2181 ⁸
3496 2153 3586 2204 καὶ
3618 2152 3734 2203 Στε-

2174 2239 2342 2308 φάνου
2370 2237 2463 2291 τοῦ
2499 2240 2640 2293 κατὰ
2669 2240 2846 2310 ψυχὴν
2894 2241 3262 2305 πολυωδύνου,
3310 2244 3460 2306 ὅστις
3498 2243 3733 2312 λειτουρ-

2171 2331 2269 2401 γὸς
2317 2330 2560 2400 γεγονὼς
2616 2332 2715 2386 τοῦ
2765 2333 3028 2397 πολλάκις
3074 2336 3547 2405 μνημονευοέντος
3593 2335 3732 2389 Καλ-

2171 2424 2375 2487 λίστου,
2406 2426 2470 2478 ἐκ
2504 2425 2598 2479 τοῦ
2644 2426 2801 2493 ἁγίου
2857 2443 2917 2479 τε
2948 2427 3008 2479 τὺ
3039 2428 3196 2494 ἆγιον
3244 2430 3435 2499 σχῆμα
3484 2428 3732 2492 ὲνδυθεὶς,

2174 2515 2409 2587 μοναχδς
2436 2518 2531 2569 καὶ
2568 2519 2942 2590 πρεσϐύτερος
2963 2520 3065 2589 τῆς
3098 2522 3266 2591 μονῆς
3294 2523 3389 2576 τοῦ
3429 2525 3587 2593 ὅρους
3614 2526 3733 2579 καθ-

2173 2607 2375 2661 ίστατο.
2429 2602 2601 2673 Οῦτος
2637 2609 2731 2663 οῦν
2781 2613 2810 2663 ὁ
2849 2610 3034 2674 ἄθλιος
3068 2612 3342 2681 Στέφανος
3377 2617 3735 2687 συναπαχθεὶς

2167 2698 2362 2769 ἐκείνῳ
2388 2697 2465 2769 τῷ
2495 2701 2727 2771 Σεργίῳ,
2760 2701 2854 2755 τοῦ
2877 2702 3011 2757 Θεοῦ
3044 2705 3140 2758 καὶ
3173 2705 3268 2759 τοῦ
3304 2709 3586 2777 σχήματος
3616 2712 3734 2775 ζέαν,-

2166 2788 2258 2842 τὸν
2286 2789 2751 2861 ὰπεσκορὰκισεν,
2797 2796 2892 2846 καὶ
2925 2795 3076 2862 παρὰ
3104 2796 3200 2849 τοῦ
3239 2796 3557 2867 βασιλέωςι
3592 2804 3734 2852 ἐπεν-

2165 2879 2347 2944 δυθεὶς
2381 2880 2479 2951 τὴν
2534 2883 2807 2953 κοσμικὴν
2839 2884 3042 2954 ἐσθῆτα
3062 2924 3078 2950 ,
3134 2887 3475 2957 ἐπιστρέψας
3501 2888 3572 2949 ὡς
3601 2890 3735 2942 κύων

2166 2970 2261 3023 ἐπὶ
2302 2972 2395 3025 τὸν
2439 2967 2568 3024 ίδιδν
2621 2972 2838 3043 ἔμετον,
2895 2969 3085 3028 εἶπεν·
3143 2976 3431 3047 Σήμερον,
3493 2979 3732 3043 δέσποτα,

2163 3063 2258 3114 τοῦ
2287 3063 2580 3117 σατανικοῦ
2627 3067 2911 3134 φάρυγγος
2948 3067 3038 3121 διὰ
3067 3067 3162 3120 σοῦ
3218 3070 3633 3140 ἀφαρπαχθεὶς,
3679 3073 3733 3125 τὸ

2165 3151 2278 3220 φῶς
2350 3153 2658 3224 ἐνδέδυμαι.
2720 3157 2946 3210 Ὄντινα
3011 3159 3039 3211 ό
3095 3159 3361 3229 τύραννος
3420 3165 3484 3234 τῇ
3534 3164 3733 3233 ὲλεεινῇ

481 3242 626 3290 nem,
667 3226 876 3294 palatii,
913 3226 1001 3280 ubi
1052 3240 1180 3279 suas
1225 3227 1467 3294 impuras
1495 3241 1722 3295 pompas
1769 3229 2052 3283 celebrare

2169 3242 2330 3314 ταύτῃ
2356 3247 2506 3314 φωνῇ
2544 3245 2787 3315 θελχθεὶς
2809 3226 3251 3320 προσλαϐόμενος
3286 3251 3374 3305 διὰ
3411 3226 3731 3324 τδθειιμαρζ

479 3314 714 3375 solebat,
766 3313 1018 3382 quodque
1072 3313 1405 3381 SOphianum
1464 3328 1681 3379 vocant,
1744 3316 2053 3370 ministtum

480 3405 593 3457 sive
624 3404 964 3458 sacerdotem
996 3405 1301 3467 constituit,
1331 3406 1614 3474 ipsumque
1649 3407 1829 3475 gtudii
1863 3423 2057 3474 papam

483 3495 907 3564 cognominavit.
946 3495 1043 3550 llis
1077 3511 1208 3566 ergo
1234 3498 1441 3551 duolms
1481 3497 1613 3551 solis
1646 3494 2052 3558 delidcntibus.

489 3597 542 3638 nt
572 3587 701 3640 olim
746 3584 913 3641 Judas
961 3586 1102 3641 inter
1141 3588 1419 3656 apostolos
1461 3586 1758 3653 defecerat,
1795 3599 1850 3645 et
1915 3590 2058 3645 inter

481 3677 838 3747 quadraginta
880 3688 1148 3748 martyres
1196 3679 1285 3733 ille
1328 3679 1421 3749 qui
1474 3681 1542 3734 ab
1571 3681 1651 3735 eis
1697 3691 1758 3734 ut
1786 3685 2051 3752 reprobus

484 3768 791 3835 diremptus
822 3775 943 3833 est,
999 3769 1179 3823 caeteri
1201 3770 1440 3825 universi
1479 3771 1679 3827 fratres
1720 3772 1918 3827 iterum
1951 3776 2052 3832 Sub

2162 3335 2317 3401 γικδν
2358 3335 2522 3388 αὑτοῦ
2584 3337 2678 3390 καὶ
2718 3337 2815 3408 τὴν
2849 3338 2944 3391 τοῦ
2978 3339 3115 3393 Θεοῦ
3167 3342 3261 3393 καὶ⁵
3307 3342 3408 3396 τοῦ
3462 3347 3732 3415 σχήματος

2162 3423 2495 3492 παράϐασιν,
2549 3427 2608 3477 ὲν
2671 3424 2750 3496 τῷ
2808 3427 2959 3497 αὑτῷ
3013 3429 3285 3501 παλατίῳ,
3328 3431 3460 3486 ἔνθα
3509 3435 3734 3497 καὶτὰς

2163 3516 2412 3584 μυσαρὰς
2444 3516 2609 3568 αὑτοῦ
2660 3519 2997 3587 προπομπὰς
3045 3522 3304 3581 ἐποιεῖτο.
3356 3524 3439 3594 τῷ
3483 3526 3726 3593 ἐπιλεγο-

2162 3604 2309 3675 μένῳ
2342 3605 2634 3676 Σοφιαναῖς
2659 3608 2794 3681 (at).
2832 3609 3148 3682 λειτουργὸν
3174 3613 3335 3665 αὑτὸν
3368 3617 3726 3685 κατέστησεν,

2160 3695 2383 3764 καὶτῆς
2410 3697 2586 3765 χαρᾶς
2638 3700 2835 3752 Παπᾶν
2875 3699 3062 3754 τοῦτον
3106 3700 3490 3772 ἐπωνόμασεν.
3525 3703 3733 3757 Τούτων

2164 3786 2341 3855 μόνων
2392 3787 2499 3839 τῶν
2537 3787 2632 3840 δύο
2688 3790 3125 3859 ἀπολειψάντων,
3171 3792 3246 3856 ὥς
3297 3811 3433 3847 ποτε
3479 3796 3576 3864 τῆς
3626 3794 3727 3848 τῶν

481 3859 601 3927 ipso
642 3869 863 3927 pastore
939 3862 1337 3917 monasterium
1390 3865 1441 3916 in
1477 3862 1784 3921 Proconeso
1827 3883 2056 3939 compo-

2169 3877 2479 3933 ἀποστόλων
2510 3879 2811 3944 δωδεκάδος
2853 3884 3078 3948 Ἰούδας,
3106 3884 3201 3938 καὶ
3228 3885 3325 3954 τῆς
3354 3859 3730 3956 τεσσαρακον-

480 3966 664 4006 suere.
693 3950 814 4022 Ipsa
865 3948 1083 4023 quoque
1118 3956 1289 4010 sancti
1332 3966 1508 4011 mater
1561 3973 1683 4012 cum
1719 3960 1840 4030 ejus
1869 3977 2059 4017 sorore

2169 3965 2314 4030 κάδος
2360 3967 2470 4020 τῶν
2528 3971 2824 4041 μαρτύρων
2866 3975 2894 4025 ὁ
2946 3973 3220 4037 διαλυθεὶς
3278 3948 3354 4038 iis;
3414 3948 3722 4038 ἐκπτωτος·

483 4044 816 4099 monasterio
858 4044 1354 4101 'l‘richinarzeormn
1388 4049 1602 4116 relicto,
1640 4052 1873 4118 insulam
1900 4054 2053 4119 adiit,

2169 4055 2399 4122 Επαντες
2428 4060 2477 4112 οἱ
2505 4060 2654 4115 ἄλλοι
2676 4063 2898 4133 ἀδελφοὶ
2928 4065 3090 4119 πάλιν
3126 4065 3218 4117 ὑπ’
3242 4066 3413 4120 αὑτοῦ
3451 4067 3725 4138 ποιμαινό-

480 4145 535 4191 et
555 4134 618 4189 ad
638 4147 888 4191 sanctum
914 4139 1082 4192 venit.
1099 4137 1334 4193 Sanctus
1353 4155 1517 4208 porro
1531 4141 1780 4210 exiguam
1805 4156 2053 4211 caveam,

2169 4167 2312 4221 μενοι
2374 4157 2741 4229 μοναστήριον
2787 4158 2844 4210 ὲν
2902 4160 3237 4229 Προκονήσῳ
3298 4134 3714 4230 συνεστήσαντο.

479 4245 599 4296 quae
632 4232 698 4285 ad
751 4231 888 4285 hanc
930 4231 1071 4285 diem
1134 4241 1512 4299 constervatur,
1558 4234 1613 4288 in
1642 4236 1914 4293 columna:
1945 4237 2058 4293 for-

2170 4243 2311 4296 Ἀλλ’
2345 4239 2439 4299 οῦν
2468 4247 2616 4318 καὶὴ
2664 4249 2848 4319 μήτηρ
2881 4250 2977 4302 τοῦ
3021 4249 3204 4317 ἁγίου,
3238 4250 3333 4303 τοῦ
3362 4251 3721 4322 μοναστηρίου

479 4337 620 4374 lnam
646 4322 938 4386 exstruxit,
964 4322 1014 4376 in
1049 4338 1215 4392 quam
1243 4338 1301 4378 se
1328 4326 1532 4393 recepit
1561 4342 1672 4381 suae
1692 4330 1876 4383 astatis
1911 4344 2057 4386 anno

2169 4335 2558 4406 Γριχιναραίων
2582 4338 2608 4377 δ
2634 4340 2898 4410 ἀπάρασα
2923 4341 3039 4411 ἅμα
3077 4344 3143 4411 τῇ
3176 4342 3342 4396 αὐτοῦ
3372 4343 3601 4412 ἀδελφῇ,
3632 4340 3720 4410 τὴν

477 4412 899 4485 quadragesimo
929 4429 1094 4479 nono,
1125 4417 1176 4469 itt
1205 4430 1379 4485 eaque
1408 4419 1703 4488 pristinqu
1742 4430 1908 4477 arctze
1934 4421 2057 4477 vita:

2169 4426 2321 4496 νῆσον
2352 4426 2671 4494 κατέλαϐον,
2700 4430 2796 4483 καὶ
2822 4430 2963 4500 πρὸς
2988 4430 3088 4484 ,τὸν
3122 4433 3281 4499 ἆγιον
3305 4435 3625 4504 ὲφοίτησαν.
3668 4434 3721 4482 ὐ

477 4520 648 4573 genus
683 4516 932 4559 sectatus
962 4516 1064 4560 881..

2169 4517 2214 4571 se
2252 4516 2410 4588 ἅγιος
2434 4519 2737 4585 στυλοειδὲς
2769 4522 2969 4591 μικρὸν
2987 4521 3343 4591 ἐγκλειστρον
3371 4527 3431 4576 ὲν
3471 4523 3549 4593 τῷ
3587 4523 3725 4589 τόπῳ

475 4597 925 4666 ἀνοικοδομήσας,
961 4598 1022 4651 τὸ
1044 4598 1314 4669 μέχριτοῦ
1343 4598 1438 4652 νῦν
1473 4600 1803 4672 σωζόμενον,
1835 4606 2008 4677 εἰσῄει
2046 4615 2127 4672 εις
2158 4609 2290 4664 αὐτὸ
2304 4610 2383 4681 τῷ
2418 4613 2862 4682 τεσσαρακοστῷ.
2881 4615 3084 4685 ὲννάτῳ
3102 4615 3282 4686 χρόνῳ
3304 4598 3401 4685 τῆς
3425 4616 3594 4669 αὐτοῦ
3620 4615 3725 4684 ἡλι-

476 4691 620 4756 κίας,
645 4693 742 4761 τῆς
774 4694 1042 4763 προτέρας
1077 4694 1506 4765 σκληραγωγίας
1537 4697 1795 4768 ἐχόμενος
1815 4701 1914 4771 τὴν
1935 4702 2166 4758 δίαιταν.

457 4850 471 4883 ο
549 4785 767 4849 νυγυιιι,
801 4786 915 4855 jam
947 4796 1159 4856 tempus
1209 4797 1291 4843 est
1322 4791 1607 4855 orationis,
1657 4799 1922 4862 quantutn
1986 4799 2040 4850 in

2218 4800 2423 4872 Καιρὸς
2454 4800 2511 4854 δέ
2540 4819 2629 4871 μοι
2661 4802 2840 4856 τοίνυν
2873 4803 3026 4857 ἐστὶν
3053 4775 3148 4856 οιαὶ
3195 4805 3324 4874 περὶ
3356 4803 3450 4856 τὸν
3497 4802 3724 4873 λειμῶνα

476 4892 562 4929 me
597 4887 698 4939 est,
734 4876 1099 4946 expandenda:
1125 4884 1268 4934 circa
1297 4879 1687 4937 miraculorum
1709 4883 1875 4956 487
1915 4904 2043 4958 pra-

2169 4889 2263 4943 τῶν
2298 4893 2356 4944 ὲν
2387 4895 2452 4963 τῇ
2477 4894 2626 4964 νήσῳ
2648 4892 2946 4964 θαυμάτων
2972 4894 3298 4964 ὲφαπλῶσαι
3329 4895 3421 4947 τὸν
3445 4895 3604 4962 λόγον
3638 4892 3722 4945 τοῦ

476 4978 755 5036 tum,qu:e
804 4968 855 5019 iu
897 4967 1075 5023 insula
1124 4972 1397 5038 patravit,
1435 4980 1492 5024 ut
1547 4987 1653 5025 una
1693 4990 1815 5028 cum
1874 4978 1964 5031 Dei
1991 4990 2047 5031 et

2169 4983 2510 5055 ῑιηγήματος,
2544 4987 2665 5039 καθ’
2720 4987 2844 5041 ὅσον
2883 4988 3007 5057 ἐμοί
3060 4989 3205 5040 ἐστιν
3247 4988 3472 5056 ἐφικτόν
3500 5004 3513 5017 ⁸
3578 4989 3641 5038 ἵν’
3672 4988 3722 5036 ἐν

473 5061 735 5115 ἲ‹·›ιοι·ιιςη
813 5061 1152 5116 amatoribus
1203 5074 1405 5117 cretum
1486 5063 1810 5123 celebrando
1853 5069 1920 5124 de
1983 5086 2049 5124 eo

2169 5077 2327 5149 τούτῳ
2355 5082 2470 5143 τοῖς
2526 5079 2795 5149 φιλοθέοις
2830 5068 2923 5134 irai.
2962 5081 3265 5149 φιλεόρτοις
3304 5076 3719 5149 συμπανηγυρί-

473 5155 718 5208 dicamus
749 5171 762 5207 :
791 5153 930 5208 Vere
968 5155 1224 5209 mirabilis
1248 5166 1331 5212 est
1355 5157 1494 5213 Deus
1529 5161 1581 5212 in
1614 5164 1812 5216 sanctis
1837 5165 1950 5218 suis
1975 5165 2043 5230 ⁷⁷,

2169 5187 2349 5234 σαντες
2386 5170 2634 5243 εἴπωμεν
2657 5190 2669 5201 ·
2702 5174 2910 5237 Ὄντως
2934 5174 3280 5241 θαυμαστὸς
3298 5172 3368 5224 ἐν
3392 5171 3517 5237 τοῖς
3537 5172 3717 5240 ἁγίοις

544 5247 587 5275 ⁷⁷
628 5245 769 5301 Psal.
804 5263 971 5314 van,
1014 5248 1104 5303 '56.

1773 5350 2005 5407 VABIE
2042 5353 2331 5410 LECTION
2342 5355 2424 5410 ES
2455 5394 2470 5410 .

548 5431 668 5524 iul.
691 5433 982 5524 x‘pqylwcfaftz
1018 5437 1454 5524 ﬁpkﬁéhsmv
1485 5445 1580 5497 καὶ
1602 5445 1841 5517 φοϐερὰν
1866 5445 2089 5501 διελθὼν
2122 5447 2258 5511 ὁδὸν,
2292 5449 2387 5499 καὶ
2410 5451 2970 5521 περινοστησόιμενος,
3001 5462 3107 5506 etc.
3188 5465 3214 5494 ι
3240 5454 3315 5510 al.
3346 5451 3484 5524 πρὸς
3512 5450 3601 5505 τὸν
3637 5448 3722 5520 βα-

480 5503 650 5555 σιλέα.
727 5503 754 5542 b
785 5504 855 5557 al.
891 5503 1283 5576 Τριγιναρέων.

2030 5612 2254 5669 NOTAE.

694 5696 1033 5781 ἔξοριαναξς.
1059 5699 1142 5750 Al.
1163 5715 1262 5781 ms.
1293 5702 1554 5781 Σοφίανὲς
1572 5703 1751 5758 habet.
1772 5702 2040 5781 Palatiuu‘t
2150 5726 2260 5763 sum
2292 5710 2483 5781 uxoris
2511 5709 2730 5781 Sophim
2762 5711 3072 5781 appellavit.
3107 5710 3241 5765 Vide
3281 5710 3720 5781 clarissittttttqel

638 5777 665 5811 a
709 5762 912 5850 Ιυιξιιιιιε
959 5768 1280 5850 lluropalate
1341 5762 1674 5850 imperatore
1703 5776 1788 5850 _ud
1846 5772 2042 5850 Iuliani
2151 5762 2995 5850 eruditum"virtitnmCaitiium
3038 5762 3463 5847 vCaitstautinop.
3530 5777 3716 5831 Christ.

487 5838 871 5895 portumextra
894 5836 1080 5887 urbem
1103 5838 1397 5905 conditum,
1418 5844 1557 5908 quod
1588 5843 1802 5909 quidem
1834 5846 2048 5897 nomine
2156 5849 2250 5901 lib.
2283 5865 2357 5913 μ’,
2395 5867 2448 5901 n.
2486 5849 2571 5903 l3.
