4060 6440
392 450 527 530 tit)

1427 472 1602 533 VITA
1635 473 1695 539 S,
1737 474 2113 541 STEPHANI
2168 479 2547 541 JUNIORIS.

2052 346 2108 359 _'

3501 482 3640 546 1150

385 573 576 629 αὑτοῦ
632 574 875 645 ὑπάρχει»
925 577 958 629 ό
1006 575 1171 643 Θεές.
1226 576 1334 630 Καὶ
1386 578 1579 648 μηδεὶς
1634 581 1954 645 ἀπιστείτω,

2065 582 2233 638 Nemo
2271 602 2454 655 porro,
2490 586 2709 650 fratres,
2770 585 2928 640 {idem
2965 586 3054 641 hic
3100 589 3363 645 adhibere
3393 592 3628 656 dubitet,

387 667 630 735 ἀδελφοὶ,
659 666 895 736 μάλιστα
912 666 1004 719 τοῦ
1029 667 1234 737 Κυρίου
1258 667 1510 737 λέγοντος
1527 685 1542 699 ο
1572 670 1635 723 '0
1652 673 1959 724 πιστεύων

383 761 474 825 είς
497 758 623 827 ἐμὲ,
652 756 727 811 τὰ
761 757 907 828 ἔργα
935 758 976 813 ἆ
1009 758 1124 830 ἐγὼ
1166 758 1337 828 ποιῶ,
1373 761 1655 829 κάκεῖνος
1684 763 1952 830 ποιήσει,

385 850 482 905 καί
520 850 765 915 ,μείζονα
816 853 1041 906 τούτων
1076 852 1337 921 ποιήσει,
1367 853 1428 906 οὐ
1477 857 1544 925 τῇ
1590 854 1698 925 ἰδίᾳ
1726 855 1959 926 δυνάμει

388 943 483 1010 τὴν
534 940 858 1009 εὐεργεσίαν
911 940 1197 1012 πηγάξων,
1225 943 1386 997 em
1418 943 1493 1013 τῷ
1531 945 1651 1015 ἐμῷ
1703 946 1955 1015 ὀνόματι,

384 1030 483 1084 καὶ
511 1032 577 1101 τῇ
610 1031 801 1101 κλήσει
842 1033 907 1101 τῇ
935 1032 1064 1102 ἐμῇ.
1110 1030 1252 1100 Ἐγὼ
1280 1034 1388 1104 γάρ
1447 1037 1562 1103 ειμι
1611 1037 1640 1088 6
1675 1034 1746 1087 τά
1772 1036 1953 1089 πάντα

382 1120 442 1181 ἐν
475 1120 643 1174 πᾶσιν
681 1121 923 1190 ἐνεργῶν
960 1125 1027 1193 τῇ
1073 1125 1384 1196 Δεσποτικῇ
1444 1141 1545 1195 μου
1586 1125 1825 1197 ἐξουσίᾳ.
1865 1127 1957 1179 Ἐν

380 1208 556 1276 τούτῳ
582 1205 677 1263 οὖν
709 1211 738 1264 6
762 1210 936 1279 μέγας
961 1211 1153 1284 Πατήρ
1177 1213 1334 1283 ήμῶν
1357 1214 1650 1281 Στέφανος,
1679 1218 1708 1268 6
1736 1215 1959 1287 άληθῶς

380 1299 477 1352 τοῦ
506 1298 643 1354 Θεοῦ
677 1300 988 1373 ἄνθρωπος,
1024 1304 1052 1356 6
1079 1303 1260 1374 τίμιος
1282 1306 1348 1375 τῇ
1370 1305 1516 1377 ψυχῇ
1540 1305 1635 1358 καὶ
1665 1305 1745 1377 τῷ
1778 1305 1960 1377 σώμα-

269 1420 274 1424 -
380 1413 457 1461 τι,
491 1397 520 1449 6
559 1395 651 1449 τὸν
699 1396 986 1468 ἀκτήμονα
1022 1395 1137 1467 βίον
1179 1398 1445 1469 ποθήσας,
1474 1399 1576 1453 καὶ
1622 1384 1797 1470 μόνην
1856 1400 1955 1472 τὴν

381 1486 479 1540 τοῦ
507 1486 746 1558 Χριστοῦ
772 1487 956 1541 εἰκόνα
987 1488 1083 1541 καὶ
1105 1490 1206 1560 τῆς
1229 1489 1438 1559 μητρὸς
1469 1489 1635 1543 αὑτοῦ
1672 1492 1755 1554 εἰς
1782 1491 1957 1560 φυλα-

381 1577 609 1648 κτήριον
639 1576 951 1648 κατασχὼν,
988 1579 1017 1630 6
1063 1579 1146 1643 είς
1173 1579 1309 1632 Θεὸν
1353 1582 1691 1651 πλουτήσας,
1729 1582 1958 1652 καὶτῆς

383 1665 714 1730 πολυτελοῦς
777 1666 1140 1734 καταξιωθεὶς
1202 1667 1423 1738 χάριτος
1456 1709 1472 1736 ,
1542 1663 1699 1734 οὗτος
1760 1670 1946 1725 λαϐὼν

379 1753 629 1825 παρευθὺ
647 1754 900 1822 ἐξουσίαν
917 1759 1107 1810 πατεῖν
1126 1758 1313 1811 ἐπάνω
1341 1758 1521 1828 ὄφεων
1537 1762 1633 1813 καὶ¹
1652 1762 1952 1834 σκορπίων,

380 1845 475 1898 καὶ
508 1845 602 1899 ἐπὶ
640 1847 823 1900 πᾶσαν
847 1847 947 1918 τὴν
988 1847 1222 1918 δύναμιν
1265 1848 1360 1902 τοῦ
1426 1850 1671 1921 πονηροῦ
1721 1850 1943 1922 ἐχθροῦ,

2063 676 2294 730 maxime
2343 692 2466 730 cum
2516 677 2774 732 Dominus
2824 677 3013 732 dicat:
3069 678 3172 743 Qui
3226 680 3395 734 credit
3435 699 3493 735 ιιι
3525 700 3624 746 me,

2058 781 2213 834 opera
2240 783 2357 837 quis
2389 783 2483 837 ego
2509 767 2672 837 facio,
2701 777 2750 823 et
2782 770 2890 837 ipse
2924 769 3110 837 faciet,
3132 781 3181 822 et
3209 772 3421 840 majora
3447 775 3659 828 Itorum‘

2059 853 2215 922 faciet
2241 854 2309 916 ⁷⁸,
2334 870 2439 907 non
2469 858 2685 923 propria
2720 857 2922 912 virtute
2966 858 3299 927 beneficium
3325 876 3393 915 ex
3426 876 3485 916 se
3510 873 3635 915 tan-

2060 959 2220 1013 quam
2255 959 2322 998 ex
2366 944 2510 999 fonte
2534 945 2839 1012 eﬂ'umlens,
2880 948 2976 1002 sed
3009 965 3129 1003 meo
3161 953 3381 1005 nomine
3412 963 3468 1006 et
3493 969 3612 1008 mea

2059 1034 2418 1103 appellatione
2477 1033 2757 1105 Siquidem
2784 1053 2883 1107 ego
2936 1039 3054 1108 ipse
3088 1056 3208 1095 sum
3238 1045 3330 1111 qui
3360 1045 3542 1098 omnia
3581 1046 3634 1098 in

2059 1127 2311 1181 omnibus
2340 1127 2557 1197 propria
2589 1144 2704 1183 mea
2731 1140 3018 1197 potestate,
3054 1140 3312 1201 tanquam
3334 1132 3622 1199 Dominus,

2058 1214 2250 1270 cilicio.
2281 1216 2466 1285 Itaque
2499 1233 2727 1288 magnus
2758 1217 2920 1273 Pater
2959 1228 3146 1275 noster
3177 1218 3515 1292 Stephanus,
3547 1238 3636 1277 re-

2059 1319 2185 1359 vera
2215 1303 2379 1359 homo
2412 1303 2528 1369 Dei,
2564 1306 2743 1358 anima
2775 1315 2831 1360 et
2859 1320 3087 1376 corpore
3116 1309 3497 1376 venerandus,
3539 1309 3634 1379 qui

2059 1395 2318 1465 pauperis
2339 1395 2460 1449 vitae
2499 1396 2770 1451 desiderio
2800 1399 3107 1464 tenebatur,
3133 1411 3189 1454 et
3206 1400 3378 1455 solam
3414 1402 3623 1456 Christi

2058 1484 2283 1556 ejusque
2332 1486 2523 1539 matris
2566 1487 2855 1557 imaginem
2883 1487 2939 1542 in
2971 1488 3053 1543 sui
3081 1491 3385 1544 custodiam
3422 1492 3630 1546 retine-

2058 1577 2169 1640 bat,
2195 1576 2285 1647 qui
2314 1575 2613 1631 secundum
2665 1577 2831 1631 Deum
2871 1576 3027 1633 dives
3074 1579 3473 1650 magnificaque
3505 1596 3632 1655 graf

2060 1671 2131 1723 tia
2158 1679 2385 1724 ornatus
2415 1679 2535 1724 erat
2567 1685 2581 1722 :
2617 1669 2753 1740 ipse,
2787 1670 3027 1741 inquam,
3063 1687 3184 1725 mox
3214 1683 3436 1741 accepta
3474 1681 3635 1743 pote-

2057 1771 2200 1817 state
2228 1771 2512 1829 serpentes
2542 1769 2598 1815 et
2650 1763 2993 1831 scorpiones,
3042 1776 3373 1831 omnemque
3415 1764 3636 1833 maligni

2060 1851 2266 1907 inimici
2320 1853 2582 1905 virtutem
2618 1850 2885 1915 calcandi,
2922 1865 2986 1906 ac
3032 1865 3253 1906 omnem
3293 1853 3540 1909 morbum
3577 1864 3635 1909 ct

378 1935 707 2007 θεραπεύειν
748 1954 808 1990 τε
858 1940 1041 1992 πᾶσαν
1093 1939 1249 1993 νόσον
1291 1941 1388 1993 καὶ
1427 1942 1611 1994 πᾶσαν
1649 1941 1950 2011 μαλακίαν,

2064 1942 2380 2011 languorem
2409 1941 2657 2008 curandi,
2688 1941 3007 1996 adntiranda
3042 1941 3257 1996 mirifici
3306 1943 3399 1997 Dei
3436 1960 3630 2013 opera,

376 2024 579 2092 ἔδειξεν
604 2028 737 2097 ἡμῖν
781 2028 852 2082 τὰ
881 2028 975 2082 τοῦ
1007 2029 1444 2101 παραδοξοττοιοῦ
1478 2032 1614 2086 Θεοῦ
1649 2033 1952 2102 θαυμάσια,

373 2117 475 2189 τὴν
500 2119 733 2188 ἄφθονον
765 2121 949 2192 χάριν,
973 2121 1072 2193 τὴν
1103 2122 1378 2194 βρύουσαν
1424 2124 1630 2195 πηγὴν,
1672 2125 1742 2179 τά
1774 2126 1958 2198 μελίρο

374 2212 512 2285 {tum
541 2210 778 2284 νάματα.
812 2212 1004 2285 Τούτῳ
1023 2215 1133 2285 γάρ
1161 2233 1292 2270 ποτε
1314 2215 1392 2287 τῷ
1422 2214 1679 2289 μακαρίῳ
1700 2218 1959 2291 Στεφάνῳ

370 2306 574 2377 τυφλός
595 2321 698 2370 τις,
735 2306 880 2360 κατὰ
908 2307 1001 2360 τὸν
1031 2308 1097 2361 ἐκ
1131 2308 1363 2378 γενετῆς
1403 2309 1630 2377 τυφλὸν,
1680 2312 1957 2380 προσέπε-

373 2412 469 2452 σεν
492 2398 550 2451 ἐν
578 2398 647 2468 τῇ
677 2396 829 2475 νήσῳ
861 2396 1084 2468 κράζων
1110 2416 1124 2430 ·
1175 2396 1342 2451 Δοῦλε
1385 2396 1481 2451 τοῦ
1527 2397 1664 2451 Θεοῦ
1697 2397 1793 2452 τοῦ
1835 2397 1960 2469 ὑψίὲ

375 2506 527 2555 στου,
566 2489 834 2557 Στέφανε,
862 2489 1017 2545 τασαί
1055 2507 1158 2561 μου
1189 2490 1321 2554 τοὺς
1358 2488 1702 2557 ὀφθαλμοὺς,
1742 2490 1957 2557 ἄνοιξόν

375 2599 482 2653 μου
506 2583 608 2653 τὴν
652 2583 930 2652 πήρωσιν,
966 2582 1063 2637 καὶ
1105 2580 1343 2652 φῶτισόν
1394 2598 1463 2654 με
1493 2580 1586 2635 τὸν
1625 2583 1959 2654 ἐσκοτισμέ-

372 2690 465 2726 νον
486 2688 501 2703 ’
533 2671 705 2733 εἴπως
733 2671 822 2724 διὰ
847 2671 944 2725 σοῦ
975 2671 1075 2742 τὴν
1128 2670 1239 2727 τῶν
1273 2670 1573 2741 ὁρωμένων
1616 2671 1958 2743 θεασάμενος

371 2764 642 2834 ἁρμονίαν
667 2780 728 2816 τε
755 2763 849 2817 καὶ
878 2765 1159 2828 σύστασιν,
1206 2750 1304 2817 καὶ
1356 2762 1649 2833 θαυμάσας
1682 2764 1869 2820 αὐτῶν
1894 2765 1958 2820 τὸ

373 2855 670 2925 ἐξαίρετον,
703 2854 932 2924 ὑμνήσω
961 2853 1051 2907 διὰ
1097 2851 1208 2907 τῶν
1242 2852 1565 2921 κτισμάτων
1601 2852 1694 2906 τὸν
1722 2854 1957 2909 Κτίσαν-

374 2961 458 2999 τα.
532 2943 736 3002 Τοῦτον
795 2946 824 2996 6
898 2944 1176 3014 μακάριος
1236 2925 1511 3010 Στέφανος
1560 2940 1711 3005 ίδὼν,
1765 2940 1956 3004 δεινῶς

374 3035 476 3106 μὲν
511 3033 615 3088 ὑπὸ
637 3032 734 3088 τοῦ
762 3033 930 3102 ζόφου
963 3033 1044 3096 εἰς
1088 3030 1354 3101 ἁϐλεψίαν
1410 3030 1836 3101 άμαυρωθὲντα,
1866 3031 1957 3085 πί-

373 3147 493 3183 στιν
524 3129 580 3182 δὲ
610 3128 807 3198 ἔχοντα
834 3127 935 3198 τὴν
956 3126 1060 3196 ὅρη
1094 3125 1358 3179 ποιοῦσαν
1391 3123 1779 3196 μεθίστασθαι,
1813 3125 1953 3195 πρὸς

369 3221 539 3276 αὑτὸν
590 3221 929 3292 ἀπεκρίνατο
959 3235 972 3250 ·
1029 3217 1095 3271 Τί
1142 3235 1234 3286 μοι
1262 3258 1276 3283 ,
1336 3217 1544 3282 νεανία,
1588 3216 1850 3287 προσιὼν,
1885 3216 1954 3270 τὰ

368 3313 517 3385 ὑπὲρ
555 3313 653 3382 ἐμὲ
678 3312 879 3366 διδόναι
932 3327 1018 3363 σοι
1051 3308 1365 3379 ἐπιζητεῖς;
1413 3308 1478 3361 Τί
1512 3308 1621 3360 τῶν
1650 3307 1862 3378 ἀρετῶν
1893 3309 1953 3360 ἐν

371 3405 500 3474 ἐμο)⁸
530 3403 889 3473 θεασάμενος,
919 3401 1130 3471 ταύτην
1170 3400 1303 3469 παρ’
1332 3398 1467 3470 ἐμοῦ
1498 3398 1711 3461 λαϐεῖν,
1745 3398 1954 3470 ἄνθρω-

371 3511 464 3556 πε,
500 3493 597 3562 τὴν
627 3491 930 3560 θεραπείαν
957 3491 1151 3554 αἰτεῖς,
1189 3489 1258 3559 ἢν
1293 3489 1456 3559 μόνος
1490 3490 1517 3542 6
1573 3487 1815 3559 Κτίστης
1857 3488 1955 3540 καὶ

370 3584 483 3638 τῶν
517 3583 656 3637 ὅλων
708 3582 864 3646 Θεὸς,
905 3580 1037 3637 ἔνθα
1084 3580 1181 3634 καὶ
1226 3582 1361 3633 ὄπου
1421 3580 1516 3633 καὶ
1561 3575 1643 3643 οἷς
1676 3579 1950 3649 βούλεται,

370 3675 658 3745 διανέμεις
711 3674 777 3726 Τί
809 3674 885 3744 μὴ
923 3672 1058 3744 πρὸς
1120 3674 1327 3726 ἐκεῖνον
1377 3671 1710 3740 ἀνέδραμες;
1766 3671 1831 3724 Τί
1861 3671 1952 3725 τὸν

339 3755 343 3757 λ
372 3766 617 3837 κτίστην
667 3765 849 3834 ἀφεὶς,
909 3763 1048 3834 πρὸς
1078 3762 1139 3816 τὸ
1170 3762 1376 3831 κτίσμα
1408 3762 1709 3828 ἐλή).υθας;
1761 3763 1827 3815 Τί
1859 3763 1952 3817 τὸν

370 3857 653 3925 Δεσπότην
685 3850 1025 3917 καταλιπὼν,
1057 3851 1191 3922 πρὸς
1221 3851 1312 3905 τὸν
1335 3850 1521 3904 δοῦλον
1556 3850 1859 3913 κατέλαϐες
1888 3861 1948 3916 c;

368 3949 471 3999 οὐκ
516 3942 684 4010 οἶδας,
716 3946 796 3998 ὅτι
826 3946 980 4013 κοινῇ
1013 3942 1219 4004 πάντες
1240 3941 1341 4011 τῆς
1376 3941 1591 3993 ἐκείνου
1629 3939 1953 4010 συμμαχίας

369 4036 535 4105 ἐσμὲν
570 4035 808 4101 ἐνδεεῖς;
836 4034 937 4087 οὐκ
959 4028 1132 4096 οἶδας,
1162 4031 1248 4084 ὅτι
1282 4030 1380 4084 καὶ
1408 4030 1573 4094 αὐτὸς
1597 4029 1710 4098 ἐγὼ
1739 4029 1952 4101 ἄνθρω-

370 4127 471 4189 πός
504 4130 622 4194 εἰμι
662 4126 737 4188 ὡς
771 4126 863 4178 καὶ
911 4124 1010 4190 oti;
1052 4124 1105 4176 τί
1155 4119 1246 4176 οὖν
1298 4121 1485 4193 ζητεῖς
1513 4121 1661 4192 ἆπερ
1708 4121 1856 4191 ἔχειν
1887 4123 1948 4175 οὐ

2057 2033 2334 2102 copiosam
2382 2034 2638 2103 gratiam,
2689 2033 3082 2088 scaturientem
3131 2032 3374 2101 fontem,
3422 2033 3626 2091 ﬂuenta

2059 2125 2312 2181 mellillua
2356 2126 2511 2180 nobis
2543 2126 2812 2180 ostendit.
2857 2123 3086 2191 Quidam
3126 2126 3273 2180 enim
3295 2127 3637 2183 caecusillius

2057 2215 2252 2270 similis
2278 2217 2369 2286 qui
2399 2232 2428 2268 a
2458 2217 2737 2271 nativitate
2763 2217 3004 2271 caecus"
3029 2216 3229 2280 fuerat,
3261 2216 3312 2270 in
3338 2216 3425 2270 illa
3458 2217 3635 2272 insula

2057 2308 2191 2361 sead
2215 2305 2626 2375 beatiStephani
2651 2322 2828 2377 genua
2867 2307 3100 2376 projecit
3124 2306 3367 2362 clamans
3406 2326 3419 2362 :
3462 2309 3636 2365 Serve

2059 2398 2153 2452 Dei
2189 2398 2461 2461 altissimi,
2486 2397 2657 2470 488
2680 2398 2979 2468 Stephane,
3018 2402 3235 2453 medere
3263 2402 3398 2455 meis
3431 2401 3631 2468 oculis,

2057 2491 2206 2559 aperi
2254 2506 2430 2546 meam
2477 2494 2799 2553 caecitatem,
2849 2504 3043 2558 meque
3091 2491 3333 2546 tenebris
3392 2492 3630 2549 offusum

2057 2580 2327 2640 illumina,
2368 2591 2428 2633 ιιι
2461 2594 2558 2649 per
2581 2588 2632 2633 le
2672 2593 2852 2631 rerum
2896 2593 3018 2648 qua:
3067 2588 3366 2632 cernuntur
3397 2594 3636 2634 concen-

2058 2680 2172 2726 tum
2203 2680 2260 2726 et
2281 2669 2750 2726 constructionem
2795 2667 3215 2736 contemplatus,
3260 2671 3631 2740 eximiamque

2054 2777 2244 2816 earum
2298 2760 2759 2830 pulchritudinem
2797 2760 3121 2824 admiratus,
3155 2775 3251 2828 per
3284 2776 3371 2815 res
3406 2771 3625 2817 creatas

2053 2851 2368 2907 Creatorem
2407 2851 2643 2906 laudem.
2684 2850 2837 2906 Hunc
2890 2865 3013 2906 cum
3074 2854 3265 2906 beatus
3321 2853 3635 2920 Stephanus

2055 2945 2205 3014 gravi
2236 2944 2455 3014 quidem
2487 2943 2733 2996 caecitate
2767 2943 3117 2996 obscuratum
3143 2954 3413 3008 cerneret,
3442 2944 3537 2998 sed
3569 2959 3633 2998 ea

2060 3035 2163 3091 ﬁde
2196 3035 2506 3104 pra‘ditum,
2533 3047 2655 3103 quae
2683 3042 2897 3088 montes
2930 3033 3208 3097 transfert,
3233 3034 3282 3088 ei
3315 3035 3631 3103 respondit:

2052 3128 2193 3195 Quid
2260 3127 2324 3180 ad
2384 3143 2491 3190 me,
2551 3126 2901 3191 adolescens,
2954 3127 3191 3190 accedis,
3253 3135 3318 3181 ut
3372 3141 3458 3189 ea,
3505 3142 3631 3194 qua:

2057 3236 2219 3289 supra
2248 3236 2332 3273 me
2359 3230 2506 3284 sunt,
2537 3236 2565 3271 a
2592 3232 2677 3270 tne
2714 3220 2809 3272 tibi
2842 3217 3017 3272 danda
3052 3233 3269 3288 quaeras
3289 3218 3313 3270 ί
3335 3217 3478 3283 Quid
3519 3219 3629 3271 vir-

2060 3311 2188 3364 tutis
2219 3311 2270 3363 in
2305 3325 2391 3362 me
2411 3312 2779 3378 conspicatus,
2810 3308 2955 3362 illam
2989 3325 3017 3361 a
3048 3323 3154 3372 me,
3191 3325 3222 3360 ο
3251 3311 3433 3371 homo,
3465 3323 3629 3363 sana-

2058 3404 2257 3453 tionem
2290 3401 2491 3465 poscis,
2524 3417 2686 3468 quam
2722 3402 2870 3454 solus
2892 3399 3125 3452 Creator
3153 3408 3208 3452 et
3238 3399 3620 3452 universorum

2059 3489 2233 3553 Deus,
2266 3491 2352 3542 ubi
2379 3502 2434 3544 et
2471 3493 2667 3559 quibus
2703 3491 2929 3545 voluerit
2958 3490 3228 3559 largitur?
3282 3487 3393 3543 Cur
3423 3505 3526 3542 non
3564 3489 3633 3542 ad

2057 3580 2200 3632 il'um
2233 3580 2552 3633 accurristi?
2581 3582 2710 3640 (Zur,
2745 3580 2969 3632 dimisso
3000 3576 3285 3639 Creatore,
3319 3578 3384 3628 ad
3412 3584 3631 3629 creatu~

2059 3685 2170 3721 rain
2209 3668 2441 3722 venisti?
2470 3667 2603 3733 Cur,
2643 3667 2873 3721 Doinino
2913 3667 3122 3728 relicto,
3157 3680 3376 3719 servum
3407 3663 3636 3717 adiisti?

2054 3761 2136 3815 Au
2175 3761 2362 3814 nescis
2385 3776 2483 3814 nos
2511 3775 2702 3815 omnes
2738 3761 2994 3813 universe
3029 3758 3147 3826 eius
3182 3759 3385 3811 auxilio
3423 3757 3635 3826 indige-

2057 3854 2152 3909 re?
2212 3854 2294 3907 An
2354 3856 2531 3908 nescis
2566 3858 2706 3922 quod
2742 3869 2843 3922 ego
2898 3855 3059 3906 homo
3118 3868 3260 3913 sunt,
3333 3861 3388 3902 ut
3448 3858 3503 3903 et
3545 3848 3637 3901 tu?

2055 3946 2182 4014 quid
2223 3947 2385 4015 igitur
2414 3947 2612 4014 quaeris
2649 3961 2770 4014 quae
2801 3946 3005 3998 habere
3060 3960 3164 3996 non
3203 3943 3469 4010 possum?
3496 3943 3625 4009 quid

2058 4050 2142 4090 me
2192 4037 2348 4103 hujus
2394 4035 2567 4089 morbi
2612 4036 2693 4088 vis
2720 4049 2840 4088 esse
2904 4026 3215 4095 medicum,
3243 4032 3329 4087 cui
3360 4032 3507 4085 solus
3542 4031 3635 4085 ille

2055 4129 2350 4183 remedium
2381 4129 2578 4180 aiferre
2632 4127 2940 4196 pote3t,qui
2987 4142 3188 4180 caecum
3241 4123 3636 4180 olimsanavit?

367 4220 644 4287 δύναμαις
699 4218 754 4270 τί
795 4218 1055 4286 τοιαύτης
1086 4215 1263 4278 θέλεις
1310 4232 1377 4285 με
1409 4215 1567 4268 νόσου
1602 4214 1950 4285 θεραπευτὴν

2057 4219 2218 4274 llisce
2254 4229 2442 4273 sancto
2466 4220 2742 4287 Stephano
2789 4218 2967 4271 verbis
2997 4216 3395 4271 adolescentem
3431 4216 3629 4269 leniter

369 4311 649 4380 γενέσθαι,
680 4304 748 4382 ἦς
774 4308 836 4363 τὸ
861 4307 1126 4361 δύνασθαι
1171 4308 1335 4377 μόνος
1368 4307 1577 4369 ἐκεῖνος
1607 4306 1727 4375 ἔχει
1759 4307 1822 4359 τὸ
1849 4307 1950 4359 δω-

2057 4312 2330 4381 rejiciente
2375 4321 2430 4366 et
2474 4313 2628 4380 quasi
2676 4309 2845 4382 489
2902 4310 3201 4385 mansuetis
3257 4310 3629 4363 sermonibus

373 4400 650 4471 ρήσασθαι
686 4399 785 4468 τὴν
819 4398 986 4465 ἴασιν,
1015 4399 1043 4450 6
1098 4398 1194 4451 καὶ
1230 4398 1360 4468 πρὶν
1417 4398 1511 4450 τὸν
1544 4398 1745 4467 τυφλὸν
1788 4399 1950 4452 ίασά-

2057 4404 2303 4473 abigente
2331 4443 2347 4470 ,
2413 4404 2648 4455 instabat
2705 4401 2792 4455 ille
2837 4402 3065 4464 iterum,
3109 4408 3162 4452 et
3208 4400 3442 4468 priscum
3482 4398 3630 4452 illurn

374 4507 567 4561 μενος;
619 4489 846 4552 Τούτοις
875 4490 977 4560 μὲν
1014 4489 1111 4543 τοῦ
1140 4489 1291 4543 ὁσίου
1320 4493 1438 4553 τοῖς
1473 4491 1714 4561 ῥήμασιν
1742 4492 1949 4544 ἀποσο-

2057 4510 2257 4549 czecum
2295 4494 2562 4558 imitatus,
2611 4508 2805 4563 magna
2836 4507 2971 4545 voce
3014 4491 3240 4575 supplex
3298 4490 3574 4544 clamabat
3614 4507 3629 4545 :

371 4582 597 4645 ϐοῦντος
653 4582 838 4652 ἡρέμα
895 4581 987 4634 τὸν
1044 4582 1304 4648 νεανίαν,
1375 4581 1470 4634 καὶ
1526 4583 1788 4651 χρηστοῖς
1859 4577 1948 4635 οἶα

2057 4585 2314 4641 Miserere
2364 4585 2501 4649 mei,
2544 4601 2577 4639 ο
2627 4599 2885 4655 germane
2935 4583 3027 4636 Dei
3079 4596 3239 4636 serve
3270 4620 3286 4646 ,
3329 4582 3631 4651 Stephane.

369 4675 552 4742 λόγοις
604 4672 770 4725 αὑτὸν
812 4670 1197 4750 ἐκδιῶκοντος,
1245 4673 1458 4734 ἐκεῖνος
1502 4667 1663 4732 αὖθις
1697 4670 1948 4724 ἐνίστατο

2057 4678 2271 4732 Etenim
2332 4677 2471 4731 hanc
2512 4677 2606 4730 tibi
2678 4674 2765 4728 ille
2820 4676 3050 4744 gratiam
3104 4673 3347 4738 donavit,
3389 4673 3634 4743 mihique

369 4767 465 4820 καὶ
498 4764 590 4819 τὸν
616 4765 748 4835 πρὶν
785 4763 988 4832 τυφλὸν
1027 4761 1464 4834 ἐκμιμούμενος,
1526 4762 1745 4832 μεγαλα
1778 4761 1946 4831 βοῶν,

2057 4779 2218 4838 perte
2241 4769 2328 4822 lux
2357 4783 2481 4822 vera
2499 4767 2783 4822 oculorum
2817 4768 2997 4821 lumen
3023 4766 3251 4821 daturus
3267 4777 3371 4821 est.
3404 4764 3630 4832 Verum,

366 4858 563 4912 τοῦτον
617 4855 999 4917 καθικέτευεν,
1048 4856 1307 4925 Ἐλέησόν
1364 4872 1463 4925 μετ
1503 4855 1707 4922 λέγων,
1735 4849 1780 4908 ὦ
1814 4855 1950 4925 γνή-

2059 4874 2127 4913 ne
2165 4874 2339 4913 meam
2370 4858 2620 4911 ﬁduciam
2674 4872 2824 4911 mora
2869 4859 3136 4917 ohtunde.
3167 4872 3199 4910 ο
3240 4859 3424 4921 beate,
3454 4874 3631 4927 neque

369 4965 454 5002 σιε
500 4945 594 5001 τοῦ
628 4945 767 4999 Θεοῦ
812 4944 1056 5017 θεράπον
1110 4945 1389 5013 Στέφανε-
1424 4945 1508 4998 σοὶ
1566 4945 1676 5016 γὰρ
1745 4945 1950 5015 ταύτην

2058 4951 2545 5021 procrastinatione
2567 4952 2766 5004 donum
2799 4949 2975 5013 differ,
3015 4967 3186 5021 neque
3214 4952 3408 5005 nebula
3463 4953 3631 5005 solem

366 5042 580 5103 ἐκεῖνος
611 5038 711 5109 τὴν
761 5040 923 5109 χάριν
975 5036 1305 5110 δεδώρηται,
1349 5037 1444 5092 καὶ
1476 5037 1565 5090 διὰ
1612 5037 1706 5095 σοῦ
1743 5057 1834 5107 μοι
1884 5039 1946 5091 τὸ

2057 5044 2330 5097 absconde
2363 5061 2376 5097 :
2408 5044 2502 5097 sed
2545 5059 2718 5096 meam
2778 5041 3123 5097 aﬂlictionem
3174 5040 3429 5101 intuitus,
3456 5042 3634 5108 prtebc

368 5133 487 5204 φῶς
513 5133 574 5186 τὸ
597 5130 854 5200 ἀληθινὸν
873 5132 974 5201 τὴν
1003 5131 1180 5202 αὐγὴν
1199 5131 1477 5199 δωριείται
1496 5131 1603 5184 τῶν
1620 5130 1943 5201 ὀφθαλμῶν.

2057 5135 2416 5189 sanationem.
2449 5134 2583 5189 Fide
2607 5151 2725 5189 mea
2761 5150 3001 5204 expensa
3022 5135 3086 5188 da
3115 5136 3369 5203 gratiam.
3396 5131 3632 5187 Trntina

384 5223 547 5278 Ἀλλὰ
583 5224 660 5295 μὴ
689 5223 836 5292 ὄκνῳ
864 5224 994 5294 .τὴν
1045 5222 1366 5294 παρρησίαν
1412 5222 1695 5293 ἁμϐλύνῃς
1717 5218 1948 5292 ,“μακά·

2057 5242 2233 5281 meum
2294 5243 2534 5282 amorem
2588 5227 2921 5294 ponderans,
2975 5240 3107 5278 sana
3166 5225 3432 5278 laborem.
3483 5222 3626 5290 Quid

370 5335 480 5389 ριε,
536 5316 673 5387 μηδὲ
709 5315 949 5386 ἀναϐολῇ
997 5314 1098 5385 τὴν
1152 5314 1362 5385 δωρεάν
1413 5314 1770 5386 ὑπερτίθεσο,
1811 5313 1950 5384 μηδέ

2057 5334 2183 5387 ergo
2212 5319 2551 5373 venerandus
2571 5316 2924 5388 Stephanus?
2946 5315 3144 5381 Habes,
3179 5317 3377 5384 inquit,
3412 5315 3571 5369 ﬁdem
3596 5316 3619 5368 ?

370 5410 574 5480 νεφέλῃ
622 5406 869 5478 καλύψῃς
905 5408 995 5459 τὸν
1025 5406 1178 5477 ’ήλιον
1201 5423 1214 5436 ·
1270 5405 1387 5459 an:
1417 5405 1539 5458 ἰδών
1566 5422 1668 5472 μου
1703 5405 1803 5476 τὴν
1848 5408 1950 5459 κά-

2057 5409 2254 5464 Christi
2277 5411 2504 5479 ejusque
2526 5408 2714 5463 Matris
2737 5419 2793 5463 et
2821 5418 3134 5462 sanctorum
3162 5406 3429 5479 imagines
3455 5407 3631 5462 colis?

368 5518 565 5564 κωσιν,
603 5501 887 5571 παράσχου
915 5499 1013 5570 τὴν
1038 5501 1213 5552 ἴασιν*
1259 5499 1539 5571 μετρήσας
1571 5515 1677 5568 μου
1710 5497 1809 5568 τὴν
1848 5499 1940 5552 πί-

2057 5501 2246 5555 Credis
2281 5504 2386 5555 Deo
2429 5503 2590 5556 etiam
2618 5517 2715 5572 per
2757 5480 3022 5571 imagines
3072 5504 3315 5568 sananti,
3358 5511 3416 5555 ut
3454 5516 3629 5573 quon-

441 5655 487 5687 ⁷⁸
517 5651 673 5709 Joan.
709 5673 797 5710 MV
859 5654 940 5711 12.
1022 5657 1066 5687 ⁷⁸
1110 5645 1268 5703 Joan.
1296 5663 1372 5721 ιχ,
1403 5648 1455 5710 1,

1666 5744 1901 5802 νΑιιιέΕ
1942 5746 2342 5803 ιΕΟΤΙΟΝΕδ.

449 5893 471 5922 ο
503 5884 590 5935 lo‘.
629 5880 858 5936 κατέϐα)
872 5897 949 5941 ες.
