4060 6426
530 368 656 430 ttat

1692 371 2068 430 STEPHANI
2109 371 2413 430 DIACONI
2457 373 2566 431 (ΣΡ.

3622 373 3746 441 1152

523 486 649 537 dam
688 482 994 536 veneranda
1021 477 1188 535 Maria
1213 479 1534 552 Egyptiaca
1561 482 1814 547 credidit,
1845 493 1897 536 et
1932 498 2084 550 spon-

2204 500 2341 545 στιν,
2372 483 2516 535 δίδου
2569 482 2664 553 τὴν
2697 482 2880 552 χάριν.
2931 483 3360 552 Ζυγοστατήσας
3418 500 3516 553 μου
3544 483 3630 539 τὸν
3658 490 3748 543 πό-

526 577 680 629 sioue
726 575 795 628 ab
845 573 1082 643 imagine
1122 583 1363 639 accepta,
1410 574 1782 642 pmniteutiam
1857 574 1988 641 egit,
2042 583 2099 627 et

524 667 752 719 salutem
807 674 1098 717 consecuta
1153 664 1270 717 est?
1326 661 1421 717 Ille
1475 677 1603 718 vero
1650 664 1846 717 iterum
1899 665 2089 716 dixit:

521 756 718 818 Credo,
780 757 1017 819 domine,
1065 764 1120 809 et
1166 758 1400 808 credens
1451 758 1651 808 accedo
1682 764 1734 807 et
1764 756 1953 807 adoro.
1992 754 2091 807 Cui

522 856 743 901 Sanctus
804 864 818 899 :
884 842 939 899 In
1004 847 1219 899 nomine
1285 845 1499 899 Domini
1548 843 1674 899 Jesn
1713 845 1954 906 Christi,
2002 846 2093 914 qui

520 951 721 990 etc-cum
751 936 986 1000 sanavit,
1032 936 1084 989 in
1130 950 1288 1004 quem
1333 935 1607 989 credendo
1654 936 1756 988 huc
1804 936 2092 1001 advenisti,

521 1042 679 1094 quem
734 1042 897 1081 carne
950 1026 1420 1095 circumscriptum
1464 1025 1518 1079 in
1562 1026 1795 1095 imagine
1863 1026 2096 1079 adorare

520 1121 801 1172 cupressus
828 1135 906 1182 es,
950 1119 1115 1173 solem
1165 1119 1369 1186 aspice,
1425 1119 1667 1188 nihilque
1715 1129 1767 1173 te
1799 1119 1866 1172 ab
1914 1135 1980 1173 eo
2015 1119 2097 1170 vi-

519 1210 693 1261 dendo
746 1208 1021 1277 impediat.
1045 1208 1209 1281 ἀεί)
1238 1208 1421 1278 Itaque
1480 1220 1706 1278 repente
1732 1210 2095 1264 adolescentis

519 1300 660 1353 oculi
689 1300 861 1366 aperti
911 1309 1058 1365 sunt,
1107 1317 1377 1369 sanusque
1407 1300 1585 1355 factus
1611 1310 1716 1365 est,
1758 1302 1911 1370 quasi
1949 1316 2093 1355 nun-

519 1404 685 1455 quam
714 1391 887 1444 oculis
916 1402 1130 1459 captus,
1165 1392 1249 1445 vel
1282 1391 1588 1454 huiusmodi
1621 1393 1868 1445 morbum
1893 1407 2092 1461 exper-

524 1489 610 1533 tus
645 1479 858 1537 fuisset.
898 1482 989 1536 Illa
1025 1498 1155 1551 ergo
1178 1484 1488 1536 admirabili
1515 1483 1565 1536 in
1602 1498 1659 1538 se
1688 1493 1902 1552 peracta
1933 1499 2093 1537 sana-

523 1572 669 1626 tione
693 1572 842 1627 lactus
855 1582 907 1627 et
926 1575 1117 1628 hilaris
1131 1576 1284 1639 abiit,
1305 1576 1398 1629 Dei
1417 1576 1600 1629 laudes
1616 1575 1978 1645 prtedicandu,
1999 1576 2089 1644 qui

532 1662 658 1715 talia
696 1655 957 1717 adversus
988 1666 1206 1718 morbos
1234 1664 1563 1718 charismata
1598 1665 1711 1719 suis
1743 1664 1948 1717 Sanctis
1984 1665 2090 1717 lar-

520 1753 686 1822 gitur.
725 1753 834 1806 lloc
882 1754 1112 1822 primum
1157 1753 1257 1807 fuit
1293 1750 1635 1818 miraculum,
1683 1755 1827 1822 quod
1866 1764 2090 1806 sanctus

2199 572 2312 636 θον,
2348 574 2687 639 θεραπευσον
2721 575 2811 625 τον
2863 573 3046 626 πόνον.
3077 573 3143 625 Τί
3170 569 3263 625 οῦν
3293 573 3322 625 ὁ
3352 574 3527 642 τίμιος
3554 577 3749 647 Στέφα-

2198 680 2315 727 VO“
2382 664 2568 731 Ἔχεις
2627 664 2834 723 πίστιν,
2891 662 3101 733 φησίν;
3161 666 3489 732 προσκυνεές
3538 665 3749 737 τὴν.τοῦ

2199 755 2438 824 Χριστοῦ
2503 754 2688 806 εἰκόνα
2722 754 2817 807 κει]⁸
2868 754 2970 823 τῆς
3019 753 3245 823 Μητρὸς
3280 754 3445 807 αὐτοῦ
3502 757 3597 809 κα]⁸
3650 759 3751 813 τῶν

2197 844 2400 911 ἁγίωνς
2459 842 2736 905 πιστεύεις
2787 842 2865 912 τῷ
2922 843 3017 895 καὶ
3071 836 3129 893 ὲν
3184 844 3360 895 εἰκόσι
3401 844 3750 913 θεραπεύοντι

2197 933 2337 1001 Θεῷ,
2368 933 2442 995 ὼς
2477 932 2593 997 καὶ,
2625 934 2812 1002 φησιν,
2836 932 2897 984 τὸ
2937 934 3065 1004 πρὶν
3079 933 3309 1003 κάκείνη
3340 934 3547 1004 ήτιμία
3577 937 3753 1004 Μαρία

2198 1024 2231 1092 ἡ
2262 1022 2533 1089 Αἰγυπτία
2567 1021 2906 1074 πιστεύσασα
2934 1023 3032 1092 τὴν
3080 1025 3288 1093 ἐγγύην
3337 1026 3400 1076 ὲκ
3432 1025 3528 1095 τῆς
3558 1026 3754 1090 εἰκόνος

2197 1114 2474 1182 εἰληφυῖα,
2502 1115 2566 1182 τῇ
2596 1113 2857 1181 μετανοίᾳ
2876 1115 3311 1181 προσεπέλασεν,
3339 1116 3434 1167 καὶ
3463 1117 3750 1182 σέσωσταις

2196 1205 2462 1268 Κάκεῖνος
2484 1200 2639 1267 αὖθίς
2661 1221 2846 1273 φησιν⁹
2869 1204 3141 1269 Πιστεύω,
3164 1205 3359 1277 Κύριε,
3384 1209 3478 1259 καὶ
3498 1210 3755 1263 πιστεύων

2197 1293 2575 1362 προσέρχομαι
2608 1294 2703 1345 καῖ⁵
2725 1294 3037 1364 προσκυνῶ.
3082 1295 3143 1347 '0
3176 1295 3232 1348 δὲ
3259 1297 3396 1366 πρὸς
3435 1298 3595 1351 αὐτόν
3619 1315 3633 1329 ·
3673 1301 3754 1352 Ἐν

2197 1384 2274 1454 τῷ
2297 1386 2523 1454 ὀνόματι
2554 1384 2763 1455 Κυρίου
2813 1384 2987 1453 Ἰησοῦ
3038 1385 3280 1456 Χριστοῦ
3326 1387 3419 1440 τοῦ
3446 1389 3536 1441 τὸν
3564 1390 3753 1456 τυφλὸν

2195 1473 2638 1544 θεραπεύσαντος
2665 1512 2681 1536 ,
2716 1474 2794 1537 είς
2827 1474 2887 1527 ὃν
2937 1474 3124 1529 ἐνθάδε
3168 1476 3548 1540 πεπιστευκὼς
3586 1496 3754 1549 παρα-

2193 1567 2455 1635 γέγονας,
2492 1568 2587 1620 καὶ
2629 1567 2769 1620 κατα
2821 1568 3003 1638 σάρκα
3062 1569 3442 1640 περιγραπτδν
3494 1573 3550 1624 ὲν
3594 1572 3753 1624 εἰκόνι

2193 1660 2571 1729 προσκυνῆσαι
2627 1658 3022 1729 ὡμολόγησας,
3072 1659 3166 1712 ἔσο
3219 1658 3434 1730 βλέπων
3466 1661 3554 1713 τὸν
3588 1662 3749 1731 ἥλιον,

2195 1749 2509 1819 μηδαμόθεν
2563 1751 2906 1820 εἰργόμενος.
2962 1749 3173 1804 Αὐτίκα
3226 1750 3361 1819 γοῦν
3414 1751 3749 1822 ἠνεῴχθησαν

521 1843 575 1895 in
608 1842 780 1897 insula
813 1845 1068 1913 patravit.
1106 1843 1200 1898 liae
1234 1852 1359 1899 sunt
1385 1844 1500 1911 ejus
1536 1844 1777 1897 laborum
1810 1843 2083 1911 primitiae,

2192 1839 2359 1892 αὐτοῦ
2393 1840 2443 1892 οί
2495 1839 2783 1909 ὀφθαλμοὶ,
2836 1841 2932 1893 καὶ
2966 1842 3191 1909 γέγονεν
3226 1841 3387 1912 ὑγιὴς
3437 1843 3465 1895 ὁ
3514 1846 3748 1908 νεανίας,

518 1933 588 1983 oh
635 1947 771 2000 quas
818 1948 943 1995 nos,
976 1934 1195 1989 Christo
1225 1936 1413 1989 datore
1463 1943 1518 1989 et
1556 1945 1744 1991 sancto
1785 1934 1901 1986 viro
1929 1933 2090 2000 digne

518 2022 828 2089 celebratis,
864 2026 928 2078 ad
968 2026 1111 2080 aliud
1147 2026 1264 2095 ejus
1317 2028 1566 2081 mirabile
1614 2027 1811 2079 factum
1844 2034 2090 2076 transea-

516 2129 654 2170 llllls.

2201 1932 2278 1994 ὡς
2336 1931 2610 2001 μηδέποτε
2672 1932 2951 2001 πηρωθεὶς
3003 1932 3102 1996 τὰς
3164 1934 3333 2004 κόρας
3403 1934 3512 1987 τῶν
3555 1934 3754 2002 ὀφθαλ-

2198 2021 2336 2091 μῶν,
2379 2022 2411 2092 ἢ
2465 2022 2562 2074 τοῦ
2606 2024 2845 2075 τοιούτου
2896 2024 3102 2087 πάθους
3138 2025 3195 2078 ὲν
3227 2026 3394 2095 πείρα
3455 2027 3746 2096 γενόμενος.

2212 2113 2431 2183 Ἀμέλει
2489 2112 2693 2183 ταύτης
2744 2116 2824 2177 εῑς
2881 2115 3046 2166 αὐτὸν
3100 2115 3201 2183 τῆς
3254 2116 3559 2187 παραδόξου
3607 2134 3753 2185 γενο-

518 2203 686 2274 μένης
732 2206 931 2272 ίάσεως
965 2208 1130 2279 ἀπῄει
1178 2208 1430 2278 γεγηθὼς
1485 2211 1581 2263 καὶ
1620 2208 1980 2278 γαννύμενος,
2032 2204 2199 2259 αἰνῶν
2248 2205 2340 2257 τὸν
2379 2204 2513 2256 Θεὸν
2553 2206 2648 2258 καὶ
2680 2204 2920 2270 δοξάζων
2950 2206 3041 2259 τὸν
3071 2207 3140 2259 τὰ
3180 2207 3409 2261 τοιαῦτα
3443 2212 3554 2271 τοῖς
3588 2209 3750 2277 ἁγίοις

513 2297 678 2351 αὐτοῦ
727 2300 1037 2369 παρέχοντα
1084 2300 1229 2352 κατὰ
1275 2300 1384 2352 τῶν
1441 2303 1768 2372 νοσημάτων
1840 2300 2181 2370 χαρίσματα.
2239 2296 2411 2349 Τοῦτο
2476 2298 2693 2365 πρῶτον
2737 2299 2833 2349 τοῦ
2890 2299 3043 2352 ὁσίου
3103 2299 3328 2367 γέγονεν
3384 2303 3443 2355 ὲν
3497 2305 3564 2368 τῇ
3618 2307 3753 2372 νήσῳ

515 2378 1015 2462 θαυματούργημα,
1058 2391 1223 2447 αὐτοῦ
1289 2392 1399 2444 τῶν
1465 2393 1641 2445 πόνων
1681 2395 1711 2460 ή
1761 2393 2013 2461 ἀπαρχὴ,
2042 2385 2109 2461 ἧς
2160 2390 2323 2457 ἡμεῖς
2368 2387 2458 2439 τὸν
2506 2388 2710 2459 δοτῆρα
2769 2390 3006 2460 Χριστὸν
3053 2396 3150 2445 καὶ
3194 2392 3291 2446 τὸν
3341 2393 3492 2446 ὅσιον
3530 2395 3754 2460 ἐπαξίως

516 2483 883 2553 ὑμνήσαντες,
925 2483 1010 2552 ἐφ’
1050 2483 1244 2554 ἑτέραν
1280 2481 1447 2536 αὐτοῦ
1491 2482 1937 2552 θαυματουργίαν
1972 2479 2347 2551 μετέλθωμεν.

593 2576 851 2641 Quaztlam
920 2576 1115 2629 mulier
1146 2592 1251 2629 non
1298 2575 1588 2641 ignobilis,
1630 2576 1811 2645 Cyzici
1871 2577 2092 2643 degens,

520 2670 688 2722 lilium
720 2686 749 2723 a
782 2671 1026 2724 dmmone
1062 2671 1130 2723 ab
1174 2672 1334 2723 annis
1384 2670 1497 2723 fere
1538 2685 1726 2723 novem
1778 2684 2089 2737 possessum

519 2758 775 2819 habt-bat,
808 2772 928 2826 qua:
964 2759 1137 2810 sancti
1177 2759 1316 2810 fama
1351 2757 1555 2819 audita,
1585 2756 1650 2809 ad
1694 2755 1923 2807 insulam
1966 2768 2088 2806 cum

519 2844 630 2897 lilio
671 2859 729 2898 se
758 2845 1009 2898 cotitulit.
1044 2845 1112 2899 Ut
1149 2861 1277 2897 vero
1300 2859 1329 2897 a
1357 2845 1512 2912 longe
1534 2860 1752 2898 caveam
1802 2843 1936 2896 vidit
1972 2845 2086 2911 agi-

516 2941 660 2985 tatus
689 2948 840 3000 puer,
876 2948 905 2986 a
933 2936 1177 2994 dtemonc
1202 2933 1464 3000 jactatus,
1504 2934 1621 2987 sine
1670 2934 1773 2986 ulla
1814 2934 2088 2986 intermis-

512 3027 664 3079 sione
716 3026 1148 3093 coucutiebatur,
1202 3006 1273 3079 ita
1309 3036 1367 3078 ut
1398 3025 1452 3079 in
1502 3041 1683 3079 aerem
1716 3025 1999 3077 tolleretur
2030 3034 2084 3077 ct

512 3118 915 3181 cxtenderetur,
955 3119 1214 3187 lunaique
1249 3120 1428 3173 subito
1462 3133 1654 3172 rursus
1692 3118 2079 3188 projict-retur.

2270 2568 2497 2621 Γύναιόν
2526 2586 2579 2622 τι
2618 2567 2728 2619 τῶν
2763 2570 2865 2621 οὐκ
2921 2569 3156 2640 ἀσήμων
3181 2572 3238 2624 ὲν
3272 2572 3505 2644 Κυζίκῳ
3557 2575 3749 2643 διὰγον,

2195 2661 2409 2714 παιδίον
2442 2657 2588 2730 εἶχεν
2639 2661 3091 2730 δαιμονιζόμενον
3144 2663 3277 2716 ὡσεὶ
3329 2665 3544 2737 χρόνων
3586 2667 3749 2721 ἐννέα.

2193 2751 2343 2819 Αὕτη
2378 2750 2471 2803 οὖν
2523 2751 2779 2822 περὶτοῦ
2833 2753 2988 2819 ἁγίου
3037 2754 3389 2821 ἀκύσασαά,
3458 2759 3560 2827 τὴν
3607 2760 3754 2827 νῆσον

2195 2839 2504 2892 κατέλαϐεν
2539 2839 2639 2891 σὺν
2682 2839 2759 2909 τῷ
2815 2840 2991 2893 παιδί.
3036 2842 3123 2904 Ὠς
3154 2842 3210 2895 δὲ
3258 2844 3423 2913 μόνον
3470 2845 3529 2898 τὸ
3561 2845 3757 2913 ἐγκλειρ

2197 2945 2359 3000 στρον
2394 2932 2641 2999 ἑωρακεν
2670 2930 2947 2999 μακρόθεν
3001 2933 3061 2984 τὸ
3107 2933 3501 3004 ἐνοχλούμενον
3538 2936 3752 2998 παιδίον,

2195 3020 2538 3090 ἀναϐρασθὲν
2588 3021 2692 3073 ὑπὸ
2728 3021 2820 3073 τοῦ
2861 3020 3140 3089 δαίμονος,
3181 3024 3441 3094 συνεχῶς
3486 3027 3754 3080 ἀνετινὰσ-

2196 3127 2324 3164 σετο
2352 3109 2446 3163 τοῦ
2477 3110 2641 3181 ἀέρος
2678 3112 3161 3182 ἀποκρεμάμενον.
3185 3115 3563 3187 ἐκτεινόμενον
3590 3135 3644 3171 τε
3674 3116 3759 3170 καὶ

509 3206 741 3260 Crebras
766 3222 894 3262 vero
920 3217 974 3261 et
1006 3208 1266 3263 informes
1320 3223 1483 3263 voces
1519 3208 1583 3262 ad
1618 3219 1867 3263 sanctum
1910 3212 2077 3260 emil-

2190 3202 2352 3255 πάλιν
2379 3201 2570 3270 αἴφνης
2586 3203 3150 3275 καταρῤιπτούμενον.
3191 3207 3334 3276 Πρὸς
3382 3210 3441 3261 δὲ
3485 3212 3575 3260 τὸν
3604 3208 3750 3275 Ξιγιον

511 3299 679 3362 lebat,
722 3309 779 3351 ut
811 3300 949 3353 solet
979 3302 1117 3364 ﬁeri,
1150 3317 1274 3356 cum
1333 3302 1543 3355 daemon
1577 3316 1947 3371 euergumenu
1984 3302 2087 3353 im-

509 3399 721 3444 mutato
764 3400 911 3445 totus
960 3392 1047 3445 ille
1112 3393 1370 3461 loquitur,
1418 3404 1473 3447 et
1527 3394 1788 3462 patientis
1857 3407 2087 3462 corpore

510 3490 765 3549 tanquam
796 3484 1012 3549 proprio
1040 3500 1244 3551 organo
1273 3487 1465 3541 utitur.
1504 3487 1573 3539 At
1600 3494 1774 3538 mater
1806 3484 2085 3536 lilio-mte-

506 3571 666 3631 stior,
704 3570 971 3642 Iacrymas
1000 3572 1158 3644 49],
1219 3575 1528 3640 ρίΪιιιιιΙθιιε,
1564 3585 1616 3629 ct
1661 3585 1851 3642 pectus
1888 3590 2084 3642 pPrcu-

510 3662 672 3722 tiens,
701 3661 845 3714 illam
878 3679 1034 3715 manu
1064 3667 1496 3733 apprehendens,
1537 3668 1634 3720 has
1654 3681 1814 3719 voces
1843 3666 2043 3719 edebat
2068 3688 2079 3721 :

509 3751 608 3805 Μή
658 3753 1163 3809 itifurtunatissiime
1237 3761 1537 3819 miserere,
1575 3773 1608 3812 0
1647 3769 1859 3812 sancte.
1929 3756 2084 3811 Untts

510 3845 642 3897 mihi
685 3845 735 3898 in
792 3846 929 3900 vivis
963 3858 1042 3899 est
1100 3850 1264 3911 tilius,
1328 3865 1488 3918 quem
1544 3866 1685 3903 nunc
1741 3866 1769 3903 a
1832 3852 2077 3905 daemone

506 3946 828 4002 occupatum
865 3937 1034 3991 vides.
1075 3937 1128 3993 Si
1162 3940 1280 4005 ejus
1332 3953 1558 3994 mortem
1615 3956 1644 3994 a
1688 3941 1795 3994 Deo
1833 3957 2078 4009 poscam,

511 4040 595 4078 me
636 4026 883 4079 vulnerat
919 4028 1145 4081 orbitas.
1178 4028 1397 4092 Vcrnnt,
1421 4048 1518 4085 nec
1541 4047 1662 4084 eum
1694 4036 1852 4085 etiam
1884 4034 2084 4083 «bemu-

509 4118 722 4168 niacum
768 4116 965 4171 habere
1018 4135 1258 4187 possunt.
1321 4120 1453 4173 Nam
1503 4124 1587 4178 die
1623 4138 1686 4177 ac
1735 4134 1893 4177 nocte
1938 4126 2082 4176 iusa-

510 4207 666 4260 niens
698 4222 873 4261 mcam
905 4209 1138 4263 animam
1184 4214 1414 4266 cruciat.
1455 4213 1714 4267 Geminas
1740 4216 1951 4268 animas
1981 4215 2082 4267 mi-

507 4309 711 4358 serare,
745 4295 1024 4365 illumque,
1048 4314 1080 4349 ο
1109 4310 1315 4362 sancte,
1349 4316 1377 4353 a
1407 4303 1671 4365 dwmmic,
1711 4318 1795 4356 me
1833 4319 1860 4355 a
1897 4304 2083 4359 dolore

510 4386 701 4449 libera,
751 4387 979 4456 aliisque
1016 4390 1262 4443 tristibus
1307 4391 1486 4454 rebus,
1538 4408 1657 4461 quae
1691 4395 1956 4447 matribus
1994 4411 2078 4449 Stl-

510 4474 614 4527 Icnt
642 4477 914 4537 accidere.
950 4493 1071 4531 cum
1129 4479 1360 4533 dilectus
1401 4482 1542 4535 [ilius
1588 4483 1792 4551 aliquid
1849 4486 2071 4551 patitur.

2188 3293 2344 3363 ⁴Ιγφίει
2393 3293 2590 3361 συχνὰς
2652 3294 2745 3344 καὶ
2788 3295 3039 3363 ἀσήμους
3080 3297 3284 3364 φωνὰς,
3341 3292 3435 3351 οἵα
3472 3300 3747 3369 συμϐαίνει

2186 3386 2283 3438 καὶ
2307 3383 2576 3452 γίνεσθαι,
2615 3385 2745 3437 ὅταν
2776 3388 2803 3438 ὁ
2830 3386 3039 3455 δαίμων
3095 3387 3185 3440 τὸν
3226 3390 3621 3459 ἐνεργούμενον
3669 3390 3747 3443 ἁλ-

2185 3476 2441 3541 λοιὼσας,
2482 3477 2691 3547 ἐκεῖνος
2716 3478 2838 3540 ὅλος
2869 3489 2892 3515 ο
2928 3478 3101 3544 λαλεῖ,
3145 3458 3387 3550 τὸασῶμα
3415 3482 3509 3534 τοῦ
3542 3484 3756 3551 πάσχον·

2184 3584 2275 3629 τος
2310 3568 2439 3619 ἴδιον
2460 3568 2853 3637 τεχναζόμενος
2884 3568 3140 3639 ὄργανον.
3181 3572 3240 3623 'il
3272 3572 3328 3624 δὲ
3365 3576 3553 3644 μήτηρ
3576 3574 3753 3626 τούτου

2183 3658 2552 3730 ὀδυνηροτέρα
2575 3659 2669 3711 τοῦ
2704 3661 3009 3728 πάσχοντος
3036 3663 3449 3735 δακρυρροοῦσα
3466 3669 3559 3719 καὶ
3572 3684 3753 3719 κοπτο-

2187 3738 2349 3820 μένη,
2378 3752 2475 3803 καὶ
2521 3750 2581 3803 τὸ
2613 3751 2805 3803 τέκνον
2835 3753 2935 3819 τῆς
2974 3754 3157 3823 χειρος
3183 3755 3465 3824 κρατοῦσα
3502 3757 3752 3829 ἔρριπτεν

2185 3841 2409 3907 φωνάς’
2453 3839 2719 3915 Ἐλέησόν.
2755 3856 2844 3908 με,
2872 3839 3024 3908 ἅγιε,
3078 3842 3175 3911 τὴν
3216 3843 3622 3917 ἢπαντάλαιναν.
3665 3844 3753 3895 Ἐν

2187 3931 2348 4001 μόνον
2378 3948 2467 4000 μοι
2517 3932 2706 3983 τέκνον
2762 3933 3027 4001 πάρεστιν
3055 3936 3110 3984 ὲν
3143 3937 3206 4003 τῇ
3240 3936 3376 4004 ζωῇ,
3419 3936 3448 3989 ὃ
3502 3937 3596 3988 νῦν
3624 3936 3748 4004 ὁρᾷς

2180 4022 2632 4091 δαιμονιζόμενον
2665 4038 2679 4052 ο
2749 4024 2844 4075 καὶ
2896 4025 2943 4075 εί
2991 4024 3375 4095 θανατωθῆναι
3420 4027 3581 4080 τοῦτο
3627 4027 3752 4097 πρὸς

2181 4111 2316 4162 Θεὸν
2352 4109 2604 4180 εῧξομαι,
2634 4113 2665 4181 ἡ
2724 4113 2951 4165 ἁτεκνία
2979 4113 3273 4182 τιτρώσκει
3321 4132 3424 4185 με’
3463 4117 3557 4169 καὶ
3598 4115 3752 4168 πάλιν

2180 4200 2545 4269 δαιμονῶντα
2585 4201 2727 4271 ἔχειν
2758 4203 2916 4255 τοῦτο
2948 4204 3006 4256 ού
3044 4204 3307 4273 δύναμαι.
3355 4207 3446 4258 Ἐν
3471 4208 3623 4260 νυκτὶ
3654 4206 3750 4276 γὰρ

2182 4292 2278 4343 καὶ⁸
2297 4293 2354 4343 ὲν
2378 4291 2562 4363 ἡμέρα
2587 4294 3076 4361 παρατρεπόμενον
3107 4295 3270 4366 ὀδυνᾷ
3298 4314 3403 4363 μου
3424 4299 3526 4367 τὴν
3555 4299 3742 4368 ψυχήν.

2181 4384 2285 4434 Δύο
2314 4383 2492 4452 ψυχὰς
2517 4384 2739 4451 ἐλέησον
2777 4385 2872 4437 καὶ
2901 4385 3205 4455 ἰατρευσον,
3240 4387 3361 4454 ἆγιε
3388 4404 3403 4417 ·
3440 4388 3629 4442 τοῦτον
3652 4388 3739 4441 τοῦ

2179 4473 2454 4542 δαίμονος,
2490 4474 2634 4544 κάμὲ
2654 4476 2751 4539 τῆς
2776 4475 2992 4545 ὀδύνης,
3019 4479 3115 4529 καὶ
3141 4473 3229 4530 οἷα
3255 4479 3553 4547 συμϐαίνει
3589 4480 3746 4548 λυπη-

508 4568 641 4619 (ium
673 4580 850 4622 autem
892 4586 1027 4638 puer
1057 4570 1226 4639 magis
1279 4576 1553 4643 magisque
1590 4578 1908 4645 agitaret-tr,
1949 4579 2070 4645 ejus

2191 4565 2259 4635 ρὰ
2283 4566 2401 4625 ταῖς
2431 4567 2725 4635 μητράσιν,
2774 4568 2905 4619 ὅταν
2933 4568 2962 4618 ὁ
3012 4569 3342 4636 φιλούμενος
3391 4575 3527 4636 παῖς
3560 4547 3747 4641 πάσχει

510 4672 678 4711 mater
732 4672 1019 4727 conspccta
1081 4664 1253 4717 sancti
1311 4677 1501 4732 matre,
1532 4670 1597 4720 ad
1651 4685 1768 4720 cazn
1816 4673 2080 4734 cucurrit,

506 4750 658 4813 cujus
719 4753 884 4818 pedes
946 4756 1248 4823 amplexata
1298 4757 1648 4828 lacrymando
1689 4763 1762 4814 ait
1799 4781 1812 4817 :
1849 4761 1927 4815 Tn
1964 4765 2078 4819 sola

510 4844 612 4893 mei
641 4840 847 4897 doloris
886 4847 1102 4899 conscia
1123 4862 1201 4912 es,
1244 4863 1361 4916 qua:
1392 4850 1621 4904 similem
1652 4852 1881 4906 liliorum
1907 4853 2078 4922 lcgem

509 4931 745 4986 subiisti.
776 4933 853 4986 Tu
872 4950 1004 5002 ergo
1025 4953 1173 4990 meas
1202 4954 1471 4992 azrumnas
1494 4942 1788 5008 perpende,
1820 4954 2078 5011 tuumque

516 5023 684 5077 lilium
722 5040 869 5095 roga,
899 5035 956 5079 ut
982 5043 1078 5095 pro
1105 5044 1226 5081 meo
1259 5029 1459 5083 infelici
1500 5031 1609 5084 lilio
1656 5043 1794 5088 oret.
1832 5034 2073 5104 Namque

509 5124 729 5179 propter
756 5117 944 5169 matris
984 5128 1200 5185 peccata
1232 5120 1551 5188 gravissime
1596 5138 1731 5190 puer
1762 5126 2077 5195 castigatur.

509 5203 618 5255 Ilac.
658 5205 867 5276 lugubri
923 5196 1173 5264 oratione
1226 5213 1417 5265 mulier
1479 5229 1583 5266 non
1630 5225 1836 5269 tantum
1892 5223 2067 5274 sancti

438 5338 457 5343 η
511 5305 760 5359 inatrem,
795 5299 886 5351 sed
919 5301 1084 5353 etiam
1144 5318 1332 5355 onincs
1386 5306 1475 5372 qui
1541 5308 1765 5361 aderant
1802 5308 1867 5362 ad
1899 5310 2077 5382 laery-

513 5389 762 5438 mandunt
797 5390 1040 5446 adduxit.
1072 5393 1250 5457 Quare
1296 5399 1482 5479 beatus
1512 5397 1819 5466 Stcphanus
1851 5404 2079 5457 cummi--

513 5486 783 5532 srratione
845 5494 1143 5549 permotus,
1231 5486 1319 5541 nni
1382 5506 1411 5541 e
1471 5491 1752 5545 monachis
1822 5493 2078 5562 praecepit

515 5559 779 5632 integrum
830 5572 978 5637 pueri
1016 5588 1212 5644 corpus
1270 5577 1425 5646 signo
1458 5580 1639 5634 crucis
1680 5582 1918 5649 signare.
1954 5584 2076 5653 Ipse

587 5736 609 5769 Il
643 5737 711 5785 ιι.
748 5739 967 5792 τούτω.
997 5744 1256 5800 ἀκοῦσαν.

1338 5760 1360 5787 θ
1392 5750 1457 5800 al.
1491 5749 1645 5812 ὅλως.
1729 5752 1747 5789 ί
1781 5755 1850 5805 al.
1896 5757 2090 5810 ποδῶν.

2180 4673 2251 4709 τι.
2316 4659 2439 4710 Ἐπὶ
2486 4659 2739 4711 πλεῖστον
2785 4660 2840 4712 δὲ
2900 4661 3043 4714 οὕτω
3090 4664 3186 4715 τοῦ
3245 4663 3442 4728 παιδος
3499 4660 3747 4736 χειμαζο-

2187 4748 2373 4817 μένου,
2429 4751 2461 4819 ἡ
2520 4748 2715 4802 τούτου
2774 4752 2965 4821 μήτηρ
3026 4753 3126 4823 τὴν
3165 4755 3383 4825 μητέρα
3439 4758 3538 4810 τοῦ
3598 4758 3745 4825 ἁγίου

2186 4842 2391 4907 ἰδοῦσα,
2420 4842 2561 4913 αὕτη
2598 4844 2882 4913 δραμοῦσα
2916 4847 3145 4900 ἅπτεται
3176 4848 3285 4901 τῶν
3314 4851 3494 4920 αὐτῆς
3522 4852 3677 4921 ἰχνῶν
3708 4849 3744 4913 ί,

2180 4935 2480 5007 ὀδυρομένη
2539 4940 2634 4990 καὶ
2682 4938 2955 5005 λέγουσα·
3020 4940 3091 4992 Σύ
3157 4958 3261 5010 μου
3313 4944 3611 5014 καὶομόνη
3666 4943 3747 4995 τὸν

2186 5027 2347 5080 πόνον
2382 5030 2691 5093 ἐπίστασαι,
2750 5031 2783 5101 ἠ
2818 5031 2909 5084 τὸν
2948 5032 3136 5101 ὅμοιον
3187 5034 3353 5104 νόμον
3407 5036 3518 5088 τῶν
3554 5037 3747 5088 τέκνων

2185 5120 2599 5190 ὑπουργήσασα.
2631 5121 2701 5174 Σύ
2736 5139 2837 5192 μου
2863 5124 2957 5176 καὶ
2985 5126 3362 5195 έπεμέτρησον
3383 5127 3445 5179 τὸ
3472 5127 3747 5197 ὀδυνηρὸν,

2185 5213 2278 5264 καὶ
2311 5200 2410 5265 ’τὸν
2468 5214 2583 5267 υἱόν
2617 5231 2711 5266 σου
2735 5214 2995 5281 εὔξασθαι
3048 5217 3187 5288 ὑπὲρ
3238 5219 3333 5272 τοῦ
3381 5219 3618 5273 ὲλεεινοῦ
3653 5235 3746 5289 μου

2190 5305 2375 5367 παιδὸς
2415 5305 2758 5375 δυσώπησον,
2812 5310 2895 5361 ὅτι
2948 5310 3154 5380 μητρὸς
3188 5312 3594 5382 ἁμαρτησέισης
3626 5312 3749 5365 πάν-

2184 5394 2440 5461 δεινα,τδ
2492 5396 2689 5467 βρέφος
2746 5399 3083 5454 παιδεύεται.
3119 5402 3345 5465 Τούτοις
3379 5406 3495 5465 τοῖς
3545 5404 3746 5471 γοεροῖς

2188 5488 2430 5558 ῥήμασιν
2461 5488 2519 5541 ού
2554 5489 2714 5558 μόνον
2752 5490 2850 5560 τὴν
2880 5494 2974 5545 τοῦ
3013 5494 3173 5560 ἁγίου
3225 5495 3464 5564 μητέρα,
3495 5495 3630 5547 ἀ).λὰ
3662 5492 3746 5545 καὶ

2187 5580 2392 5657 πάντας
2426 5582 2550 5644 τοὺς
2579 5583 2834 5647 συνόντας
2866 5587 2897 5654 ὴ
2926 5587 3065 5654 γυνὴ
3103 5586 3239 5655 πρὸς
3287 5586 3485 5657 θρῆνον
3530 5586 3743 5656 κινήσα-
