4060 6494
375 349 517 448 1153

375 511 478 558 σα,
566 493 939 564 συμπαθήσας
1017 494 1046 546 ὁ
1131 491 1403 562 μακάριος
1475 490 1784 558 Στέφανος,

373 585 588 657 σημείῳ
611 584 704 638 τοῦ
735 583 969 656 σταυροῦ
1017 584 1158 637 κατὰ
1193 585 1394 647 παντὸς
1439 582 1533 636 τοῦ
1577 583 1824 653 σώματος
1853 581 1946 635 τοῦ

373 676 564 738 παιδὸς
589 675 686 728 ἕνα
711 676 820 730 τῶν
876 675 1124 746 μοναχῶν
1158 679 1600 746 κατασφραγῖσαι
1636 675 1901 738 κελεύσας
1929 689 1946 703 ·

372 767 538 830 αὑτός
590 783 650 820 τε
706 769 772 819 ὲκ
819 767 916 819 τοῦ
971 767 1328 838 ὲγκλείστρου
1377 767 1749 836 ἐπευξάμενος
1811 765 1948 836 μετὰ

372 859 650 929 δακρύων.
716 858 824 910 Τοῦ
872 857 930 911 δὲ
983 859 1245 928 ῥαγέντος
1294 859 1434 928 μετὰ
1491 859 1588 929 τὴν
1643 858 1830 928 εὐχὴν,
1891 857 1948 922 ἐξ

372 947 640 1018 ὀνόματος
669 947 762 1000 τὸν
799 949 966 1002 παῖδα
995 947 1235 1012 καλέσας
1251 949 1347 1000 καὶ
1371 948 1465 1002 τοῦ
1497 948 1736 1018 Χριστοῦ
1764 947 1948 1000 εἰκόνα

373 1038 761 1112 προσκυνῆσαι
814 1043 1070 1112 ποιήσας,
1132 1041 1250 1110 ἅμα
1324 1045 1388 1112 τῇ
1453 1043 1623 1112 μητρὶ
1679 1043 1949 1094 ἀπέλυσεν

381 1134 547 1188 αὐτὸν
575 1135 654 1196 εἰς
687 1132 754 1186 τά
793 1133 898 1186 ῐδια
926 1133 1080 1204 ὑγιῆ.
1127 1135 1236 1186 Καὶ
1267 1134 1516 1204 ἐναργῶς
1545 1130 1613 1204 ἦν
1656 1133 1949 1204 πεπληρω-

379 1224 540 1295 μένον
579 1225 636 1276 ὲν
674 1224 858 1288 αὐτοῖς
897 1223 1074 1277 έκεῖνο
1120 1225 1180 1277 τὸ
1235 1225 1542 1292 Δαυῖτικὸν,
1593 1227 1804 1297 μητέρα
1855 1227 1950 1279 ἐπὶ

374 1317 554 1386 τέκνῳ
585 1314 1021 1388 εὐφραινομένην
1047 1325 1074 1364 ε
1104 1315 1456 1387 πορεύεσθαι.

448 1404 756 1475 Αίμόρρους
777 1403 954 1455 τοίνυν
977 1403 1112 1474 ἄλλη
1137 1420 1220 1468 τις
1243 1404 1381 1476 γυνὴ
1407 1405 1709 1476 σεμνοτάτη
1732 1405 1792 1470 ἐξ
1813 1405 1952 1458 ἐτῶν

375 1495 521 1548 ἑπτὰ
557 1497 623 1566 τῇ
661 1495 816 1564 ῥύσει
849 1497 1224 1568 μαραινομένη
1261 1497 1356 1549 τοῦ
1386 1497 1618 1567 αἵματος
1650 1497 1948 1567 ᾐσχύνετο,

377 1585 661 1658 ἠδημόνει,
690 1587 888 1657 ἠπόρει
903 1589 998 1640 ὅτι
1024 1590 1119 1642 καὶ
1139 1589 1412 1660 δράσειεν,
1436 1589 1746 1642 ἀπειποῦσα
1767 1588 1952 1641 λοιπὸν

377 1677 458 1748 τῷ
505 1677 681 1748 χρόνῳ
724 1678 823 1746 τὴν
858 1679 1028 1733 ῐασιν.
1065 1677 1209 1748 Ᾱῦτη
1263 1679 1601 1732 κατοικοῦσα
1645 1680 1704 1732 ἐν
1748 1682 1813 1749 τῇ
1851 1679 1952 1748 τῆς

377 1768 604 1840 Θρᾴκης
646 1767 944 1840 Ἡρακλείᾳ
973 1771 1201 1839 πλησίον
1230 1771 1323 1824 τοῦ
1351 1769 1624 1839 αἰγιαλοῦ,
1655 1772 1749 1824 καὶ
1783 1773 1952 1824 ἀκου-

1382 385 1561 445 VITA
1591 385 1651 444 S.
1693 383 2073 443 STEPHANI
2111 383 2497 442 JUNlORIS.

1871 489 1950 560 τῷ
1978 498 2024 552 Α
2057 504 2187 543 vero
2218 489 2434 542 interim
2466 503 2497 542 e
2540 501 2636 542 sua
2667 500 2828 540 cavea
2860 502 3048 556 preces
3087 488 3251 562 492
3285 504 3407 544 cum
3437 490 3618 562 lacry-

3483 379 3619 448 1154

2058 579 2160 632 mis
2216 577 2494 632 fundebat.
2556 576 2688 630 Cum
2736 584 2912 629 autem
2975 593 3108 646 puer
3145 589 3264 648 post
3319 579 3619 634 orationem

2056 671 2407 724 Vehementer
2473 671 2797 736 agitaretur,
2833 683 2954 722 eum
3005 684 3069 724 ex
3104 671 3321 724 nomine
3382 671 3619 735 vocavit,

2057 758 2372 824 Christique
2413 757 2703 825 imaginem
2750 759 2982 814 adorare
3027 755 3240 824 jussit:
3297 774 3405 826 quo
3453 760 3620 822 laeto.

2056 865 2246 904 sanum
2284 865 2388 902 una
2440 865 2560 901 eum
2624 858 2797 902 matre
2847 853 2911 903 ad
2965 851 3180 920 propria
3229 849 3460 904 ditnisit.
3506 853 3622 918 Qua

2059 940 2276 1008 quidem
2324 940 2372 992 itt
2427 955 2483 992 rc
2518 939 2646 991 illtttl
2695 939 3008 994 Davidieum
3069 942 3121 994 itt
3179 941 3286 994 illis
3338 941 3624 994 titanilesle

2058 1027 2338 1096 impletum
2397 1029 2742 1094 cernebatur,
2825 1039 3051 1083 matrem
3110 1031 3165 1084 itt
3210 1028 3624 1084 ﬁliolaatantem

2057 1119 2324 1188 prolicisci
2351 1117 2418 1170 ⁸ο.

2128 1411 2244 1466 Alia
2273 1411 2516 1480 quzedam
2567 1413 2898 1467 nobilissima
2932 1413 3126 1468 mulier
3155 1428 3185 1466 a
3225 1422 3426 1474 sentem
3471 1415 3628 1470 annis

2059 1505 2340 1574 sanguinis
2373 1503 2518 1557 ﬂuxu
2551 1519 2657 1558 non
2685 1505 2801 1558 sine
2829 1505 3034 1571 pudore
3067 1514 3123 1558 et
3153 1505 3349 1559 rubore
3382 1505 3626 1560 tabesce-

2058 1595 2172 1656 bat,
2207 1589 2635 1665 gravissimeque
2669 1597 2967 1664 angebatur
3007 1596 3191 1664 ignara
3233 1596 3361 1662 quid
3409 1605 3629 1664 ageret,

2055 1685 2280 1756 jamque
2325 1687 2583 1754 temporis
2623 1687 2975 1740 diuturnitate
3017 1687 3084 1740 de
3131 1687 3303 1740 morbi
3349 1689 3632 1740 sanatione

2062 1776 2378 1846 desperans.
2435 1775 2561 1830 llaec
2611 1781 2752 1846 apud
2807 1776 3123 1830 Heracleam
3170 1769 3425 1831 Thraciae
3467 1792 3633 1846 prope

377 1860 631 1914 τισθείσα
663 1861 818 1930 παρά
850 1865 960 1914 τῶν
988 1863 1408 1931 προσπλεόντων
1439 1865 1570 1934 περὶ
1602 1859 1712 1915 τῶν
1741 1861 1957 1933 θαυμα-

2069 1868 2212 1922 littus
2243 1866 2515 1932 manebat,
2551 1882 2670 1935 qua:
2697 1883 2818 1920 eum
2855 1881 2884 1920 a
2923 1867 3300 1931 navigantibus
3332 1868 3504 1920 sancti
3534 1867 3635 1920 mi-

377 1953 649 2022 τουργιῶν
699 1952 794 2006 τοῦ
839 1953 1023 2018 ὁσίου,
1075 1951 1276 2024 ⁸ἦρξα-το
1309 1955 1575 2024 διερωτᾷν
1613 1954 1960 2024 ποτνιωμένη

381 2045 480 2099 καὶ
505 2043 920 2114 παρακαλοῦσα·
943 2044 1052 2096 Ποῦ
1085 2041 1193 2114 ἆρά
1221 2061 1283 2112 γε
1315 2046 1344 2096 ὁ
1373 2044 1467 2096 τοῦ
1503 2043 1640 2116 Θεοῦ
1681 2043 1832 2112 φίλος
1865 2045 1962 2097 καὶ

383 2135 561 2204 αὐτῆς
599 2135 782 2204 ἰατρὸς
813 2134 1196 2204 ὲπισχολάζει;
1228 2135 1350 2188 Τῶν
1377 2136 1434 2188 δὲ
1457 2135 1964 2191 δακτυλοδεικτούν-

379 2243 492 2278 των
513 2226 764 2295 ἀντικρὺ,
787 2225 886 2295 τήν
906 2225 1147 2292 τενῆσον
1177 2225 1384 2280 καῖ’τὺν
1411 2226 1574 2280 τόπον
1596 2225 1964 2278 ἐπιδεικνυόν-

381 2335 516 2380 των,
545 2315 682 2386 αῦτη
712 2316 872 2369 ὄκνον
895 2315 1210 2386 ἀποθεμένη
1241 2317 1449 2383 πάντα,
1467 2317 1526 2370 ἒν
1555 2317 1763 2388 νηαρίῳ
1787 2317 1813 2356 ιι
1847 2319 1962 2370 είσ·

384 2408 566 2469 ιοῦσα,
601 2409 877 2478 δρομαίως
927 2409 996 2479 τῇ
1048 2409 1198 2478 νήσῳ
1244 2409 1575 2479 προσπλέει,
1615 2410 1712 2462 καὶ
1755 2409 1833 2480 τῷ
1866 2408 1962 2462 τοῦ

383 2499 539 2556 ὁσίου
578 2500 885 2570 παρορμᾷὶ
930 2501 1177 2570 ἰατρείῳ,
1217 2500 1278 2553 τὸ
1309 2499 1479 2562 πάθος
1524 2500 1959 2565 ἐπιδεικνύουσα,

379 2590 478 2644 τὸν
505 2590 696 2661 χρόνον
718 2589 1160 2658 ἀπαγγέλλουσα,
1185 2591 1280 2643 καὶ
1305 2591 1559 2661 ὀδυρμοῖς
1585 2592 1680 2644 καὶ
1702 2590 1966 2659 δάκρυσιν

383 2681 782 2752 παρακαλοῦσα
813 2668 907 2734 τοῦ
950 2681 1183 2750 ίαθῆναι.
1233 2681 1396 2733 Ἀλλά
1426 2681 1632 2752 ταύτην
1667 2681 1964 2750 εὐξάμενος

381 2774 414 2826 δ
445 2772 635 2842 Πατὴρ
679 2771 1054 2842 ἐθεράπευσεν
1080 2775 1147 2842 τῇ
1192 2775 1250 2826 ὲν
1296 2773 1519 2844 Χριστῷ
1568 2774 1826 2843 σφραγῖδι
1869 2772 1966 2826 καὶ

385 2865 454 2934 τῇ
488 2865 858 2932 προσκυνήσει
887 2863 986 2932 τῆς
1020 2862 1186 2915 αὑτοῦ
1215 2863 1443 2926 εἰκόνος.
1480 2863 1694 2933 Στερρἀ
1722 2863 1778 2914 δὲ
1808 2879 1966 2930 γενο-

390 2955 528 3026 μένη
556 2952 634 3024 τῷ
672 2951 908 3022 σώματι,
942 2956 1008 3024 τῇ
1039 2953 1198 3024 τρίτη
1231 2955 1416 3024 ἡμέρᾳ
1443 2953 1660 3005 τελείαν
1688 2955 1721 3024 ἡ
1750 2953 1964 3024 ἄνθρω-

385 3063 488 3109 πος
537 3045 632 3097 καὶ
691 3043 986 3096 σθένουσαν
1037 3031 1355 3114 ὅντως’τὴν
1403 3043 1565 3112 φύσιν
1617 3041 1717 3112 τὴν
1765 3041 1967 3111 ἑαυτῆς

383 3130 781 3208 ἀνεγνώρισεν,
829 3133 1144 3206 μηδαμόθεν
1174 3133 1541 3205 μεριζομένην
1571 3133 1604 3204 ἢ
1637 3135 1966 3204 ἐκκενουμέ-

382 3247 488 3300 νην
519 3229 596 3298 τῷ
623 3228 994 3297 ἀσθενήματι.

473 3320 615 3374 Ἀλλ’
635 3321 696 3384 ἐξ
732 3320 936 3388 ἑτέρων
966 3321 1054 3388 ἐφ’
1079 3319 1245 3390 ἕτερά
1279 3337 1346 3390 με
1385 3318 1697 3388 ἀπαγαγὼν
1729 3321 1757 3372 ὁ
1785 3319 1964 3388 λόγος,

388 3413 514 3468 εἰδὲ
543 3413 868 3484 βουλόμενον
898 3411 965 3482 ἑᾷ
997 3416 1236 3484 σιωπᾷν.
1266 3414 1376 3466 Καὶ
1406 3414 1516 3486 γὰρ
1537 3415 1632 3466 καὶ
1663 3413 1972 3484 τιροωμολό⁶

384 3521 538 3575 γησα
579 3503 680 3576 τὴν
723 3502 1061 3572 πτωχόνοιαν
1103 3503 1178 3574 μὴ
1204 3505 1471 3574 ἐπαρκεῖν
1525 3504 1662 3574 πρὸς
1705 3504 1766 3556 τὸ
1795 3505 1971 3572 πέρας

384 3597 504 3650 τῶν
551 3596 888 3668 ἐξηγήσεων.
937 3596 1132 3658 Πόσοις
1175 3595 1284 3666 γὰρ
1329 3595 1677 3667 ὁδοιποροῦσι
1725 3598 1790 3664 τῇ
1835 3597 1967 3666 εὐχῇ

387 3686 618 3756 γέγονεν
649 3685 951 3754 συνοδίτης,
985 3686 1080 3738 καὶ
1106 3689 1217 3748 τοῖς
1249 3687 1305 3738 ἐν
1337 3685 1473 3756 ζάλῃ
1519 3685 1738 3738 πλέουσι
1769 3685 1971 3756 κυϐερ-

387 3781 583 3850 νήτης,
632 3777 868 3849 μάλιστα
907 3776 964 3830 δὲ
1009 3778 1068 3830 ὲν
1119 3775 1301 3847 καιρῷ
1355 3777 1593 3846 σφοδρᾶς
1624 3777 1969 3845 καταιγίδος;

392 3870 566 3922 Ὅταν
595 3869 704 3940 γὰρ
724 3869 914 3937 ἄγριον
938 3868 1085 3939 ἑώρα
1101 3867 1192 3920 τὸν
1207 3869 1304 3936 τῆς
1321 3867 1599 3936 θαλάσσης
1624 3867 1783 3920 σάλον
1809 3884 1973 3938 κορυ-

390 3963 687 4035 φούμενον,
717 3961 812 4013 καὶ
840 3960 932 4013 τὸν
951 3959 1158 4029 ταύτης
1183 3959 1359 4030 ῥοῖζον
1386 3961 1486 4022 τὰς
1509 3961 1680 4022 ἀκοὰς
1711 3958 1969 4012 νικῶντα·

386 4057 520 4108 τότε
561 4055 690 4117 τοὺς
739 4051 1006 4121 ἀδελφοὺς
1063 4051 1406 4122 προέτρεπεν
1453 4053 1534 4115 εἰς
1579 4051 1744 4122 εὐχὴν
1778 4053 1971 4123 ἐκτενῆ

392 4147 540 4218 ὑπὲρ
579 4145 689 4198 τῶν
724 4144 1001 4198 πλεόντων
1049 4144 1142 4196 καὶ
1174 4145 1354 4196 ἐκεῖνο
1394 4143 1620 4213 ψάλλειν
1661 4143 1721 4209 τὸ
1753 4159 1971 4213 προφη-

389 4239 566 4292 τικόν·
610 4236 704 4304 Μὴ
735 4235 806 4290 ἐν
849 4233 1140 4304 ποταμοῖς
1189 4233 1514 4303 ὀργισθῇς,
1547 4235 1745 4302 Κύριε,
1787 4233 1874 4302 μὴ
1904 4234 1976 4286 ἐν

390 4329 682 4396 ποταμοῖς
716 4333 748 4383 ὁ
782 4328 969 4396 θυμός
991 4344 1130 4392 σου,
1175 4325 1210 4394 ἢ
1237 4327 1306 4380 ἐν
1340 4327 1622 4394 θαλάσσῃ
1653 4327 1719 4380 τὸ
1741 4323 1975 4395 ὄρμημά

390 4440 512 4480 σου
536 4440 554 4487 ;
582 4421 690 4475 Καὶ
709 4415 776 4489 ἦν
807 4419 958 4479 ἰδεῖν,
986 4415 1518 4486 καταστορεσθείσης
1545 4415 1642 4484 τῆς
1672 4413 1970 4485 θαλάσσης,

2065 1959 2245 2014 racnla
2281 1958 2578 2025 didicisset,
2617 1957 2921 2026 percontari
2954 1957 3155 2024 incepit
3187 1972 3352 2012 orans
3383 1967 3436 2012 et
3469 1959 3632 2012 obse-

2064 2064 2250 2115 crans,
2283 2049 2501 2103 ubinam
2539 2047 2642 2116 Dei
2691 2049 2900 2102 amicus
2928 2061 3165 2114 smtsqne
3209 2048 3451 2101 medicus
3483 2062 3634 2100 com-

2065 2140 2410 2194 morari-tur?
2448 2140 2554 2193 lllis
2602 2155 2732 2194 vero
2777 2155 2808 2194 e
2858 2145 3080 2209 regione
3111 2139 3271 2192 sitam
3305 2139 3538 2192 insulam
3579 2147 3636 2192 et

2063 2230 2236 2284 locum
2273 2231 2443 2299 digito
2475 2231 2910 2291 ostendentibus,
2944 2230 3057 2284 haec
3087 2230 3205 2283 sine
3235 2229 3339 2282 ulla
3372 2244 3524 2282 mura
3554 2227 3635 2282 Vt'l

2065 2333 2209 2376 metu
2239 2321 2538 2374 naviculam
2569 2323 2908 2382 conscendit,
2937 2333 2992 2376 et
3028 2321 3278 2376 celeriter
3309 2323 3374 2374 ad
3403 2321 3634 2374 insulam

2065 2413 2290 2482 appulit.
2329 2411 2462 2465 'l‘nnt
2493 2413 2766 2466 concitato
2797 2413 2962 2483 gradu
2989 2413 3055 2466 ad
3085 2413 3255 2466 sancti
3290 2413 3485 2465 medici
3516 2411 3636 2464 olli-

2067 2505 2243 2557 cinam
2273 2505 2556 2568 advolans,
2585 2505 2828 2558 morbum
2858 2504 2932 2558 illi
2960 2515 3011 2558 et
3049 2514 3258 2573 tempus
3293 2519 3322 2556 a
3355 2519 3459 2572 quo
3492 2503 3640 2556 labo-

2069 2597 2248 2662 rabat,
2285 2597 2604 2660 declaravit,
2633 2611 2865 2665 eumque
2897 2612 3018 2649 cum
3061 2595 3349 2664 gemitibus
3375 2605 3427 2649 et
3461 2596 3640 2665 larry-

2067 2689 2175 2752 mis,
2207 2689 2432 2758 rogavit,
2477 2695 2534 2741 ut
2581 2688 2682 2742 sibi
2722 2689 3059 2742 sanationem
3109 2688 3432 2756 impertiret.
3472 2686 3642 2754 Igitur

2067 2791 2286 2834 Sanctus
2328 2778 2510 2842 Pater,
2567 2777 2700 2832 fusis
2741 2779 3014 2847 precibus,
3055 2779 3200 2832 illam
3227 2778 3426 2832 Christi
3464 2777 3643 2847 sigillo

2066 2867 2293 2936 ejusque
2325 2867 2574 2936 imaginis
2603 2869 2918 2922 adoratione
2949 2883 3136 2922 sanam
3172 2867 3422 2920 reddidit.
3457 2863 3642 2918 Firtna

2069 2969 2250 3011 autem
2281 2957 2446 3029 493
2490 2958 2630 3011 facta
2673 2973 2900 3027 corpore
2937 2959 3149 3020 mulier,
3189 2959 3348 3011 tertia
3384 2957 3475 3010 die
3512 2972 3642 3024 per-

2073 3049 2268 3103 fectam
2292 3059 2347 3101 et
2373 3065 2499 3102 vere
2522 3049 2752 3102 validam
2777 3065 2929 3102 suam
2955 3049 3313 3102 substantiam
3339 3062 3460 3102 esse
3481 3062 3645 3114 agno-

2069 3141 2168 3201 vit,
2207 3153 2382 3208 neque.
2420 3139 2612 3194 morbo
2652 3137 2760 3192 ulla
2789 3153 2853 3193 ex
2892 3150 3047 3210 parte
3093 3138 3337 3208 separari
3366 3148 3422 3192 et
3449 3138 3640 3192 exina-

1991 3209 2034 3266 θ
2069 3215 2194 3285 uiri.

2141 3322 2367 3384 Verum,
2419 3320 2598 3374 oratio
2639 3335 2726 3375 me
2771 3335 2834 3374 ex
2869 3320 2990 3376 aliis
3038 3320 3102 3374 ad
3145 3321 3248 3375 alia
3299 3321 3636 3387 conducens,

2073 3427 2250 3482 neque
2282 3412 2548 3464 volentem
2598 3411 2761 3464 silere
2795 3411 3057 3480 permittit
3093 3429 3107 3466 :
3147 3413 3360 3467 tametsi
3404 3412 3507 3466 mei
3559 3411 3645 3465 in-

2071 3497 2236 3575 genii
2273 3513 2649 3571 paupertatem
2703 3503 2769 3555 ad
2822 3503 3002 3556 omnia
3058 3503 3362 3556 enarranda
3420 3505 3647 3557 minime

2071 3595 2320 3650 auliirere
2361 3593 2474 3662 jam
2528 3607 2688 3660 supra
2729 3592 3014 3646 confessus
3057 3590 3278 3646 fuerim.
3310 3592 3452 3659 Quot
3498 3594 3644 3647 enim

2071 3689 2342 3742 viatorntn
2389 3700 2449 3742 se
2488 3687 2694 3738 socium
2745 3686 2992 3737 oratione
3034 3685 3302 3752 praebuit?
3353 3684 3496 3751 Quot
3551 3702 3654 3754 per.

2075 3794 2222 3834 mate
2254 3778 2625 3844 navigantium
2656 3775 2988 3828 vehementis
3016 3774 3317 3843 praesertim
3347 3785 3648 3842 tempesta-

2078 3875 2144 3925 tis
2183 3881 2430 3940 tempore
2462 3868 2796 3937 gubernator
2821 3867 3048 3921 ellectus
3078 3865 3197 3921 est?
3229 3867 3360 3920 Cum
3393 3868 3536 3920 enim
3569 3865 3652 3921 fe-

2077 3978 2232 4016 roces
2266 3961 2428 4013 maris
2457 3958 2652 4030 ﬂuetus
2694 3958 3092 4022 intumescere,
3125 3970 3424 4024 eorumque.
3457 3955 3648 4009 fremi-

2077 4064 2190 4106 tunt
2232 4052 2299 4106 ad
2350 4065 2514 4106 aures
2561 4064 2734 4118 usque
2768 4047 3077 4117 pertingere
3114 4048 3468 4112 advertenat;
3519 4058 3649 4101 tunc

2077 4145 2272 4199 fratres
2317 4143 2658 4205 hortabatur,
2697 4152 2756 4192 ut
2787 4138 3053 4209 prolixam
3088 4118 3390 4192 or'ationetn
3423 4154 3520 4208 pro
3550 4155 3650 4192 ua-

2075 4236 2384 4304 vigantibus
2432 4241 2785 4302 peragerent,
2833 4230 3072 4298 illudque
3125 4231 3401 4299 prophetae
3453 4231 3654 4296 psalle-

2075 4338 2249 4381 rent:
2302 4325 2556 4395 Nunquid
2611 4325 2664 4377 in
2705 4322 3012 4398 [luminibus
3069 4323 3242 4398 iratus
3277 4337 3354 4384 es,
3406 4319 3646 4385 Domine,

2076 4427 2168 4471 aut
2200 4419 2254 4469 in
2285 4415 2595 4486 ﬂuminibus
2628 4397 2781 4482 furor
2813 4421 2956 4474 tuus,
2989 4409 3066 4464 re!
3092 4411 3145 4463 in
3171 4397 3325 4464 mari
3354 4411 3649 4480 indignatio

391 4514 727 4588 ἐρχομένους
755 4509 910 4573 τινὰς
935 4510 1028 4562 καὶ
1060 4507 1428 4576 ἀπαγγέλλειν
1457 4505 1556 4578 τὴν
1579 4505 1667 4559 διὰ
1698 4505 1792 4558 τοῦ
1825 4505 1965 4559 όσίου

2077 4505 2273 4562 tua“?
2321 4507 2460 4560 lltnc
2515 4505 2722 4573 placato
2761 4502 2938 4568 mari,
2983 4503 3163 4556 videre
3208 4512 3324 4556 erat
3367 4502 3652 4556 nonnullos

391 4608 578 4664 αὐτῶν
613 4606 938 4678 περίσωσιν.
975 4603 1086 4656 Καὶ
1121 4601 1203 4656 ὅτι
1229 4641 1244 4666 ,
1287 4603 1484 4670 φησὶν,
1538 4601 1612 4653 ἐν
1660 4599 1836 4670 καιρῷ
1870 4599 1972 4669 τῆς

394 4702 649 4770 ἀνάγκης
693 4693 956 4770 ὼράθηςὶ
997 4693 1292 4764 συμπλέων
1345 4695 1478 4765 ἡμῖν
1503 4731 1518 4757 ,
1567 4692 1666 4746 καὶ
1701 4693 1802 4761 τὴν
1845 4691 1979 4746 ναῦν
2015 4735 2024 4740 ς

397 4789 598 4844 ἰθύνων
627 4789 675 4852 ιε,
708 4785 1000 4858 πρυμνίως
1045 4801 1106 4837 τε
1153 4783 1440 4852 ἱστάμενος
1475 4781 1571 4840 καὶ
1601 4779 1981 4850 πηδαλιουχῶν

391 4881 796 4954 ἁρμοδέστατα.
882 4878 992 4932 Καὶ
1059 4875 1233 4938 οὕτως
1291 4875 1532 4936 ἅπαντες
1587 4871 1834 4937 ἐδόξαζον
1884 4871 1978 4925 τὸν

387 4973 550 5026 Θεόν.

477 5064 568 5118 Ἐν
601 5058 940 5122 τούτοις-οῦν
966 5061 1076 5118 τοῖς
1103 5055 1486 5127 προτερήμασι
1519 5054 1612 5108 τοῦ
1644 5053 1827 5124 τιμίου
1858 5057 1972 5108 Πα-

391 5153 525 5225 τρός
555 5151 714 5222 ἡμῶν
743 5149 1020 5218 Στεφάνου
1051 5149 1110 5200 ἐν
1131 5150 1200 5216 τῇ
1242 5147 1424 5217 νήσῳ,
1461 5145 1540 5216 τῷ
1580 5143 1694 5217 τῆς
1723 5147 1983 5218 κατοική-

391 5261 535 5308 σεως
562 5241 732 5297 αὐτοῦ
764 5240 1006 5310 δευτέρῳ
1036 5239 1216 5310 χρόνῳ
1246 5239 1340 5289 καὶ
1363 5235 1598 5308 ὲξορέας,
1628 5239 1660 5306 ἡ
1690 5236 1855 5299 ὅντως
1891 5237 1982 5288 εύ-

393 5335 588 5407 σεϐὴς,
621 5335 716 5388 καὶ
751 5331 1030 5401 φιλόπαις,
1067 5333 1161 5384 καὶ
1185 5329 1284 5398 τῆς
1326 5327 1704 5398 ’Δϐραμισκῆς
1741 5327 1980 5397 μερίδος,

463 5489 514 5522 ⁸⁸
548 5489 694 5543 Psal.
731 5501 866 5552 cxtt,
895 5486 948 5539 9.
1023 5485 1069 5518 ⁸¹
1107 5484 1314 5542 Habac.
1348 5497 1434 5544 tu,
1465 5487 1516 5540 8.

2079 4601 2170 4670 qui
2217 4609 2464 4653 sanctum
2505 4599 2805 4670 adeuntes,
2853 4609 2912 4647 se
2963 4593 3078 4660 ejus
3124 4594 3376 4663 precibus
3424 4593 3654 4647 salutem

2085 4699 2414 4746 consecutos
2451 4703 2572 4742 esse
2618 4687 2955 4740 nuntiabant.
3009 4685 3358 4740 Necessitatis
3389 4697 3659 4754 tempore,

2085 4782 2432 4854 inquiebant,
2468 4795 2576 4834 una
2623 4779 2902 4833 nobiscum
2955 4779 3234 4848 navigare,
3284 4793 3474 4831 navem
3523 4776 3655 4831 diri-

2079 4890 2230 4946 gere,
2283 4877 2334 4928 in
2369 4873 2526 4942 puppi
2591 4882 2736 4926 stare
2773 4872 2919 4925 visus
2959 4886 3042 4924 es.
3083 4870 3172 4925 Sic
3227 4870 3504 4936 universi,
3561 4869 3657 4924 Dei

2081 4966 2272 5020 laudes
2301 4965 2686 5034 praedii-ebant.
2953 5031 2958 5034 _

2157 5059 2290 5111 Dum
2323 5056 2435 5108 [nec
2465 5053 2722 5123 praeclara
2747 5062 2894 5122 gesta
2917 5051 3256 5106 venerandus
3282 5051 3442 5104 Pater
3469 5059 3657 5103 noster

2085 5144 2396 5213 Stephanus
2439 5143 2492 5196 in
2521 5143 2694 5196 insula
2729 5144 2942 5205 edebat,
2980 5157 3122 5196 anno
3151 5141 3388 5196 secundo
3412 5137 3653 5206 ejusdem

2089 5234 2445 5289 habitationis
2486 5233 2652 5306 494
2701 5243 2752 5285 el
2789 5233 3000 5295 exsilii.
3054 5247 3178 5306 )‘Cl‘e
3227 5233 3345 5299 Pi“,
3383 5230 3655 5299 ιηὀιῖεψω

2085 5341 2280 5380 amans
2311 5336 2364 5380 et
2396 5340 2460 5380 ex
2493 5328 2772 5378 Alll‘alllma
2807 5333 2979 5392 parte,
3026 5303 3160 5376 n'ova
3191 5319 3350 5385 Sara,
3387 5335 3486 5375 nec
3514 5321 3655 5375 mut-

1695 5618 1930 5673 VABIIE
1970 5614 2370 5672 LECTIONES.

479 5785 503 5822 ⁸
533 5781 602 5835 al.
630 5777 1042 5851 εἶθ’ξραίνεοθαι.
1123 5777 1149 5818 ιι
1186 5776 1254 5830 al.
1289 5773 1553 5844 πλοιαρίῳ

1656 5772 1674 5810 ί
1710 5773 1778 5826 al.
1811 5773 2086 5844 καθορμᾷ.

2167 5771 2180 5820 i
2217 5771 2286 5824 al.
2321 5767 2532 5840 ὠράῐη.
2612 5763 2635 5804 ι
2671 5767 2740 5821 a'.
2773 5765 3032 5824 εὐθύνων.
