4060 6420
555 324 694 390 1155

1717 323 2094 385 STEPHANI
2133 320 2439 383 DIACONI
2481 322 2589 381 CP-

3658 317 3780 383 1156

556 454 669 498 tum
699 441 922 509 antiqua
942 439 1189 502 inferior.
1220 438 1519 493 beatissimi
1550 439 1648 491 viri
1669 451 1840 492 mater
1865 441 1929 491 ad
1958 436 2123 491 Deum

2229 437 2288 489 οὐ
2310 438 2462 507 παρὰ
2490 434 2626 487 πολὺ
2649 431 3043 499 δευτερεύουσα
3070 432 3165 486 νέα
3190 433 3364 505 Σάρα,
3396 434 3430 504 ἡ
3448 433 3545 487 τοῦ
3570 451 3783 504 παμμε-

555 533 857 604 migravit,
915 548 1038 584 cum
1114 547 1227 586 sua:
1273 530 1399 585 ﬁlia:
1447 530 1675 584 dixisset
1723 547 1736 582 :
1789 529 1907 583 Noli
1960 529 2123 591 Ilere,

552 625 867 684 'I‘heodota;
908 638 1119 677 mecum
1183 623 1327 675 enim
1378 620 1767 690 proficisceris.
1812 619 1943 687 Qua:
1996 619 2122 688 qui-

554 716 674 769 dem
700 714 878 770 sancti
913 729 1070 769 soror
1106 722 1225 781 post
1255 722 1460 783 septem
1497 713 1615 768 dies
1662 713 1716 767 in
1765 727 1896 781 pace
1924 711 2125 767 obdor-

554 807 729 861 mivit.

624 896 818 952 Iisdem
850 898 1040 953 dielms
1078 897 1293 966 quidam
1324 896 1636 966 Stephanus
1663 895 1817 950 miles
1844 896 2003 949 cunei
2028 896 2128 948 Ar-

552 1005 860 1054 menorum,
879 1004 941 1045 ex
969 988 1046 1044 Eu
1061 1004 1201 1058 rapte
1219 990 1487 1058 partibus,
1504 988 1679 1042 media
1705 987 1951 1055 corporis
1975 996 2128 1055 parte

550 1082 853 1137 exsiccatos
877 1120 890 1141 ,
924 1090 1068 1135 totus
1108 1081 1160 1134 in
1193 1090 1392 1135 terram
1422 1094 1627 1148 pronus
1657 1078 2045 1147 propendebat.
2079 1074 2127 1130 Is

553 1186 674 1223 eum
708 1172 758 1223 in
785 1171 1012 1224 insulam
1043 1170 1455 1237 adnavigasset,
1478 1184 1643 1238 seque
1670 1169 1735 1223 ad
1766 1167 1939 1223 sancti
1967 1169 2130 1237 pedes

551 1267 772 1334 supplex
800 1266 1139 1335 projecisset,
1170 1264 1376 1319 Christi
1407 1274 1460 1319 et
1485 1264 1603 1334 ejus
1640 1263 1831 1317 matris
1867 1261 2126 1331 imagine,

551 1372 671 1410 cum
706 1357 857 1410 firma
905 1357 1031 1420 fide,
1074 1358 1300 1409 adorata
1326 1393 1342 1417 ,
1380 1366 1562 1408 rectus
1604 1363 1658 1407 et
1698 1352 1934 1422 perfecte
1963 1366 2129 1405 sanus

550 1447 616 1499 ad
644 1447 918 1515 preprium
945 1446 1224 1500 exercitus
1251 1446 1497 1499 ordinem
1528 1444 1770 1498 revertit.
1799 1442 2129 1497 Pcrcontan-

554 1539 697 1593 tibus
738 1549 918 1593 autem
961 1538 1246 1603 militibus,
1285 1551 1524 1606 quonam
1568 1536 1728 1589 modo
1759 1543 1815 1587 et
1848 1549 1877 1587 a
1909 1550 2017 1604 quo
2050 1536 2131 1588 in-

553 1631 816 1685 sanabilis
843 1628 934 1684 ille
968 1629 1191 1684 morbus
1218 1635 1442 1681 sanatus
1472 1636 1655 1689 esset,
1688 1625 1802 1696 ipse
1829 1626 2010 1679 omnia
2045 1625 2129 1679 his

438 1706 442 1711 λ
549 1720 732 1773 verbis
762 1719 1063 1788 patefecit:
1110 1718 1265 1788 Apud
1338 1718 1700 1772 Proconesnm
1763 1717 1985 1786 quidam
2040 1726 2128 1770 est

2228 541 2397 595 καρος
2444 523 2720 591 Στεφάνου
2760 525 2943 592 μήτηρ
2985 521 3121 592 πρὸς
3163 522 3299 575 Θεὸν
3331 524 3690 595 ἐξεδήμησεν,
3720 530 3788 579 ει.

2228 616 2409 669 ποῦσα
2469 616 2534 684 τῇ
2574 614 2773 683 ἑαυτῆς
2826 612 3084 682 θυγατρί’
3131 613 3228 684 -Μὴ
3272 614 3427 668 κλαῖε
3473 655 3489 680 ,
3523 616 3743 686 Θεοδότη
3774 634 3787 648 ·

2231 708 2348 778 μετ’
2399 704 2534 776 ὲμοῦ
2580 706 2691 775 γὰρ
2749 703 2979 775 πορεύῃ.
3054 706 3164 758 Καὶ
3215 707 3335 775 μεθ’
3381 707 3594 777 ἡμέρας
3664 709 3793 762 ἑπτα

2228 798 2500 868 ἐκοιμήθη
2531 798 2625 850 καὶ
2658 799 2691 868 ή
2723 796 2816 850 τοῦ
2850 795 3007 863 ἁγίου
3038 795 3246 866 ἀδελφὴ
3278 798 3335 850 ὲν
3363 798 3582 869 εἰρήνῃ.

2310 888 2401 941 Ἐν
2428 888 2485 941 δὲ
2516 891 2635 951 ταῖς
2664 889 2902 958 ἡμέραις
2933 888 3160 951 ταύταις
3193 882 3471 959 Στέφανός
3497 908 3599 955 τις,
3641 906 3795 962 στρα-

2228 977 2427 1049 τιώτης
2455 979 2551 1032 τοῦ
2586 980 2807 1047 στίφους
2836 979 2946 1032 τῶν
2988 980 3317 1051 Ἀρμενίων,
3344 982 3409 1035 ὲκ
3450 980 3556 1036 τῶν
3581 982 3677 1051 τῆς
3702 983 3798 1036 Εὐ-

2232 1069 2423 1141 ρώπης
2453 1070 2633 1142 μερῶν
2663 1070 2931 1141 ἠμίξηρος
2963 1070 3232 1139 γεγονὼς,
3259 1074 3380 1137 ὅλος
3419 1075 3515 1127 ἐπὶ
3564 1074 3661 1143 τὴν
3702 1076 3797 1144 γῆν

2230 1162 2491 1231 ἐκεκύφει
2524 1163 2938 1232 καμπτόμενος.
2980 1156 3150 1227 Οὗτος
3179 1165 3318 1235 πρὸς
3343 1165 3444 1234 τὴν
3479 1166 3639 1234 νῆσον
3670 1165 3799 1219 ἀπο-

2232 1252 2496 1317 πλεύσας,
2539 1252 2633 1306 καὶ
2675 1251 2752 1323 τῷ
2796 1252 2938 1324 ἁγίῳ
2994 1253 3323 1322 προσπεσὼν
3369 1255 3466 1308 καὶ
3505 1254 3796 1319 ἱκετεύσας,

2230 1347 2331 1414 τὴν
2360 1344 2453 1398 τοῦ
2493 1343 2732 1413 Χριστοῦ
2764 1344 2953 1397 εἰκόνα
2989 1346 3084 1398 καὶ
3110 1348 3210 1416 τῆς
3234 1346 3457 1416 Μητρδς
3488 1344 3652 1398 αὐτοῦ
3696 1346 3800 1397 ἀδι-

2233 1436 2450 1503 στάκτῳ
2484 1435 2670 1488 πίστει
2702 1438 3090 1506 προσκυνήσας
3112 1473 3126 1498 ,
3158 1436 3499 1507 ὑπέστρεψεν
3531 1435 3684 1506 ὀρθὸς
3714 1438 3799 1489 mi

2230 1526 2524 1596 ὁλόκληρος
2556 1528 2677 1588 ταῖς
2708 1524 2803 1578 τοῦ
2848 1524 3000 1579 ὁσίου
3042 1526 3235 1596 εὐχαῖς
3274 1527 3411 1598 πρὸς
3443 1526 3505 1579 τὸ
3545 1527 3671 1579 ῐδιον
3707 1527 3798 1595 τῆς

2232 1616 2526 1688 στρατείας
2551 1618 2758 1686 τάγμα.
2791 1617 2911 1669 Τῶν
2939 1616 2996 1669 δὲ
3022 1618 3371 1686 στρατιωτῶν
3422 1617 3796 1689 διερωτῶντων

2231 1709 2426 1771 αὐτὸν,
2459 1709 2577 1771 πῶς
2606 1707 2717 1778 ἄρα
2746 1708 2843 1762 καὶ
2874 1707 3012 1778 ποίῳ
3046 1708 3235 1779 τρόπῳ
3264 1709 3356 1762 καὶ
3389 1711 3542 1780 παρὰ
3579 1709 3716 1773 τίνες
3745 1710 3800 1762 τὸ

550 1810 847 1863 monachus
874 1809 1110 1864 inclusus
1136 1818 1190 1862 et
1216 1808 1407 1874 exsul,
1440 1808 1746 1877 Stephanus
1769 1808 1969 1862 dictus.
2005 1806 2121 1873 Ille,

2229 1800 2445 1857 ἀνίατον
2484 1800 2664 1852 ἐκεῖνο
2702 1798 2825 1870 ἰάθη
2859 1799 3033 1862 πάθος
3056 1816 3068 1829 ·
3103 1800 3269 1863 αὐτὸς
3303 1799 3521 1853 ἅπαντα
3551 1800 3799 1870 διεσάφη-

547 1900 689 1953 facta
738 1899 989 1954 oratione
1012 1938 1026 1962 ,
1079 1912 1165 1952 me
1197 1898 1329 1952 duas
1381 1897 1649 1967 imagines
1680 1896 1909 1951 adorare
1932 1895 2122 1965 jussit,

550 2005 710 2042 unam
742 1988 843 2042 viri
874 1986 1192 2056 inscriptam
1217 1987 1493 2049 Christus,
1519 1987 1679 2041 aliam
1711 1988 1973 2049 mulieris,
2001 2002 2124 2057 qua:

547 2080 788 2148 quidem,
826 2087 883 2131 nt
930 2077 1204 2142 dicebant,
1247 2074 1490 2144 Deiparte
1522 2088 1661 2132 erat.
1692 2074 1842 2142 Quas
1870 2092 1993 2131 cum
2028 2091 2123 2130 ve-

548 2182 773 2223 neratus
804 2183 1005 2232 essem,
1030 2167 1211 2222 subito
1261 2170 1551 2222 sanitatem
1593 2183 1713 2222 sum
1773 2177 2122 2223 consecutus.

548 2258 755 2327 Quibus
788 2261 988 2313 auditis
1030 2258 1264 2327 improbi
1308 2258 1384 2311 illi
1436 2258 1980 2327 circumstrepentes,
2016 2258 2124 2326 ipsi

546 2356 697 2405 aiunt
724 2368 738 2404 :
770 2350 864 2403 Ilci
909 2349 1026 2416 tibi,
1066 2347 1229 2420 595
1280 2347 1576 2418 Stephane,
1628 2349 1909 2403 idololatra
1949 2351 2126 2405 factus

547 2457 628 2497 es.
661 2440 812 2496 Illum
866 2439 1064 2496 deinde
1094 2441 1232 2509 apud
1294 2438 1608 2509 praefectum
1656 2440 1905 2495 Thraciae
1965 2456 2126 2495 accu-

547 2542 832 2595 saverunt,
866 2531 957 2600 qui
992 2546 1050 2585 re
1082 2532 1319 2601 cognita,
1351 2544 1476 2585 eum
1506 2530 1575 2585 ad
1606 2531 1994 2602 imperatorem
2056 2532 2128 2587 fe-

547 2626 691 2680 stiue
737 2625 905 2679 misit.
938 2621 1225 2694 Tyrannus
1250 2633 1430 2677 autem
1470 2622 1564 2677 illo
1592 2633 1814 2693 accepto
1840 2662 1855 2687 ,
1908 2633 1962 2678 et
2011 2624 2121 2689 his,

548 2732 672 2786 quae
720 2731 844 2770 eum
917 2716 1285 2781 spectabant,
1336 2712 1584 2779 auditis,
1640 2715 1822 2769 dixit:
1870 2712 2125 2785 Nunquid

548 2806 861 2876 hujusmodi
895 2805 1190 2860 simulacra
1224 2806 1455 2859 adorare
1485 2805 1690 2874 pergis,
1719 2817 1775 2859 ut
1810 2806 1878 2860 ab
1907 2806 2001 2861 illo
2032 2820 2128 2861 ne-

546 2901 713 2952 fando
750 2897 980 2952 edoctus
1014 2896 1117 2952 es?
1153 2894 1250 2951 llic
1304 2911 1435 2950 vero
1490 2912 1613 2951 cum
1656 2906 1845 2951 contra
1894 2898 2124 2951 anathe-

548 2992 853 3056 matizaret,
888 3003 1053 3061 seque
1089 2987 1402 3055 inclinaret,
1434 2988 1590 3057 quasi
1616 2988 1878 3056 deceptus
1906 2988 2121 3053 fuisset,

2230 1909 2343 1957 σεν,
2400 1891 2482 1944 ὅτι
2548 1891 2638 1944 Ἐν
2682 1891 3018 1961 Προκονησῳ
3077 1891 3191 1944 ἐστι
3242 1908 3327 1955 τις
3379 1891 3613 1963 μοναχδς
3652 1894 3798 1957 ἐγκε-

2230 1981 2573 2052 κλεισμένος.
2602 1981 2900 2052 λεγόμενος
2931 1982 3202 2050 Στέφανος
3242 1982 3339 2034 καὶ
3371 1981 3669 2052 ὲξόριστος.
3703 1976 3799 2036 Οὗ-

2229 2090 2321 2137 τος
2356 2073 2751 2143 ἐπευξάμενος,
2778 2074 2874 2127 καὶ
2911 2075 3147 2145 ποιήσας
3176 2091 3243 2145 με
3274 2073 3369 2127 δύο
3402 2074 3619 2138 εἰκόνας
3645 2090 3799 2146 προσ-

2232 2167 2481 2235 κυνῆσαι,
2518 2167 2648 2236 μίαν
2676 2165 2868 2234 ἀνδρὸς
2905 2167 3246 2235 γράφουσαν,
3265 2165 3541 2234 Χριστὸς,
3572 2171 3665 2219 καὶ
3693 2152 3795 2219 ἐτέ-

2233 2274 2333 2327 ραν
2364 2258 2643 2326 γυναικὸς,
2674 2257 2750 2322 ὼς
2780 2257 2967 2326 ἔλεγον
3000 2252 3144 2312 εἶναι
3181 2258 3352 2328 αὐτὴν
3379 2258 3482 2328 τῆς
3509 2257 3793 2312 Θεοτόκου·

2231 2349 2297 2412 ἃς
2338 2352 2773 2420 ἀσπασάμενος,
2829 2351 3175 2423 παραχρῆμα
3236 2351 3438 2416 ἰάσεως
3484 2353 3691 2423 ἔτυχον.
3740 2352 3797 2405 Ol

2230 2439 2287 2493 δὲ
2312 2442 2621 2512 παράνομοι
2649 2441 3180 2512 ἀνακορταλίσαντες
3209 2439 3229 2480 ι
3262 2443 3428 2512 φασιν
3459 2444 3597 2514 πρὸς
3628 2443 3795 2497 αὐτόν’

2244 2525 2464 2580 ’Δϐάλει
2516 2540 2633 2589 σοι,
2685 2527 2965 2595 Στέφανε,
3012 2526 3506 2599 εἰδωλολάτρησας.
3556 2530 3665 2583 Καὶ
3705 2528 3800 2583 δια-

2231 2615 2519 2670 ϐάλλουσιν
2543 2617 2707 2671 αὑτὸν
2730 2618 2868 2689 πρὸς
2886 2618 2979 2671 τὸν
3004 2619 3430 2691 ἀρχισατράπην
3451 2621 3551 2691 τῆς
3574 2619 3794 2692 Θρᾴκης·

2229 2710 2258 2761 ὁ
2284 2707 2342 2760 δὲ
2363 2708 2525 2778 γνοὺς
2555 2710 2623 2763 τά
2651 2712 2773 2763 κατ’
2804 2710 2993 2777 αὑτὸν,
3033 2710 3113 2782 τῷ
3144 2711 3302 2782 τάχει
3332 2710 3533 2767 τοῦτον
3558 2713 3692 2784 πρὸς
3719 2711 3797 2763 τὸν

2233 2798 2461 2870 βασιλέα
2506 2800 2854 2854 ἀπέστειλεν.
2924 2801 2984 2855 '0
3028 2801 3086 2856 δὲ
3120 2801 3386 2874 τύραννος
3424 2802 3623 2857 τοῦτον
3656 2802 3798 2867 δεξὰ-

2235 2909 2428 2964 μενος,
2472 2894 2566 2946 καί⁹
2599 2892 2764 2962 γνοὺς
2810 2892 2879 2947 τὰ
2929 2894 3010 2958 εἰς
3060 2895 3258 2963 αὑτὸν,
3308 2891 3510 2952 εἶπενο
3558 2892 3684 2950 Εἶτα
3719 2896 3801 2948 καὶ

2231 2979 2551 3051 ὲπιμένεις,
2598 2981 2674 3046 ὼς
2723 2982 3011 3055 ἐδιδάχθης
3056 2985 3211 3055 παρὰ
3252 2984 3348 3039 τοῦ
3401 2984 3800 3058 άμνημονεύτου

546 3096 667 3136 eum
704 3082 822 3135 .sjue
852 3081 956 3139 ulla
994 3096 1143 3135 mora
1179 3080 1422 3148 perditus
1461 3078 1757 3149 imperator
1784 3080 2124 3157 centurionis

2232 3072 2464 3140 ἐκείνου,
2523 3075 2848 3145 προσκυνῶν
2902 3076 2971 3130 τὰ
3023 3077 3249 3132 τοιαῦτα
3298 3077 3802 3149 ἰνδάλματα;·¹θδὲ

546 3174 808 3244 dignitate
839 3171 1073 3237 ornavit,
1100 3142 1301 3240 quippe
1326 3170 1415 3239 qui
1441 3142 1648 3225 Christi
1679 3142 1967 3240 imaginem
1991 3186 2124 3225 con-

2233 3165 2434 3237 μᾶλλον
2472 3142 2883 3239 ἀναθεματίσας
2917 3170 3013 3223 καὶ
3044 3172 3342 3240 μετάνοιαν
3375 3142 3579 3242 βαλὼν,
3615 3142 3685 3236 ὧς
3711 3172 3801 3243 ήδη

547 3261 768 3315 tumelia
813 3258 1102 3315 aﬂecisset.
1151 3256 1373 3323 Verum,
1420 3258 1560 3313 Deus
1599 3259 1693 3327 qui
1735 3259 1886 3330 juste
1914 3259 2124 3329 judicat

2230 3255 2555 3326 πλανηθεὶς,
2584 3259 2716 3330 παρ’
2740 3259 2880 3313 αὐτὰ
2912 3260 3103 3316 τοῦτον
3132 3264 3161 3316 ὁ
3189 3262 3475 3335 ἁλιτήριος
3498 3266 3564 3335 τῇ
3585 3262 3672 3317 τοῦ
3695 3280 3802 3316 κεν-

548 3361 602 3408 et
636 3368 730 3421 per
759 3351 1085 3421 Prophetam
1121 3350 1324 3405 clamat
1367 3365 1385 3407 :
1419 3349 1525 3405 Sed
1556 3353 1857 3422 quicunque
1897 3352 2113 3424 gloriﬁ-

2230 3347 2523 3419 τουρίωνος
2569 3349 2699 3421 ἀξίᾳ
2748 3349 3037 3421 ἐτίμησεν,
3088 3352 3163 3416 ὡς
3186 3354 3540 3425 ἀτιμάσαντά
3591 3355 3687 3425 τὴν
3717 3350 3800 3405 τοῦ

547 3445 741 3498 curarit
772 3458 874 3507 me,
908 3440 1216 3513 gloriﬁcabo
1258 3456 1419 3506 eum;
1449 3442 1540 3513 qui
1572 3452 1748 3496 autem
1785 3453 2124 3499 contemnunt

2230 3438 2472 3511 Χριστοῦ
2522 3441 2729 3494 εἰκόναο
2775 3441 2891 3495 ἀλλ’
2925 3439 3018 3498 οὖν
3056 3432 3309 3499 δ’δίκαια
3360 3446 3569 3519 κρίνων
3613 3446 3738 3508 Θεὸς
3775 3446 3800 3498 ὁ

549 3550 651 3597 me,
678 3542 831 3587 ciunt
860 3532 1111 3601 ignobiles
1132 3572 1149 3598 ,
1179 3531 1368 3602 injusti
1394 3530 1586 3599 judicii
1611 3533 1874 3603 judicium
1920 3549 2124 3606 nequa-

2229 3527 2320 3581 διὰ
2353 3525 2447 3581 τοῦ
2476 3530 2761 3601 προφήτου
2798 3530 2960 3601 βοῶν,
3008 3533 3170 3588 Ἀλλ’
3200 3534 3239 3601 ’ἢ
3270 3534 3418 3602 τοὺς
3458 3534 3799 3601 δοξάζοντάς

549 3640 710 3691 quam
736 3620 995 3691 neglexit.
1022 3619 1157 3675 Nam
1181 3621 1273 3676 ille
1295 3623 1682 3692 praevaricator
1701 3633 1824 3694 post
1845 3635 2123 3696 acceptam

2229 3636 2305 3689 με
2338 3619 2601 3686 δοξάσω,
2640 3621 2737 3676 καί
2779 3625 2833 3677 οἱ
2871 3623 3340 3694 ἐξουθενώντές
3372 3644 3453 3697 με
3491 3627 3800 3700 ἀτιμασθή-

549 3715 868 3783 dignitatem
899 3728 963 3768 ex
997 3713 1342 3783 imperatoris
1365 3713 1567 3784 palatio
1592 3715 1811 3770 domum
1844 3726 2124 3787 repetens,

2232 3726 2474 3777 σονται,
2504 3713 2603 3785 οὐχ
2655 3715 2945 3793 ὑπερεῖδεν
2973 3719 3075 3789 τῆς
3103 3717 3291 3773 ἀδίκου
3316 3719 3482 3792 δίκης
3509 3719 3605 3792 τὴν
3637 3719 3796 3790 δίκην.

548 3820 612 3858 ex
643 3817 783 3872 equo
813 3816 1051 3872 prmeeps
1076 3812 1252 3870 actus,
1275 3803 1503 3874 ejusque
1531 3805 1759 3874 pedibus
1787 3807 2124 3872 confractus,

2248 3802 2306 3856 Ὀ
2336 3803 2445 3873 γὰρ
2464 3804 2563 3874 τὴν
2589 3806 2751 3872 ἀξίαν
2774 3804 2958 3862 λαϐὼν
2985 3809 3337 3882 παραϐάτης,
3360 3811 3432 3866 ηὲν
3458 3812 3537 3883 τῷ
3559 3811 3800 3883 ὑποστρέ-

546 3897 671 3964 ριειιί
711 3896 925 3948 victima
955 3894 1180 3950 etl‘ectus
1222 3903 1327 3963 est,
1363 3895 1615 3964 maleque
1642 3896 1881 3951 animam
1916 3897 2123 3953 eIImlit.

546 3984 756 4038 Idcirco
796 3994 977 4039 autem
1028 3983 1409 4039 fraudulentus
1450 3985 1618 4040 draco
1661 3996 1912 4042 sanctum
1950 3988 2123 4043 celer-

548 4077 684 4127 rime
729 4090 758 4128 e
804 4073 1110 4127 Pruconeso
1148 4073 1326 4128 redire
1371 4073 1559 4144 jussit,
1592 4075 1768 4144 quod,
1821 4086 1877 4129 ut
1909 4078 2123 4144 aiebat,

542 4176 707 4220 etiam
738 4165 889 4218 exsul
933 4165 1186 4235 populum
1236 4165 1375 4219 idola
1422 4166 1602 4223 colere
1639 4169 1881 4225 doceret.

2227 3912 2350 3964 φειν
2408 3898 2578 3950 αὑτὸν
2631 3900 2698 3952 ὲκ
2741 3899 2852 3954 τῶν
2906 3900 3199 3971 βασιλείων
3239 3902 3452 3974 οἴκαδε,
3503 3906 3598 3960 τοῦ
3646 3905 3798 3959 ἵππου

2224 3987 2613 4059 κρημνισθείς,
2643 3992 2739 4045 καὶ
2778 3996 2893 4057 τοῖς
2929 3993 3099 4048 αὐτοῦ
3127 3995 3256 4049 ποσὶ
3276 3996 3691 4068 περιθλασθείς,
3723 3998 3797 4051 ἰπ-

2222 4078 2456 4133 πὸθυτον
2504 4082 2699 4149 γέγονε
2749 4085 3154 4157 παρανάλωμα,
3206 4086 3307 4161 τὴν
3345 4088 3528 4162 ψυχὴν
3572 4091 3629 4146 ἑν
3661 4089 3796 4158 κακῷ

2222 4173 2702 4245 ἀπορρηξάμενος.
2734 4177 2846 4231 Καὶ
2867 4179 2928 4231 ὲν
2950 4178 3127 4251 τούτῳ
3149 4178 3230 4250 τῷ
3252 4182 3449 4255 τρόπῳ
3468 4182 3695 4254 τάχιστα
3717 4180 3795 4235 τὸν

543 4258 700 4324 ἆγιον
747 4256 855 4310 ἀπὸ
909 4256 1258 4329 Προκονήσου
1310 4258 1578 4314 ἀναπλεῖν
1639 4260 2049 4333 παρεκέλευσεν
2097 4264 2127 4316 δ
2187 4263 2367 4330 δόλιος
2436 4266 2657 4337 δράκων
2735 4269 2944 4339 εἰπὼν,
3000 4273 3084 4327 ὅτι
3150 4276 3264 4330 Καὶ
3303 4276 3583 4346 ιξὸριστος
3631 4276 3703 4332 ὣν
3741 4272 3795 4328 σὺ

543 4348 779 4403 παύεται
804 4348 1075 4403 διδάσκων
1100 4349 1190 4403 τὸν
1219 4349 1349 4404 λαδν
1373 4350 1807 4423 εἰδωλολατρεῖν.

615 4441 801 4511 Itaque
829 4454 1080 4495 sanctum
1102 4455 1133 4495 e
1156 4439 1467 4498 Proconeso
1498 4458 1802 4513 reversum,
1825 4444 1877 4500 in
1897 4446 2124 4501 obscuro

2288 4447 2509 4541 ,Τοῦτον
2550 4451 2973 4541 ὑποστρέψαντα
3012 4455 3077 4509 ἐκ
3118 4457 3472 4531 Προκονήσου
3509 4462 3710 4516 κελεύει
3743 4460 3793 4513 ἐν

543 4542 767 4587 carcere
794 4528 1020 4598 Phiale,
1057 4531 1287 4587 manicis
1312 4534 1577 4600 vinctum,
1610 4536 1943 4607 pedibusque
1977 4537 2124 4608 ligno

2231 4540 2300 4611 τῇ
2332 4540 2431 4612 τῆς
2462 4540 2670 4614 Φιάλης
2696 4545 2889 4615 εἰρκτῇ
2916 4547 2981 4615 τῇ
3010 4528 3337 4622 ὲζοφώμένῃ
3357 4528 3433 4604 Ἵὲν
3472 4550 3791 4623 χειροπέδαις

542 4621 768 4677 mtmitis
808 4620 974 4693 ξος
1022 4622 1287 4678 custodiri
1339 4624 1650 4695 imperavit.
1684 4627 1906 4697 Aliquot
1940 4638 2121 4683 autem

540 4712 737 4767 diebus
767 4711 1094 4780 interjectis,
1130 4714 1184 4766 in
1229 4711 1389 4769 Phari
1435 4714 1637 4770 salario
1679 4716 1934 4785 privatim
1981 4716 2124 4773 inter

542 4802 680 4858 duos
705 4816 736 4857 e
768 4802 882 4858 suis
928 4802 1200 4873 praefectis
1228 4806 1448 4870 sedens,
1482 4823 1605 4860 eum
1648 4807 1783 4877 ipsis
1814 4808 2123 4880 interroga-

545 4897 748 4947 tionem
778 4891 1032 4948 faciebat.
1061 4891 1196 4947 Cum
1234 4908 1362 4949 vero
1388 4903 1611 4951 sanctus
1632 4895 1747 4964 jam
1774 4897 2121 4955 introducen-

543 4986 645 5039 dus
681 4995 798 5039 erat
843 4985 910 5038 ad
942 4985 1349 5055 imperatorem,
1394 5001 1426 5041 α
1460 4988 1550 5058 pio
1590 4988 1775 5058 aliquo
1805 4989 1929 5045 viro
1959 5006 2121 5046 num-

541 5095 688 5136 ιιιιιηι
721 5078 875 5149 petiit
906 5086 959 5131 et
993 5078 1222 5149 accepit,
1250 5093 1408 5147 quem
1437 5077 1654 5148 quidem
1685 5080 1826 5138 intra
1849 5083 2118 5138 cucullam

541 5172 808 5243 gestabat.
842 5170 900 5223 In
928 5170 1045 5240 ipso
1069 5180 1249 5223 autem
1282 5170 1453 5224 sancti
1488 5170 1589 5224 viri
1620 5170 1865 5238 ingressu
1898 5172 2121 5242 soloque

542 5273 791 5334 aspectu,
823 5264 899 5315 ira
934 5264 1192 5316 incensus
1221 5277 1282 5316 rc
1313 5274 1367 5316 et
1400 5263 1621 5317 nomine
1655 5265 1822 5319 draco
1848 5266 2123 5320 exclama-

539 5354 620 5407 vit
655 5370 667 5405 :
698 5354 742 5409 0
772 5355 880 5406 vim
926 5352 940 5405 ἰ
975 5351 1020 5406 Δ
1055 5367 1289 5421 quonam
1325 5352 1556 5407 nefando
1609 5371 1726 5408 mea
1784 5357 1905 5409 aula
1941 5372 2125 5425 repre-

541 5444 830 5500 henditur?
874 5443 976 5499 Cui
1026 5459 1149 5499 cum
1205 5455 1427 5500 sanctus
1459 5447 1588 5499 nihil
1631 5447 1998 5515 responderet,
2028 5448 2121 5501 scd

540 5548 711 5604 j-rouo
746 5535 799 5589 in
833 5545 1031 5589 terram
1063 5550 1293 5606 corpore
1327 5547 1506 5600 esset,
1552 5554 1674 5592 eum
1716 5549 1977 5609 tyrannus
2011 5541 2120 5592 ira-

622 5728 637 5770 ι
666 5731 733 5784 aL
768 5732 1325 5801 ἀνακουρταϊίζοντες
1427 5742 1461 5761 “
1495 5734 1562 5785 aL
1604 5731 1834 5791 ὲνιίἂυῖ.

1915 5741 1939 5767 ⁵
1975 5734 2044 5785 aL
2080 5736 2195 5801 μετ’

2231 4631 2600 4703 φυλαχθῆναι,
2628 4635 2868 4699 καὶτοὺς
2900 4637 3065 4701 πόδας
3094 4639 3263 4694 αὐτοῦ
3291 4644 3349 4695 ὲν
3368 4641 3450 4714 τῷ
3478 4643 3617 4716 ξύλῳ
3637 4644 3788 4711 ἀσφα-

2229 4722 2505 4795 λισθῆναι.
2544 4725 2655 4779 Καὶ
2699 4726 2821 4796 μεθ’
2856 4728 3070 4800 ἡμέρας
3099 4730 3255 4795 τινὰς
3297 4734 3356 4786 ὲν
3392 4734 3475 4806 τῷ
3501 4735 3597 4788 τοῦ
3632 4734 3786 4803 Φάρον

2228 4810 2441 4883 ἡλιακῷ
2467 4812 2617 4878 ἰδίως
2635 4822 2675 4853 ω
2704 4815 2940 4882 καθίσας
2970 4819 3284 4890 ἀναμεταξὺ
3311 4820 3408 4875 δύο
3425 4823 3593 4878 τινῶν
3618 4820 3784 4894 ἀρχόν·

2227 4922 2337 4961 των
2366 4906 2559 4973 αὐτοῦ,
2592 4908 2834 4965 ἰποιεῖτο
2879 4911 3000 4982 μετ’
3024 4912 3205 4968 αὐτῶν
3228 4923 3256 4952 ιι
3293 4914 3394 4988 τὴν
3418 4915 3699 4988 ἐρώτησιν.
3740 4914 3786 4964 ὐ

2226 4995 2286 5051 δὲ
2312 4997 2471 5068 άγιος
2501 5000 2561 5052 ἔν
2589 4998 2667 5070 τῷ
2701 5001 2922 5070 μέλλειν
2956 5004 3123 5059 αὐτὸν
3149 5006 3381 5061 εἰσιέναι
3429 5008 3565 5080 πρὸς
3590 5008 3677 5062 τὸν
3705 5004 3784 5077 βα-

2231 5088 2405 5154 σιλέα.
2441 5090 2814 5161 αἰτησάμενος
2849 5093 2943 5148 καὶ
2978 5094 3161 5150 λαϐὼν
3198 5099 3351 5170 παρά
3387 5116 3535 5164 τινος
3563 5096 3782 5170 φιλοχρί-

2228 5194 2357 5230 στου
2391 5179 2659 5250 νόμισμα,
2693 5180 2840 5235 ἔνδον
2869 5183 2963 5236 τοῦ
2990 5185 3158 5240 αὑτοῦ
3186 5189 3535 5263 κουκουλλίου
3565 5189 3781 5243 ἐϐάστα-

2224 5266 2339 5331 ζεν.
2397 5268 2486 5321 Ἐν
2517 5270 2572 5322 δὲ
2604 5269 2681 5341 τῷ
2713 5273 2938 5327 εἰσιέναι
2982 5275 3151 5330 αὑτὸν
3186 5278 3284 5331 καὶ
3327 5280 3488 5349 μόνον
3518 5279 3781 5352 ὁραθῆναι,

2226 5359 2626 5432 θυμομαχήσας
2660 5364 2689 5417 ὁ
2724 5365 3049 5439 φερώνυμος
3086 5369 3340 5442 δράκων,
3390 5371 3683 5444 ἀνέκραξεν
3708 5368 3783 5421 λι.

2229 5466 2369 5517 γων·
2442 5447 2513 5503 Ὦ
2554 5453 2677 5524 βίαί
2726 5456 2878 5527 παρὰ
2925 5459 3079 5513 ποίου
3129 5462 3543 5532 ἀμνημονεύτου
3574 5461 3632 5519 τὸ
3666 5458 3782 5528 ἐμὸν

2224 5549 2730 5617 καταμαρτυρεῖται
2792 5548 3097 5619 βασίλειον;
3169 5552 3277 5607 Τοῦ
3335 5554 3391 5609 δὲ
3439 5554 3595 5624 ἁγίου
3635 5549 3783 5625 μηδδν

2229 5737 2417 5791 αὑτοῦ.
