4060 6434
444 322 576 388 1157

1528 331 1704 391 VlTA
1743 333 1804 391 S.
1837 333 2217 398 STEPHANI
2256 339 2639 405 JUNIOBIS.

3574 355 3709 419 1158

439 441 879 512 ἀποκρινομένου
898 485 914 509 ,
948 442 1084 498 ἀλλά
1106 443 1321 516 χαμάζε
1352 445 1676 517 κεκυφότος,
1707 448 1735 500 6
1764 448 2020 518 τύραννος

2131 452 2307 509 cunde
2363 455 2626 521 intuitus,
2682 458 3012 526 sanguineos
3063 460 3248 517 oculos
3303 473 3703 537 contorquens.

442 533 577 602 πρὸς
599 533 761 586 αὐτὸν
781 534 1017 605 ὀργίλως
1045 535 1265 601 ἐπιδὼν,
1293 538 1552 609 ὲναίμους
1580 556 1642 592 τε
1674 540 1799 604 τοὺς
1823 541 2026 608 ὀφθαλο

444 625 579 694 μοὺς
614 628 959 696 συνταράξας
985 668 1000 693 ,
1029 628 1127 680 καί
1167 627 1426 700 αἰθερίως
1458 630 1558 702 τὴν
1602 635 1764 703 χεῖρα
1798 649 2028 703 περιγν-

446 715 605 786 ρίσας
630 722 678 779 ο,
700 716 1084 786 δρακοντιαῖόν
1114 735 1175 771 τε
1203 720 1414 788 συριείς
1449 720 1599 790 μέγα
1642 716 1797 777 εἶπεν
1815 738 1829 752 °
1870 723 2026 791 Ἐμοὶ

438 806 541 858 οὐκ
579 805 879 878 ἀποκρίνῃ,
919 810 1243 880 μιαρωτάτη
1275 811 1516 883 κεφαλή;
1559 812 1618 866 '0
1644 812 1701 866 δὲ
1733 812 1890 882 ἅγιος
1920 813 2024 886 ἔφη

443 896 579 965 πρὸς
604 897 790 950 αὐτόν·
828 898 1086 962 Βασιλεῦ,
1116 901 1166 952 εἰ
1195 902 1584 966 καταδικάζειν
1617 904 1811 970 θέλεις,
1843 907 2021 978 τιμώ-

430 989 596 1059 ρησαί
612 1003 702 1060 με·
720 988 769 1040 εἰ
791 987 850 1041 δὲ
883 990 1170 1064 ἐπερωτᾷν
1190 1032 1205 1057 ,
1240 996 1570 1065 μετρησάτω
1609 1013 1703 1049 σου
1735 998 1825 1052 τὸν
1854 998 2025 1070 θυμὸν

440 1077 474 1146 ή
505 1076 774 1148 πραότης.
806 1078 995 1144 Οὕτως
1024 1082 1136 1153 γὰρ
1155 1082 1400 1149 δικάζειν
1430 1087 1557 1150 τοὺς
1580 1089 1773 1158 κριτὰς
1795 1091 1846 1142 οἰ
1870 1091 2024 1160 νόμοι

440 1167 780 1235 κελεύουσιν.
809 1170 868 1223 '0
895 1170 954 1224 δὲ
982 1172 1262 1242 βασιλεὺς,
1298 1175 1458 1243 Εἰπὲ,
1485 1180 1669 1248 φησὶν,
1701 1179 1845 1235 τίσιν
1874 1183 2025 1254 ὅροις

438 1259 533 1310 καὶ
575 1263 874 1330 πατρικαῖς
906 1263 1147 1331 ἐντολαῖς
1178 1265 1256 1337 μὴ
1302 1267 1709 1339 ὑποκύψαντες,
1742 1273 2024 1346 αἰρετικῆς

438 1350 767 1422 ὑπολήψεως
803 1353 1095 1425 ὑπόκρισιν
1139 1356 1285 1428 ἔχειν
1318 1361 1471 1432 παρὰ
1500 1362 1586 1416 σοί
1614 1364 2020 1436 νενομίσμεθα;

452 1441 510 1493 '0
530 1444 682 1510 ἆγιος
701 1439 877 1499 εἶπενο
903 1446 1014 1517 Τὴν
1034 1449 1097 1500 ὲκ
1120 1448 1400 1519 πρόπαλαι
1418 1452 1746 1525 περιοδικῶς
1764 1456 1871 1510 ὑπὸ
1887 1459 2023 1512 πάν-

436 1550 546 1586 των
585 1536 840 1606 Πατέρων
868 1536 1157 1608 δεχθεῖσαν
1187 1543 1284 1596 καὶ
1318 1547 1791 1617 προσκυνηθεῖσαν
1822 1550 2021 1603 εἰκονι-

438 1625 543 1695 κὴν
580 1626 1023 1699 στηλογραφίαν,
1059 1630 1128 1702 ἢν
1159 1633 1379 1704 ἀνόμως
1424 1637 1538 1691 τῶν
1584 1639 1894 1711 ἐκκλησιῶν
1931 1641 2022 1708 ἐξ·

436 1717 774 1786 εποιήσασθε
795 1759 810 1785 ,
839 1720 1047 1791 ταύτην
1079 1723 1457 1793 ἐξορύξαντες.
1491 1730 1601 1783 Καὶ
1644 1732 1674 1783 6
1725 1732 1978 1801 βασιλεύς
2002 1750 2019 1767 ·

437 1805 530 1879 Μή
573 1808 698 1877 λέγε
736 1810 980 1878 ταύτας,
1038 1815 1232 1872 ἀνοσία
1279 1819 1531 1891 κεφαλὴ,
1585 1823 2014 1895 στηλογραφίας,
2050 1805 2093 1860 Β

436 1900 493 1953 ἀ)
506 1900 553 1952 λ’
587 1901 1039 1976 εἰδωλογραφίας.
1071 1908 1182 1961 Καὶ
1219 1913 1372 1964 ποῖον
1394 1913 1502 1984 γὰρ
1530 1914 1740 1968 δίκαιον
1772 1918 2022 1973 εἰδωλεῖα

438 1991 579 2060 μετὰ
609 1991 814 2061 ἀγίων;
855 1995 931 2050 "H
962 1999 1246 2053 κοινωνία
1279 2003 1373 2069 τίς
1401 2004 1549 2071 φωτί
1579 2005 1731 2073 πρὸς
1750 2009 2019 2075 σκότος-ς

434 2082 580 2153 Πρὸς
599 2084 658 2137 ὃν
686 2086 715 2138 6
743 2084 919 2155 ἆγιος·
951 2088 1206 2157 Βασιλεῦ,
1236 2092 1361 2163 ούχὶ
1388 2097 1455 2165 τῇ
1485 2093 1588 2169 ὕλῃ
1615 2096 1665 2149 οἰ
1695 2098 2020 2168 Χριστιανοὶ

432 2174 723 2246 λατρεύειν
753 2180 815 2233 έν
844 2181 1019 2233 εἰκόσι
1049 2183 1181 2236 ποτὲ
1221 2184 1539 2240 ἐθέσπισαν·
1575 2187 1713 2243 ἀλλὰ
1751 2190 1852 2261 τὴν
1887 2192 2019 2264 κλῆ-

435 2283 521 2319 σιν
546 2267 648 2337 τῆς
681 2268 810 2333 θέας
848 2273 1302 2344 προσκυνοῦμεν,
1339 2278 1543 2348 νοερῶς
1586 2282 1666 2344 εἰς
1706 2282 1804 2346 τάς
1835 2285 2017 2348 αἰτίας

429 2357 542 2410 τῶν
568 2360 944 2429 πρωτοτύπων
970 2364 1321 2435 ἀναγόμενοι.
1355 2368 1465 2421 Καὶ
1485 2370 1595 2442 γὰρ
1622 2371 1711 2425 διὰ
1733 2374 1895 2444 τῆσδε
1915 2375 2018 2445 τῆς

430 2449 679 2522 ὁράσεως
727 2452 788 2505 τὸ
837 2454 1167 2525 ἡγεμονικὸν
1214 2458 1593 2531 διηπλωμένον
1632 2465 1742 2527 τοῖς
1782 2464 2017 2535 δόγμασι

432 2544 526 2595 καὶ
569 2541 648 2614 τῷ
685 2545 875 2616 σκοπῷ
908 2546 1010 2617 τῆς
1037 2548 1358 2617 εύσεῦείας,
1396 2554 1533 2624 πρὸς
1575 2555 1676 2620 τὰς
1707 2558 1917 2628 ὑψηλάς
1957 2577 2017 2614 τε

434 2634 528 2686 καί
557 2638 1080 2708 μετεωροπορούσας
1121 2641 1232 2695 τῶν
1276 2643 1526 2714 οὐρανῶν
1553 2648 1796 2719 σκηνάς,
1831 2652 1912 2714 εἰς
1958 2652 2021 2705 τὸ

432 2724 696 2780 δύνασθαι
718 2726 797 2798 τῷ
825 2729 1048 2799 μεγέθει
1079 2731 1192 2785 τῶν
1213 2734 1471 2789 τοιούτων
1495 2739 1802 2794 ὲννοσεύειν
1824 2751 1852 2790 Ρ
1876 2743 2021 2813 ἐφιέ-

438 2817 599 2887 μεθα·
635 2817 802 2872 καλιὰ
835 2821 942 2893 γάρ
984 2839 1069 2885 τις
1109 2823 1273 2877 οίονεί
1307 2827 1457 2882 ἐστιν
1488 2828 1668 2900 ψυχῆς
1710 2832 1743 2902 ή
1793 2835 1925 2905 περὶ
1955 2835 2018 2889 τὸ

437 2905 771 2980 ζητούμενον
796 2913 1216 2989 συγκατάθεσις,
1244 2916 1343 2989 τὴν
1364 2918 1600 2974 ἄστατον
1621 2922 1717 2976 τοῦ
1738 2924 1830 2979 νοῦ
1856 2926 2018 2979 πολυ-

435 3000 872 3072 πραγμοσύνην,
898 2986 905 3005 “
930 3003 1186 3077 καθάπερ
1232 2986 1357 3062 τινὰ
1407 3010 1726 3082 πολυπλανῆ
1760 3004 1961 3086 πτῆσιν
1985 3027 2013 3067 τι

432 3092 516 3160 ἐφ’
543 3093 743 3165 ἑαυτῆς
767 3095 1142 3151 ἀναπαύουσα.
1171 3099 1281 3153 Καὶ
1307 3103 1335 3154 6
1363 3100 1639 3171 βασιλεύς·
1669 3099 1818 3176 *Αρά
1837 3124 1903 3177 γε
1931 3108 2013 3161 δί-

434 3185 592 3241 καιόν
620 3187 767 3239 ἐστιν
794 3186 864 3240 τὰ
898 3188 1048 3259 παρὰ
1078 3190 1383 3262 ἀνθρώπων
1419 3195 1766 3266 κηρυχθέντα
1809 3198 2014 3271 ἄπειρα

433 3276 532 3328 καὶ
567 3275 955 3347 δυσθεώρητα,
998 3278 1094 3331 καὶ
1128 3281 1270 3350 μήτε
1312 3282 1389 3352 νῷ
1434 3282 1635 3350 λεπτά,
1679 3285 2015 3355 αἰσθητικῶς

433 3365 710 3420 ἐκτυποῦν
749 3367 843 3420 καὶ
887 3366 974 3421 διὰ
1012 3365 1145 3438 ῦλης
1176 3374 1538 3441 προσκυνεῖν,
1585 3373 1662 3446 μὴ
1687 3375 1841 3438 ὄντος
1868 3376 2016 3441 τινὸς

432 3452 545 3506 τῶν
572 3454 831 3508 τοιούτων
861 3456 918 3508 ὲν
956 3455 1181 3525 γνώσει,
1213 3458 1246 3529 ἢ
1278 3459 1373 3513 καὶ
1407 3461 1578 3531 μόνης
1603 3462 1705 3533 τῆς
1732 3463 2012 3535 ἀπειρίας,

435 3546 513 3608 ὥς
544 3564 713 3619 φησιν
739 3549 767 3600 6
799 3546 1061 3617 Θεολόγος
1092 3549 1428 3622 Γρηγόριος;
1464 3547 1598 3606 Εἶτα
1627 3555 1655 3606 6
1680 3553 1841 3623 ,ἅγιος
1861 3572 1876 3586 ·
1906 3557 2017 3610 Καὶ

437 3640 589 3703 ποῖος
621 3636 731 3709 ἆρά
756 3656 819 3708 γε
864 3640 1129 3712 λογισμοῦ
1183 3643 1375 3714 κύριος
1406 3642 1503 3709 ὢν,
1535 3645 1606 3698 τά
1639 3647 1696 3698 ὲν
1724 3649 1789 3717 τῇ
1820 3647 2019 3718 ἐκκλη-

439 3732 537 3799 σίᾳ
567 3729 911 3801 προσκυνῶν,
942 3733 1049 3785 εἴτε
1079 3731 1229 3786 λίθον
1248 3772 1263 3798 ,
1295 3732 1404 3787 είτε
1437 3735 1670 3804 χρυσὸν,
1712 3736 1823 3789 εἴτε
1847 3738 2018 3806 ἄργυο

441 3840 558 3893 ρον,
580 3823 1065 3894 κτισματολατρεῖ,
1090 3822 1227 3877 διότι
1257 3826 1323 3896 τῇ
1350 3824 1544 3895 κλήσει
1579 3826 2017 3898 μετεποιήθησαν

437 3917 518 3977 εἰς
552 3914 717 3982 ἆγια;
768 3914 955 3983 Ὑμεῖς
978 3915 1037 3969 δὲ
1065 3915 1343 3985 ἀναμέσον
1369 3916 1527 3985 ἁγίου
1558 3918 1652 3972 καὶ
1675 3917 1904 3990 βεϐήλου
1942 3919 2016 3993 μὴ

436 4002 865 4068 διαστείλαντες,
898 4004 1000 4058 οὑκ
1030 4003 1289 4076 ἐφρίξατε
1317 4007 1491 4061 εἰπεῖν
1521 4008 1620 4079 τὴν
1652 4010 1747 4063 τοῦ
1778 4012 2015 4082 Χριστοῦ

436 4094 625 4147 εἰκόνα
655 4096 714 4148 ὲν
740 4096 1003 4169 παροινίᾳ
1033 4096 1272 4163 εἴδωλον,
1306 4096 1381 4161 ὡς
1426 4098 1755 4165 Ἀπόλλωνα,
1790 4103 1883 4155 καὶ
1918 4104 2020 4173 τῆς

435 4187 705 4242 Θεοτόκου
759 4188 963 4259 ὁμοίως
995 4190 1073 4254 ὡς
1117 4190 1409 4261 Ἀρτέμιδα
1432 4232 1447 4257 ,
1494 4193 1588 4246 καί
1631 4194 2020 4264 καταπατῆσαι

435 4278 666 4345 ταύτας,
699 4280 793 4334 καὶ
820 4279 1189 4335 κατακαῦσαι.
1224 4282 1336 4334 Καὶ
1369 4282 1398 4335 6
1429 4280 1716 4352 βασιλεύς·
1751 4284 2021 4356 Πεπηρω-

439 4370 572 4443 μένε
614 4369 693 4440 τῷ
748 4369 850 4435 νοῒ,
882 4368 979 4425 καὶ
1027 4370 1457 4442 ἀμνημονεύτων
1512 4371 2045 4444 ἁμνημονευτότερε,

2130 560 2349 599 manum
2384 561 2478 616 per
2511 562 2692 603 aerem
2732 552 3171 621 circumagitans,
3200 565 3256 611 et
3295 556 3545 625 immani,
3570 562 3701 615 dra-

2128 633 2282 688 conis
2314 634 2523 702 instar,
2554 636 2759 693 emisso
2816 638 2976 693 sibilo
3037 643 3219 698 dixit:
3269 645 3394 702 Mihi
3457 663 3563 703 non
3614 665 3702 705 re-

2127 722 2384 790 spondes,
2416 723 2846 793 impurissimum
2882 731 3085 797 caput?
3117 732 3215 789 Cui
3256 747 3503 805 sanctus,
3524 737 3704 810 Impe-

2126 823 2297 879 rator,
2335 814 2541 884 inquit,
2575 817 2619 872 si
2656 833 2744 873 me
2785 819 3149 879 condemnare
3184 826 3235 879 in
3273 829 3460 886 animo
3492 831 3662 886 habes
3686 874 3701 897 ,

2126 914 2214 955 me
2243 903 2513 971 supplicio
2540 903 2712 962 adice.
2746 905 2804 962 Si
2832 924 2961 965 vero
2985 926 3073 967 me
3099 913 3437 986 interrogare
3469 917 3562 973 tibi
3586 921 3702 990 pla-

2126 1000 2233 1056 cet,
2269 1002 2419 1047 tuum
2452 998 2695 1051 animum
2735 1009 3000 1070 temperet
3037 1009 3410 1062 mansuetudo.
3442 1008 3533 1064 Sic
3558 1011 3701 1067 enim

2119 1081 2370 1151 judicare
2386 1084 2661 1154 judicibus
2687 1087 2833 1159 leges
2856 1092 3199 1162 praecipiunt.
3224 1095 3357 1151 Tum
3382 1099 3700 1169 imperator,

2128 1172 2247 1240 Dic,
2282 1174 2478 1245 inquit,
2512 1179 2711 1246 quibus
2752 1180 2986 1239 decretis
3030 1184 3115 1240 vel
3152 1184 3372 1243 Patrum
3413 1194 3703 1261 praeceptis

2123 1280 2231 1321 non
2271 1267 2664 1338 obsequentes,
2703 1272 2942 1329 haeretici
2974 1291 3004 1329 a
3052 1286 3103 1331 te
3148 1279 3569 1338 existimamur?
3598 1283 3701 1340 Cui

2123 1368 2345 1414 sanctus
2377 1362 2660 1424 respondit
2699 1382 2711 1416 :
2746 1364 2884 1429 Ouia
2929 1368 3195 1439 imagines
3217 1410 3232 1435 ,
3275 1388 3411 1440 quas
3440 1366 3509 1429 ab
3545 1376 3701 1431 initio

2125 1450 2384 1505 continua
2409 1453 2550 1507 serie
2575 1454 2815 1509 universi
2839 1456 3031 1513 Patres
3049 1464 3471 1531 comprobavere
3490 1473 3546 1520 et
3571 1466 3701 1521 ado-
3732 1455 3744 1507 ί

2124 1557 2341 1607 ravere,
2370 1542 2535 1614 497
2574 1544 2786 1600 nefarie
2818 1546 2887 1602 ab
2932 1549 3183 1607 ecclesiis
3208 1555 3609 1613 exterminastis
3647 1570 3703 1613 ct

2122 1636 2424 1691 excidistis.
2460 1637 2523 1690 Et
2551 1638 2888 1706 imperator:
2922 1638 3022 1704 Ne,
3055 1641 3250 1711 inquit,
3286 1644 3570 1714 profanum
3603 1663 3698 1707 ca.

2123 1735 2238 1794 put,
2263 1726 2533 1797 imagines
2554 1729 2811 1798 appelles,
2841 1733 2934 1785 sed
2968 1732 3133 1788 idola.
3164 1735 3232 1789 Et
3256 1750 3387 1790 vero
3410 1739 3539 1807 quid
3562 1738 3697 1807 justi

2122 1827 2207 1872 cst
2241 1818 2381 1873 idola
2420 1819 2641 1875 interet
2672 1823 2940 1878 sanctos?
2967 1826 3073 1878 Aut
3100 1843 3216 1897 quae
3245 1830 3468 1885 societas
3494 1831 3599 1887 luci
3629 1833 3699 1887 ad

2123 1911 2360 1963 tenebras
2380 1909 2467 1963 3'?
2491 1912 2569 1963 Ad
2599 1927 2718 1980 quae
2756 1923 2978 1969 sanctus
3009 1933 3023 1970 :
3053 1915 3382 1987 Imperator,
3421 1938 3695 1993 nunquam

2120 1997 2419 2055 Christiani
2469 2011 2800 2069 statuerunt,
2853 2014 2913 2060 ut
2951 2009 3178 2061 materia
3231 2011 3282 2063 in
3330 2012 3564 2084 imagine
3607 2030 3697 2069 co-

2120 2091 2343 2146 leretur.
2392 2091 2621 2159 Verum,
2681 2112 2877 2152 nomen
2925 2098 3003 2152 rei
3050 2114 3148 2168 per
3197 2086 3487 2172 imaginem
3541 2104 3697 2160 nobis

2118 2183 2375 2237 exhibitas
2407 2185 2721 2252 adoramus,
2752 2188 2817 2239 ad
2850 2187 2996 2256 ipsos
3035 2199 3287 2247 auctores
3316 2203 3370 2247 et
3407 2205 3695 2267 prototypa

2118 2285 2299 2329 mente
2339 2276 2717 2331 ascendentes.
2774 2278 2988 2333 Etenim
3046 2282 3311 2337 rationem
3360 2299 3457 2353 per
3491 2286 3696 2343 hancce

2117 2374 2404 2416 externam
2432 2367 2668 2433 speciem
2697 2366 3042 2436 dogmatibus
3069 2380 3121 2425 et
3158 2371 3264 2425 line
3314 2372 3595 2443 religionis
3637 2390 3696 2430 se

2118 2454 2283 2508 veluti
2307 2459 2729 2526 espandentem,
2763 2460 2815 2514 in
2849 2461 3084 2517 excelsis
3102 2471 3158 2517 et
3185 2463 3503 2521 sublimibus
3525 2467 3694 2523 caelo-

2119 2560 2237 2597 rum
2290 2546 2696 2615 tabernaculis,
2749 2560 3011 2618 quantum
3067 2567 3191 2622 pere
3215 2555 3473 2611 harumce
3513 2573 3692 2614 rerum

2121 2634 2552 2704 magnitudinem
2588 2639 2744 2704 licet,
2778 2642 2962 2695 nidum
3003 2653 3218 2701 struere
3256 2648 3523 2717 cupimus.
3558 2651 3694 2717 Qui-

2119 2728 2242 2782 dam
2269 2729 2414 2783 enim
2450 2732 2606 2799 quasi
2641 2733 2834 2789 animae
2857 2736 3017 2793 nidus
3042 2746 3144 2805 est,
3173 2739 3413 2809 ejusdem
3436 2745 3581 2800 circa
3614 2745 3691 2813 id,

2119 2823 2263 2888 quod
2294 2822 2506 2889 quaerit,
2540 2822 2832 2890 confessio,
2860 2842 2981 2896 qua:
3007 2830 3310 2884 instabilem
3347 2835 3546 2889 mentis
3583 2836 3692 2891 sol-

2119 2913 2480 2976 licitudinem,
2514 2925 2774 2984 tanquam
2810 2933 3002 2989 vagum
3040 2921 3281 2976 volatum
3313 2924 3367 2978 in
3399 2926 3575 2995 seipsa
3600 2928 3692 2998 ju-

2116 3000 2208 3055 bet
2250 3005 2659 3072 conquiescere.
2694 3006 2907 3062 Rursus
2959 3011 3251 3078 imperator
3285 3033 3298 3068 :
3333 3012 3470 3069 Num
3508 3019 3691 3089 igitur,

2119 3094 2318 3161 inquit,
2350 3110 2563 3165 aqunm
2605 3107 2687 3152 est
2718 3099 2956 3153 inﬁnitas
2997 3117 3084 3156 res
3120 3105 3187 3156 ab
3213 3106 3523 3164 hominibus
3552 3111 3695 3166 cele-

2121 3185 2348 3252 bratas,
2400 3189 2765 3258 contemplatu
2825 3190 3107 3260 dilliciles,
3154 3211 3253 3251 nec
3296 3201 3460 3253 ctiam
3513 3212 3694 3258 mente

2121 3278 2669 3345 comprehensibiles,
2719 3284 2880 3337 modo
2921 3285 3012 3352 qui
3055 3287 3157 3340 sub
3195 3302 3391 3343 sensus
3416 3292 3573 3347 cadat
3598 3309 3696 3349 ex-

2119 3372 2356 3441 primere
2381 3382 2434 3427 et
2459 3388 2555 3443 per
2587 3377 2866 3430 materiam
2896 3379 3158 3446 adorare;
3190 3399 3312 3436 cum
3340 3385 3475 3438 nihil
3510 3386 3694 3455 hujus-

2120 3463 2332 3515 cemodi
2364 3477 2540 3516 rerum
2573 3464 2625 3516 in
2659 3467 3021 3535 cognitionem
3052 3471 3254 3537 veniat,
3287 3473 3392 3526 nisi
3425 3475 3540 3528 sola
3573 3476 3696 3531 inli-

2120 3549 2285 3613 nitas,
2326 3562 2387 3605 ut
2426 3553 2503 3607 ait
2546 3551 2856 3624 Theologus
2892 3556 3230 3625 Gregorius?
3261 3561 3492 3630 Reponit
3537 3581 3696 3622 sanc-

2121 3650 2206 3695 tus
2241 3659 2257 3695 :
2288 3642 2355 3695 Et
2379 3658 2508 3697 vero
2529 3645 2650 3714 quis
2679 3650 2880 3703 mentis
2911 3664 3157 3720 compos,
3184 3668 3246 3706 ea
3273 3652 3443 3726 5.98
3481 3672 3601 3723 quae
3639 3659 3698 3714 ir.-

2119 3732 2347 3787 ecclesia
2397 3744 2558 3801 Sunt,
2589 3737 2857 3803 adorans,
2894 3741 3008 3795 sive
3040 3742 3175 3813 lapis
3211 3746 3305 3810 sit,
3339 3748 3455 3803 sive
3484 3764 3696 3818 aurum,

2117 3826 2236 3881 sive
2266 3839 2575 3898 argentum,
2606 3841 2807 3887 creata!
2839 3834 2914 3887 rei
2942 3835 3147 3890 cultum
3173 3840 3426 3906 exhibet;
3454 3843 3701 3910 quamlu-

2120 3920 2342 3990 quidem
2382 3921 2436 3975 in
2492 3937 2579 3977 res
2620 3936 2839 3982 sanctas
2872 3929 3233 3998 appellatione
3283 3943 3490 3988 mutata
3531 3936 3702 3990 sunt?

2126 4010 2233 4067 Vos
2265 4026 2392 4067 vero
2418 4013 2560 4068 inter
2581 4027 2832 4070 sanctum
2859 4027 2910 4073 et
2935 4020 3220 4089 profanum
3248 4040 3354 4079 non
3386 4026 3700 4082 discernen-
3750 4082 3757 4089 ,

2123 4111 2242 4164 tes.
2282 4119 2392 4173 pra:
2424 4106 2722 4173 petulantia
2745 4147 2761 4172 ,
2800 4108 3007 4166 Christi
3048 4121 3106 4166 et
3157 4113 3398 4184 Deiparte
3432 4117 3697 4190 imagines

2128 4195 2271 4248 idola
2301 4196 2572 4266 appellare
2601 4210 2658 4252 ut
2681 4200 2979 4269 Apollinem
3004 4213 3057 4258 et
3085 4205 3444 4272 Artemidem,
3470 4208 3698 4279 illasque

2124 4287 2453 4340 conculcare
2482 4298 2536 4342 et
2573 4304 2820 4345 cremare
2847 4306 2953 4346 non
2984 4294 3315 4350 ltorruistis?
3338 4297 3421 4351 Ad
3447 4314 3567 4366 qua:
3599 4301 3697 4355 imo

2120 4386 2344 4444 perator
2372 4395 2385 4431 :
2422 4376 2469 4433 Ο
2501 4390 2681 4435 mente
2714 4383 2990 4439 obcaecate
3025 4393 3081 4439 et
3114 4384 3361 4442 nefandis
3393 4391 3565 4459 magis
3600 4406 3696 4446 ne-

435 4462 537 4526 τὰς
565 4462 780 4526 εἰκόνας
814 4463 1178 4535 πατήσαντες,
1200 4464 1437 4534 Χριστὸν
1461 4465 1896 4537 πεπατήκαμεν;
1924 4468 2014 4540 Μὴ

2129 4463 2291 4520 fartde
2312 4482 2328 4533 ;
2347 4482 2546 4537 ergone
2567 4468 2773 4527 Christi
2803 4471 3069 4543 imagines
3120 4477 3512 4544 conculcando,
3537 4482 3700 4538 Chri-

439 4557 683 4625 γένοιτοῑ
720 4556 778 4610 ’0
814 4555 872 4611 δὲ
906 4555 1272 4627 σημειοφόρος
1320 4556 1594 4624 Στέφανος
1618 4556 1707 4611 ἀεὶ
1745 4558 1804 4611 ἐν
1832 4557 2012 4630 ἐαυτῷ

434 4649 530 4703 τὸν
561 4648 797 4720 Χριστὸν
822 4646 1161 4719 περιφέρων,
1187 4648 1280 4709 καὶ
1307 4647 1427 4712 ὅλος
1453 4647 1546 4707 ὑπ’
1573 4647 1738 4702 αὑτοῦ
1763 4648 2013 4705 διδασκό-

439 4755 624 4810 μενος,
671 4739 775 4808 τὴν
821 4741 982 4810 χεῖρα
1030 4738 1109 4808 τῷ
1165 4738 1380 4809 στέρνει
1424 4737 1869 4808 άντανακλάσας,
1919 4742 2027 4828 καὶ

435 4831 589 4884 ἔνδον
622 4839 643 4867 ι’
671 4828 878 4901 ταύτην
920 4828 1174 4891 εἰσδύσας
1218 4829 1312 4884 τοῦ
1351 4828 1497 4901 ἱεροῦ
1543 4832 1916 4898 κουκουλλίου,
1955 4833 2015 4886 τδ

434 4923 687 4994 νόμισμα
719 4921 1048 4990 ἐξενεγκὼν,
1077 4921 1424 4975 ἐπεδείκνυεν
1444 4963 1459 4988 ,
1492 4920 1746 4994 καθάπερ
1779 4922 2016 4995 Χριστὸς

434 5018 503 5084 τῇ
539 5015 670 5085 πρὶν
696 5014 805 5067 τῶν
854 5014 1128 5067 Ἰουδαίων
1165 5014 1478 5084 συναγωγῇ,
1504 5013 1691 5069 εἰκόνα
1721 5015 1816 5067 καὶ
1845 5015 2015 5086 ὄνομα

435 5111 605 5179 φέρον
643 5106 737 5159 τοῦ
782 5105 1116 5175 ἀλάστορος,
1155 5104 1249 5157 καί
1289 5105 1502 5175 φησιν’
1553 5105 1722 5172 Τίνος
1759 5106 1805 5173 ἡ
1837 5106 2017 5161 εἰκὼν

433 5200 613 5265 αὕτη,
637 5197 924 5275 βασιλεῦ,
961 5197 1060 5251 καί
1094 5198 1132 5266 ἠ
1155 5197 1454 5267 ἐπιγραφή
1476 5205 1498 5233 ⁸
1522 5215 1536 5265 ;
1583 5197 1641 5252 ’0
1669 5198 1725 5251 δὲ
1754 5198 2015 5270 τύραννος

434 5291 740 5362 οαμσηοεὶς
792 5289 898 5360 ἔφη
925 5306 940 5321 ο
969 5289 1090 5343 Τῶν
1135 5288 1549 5359 βασιλευόντων.
1601 5290 1714 5342 Καὶ
1759 5291 1787 5343 6
1817 5289 1970 5358 ἅγιος
1998 5308 2010 5320 ο

509 5470 555 5501 ⁸²
586 5469 623 5522 ll
663 5470 790 5523 Cor.
835 5484 907 5534 vt,
943 5467 1029 5522 Μ.

2121 4567 2266 4614 etum
2290 4559 2774 4639 conculcavimus?
2800 4564 2977 4620 Absit.
3013 4564 3151 4622 Tum
3207 4570 3435 4638 signifer
3464 4571 3691 4644 Stepha-

2122 4665 2245 4716 nus,
2275 4634 2367 4720 qui
2391 4650 2672 4709 Christum
2699 4655 2753 4711 in
2795 4657 2976 4727 seipso
3010 4674 3226 4730 semper
3251 4634 3499 4733 gerebat,
3533 4634 3589 4723 el
3615 4679 3700 4725 to-

2125 4751 2212 4798 tus
2235 4742 2305 4798 ab
2331 4759 2398 4800 eo
2423 4746 2721 4804 docebatur
2745 4788 2761 4813 ,
2787 4766 2950 4806 manu
2983 4753 3049 4806 ad
3080 4766 3270 4820 pectus
3299 4768 3533 4813 retracta
3564 4769 3616 4818 et
3644 4762 3700 4819 in

2123 4849 2336 4888 sat-ram
2388 4838 2654 4892 cucullum
2703 4840 2968 4908 immissa,
3019 4859 3297 4901 nummum
3343 4849 3556 4915 extulit,
3605 4854 3699 4923 qui

2127 4926 2355 4995 improbi
2414 4927 2768 4999 imperatoris
2822 4932 3049 5000 cllipiem
3102 4946 3155 4989 et
3209 4951 3405 4992 nomen
3458 4938 3700 5010 ferebat,

2123 5034 2357 5087 euntque
2383 5019 2481 5085 illi,
2512 5028 2569 5074 ut
2602 5022 2730 5076 olim
2758 5021 3009 5079 Christus
3038 5024 3341 5082 Judaaorum
3374 5028 3695 5103 Syttagogm,

2127 5112 2364 5165 ostendit
2395 5114 2582 5167 dicens
2611 5133 2624 5169 :
2659 5114 2825 5183 Cujus
2854 5130 2949 5183 est,
2976 5134 3009 5174 ο
3033 5120 3347 5190 imperator,
3384 5124 3554 5192 imago
3585 5126 3697 5179 Iure

2120 5210 2165 5252 et
2192 5188 2570 5269 σημανεῖν-ἱρείη
2598 5204 2623 5256 ?
2646 5204 3066 5274 Obstnpcfactus
3095 5188 3360 5278 tyrannus
3380 5188 3693 5281 respondit:

2123 5291 2537 5360 Ittoptet'atul'ttttt.
2575 5296 2638 5351 Et
2674 5308 2899 5353 sanctus
2929 5317 2942 5352 :
2976 5296 3112 5354 Nunt
3146 5303 3191 5355 si
3230 5301 3358 5359 illud
3388 5302 3533 5358 humi
3571 5320 3698 5375 pro-

1734 5600 1969 5657 VARIA‘.
2003 5601 2399 5658 LECTtONES.

512 5745 535 5769 ⁸
561 5737 923 5808 ὑπογυρίσας.
996 5748 1024 5786 P
1055 5737 1125 5793 al.
1158 5737 1506 5791 ἐννοσιεύειν.
1582 5746 1609 5786 (ι
1634 5738 1703 5791 al.
1741 5738 1941 5792 πίστ;ν.

2091 5763 2101 5794 ς
2127 5744 2160 5794 Ι.
2200 5723 2324 5797 ἕλω.

2409 5754 2428 5779 ³
2465 5748 2530 5797 ul.
2570 5747 2885 5817 ὑπογραφὴ.
