4060 6422
493 375 631 441 1159
1655 350 2033 418 STEPHANI
2076 355 2099 414 Ι

2202 352 2385 412 CONl
2428 351 2536 410 ΟΡ.
3607 338 3729 403 1160

489 493 672 562 jiciam
700 498 753 543 et
774 496 967 557 sponte
1006 481 1362 547 conculcabo,
1392 492 1580 547 poenas
1609 474 1786 528 luam?
1812 472 2070 534 Omnino,

2204 469 2323 539 Αρά
2352 485 2415 536 γε
2456 469 2504 520 εἰ
2530 466 2687 519 τοῦτο
2714 460 3027 534 προσρίψας
3054 460 3071 495 ί
3100 456 3193 511 ἐπὶ
3220 460 3319 526 τῆς
3347 456 3448 526 γῆς
3491 455 3735 521 ἑκουσίως

496 547 745 651 inquiunt
789 547 866 644 hi,
896 577 987 647 qui
1032 575 1322 629 astabant:
1367 566 1804 638 quandoquidem
1847 563 2071 617 invicto-

2202 547 2430 631 τατήτω,
2462 556 2670 611 ύποίσω
2701 555 2861 623 δίκην
2881 569 2896 617 ;
2917 551 2983 604 Οἱ
3016 550 3072 603 δὲ
3100 547 3473 619 παρεστῶτες,
3499 547 3593 600 Ἐκ
3614 564 3740 599 παν-

497 636 613 726 Πιῶ
641 674 1032 740 imperaturum
1058 664 1232 733 efligie
1257 674 1311 716 et
1340 661 1559 715 nomine
1592 656 1903 727 insignitur.
1932 651 2069 705 Tum

2206 649 2283 713 ός·
2340 648 2567 715 ὅτιπερ,
2628 643 2832 713 φησὶν,
2879 639 3209 713 χαρακτῆρα
3255 639 3352 692 καὶ
3405 637 3597 707 κλῆσιν
3640 636 3741 689 τῶν

496 774 720 819 sanctus
743 764 984 831 graviter
1014 759 1299 826 suSpirans
1325 754 1401 806 ait
1437 770 1449 806 :
1481 750 1536 804 Si
1566 759 1745 801 vester
1777 748 1867 801 hic
1894 757 2071 799 sermo

2202 741 2461 809 ιηττήτων
2494 739 2648 807 φέρει
2691 735 2983 807 βασιλέων.
3025 732 3086 785 '0
3114 732 3172 785 δὲ
3201 730 3357 799 ἅγιος
3400 730 3541 797 μέγα
3571 728 3747 783 στενά-

496 865 604 917 est,
630 855 842 922 qualem
883 864 1011 919 ergo
1042 848 1310 902 infelicent
1338 857 1551 912 puniant
1765 835 2070 900 sustinebit,

500 948 590 1016 qui
623 943 832 999 Christi
865 942 1089 1010 ejusque
1128 937 1320 991 Matris
1351 950 1544 988 nomen
1584 933 1635 985 in
1674 931 1911 998 imagine
1952 942 2076 980 con-

431 1018 446 1032 .
501 1036 797 1092 calcaverit
828 1042 878 1087 et
902 1018 1258 1086 cremaverit?
1286 1026 1365 1078 An
1400 1040 1506 1078 non
1549 1036 1770 1091 prorsus
1796 1018 1907 1089 igni
1937 1033 2077 1071 nuu-

501 1143 665 1197 quam
697 1125 981 1178 interitnro
1008 1132 1061 1175 et
1090 1131 1318 1182 teteruo,
1346 1115 1624 1183 vermique
1652 1124 1917 1181 nusquam
1947 1109 2069 1164 dor-

503 1217 691 1271 ntienti
719 1211 1004 1267 tradetur?
1049 1211 1240 1264 Postea
1290 1222 1567 1260 numntum
1609 1201 1839 1271 projccit
1868 1214 1921 1254 et
1957 1197 2070 1253 cal-

504 1309 672 1362 cavit.
700 1306 820 1358 Mox
848 1318 972 1356 vero
1002 1302 1053 1355 bi
1083 1300 1174 1368 qui
1202 1295 1516 1366 imperatori
1545 1294 1896 1355 assistebant,
1934 1290 2080 1345 velut

506 1400 748 1469 qua'dam
783 1395 993 1449 feroces
1038 1393 1228 1446 bellua:
1258 1392 1309 1444 in
1353 1398 1603 1442 sanctum
1632 1388 1919 1448 irruentes,
1955 1396 2079 1437 eum

508 1506 539 1545 e
574 1489 779 1544 solario
808 1490 1057 1539 deorsum
1094 1483 1428 1551 praecipitem
1473 1492 1634 1548 agere
1662 1477 1937 1530 volebant.
1976 1474 2079 1527 Ve-

510 1595 649 1643 rum,
677 1581 972 1647 imperator
997 1573 1220 1628 subdole
1243 1573 1496 1643 (namque
1528 1578 1826 1635 utserpens
1855 1566 2081 1618 formam

511 1670 727 1725 mentiri
762 1665 1023 1736 noverat)
1052 1663 1330 1733 impedivit
1358 1702 1373 1726 ,
1401 1661 1691 1731 quominus
1732 1658 1783 1711 id
1814 1665 2035 1725 agerent
2067 1673 2081 1710 :

509 1775 744 1829 eumque
790 1759 974 1813 statim
1009 1756 1146 1812 collo
1186 1755 1427 1809 vinctum
1449 1792 1465 1816 ,
1498 1761 1551 1806 et
1586 1750 1834 1804 manibus
1867 1764 1896 1802 a
1931 1757 2085 1815 tergo

512 1854 688 1926 ligatis
721 1855 771 1906 in
802 1851 1075 1921 publicum
1103 1847 1346 1919 Byzantii
1377 1860 1678 1906 carcerem,
1713 1856 1927 1897 sacrum
1960 1855 2090 1910 prte-

513 1945 712 1999 torinm
746 1944 948 1996 dictum
971 1979 986 2004 ,
1027 1941 1208 2006 misit;
1234 1950 1291 1991 ut
1327 1938 1621 1991 secundum
1654 1935 1800 2004 leges
1826 1934 2090 2003 judicium

519 2036 756 2097 subiret,
784 2048 850 2088 eo
876 2033 1021 2101 quod
1047 2031 1395 2105 imperatoris
1415 2028 1705 2095 imaginem
1732 2035 1920 2081 coatra
1949 2024 2093 2094 leges

521 2125 921 2180 conculcasset.
963 2121 1008 2176 Ο
1055 2120 1468 2191 stupiditateml
1506 2119 1589 2173 llli
1633 2119 1722 2186 qui
1764 2127 1951 2187 aperte
2000 2115 2091 2169 Dei

515 2217 686 2285 legem
731 2214 1084 2284 transgressi,
1134 2210 1250 2279 ejus
1287 2210 1574 2278 imaginem
1607 2207 2014 2269 conculcavere,
2058 2204 2092 2259 ii

518 2308 572 2360 in
609 2307 825 2376 propria
868 2319 967 2360 sua
1012 2303 1256 2371 imagine
1294 2302 1463 2370 legem
1507 2300 1979 2368 pr0pugnatricem
2017 2295 2095 2350 fa—

519 2394 706 2450 ciunt?
728 2396 884 2459 Quis,
905 2408 1112 2464 quaeso,
1136 2391 1354 2445 illorum
1379 2389 1671 2443 amentiam
1697 2402 1803 2442 non
1829 2384 2097 2441 irriserit?

594 2656 777 2726 Itaque
832 2654 1178 2707 beatissimus
1227 2650 1390 2705 Pater
1447 2660 1633 2704 noster
1688 2648 1998 2719 Stephanus
2044 2648 2096 2702 in

521 2750 831 2819 praetorium
876 2748 1070 2800 ductus
1115 2753 1224 2809 est,
1268 2745 1422 2815 cujus
1468 2745 1793 2798 vestibulum
1831 2743 2001 2798 solum
2042 2752 2099 2797 ut

523 2842 725 2902 subiit,
761 2838 1028 2892 concaluit
1090 2853 1185 2891 cor
1237 2837 1359 2906 ejus
1405 2836 1547 2890 intra
1588 2836 1809 2904 ipsum,
1865 2845 1923 2888 ut
1961 2835 2099 2888 Pro-

526 2935 702 3001 pheta:
731 2930 892 2982 verba
921 2943 1201 2997 usurpem,
1226 2937 1283 2981 et
1311 2928 1431 2995 igne
1465 2928 1831 2981 meditationis
1863 2942 1977 2982 suat
2006 2942 2101 2980 ac-

2175 830 2268 898 ξας
2294 827 2467 883 εἶπεν·
2505 831 2565 881 Εἰ
2603 829 2762 897 ὑμεῖς
2792 826 2966 887 οὕτως
2998 825 3157 892 φατὲ,
3186 821 3348 875 ποίαν
3389 822 3494 889 ἄρα
3521 818 3747 888 ἐλεεινὴν

2176 919 2389 973 ὑποίσει
2418 920 2574 989 δίκην
2600 919 2627 970 ὁ
2661 918 2720 970 τὸ
2746 917 2837 969 τοῦ
2870 912 3110 983 Χριστοῦ
3148 912 3244 965 καὶ
3281 913 3381 980 τῆς
3417 911 3635 981 Μητρδς
3660 910 3750 964 αὺ-

2173 1008 2269 1062 τοῦ
2313 1008 2483 1078 ὄνομα
2524 1009 2583 1059 ἐν
2627 1006 2796 1058 εἰκόνι
2840 1006 3095 1074 πατήσας
3146 1003 3238 1056 καὶ
3296 1000 3750 1072 κατακαύσας,ἢ

2176 1099 2397 1160 πάντως
2443 1096 2521 1166 τῷ
2569 1095 2916 1165 ἀτελευτήτῳ
2965 1093 3099 1162 πυρὶ
3150 1091 3247 1146 καὶ
3296 1091 3499 1161 αἰωνίῳ
3542 1092 3638 1143 καὶ
3682 1089 3754 1161 τῷ

2179 1193 2468 1261 ἀκοιμήτῳ
2525 1190 2774 1258 σκώληκι
2824 1186 3210 1256 ἐκδοθήσεται;
3257 1186 3367 1237 Καὶ
3402 1184 3562 1256 ῥίψας
3591 1183 3651 1237 τὸ
3677 1184 3756 1237 v6-

2184 1300 2398 1355 μισμα,
2451 1283 2841 1351 κατεπάτησεν
2879 1279 3034 1332 αὐτό.
3078 1279 3141 1331 Ol
3176 1276 3234 1330 δὲ
3267 1276 3345 1345 τῷ
3380 1274 3593 1345 βασιλεί
3626 1292 3757 1344 παρ-

2184 1377 2467 1445 ιστάμενοι
2493 1414 2506 1432 ,
2545 1373 2619 1435 ὡς
2652 1374 2704 1425 εἰ
2739 1388 2886 1434 τινες
2913 1370 3096 1441 ἄγριοι
3142 1368 3308 1439 θῆρες
3341 1366 3758 1436 εἰσπηδήσαντες

2184 1468 2329 1522 κατὰ
2350 1466 2444 1519 τοῦ
2469 1466 2649 1534 ἁγίου,
2682 1462 2987 1534 κρημνίσαι
3012 1462 3199 1516 τοῦτον
3224 1459 3646 1531 ἠϐουλήθησανιι
3672 1457 3760 1511 τοῦ

2182 1556 2408 1630 ἡλιακοῦ
2443 1558 2581 1627 πρὸς
2617 1556 2676 1609 τὸ
2715 1557 3008 1619 κάταντες.
3050 1554 3108 1607 ’0
3139 1553 3197 1607 δὲ
3231 1552 3489 1623 βασιλεὺς
3522 1551 3763 1615 ὑπούλως

2185 1668 2300 1712 πως
2345 1647 2792 1721 (παρεμορφοῦτο
2852 1647 2958 1720 γὰρ
3005 1647 3082 1711 ώς
3122 1645 3275 1716 ὄφις)
3309 1646 3535 1710 τούτους
3574 1643 3763 1700 ἀπεσό-

2187 1743 2355 1814 6ησεν
2385 1742 2543 1795 τοῦτο
2577 1741 2651 1811 μὴ
2685 1740 2915 1811 πρᾶξαι.
2959 1739 3068 1793 Καὶ
3096 1739 3344 1810 παρευθὺ
3375 1737 3467 1809 τὸν
3505 1740 3657 1805 ἆγιον
3685 1736 3764 1788 δε-

2123 1817 2162 1873 B
2191 1833 2414 1903 δεμένον
2457 1835 2521 1886 ἐκ
2566 1832 2659 1885 τοῦ
2693 1832 2989 1903 τραχήλου,
3034 1830 3262 1884 ὄπισθεν
3309 1829 3515 1892 δὲτὰς
3566 1830 3763 1899 χεῖρας.

2193 1927 2332 1996 πρὸς
2371 1925 2471 1996 τὴν
2513 1924 2606 1978 τοῦ
2653 1923 2954 1990 Βυζαντίου
2986 1922 3541 1994 δημοσίαν’φυλακὴν
3591 1918 3768 1973 τοῦτον

2194 2017 2578 2087 παρέπεμψεν,
2614 2016 2746 2089 ἔνθα
2784 2015 3095 2083 ἐπιλέγεται
3133 2015 3196 2068 τὸ
3232 2014 3378 2085 ἱερὸν
3420 2010 3766 2085 πραιτώριον,

2194 2109 2269 2172 ὡς
2299 2109 2540 2178 ἐννόμως
2578 2108 2838 2180 κριθῆναι
2886 2107 3071 2171 αὑτὸν,
3112 2106 3248 2159 διότι
3284 2106 3551 2176 βασιλέως
3603 2102 3767 2175 χαρα-

2196 2201 2375 2272 κτῆρα
2408 2202 2628 2271 ἀνόμως
2659 2201 2996 2272 πεπάτηκεν.
3036 2201 3101 2252 Ὢ
3129 2200 3228 2269 τῆς
3259 2199 3680 2269 παραπληξίαςῑ
3713 2198 3770 2253 Οἱ

2197 2295 2304 2365 γὰρ
2347 2293 2645 2364 προφανῶς
2668 2294 2763 2346 τὸν
2805 2293 2899 2346 τοῦ
2933 2292 3070 2347 Θεοῦ
3105 2291 3565 2362 παραδεὸηκότες
3598 2291 3768 2362 νόμον,

2199 2386 2295 2439 καὶ
2325 2386 2424 2457 τὴν
2456 2385 2625 2438 αὐτοῦ
2656 2386 2845 2440 εἰκόνα
2878 2366 3255 2456 πατήσαντες,
3292 2380 3442 2439 οὗτοι
3479 2386 3537 2437 ἐν
3571 2386 3638 2455 τῇ
3678 2382 3775 2454 ἰδίᾳ

2199 2478 2370 2530 εἰκόνι
2407 2478 2500 2531 τὸν
2544 2478 2707 2548 νόμον
2740 2477 3028 2547 πρόμαχον
3059 2476 3361 2531 ποιοῦνται.
3401 2476 3516 2529 Καὶ
3556 2476 3638 2539 τίς
3675 2469 3776 2545 ἄρα

2200 2570 2262 2622 ού
2288 2569 2571 2637 γελάσειεν
2613 2571 2713 2638 τὴν
2740 2569 2949 2621 τούτων
2978 2568 3165 2622 ἄνοιαν
3190 2585 3205 2635 ;

2285 2658 2343 2711 '0
2367 2660 2422 2712 δὲ
2454 2658 2771 2727 παμμάκαρ
2799 2658 2989 2729 Πατὴρ
3022 2658 3178 2728 ἡμῶν
3208 2656 3490 2726 Στέφανος
3515 2655 3593 2728 τῷ
3622 2671 3774 2725 πραι-

2199 2734 2385 2820 τωρίῳ
2414 2747 2880 2820 παραπεμτρθείς,
2928 2749 3004 2813 ὡς
3042 2748 3202 2819 μόνον
3248 2748 3385 2819 πρὸς
3424 2749 3495 2801 τὰ
3545 2747 3775 2820 πρόθυρα

2201 2841 2405 2908 εἰσέδυ,
2433 2841 2749 2913 ἐθερμάνθη
2780 2842 2814 2912 ἡ
2852 2840 3050 2911 καρδία
3086 2839 3276 2904 αὐτοῦ,
3325 2840 3678 2912 προφητικῶς
3706 2839 3778 2892 εί-

2205 2936 2350 2998 πεῖν,
2377 2932 2533 2996 ἐντὸς
2556 2931 2749 2999 αὐτοῦ,
2787 2933 2881 2985 καὶ
2911 2934 2971 2985 τὸ
2994 2932 3095 3002 τῆς
3124 2932 3362 3002 μελέτης
3391 2931 3563 2986 αὐτοῦ
3587 2929 3778 2985 ἐκκαύο

524 3039 692 3076 censa
714 3022 781 3085 ⁸³,
818 3016 1031 3073 locutus
1063 3028 1149 3072 Cal.
1181 3016 1361 3088 lingua
1399 3034 1493 3071 sua
1533 3019 1692 3072 liuent
1731 3018 1940 3072 dierum
1976 3019 2099 3072 vitte

2209 3042 2307 3089 σας
2336 3024 2469 3096 πῦρ,
2500 3024 2762 3094 ἐλάλησεν
2793 3028 2859 3097 τῇ
2898 3022 3123 3095 γλώσσῃ
3153 3023 3342 3088 αὐτοῦ,
3381 3025 3445 3078 τὸ
3481 3026 3652 3096 πέρας
3681 3022 3778 3077 τῶν

524 3129 658 3173 suas,
709 3112 941 3166 dicens:
981 3110 1104 3165 llaec
1177 3125 1295 3164 mea
1354 3110 1580 3179 hujusce
1632 3111 1755 3162 vitae
1813 3108 1974 3179 500
2017 3124 2104 3164 re-

522 3204 712 3277 quies,
752 3213 805 3254 et
859 3202 945 3255 hic
989 3200 1249 3255 habitabo
1295 3215 1468 3269 usque
1524 3200 1591 3253 ad
1634 3209 1938 3254 extremum
1984 3202 2106 3254 vitae

526 3306 659 3345 mea:
693 3292 942 3355 halitum,
968 3293 1093 3361 quia
1132 3306 1228 3359 pro
1261 3290 1498 3359 imagine
1528 3289 1729 3344 Christi
1764 3292 1979 3345 nomine
2008 3291 2105 3345 de»

524 3393 708 3437 curata
742 3383 879 3453 elegi
909 3398 1027 3437 eam
1056 3383 1125 3437 “.
1164 3384 1363 3436 Ibidem
1414 3384 1578 3437 etiam
1628 3382 1867 3438 delectos
1930 3385 2107 3439 sancti

527 3479 914 3529 monachorum
948 3476 1182 3531 instituti
1221 3478 1398 3539 viros,
1434 3478 1501 3529 ad
1553 3484 1828 3530 trecentos
1864 3479 2105 3546 quadra-

528 3566 677 3634 ginta
711 3568 849 3620 duos
884 3582 1133 3630 numero,
1174 3581 1241 3621 ex
1287 3567 1458 3621 variis
1496 3567 1630 3621 locis
1679 3567 1920 3623 inclusos
1955 3569 2108 3622 inve-

530 3655 646 3711 nit:
679 3670 909 3724 quorum
946 3658 1068 3712 aliis
1100 3673 1261 3712 nares
1301 3659 1558 3712 abscissm
1594 3656 1833 3725 fuerant,
1874 3658 1997 3712 aliis
2028 3657 2109 3712 ef-

530 3745 667 3799 fossi
707 3746 873 3811 oculi,
904 3747 1025 3802 aliis
1065 3759 1359 3818 amputata:
1394 3765 1614 3813 manus,
1645 3766 1710 3806 eo
1744 3751 1888 3820 quod
1918 3752 2109 3804 adver-

530 3850 629 3890 sus
671 3844 891 3891 sanctas
941 3836 1207 3907 imagines
1257 3839 1605 3893 subscribere
1650 3848 1979 3893 reunerant.‘
2004 3837 2107 3892 Alii

530 3926 757 3980 auribus
789 3928 1073 3982 carebant.
1104 3927 1202 3982 Alii
1238 3929 1663 3983 intolerabilium
1699 3930 1982 3983 verberum
2020 3944 2110 3981 re-

534 4019 734 4087 liquias
761 4019 1114 4074 exhibebant.
1142 4021 1245 4075 Alii
1271 4037 1328 4075 se
1352 4022 1476 4089 pilis
1499 4022 1739 4090 privatos
1763 4030 1817 4074 et
1841 4022 1909 4075 ab
1931 4021 2114 4090 impiis

537 4105 914 4161 lconocaustis
950 4109 1178 4162 abrasos
1214 4111 1594 4164 ostendebant.
1630 4111 1821 4164 Plures
1857 4124 1987 4163 vero
2018 4125 2112 4165 ve-

536 4200 837 4253 nerandam
872 4200 1095 4254 barbam
1129 4200 1248 4270 pire
1277 4212 1495 4256 unctam
1527 4210 1694 4271 atque
1724 4202 1975 4258 adustam
2014 4203 2112 4256 ha-

536 4290 754 4345 bebant.
789 4287 862 4347 Ut
892 4292 1004 4347 haec
1050 4293 1244 4349 acerba
1281 4303 1337 4349 et
1375 4295 1524 4348 varia
1565 4295 1783 4364 pietatis
1816 4306 2113 4366 mystarum

2212 3116 2434 3185 ἡμερῶν
2483 3116 2583 3185 τῆς
2632 3114 2777 3186 ζωῆς
2826 3113 2991 3168 αὑτοῦ
3045 3113 3216 3168 εἰπών
3247 3131 3262 3147 ο
3325 3115 3479 3187 Αῦτη
3549 3134 3646 3186 μου
3691 3116 3780 3185 τῆς

2212 3204 2356 3273 ζωῆς
2379 3203 2581 3274 ταύτης
2616 3206 2649 3273 ἠ
2680 3204 3050 3271 κατάπαυσις,
3085 3206 3182 3259 καὶ
3210 3202 3309 3259 ὧδε
3342 3209 3657 3276 κατοικήσω
3685 3206 3781 3268 ἓως

2213 3296 2449 3365 ἐσχάτης
2480 3295 2573 3347 τοῦ
2607 3295 2722 3365 βίου
2757 3313 2858 3367 μου
2887 3297 3161 3368 ἀναπνοῆς
3182 3339 3197 3364 ,
3233 3298 3314 3351 ὅτι
3347 3298 3493 3367 ὑπὲρ
3528 3300 3623 3369 τῆς
3659 3298 3781 3367 Χρι-

2215 3386 2499 3457 στωνύμου
2549 3387 2756 3451 εἰκόνος
2792 3389 3138 3460 ᾑρετισάμην
3189 3390 3380 3460 αὐτὴν.
3444 3386 3616 3461 Εὗρεν
3652 3389 3706 3441 δέ
3732 3390 3779 3438 ἐν

2196 3477 2322 3537 ’τοῖς
2350 3476 2529 3527 ἐκεῖσε
2564 3476 3054 3545 ἐγκεκλεισμένους
3088 3476 3321 3545 λογάδας
3357 3476 3458 3530 τοῦ
3494 3477 3650 3545 ἁγίου
3685 3474 3780 3526 τῶν

2218 3569 2468 3637 μοναχῶν
2502 3569 2806 3637 σχήματος,
2837 3568 2969 3620 ὡσεὶ
3002 3568 3350 3639 τριακοσίους
3381 3570 3781 3640 τεσσαράκοντα

2214 3659 2309 3711 δύο
2338 3659 2429 3711 τὸν
2453 3659 2707 3730 ἀριθμὸν,
2735 3661 2800 3713 ἐκ
2819 3660 3092 3731 διαφόρων
3116 3661 3332 3731 χωρῶν,
3370 3662 3500 3725 τοὺς
3538 3662 3634 3732 μὲν
3659 3663 3784 3732 ρινο-

2215 3750 2476 3819 τμήτους,
2501 3750 2626 3813 τοὺς
2653 3750 2711 3803 δὲ
2737 3752 3118 3822 ἁπομμάτους,
3146 3751 3342 3815 ἄλλους
3373 3755 3575 3824 χεῖρας
3596 3767 3783 3820 κεκομ·

2220 3831 2391 3908 μένας
2435 3826 2696 3910 ἔχοντας,
2738 3840 2815 3905 ὡς
2871 3844 2945 3913 μὴ
3005 3842 3436 3913 ὑπογράψαντας
3494 3843 3635 3898 κατὰ
3686 3840 3783 3894 τῶν

2219 3931 2391 3999 ἁγίων
2414 3932 2642 3985 εἰκόνων
2662 3942 2714 3999 ν,
2736 3935 2957 4006 ἐτέρους
2978 3931 3091 3989 ὦτα
3119 3935 3195 4007 μὴ
3219 3935 3466 4006 ἔχοντας.
3492 3937 3668 3990 Καὶοί
3697 3934 3783 4004 μὲν

2216 4024 2327 4078 τῶν
2350 4024 2685 4078 ἀνεικάστων
2712 4022 2936 4097 δαρμῶν
2961 4027 3028 4080 τὰ
3052 4027 3289 4097 λείψανα
3322 4022 3405 4082 ἐδε
3417 4030 3625 4083 ίκνυον.
3651 4029 3708 4081 Οί
3733 4026 3783 4081 δέ

2218 4111 2412 4182 τρίχας
2458 4114 2533 4182 μὴ
2584 4113 2728 4184 ἔχειν
2761 4117 2987 4179 ἑαυτοὺς
3036 4117 3421 4184 ἐπεδείκνυον,
3460 4119 3782 4191 ξυρισθέντες

2221 4204 2374 4275 παρὰ
2395 4204 2502 4256 τῶν
2527 4205 2741 4259 ἀσεϐῶν
2771 4208 3230 4263 είκονοκαυστῶν·
3261 4211 3359 4264 καὶ
3379 4213 3429 4265 οἰ
3459 4213 3676 4275 πλείους
3697 4211 3781 4282 τὴν

2221 4295 2409 4365 τιμίαν
2444 4297 2698 4362 γενειάδα
2731 4300 2796 4352 ἐκ
2828 4298 3026 4370 πίσσης
3066 4302 3439 4373 κεχρισμένην
3477 4305 3573 4357 καὶ
3600 4320 3780 4356 κεκαυ-

534 4383 801 4452 supplicia
854 4385 987 4438 vidit
1032 4397 1292 4449 sanctus,
1337 4386 1469 4463 Deo,
1502 4389 1595 4457 qui
1638 4388 1748 4442 illis
1795 4388 2099 4457 patientiam

2222 4386 2393 4457 μένην
2434 4381 2597 4457 εἶχον.
2632 4387 2849 4451 Ταύτας
2877 4389 2975 4454 τὰς
3010 4390 3255 4460 χαλεπὰς
3286 4392 3593 4458 πολυειδεῖς
3629 4409 3782 4464 τιμω-

538 4475 827 4539 tribuerat,
866 4476 1070 4545 gratias
1105 4478 1237 4547 egit.
1272 4477 1390 4547 Ipse
1423 4491 1550 4533 τρι-ο
1579 4479 1765 4534 dolore
1798 4488 1854 4533 et
1888 4479 2114 4534 tristitia

536 4563 898 4633 afﬁciebatur,
937 4568 1081 4634 quod
1117 4570 1354 4622 nondum
1398 4580 1728 4626 tormentum
1770 4572 1989 4642 aliquod
2033 4572 2115 4627 vel

537 4659 770 4713 membri
807 4659 1145 4714 avulsionem
1185 4661 1257 4715 ob
1296 4662 1541 4717 eamdem
1594 4679 1813 4719 causam
1857 4674 2120 4736 expertus

533 4756 673 4802 erat.
732 4749 1023 4815 Caeterum,
1067 4765 1258 4805 onmes
1312 4751 1388 4806 illi
1434 4752 1623 4808 Patres
1676 4769 1802 4810 eum
1860 4766 2117 4825 tauquam

539 4854 813 4894 summum
849 4852 1120 4907 pastorem
1148 4853 1207 4897 et
1253 4845 1551 4904 salutarem
1596 4846 1912 4915 magistrum
1946 4865 2111 4904 exce-

537 4941 690 4998 pere,
736 4931 804 4982 ab
852 4944 1025 4997 eoque
1074 4932 1433 4998 docebantur,
1472 4948 1536 4990 ac
1586 4950 1712 4990 suas
1751 4937 2112 5002 cogitationes

539 5016 639 5085 ipsi
668 5016 996 5073 referebant.
1035 5019 1278 5090 Denique
1308 5024 1619 5092 praetorium
1658 5025 1855 5080 factum
1885 5037 1967 5082 est
1998 5043 2114 5084 mo-

538 5108 833 5162 nasterium
854 5148 870 5175 ,
902 5124 1024 5162 cum
1068 5110 1180 5167 illic
1208 5128 1382 5167 canun
1416 5116 1751 5172 monasticus
1789 5118 2115 5189 observare-

538 5210 647 5253 tur.
690 5197 868 5254 Porro
904 5201 1146 5257 carceris
1193 5204 1479 5269 custodes,
1526 5216 1580 5260 et
1629 5210 1816 5263 cuncti
1869 5212 1935 5265 ad
1978 5227 2116 5280 quos

534 5289 644 5359 jam
671 5288 830 5361 501
868 5292 1076 5360 pridem
1110 5296 1287 5349 sancti
1321 5296 1421 5349 viri
1448 5296 1590 5351 fama
1622 5313 1965 5369 pervenerat,
1990 5317 2112 5357 cum

608 5442 658 5475 ⁸³
686 5442 828 5501 Psal.
869 5463 1097 5514 xxxvm,
1126 5450 1182 5503 4.
1259 5450 1308 5482 ⁸⁸
1343 5450 1487 5507 Psal.
1510 5468 1698 5519 cxm,
1735 5453 1817 5511 14.

2217 4477 2338 4548 ρίας
2361 4478 2470 4533 τῶν
2507 4481 2606 4550 τῆς
2636 4470 2918 4546 εὐσεὸείας
2951 4483 3171 4554 μυστῶν
3205 4483 3329 4538 ἰδὼν
3354 4488 3382 4539 ὁ
3411 4488 3592 4556 ἅγιος,
3629 4487 3779 4557 ηὐχα-

2219 4570 2394 4642 ρίστει
2416 4572 2492 4640 τῷ
2518 4571 2636 4645 Θεῷ
2655 4572 2734 4645 τῷ
2758 4574 2857 4646 τὴν
2888 4575 3165 4648 ὑπομονὴν
3191 4579 3375 4644 αὐτοῖς
3398 4579 3549 4652 δωρη
3560 4579 3778 4650 σαμένῳ.

2221 4664 2530 4734 Ἧσχαλλεν
2555 4667 2611 4720 δὲ
2642 4669 2738 4720 καὶ
2765 4669 3072 4742 ἐδυσφόρει,
3103 4672 3185 4725 ὅτι
3205 4674 3306 4726 οὐκ
3331 4668 3398 4744 ἦν
3426 4674 3591 4737 αὐτὸς
3620 4669 3781 4741 ἀκμὴν

2220 4758 2420 4828 πεῖραν
2445 4757 2628 4811 λαϐών
2651 4775 2797 4823 τινος
2828 4760 3063 4831 βασάνου
3085 4762 3118 4832 ἢ
3140 4764 3431 4834 ἀφαίρεσιν
3460 4765 3651 4835 μέλους
3674 4759 3782 4831 περὶ

2218 4847 2312 4901 τοῦ
2339 4851 2726 4920 προκειμένου.
2747 4853 2811 4904 Οἱ
2830 4853 2887 4906 δὲ
2912 4853 3153 4923 Πατέρες
3171 4848 3314 4908 οὗτοι
3333 4857 3533 4920 πάντες
3556 4855 3783 4923 ἐδέξαντο

2219 4938 2408 4993 τοῦτον
2463 4939 2539 5004 ὡς
2590 4943 2960 5013 ἀρχιποιμένα
3007 4947 3101 4999 καὶ
3142 4947 3466 5021 καθηγητὴν
3501 4952 3780 5019 σωτήριον,

2220 5032 2313 5086 καὶ
2355 5034 2488 5103 παρ’
2520 5034 2684 5087 αὐτοῦ
2734 5037 3111 5103 ἐδιδάσκοντο,
3157 5040 3251 5092 καὶ
3289 5041 3437 5109 αὐτῷ
3482 5044 3608 5104 τοὺς
3651 5042 3781 5105 λογι-

2224 5119 2398 5193 σμοὺς
2423 5125 2708 5199 ἀνέφερον.
2733 5129 2934 5182 Λοιπὸν
2966 5132 3156 5199 γέγονε
3192 5131 3252 5185 τὸ
3278 5133 3610 5205 πραιτώριον
3635 5148 3783 5203 μολι-

2222 5218 2478 5287 στήριονν
2510 5219 2713 5283 παντὸς
2764 5221 2858 5274 τοῦ
2912 5224 3208 5294 μοναχικοῦ
3255 5228 3480 5288 κανόνος
3530 5225 3785 5279 ἐπιτελουο

2229 5308 2424 5377 μένυυ.
2453 5310 2516 5362 Οἱ
2543 5310 2599 5361 δὲ
2633 5314 2731 5376 τὰς
2772 5313 3019 5381 φυλακὰς
3058 5319 3480 5391 πεπιστευμένοι
3501 5359 3516 5386 ,
3544 5317 3635 5373 καὶ
3661 5316 3783 5370 πάν-

1848 5588 2080 5644 νΜιιΑτῑ
2110 5556 2515 5651 ιεοτιοεὲεε.

620 5739 639 5778 ι
666 5736 740 5791 al.
771 5741 1108 5811 προσρήξας.
1186 5755 1213 5784 ιι
1246 5744 1397 5801 Unus
1434 5747 1578 5801 addit
1614 5749 1779 5803 κατά.
1856 5760 1883 5790 ν
1920 5751 2097 5816 οἰκὼς

2202 5755 2447 5824 ἀψαντας
2470 5757 2610 5831 ὑπὲρ
2640 5761 2746 5818 τῶν
2776 5763 2947 5832 ἁγίων
2970 5764 3214 5825 εἰκόνων.
