4060 6514
573 448 704 520 lilii

1624 462 1797 527 VITA
1844 467 1906 530 s.
1950 466 2329 547 STERIIANI
2396 467 2779 530 JUNIORIS.

3678 396 3817 526 1.162

569 582 660 628 τες
689 565 738 619 οἱ
770 565 867 635 τὴν
908 561 1002 617 τοῦ
1049 566 1195 621 ὸσὲον
1233 570 1423 638 φήμην
1466 568 1697 625 ἔκπαλαι
1741 573 2131 642 ὲνωτιζόμενοιη

2248 591 2371 629 eum
2433 577 2696 643 integram
2749 576 2815 628 de
2874 575 3048 629 sacris
3103 572 3432 645 imaginibus
3474 573 3634 629 ﬁdem
3686 587 3816 627 vere

573 658 776 720 ἰδόντες
815 660 1003 713 τοῦτον
1033 660 1111 723 ὡς
1140 661 1356 731 ἀληθῶς
1387 661 1450 714 τὸ
1494 664 1614 717 κατ’
1648 665 1835 717 εἰκόνα
1866 664 2143 735 ἀλώϐητον

566 748 940 817 διασῴζοντα,
995 752 1086 804 τὸν
1135 753 1273 805 κατὰ
1322 753 1582 824 ἀλήθειαν
1626 756 1868 824 ἐπίγειον
1913 755 2143 824 ἄγγελον

567 824 1053 910 ὲξεῢαξιόήοησαν,
1102 841 1176 905 ὼς
1220 845 1396 897 εἰπεῖν
1441 859 1561 896 τινα
1607 844 1970 915 καπικλάριον
2030 845 2142 915 (Ξὸ)

568 932 707 1002 πρὸς
752 936 852 1002 τὴν
885 933 1022 985 ἰδίαν
1067 936 1299 1002 γυναῖκα
1331 935 1407 996 ὼς
1439 938 1498 987 ἐν
1536 938 1854 1007 μυστηρίῳ,
1892 938 2144 1007 καθάπερ

567 1027 776 1087 ἐκεῖνος
802 1028 830 1078 ὁ
859 1026 1078 1079 Μανωέ·
1124 1026 1511 1098 Ἀπολὼλαμεν
1532 1070 1546 1091 ,
1578 1023 1623 1082 ὦ
1672 1029 1868 1097 γύναι,
1899 1031 1962 1081 ὲκ
2006 1030 2141 1082 ταύ-

564 1131 665 1186 της
684 1117 779 1186 τῆς
804 1117 895 1170 τοῦ
921 1118 1190 1186 τυράννου
1210 1118 1427 1186 μανίας.
1461 1120 1605 1172 Ὢσεὶ
1629 1120 1762 1174 Θεὸν
1789 1119 1897 1189 γὰρ
1921 1119 2142 1191 ἑώρακα

562 1207 656 1261 τὸν
685 1209 802 1260 νυνὶ
846 1208 1242 1279 καθειρχθέντα
1280 1213 1337 1262 ἐν
1378 1213 1445 1281 τῇ
1488 1210 1704 1280 φυλακῇ
1743 1211 2017 1278 Στέφανον
2052 1211 2143 1264 τὸν

564 1297 659 1353 τοῦ
720 1299 1035 1363 Αὐξεντίου.
1106 1301 1169 1353 Ἦ
1209 1301 1263 1352 δὲ
1306 1302 1464 1371 τιμία
1514 1305 1697 1370 ἐκείνη
1742 1302 1917 1371 γυνὴ,
1957 1303 1989 1371 ἡ
2049 1302 2143 1355 νέα

562 1390 872 1462 Σαραφθία,
915 1392 1009 1444 καὶ
1035 1393 1380 1460 Σουμανῖτις,
1437 1393 1633 1463 ἡκατὰ
1666 1393 1923 1464 ἀλήθειαν
1953 1393 2138 1465 Φοίϐη,

566 1486 633 1537 ἶν’
666 1485 826 1549 εἴπω,
858 1484 953 1536 καὶ
980 1484 1267 1553 Τρύφαινα
1297 1486 1562 1555 ἐρωτήσει
1592 1486 1689 1554 τὴν
1717 1484 1984 1556 ἐρώτησιν
2005 1487 2141 1555 πρὸς

561 1577 655 1629 τὸν
689 1575 858 1645 ἄνδρα
892 1576 1282 1642 προστιθεῖσα,
1313 1576 1646 1648 κλοποφορεῖ
1674 1577 1804 1648 παρ’
1848 1577 2013 1651 αὐτοῦ
2054 1578 2142 1632 διὰ

561 1667 663 1737 τῆς
697 1667 887 1735 ἀκοῆς,
924 1667 1106 1719 πᾶσαν
1135 1666 1232 1737 τὴν
1266 1667 1545 1720 πολιτείαν
1573 1666 1667 1720 τοῦ
1704 1670 1978 1737 μακαρίου
2005 1710 2018 1729 ,
2046 1670 2141 1722 καὶ

563 1759 991 1831 κρυφιοπνενστὶ
1013 1771 1039 1799 ι
1054 1757 1149 1810 τοῦ
1175 1759 1410 1827 συζύγου
1432 1762 1498 1829 τῇ
1522 1762 1713 1831 εἱρκτῇ
1740 1761 1967 1832 εἱσπηδή
1978 1778 2137 1825 σασα,

559 1851 671 1912 τοῖς
706 1849 836 1901 ποσὶ
868 1846 966 1901 τοῦ
997 1847 1148 1901 ὁσίου
1185 1849 1576 1919 κυλινδουμένη
1599 1891 1612 1913 ,
1657 1850 1821 1921 εὐχὴν
1856 1852 2136 1919 ἐπεζήτει,

2247 681 2574 720 conservare
2617 677 2939 733 cernerent,
2990 677 3271 720 terrenum
3328 679 3517 720 revera
3566 666 3818 732 angelum

2247 755 2597 810 vehementer
2628 756 2883 810 admirati
2914 765 3066 817 sunt.
3102 765 3160 809 ut
3183 757 3347 808 etiam
3376 756 3598 811 quidam
3629 766 3819 809 custos

2245 860 2356 899 suae
2388 847 2547 901 utmri
2590 859 2842 917 tanquam
2877 862 3139 901 arcanum
3181 846 3459 914 privatim,
3490 847 3732 910 diceret,
3768 855 3822 899 nt

2244 939 2372 991 olim
2418 936 2612 992 Manue
2643 939 2738 993 3':
2789 939 2984 993 Actum
3038 940 3129 993 est
3191 939 3260 993 de
3302 939 3477 1004 nobis,
3523 952 3556 992 0
3605 939 3819 995 mulier.

2243 1029 2313 1080 oh
2350 1029 2507 1081 istum
2540 1031 2754 1099 tyranni
2788 1028 3048 1083 furorem.
3086 1027 3203 1083 Vidi
3246 1029 3390 1083 enim
3424 1027 3580 1097 quasi
3629 1029 3819 1083 Deum.
3892 1020 3897 1041 ’

2246 1116 2580 1186 Stephanum
2628 1121 2903 1186 Auxentii,
2952 1122 3043 1191 qui
3101 1120 3265 1175 modo
3317 1122 3370 1174 in
3412 1134 3638 1174 carcere
3672 1128 3825 1172 tene-

2245 1218 2351 1262 tur.
2411 1208 2515 1262 Sed
2559 1208 2823 1264 honorata
2857 1211 2942 1265 illa
2978 1211 3191 1279 mulier,
3222 1226 3358 1265 nova
3425 1209 3753 1279 Sarephtbia
3777 1209 3823 1240 ⁸⁸

2243 1310 2295 1354 et
2325 1302 2626 1355 Sttmanitis
2655 1303 2721 1366 ⁸⁷,
2744 1318 2873 1357 vera
2904 1305 3128 1366 Phoebe,
3160 1313 3216 1357 ut
3245 1305 3316 1357 ita
3346 1304 3547 1369 dicam,
3572 1312 3626 1356 et
3650 1299 3824 1370 Thry-

2244 1386 2432 1452 phtena
2458 1387 2536 1453 ⁸³,
2575 1389 2786 1444 iteratis
2832 1393 3333 1459 percontationibus
3375 1392 3692 1446 universum
3739 1392 3822 1440 vi-

2243 1478 2402 1530 vendi
2459 1494 2664 1533 morem
2715 1482 2858 1536 beati
2895 1482 3159 1551 Stephani
3211 1498 3240 1535 a
3288 1484 3406 1537 viro
3439 1482 3600 1550 quasi
3632 1480 3820 1535 furtim

2244 1570 2466 1625 auribus
2514 1574 2744 1640 accepit,
2795 1573 3047 1642 clamque
3095 1573 3382 1646 coniugem
3430 1576 3483 1630 in
3535 1590 3818 1631 carcerem

2244 1660 2508 1730 ingressa,
2552 1678 2674 1718 sese
2716 1668 2782 1718 ad
2824 1666 2999 1720 sancti
3024 1666 3127 1719 viri
3170 1669 3332 1737 pedes
3369 1666 3658 1736 provolvit,
3704 1666 3822 1733 eius

2242 1764 2339 1817 pro
2381 1764 2440 1805 se
2475 1766 2664 1819 preces
2710 1756 3027 1823 postulans,
3058 1757 3347 1826 ipsumque
3378 1772 3600 1827 rogans,
3646 1768 3703 1810 ιιι
3753 1772 3821 1809 an

2244 1841 2344 1895 hoc
2372 1851 2619 1912 tempore
2642 1860 2728 1925 ea.
2769 1847 2967 1914 quibus
2995 1847 3297 1919 indigebat.
3336 1863 3394 1904 se
3421 1851 3470 1903 ei
3506 1849 3821 1903 ministrare

561 1943 658 1996 καὶ
688 1941 993 2005 ἀντιϐολεῖ,
1031 1941 1217 1994 ἔκτοτε
1248 1941 1329 2012 τῷ
1379 1943 1518 2014 ἁγίῳ
1551 1943 1720 2013 αὐτὴν
1765 1944 2032 1998 διακονεῖν
2068 1946 2131 2000 τὰ

2241 1937 2593 1990 concederet.
2664 1937 2981 2008 Huiusmodi
3034 1956 3198 2009 porro
3260 1941 3442 1996 verbis
3501 1943 3815 1997 utebatur:

559 2034 699 2101 πρὸς
746 2035 846 2102 τὴν
883 2034 1108 2103 χρείαν,
1165 2034 1392 2087 τοιῶσδε
1442 2035 1712 2101 λέγουσαο
1758 2036 1850 2106 Μὴ
1899 2036 2133 2108 ὑπέροῃ,

560 2125 764 2194 Πάτερ,
798 2124 896 2192 ἐμὲ
924 2124 1021 2192 τὴν
1050 2125 1441 2187 παντάλαιναν,
1476 2125 1737 2179 θέλουσαν
1768 2143 1850 2179 σοι
1883 2142 2135 2197 παρηγο-

562 2216 732 2287 ρικῶς
759 2216 1094 2283 εἰσκομίζειν
1134 2217 1203 2268 τὰ
1246 2217 1381 2287 πρὸς
1429 2217 1529 2287 τὴν
1568 2218 1795 2287 χρείαν,
1837 2217 1970 2288 μηδὲ
2016 2217 2136 2287 βδει·

557 2308 694 2383 λύξῃ
723 2326 790 2378 με
820 2309 919 2379 τὴν
952 2310 1295 2380 ἁμαρτωλόν.
1338 2311 1433 2362 Ἐκ
1470 2310 1580 2380 γὰρ
1607 2308 1701 2363 τοῦ
1731 2309 1971 2363 τοιούτου
2008 2312 2136 2381 τρό-

556 2419 663 2457 που
707 2401 911 2466 ἐλπίζω
950 2401 1106 2470 κάγὼ
1142 2402 1334 2470 μισθὸν
1382 2404 1446 2454 ἑκ
1476 2402 1571 2455 τοῦ
1604 2400 1741 2455 θεοῦ
1774 2402 2133 2473 κομίσασθαι.

555 2495 651 2548 Διὸ
712 2494 786 2565 μὴ
827 2492 1027 2565 ἀπώσῃ
1061 2510 1127 2561 με
1171 2494 1270 2562 τὴν
1333 2492 1583 2558 ἀναξίαν.
1634 2493 1723 2556 Ὧς
1774 2493 1830 2546 δὲ
1884 2495 1912 2546 ὁ
1955 2495 2136 2564 τίμιος

555 2586 748 2655 Πατὴρ
774 2585 941 2656 εὐχὴν
974 2586 1072 2654 μὲν
1100 2585 1187 2635 ἐπ’
1216 2584 1386 2654 αὐτὴν
1426 2585 1687 2654 ποιήσας,
1717 2584 1819 2638 οὐκ
1844 2585 2136 2639 ἐπένευσεν

553 2677 616 2731 τὸ
665 2676 845 2731 ὁτιοῦν
871 2684 901 2725 1
938 2674 1146 2739 λαϐεῖν,
1184 2676 1332 2744 λέγει
1381 2676 1516 2749 πρὸς
1555 2676 1722 2728 αὑτὸν
1758 2677 1793 2747 ἠ
1835 2680 1969 2746 γυνή
1992 2692 2004 2704 ·
2036 2677 2134 2729 Σε-

552 2771 756 2841 ϐάσμιε
776 2770 981 2841 Πάτερ,
1001 2770 1053 2822 τί
1076 2770 1352 2841 ἀπαναίνῃ
1373 2768 1472 2838 τῆς
1492 2770 1626 2839 πρὸς
1653 2768 1714 2822 σέ
1744 2787 1845 2839 μου
1874 2771 2130 2836 πίστεως

554 2865 618 2918 Ei.
643 2863 752 2935 γὰρ
785 2863 879 2917 καὶ
909 2864 969 2915 τὸ
1004 2862 1220 2926 ἀνάξιόν
1256 2878 1355 2932 μου
1385 2861 1596 2916 ἀπωθεῖ
1623 2861 1841 2932 με,ἀλλ’
1871 2860 1964 2915 οὖν
1991 2859 2130 2915 οἶδέν

558 2959 706 3027 σουὴ
732 2954 989 3009 εὐλάϐεια
1030 2954 1351 3025 οἱκτιρμοῦς
1384 2944 1811 3008 ὲπιδείκνὶισθαι.
1843 2955 1930 3018 Ὡς
1963 2955 2126 3025 γὰρὴ

554 3047 840 3117 Σαραφθία
877 3049 1008 3101 ποτὲ
1058 3047 1202 3118 χήρα
1232 3044 1309 3115 τῷ
1357 3043 1515 3115 Ἠλίᾳ
1547 3045 1609 3098 τὸ
1653 3045 1919 3115 ἄλευρον,
1961 3048 2054 3098 καὶ
2096 3048 2130 3117 ἠ

552 3142 876 3210 Σουμανῖτις
908 3138 983 3208 τῷ
1029 3134 1316 3208 Ἐλισσαίῳ
1357 3137 1457 3207 τῆς
1488 3136 1794 3206 φιλοξενίας
1850 3137 1911 3190 τὸ
1947 3137 2131 3209 δωμά-

551 3247 688 3295 τιον,
722 3228 876 3298 καὶὴ
913 3227 1330 3299 μακαριζομένη
1355 3227 1499 3296 χήρα
1534 3227 1591 3279 ὲν
1624 3227 1736 3288 τοῖς
1776 3226 2130 3295 Εὐαγγελίοις

549 3324 680 3384 τοὺς
703 3322 801 3390 τῆς
824 3320 1169 3390 ὑστερήσεως
1189 3316 1282 3371 δύο
1302 3316 1524 3380 ὀϐολοὺς
1541 3318 1598 3369 ὲν
1622 3315 1699 3386 τῷ
1720 3317 2126 3387 γαζοφυλακίῳ,

550 3414 645 3467 καὶ
675 3414 707 3483 ἡ
742 3412 1074 3482 Σαμαρεῖτις
1103 3408 1273 3476 αὐτῷ,
1318 3406 1465 3476 φημὶ
1486 3405 1566 3477 τοῖ)
1598 3407 1819 3477 Χριστῷ
1846 3406 1940 3459 τοῦ
1967 3407 2132 3476 βαθυ-

549 3507 718 3558 τάτου
760 3506 996 3575 φρέατος
1026 3503 1086 3556 τὸ
1134 3500 1510 3572 παρηγορικὸν
1542 3498 1712 3568 ὕδωρ,
1764 3498 1937 3562 οὕτως
1973 3496 2130 3567 κάγὼ

550 3599 728 3651 ἐλπίδι
758 3599 855 3669 τῆς
887 3597 1124 3657 πίστεως
1152 3596 1338 3666 ὅμοιόν
1359 3612 1413 3647 τι
1433 3592 1773 3658 διατελοῦσα,
1804 3593 1938 3663 πρὸς
1964 3594 2023 3646 σὲ
2056 3592 2130 3662 μὴ

549 3688 963 3758 ἁποστραφείην
1025 3686 1511 3755 τεταπεινωμένη,
1561 3685 2017 3755 κατῃσχυμμένη.
2065 3685 2129 3737 Ὀ

548 3780 608 3834 δὲ
646 3780 802 3849 ἅγιός
842 3796 1009 3849 φησιν
1049 3778 1189 3849 πρὸς
1223 3778 1393 3846 αὐτήν
1417 3793 1431 3807 ο
1462 3776 1684 3839 Ἄπιθι,
1719 3777 1912 3843 γύναι,
1950 3775 2126 3836 ἄπιθι,

550 3874 743 3941 ὅτιπερ
771 3872 835 3925 οὐ
874 3871 1109 3941 δύναμαι
1152 3867 1411 3934 δέξασθαί
1446 3884 1500 3919 τι
1548 3868 1699 3937 παρὰ
1746 3866 1859 3921 σιῦ.
1911 3866 1986 3918 Οὐ
2022 3866 2129 3938 γὰρ

549 3964 651 4032 τὴν
681 3961 843 4031 φύσιν
869 3960 902 4032 ἢ
932 3961 994 4014 τὸ
1023 3959 1244 4026 ἀνάξιον
1282 3958 1492 4027 φεύγω.
1531 3957 1622 4028 Μὴ
1667 3959 1896 4024 γένοιτο.
1941 3958 2125 4027 Πάντη

548 4054 661 4123 γὰρ
689 4051 798 4119 ἐγὼ
830 4052 1061 4110 ἐλεεινὸς
1091 4051 1186 4102 καὶ
1213 4049 1477 4116 ἀνάξιος.,
1499 4049 1640 4101 Ἀλλ’
1678 4050 1761 4101 ὃτι
1799 4047 2081 4118 κωλύομαι
2102 4056 2125 4083 ι

550 4144 705 4216 παρὰ
736 4143 828 4196 τοῦ
857 4140 1242 4211 ὲντελλομένου
1278 4142 1579 4210 αἱρετικοῖς
1613 4143 1687 4208 μὴ
1715 4139 2123 4206 συγκοινωνείν.

545 4237 626 4292 οὐ
653 4237 762 4308 γὰρ
783 4232 902 4289 οἶδά
925 4249 1057 4286 ποτε
1085 4231 1322 4303 ἐμαυτὸν
1353 4235 1488 4302 μετὰ
1510 4228 2127 4302 Χριστιανοκατηγὸρων

546 4329 849 4402 αἱρετικῶν
901 4328 997 4381 καὶ
1021 4324 1474 4379 Εἰκονοκαυστῶν
1513 4325 2021 4395 συγκοινωνήσαντα
2041 4360 2056 4383 ,
2090 4320 2122 4391 ἢ

546 4427 700 4493 παρὰ
723 4423 831 4476 τῶν
860 4420 1043 4475 αὐτῶν
1097 4419 1298 4490 χειρῶν
1323 4419 1583 4490 είληφότα
1607 4435 1679 4470 τι.
1719 4417 1784 4469 Ἦ
1807 4415 1862 4467 δὲ
1894 4416 2125 4486 Χριστο-

545 4514 710 4585 φιλὴς
753 4514 938 4581 ἐκείνη
978 4509 1116 4581 γυνὴ
1157 4509 1249 4563 καὶ
1282 4509 1554 4577 φιλάγιος,
1602 4509 1637 4578 ἡ
1676 4507 1817 4560 κατὰ
1864 4505 2124 4576 ἀλήθειαν

2241 2024 2320 2078 Ne
2384 2040 2471 2081 me
2539 2028 2942 2095 miserrimam,
2987 2030 3173 2096 Pater,
3209 2047 3271 2087 ea
3301 2033 3502 2102 quibus
3532 2048 3670 2102 opus
3705 2032 3819 2086 ha-

2241 2118 2356 2182 bes,
2399 2119 2494 2172 tibi
2554 2118 2729 2173 instar
2782 2122 2964 2175 solatii
3020 2121 3218 2178 alicrre
3266 2125 3572 2192 cupientem
3627 2127 3812 2196 rejicta

2237 2205 2319 2279 Ne
2358 2223 2446 2262 me
2488 2211 2847 2278 peccatricem
2901 2228 3175 2269 aversare.
3211 2216 3383 2283 Spero
3431 2218 3576 2271 enim
3622 2234 3709 2272 me
3748 2236 3814 2270 ex

2240 2297 2611 2367 hujuscemodi
2647 2302 2948 2357 ministerio
2986 2306 3294 2360 mercedem
3331 2323 3358 2359 a
3412 2307 3521 2361 Deo
3560 2320 3816 2378 receptu-

2198 2395 2374 2444 ‘ram.
2420 2390 2783 2457 Quamobrem
2829 2410 2896 2447 tte
2971 2410 3058 2449 tne
3101 2397 3377 2466 indignam
3439 2400 3658 2471 repelle.
3710 2400 3816 2455 Vc-

2238 2497 2380 2547 rum,
2413 2496 2537 2535 cum
2585 2486 2929 2538 venerandus
2970 2484 3152 2551 Pater,
3208 2485 3344 2543 fusis
3393 2504 3495 2557 pro
3527 2489 3689 2563 502
3725 2494 3813 2546 illa

2237 2573 2509 2640 precibus,
2546 2573 2682 2628 nihil
2712 2578 2937 2632 omnino
2962 2578 3127 2634 vellet
3156 2582 3425 2650 accipere,
3453 2597 3579 2638 eum
3616 2586 3812 2640 iterum

2239 2663 2439 2718 mulier
2494 2664 2570 2718 ita
2634 2667 3036 2734 compellavit:
3076 2670 3390 2728 Reverende
3436 2674 3636 2745 Pater,
3683 2682 3813 2747 quul

2239 2765 2413 2808 meam
2447 2769 2576 2826 erga
2612 2766 2663 2812 te
2697 2756 2945 2814 ﬁduciam
2984 2764 3234 2831 respuis?
3261 2765 3469 2835 Quippe
3501 2769 3545 2822 si
3575 2785 3692 2823 mea
3731 2789 3815 2824 me

2237 2845 2534 2917 indignitas
2574 2851 2761 2921 abigit,
2819 2854 2972 2907 novit
3015 2863 3104 2908 tua
3157 2856 3328 2925 pietas
3375 2859 3810 2916 misericordiam

2235 2937 2520 2996 adhibere.
2552 2940 2687 2996 Nam
2735 2951 2793 2996 ut
2830 2945 2961 2998 olim
3008 2945 3297 3017 Sareptltia
3325 2950 3485 3005 vidua
3522 2951 3650 3007 Elite
3682 2955 3817 3007 [ιιι-ί..

2208 3045 2363 3097 jam
2394 3032 2469 3099 ",
2512 3044 2565 3087 et
2616 3032 2916 3090 Sumanitis
2960 3039 3215 3105 domum,
3274 3040 3571 3111 hospitium
3612 3044 3811 3101 Elisa‘o

2232 3124 2428 3179 obtulit
2451 3126 2498 3158 ⁹⁰
2547 3141 2562 3180 :
2621 3136 2679 3180 ut
2732 3127 2821 3181 illa
2875 3129 3032 3182 vidua
3089 3131 3142 3185 in
3202 3132 3494 3203 Evangelio
3531 3137 3806 3195 celebrata

2234 3218 2369 3272 duos
2392 3217 2577 3273 obolos
2601 3233 2668 3274 ex
2697 3220 2856 3284 eo",
2883 3224 3026 3291 quod
3055 3224 3158 3278 sibi
3191 3226 3400 3292 deerat,
3438 3229 3492 3283 in
3530 3235 3809 3303 gazophy-

2237 3308 2430 3363 lacium
2474 3311 2623 3366 tnisit
2713 3324 2820 3366 -.ut
2873 3313 3566 3384 Satnaritis"ipsiChristo
3610 3339 3807 3396 aquam

2232 3401 2300 3454 ad
2327 3399 2447 3469 ejus
2475 3403 2621 3455 sitim
2641 3404 3092 3475 exstinguendam
3125 3421 3156 3462 e
3185 3409 3613 3477 profundissimo
3645 3430 3812 3486 puteo

2235 3491 2457 3547 hausit:
2504 3494 2585 3547 sic
2638 3509 2741 3564 ego
2784 3510 2882 3567 spe
2935 3498 3057 3552 ﬁdei
3110 3500 3289 3556 simile
3329 3503 3536 3574 aliquid
3582 3523 3710 3578 erga
3758 3524 3812 3565 te

2232 3597 2419 3653 agens,
2440 3601 2530 3649 ne,
2552 3602 2756 3657 quaeso,
2785 3603 2965 3657 spreta
2992 3601 3046 3645 et
3069 3594 3275 3661 pudore
3298 3596 3503 3653 suil‘usa
3530 3604 3807 3657 recedam.

2229 3680 2328 3734 Cui
2359 3688 2618 3736 sanctus:
2648 3681 2878 3746 Recede,
2913 3685 3110 3753 inquit.
3143 3689 3359 3753 mulier,
3386 3694 3599 3761 recede,
3638 3710 3813 3765 quan-

2231 3774 2520 3840 doquidem
2572 3774 2707 3828 nihil
2757 3790 2785 3828 a
2841 3784 2897 3830 te
2954 3792 3173 3845 possum
3215 3782 3488 3851 accipere.
3530 3782 3641 3839 Nec
3682 3803 3811 3842 rem

2232 3876 2481 3919 naturam
2524 3867 2603 3921 vel
2641 3868 3020 3937 indignitatem
3056 3870 3225 3941 fugio.
3282 3873 3475 3929 Absit!
3523 3876 3823 3948 Siquidem,

2229 3974 2329 4027 ego
2370 3958 2483 4027 ipse
2521 3961 2743 4015 omnino
2779 3961 3108 4017 miserabilis
3142 3977 3195 4018 et
3229 3965 3481 4035 indignus
3511 3983 3652 4024 sum.
3700 3973 3807 4026 Sed

2231 4050 2519 4115 quominus
2543 4049 2595 4104 id
2636 4064 2814 4118 agam,
2846 4052 2892 4104 is
2922 4067 3007 4106 me
3041 4052 3287 4121 impedit,
3321 4057 3414 4125 qui
3452 4058 3649 4112 nullam
3681 4076 3805 4115 cmn

2229 4141 2499 4196 haereticis
2535 4143 2968 4198 communionem
2996 4145 3199 4201 habere
3225 4150 3479 4218 prtecipit
3514 4150 3585 4206 ⁸³.
3621 4151 3807 4221 Neque

2230 4234 2373 4288 enim
2403 4236 2532 4289 mihi
2555 4238 2810 4292 conscius
2833 4254 2953 4292 sum
2981 4253 3104 4293 cum
3132 4238 3570 4297 Christianorum
3596 4247 3807 4301 calum-

2230 4325 2532 4380 niatoribus
2562 4327 2834 4383 ltmreticis
2874 4339 2930 4383 et
2961 4329 3337 4386 Iconocaustis
3378 4349 3614 4402 unquam
3650 4352 3804 4390 con.-

2230 4419 2572 4485 nttmicasse,
2622 4428 2719 4473 aut
2754 4433 2822 4474 ex
2859 4435 3047 4475 eorum
3102 4423 3353 4477 manibus
3390 4424 3595 4496 aliquid
3650 4441 3809 4483 acce-

2232 4509 2399 4579 pisse.
2441 4509 2534 4564 [iis
2602 4511 2826 4574 auditis,
2870 4513 3076 4568 Christi
3123 4523 3179 4567 et
3226 4516 3399 4570 sancti
3442 4518 3541 4571 viri
3610 4535 3806 4575 amans

542 4606 720 4673 φύλαξ
779 4606 1320 4672 καταποωυμένων,
1380 4601 1552 4654 ταῦτα
1611 4598 1760 4670 παρὰ
1811 4596 1905 4651 τοῦ
1966 4597 2126 4664 ἁγίου

2235 4598 2453 4665 mulier,
2486 4599 2808 4654 aiﬂictorum
2856 4617 3042 4657 revera
3074 4614 3295 4667 custos,
3337 4619 3460 4659 sese
3494 4608 3641 4660 humi
3676 4626 3803 4678 pro-

539 4700 826 4753 ἀκούσασα
849 4737 862 4758 ,
911 4697 1116 4769 ῥίψασα
1148 4696 1346 4766 ἑαυτὴν
1380 4697 1461 4758 εἰς
1495 4694 1555 4748 τὸ
1603 4693 1817 4761 ἔδαφος,
1862 4691 1991 4743 ἐϐόα
2040 4691 2127 4742 λέ-

2235 4687 2357 4749 iecit
2420 4688 2706 4743 clamando
2748 4707 2761 4742 :
2796 4692 2950 4745 Absit
2992 4691 3153 4763 503
3192 4696 3320 4747 mihi
3348 4735 3363 4757 ,
3398 4708 3585 4752 sancte
3640 4696 3807 4753 Pater

540 4806 718 4857 γουσα
751 4806 766 4821 ⁸
804 4789 896 4857 Μὴ
930 4788 1139 4856 γένοιτό
1201 4806 1292 4858 μοι
1314 4829 1329 4851 ,
1383 4789 1497 4840 ὅσιε
1527 4785 1710 4854 Πάτερ
1753 4784 2009 4850 Στέφανε,
2042 4784 2126 4835 ὲν-

541 4883 769 4954 υὸρίσαι
793 4884 921 4935 ποτὲ
953 4884 1136 4935 εἰκόνα
1158 4880 1418 4950 Χριστοῦ,
1442 4880 1475 4947 ἦ
1500 4880 1598 4947 τῆς
1629 4876 1848 4953 Μητρὸς
1872 4875 2058 4939 αὑτοῦ,
2087 4875 2119 4943 ἢ

534 4974 651 5028 τῶν
704 4973 897 5040 ἁγίων.
949 4968 1080 5026 Οἶδα
1129 4971 1241 5041 γὰρ
1285 4972 1478 5024 ὁποίαν
1535 4970 1815 5023 δὼσουσιι
1869 4967 2025 5035 δίκην
2073 4967 2123 5019 οἱ

530 5066 712 5122 ταῦτα
736 5066 1105 5136 τολμήσαντες
1140 5063 1371 5133 πρᾶξαι.
1408 5064 1465 5112 Ὀ
1492 5063 1598 5131 γὰρ
1629 5063 1685 5112 ὲν
1720 5059 1896 5126 ἁγίοις
1930 5059 2119 5126 Πατὴρ

532 5158 698 5232 ἡμῶν
725 5156 1012 5229 Γερμανὸς
1038 5158 1165 5218 τοὺς
1198 5155 1532 5224 καθαιρέτας
1564 5154 1672 5206 τῶν
1699 5152 1871 5218 ἁγίων
1892 5150 2119 5203 εἰκόνων

610 5315 658 5347 α’
696 5313 871 5370 nunc.
901 5272 1023 5376 xttt,
1053 5314 1144 5367 ea.
1222 5313 1267 5345 ὀ
1308 5309 1372 5366 ιιι
1414 5310 1547 5367 Reiz.
1574 5324 1702 5368 xm.
1733 5308 1824 5362 αα.
1924 5307 1969 5340 ετ
1998 5303 2065 5359 tv
2097 5303 2131 5358 ll

610 5385 669 5428 iV
708 5387 834 5428 lina-
872 5400 942 5428 ιν-
980 5384 1064 5428 Nl-
1142 5386 1183 5415 9‘
1213 5382 1341 5428 Luc-
1381 5380 1611 5428 XXLQ-L-
1650 5379 1695 5410 "
1723 5378 1875 5428 Jttatn.
1921 5392 1994 5428 IV.
2033 5377 2085 5428 5.

2276 5318 2348 5366 tv,
2377 5309 2469 5363 5|.
2554 5301 2601 5335 ⁸⁸
2632 5304 2784 5358 lium.
2819 5320 2927 5369 xvt,
2969 5322 3006 5371 t,
3045 5305 3129 5360 1‘2.

2239 5372 2344 5428 Ttt.
2376 5389 2454 5428 ιιι.
2502 5374 2583 5426 10.

530 5379 669 5444 σοιν
707 5387 836 5456 lleg.
872 5400 944 5450 tv,
980 5384 1065 5438 10.
1142 5386 1183 5415 ⁹¹
1212 5382 1341 5436 intr.
1380 5380 1611 5443 nis-4.
1650 5379 1695 5410 "
1723 5378 1875 5432 Juatn.
1921 5392 1994 5441 IV.
2033 5377 2085 5431 5ο

2229 4781 2526 4851 Stephano,
2574 4782 2773 4838 Christi
2825 4786 3050 4855 ejusque
3111 4786 3435 4857 Matris_vel
3483 4802 3796 4846 sanctorum

2229 4872 2496 4942 imagines
2535 4876 2860 4929 contumelia
2894 4876 3127 4934 allicere.
3168 4879 3301 4933 Novi
3341 4882 3486 4935 enim
3522 4896 3658 4952 quas
3686 4900 3802 4951 pm-

2232 4978 2331 5017 nas
2352 4963 2528 5018 daturi
2558 4976 2706 5028 sunt,
2738 4968 2828 5036 qui
2856 4968 2906 5021 id
2933 4985 3094 5037 agere
3122 4972 3239 5025 ausi
3266 4970 3489 5036 fuerint,
3515 4969 3797 5042 Siquidem

2228 5067 2455 5110 sanctus
2500 5055 2663 5111 Pater
2700 5068 2884 5113 noster
2926 5058 3232 5115 Germanus
3265 5072 3579 5117 sanctarum
3616 5063 3804 5131 imagi-

2229 5163 2354 5200 num
2389 5161 2667 5203 eversores
2697 5164 2820 5203 cum
2851 5151 2957 5205 illis
2986 5151 3295 5217 collocavit,
3326 5155 3416 5222 qui
3451 5156 3754 5208 clamaverit
3783 5177 3796 5210 :

3234 5308 3280 5340 δ’
3311 5308 3376 5362 ΙΙΙ
3411 5307 3543 5380 ileg.
3573 5322 3735 5373 sunt
3757 5313 3789 5365 ῐ.

1765 5472 1791 5489 .
1827 5518 2058 5571 VARIA'I
2102 5515 2504 5570 LECTlONES.

613 5652 639 5681 ι
664 5644 735 5696 al.
763 5639 1269 5713 κρνφιοπνεύστως.
1346 5648 1375 5687 γ
1413 5638 1481 5692 al.
1507 5635 1736 5691 οἰονοῦν.

1821 5644 1841 5670 κ
1872 5636 1941 5688 al.
1968 5634 2282 5703 κελεύομαι.

2358 5648 2384 5674 ιι
2427 5636 2497 5687 al.
2525 5635 2791 5690 τίσουσιν.

1956 5776 1961 5783 “
2055 5774 2287 5831 NOTAE.

607 5895 723 5968 (25)
753 5895 1177 5964 Καπικλάριος,
1209 5897 1350 5968 apud
1400 5893 1617 5950 Grzecos
1654 5890 1812 5948 medii
1845 5898 1900 5947 et
1945 5888 2115 5943 intimi
2153 5889 2274 5956 mvi,
2317 5888 2554 5945 carceris
2583 5888 2864 5946 custodem
2901 5890 3187 5963 signiﬁcat.
3238 5920 3241 5925 -

619 5993 894 6057 Ριτιιοι.
929 5995 1045 6053 Gtt.
1082 5993 1147 6056 C.
