4060 6402
431 379 566 446 1163

1587 384 1963 446 STEPHANI
2007 384 2309 446 DIACONI
2350 385 2464 448 (ΞΡ.

3523 388 3640 456 1164

431 500 599 560 Tolle,
643 498 808 564 tolle,
838 497 1096 570 cruciﬂge
1141 499 1335 556 Filium
1366 499 1460 556 Dei
1487 501 1553 556 “.
1597 499 1986 568 Quamobrem,

2102 503 2218 570 μετ’
2253 501 2476 554 ἐκείνων
2510 499 2697 565 ἔταξεν
2738 499 2844 552 τῶν
2885 499 3222 568 κραξάντων·
3256 493 3420 570 ’Λρον
3445 543 3458 566 ,
3491 499 3641 575 ἆρον,

364 653 377 671 ,Ι
429 591 722 648 reverenda
756 589 938 657 Pater,
971 591 1074 646 hoc
1118 606 1283 645 unum
1319 600 1465 661 peto,
1499 601 1559 647 ut
1602 593 1780 648 virum
1816 607 1993 648 meum

362 675 377 701 "
422 697 475 738 et
505 685 643 738 alios
678 685 934 739 custodes
969 684 1168 738 factum
1220 684 1455 750 celetur;
1506 695 1670 754 atque
1706 699 1808 754 ego
1845 696 1994 740 tuam

422 777 770 832 sanctitatem
836 777 996 829 rebus
1038 776 1200 846 .ipsis
1249 785 1452 829 certam
1528 776 1800 830 redditura
1852 791 1991 830 sum.

314 871 322 877 '
423 868 520 924 His
553 868 734 932 dictis,
772 867 823 920 in
858 881 1017 921 suum
1068 866 1376 921 cubiculum
1419 867 1600 932 rediit,
1647 876 1997 934 reserataque

422 958 630 1023 arcula,
665 969 775 1013 tres
807 957 1157 1013 absconditas
1205 957 1471 1027 imagines
1517 957 1793 1022 extraxit,
1829 973 1992 1012 unam

421 1053 783 1108 sanctissimae
831 1050 1071 1118 Dciparzc
1109 1048 1307 1104 Filium
1335 1059 1390 1104 et
1423 1049 1590 1103 Deum
1643 1049 1696 1103 in
1727 1049 1850 1104 sinu
1897 1064 1991 1117 ge-

421 1146 639 1208 stantis,
669 1144 801 1197 alias
833 1143 1134 1211 principum
1161 1143 1529 1211 apostolorum
1562 1140 1708 1197 Petri
1741 1138 1993 1204 ctPauii,

420 1253 556 1306 quas
603 1253 726 1292 cum
775 1251 960 1290 coram
1004 1246 1194 1290 sancto
1232 1236 1346 1291 viro
1377 1251 1501 1290 cum
1547 1235 1649 1290 ﬁde
1686 1235 1990 1296 adorasset,

423 1332 567 1396 ipsas
612 1329 788 1382 eidem
841 1328 990 1381 dedit
1037 1328 1225 1381 dicens
1273 1345 1288 1381 :
1336 1326 1456 1381 Istae
1501 1327 1634 1389 sint,
1674 1341 1708 1380 ο
1781 1334 1990 1391 sancte,

419 1432 546 1476 ante
587 1420 780 1474 faciem
820 1429 999 1484 luant,
1033 1419 1158 1472 dum
1185 1433 1335 1485 oras,
1366 1429 1425 1472 ut
1457 1428 1510 1472 et
1535 1418 1638 1472 mei
1673 1418 1994 1486 peccatricis

422 1513 742 1567 memoriam
783 1511 1006 1566 habeas.
1045 1529 1063 1562 ι
1109 1508 1207 1564 Pio
1251 1511 1353 1564 hoc
1388 1510 1544 1562 modo
1589 1507 1709 1576 ejus
1745 1509 1990 1578 petitioni

423 1613 646 1659 Sanctus
681 1602 976 1666 consensit,
1025 1601 1225 1670 illaque
1265 1603 1334 1654 ab
1363 1601 1461 1654 hoc
1498 1611 1739 1667 tempore
1764 1606 1819 1652 et
1861 1612 1992 1666 pau-

425 1697 590 1749 lulum
629 1695 805 1765 panis,
836 1693 1090 1748 nimirum
1123 1689 1348 1747 circiter
1371 1708 1465 1746 sex
1507 1691 1716 1752 uncias,
1755 1697 1808 1744 et
1837 1703 1992 1758 aqua:

424 1789 668 1842 baucalia
701 1787 800 1840 tria
844 1785 1083 1840 Sabbato
1117 1793 1171 1839 et
1206 1785 1478 1841 Dominica
1517 1783 1718 1838 attulit.
1753 1781 1802 1836 ls
1843 1780 1986 1836 enim

2102 595 2415 663 σταύρωσον
2458 592 2548 646 τὸν
2592 592 2685 646 τοῦ
2732 591 2868 644 Θεοῦ
2903 591 3054 644 Υἱόν.
3095 590 3187 644 Διδ
3213 631 3229 656 ,
3271 591 3417 662 τίμιε
3461 595 3644 665 Πάτερ,

2097 682 2256 736 τοῦτο
2291 683 2450 750 μόνον
2481 682 2760 750 αἰτοῦμαι,
2796 680 2890 735 τοῦ
2921 681 3196 752 κρυϐῆναι
3227 683 3290 735 τὸ
3318 682 3494 753 δρᾶμα
3523 688 3647 757 πρός

2097 788 2155 823 τε
2176 771 2268 825 τόν
2292 772 2460 842 ἄνδρα
2484 789 2588 842 μου
2613 773 2706 825 καὶ
2758 773 2886 834 τοὺς
2931 773 3314 842 συμφύλακας.
3343 773 3500 842 Κάγὼ
3517 775 3652 847 ἔργῳ

2100 863 2422 934 πληροφορή
2435 883 2508 917 σω
2535 867 2632 935 τὴν
2663 868 2762 934 σὴν
2780 866 3058 934 ὁσιότητα.
3091 867 3200 920 Καὶ
3226 866 3397 919 ταῦτα
3421 868 3651 936 εἰποῦσα,

2099 958 2196 1009 καὶ
2229 957 2364 1026 πρὸς
2391 958 2451 1008 τὸ
2481 955 2685 1027 ἑαυτῆς
2708 957 2918 1027 οἴκημα
2942 957 3386 1024 άντεισελθοῦσα,
3411 961 3473 1029 τῇ
3503 959 3658 1015 κλειδὶ

2097 1047 2158 1099 τὸ
2188 1045 2317 1099 ἴδιον
2349 1048 2632 1117 ἁνεῴξασα
2664 1047 2943 1111 κιϐώτιον,
2985 1049 3242 1108 ἐκϐάλλει
3286 1053 3432 1121 τρεῖς
3461 1051 3657 1116 εἰκόνας

2098 1139 2508 1209 κεκρυμμένοις,
2534 1141 2634 1206 τῆς
2659 1157 2718 1192 τε
2742 1141 3015 1210 παναγίας
3039 1141 3306 1195 Θεοτόκου
3330 1144 3386 1196 ὲν
3408 1144 3658 1210 ἀγκάλαις

2099 1230 2371 1301 φερούσης
2417 1231 2506 1283 τὸν
2562 1231 2692 1284 Υίὸν
2730 1232 2826 1285 καὶ
2866 1232 3022 1298 Θεὸν,
3079 1223 3322 1286 καιτῶν
3365 1235 3660 1304 κορυφαίων

2097 1323 2410 1376 ἀποστόλων
2456 1323 2665 1394 Πέτρου
2695 1327 2790 1378 καὶ
2828 1326 3065 1392 Παύλου,
3112 1327 3205 1380 καὶ
3244 1327 3330 1380 ἐπ’
3360 1327 3540 1396 ὄψεσιν
3569 1328 3660 1379 αὑ-

2097 1415 2190 1468 τοῦ
2232 1415 2437 1478 πιστῶς
2487 1419 2912 1487 προσκυνήσασα
2944 1419 3160 1472 δίδωσιν
3207 1417 3375 1488 αὐτῷ,
3405 1418 3659 1471 εἰποῦσα·

2099 1506 2381 1560 Ἔστωσαν
2435 1501 2616 1571 αὗται,
2648 1506 2794 1576 ἅγιε,
2822 1509 2928 1579 πρὸ
2962 1508 3258 1580 προσώπου
3320 1527 3412 1561 σου
3447 1509 3664 1579 εὐχομέ-

2095 1613 2210 1662 νου,
2241 1599 2390 1662 ὅπως
2425 1600 2602 1670 κάμοῦ
2667 1601 2859 1670 μνείαν
2893 1603 3020 1672 ποιῇ
3071 1601 3168 1672 τῆς
3201 1601 3547 1673 ἁμαρτωλοῦ.
3583 1602 3665 1654 Ἐν

2093 1689 2270 1760 τούτῳ
2312 1691 2391 1760 τῷ
2431 1691 2672 1762 θεοφιλεῖ
2700 1693 2890 1765 τρόπῳ
2933 1693 3234 1765 εὐδοκήσας
3276 1695 3305 1746 ό
3346 1695 3502 1762 ἆγιος
3540 1695 3668 1766 πρὶς

2094 1781 2194 1850 τὴν
2226 1782 2426 1846 ἑαυτῆς
2477 1785 2714 1854 αἴτησιν,
2750 1785 2935 1840 ἔκτοτε
2971 1785 3233 1857 Σαϐϐάτῳ
3270 1786 3366 1840 καὶ
3425 1788 3670 1858 Κυρτακῇ

419 1881 574 1934 cibus
601 1889 654 1934 et
687 1889 843 1946 potus
873 1879 1032 1934 beato
1065 1875 1185 1932 viro
1217 1874 1318 1932 fuit
1343 1892 1437 1948 per
1465 1876 1716 1933 undecim
1750 1889 1986 1939 menses,

2093 1872 2236 1944 αῦτη
2278 1875 2427 1956 αῦτῷ
2449 1876 2706 1946 ἐκόμιζεν
2733 1878 2899 1948 ἄρτου
2930 1877 3128 1948 βραχὺ,
3165 1877 3300 1930 ὡσεὶ
3340 1879 3561 1946 ούγκίας
3595 1878 3670 1945 ἓξ,

418 1989 554 2044 quos
585 1975 636 2027 in
667 1973 922 2043 praetorio
948 1971 1154 2041 exegit.

491 2241 654 2313 504
671 2241 804 2295 Cum
827 2249 1005 2295 autem
1023 2240 1257 2309 quadam
1278 2239 1368 2294 die
1389 2253 1494 2294 una
1515 2253 1638 2294 cum
1655 2237 1849 2293 vinctis
1871 2237 1992 2292 aliis

420 2337 665 2389 Pull'ibtts
683 2334 892 2388 sederet
914 2332 998 2386 vir
1014 2340 1256 2396 sanctus,
1272 2346 1451 2388 sermo
1469 2339 1646 2386 motus
1667 2340 1750 2384 est
1780 2330 1844 2385 de
1875 2345 1996 2399 pcr-

415 2428 711 2480 sccutiunis
772 2423 1054 2478 tormentis
1080 2438 1200 2492 quae
1239 2421 1477 2492 praefecti
1519 2420 1864 2491 imperatoris
1909 2421 1994 2474 di-

416 2520 586 2572 versis
615 2519 664 2570 iu
701 2517 834 2570 locis
857 2515 1239 2571 adhibuerant.
1265 2514 1446 2583 Itaque
1489 2514 1540 2568 in
1595 2512 1829 2567 medium
1865 2525 1991 2581 pro-

414 2611 512 2663 diit
541 2607 814 2696 Antoniuq
841 2621 904 2660 ex
932 2603 1093 2660 Creta
1151 2605 1344 2670 insula,
1369 2605 1456 2673 qui
1513 2605 1579 2658 de
1611 2604 1826 2659 victima
1879 2601 1991 2656 Deo

416 2701 688 2754 immolata
724 2693 809 2753 his
843 2697 1023 2752 verbis
1067 2696 1280 2750 locutus
1311 2707 1391 2750 est
1444 2715 1456 2750 :
1502 2714 1519 2744 ι
1558 2693 1840 2761 Quomodo
1873 2695 1990 2748 sine

413 2791 668 2863 lacrymis
717 2790 929 2861 egregia
980 2789 1192 2842 abbatis
1220 2787 1367 2842 Pauli
1411 2787 1712 2841 certamina
1780 2785 1833 2839 in
1893 2799 1988 2837 ve-

411 2898 583 2941 strum
619 2893 970 2954 conspectum
1001 2881 1289 2946 adducam,
1318 2879 1606 2933 venerandi
1639 2876 1872 2931 Patres?
1896 2874 1990 2929 Vir

412 2977 504 3032 ille
535 2990 832 3044 generosus
853 2989 882 3028 a
922 2972 1254 3042 Theophane
1281 2976 1640 3038 cognomento
1686 2965 1987 3036 Lardotyro

413 3066 601 3120 insulae
668 3065 1040 3133 archisatrapa
1090 3061 1534 3131 comprehensus,
1569 3059 1622 3112 in
1675 3057 1984 3126 prmtorium

413 3156 646 3210 Heraclii
679 3154 1098 3224 interrogandus
1121 3153 1385 3207 adductus
1420 3160 1522 3204 est.
1550 3147 1775 3204 Jacebat
1806 3157 1984 3201 autem

2102 1967 2194 2020 καὶ
2227 1965 2420 2030 ὓδατος
2462 1967 2732 2038 βαυκάλια
2765 1970 2912 2040 τρία.
2960 1969 3111 2041 Λῦτη
3147 1969 3256 2041 γὰρ
3289 1965 3360 2041 ἦν
3406 1973 3440 2042 ἡ
3476 1970 3678 2042 βρῶσις

2099 2056 2194 2109 καὶ
2227 2057 2383 2120 πόσις
2427 2057 2503 2129 τῷ
2547 2061 2798 2131 μακαρίῳ
2836 2061 2925 2114 τὸν
2975 2061 3408 2132 ὲνδεκαμηναῖον
3455 2063 3676 2132 χρόνον,

2099 2146 2266 2218 ὅνπερ
2309 2149 2365 2200 ὲν
2400 2147 2476 2219 τῷ
2504 2151 2824 2222 πραιτωρίῳ
2848 2150 3131 2222 ἐποίησεν.

2181 2237 2269 2290 Ἐν
2301 2240 2399 2310 μιᾷ
2426 2239 2482 2292 δὲ
2511 2240 2618 2293 τῶν
2643 2240 2868 2314 ἡμερῶν
2892 2241 3184 2307 καθεσθεὶς
3227 2243 3369 2314 μετὰ
3396 2243 3510 2298 τῶν
3562 2260 3683 2296 συν.

2098 2328 2398 2400 δεσμωτῶν
2436 2331 2744 2402 Πατέρωνό
2777 2334 3186 2406 ὄσιος,ὲκινήθη
3218 2334 3377 2403 λόγος
3415 2336 3544 2405 περὶ
3578 2335 3686 2388 τῶν

2101 2420 2240 2502 κατὰ
2267 2419 2448 2493 χώρας
2479 2422 2587 2476 τῶν
2620 2425 2921 2492 γεγονότων
2974 2424 3227 2495 βασάνων
3285 2423 3384 2480 τοῦ
3440 2425 3686 2496 διωγμοῦ

2100 2513 2252 2585 παρὰ
2287 2513 2394 2568 τῶν
2429 2515 2707 2586 ἀρχόντων
2755 2515 2850 2570 τοῦ
2879 2517 3166 2589 τυράννου.
3204 2519 3476 2590 Παρήχθη
3509 2519 3568 2571 δὲ
3611 2519 3689 2580 είς

2101 2604 2266 2674 μέσον
2330 2604 2612 2671 Ἀντώνιος
2667 2606 2766 2678 τῆς
2820 2609 3055 2679 Κρητῶν
3095 2610 3282 2679 νήσου,
3323 2610 3690 2678 ἀπαγγέλλων

2099 2696 2157 2748 τὸ
2183 2695 2435 2749 θεόθυτον
2474 2697 2641 2766 θῦμα,
2677 2698 2771 2752 καί
2815 2716 2978 2768 φησιν
3008 2713 3026 2731 ⁸
3112 2699 3236 2763 Πῶς
3266 2700 3359 2752 ὑπ’
3393 2700 3521 2769 ὄψιν
3565 2699 3695 2752 ἀδα-

2097 2787 2256 2858 κρυτὶ
2277 2788 2561 2858 ἀγάγοιμι,
2581 2789 2828 2861 Πατέρες
2886 2789 3082 2860 τίμιοι,
3122 2791 3194 2844 τά
3234 2789 3330 2844 τοῦ
3361 2791 3514 2844 άϐϐἄ
3550 2789 3694 2843 Παύ-

2095 2880 2185 2933 λου
2220 2881 2631 2952 ὰριστεύματα;
2661 2875 2819 2946 οὗτος
2850 2882 2959 2954 γὰρ
2995 2884 3024 2936 6
3052 2882 3317 2952 γεννάδας
3370 2882 3692 2954 κατεσχέθη

2097 2973 2199 3026 ὑπὸ
2229 2973 2537 3043 Θεοφάνους
2561 2976 2976 3047 άρχισατράπου
3016 2975 3118 3044 τῆς
3147 2977 3313 3045 νήσου
3345 2978 3410 3029 τδ
3443 2977 3685 3046 ἐπίκλην

2094 3066 2464 3139 Λαρδοτύρου,
2521 3070 2616 3122 καὶ
2669 3067 2958 3140 προσήχθη
3008 3068 3145 3138 πρὸς
3186 3069 3445 3133 ἐξέτασιν
3503 3071 3565 3121 ὲν
3618 3067 3698 3139 τῷ

2097 3155 2378 3227 λεγομένῳ
2435 3153 2780 3231 πραιτωρίῳ
2815 3161 2911 3213 τοῦ
2961 3159 3306 3230 Ἡρακλείου.
3375 3158 3699 3230 Προῦκειτο

418 3247 567 3302 humi
626 3246 825 3301 Christi
871 3247 1070 3314 imago,
1122 3259 1245 3299 eum
1292 3257 1388 3312 pro
1455 3242 1611 3295 nobis
1661 3239 1982 3293 cruciﬁxum

2093 3247 2149 3301 δὲ
2183 3249 2318 3319 πρὸς
2344 3251 2448 3320 γῆν
2480 3252 2513 3321 ἡ
2545 3251 2636 3304 τοῦ
2671 3252 2913 3323 Χριστοῦ
2938 3252 3128 3318 εἰκὼν,
3159 3251 3294 3306 καθὸ
3347 3254 3500 3326 ὑπὲρ
3534 3255 3700 3325 ἡμῶν

411 3340 694 3405 exhibens,
750 3347 805 3394 et
853 3337 982 3392 illud
1032 3336 1285 3392 tormenti
1349 3336 1794 3396 instrumentum,
1835 3330 1986 3398 quod

2095 3341 2436 3413 ἐσταυρώθη,
2455 3342 2549 3396 καὶ
2570 3343 2630 3395 τὸ
2644 3342 2752 3396 τῶν
2770 3343 3021 3414 βασάνων
3041 3344 3293 3414 ὄργανον,
3317 3344 3382 3398 τὸ
3409 3348 3549 3419 παρ’
3570 3347 3704 3400 Ἔλ-

410 3431 582 3486 Gracci
623 3430 924 3500 catapeltas
945 3437 1157 3484 vocant.
1188 3428 1373 3496 Itaque
1404 3423 1688 3498 praefectus
1721 3421 1796 3475 illi
1817 3422 1987 3476 dixit:

412 3523 611 3587 Unum.
639 3539 672 3579 ο
699 3523 887 3586 Paule.
920 3538 952 3578 e
981 3522 1188 3576 duobus
1219 3520 1311 3574 tibi
1348 3517 1686 3588 proponitur,
1722 3514 1804 3569 vel
1889 3515 1988 3568 hac

408 3617 640 3688 imagine
663 3617 974 3671 conculcata
1037 3615 1238 3677 vivere,
1264 3611 1344 3666 vcl
1366 3613 1431 3664 ad
1457 3608 1776 3679 supplicium
1823 3605 1984 3660 mitti.

408 3707 546 3762 Tum
570 3710 652 3762 vir
664 3718 882 3763 sanctus
907 3722 1099 3777 magna
1121 3722 1250 3762 voce
1273 3703 1632 3758 exclamavit:
1659 3699 1816 3754 Absit
1832 3698 1986 3764 mihi,

411 3801 635 3854 Domine
678 3800 802 3854 Jesu
831 3799 1068 3861 Christe,
1098 3797 1198 3852 Fili
1232 3797 1346 3860 Dei,
1381 3806 1523 3850 tuam
1592 3794 1828 3848 divinam
1885 3794 1984 3845 [οι--

408 3907 508 3946 ma:
539 3905 810 3960 corporea
841 3890 1152 3960 imaginem,
1189 3889 1453 3944 tremendi
1507 3887 1582 3941 tui
1618 3887 1853 3941 nominis
1898 3895 1982 3938 ta-

407 3982 759 4038 bernaculum
825 3980 1054 4052 pedibus
1105 3988 1403 4051 proterere.
1436 3978 1638 4032 Deinde
1662 3991 1864 4047 pronus
1928 3974 1980 4028 iu

406 4086 608 4129 terram
648 4074 844 4140 lactus,
868 4072 1416 4141 sanctamitnaginem
1442 4070 1782 4126 convenienti
1834 4067 1981 4122 cultu

404 4167 674 4222 adoravit.
736 4166 892 4232 Quod
940 4181 1062 4218 cum
1119 4164 1432 4234 prmfectum
1490 4161 1569 4214 ira
1622 4158 1981 4220 accendissct,

403 4275 524 4313 eum
590 4259 828 4314 vestibus
887 4258 1010 4311 exui
1075 4255 1341 4326 praacipit,
1374 4264 1428 4310 et
1477 4254 1548 4308 ita
1587 4254 1638 4307 in
1699 4251 1982 4321 catapcltis

404 4352 642 4406 extendi.
675 4351 839 4422 Igitur
869 4349 1028 4421 505
1046 4347 1277 4403 ministri
1309 4357 1553 4403 sanctum
1583 4344 1790 4399 duabus
1820 4343 1979 4396 tabu-

403 4448 471 4504 lis
512 4465 542 4504 a
595 4449 772 4518 capite
824 4446 891 4500 ad
946 4445 1082 4499 talos
1135 4457 1306 4512 usque
1357 4441 1752 4508 constringunt,
1809 4437 1978 4507 ipsius

403 4541 646 4596 membra
700 4538 865 4592 clavis
906 4536 1097 4591 ferreis
1129 4536 1426 4604 conligunt,
1457 4547 1580 4587 eum
1622 4532 1838 4585 inverso
1883 4543 1978 4581 ca-

402 4634 512 4704 pite
542 4632 894 4698 suspendunt,
931 4631 1305 4696 immensoque
1365 4639 1499 4695 rogo
1543 4625 1749 4678 circum
1802 4625 1976 4692 ipsum

402 4738 654 4786 accenso,
684 4724 762 4776 sic
793 4731 1038 4776 sanctum
1086 4721 1260 4772 virum
1289 4717 1663 4771 holocaustum
1696 4715 1817 4783 igne
1854 4713 1982 4766 επιε-

401 4819 476 4871 cit
505 4829 734 4885 nequam
767 4814 1095 4883 imperatore
1116 4810 1343 4879 nequior
1374 4806 1679 4876 praefectus.
1719 4825 1737 4856 ›

469 5078 662 5133 Adhuc
713 5076 803 5129 iilo
863 5075 1138 5144 loquente,
1175 5069 1532 5134 omnibusque
1585 5065 1835 5126 Patribus
1901 5066 1975 5118 la-

399 5184 617 5240 crymas
672 5165 1094 5227 eﬂ'undentibus,
1128 5161 1540 5217 Theocteristus
1584 5158 1869 5229 presbyter
1921 5166 1976 5210 et

399 5277 562 5316 senex
585 5261 759 5315 sancti
790 5256 1104 5312 monasterii
1136 5253 1404 5318 Pelecitaa,
1439 5251 1595 5321 cuius
1623 5265 1783 5306 nares
1820 5249 1969 5318 itnpii

399 5351 759 5409 lconocausta:
787 5350 1161 5422 praeciderant,
1191 5349 1521 5417 barbamque
1556 5347 1676 5415 pice
1709 5354 1765 5398 et
1800 5346 1973 5414 naph-

471 5530 516 5561 ⁹³
547 5527 703 5590 Joan.
741 5542 854 5589 xta,
884 5526 968 5579 15.

2091 3429 2217 3501 λησι
2248 3429 2539 3501 λεγόμενον
2561 3433 2920 3501 καταπέλται,
2956 3435 3051 3489 καί
3083 3453 3248 3506 φησιν
3270 3437 3300 3489 ὁ
3322 3441 3659 3510 στρατηγός
3693 3461 3703 3472 ·

2091 3517 2161 3575 Ὦ
2190 3522 2393 3590 Παῦλε,
2425 3523 2481 3578 ἒν
2509 3525 2575 3577 ὲκ
2626 3527 2736 3580 τῶν
2766 3517 2862 3581 δύο
2893 3545 2976 3582 σοι
3041 3529 3354 3600 πρόκειται,
3388 3532 3424 3603 ἢ
3483 3533 3590 3603 τὴν
3628 3534 3708 3586 εἰ·

2089 3613 2222 3668 κόνα
2255 3617 2577 3686 πατήσαντα
2609 3619 2792 3690 ζῆσαι,
2829 3619 2862 3691 ἦ
2892 3622 2959 3692 τῇ
2995 3620 3216 3692 βασάνῳ
3262 3627 3710 3696 παραπεμφθῆ-

2090 3724 2196 3760 ναι.
2242 3708 2300 3761 Ὃ
2327 3709 2385 3762 δὲ
2415 3709 2571 3778 ἅγιος
2600 3715 2751 3783 φωνῇ
2789 3713 3004 3784 μεγάλῃ
3055 3715 3362 3786 ἀνέκραξεν
3400 3733 3414 3746 ⁸
3454 3718 3556 3790 Μὴ
3610 3719 3710 3788 γέ-

2088 3799 2231 3852 νοιτό
2293 3817 2406 3870 μοι,
2470 3802 2665 3872 Κύριε,
2731 3804 2905 3876 Ἰησοῦ
2969 3807 3205 3878 Χριστὲ,
3247 3808 3344 3862 Υίὲ
3391 3811 3499 3865 τοῦ
3536 3811 3710 3881 Θεοῦ,

2087 3891 2337 3959 πατῆσαι
2406 3909 2500 3945 σου
2541 3895 2641 3965 τὴν
2696 3895 3208 3968 σαρκομοιὸμορφον
3260 3900 3426 3955 θείαν
3451 3905 3707 3971 κείκόνα,

2088 3985 2356 4056 σκήνωμα
2396 3986 2883 4064 ὑπάρχουσανοτοῦ
2935 3990 3171 4061 φοϐεροῦ
3225 4009 3321 4046 σου
3392 3996 3706 4068 ὀνόματος.

2086 4072 2196 4126 Καὶ
2218 4071 2354 4144 πρὸς
2376 4074 2480 4145 γῆν
2507 4077 2794 4141 νενευκὼς,
2819 4079 2916 4150 τὴν
2929 4081 3315 4152 προσήκουσαν
3348 4089 3705 4159 προσκύνη-

2088 4179 2171 4216 σιν
2197 4163 2467 4235 προσῆξεν
2495 4169 2561 4238 τῇ
2593 4169 2725 4240 ἁγίᾳ
2781 4170 2972 4228 εἰκόνι.
3003 4172 3289 4244 Θυμωθεὶς
3316 4175 3380 4229 δὲ
3425 4179 3457 4229 ὁ
3496 4195 3710 4250 στρατ-

2084 4256 2216 4326 ηγὸς
2272 4256 2462 4311 τοῦτον
2549 4261 2840 4332 ὲκδυθῆναι
2901 4265 3265 4334 προστάττει,
3321 4264 3439 4323 εἷθ’
3521 4275 3711 4338 οὕτως

2084 4345 2404 4416 άπλωθῆναι
2426 4349 2563 4420 πρὸς
2588 4353 2716 4416 τοὺς
2736 4355 3103 4419 καταπέλτας.
3137 4358 3246 4412 Καὶ
3281 4365 3711 4435 περισφίγξαν-

2082 4455 2176 4502 τες
2205 4440 2256 4492 οἱ
2289 4440 2568 4512 ὑπηρέται
2618 4444 2708 4497 τὸν
2747 4445 2901 4513 ἆγιον
2935 4448 3074 4518 πρὸς
3104 4451 3226 4516 ταῖς
3279 4452 3416 4508 δυσὶ
3471 4461 3709 4513 σανίσιν

2083 4528 2193 4623 ἀπό
2220 4545 2282 4582 τε
2309 4532 2580 4602 τραχήλου
2600 4533 2704 4597 ἕως
2735 4537 3122 4608 ἀστραγάλων,
3155 4542 3252 4595 καὶ
3291 4543 3389 4599 διὰ
3449 4552 3711 4623 σιδήρων

2082 4622 2272 4677 τούτου
2303 4624 2372 4677 τὰ
2408 4625 2544 4697 μέλη
2564 4627 3001 4699 καθηλώσαντες,
3029 4632 3125 4686 καὶ
3154 4635 3250 4687 ἐπὶ
3273 4639 3552 4711 κεφαλῆς
3579 4622 3711 4715 ρε-
3751 4629 3757 4654 ³

2087 4715 2380 4783 μάσαντες,
2409 4716 2675 4770 κυκλόθεν
2695 4735 2758 4772 τε
2790 4721 3066 4791 πυρκαϊὰν
3093 4723 3419 4794 osseum;
3463 4747 3714 4804 παμμε-

2082 4805 2242 4875 γέθη,
2275 4806 2449 4871 οὕτως
2496 4808 2868 4882 ὁλοκάρπωμα
2894 4811 2984 4866 διὰ
3025 4815 3194 4886 πυρὸς
3235 4819 3329 4871 τὸν
3391 4820 3580 4890 ἅγιον
3619 4843 3718 4880 πε.

2081 4895 2312 5039 ἓτοίηκεν
2335 4899 2364 4951 ό
2401 4898 2493 4952 τοῦ
2526 4901 2847 4976 παρανόμου
2880 4890 3149 4973 βασιλέως
3200 4913 3715 4988 παρανομώτερος

2123 5003 2286 5039 ονων.

2121 5003 2286 5056 ρχων.

2154 5078 2266 5130 Kal.
2293 5079 2374 5132 ἔτι
2411 5082 2605 5136 τούτου
2648 5083 2957 5152 λαλοῦντος,
2979 5089 3073 5141 καὶ
3103 5089 3320 5143 πάντων
3342 5094 3479 5150 τῶν
3507 5099 3708 5153 Πατέ-

2087 5185 2194 5238 ρων
2207 5172 2688 5245 δακρυρροούντων
2699 5177 2750 5242 δ,
2769 5176 3162 5251 Θεοστήρικτος
3178 5184 3473 5253 πρεσϐΰτε
3483 5207 3590 5259 ρος
3616 5194 3719 5247 καὶ

2082 5275 2152 5355 γη
2163 5259 2352 5328 ραλέος
2380 5265 2473 5319 τοῦ
2497 5267 2730 5335 εὐαγοῦς
2754 5273 3179 5344 φροντιστηρίου
3194 5276 3294 5346 τῆς
3320 5277 3712 5355 Πελεκητῆς,

2081 5351 2229 5416 ὅστις
2260 5357 2354 5408 καὶ
2389 5357 2710 5432 ρινότμητος
2738 5357 2825 5434 ἦν,
2858 5363 2953 5418 καὶ
2986 5363 3084 5437 τὴν
3133 5367 3397 5437 γενειάδα
3460 5375 3541 5428 ὲκ
3562 5351 3722 5431 πίσ-

1700 5657 1932 5715 VARl/E
1971 5663 2373 5724 LECTIDNES.

473 5813 501 5856 δ
535 5815 605 5867 al.
635 5813 1034 5866 δακουούντων.
