4060 6522
388 546 522 614 1165

1446 549 1621 610 νΙΤΑ
1665 550 1727 611 S.
1769 548 2143 614 STEPHANI
2182 552 2567 617 JUNIORIS.

3500 558 3637 624 1156

390 679 485 737 σης
516 657 613 712 καὶ⁴
649 656 858 729 νάφθης
910 659 1281 730 κεχρισμένην
1324 658 1420 713 καὶ
1466 661 1960 733 κατακεκαυμένην

2069 663 2156 718 tha
2214 674 2484 719 unxerant
2537 673 2592 720 et
2671 664 3021 730 adusserant,
3090 663 3143 719 in
3196 666 3428 722 medium
3505 686 3639 738 pro-

383 749 537 819 παρά
571 747 685 801 τῶν
706 748 877 802 ἀθέων
927 748 1391 813 Είκονοκαυστῶν,
1423 750 1501 813 είς
1548 749 1715 821 μέσον
1760 769 1963 824 προαχ-

383 842 500 905 θεὶς
553 839 711 894 εἶπεν
746 857 760 873 ο
802 842 920 895 Ούκ
959 840 1107 894 ἐστιν
1140 837 1251 914 ἆρα
1280 882 1295 907 ,
1331 841 1480 911 τίμιε
1521 842 1760 912 Στέφανε
1792 885 1808 910 ,
1862 845 1964 897 ὑπ-

290 983 302 993 ,
382 936 633 1004 ενεγκεϊν
665 935 795 990 ἄνευ
820 932 1122 1005 κλαυθμοῦ,
1155 935 1188 1006 ἢ
1217 934 1310 988 ὑπ’
1358 933 1548 1004 ὕψεσιν
1588 935 1817 1006 ἀγαγεῖν
1864 935 1963 1006 τὴν

383 1026 503 1080 τότε
532 1025 898 1097 σκοτόμαιναν
932 1025 1027 1079 καὶ
1059 1024 1360 1097 ἀγριότητα
1402 1025 1498 1079 τοῦ
1556 1025 1816 1096 ἄρχοντος
1863 1026 1962 1095 τῆς

395 1118 698 1182 Ἀσιάτιδος
734 1118 901 1190 γαίης
929 1157 947 1182 ,
990 1118 1161 1190 ὅνπερ
1213 1118 1702 1190 Λαχανοδράκοντα
1761 1118 1961 1173 καλοῦ-

387 1226 506 1277 σιν;
548 1211 608 1264 '0
639 1211 698 1265 δὲ
722 1210 907 1281 τίμιος
932 1212 1208 1280 Στέφανος
1249 1210 1397 1281 λέγει
1431 1209 1582 1281 αὑτῷ
1607 1225 1621 1240 ⁸
1648 1210 1811 1279 Λέγε,
1853 1210 1964 1264 Πά-

384 1320 521 1373 τερ,
565 1302 653 1356 διά
707 1301 800 1356 τὸν
848 1301 1054 1371 Κύριον
1119 1301 1246 1369 λέγε
1283 1341 1301 1368 ,
1353 1302 1449 1355 καὶ
1493 1302 1567 1372 μὴ
1607 1301 1958 1374 ἀποκρύψῃς.

389 1395 843 1468 Προθυμοτέρους
903 1396 1013 1465 γὰρ
1063 1396 1237 1457 ποιεῖς
1293 1395 1463 1464 ἡμᾶς,
1520 1395 1680 1465 εἴπερ
1736 1392 1882 1447 θέλοι
1933 1397 1962 1449 ό

384 1487 517 1552 Θεὸς
547 1486 642 1541 καὶ
671 1488 819 1557 ἡμᾶς
869 1485 1127 1551 ἀθλῆσαι.
1153 1485 1265 1538 Καὶ
1285 1485 1313 1537 ό
1334 1484 1734 1556 Θεοστήρικτος
1760 1484 1925 1538 πάλιν
1943 1500 1959 1515 ο

384 1579 497 1649 Τῆς
555 1579 718 1646 ἁγίας
771 1577 1154 1650 παρελθούσης
1205 1576 1687 1647 Τεσσαρακοστῆς,
1719 1578 1815 1631 καὶ
1866 1576 1962 1631 τοῦ
2006 1576 2009 1579 “

384 1671 542 1740 ἁγίου
577 1670 772 1739 Πάσχα
819 1667 1180 1737 πεφθακότος,
1210 1667 1311 1737 τῆς
1359 1668 1525 1736 ἁγίας
1557 1668 1816 1738 πέμπτης
1841 1667 1959 1736 ὀψὲ,

383 1765 443 1816 ὲν
534 1761 769 1833 Χριστὸς
796 1762 825 1815 ό
857 1760 991 1822 Θεὸς
1029 1759 1184 1830 ἡμῶν
1220 1758 1356 1829 πρὸς
1401 1759 1689 1824 Ἰουδαίους
1750 1760 1967 1830 παρεδί-

383 1856 526 1921 δοτο,
574 1857 677 1927 τῆς
718 1852 869 1918 θείας
902 1849 1295 1923 μυσταγωγίας
1329 1850 1779 1921 ἐπιτελουμένης,
1807 1846 1964 1915 οὗτος

308 1962 320 1973 ⁸
384 1944 891 2016 ὁδρακοντώνυμος
949 1943 1392 2015 ἀρχισατράπης,
1436 1945 1501 2013 τῇ
1551 1943 1646 1996 τοῦ
1697 1943 1962 2014 βασιλέως

384 2036 655 2098 κελεύσει,
690 2036 830 2107 μετά
855 2034 1092 2106 πλήθους
1121 2032 1471 2104 στρατιωτῶν
1505 2035 1957 2106 εἰσπηδήσαντες,

384 2127 633 2200 παρευθὺ
692 2128 790 2197 μὲν
840 2126 941 2198 τὴν
995 2123 1383 2195 μυσταγωγίαν
1452 2125 1763 2194 ὴχρείωσαν
1801 2164 1817 2188 ,
1865 2125 1961 2178 καὶ

380 2223 510 2283 τοὺς
534 2216 766 2286 λογάδας
799 2216 910 2270 τῶν
943 2214 1225 2286 μοναστῶν
1265 2214 1658 2286 συλλαϐόμενοι
1681 2257 1694 2281 ,
1725 2216 1963 2285 ἠσφαλί-

383 2329 549 2367 σαντο
593 2310 799 2364 τούτων
847 2308 945 2372 τὰς
975 2309 1165 2378 χεῖρας
1226 2308 1318 2361 καὶ
1362 2309 1491 2370 τοὺς
1547 2308 1852 2378 τραχήλους
1904 2310 1961 2362 ὲν

378 2403 562 2471 ξύλοις
591 2402 683 2455 τὸν
714 2399 949 2472 ἀριθμὸν
999 2398 1300 2470 τριάκοντα
1327 2398 1472 2452 ὀκτώ
1509 2415 1523 2429 ’
1560 2400 1655 2453 καὶ
1683 2400 1807 2461 τοὺς
1849 2399 1962 2452 λοι-

382 2496 542 2561 ποὺς,
575 2494 633 2549 ὃν
671 2494 773 2566 μὲν
814 2490 1048 2560 ἀφειδῶς
1087 2490 1314 2562 έδειρεν,
1354 2490 1414 2545 ὃν
1461 2490 1522 2546 δὲ
1568 2490 1913 2544 κατέκαυσεν
1942 2507 1959 2523 ι

377 2590 559 2645 ἄλλων
589 2589 690 2652 τὰς
743 2584 1030 2654 γενειάδας
1061 2584 1347 2647 πισσώσας
1382 2583 1709 2655 ἐνέπρησεν,
1736 2584 1833 2637 καὶ
1881 2585 1964 2653 ρι-

375 2681 685 2752 νοτμήτους
715 2678 1064 2748 ἀπέπεμψεν,
1083 2674 1142 2742 ἐξ
1183 2667 1261 2728 ὧν
1294 2669 1374 2739 εἷς
1400 2675 1635 2745 ὑπάρχω
1667 2675 1762 2728 καὶ
1800 2675 1965 2739 αὑτὸς

377 2771 517 2841 ἐγώ.
550 2770 659 2823 Καὶ
683 2771 742 2823 ὲν
771 2768 982 2831 τούτοις
1018 2765 1094 2837 μὴ
1116 2763 1411 2836 ἀρκεσθεὶς
1440 2765 1651 2829 ἐκεῖνος
1692 2764 1722 2816 ὁ
1776 2765 1967 2818 δυσσε-

374 2863 504 2935 ϐὴς,
537 2860 639 2933 τὴν
681 2860 851 2931 μονὴν
885 2860 1069 2912 πᾶσαν
1105 2858 1429 2928 ἐνέπρησεν,
1464 2856 1572 2910 ἀπό
1602 2871 1663 2910 τε
1696 2858 1966 2926 ἱπποφορ-

379 2955 531 3007 6είου
583 2954 745 3025 μέχρι
781 2950 891 3004 τῶν
938 2949 1263 3018 ἐκκλησιῶν,
1297 2949 1403 3011 ἕως
1434 2948 1663 3016 ἐδάφους
1686 2946 1964 3018 κονιορτὸν

382 3045 730 3099 ἀπετέλεσεν.
781 3038 894 3096 Εἶθ’
953 3039 1130 3103 οὕτως
1176 3038 1294 3111 μετ’
1348 3039 1513 3093 αὑτοῦ
1561 3038 1963 3110 συλλαϐόμενος

383 3139 508 3200 τοὺς
536 3137 834 3208 τριάκοντα
857 3132 1002 3187 ὀκτὼ
1033 3132 1277 3194 ἐκείνους
1317 3132 1589 3202 Πατέρας,
1617 3131 1674 3183 ὲν
1702 3133 1816 3192 τοῖς
1858 3130 1962 3199 τῆς

2069 757 2265 811 ductus
2325 758 2516 812 dixit:
2558 755 2751 822 Nemo,
2818 755 3112 812 reverende
3176 755 3473 828 Stephane.
3538 776 3637 815 no-

2063 857 2206 900 ctem
2233 846 2378 901 illam
2436 856 2491 901 et
2546 846 2808 901 saevitiam
2860 845 3099 917 prtefecti
3151 846 3406 904 Asiatica:
3452 859 3637 911 terrm.

2062 918 2222 1007 queui
2251 938 2820 995 Lachanodracontem
2842 938 3138 1008 appellant.
3172 940 3378 1010 absque
3432 943 3636 1012 gemitu

2064 1027 2208 1082 ferre
2237 1028 2320 1083 vel
2362 1028 2431 1084 ob
2454 1028 2638 1084 oculos
2703 1044 2979 1099 exponere
3037 1038 3234 1101 potest.
3264 1031 3365 1086 Cui
3417 1044 3641 1090 sanctus
3692 1041 3698 1052 '

2066 1119 2374 1190 Stephanus
2401 1136 2418 1176 :
2444 1122 2559 1187 Dic,
2590 1122 2786 1192 inquit,
2818 1122 3003 1189 Pater,
3044 1122 3133 1177 die
3170 1138 3267 1191 per
3326 1125 3638 1187 Dominum,

2066 1227 2238 1282 neque
2281 1211 2333 1266 id
2367 1214 2647 1268 celaveris.
2678 1211 2786 1268 Nos
2841 1214 2985 1268 enim
3022 1216 3382 1286 promptiores
3422 1216 3639 1277 reddes.

2064 1304 2233 1358 sinos
2263 1318 2477 1371 quoque
2530 1316 2744 1357 certare
2793 1303 2934 1357 Deus
2968 1305 3216 1359 voluerit.
3255 1304 3465 1360 Rursus
3510 1323 3640 1375 ergo

2065 1393 2512 1451 Tlteocteristus:
2570 1394 2771 1449 Sancta
2805 1384 3233 1465 Quadragesima
3268 1396 3473 1467 elapsa,
3510 1414 3642 1453 san-

2064 1495 2261 1556 ctoque
2318 1484 2521 1539 Pascha
2600 1486 2867 1554 proximo,
2939 1501 3166 1556 vespere
3216 1497 3421 1542 sancta:
3494 1487 3643 1542 [oriae

2064 1577 2286 1647 quinta‘,
2322 1591 2425 1647 qua
2465 1576 2713 1633 Christus
2756 1580 2897 1631 Deus
2931 1590 3113 1632 noster
3161 1578 3367 1634 Iudaeis
3396 1582 3643 1649 proditus

2063 1677 2167 1733 est,
2195 1672 2320 1722 dum
2347 1669 2525 1723 divina
2580 1669 2835 1737 mysteria
2866 1681 3273 1738 peragerentur,
3308 1670 3397 1724 ille
3449 1670 3645 1725 draco-

2067 1761 2150 1815 nis
2182 1775 2374 1814 nomen
2403 1758 2583 1814 ferens
2608 1760 2912 1829 praefectus,
2940 1760 3093 1828 jussu
3149 1760 3312 1831 503
3345 1761 3645 1830 Imperato-

2067 1851 2163 1916 ris,
2194 1864 2317 1904 cum
2378 1848 2607 1902 militum
2670 1866 2828 1903 manu
2890 1851 3128 1913 irruens,
3164 1863 3386 1919 repente
3434 1861 3644 1921 myste-

2065 1940 2266 1994 riorum
2345 1942 2764 1995 celebrationem
2854 1941 3160 2011 interrupit.
3208 1941 3645 2010 ,Cnmpreliensis

2063 2045 2193 2085 vero
2224 2031 2447 2086 delectis
2483 2032 2780 2094 monachis,
2800 2032 2992 2085 horum
3026 2048 3251 2086 numero
3275 2032 3490 2103 triginta
3517 2043 3644 2088 octo

2073 2137 2272 2175 manus
2300 2133 2353 2177 et
2386 2123 2523 2177 colla
2548 2124 2708 2193 lignis
2752 2124 2923 2177 vinxit
2955 2140 2969 2176 :
3017 2124 3253 2192 reliquos
3293 2124 3492 2194 partim
3519 2139 3647 2178 cru-

2065 2211 2257 2265 deliter
2291 2211 2566 2278 laceravit,
2602 2212 2794 2281 partim
2853 2214 3136 2267 cremavit.
3166 2212 3408 2267 Aliorqu
3443 2214 3644 2270 barbas

2068 2307 2185 2371 pice
2243 2303 2490 2371 perfusas
2542 2306 2767 2368 adussit,
2805 2321 3070 2374 naresque
3119 2306 3371 2371 abscidit,
3407 2322 3641 2375 quorum

2067 2411 2205 2449 unus
2259 2396 2372 2465 ipse
2397 2410 2495 2465 ego
2528 2411 2666 2450 sum.
2713 2395 2930 2462 Verum,
2966 2398 3193 2451 necdum
3246 2397 3331 2452 his
3357 2408 3646 2453 contentus

2067 2484 2156 2540 ille
2182 2486 2377 2555 impius
2394 2487 2665 2555 integrum
2704 2489 3098 2543 monasterium
3133 2490 3202 2544 ab
3233 2504 3501 2560 equorum
3528 2501 3649 2545 sta-

2068 2577 2195 2632 bulo
2242 2579 2308 2633 ad
2340 2578 2600 2633 ecclesias
2642 2579 2766 2649 igne
2794 2583 3046 2644 vastavit,
3073 2591 3130 2635 et
3166 2597 3336 2651 usque
3373 2582 3441 2637 ad
3496 2584 3648 2653 pavi-

2068 2677 2310 2723 mentum
2381 2670 2433 2723 in
2515 2670 2787 2741 pulverem
2880 2674 3104 2743 redegit.
3178 2674 3372 2729 Postea
3458 2690 3645 2729 secum

2065 2760 2362 2831 assumptis
2384 2762 2604 2832 triginta
2635 2772 2760 2818 octo
2781 2762 2887 2818 illis
2916 2763 3303 2831 Pati-ibus,eos
3333 2766 3386 2820 in
3413 2768 3646 2835 quadam

2067 2854 2333 2929 testudine
2372 2854 2570 2909 veteris
2617 2855 2791 2910 balnei
2822 2858 2961 2925 apud
3025 2857 3224 2928 Ephesi
3277 2858 3511 2914 conﬁnia
3561 2859 3649 2912 in-

2063 2943 2245 3009 clusit,
2281 2956 2581 3015 apertoque
2620 2947 2791 3011 aditu,
2842 2946 3112 3017 contiguis
3167 2951 3364 3005 montis
3413 2951 3651 3005 molibus

2064 3035 2274 3093 ell‘ossis
2312 3037 2434 3093 illos
2476 3037 2689 3103 obruit;
2721 3043 2906 3109 sicque
2934 3044 2980 3094 vi
3048 3042 3372 3097 intolerabili
3432 3043 3483 3096 in
3545 3041 3652 3096 Do-

2066 3131 2214 3185 mino
2243 3132 2604 3186 consummati
2645 3141 2789 3186 sunt.

396 3229 624 3299 Ἐφέσου
679 3226 980 3298 περιορίοις
1016 3226 1075 3277 ὲν
1124 3222 1266 3294 θόλῳ
1298 3223 1409 3276 τινὶ
1453 3221 1687 3277 παλαιοῦ
1737 3223 1966 3294 λουτροῦ
2006 3221 2231 3289 τούτους
2262 3225 2609 3290 ἀπέκλεισεν,
2685 3226 2777 3280 καὶ
2842 3227 2941 3298 τὴν
2977 3228 3180 3283 εἴσοδον
3215 3228 3555 3300 ἀναφράξας,
3579 3230 3653 3285 τὰ

376 3324 617 3396 ἐχόμενα
645 3322 745 3377 τοῦ
781 3321 942 3393 όρους
1009 3319 1335 3392 κατορύξας,
1414 3318 1636 3384 τούτους
1719 3321 2053 3392 κατέχωσεν,
2088 3322 2184 3376 καὶ
2243 3321 2418 3388 οὕτως
2467 3325 2535 3394 τῇ
2588 3323 2901 3395 ἀνυποίστῳ
2976 3324 3070 3397 βία
3131 3327 3529 3399 ἐτελειώθησαν
3593 3330 3652 3386 ὲν

382 3420 601 3491 Κυρίῳ.

457 3514 677 3570 Τούτων
690 3506 783 3566 οὗν
806 3510 915 3566 τῶν
944 3509 1211 3582 λυπηρῶν
1232 3510 1330 3565 καὶ
1356 3509 1533 3564 ἄλλων
1555 3509 1817 3564 πλειόνων
1840 3511 1965 3565 ὀδυ-

2142 3514 2238 3571 His
2260 3515 2523 3571 luctuosis
2573 3528 2631 3571 et
2688 3516 2809 3573 aliis
2852 3516 3100 3588 pluribus
3160 3519 3404 3575 tristibus
3461 3520 3649 3588 dictis,

382 3609 570 3683 νηρῶν
615 3606 911 3681 ῥηθέντων,
937 3605 1038 3659 οὒκ
1066 3600 1136 3676 ἦν
1187 3604 1510 3673 ὑπενεγκεῖν
1530 3602 1623 3656 τὸν
1661 3589 1963 3675 κλαυθμόν.

382 3702 502 3757 Καὶ
529 3699 716 3754 λοιπὸν
739 3697 928 3768 ἠξίουν
980 3696 1073 3749 τὸν
1109 3695 1267 3765 ἅγιον
1297 3695 1593 3762 Στέφανον,
1618 3693 1807 3764 ὥσπερ
1837 3694 1968 3765 πρὶν

379 3796 446 3848 ιν
469 3792 550 3863 τῷ
576 3794 711 3861 best,
732 3789 877 3843 οὕτω
898 3788 995 3843 καὶ
1023 3787 1118 3840 νῦν
1151 3786 1308 3856 λόγον
1330 3785 1734 3857 παρακλήσεως
1784 3802 1969 3856 προειο

385 3887 529 3940 πεῖν.
547 3883 606 3937 ’0
628 3883 685 3936 δὲ
714 3880 1032 3952 παμμάκαρ
1062 3879 1139 3942 ὡς
1165 3877 1224 3945 ἐξ
1255 3877 1449 3948 ὀδύνης
1480 3876 1658 3948 ψυχῆς
1678 3888 1701 3917 ο
1732 3877 1967 3930 ἀναστε-

382 3977 554 4044 νάξας
612 3973 765 4028 εἶπεν
796 3988 813 4005 ο
906 3969 1449 4042 Εὑχαριστήσωμεν,
1541 3966 1685 4021 Πατέ
1702 3983 1794 4038 ρες
1874 3968 1970 4021 καὶ

380 4068 608 4139 ἀδελφοὶ
635 4108 650 4134 ,
717 4063 1203 4135 εὑχαριστήσωμεν
1263 4061 1395 4204 πᾷοὶ
1475 4059 1694 4113 πάντων
1761 4057 1969 4113 τούτων

380 4158 499 4204 τῶν
537 4154 969 4204 συμϐεϐηκότων
993 4169 1011 4186 ο
1048 4155 1081 4204 'h
1134 4151 1242 4204 γάο
1275 4169 1302 4204 ε
1328 4169 1356 4204 ς
1409 4149 1563 4204 τέλος
1613 4149 1968 4204 εὑγαοιστικὴ

376 4158 499 4213 τῶν
537 4154 969 4228 συμϐεϐηκότων
993 4169 1011 4186 ο
1048 4155 1082 4223 ἡ
1134 4151 1242 4224 γὰρ
1275 4149 1356 4214 erg
1409 4149 1563 4214 τέλος
1613 4149 1969 4221 εὑχαριστικὴ

386 4251 643 4321 ὑπομονὴ
671 4248 830 4319 φέρει
870 4246 964 4299 τὸν
999 4245 1265 4312 στέφανον
1296 4258 1310 4272 °
1342 4244 1393 4296 εἰ
1447 4243 1557 4314 γὰρ
1588 4243 1682 4296 καὶ
1708 4241 1844 4313 πῦρ,
1874 4242 1969 4295 καὶ

386 4342 566 4410 ξίφος,
597 4340 692 4393 καὶ
746 4336 1014 4401 θάλασσα,
1040 4334 1138 4388 καὶ
1176 4333 1237 4388 τὸ
1281 4334 1591 4388 τελευταῖον
1643 4333 1872 4393 θάνατος
1906 4334 1969 4385 ὲκ

390 4433 499 4488 τῶν
531 4431 744 4486 ἀσεϐῶν
771 4429 1059 4502 πρόκειται
1089 4427 1244 4497 ἡμῖν,
1277 4425 1683 4496 ὑπομείνωμεν,
1712 4421 1969 4496 μιμησώ-

390 4525 535 4594 ῃεθα
565 4525 691 4586 τοὺς
716 4519 840 4575 καθ’
877 4519 1028 4591 ἡμᾶς
1064 4517 1157 4571 τὸν
1197 4515 1313 4587 βίον
1354 4514 1709 4587 μαρτυρικῶς
1756 4514 1972 4568 ἐκτελέα

386 4634 597 4681 σαντας
628 4615 813 4680 ὁσίους
847 4612 1122 4684 Πατέρας,
1147 4609 1355 4681 Πέτρον
1380 4608 1525 4677 λέγω
1562 4608 1654 4662 τὸν
1693 4608 1840 4662 ὅσιον
1878 4607 1969 4661 τὸν

386 4713 453 4766 ὲν
507 4709 841 4781 Βλαχέρναις
895 4704 1384 4776 ἐγκεκλεισμένον,
1435 4702 1583 4765 ὅστις
1629 4701 1972 4763 ἀνεικάστοις

386 4802 538 4858 κατὰ
588 4800 884 4874 πρόσωπον
926 4797 1019 4852 τοῦ
1055 4795 1322 4866 βασιλέως
1351 4793 1663 4864 βουνεύροις
1695 4791 1971 4856 τυπτόμε-

2074 3621 2236 3662 nemo
2285 3607 2553 3678 lacrymas
2629 3608 2911 3663 continere
2993 3618 3221 3678 poterat.
3285 3610 3461 3680 Ipsum
3522 3628 3655 3669 vero

2076 3708 2321 3753 sanctum
2393 3699 2726 3768 Stephanum
2773 3701 3056 3770 rogabam,
3086 3710 3144 3754 ut
3194 3704 3653 3770 quemadmodum

2076 3802 2233 3847 antea
2261 3778 2314 3846 in
2344 3801 2544 3855 monte,
2583 3791 2664 3847 sic
2694 3807 2836 3846 nunc
2869 3793 3016 3863 ipsos
3039 3808 3139 3847 suo
3177 3808 3429 3849 sermone
3453 3810 3653 3852 conso-

2073 3883 2298 3937 ‘laretur.
2321 3882 2457 3936 Tum
2495 3882 2583 3937 ille
2622 3882 2965 3939 beatissimus
2991 3884 3145 3953 quasi
3184 3900 3296 3954 pne
3329 3883 3513 3939 dolore
3538 3886 3658 3939 ani-

2079 3989 2179 4028 ma:
2204 3988 2422 4044 gemens
2449 3974 2523 4027 ait
2550 3991 2564 4026 :
2605 3991 2623 4024 ι
2656 3971 2881 4029 Gratias
2926 3986 3168 4043 agamus,
3204 3973 3398 4030 Patres
3450 3986 3505 4029 et
3536 3977 3652 4031 fra-

2079 4073 2208 4127 tres,
2230 4063 2437 4134 gratias
2461 4079 2687 4132 agamus
2715 4062 2780 4118 de
2812 4062 2899 4117 his
2924 4064 3176 4120 omnibus
3206 4080 3328 4134 quae
3358 4064 3522 4137 507
3558 4084 3650 4124 ac-

2076 4153 2345 4209 ciderunt.
2409 4153 2543 4209 Nam
2613 4151 2879 4223 patientia
2926 4170 3049 4208 cum
3093 4157 3391 4226 gratiarum
3432 4161 3653 4215 actione

2079 4260 2247 4312 usque
2272 4245 2323 4299 in
2356 4245 2515 4300 linem
2535 4246 2718 4317 juncta
2737 4245 2843 4301 fert
2863 4244 3144 4301 coronam.
3166 4247 3292 4301 Sive
3305 4250 3451 4304 enim
3474 4252 3652 4320 ignem

2079 4336 2193 4390 sive
2246 4337 2505 4407 gladium,
2563 4337 2678 4393 sive
2729 4353 2896 4403 mare,
2917 4339 3031 4394 sive
3082 4348 3360 4409 postremo
3418 4352 3653 4396 mortem

2080 4427 2236 4481 nobis
2288 4428 2442 4496 impii
2491 4426 2770 4496 objicient,
2801 4429 3069 4496 patienter
3092 4429 3333 4485 {eramus
3385 4441 3656 4499 :‘sanctos

2080 4516 2200 4572 illos
2229 4515 2416 4571 Patres
2448 4518 2537 4585 qui
2593 4518 2731 4587 apud
2764 4533 2863 4572 nos
2923 4520 3083 4574 vitam
3119 4520 3382 4589 martyrio
3404 4519 3654 4575 absolve-

2080 4617 2227 4674 runt,
2285 4608 2579 4662 imitemur.
2640 4607 2900 4662 Sanctum
2957 4610 3107 4664 illum
3163 4609 3383 4665 Petrum
3422 4612 3478 4665 in
3526 4610 3656 4665 Bla-

2080 4700 2298 4754 chernis
2334 4699 2603 4754 inclusum
2634 4701 2775 4764 dico,
2805 4700 2895 4770 qui
2944 4710 3073 4757 ante
3131 4702 3478 4771 Imperatoris
3521 4717 3659 4757 con-

2080 4805 2325 4862 spectum
2367 4793 2725 4848 intolerandis
2751 4795 2910 4849 boum
2942 4794 3125 4849 nervis
3150 4810 3247 4863 pro
3281 4795 3481 4849 Christi
3515 4795 3659 4848 ima-

384 4912 484 4960 νος
509 4894 650 4964 ὑπὲρ
675 4894 775 4960 τῆς
814 4889 909 4945 τοῦ
941 4886 1183 4963 Χριστοῦ
1233 4885 1462 4951 εἰκόνος,
1500 4884 1965 4939 τοῦτονΔατιανὸν

2080 4886 2204 4953 giue
2261 4898 2474 4951 caesus,
2527 4884 2698 4950 illum,
2736 4884 3028 4939 Dacianum
3086 4896 3142 4941 et
3181 4888 3659 4955 praevaricatorem

392 4989 488 5043 καὶ
505 4984 836 5057 παραϐάτην
868 4979 1159 5054 παρρησίᾳ
1201 4976 1443 5050 κηρύξας
1461 4975 1513 5042 ἀ,
1543 4978 1636 5031 καὶ
1679 4976 1814 5048 πρὸς
1839 4974 1965 5028 Θεδν

2074 4976 2251 5031 libere
2304 4976 2644 5046 appellando,
2700 4976 3033 5047 sublatisque
3062 4976 3130 5032 ad
3163 4978 3331 5032 Deum
3375 4979 3549 5032 oculis
3578 4979 3665 5032 (Ιίν-

389 5083 454 5137 τὸ
487 5080 645 5150 θμμα
673 5076 978 5144 ἀνατείνας,
1001 5075 1095 5129 καὶ
1135 5073 1330 5140 εἰπὼν,
1359 5069 1682 5145 Εὐχαριστῶ
1716 5089 1820 5134 σοι,
1858 5071 1965 5125 Κύ-

2077 5071 2257 5125 cendo
2283 5068 2535 5127 :Gratias
2574 5071 2669 5125 tibi
2700 5087 2821 5140 ago,
2849 5069 3101 5138 Domine,
3143 5071 3195 5123 in
3234 5070 3424 5125 mediis
3472 5070 3664 5124 verbev

386 5170 709 5247 Ῥιενοοῦτως
764 5171 824 5223 ὲν
868 5170 983 5231 τοῖς
1038 5167 1271 5237 δαρμοῖς
1323 5164 1670 5231 ἐξέπνευσεν,
1708 5164 1801 5216 καὶ
1854 5162 1965 5233 μετε

2085 5175 2203 5216 rum
2240 5161 2570 5217 cruciatibus
2618 5163 2934 5234 exspiravit.
2973 5161 3129 5218 Hune
3167 5161 3410 5218 Joannes
3437 5173 3658 5215 secutus

391 5264 581 5328 αὐτὸν,
627 5259 883 5329 Ἰωάννην
922 5259 1016 5312 τὸν
1057 5256 1203 5310 θεῖον
1246 5255 1555 5326 ἡγούμενον
1590 5253 1684 5307 τοῦ
1734 5252 1965 5322 τερπνοῦ

2076 5263 2188 5319 est,
2217 5254 2429 5307 divinus
2479 5253 2569 5309 ille
2599 5254 2796 5311 ammni
2851 5253 3138 5321 Monagria’
3171 5253 3488 5308 trionasterii
3519 5265 3661 5320 pne-

391 5356 496 5427 τῆς
535 5352 857 5424 Μοναγρίας
902 5348 1341 5421 φροντιστηρίου,
1385 5347 1445 5401 ὃν
1478 5350 1506 5400 ό
1568 5346 1831 5418 τύραννος
1878 5345 1965 5417 βα-

2083 5342 2278 5407 fectus,
2304 5360 2462 5413 quem
2501 5354 2767 5415 tyrannus
2793 5343 3090 5414 imperator
3109 5344 3390 5416 tyrannice
3415 5358 3667 5413 compre-

392 5452 580 5514 σιλεὺς
596 5446 933 5521 τυραννικιῖις
963 5441 1273 5513 κατασχὼν,
1289 5442 1378 5495 διὰ
1403 5441 1465 5494 τὸ
1502 5440 1576 5511 μὴ
1601 5439 1965 5509 πεπατηκέναι

2088 5437 2338 5502 hensum,
2366 5439 2516 5507 quod
2546 5435 2749 5492 Christi
2777 5435 3009 5505 ejusque
3041 5435 3229 5491 Matris
3260 5436 3545 5506 imaginem
3574 5451 3667 5505 pe-

396 5543 563 5598 αὐτδν
573 5542 675 5613 τὴν
688 5539 784 5593 τοῦ
798 5536 1034 5611 Χριστοῦ
1048 5533 1346 5588 εἰκόνοΓκαὶ
1363 5533 1463 5602 τῆς
1475 5532 1698 5602 Μητρὸς
1710 5528 1900 5593 αὑτοῦ,
1920 5531 1965 5582 ἐι

2088 5528 2246 5582 dibus
2279 5528 2599 5583 conculcare
2627 5540 2903 5595 renuerat,
2941 5543 3099 5583 sacco
3147 5529 3385 5591 inclusit,
3430 5542 3666 5595 eumque

398 5636 590 5704 σάκκῳ
621 5631 1004 5692 κατακλείσας,
1039 5627 1131 5681 καὶ
1150 5624 1284 5696 λίθῳ
1305 5622 1524 5704 μεγάλῳ
1546 5621 1881 5693 προσδήσας,
1902 5618 1965 5691 τᾷ

2089 5620 2155 5672 ad
2187 5619 2456 5688 ingentem
2492 5619 2721 5689 lapidem
2759 5619 3032 5689 alligatum
3081 5620 3132 5673 in
3175 5618 3445 5688 profundo
3498 5617 3670 5672 maris

398 5724 548 5796 βυθῷ
565 5702 660 5794 τῆς
676 5722 949 5792 θαλάσσης
967 5717 1286 5783 ἀπέπνιξεν.
1314 5715 1379 5768 Τί
1403 5702 1517 5786 ἆρά
1528 5730 1591 5781 γε
1619 5709 1713 5765 τοῦ
1738 5710 1965 5764 τοιούτοι

2092 5712 2430 5781 praefocavit.
2477 5711 2620 5778 Quid
2668 5711 2976 5778 huiusmodi
3018 5721 3196 5767 morte
3241 5709 3526 5766 acerbius?
3573 5708 3669 5762 Ve-

396 5816 635 5875 θανάτου
666 5814 1061 5884 ὲλεεινότερον;
1096 5809 1238 5864 Ἀλλ’
1257 5808 1595 5879 ἐνδοξότερον
1625 5805 1855 5879 παρέχει
1892 5804 1965 5858 tot

2094 5819 2237 5872 rum,
2267 5819 2335 5861 eo
2359 5804 2739 5876 gloriosiorem
2765 5817 3025 5861 coronam
3048 5804 3275 5875 praebet.
3301 5802 3367 5858 Et
3399 5803 3511 5856 haec
3545 5800 3670 5871 qui-

474 5985 500 6015 ⁸
532 5973 604 6030 al.
632 5972 887 6045 ψυχικῆς.
965 5969 992 6011 ἀ
1025 5970 1097 6025 al.
1120 5965 1379 6045 κηρύξας
1407 5962 1692 6037 παρρησίᾳ
1720 5962 1961 6017 πάντων.
