4060 6482
470 501 601 568 1167

1630 489 2010 560 STEPHANI
2053 497 2361 559 DIACONI
2403 499 2513 561 (ΣΡ.
2739 494 2765 550 \

3534 516 3547 521 “
3597 496 3715 560 ΗΕΒ

467 615 897 673 demsullleiaut.
933 615 1066 681 Qui;
1109 614 1255 670 enim
1303 628 1562 669 enarrare
1612 613 1845 668 valuerit
1897 628 2036 667 saeva

2148 613 2429 681 στέφανον.
2463 614 2573 667 Καὶ
2601 610 2771 665 ταῦτα
2792 611 2981 682 μένείς
3006 608 3278 664 τοσοῦτον.
3309 610 3407 674 Τίς
3440 609 3549 683 γὰρ
3578 610 3718 682 ἐξαρο

465 716 859 762 tormentormn
892 721 1112 777 genera,
1144 722 1266 777 quae
1301 707 1417 776 ipso
1442 715 1674 776 tyranno
1707 705 2043 761 crudeliores

397 786 409 833 ἲ
466 798 703 869 ρττοΐεηιί
739 815 836 868 per
862 816 1051 855 omnes
1075 798 1381 869 provincias
1412 797 1832 868 excogitavere?
1860 796 2043 867 Siqui-

465 891 581 944 dem
608 891 843 961 plurima
874 902 1000 946 sunt
1021 906 1209 947 eorum
1245 890 1545 959 impietatis
1589 890 1847 958 traphrca,
1877 888 2044 960 508

438 976 661 1050 'quibus
688 983 976 1052 despectis,
1025 993 1255 1037 mortem
1288 983 1499 1037 Domini
1541 982 1879 1036 aemulemur.
1906 981 2041 1037 Nam

462 1092 564 1129 non
584 1089 705 1130 sunt
731 1078 1003 1146 condigna:
1024 1076 1295 1145 passiones
1323 1075 1481 1145 hujus
1510 1076 1759 1141 temporis
1800 1074 1869 1127 ad
1900 1075 2044 1143 [utu-

462 1183 577 1221 ram
602 1168 849 1239 gloriam,
880 1184 997 1237 qme
1026 1168 1346 1222 revelabitur
1376 1168 1429 1220 in
1463 1164 1613 1219 nobis
1636 1166 1705 1230 ³⁵,
1740 1174 1797 1221 ut
1840 1166 1916 1220 ait
1952 1181 2043 1223 vas

463 1259 747 1315 electionis
763 1258 983 1313 Paulus.
1017 1280 1035 1310 ι

524 1437 650 1493 'Jam
669 1452 799 1494 vero
831 1447 1044 1507 tempus
1074 1454 1158 1494 me
1189 1448 1365 1504 vocat,
1390 1455 1421 1494 ο
1452 1437 1638 1495 ﬁdeles
1673 1449 1730 1495 et
1752 1441 2040 1496 orthodoxi
2122 1498 2125 1501 .

444 1530 758 1596 jauditores,
777 1530 844 1585 ad
861 1538 1088 1585 mortem
1114 1530 1166 1585 in
1191 1540 1436 1601 apertum
1456 1530 1855 1601 proferendam,
1876 1526 2039 1602 quam

444 1622 801 1677 venerandus
819 1620 978 1677 Pater
1001 1633 1183 1677 noster
1197 1621 1503 1691 Stephanus
1517 1637 1614 1692 pro
1632 1624 1830 1692 pietate
1851 1622 2037 1676 subiit.

463 1715 684 1782 Verum,
715 1725 772 1769 ut
805 1729 946 1784 saepe
971 1729 1055 1770 me
1083 1714 1360 1778 excusavi,
1385 1723 1601 1769 revocat
1633 1730 1718 1769 me
1747 1729 1871 1769 cum
1904 1714 2042 1768 indi-

460 1806 637 1875 gnitas
671 1820 809 1871 mea,
860 1815 972 1860 tum
1025 1820 1236 1861 summa
1282 1806 1583 1876 ignorantia
1619 1807 1755 1863 artis
1795 1808 2035 1863 dicendi.

450 1896 687 1964 Quando
702 1908 829 1954 vero
854 1899 967 1967 ipse
990 1907 1215 1953 sanctus
1233 1913 1359 1968 erga
1380 1914 1555 1954 meam
1574 1900 1834 1955 vilitatem
1853 1915 1912 1956 se
1935 1900 2035 1955 be-

2146 704 2299 754 κέσει
2353 701 2590 768 ἐξειπεῖν
2634 702 2701 755 τὰ
2751 702 2895 756 κατὰ
2946 703 3127 754 πᾶσαν
3173 701 3444 774 ἐπαρχίαν
3473 701 3579 755 ὑπὸ
3626 702 3719 756 τὼν

2144 794 2239 848 τοῦ
2269 796 2533 866 τυράννου
2576 793 2898 863 δεινοτέρων
2918 794 3202 864 ἀρχόντων
3230 793 3444 862 καὶτῆς
3473 792 3719 864 ἀληθείας

2146 886 2358 958 ἐχθρῶν
2391 888 2747 958 ἐφευρήματα
2780 886 2876 941 καὶ
2921 886 3072 939 δεινὰ
3102 885 3540 958 βασανιστήρια;
3565 886 3722 939 πολλὰ

2144 987 2254 1054 γάρ
2309 982 2375 1036 τά
2400 980 2604 1035 τούτων
2652 980 2750 1048 τῆς
2796 978 3056 1042 άσεὸειας
3093 978 3351 1049 τρόπαια,
3389 978 3538 1049 άπερ
3567 979 3717 1049 ἡμεῖς

2145 1072 2615 1134 καταπτύσαντες,
2647 1071 2735 1124 τὸν
2752 1070 2845 1124 τοῦ
2878 1069 3154 1124 Δεσπότου
3193 1068 3529 1140 ζηλώσωμεν
3568 1068 3720 1123 θάνα-

2142 1187 2257 1223 τον.
2291 1168 2373 1222 Οὐ
2403 1165 2512 1237 γὰρ
2540 1165 2679 1229 (iam
2725 1164 2796 1217 τὰ
2830 1162 3155 1232 παθήματα
3195 1160 3306 1216 τοῦ
3360 1159 3479 1215 νῦν
3525 1160 3719 1228 καιροῦ

2143 1261 2294 1330 πρὸς
2321 1259 2436 1327 τὴν
2450 1259 2807 1328 μέλλουσαν
2843 1255 3033 1320 δόξαν
3070 1255 3611 1309 ἀποκαλύπτεσθαι
3639 1255 3721 1319 εις

2142 1353 2323 1424 ἡμᾶς,
2355 1353 2429 1416 ὥς
2452 1369 2618 1421 φησιν
2650 1350 2710 1403 τὸ
2740 1349 2934 1412 σκεῦος
2962 1351 3059 1419 τῆς
3091 1348 3324 1418 ἐκλογῆς
3362 1346 3593 1410 Παῦλος.

2215 1441 2391 1496 Καλεῖ
2437 1440 2490 1493 δέ
2535 1457 2601 1510 με
2644 1441 2673 1492 ό
2721 1438 2935 1509 καιρὸς,
2969 1432 3013 1492 ὦ
3065 1439 3257 1491 πιστὸν
3300 1437 3395 1492 καὶ
3450 1436 3720 1508 όρθόδοξον

2143 1536 2530 1605 ἀκροατήριον,
2565 1534 2645 1597 εἰς
2698 1532 3008 1602 τούμφανὲς
3055 1532 3279 1599 ἐνέγκαι
3324 1531 3421 1585 καὶ
3450 1531 3543 1584 τὸν
3592 1530 3720 1600 ὑπὲρ

2140 1626 2242 1696 τῆς
2277 1624 2560 1688 εὐσεϐείας
2585 1623 2680 1676 τοῦ
2719 1622 3023 1693 σεϐασμίου
3061 1622 3277 1694 Πατρὺς
3324 1619 3484 1693 ἡμῶν
3516 1620 3716 1690 Στεφά·

2142 1733 2233 1770 νου
2260 1714 2511 1768 θάνατον.
2554 1712 2695 1766 Ἀλλ’
2722 1708 2817 1766 οὖν
2843 1713 2919 1775 ὡς
2954 1713 3237 1784 πολλαχῶς
3267 1710 3721 1784 προαπελογησάε-

2145 1826 2272 1881 μην.
2305 1806 2555 1861 ἀνθέλκει
2586 1823 2663 1876 με
2683 1804 2741 1859 τὸ
2786 1804 3006 1868 ἀνάξιόν
3053 1822 3180 1875 μου,
3210 1803 3307 1859 καὶ
3352 1803 3416 1857 τὸ
3461 1803 3719 1866 παντελὲς

2140 1901 2422 1968 ἄγνωστον
2466 1898 2564 1968 τῆς
2620 1896 2758 1968 πρὸς
2813 1895 2873 1949 τὸ
2920 1895 3104 1963 λέγειν
3164 1895 3540 1967 τεχνολογῑας.
3583 1894 3718 1950 Ἀλλ’

460 1991 763 2061 nignumet
780 1990 1100 2046 clementem
1124 1990 1370 2057 exhibet,
1389 2006 1589 2062 vosque
1605 1990 1933 2047 similiterad
1954 2006 2036 2048 me

2141 1992 2373 2062 ἐπείπερ
2414 1993 2509 2045 καὶ
2545 1992 2574 2045 ό
2617 1989 2772 2058 ἆγιος
2805 1988 3103 2060 συμπαθὴς
3161 1990 3259 2042 καὶ
3308 1988 3549 2060 χρηστὸς
3594 1987 3718 2059 πρὸς

454 2082 784 2138 audiendum
842 2082 1010 2137 multa
1070 2083 1408 2139 humanitate
1442 2084 1679 2147 utimini,
1707 2098 1806 2153 pro
1830 2083 2041 2139 viribus

459 2190 634 2229 meam
657 2175 960 2229 orationem
974 2189 1301 2244 prosequar,
1322 2174 1456 2229 nihil
1477 2175 1711 2230 alienum
1744 2191 1775 2231 a
1810 2177 2042 2229 veritate

454 2266 723 2321 dicturus.
751 2262 894 2320 Deus
921 2264 1010 2334 qui
1069 2279 1167 2319 sua
1226 2280 1425 2318 arcana
1460 2263 1743 2335 prophetis
1786 2264 1901 2320 suis
1946 2264 2038 2319 de-

456 2355 611 2425 tegit,
635 2364 690 2410 et
722 2370 807 2411 res
826 2364 1115 2426 antequam
1145 2356 1411 2426 prodeant
1466 2354 1757 2425 patefacit,
1783 2356 1898 2425 ipse
1950 2370 2042 2410 vc-

456 2445 880 2503 nerandoPatri
909 2457 1096 2502 nostro
1156 2445 1438 2517 Stephano
1499 2462 1613 2501 sure
1645 2462 1709 2502 ex
1764 2447 1848 2503 his
1906 2446 2043 2502 locis

458 2540 798 2609 migrationis
854 2549 1067 2610 tempus
1112 2541 1217 2595 non
1253 2540 1563 2596 abscondit.
1594 2539 1665 2596 Ut
1690 2541 1835 2596 enim
1880 2554 2038 2610 supe-

456 2633 795 2688 t-insdictum
828 2643 932 2698 est,
974 2632 1225 2687 dioratici
1284 2633 1409 2688 doni
1460 2632 1737 2703 particeps
1765 2643 1886 2688 erat
1945 2648 2039 2688 ve-

452 2723 732 2778 nerandus
802 2722 1130 2793 Stephanus.
1211 2724 1398 2795 Itaque
1466 2725 1549 2779 vir
1615 2734 1839 2781 sanctus
1912 2736 2040 2782 ante

451 2813 814 2883 quadraginta
852 2814 971 2870 dies
1003 2829 1119 2870 sua:
1168 2815 1511 2882 certationis,
1544 2818 1715 2873 beata:
1746 2817 1821 2872 illi
1847 2827 1901 2873 et
1935 2819 2038 2873 ho-

453 2907 634 2978 spitali
672 2906 904 2973 mulieri,
926 2922 1078 2969 nova
1108 2904 1384 2977 lsdandul,
1409 2923 1466 2965 et
1492 2921 1806 2967 sanctorum
1839 2913 1891 2968 in
1918 2928 2039 2969 car-

454 3001 675 3057 ceribus
708 3000 1228 3073 509detentorum
1261 3003 1528 3059 ministra:
1551 3005 1834 3061 accersitae
1858 3006 1992 3061 dixit
2020 3026 2031 3060 :

451 3093 554 3150 Tui
613 3110 740 3165 erga
790 3111 876 3150 me
908 3095 1195 3150 ministerii
1241 3096 1573 3160 mercedem.
1617 3112 1650 3153 ο
1685 3097 1906 3163 mulier,
1938 3099 2032 3152 tibi

454 3185 597 3242 Deus
624 3172 904 3254 rependat.
948 3186 1080 3242 Volo
1103 3202 1230 3242 vero
1255 3187 1394 3243 hanc
1442 3188 1917 3257 quadragesimum
1979 3190 2032 3242 in

453 3279 686 3344 silentio,
717 3277 1049 3332 abstinentia
1080 3289 1152 3335 .et
1198 3278 1449 3334 oratione
1525 3280 1848 3349 transigere.
1900 3277 2029 3332 Mihi

2141 2084 2239 2156 τὴν
2272 2082 2410 2154 ἐμὴν
2436 2081 2820 2153 ταπεινότητα,
2846 2082 2940 2135 καὶ
2968 2081 3129 2152 ἡμεῖς
3167 2079 3344 2152 τούτῳ
3388 2082 3564 2151 ὅμοιοι
3591 2080 3719 2152 πρὸς

2141 2175 2203 2230 τὺ
2251 2174 2497 2246 εὖήκοον.
2531 2173 2592 2227 οὐ
2630 2172 2910 2244 παύσομαι
2956 2173 3018 2225 τὸ
3057 2172 3202 2228 κατὰ
3248 2172 3480 2243 δύναμιν
3530 2171 3717 2239 λέγων,

2145 2267 2312 2339 μηδὲν
2336 2265 2777 2338 παραχαράττων
2798 2254 2899 2336 τῆς
2921 2265 3205 2335 ἀληθείαςο
3242 2263 3300 2319 '0
3324 2263 3719 2318 ἀποκαλύπτων

2140 2359 2271 2424 Θεὸς
2309 2362 2421 2423 τοῖς
2447 2358 2655 2423 δούλοις
2700 2356 2867 2412 αὐτοῦ
2924 2359 3039 2421 τοῖς
3092 2357 3401 2429 προφήταις
3447 2356 3519 2409 τὰ
3560 2353 3718 2409 αὑτοῦ

2143 2449 2446 2522 μυστήρια,
2501 2447 2596 2501 καὶ
2648 2448 2716 2501 τὰ
2765 2448 2895 2514 πρὶν
2953 2447 3225 2516 γενέσεως
3283 2447 3365 2510 εἰς
3414 2446 3719 2517 τούμφανὲς

2141 2541 2311 2609 ἄγων,
2340 2532 2496 2602 οὗτος
2523 2537 2620 2593 καὶ
2643 2536 2722 2609 τῷ
2751 2537 3041 2610 σεϐασμιῳ
3074 2538 3253 2610 Πατρὶ
3283 2536 3440 2613 ἡμῶν
3469 2539 3719 2609 Στεφάνῳ

2139 2634 2239 2687 οὐκ
2263 2633 2581 2704 ἀπέκρυψεν
2610 2631 2702 2687 τὸν
2721 2631 2819 2702 τῆς
2850 2631 3242 2701 μεταστάσεως
3269 2630 3438 2685 αὐτοῦ
3466 2632 3577 2686 τῶν
3599 2632 3718 2703 τῇδε

2142 2727 2354 2798 καιρόν,
2395 2726 2483 2787 Ὧς
2516 2724 2626 2796 γὰρ
2665 2724 3028 2797 προλέλεκται
3057 2724 3340 2796 ἀνωτέρω,
3372 2726 3571 2797 ὅτιπερ
3632 2727 3718 2780 καὶ

2139 2819 2448 2891 διορατικοῦ
2480 2819 2823 2890 χαρίσματος
2869 2813 2938 2889 ἧν
3003 2816 3294 2890 μετασχὼν
3344 2819 3373 2872 ό
3424 2818 3718 2888 σεϐάσμιος

2139 2914 2434 2982 Στέφανος.
2473 2906 2641 2976 Οὗτος
2674 2906 3020 2982 οὗνότιμιος
3059 2910 3156 2964 καὶ
3207 2909 3363 2979 ἅγιος
3412 2909 3558 2983 ἀνὴρ
3619 2910 3719 2981 πρὸ

2138 3005 2549 3077 τεσσαράκοντα
2570 3003 2794 3075 ἡμερῶν
2831 3006 2930 3075 τῆς
2952 3003 3129 3058 αὐτοῦ
3163 3002 3448 3075 ἀθλήσεως
3485 3018 3719 3073 προσκαι-

2140 3098 2437 3169 λεσάμενος
2502 3096 2602 3168 τὴν
2653 3098 3038 3169 παμμάκαρον
3067 3096 3284 3167 ἐκείνην
3322 3097 3418 3151 καὶ
3445 3094 3720 3166 φιλόξενον

2137 3194 2391 3259 γυναῖκα,
2419 3190 2516 3260 τὴν
2537 3188 2667 3243 νέαν
2710 3187 3033 3253 Ἰσδανδοὺλ,
3062 3188 3158 3242 καὶ
3181 3188 3282 3261 τὴν
3316 3188 3426 3243 τῶν
3453 3190 3514 3243 ἐν
3543 3188 3718 3258 φυλα-

2140 3285 2262 3346 καῖς
2296 3282 2503 3350 ιάγίων
2578 3282 2985 3354 διακονήτριαν.
3033 3276 3188 3335 εἶπεν
3271 3282 3410 3353 αὐτῇ
3436 3298 3451 3313 ο
3483 3282 3587 3336 Τὸν
3624 3284 3722 3354 τῆς

452 3383 580 3439 ergo
610 3382 808 3438 panem
837 3378 891 3422 et
914 3381 1109 3437 aquam
1139 3367 1336 3422 all'erre
1372 3367 1580 3422 desine.
1601 3365 1718 3421 ﬁni
1765 3366 2031 3420 honorata

2139 3373 2275 3444 πρὶς
2310 3372 2411 3443 ἐμέ
2443 3388 2538 3425 σου
2575 3372 2880 3445 ὑπηρεσίας
2921 3371 3138 3442 μισθὸν,
3165 3366 3211 3426 ὣ
3233 3373 3419 3442 γύναι,
3444 3373 3722 3444 παράσχοι

454 3463 543 3516 illa
570 3460 765 3517 mulier
802 3459 1120 3530 respondit:
1160 3459 1270 3515 Cur
1298 3458 1465 3513 vitam
1492 3459 1829 3513 severiorem
1872 3471 2036 3527 agere

452 3557 508 3609 in
539 3555 722 3609 animo
752 3553 941 3633 habss,
989 3551 1191 3608 Pater?
1211 3550 1406 3607 Annon
1429 3567 1590 3606 onme
1614 3561 1719 3605 ture
1745 3551 1866 3605 vita:
1894 3559 2034 3603 tem-

451 3645 870 3717 pnsjejunium.
902 3645 1081 3701 oratio
1134 3654 1191 3700 et
1245 3644 1510 3700 severitas
1574 3643 1830 3697 continua
1899 3641 2030 3696 fuit?

450 3741 550 3797 Cui
576 3751 797 3797 sanctus
826 3758 840 3795 :
873 3740 1000 3795 Scio
1033 3740 1176 3794 intra
1202 3750 1405 3807 paucos
1433 3735 1551 3791 dies
1582 3734 1704 3789 vita
1758 3748 1890 3789 mea:
1926 3744 2036 3789 ter-

454 3838 658 3891 minum
682 3833 834 3890 ‘l‘ore.
855 3831 1063 3901 Quibus
1094 3832 1276 3888 verbis
1312 3846 1434 3886 cum
1465 3828 1789 3898 hospitalem
1839 3829 2035 3883 mulie-

453 3945 567 3985 rem
608 3930 661 3985 in
716 3942 870 3983 suam
906 3926 1232 3982 sententiam
1269 3924 1604 3987 adduxisset,
1641 3939 1759 3977 eam
1800 3923 1851 3976 in
1903 3936 2034 3992 pace

451 4023 678 4078 dimisit.
700 4021 792 4077 Sic
825 4032 957 4089 ergo
984 4020 1067 4073 vir
1094 4026 1319 4075 sanctus
1353 4032 1449 4087 per
1473 4016 1589 4072 dies
1621 4016 1764 4070 illius
1790 4012 2037 4081 Quadra-

450 4117 672 4184 gesima:
699 4112 887 4167 Patres
939 4110 1031 4180 qui
1063 4110 1324 4166 secumin
1360 4123 1582 4165 carcere
1619 4107 2029 4171 detinebantur,

448 4207 650 4261 docere
682 4212 737 4260 et
768 4204 973 4259 hortari
1012 4217 1121 4258 non
1154 4201 1416 4267 cessavit,
1443 4214 1515 4257 ne
1561 4200 1615 4255 in
1646 4197 2032 4254 alllictionibus

447 4299 771 4355 deﬁcerent.
802 4297 997 4382 Diocles
1025 4311 1243 4367 quoque
1284 4295 1580 4365 pervigiles
1620 4293 1824 4349 divinis
1856 4291 2032 4345 laudi—

448 4396 551 4447 bus
589 4391 935 4448 celebrandis
958 4382 1210 4445 ducebat.
1247 4389 1384 4443 llinc
1440 4387 1642 4443 factum
1674 4396 1779 4449 est,
1819 4393 1876 4439 ut
1905 4386 2031 4454 qui-

449 4491 572 4540 dam
609 4483 845 4555 religiosi
881 4483 1128 4537 homines
1165 4481 1426 4543 civitatis,
1460 4494 1703 4549 pannosa
1755 4471 1906 4532 veste
1941 4490 2031 4530 as-

446 4589 667 4648 sumpta
692 4578 743 4631 in
774 4591 1053 4632 carcerem
1079 4576 1335 4644 ingressi,
1363 4572 1803 4629 benedictionem
1828 4571 1895 4624 ab
1938 4567 2031 4622 illo

447 4675 778 4742 acciperent,
817 4670 1046 4741 ejusque
1104 4670 1353 4726 doctrina
1407 4665 1857 4721 informarentur.
1899 4661 2027 4715 Ela-

2141 3480 2225 3517 σοι
2251 3463 2477 3535 Κύριος.
2498 3463 2651 3518 Θέλω
2685 3464 2741 3517 δέ
2775 3464 2873 3518 καὶ
2888 3463 3155 3535 βούλομαι
3182 3464 3388 3535 ταύτην
3405 3464 3503 3537 τὴν
3527 3482 3724 3519 τεσσα-

2140 3555 2548 3628 ρακονθήμερον
2570 3557 2946 3629 ὴσυχαστικὴν
2985 3558 3084 3611 καὶ
3135 3558 3383 3629 ἐγκρατῆ
3416 3558 3588 3630 εὐχὴν
3630 3574 3721 3612 τε·

2137 3645 2312 3715 λὲσαι,
2346 3650 2441 3703 καὶ
2480 3648 2888 3722 παραχώρησόν
2937 3667 3030 3721 μοι
3075 3650 3171 3704 τοῦ
3208 3651 3458 3721 κομίζειν
3513 3653 3606 3707 τόν
3663 3670 3723 3706 τε

2136 3744 2301 3813 ἄρτον
2327 3745 2423 3798 καὶ
2450 3742 2511 3795 τὸ
2544 3740 2712 3814 ὕδωρ.
2756 3742 2824 3795 Ἦ
2865 3742 2923 3796 δέ
2959 3742 3120 3813 τιμία
3169 3744 3354 3815 ἐκείνη
3428 3744 3565 3816 γυνὴ
3613 3745 3725 3797 ἀπ-

2106 3832 2393 3906 εκρίνατο
2421 3851 2434 3863 ·
2479 3835 2545 3887 Τί
2590 3833 2975 3906 σκληροτέρως
3017 3833 3209 3888 ἐαυτὸν
3254 3836 3474 3902 ἐθίζεις,
3504 3836 3723 3906 Πάτερς

2134 3929 2257 3999 οὐχὶ
2286 3927 2432 3992 άπας
2459 3929 2487 3982 ό
2512 3927 2703 3999 χρόνος
2757 3926 2852 3981 τοῦ
2890 3927 3007 3998 βίου
3054 3943 3173 3995 σου,
3196 3932 3420 4000 νηστεία
3461 3930 3556 3983 καὶ
3588 3930 3726 4003 εὐχὴ

2137 4020 2234 4074 καὶ
2280 4020 2588 4092 σκληρότης
2645 4020 2778 4090 μίας
2819 4021 2929 4074 Καὶ
3006 4021 3035 4072 ό
3084 4019 3242 4089 ἅγιός
3289 4037 3474 4093 φησιν’
3508 4022 3726 4091 Ἐγνων

2134 4107 2193 4159 ἐν
2225 4106 2462 4178 ἡμέραις
2494 4106 2701 4175 ὀλίγαις
2726 4102 2803 4160 τ’
2826 4106 2999 4179 βραχὺ
3053 4109 3153 4178 τῆς
3205 4108 3355 4182 ζωῆς
3391 4128 3495 4182 μου
3546 4112 3726 4183 πέρας

2136 4199 2426 4270 ὑπάρχειν.
2462 4200 2571 4253 Καὶ
2603 4202 2667 4254 ἐκ
2692 4198 2885 4253 τούτου
2930 4200 3240 4268 κατανύξας
3289 4200 3389 4275 τὴν
3448 4202 3727 4271 φιλόξενον

2135 4297 2369 4361 γυναῖκα
2423 4292 2559 4363 πρὸς
2578 4291 2638 4345 τὺ
2663 4290 2858 4344 ἐαυτοῦ
2888 4292 3099 4361 ἐφετὸν,
3124 4293 3391 4348 ἀπέλυσεν
3417 4294 3476 4347 ἐν
3504 4297 3720 4367 εἰρήνῃ.

2136 4387 2247 4438 Καὶ
2291 4385 2462 4450 οὕτως
2520 4387 2621 4439 οὐκ
2677 4383 2957 4439 ἐπαύσατο
2993 4386 3199 4455 όᾶγιος
3246 4385 3347 4449 τάς
3376 4386 3593 4458 ἡμέρας
3623 4388 3727 4457 τῆς

2120 4478 2589 4550 ίΓεσσαρακοστῆς
2627 4478 2843 4548 ἐκείνης
2895 4476 3101 4548 ὁμιλῶν
3152 4478 3248 4531 καὶ
3275 4476 3545 4532 διδάσκων
3597 4481 3728 4542 τοὺς

2136 4569 2517 4639 συνδεσμώτας
2563 4569 2817 4640 Πατέρας
2851 4568 2928 4641 μὴ
2965 4570 3230 4624 ἐκκακεῖν
3282 4570 3342 4622 ἐν
3377 4572 3499 4633 ταῖς
3532 4569 3723 4641 θλίψε-

2136 4677 2244 4726 σιν,
2269 4659 2578 4731 παννύχους
2609 4662 2887 4731 ὑμνῳδὶας
2918 4659 3179 4727 ἐκτελῶν,
3205 4661 3284 4724 ὡς
3311 4661 3405 4716 καί
3430 4678 3584 4725 τινας
3613 4662 3727 4714 τῶν

447 4765 559 4833 psis
591 4773 770 4817 autem
796 4762 1009 4825 diebus,
1042 4776 1164 4814 cum
1193 4742 1470 4830 trigesima
1506 4766 1697 4811 octava
1716 4753 1828 4824 jam
1858 4754 2024 4807 adve-

2138 4755 2236 4825 τῆς
2296 4753 2505 4818 πόλεως
2559 4752 2799 4807 εὐσεϐῶν
2862 4751 3345 4825 μεταμφιάζεσθαι
3379 4754 3463 4818 εἰς
3494 4756 3722 4826 ρακῶδη

445 4858 646 4919 uisset,
678 4868 835 4908 mane
864 4863 984 4922 post
1022 4853 1317 4906 matutinas
1347 4850 1538 4906 laudes
1574 4858 1629 4905 et
1663 4849 1851 4918 prima:
1876 4849 2025 4903 horae

445 4946 873 5011 absolutionem,
909 4944 1059 4999 illam
1111 4959 1140 4997 a
1193 4944 1353 4998 nobis
1404 4941 1627 5016 sacpius
1691 4939 2025 4996 celebratam

447 5035 875 5106 procuratricem
898 5036 1208 5101 accersivit,
1243 5035 1328 5089 cui
1355 5048 1538 5090 coram
1585 5032 1841 5090 Patribus
1895 5032 1972 5087 ait
2009 5050 2024 5087 :

445 5130 579 5186 Veni
618 5172 632 5194 ,
695 5126 1002 5185 veneranda
1079 5137 1135 5182 et
1209 5127 1488 5182 benedicta
1556 5127 1770 5182 mulier.
1831 5126 2028 5182 Videat

444 5219 608 5293 510
646 5220 809 5287 Deus,
835 5218 1041 5289 tibique
1080 5218 1338 5289 rependat
1392 5228 1541 5273 tuam
1587 5233 1718 5288 erga
1761 5234 1847 5274 me
1874 5219 2027 5273 inde-

443 5312 645 5368 fessatn
689 5327 904 5368 curam.
950 5311 1163 5366 Reddat
1208 5311 1306 5365 tibi
1339 5321 1556 5366 tuorum
1622 5310 1867 5365 laborum
1904 5307 2026 5364 frn-

444 5416 592 5460 ctum
629 5404 991 5476 centuplicem
1019 5403 1086 5468 ⁹⁶,
1123 5403 1576 5473 quemadmodum
1630 5404 1687 5456 in
1730 5400 2025 5471 Evangelia

446 5495 707 5566 scriptum
769 5505 872 5549 est.
928 5493 1139 5549 Etenim
1200 5509 1322 5547 vera
1353 5508 1413 5548 es
1458 5492 1721 5563 discipula
1763 5491 1880 5562 ejus
1933 5492 2023 5560 qui

388 5608 395 5613 ·
448 5585 585 5641 dixit
646 5602 659 5638 :
696 5583 760 5638 In
789 5596 1043 5655 quantum
1068 5585 1264 5654 fecistis
1296 5585 1385 5637 uni
1415 5600 1479 5638 ex
1505 5584 1586 5638 his
1621 5585 1874 5651 minimis,
1901 5583 2027 5635 milii

516 5723 561 5754 ’⁵
590 5722 749 5774 Rom.
777 5736 898 5785 vnt,
923 5722 1015 5774 18.
1091 5721 1137 5754 ³⁸
1162 5720 1298 5776 Luc.
1325 5735 1441 5783 vnt,
1480 5721 1533 5774 8.

2139 4841 2454 4912 ἱματισμὸν,
2484 4841 2578 4895 καὶ
2617 4842 3036 4915 ἐπεισέρχεσθαι
3096 4844 3155 4895 ἐν
3210 4845 3277 4914 τῇ
3323 4842 3567 4916 φυλακῇ,
3631 4847 3728 4899 καὶ

2135 4935 2267 5004 παρ’
2298 4931 2466 4987 αὑτοῦ
2506 4932 2854 5003 εὐλογεῖσθαι
2880 4936 2974 4988 καὶ
3000 4934 3374 4991 διδάσκεσθαι.
3410 4937 3725 5008 Παρελθόν-

2138 5026 2247 5080 σῶν
2275 5026 2333 5079 δὲ
2371 5024 2481 5079 τῶν
2509 5026 2756 5099 ἡμερῶν,
2792 5027 2888 5081 καὶ
2942 5028 3040 5095 τῆς
3097 5030 3433 5101 τριακοστῆς
3474 5030 3673 5104 ὀγδόης
3698 5040 3725 5071 ο

2136 5118 2349 5189 ἡμέρας
2379 5118 2815 5190 καταλαϐούσης,
2849 5119 3020 5174 ἕωθεν
3048 5122 3189 5192 μετὰ
3226 5122 3327 5192 τὴν
3372 5123 3599 5196 ὄρθριον
3631 5125 3727 5179 δο-

2136 5210 2381 5281 ξολογίαν
2400 5213 2494 5266 καὶ
2525 5212 2623 5283 τῆς
2652 5212 2879 5284 πρώτης
2923 5213 3071 5285 ὥρας
3096 5216 3195 5283 τὴν
3233 5217 3525 5283 ἀπόλυσιν,
3555 5219 3730 5273 πάλιν

2134 5304 2352 5375 ἐκείνην
2398 5305 2499 5375 τὴν
2554 5304 2840 5375 πολλαχῶς
2892 5309 3344 5379 μακαριζομένην
3384 5311 3732 5381 ἐπισκεπτή·

2132 5413 2292 5467 τριαν
2355 5393 2993 5469 προσκαλεσάμενος,εἰς
3015 5402 3254 5471 ἐπήκοον
3290 5403 3398 5456 τῶν
3456 5405 3727 5474 Πατέρων

2135 5486 2287 5544 εἶπεν
2323 5507 2336 5522 ο
2382 5489 2573 5562 Δεῦρο,
2620 5491 2776 5562 τιμία
2816 5493 2912 5547 καὶ
2940 5492 3287 5566 εὐλογημένη
3338 5496 3476 5569 γυνη
3508 5512 3522 5525 '
3561 5496 3664 5549 ῑδοι
3694 5495 3727 5548 ὁ

2134 5582 2267 5645 Θεὸς
2310 5584 2403 5635 mi.
2435 5583 2820 5656 ἀντιμετρήσοι
2861 5585 2959 5656 τῆς
3010 5586 3146 5658 πρὸς
3174 5586 3277 5659 ἐμέ
3330 5604 3426 5644 σου
3471 5586 3723 5644 ἀναπαύο

1759 5828 1998 5883 VARUE
2040 5826 2446 5884 LECTIONES.

525 5956 551 5985 ε
578 5946 650 5998 ai.
680 5948 1184 6015 τριοκοστοογδόης.
