4060 6482
505 483 635 546 ii'il

508 704 614 746 nuo
645 689 884 757 gravior,
915 702 1078 757 quam
1114 688 1206 756 qui
1261 686 1389 740 olim
1453 685 1738 755 impiorum
1781 683 1984 740 Iuliani
2021 694 2076 740 et

504 781 748 835 Valentis
779 779 1112 849 temporibus
1138 779 1442 833 exstiterat.

572 873 861 928 Porroille
882 872 1169 928 Proximus
1221 881 1466 926 sanctum
1530 869 1705 924 virum
1736 883 1767 924 e
1822 867 2075 939 pratorio

500 964 755 1027 :ustulit;
785 977 1017 1032 cumque
1037 961 1232 1017 collum
1251 961 1367 1031 ejus
1394 970 1449 1014 et
1477 974 1669 1015 manus
1698 959 1843 1030 ligno
1865 958 2074 1017 vinxis-

500 1066 601 1117 set,
634 1053 782 1122 jussa
800 1053 1024 1122 exsequi
1052 1053 1366 1110 festinabat.
1403 1049 1690 1123 Tyrannus
1719 1059 1895 1104 autem
1919 1064 1950 1104 e
1978 1063 2074 1117 pa-

499 1146 631 1200 latio
659 1158 930 1212 egressus,
972 1144 1025 1199 in
1079 1143 1227 1197 illum
1284 1144 1383 1197 via:
1432 1143 1660 1211 publica:
1715 1141 1887 1195 locum
1938 1139 2069 1203 ibat,

497 1251 655 1301 quem
691 1235 891 1289 Milium
914 1234 1207 1303 appellant.
1236 1232 1355 1300 Quo
1380 1233 1596 1300 quidem
1623 1233 1673 1286 in
1704 1231 1918 1301 publico
1954 1231 2071 1286 loco

494 1346 522 1378 a
589 1327 781 1394 priscis
836 1326 1047 1395 piorum
1113 1327 1501 1395 imperatorum
1564 1325 1893 1395 temporibus
1972 1339 2070 1380 sex

493 1425 696 1473 sancta:
722 1417 1075 1473 tecumeuicm
1097 1420 1287 1488 synodi
1318 1418 1546 1486 depicta:
1576 1416 1853 1486 propalam
1882 1426 2068 1470 exsta-

493 1504 642 1571 bant,
675 1505 941 1575 iidemque
973 1506 1331 1560 orthodoxam
1383 1507 1620 1570 rusticis,
1660 1506 1958 1576 peregrinis
2014 1515 2069 1560 et

491 1596 719 1664 privatis
770 1595 1079 1651 hominibus
1131 1597 1519 1667 praedicabant.
1564 1594 1788 1663 Verum,
1817 1612 1911 1652 eas
1967 1595 2066 1650 Ba-

491 1686 773 1756 bylonicus
824 1686 986 1758 513
1028 1697 1288 1757 tyrannus
1334 1687 1442 1741 illis
1494 1687 1682 1741 diebus
1720 1686 1942 1741 inducta
1984 1687 2066 1755 pi-

490 1790 643 1830 rtura
674 1770 898 1843 delevit,
936 1794 1166 1846 quarum
1209 1776 1260 1832 in
1287 1777 1407 1832 loco
1445 1779 1766 1833 Satanicum
1833 1778 2063 1844 circum,

450 1883 454 1891 -
490 1867 854 1937 danmonisque
888 1878 1162 1924 amantem
1183 1868 1427 1937 aurigam
1449 1869 1663 1938 depingi
1683 1868 1866 1939 jussit,
1900 1884 2060 1938 quem

428 1976 432 1981 -
485 1960 751 2028 aurigam,
784 1969 845 2016 ut
895 1960 1001 2016 sibi
1051 1960 1458 2025 cbarissimum,
1491 1962 1772 2016 uranicum
1806 2001 1823 2027 ,
1869 1961 1921 2015 id
1981 1969 2065 2016 est

484 2053 785 2118 rrelestem,
811 2053 1111 2108 nominavit
1143 2055 1207 2121 is,
1246 2055 1337 2124 qui
1385 2055 1524 2110 ccelo
1551 2064 1606 2109 et
1637 2066 1780 2109 terra
1807 2053 2062 2123 indignus

482 2153 623 2197 erat.
658 2140 749 2199 Sic
781 2143 928 2199 illum
984 2146 1196 2200 sanctis
1243 2145 1496 2200 Patribus
1540 2146 1872 2215 anteposuit.
1903 2143 2058 2212 Quis,

481 2245 683 2298 quaeso,
716 2233 943 2288 horrore
996 2243 1052 2289 et
1089 2241 1314 2305 stupore
1377 2249 1485 2290 non
1536 2234 2061 2304 percellatur?Quis

482 2322 599 2388 ejus
633 2324 994 2380 temeritatem
1064 2341 1173 2381 non
1240 2326 1494 2391 irriserit,
1532 2327 1639 2381 imo
1668 2344 1773 2381 non
1822 2327 2059 2382 luxerit?

481 2411 546 2473 0.
575 2412 826 2468 Salvator
858 2430 1032 2482 meus,
1070 2428 1214 2470 tuam
1249 2426 1376 2472 tunc
1426 2417 1691 2471 infinitam
1741 2418 2055 2488 patientiam

480 2514 530 2556 et
563 2504 837 2559 lenitatem
863 2506 879 2559 ί
906 2505 1023 2560 Pus:
1052 2507 1169 2563 haec
1226 2518 1488 2578 tyrannus
1543 2510 1594 2563 in
1622 2509 1724 2563 hoc
1776 2509 1907 2565 Milii
1936 2510 2056 2564 loco

413 2579 417 2583 ’
479 2593 802 2659 praesidens,
822 2596 1076 2651 omnibus
1105 2597 1203 2664 ipsi
1224 2596 1680 2667 applaudentibus
1708 2597 2057 2667 ejusquelan-

476 2683 573 2736 ales
605 2683 1025 2752 celebrantibus,
1050 2687 1222 2743 dixit:
1268 2686 1484 2741 Nullum
1516 2689 1710 2743 anima:
1747 2703 1878 2743 uicae
1907 2689 2053 2743 sola-

477 2773 610 2826 tium
639 2789 758 2829 esse
788 2791 883 2845 per
904 2778 1238 2846 perniciosos
1254 2778 1516 2834 nefandos
1540 2777 1803 2834 licet.Cui
1830 2793 2052 2849 respon-

474 2863 608 2917 dens
646 2865 863 2933 quidam
882 2882 948 2922 ex
965 2868 1079 2938 ejus
1096 2870 1407 2941 symmystis
1432 2869 1757 2925 exclamavit
1781 2889 1795 2925 :
1819 2868 2049 2925 Ubinam

473 2969 680 3022 quaeso,
735 2957 984 3024 domine,
1018 2960 1231 3015 illorum
1285 2961 1564 3016 hominum
1623 2962 1908 3034 vestigium
1966 2964 2049 3017 vel

472 3045 863 3102 monimentum
900 3049 952 3103 in
1006 3059 1095 3103 tua
1127 3052 1262 3105 urbe
1290 3051 1374 3107 vel
1435 3052 1563 3107 alibi
1614 3062 1884 3124 superest,
1924 3071 2046 3109 cum

472 3150 664 3191 milites
698 3139 914 3207 penitus
943 3140 1101 3195 deleti
1131 3140 1371 3196 fuerint?
1403 3143 1541 3198 Ecce
1571 3146 1716 3197 enim
1744 3145 1919 3214 ipsum
1951 3161 2047 3199 ve-

1671 475 2049 539 STEPHANI
2092 476 2400 540 DIACONI
2440 478 2548 543 cr.
3430 552 3433 555 λ

502 598 662 654 ﬂetus
689 607 743 652 et
765 597 997 668 gemitus
1019 610 1123 650 non
1153 609 1353 665 parvus
1378 594 1696 666 Byzantium
1749 594 2044 659 occupabat

2183 590 2291 643 Kal
2319 590 2497 644 δοῦλοι
2518 590 2785 654 δεσπότας
2822 587 3127 644 διέϐαλλον.
3158 587 3268 661 Kal
3293 581 3363 662 ἦν
3390 587 3626 660 ὀδυρμὸς
3652 590 3731 642 καὶ

3615 477 3729 543 1179.

2177 684 2422 746 κωκυτὸς
2472 682 2569 737 τοῦ
2609 682 2900 757 Βυζαντίου
2931 682 2993 736 ού
3045 680 3239 753 μικρὸς
3268 682 3411 754 ὑπὲρ
3432 681 3534 745 τάς
3582 680 3732 735 πάλαι

2175 770 2392 842 ἡμέρας
2447 770 2734 826 Ἰουλιανοῦ
2779 788 2840 824 τε
2891 772 2987 825 καὶ
3039 768 3341 833 Οὐάλεντος
3396 768 3507 822 τῶν
3552 767 3729 823 ἀθέων.

2260 864 2318 917 '0
2346 865 2405 918 δὲ
2437 864 2711 936 Πρόξιμος
2743 865 2948 928 ἐκεῖνος
2968 862 3061 916 τὸν
3093 863 3249 932 ἀγιον
3272 860 3367 916 τοῦ
3405 861 3730 932 πραιτωρίου

2174 957 2417 1027 ἀπάρας,
2437 957 2579 1028 ξύλῳ
2603 974 2661 1011 τε
2696 958 2790 1010 τὸν
2823 955 3093 1027 τράχηλον
3126 953 3293 1009 αὑτοῦ
3324 954 3421 1008 καὶ
3439 952 3539 1016 τὰς
3559 954 3731 1022 χεῖρας

2175 1047 2507 1119 περιϐαλὼν,
2555 1048 2695 1118 πρὸς
2742 1048 2803 1101 τὺ
2844 1045 3132 1116 διαταχθὲν
3163 1045 3417 1117 ἤπειγεν.
3464 1044 3527 1099 '0
3566 1045 3623 1097 δὲ
3646 1042 3730 1097 τύ-

2179 1156 2370 1211 ραννος
2403 1139 2498 1193 τοῦ
2533 1139 2800 1195 παλατίου
2830 1137 3089 1204 ἐξελθὼν,
3120 1138 3212 1191 ἐπὶ
3234 1137 3296 1191 τὸ
3329 1138 3430 1207 τῆς
3465 1135 3730 1208 λεωφόρου

2172 1231 2461 1301 δημόσιον,¹
2481 1231 2609 1286 ἔνθα
2657 1231 2973 1301 ὲπιλέγεται
3025 1230 3088 1283 τδ
3136 1229 3346 1300 Μήλιον
3396 1228 3727 1300 (26),ἧγετο.

2186 1322 2273 1376 Ἐν
2299 1321 2478 1393 τούτῳ
2509 1320 2619 1392 γὰρ
2648 1316 2737 1392 ’τῷ
2795 1319 3045 1392 δημοσίῳ
3078 1319 3230 1390 τόπῳ
3264 1318 3325 1385 ἐξ
3352 1318 3599 1391 ἀρχαίων
3632 1316 3730 1370 τῶν

2169 1414 2379 1483 χρόνων
2410 1414 2505 1467 καὶ
2531 1413 2641 1467 τῶν
2688 1414 2753 1465 ἐκ
2780 1411 2949 1466 πάλαι
2976 1410 3220 1473 εὐσεϐῶς
3254 1409 3727 1482 βεϐασιλευκότων,

2170 1507 2227 1560 ai
2285 1505 2436 1574 ἆγιαι
2509 1502 2570 1568 ἒξ
2628 1504 3006 1577 οἰκουμενικαὶ
3049 1502 3255 1556 σύνοδοι
3318 1501 3728 1573 ἀνιστορημέναι

2168 1593 2324 1651 οὖσαι
2369 1595 2649 1668 προῦπτον
2686 1594 2988 1663 ἐφαίνοντο,
3025 1594 3306 1665 ἀγροίκοις
3350 1611 3408 1647 τε
3448 1593 3542 1658 καὶ
3571 1591 3729 1657 ξένοις

2168 1688 2262 1742 καὶ
2291 1688 2440 1751 ἰδίοις
2466 1686 2565 1757 τὴν
2595 1683 2874 1756 όρθόδοξον
2897 1683 3265 1756 κηρύττουσαι
3295 1684 3503 1747 πίστιν,
3536 1681 3674 1751 ἅπερ
3701 1683 3728 1735 ὁ

2167 1779 2287 1843 νέος
2312 1777 2652 1839 Βαϐυλώνιος
2683 1775 2945 1847 τύραννος
2970 1776 3029 1828 ὲν
3057 1777 3177 1838 ταῖς
3227 1775 3462 1846 ἡμέραις
3492 1774 3726 1836 ἐκείναις

2167 1872 2503 1942 καταχρίσας
2522 1871 2615 1925 xal
2634 1870 2964 1940 ἀπαλείψας,
2986 1870 3047 1922 τὸ
3070 1869 3371 1922 Σατανικὸν
3407 1869 3729 1940 ἱππηλασιον

2166 1961 2374 2015 καὶτὸν
2408 1960 2767 2030 φιλοδαίμονα
2792 1959 3030 2031 ἡνίοχον,
3059 1958 3229 2030 ὅνπερ
3258 1959 3353 2013 καὶ
3382 1958 3671 2026 ούρανικδν
3703 1960 3717 2010 t'

2159 2053 2463 2124 ὠνόμασεν,
2494 2052 2569 2115 ὡς
2616 2049 2783 2106 αὐτοῦ
2846 2048 3142 2122 προσφιλῆ,
3184 2052 3212 2102 ό
3241 2048 3333 2101 τοῦ
3384 2049 3615 2121 ούρανοῦ
3641 2050 3729 2102 καὶ

2158 2146 2257 2214 τῆς
2276 2145 2381 2214 γῆς
2413 2142 2650 2209 ἀνάξιος,
2676 2141 3053 2213 ἀνιστόρησεν,
3080 2140 3223 2211 ὑπὲρ
3242 2141 3371 2204 τοὺς
3402 2139 3590 2205 ἁγίους
3621 2139 3728 2191 [Ια-

2156 2235 2324 2305 τέρας
2368 2234 2557 2288 τοῦτον
2592 2235 2852 2305 τιμήσας.
2916 2231 3014 2296 Τίς
3068 2226 3178 2302 ἄρα
3232 2232 3334 2284 οὐκ
3374 2230 3441 2284 ἂν
3495 2230 3727 2299 φρίξειεν

2157 2325 2256 2381 καὶ
2283 2325 2611 2397 ἐκπλαγείη,
2652 2325 2748 2379 καὶ
2800 2325 2992 2378 τούτου
3025 2322 3424 2391 ἐπι-γελάσειεν,
3446 2321 3645 2392 μᾶλλον
3674 2322 3727 2375 δὲ

2156 2416 2476 2489 θρηνήσειεν
2530 2416 2593 2471 τὸ
2615 2416 2872 2487 τόλμημα
2897 2433 2912 2481 ;
2940 2410 3023 2469 Ὠ
3061 2414 3245 2486 Σῶτέρ
3300 2430 3424 2485 μου,
3455 2412 3556 2482 τῆς
3610 2413 3727 2465 τότε

2157 2526 2252 2563 σου
2310 2509 2621 2581 ἀπεράντου
2672 2509 2876 2580 ἀνοχῆς
2954 2507 3050 2562 καὶ
3112 2506 3536 2578 μακροθυμίαςί
3599 2500 3726 2557 Εἶτα

2155 2601 2500 2672 προῖσταθεὶς
2540 2602 2600 2654 ὲν
2645 2599 2781 2671 τῷδε
2837 2599 2931 2653 τοῦ
2996 2598 3207 2669 Μηλίου
3274 2597 3447 2666 τόπῳ,
3512 2596 3726 2650 πάντων

2152 2690 2611 2761 ἀνευφημούντων
2639 2689 2804 2744 αὐτὸν
2834 2688 2927 2741 καὶ
2950 2686 3307 2754 δοξαζόντων,
3333 2687 3497 2749 αύτός
3521 2702 3682 2756 φησιν
3705 2704 3720 2719 ο

2151 2778 2389 2849 Οὐδεμία
2440 2778 2766 2850 παραμυθία
2794 2781 2861 2850 τῇ
2885 2778 3031 2850 ψυχῇ
3078 2796 3178 2847 μου
3209 2778 3301 2831 διὰ
3374 2780 3500 2841 τοὺς
3530 2777 3722 2847 λυμαι⁸

2150 2869 2410 2940 νομένους
2437 2869 2903 2941 ἀμνημονεύτους.
2938 2864 3032 2933 Εἷς
3065 2870 3123 2923 δέ
3148 2887 3232 2932 τις
3256 2869 3365 2921 τῶν
3384 2868 3554 2921 αὑτοῦ
3591 2886 3719 2938 συμ-

2152 2961 2371 3032 μυστῶν
2422 2961 2742 3032 ἀποκριθεὶς
2794 2960 3085 3033 ἐξεϐόησεν
3113 2979 3128 2994 ο
3158 2961 3271 3015 Kal
3320 2960 3425 3014 ποῦ
3480 2955 3591 3032 ἆρά
3637 2978 3717 3030 γε,

2148 3053 2412 3118 Δέσποτα,
2448 3052 2594 3123 ἴχνος
2639 3051 2904 3123 τούτωνῆ
2952 3053 3298 3123 μνημόσυνον
3341 3053 3400 3104 ἐν
3456 3055 3522 3123 τῇ
3580 3052 3721 3105 πόλει

2148 3158 2242 3195 σου
2277 3142 2568 3211 πέφανται,
2602 3143 2636 3214 ἢ
2665 3145 2722 3197 ἐν
2750 3142 2886 3217 ἄλλῃ
2913 3143 3088 3216 χώρᾳ,
3119 3144 3336 3197 πάντων
3382 3143 3721 3214 ὲξαλειφθέν-

470 3224 650 3280 ritatis
696 3228 933 3294 hostem,
961 3229 1298 3302 Stephanum
1338 3232 1589 3288 Auxentii
1644 3232 1879 3305 (obviam
1943 3236 2043 3305 ipsi

2151 3251 2259 3287 των
2285 3236 2365 3298 εις
2399 3237 2737 3305 ἀφανισμόνς
2765 3236 2874 3290 ίδοὺ
2902 3236 3011 3306 γὰρ
3051 3235 3145 3289 καὶ
3194 3235 3284 3290 τδν
3323 3235 3423 3306 τῆς
3467 3235 3723 3306 ἀληθείας

467 3317 631 3374 hodie
662 3318 860 3389 factus)
890 3321 998 3375 vidi
1049 3324 1170 3376 duci
1212 3325 1276 3378 ad
1310 3325 1501 3394 dignas
1552 3327 1818 3383 malorum
1856 3343 2044 3396 positas

2151 3324 2344 3396 ἐχθρὸν
2369 3326 2637 3395 Στέφανον
2662 3329 2753 3381 τὸν
2781 3326 2876 3381 τοῦ
2929 3325 3236 3392 Αύξεντίου,
3260 3330 3724 3399 προσαπαντήσας

467 3409 645 3478 gladio
669 3412 896 3468 dandas.
933 3413 1029 3467 Cui
1078 3414 1427 3472 multiformis
1461 3417 1551 3473 ille
1603 3416 1779 3475 Draco
1812 3419 2042 3474 :Euim—

466 3514 619 3566 vero,
651 3503 845 3572 inquit,
879 3505 1009 3572 quid
1037 3505 1251 3561 dulcius
1320 3506 1597 3577 Stepbauo
1654 3525 1778 3565 esse
1837 3523 2037 3581 potest,

2144 3416 2404 3485 τήμερον,
2446 3416 2554 3469 ίδον
2578 3416 2736 3481 ἀξίαν
2770 3418 2877 3470 τῶν
2920 3419 3105 3471 κακῶν
3163 3416 3319 3488 δίκην
3368 3418 3722 3487 ἀπαγόμενον

2143 3505 2231 3560 διὰ
2283 3507 2380 3560 τοῦ
2433 3508 2620 3578 ξίφους
2656 3508 2858 3563 δοῦναι.
2901 3508 2962 3564 Ὀ
3007 3509 3066 3563 δὲ
3116 3510 3465 3582 πολύμορφος
3517 3514 3723 3575 ἐκεῖνος

464 3609 627 3660 quam
660 3596 890 3664 capitale
921 3599 1241 3667 supplicium
1295 3599 1518 3656 subire?
1548 3601 1807 3672 Equidem
1862 3615 2042 3660 certus

2151 3596 2357 3668 δράκων
2396 3597 2501 3670 ἔφη
2529 3598 2667 3670 πρὸς
2683 3600 2844 3654 αὐτόν
2871 3615 2885 3629 ⁸
2915 3601 3027 3654 Kal
3055 3601 3109 3653 τί
3138 3596 3250 3672 ἆρά
3278 3619 3340 3670 γε
3370 3596 3563 3654 τούτου
3594 3603 3720 3669 γλυ-

464 3698 604 3751 sum,
626 3701 769 3752 eum,
803 3703 830 3740 a
864 3702 972 3758 quo
997 3690 1199 3744 carceri
1230 3691 1467 3747 inclusus
1492 3701 1598 3759 est,
1624 3696 1725 3750 boc
1773 3695 2042 3753 desiderio

464 3774 664 3826 teneri.
703 3774 924 3841 Verum,
955 3775 1119 3849 514
1157 3794 1262 3833 non
1293 3792 1505 3849 oportet
1536 3782 1682 3837 illum
1734 3785 2038 3852 Itujnsmodi

462 3874 693 3917 mortem
722 3865 975 3931 tolerare,
1007 3871 1098 3923 sed
1134 3871 1468 3927 acerbiorem
1496 3884 1550 3927 et
1600 3874 2034 3943 exquisitinrem.

463 3955 671 4039 Quippe
721 3957 835 4026 ipsa
896 3960 1056 4012 etiam
1115 3954 1435 4030 imperatrix
1486 3978 1590 4018 non
1647 3980 1835 4035 parum
1885 3969 2038 4023 nobis

459 4059 829 4112 succenseret,
870 4052 911 4103 si
940 4051 1021 4106 sui
1048 4051 1309 4107 Brumalii
1347 4055 1541 4108 festum
1573 4071 1693 4110 cum
1721 4058 1867 4112 caede
1893 4058 2035 4114 cele-

456 4134 770 4192 braremus.
822 4139 939 4194 illo:
1004 4158 1173 4199 novus
1238 4145 1344 4199 iste
1395 4144 1634 4202 llerodes
1687 4149 2035 4220 mulierisque

454 4230 809 4296 mancipium,
837 4241 1082 4286 sanctum
1148 4234 1480 4305 Stephanum
1516 4239 1696 4294 reduci
1727 4250 1781 4295 et
1810 4257 2033 4298 carcere

452 4317 655 4373 includi
708 4320 1019 4391 imperavit.
1063 4322 1263 4379 lterum
1303 4342 1433 4398 ergo
1476 4341 1697 4385 sanctus
1758 4332 1922 4387 Pater
1976 4334 2029 4388 iu

453 4412 709 4478 praetorio
739 4414 904 4469 verba
942 4413 1159 4472 Davidis
1183 4434 1307 4473 cum
1336 4421 1502 4475 sociis
1558 4425 1786 4493 captivis
1826 4427 2029 4494 psalle-

451 4501 564 4564 bat,
594 4503 699 4568 Qui
726 4504 927 4560 habitat
959 4508 1014 4561 in
1046 4509 1318 4578 adjutorio
1362 4512 1622 4568 Allissimi
1644 4517 1714 4581 ",
1741 4528 1795 4572 et
1822 4518 2026 4590 reliqua

450 4596 668 4660 psalmi.

524 4774 739 4827 Interim
772 4785 1031 4844 lyratnius
1053 4783 1391 4836 caeremoniis
1428 4782 1536 4837 Deo
1564 4784 1745 4839 exosis
1787 4785 1875 4840 illa
1925 4801 2023 4842 ve-

451 4876 610 4928 spera
651 4878 773 4917 cum
799 4866 1036 4919 clamore
1059 4880 1111 4921 et
1147 4871 1477 4926 cithararum
1506 4889 1641 4928 sono
1669 4877 1924 4944 peractis,
1952 4879 2021 4933 ad

447 4954 845 5009 convivandum
877 4958 1149 5014 discubuit
1177 4979 1194 5019 :
1222 4975 1276 5017 et
1325 4966 1600 5021 advocatis
1637 4967 1847 5024 duobus
1900 4971 2023 5038 qui-

448 5045 675 5101 husdam
710 5062 775 5102 ex
803 5051 993 5104 eodem
1024 5061 1176 5121 patre
1201 5065 1255 5108 et
1313 5057 1502 5110 eadem
1535 5068 1707 5113 matre
1738 5058 2021 5128 fratribus,

446 5132 707 5203 dignitate
738 5137 1130 5206 eminentibus,
1159 5158 1393 5212 corpore
1428 5154 1482 5199 et
1509 5147 1689 5201 anima
1746 5147 2019 5218 formosis,

464 5230 679 5297 leuique
701 5234 850 5285 omni
902 5233 1262 5290 admiratione
1311 5237 1513 5307 dignis,
1563 5254 1697 5309 quos
1750 5251 2023 5312 postremo

450 5381 455 5386 ’
514 5383 558 5416 ⁹⁹
590 5382 734 5443 Psal.
770 5405 856 5454 xc,
886 5388 938 5444 i.

2143 3687 2373 3761 κύτερον
2398 3690 2473 3761 τῷ
2498 3691 2755 3760 Στεφάνῳ
2773 3689 2865 3744 τοῦ
2901 3692 3207 3762 κεφαλικὴν
3255 3693 3513 3760 δέξασθαι
3540 3711 3721 3765 τιμω-

2142 3778 2314 3851 ρίαν;
2371 3779 2680 3852 πέπεισμαι
2729 3781 2833 3852 γὰρ
2875 3782 3068 3854 ὅτιπερ
3126 3784 3217 3852 ἀφ’
3267 3779 3334 3853 ἦς
3393 3784 3722 3856 καθείρχθη,

2139 3868 2332 3924 τούτου
2379 3871 2584 3940 ἐφίετο.
2640 3871 2714 3925 Ού
2761 3872 2845 3926 δεῖ
2887 3873 2945 3927 δὲ
3000 3875 3161 3928 αὐτὸν
3210 3875 3451 3929 τοιοῦτον
3499 3878 3723 3934 ύποίσαι

2139 3958 2395 4026 θάνατον,
2424 3961 2542 4015 ἀλλ’
2588 3961 2621 4032 ἢ
2677 3965 3046 4037 πονηρότερον
3084 3966 3178 4019 καὶ
3224 3967 3719 4045 δυσευρετὼτερον.

2150 4052 2306 4106 Ἐπεὶ
2330 4054 2421 4107 καὶ
2446 4056 2477 4124 ἡ
2508 4055 2793 4124 βασίλισσα
2815 4057 2877 4111 ού
2904 4058 3114 4130 μικρῶς
3136 4059 3365 4130 ἀλγήσει
3389 4061 3512 4113 καθ’
3538 4062 3721 4132 ἡμῶν,

2135 4142 2217 4194 ὅτι
2250 4144 2349 4212 τὴν
2389 4144 2605 4216 ἡμέραν
2629 4145 2726 4215 τῆς
2757 4147 2954 4218 ἑορτῆς
2988 4147 3081 4200 τοῦ
3115 4148 3319 4220 ταύτης
3366 4150 3719 4221 Βρουμαλὶου

2134 4234 2194 4285 ἐν
2262 4235 2408 4305 φόνῳ
2467 4234 2857 4307 τετελέκαμεν.
2886 4238 2998 4292 Kal
3036 4238 3281 4309 παρευθὺ
3312 4239 3525 4292 κελεύει
3563 4237 3721 4303 οὗτος

2132 4324 2162 4377 ὁ
2193 4326 2314 4389 νέος
2356 4326 2621 4398 Ἡρώδης,
2644 4328 2704 4381 τὸ
2732 4333 3044 4400 γυναικεῖον
3083 4332 3437 4402 ἀνδράποδον,
3473 4332 3725 4404 στραφῆ-

2133 4436 2226 4472 ναι.
2246 4419 2339 4472 τὸν
2370 4420 2545 4488 ἅγιον,
2570 4422 2663 4474 καὶ
2690 4424 2755 4492 τῇ
2779 4422 2971 4493 εἱρκτῇ
2994 4422 3394 4495 ἐγκλεισθῆναι.
3421 4425 3536 4479 Καὶ
3557 4420 3720 4489 αὖθις

2131 4511 2160 4562 ό
2227 4510 2415 4582 Πατὴρ
2468 4512 2628 4567 πάλιν
2660 4513 2799 4583 μετὰ
2821 4515 2929 4566 τῶν
2962 4514 3356 4586 συνδεσμωτῶν
3406 4515 3721 4581 Δαυῖδικῶς

2063 4607 2109 4663 1)
2138 4601 2366 4673 ἔψαλλεν
2391 4605 2449 4656 ὲν
2478 4604 2556 4673 τῷ
2578 4605 2894 4677 πραιτωρίῳ
2923 4621 2936 4635 ·
2979 4606 3040 4660 '0
3063 4606 3436 4661 κατοικῶνὲν
3457 4609 3722 4677 βοηθείᾳ

2137 4695 2246 4750 τοῦ
2287 4697 2606 4765 Ὑψίστου,
2658 4699 2753 4750 καὶ
2782 4699 2854 4751 τὰ
2879 4698 3005 4769 ἑξῆς
3033 4700 3128 4754 τοῦ
3161 4699 3407 4771 ψαλμοῦ.

2225 4789 2284 4843 Ὀ
2342 4790 2398 4843 δὲ
2439 4791 2698 4861 τύραννος
2748 4793 2846 4863 τὴν
2903 4793 3147 4865 ὲχθρώδη
3209 4794 3328 4864 Θεῷ
3366 4796 3591 4869 τελετὴν
3648 4798 3716 4866 τῇ

2134 4881 2341 4954 ἑσπέρᾳ
2370 4882 2555 4957 ἐκείνῃ
2578 4884 2715 4953 μετὰ
2752 4889 2994 4956 κραυγῆς
3025 4887 3118 4941 καὶ
3141 4888 3382 4953 κιθαρῶν
3398 4890 3715 4952 ἐκτελέσας,

2135 4973 2273 5044 πρὸς
2334 4973 2496 5027 πότον
2550 4976 2826 5048 ἀνεκλίθη.
2891 4977 3001 5032 Kal
3056 4980 3571 5050 προσκαλεσάμενος
3623 4982 3719 5034 δύο

2131 5062 2288 5126 τινὰς
2337 5065 2706 5137 ὁμοπατρίους
2759 5067 2856 5121 καὶ
2910 5069 3282 5141 ὁμομητρίους
3334 5073 3599 5141 ἀδελφοὺς
3653 5074 3717 5124 ὲν

2134 5155 2262 5228 ἀξίᾳ
2296 5154 2657 5227 προῦχοντας,
2688 5158 2924 5229 ὡραίους
2954 5177 3011 5213 τε
3041 5161 3119 5232 τῷ
3151 5161 3281 5215 εἴδει
3317 5163 3409 5215 καὶ
3453 5166 3516 5234 τῇ
3539 5163 3717 5233 ψυχῇ,

2135 5249 2228 5302 καὶ
2257 5248 2398 5302 πάνυ
2428 5249 2792 5321 θαυμαστοὺς,
2824 5251 3032 5324 οὕσπερ
3057 5253 3302 5324 ἐσχάτως
3332 5254 3479 5326 ζήλῳ
3512 5253 3713 5325 φθονήο

1737 5491 1967 5549 νΑΒιΛ]
1991 5490 2389 5552 LECTIONES.

520 5597 533 5637 ι
566 5588 637 5643 al.
677 5590 1024 5659 ούρανιακόν.

1990 5696 2217 5755 NOTAE.

517 5816 930 5920 έῗηθηῆξζζξξοζζλ
952 5822 1343 5920 ῖρτιέηιηοηι
1378 5829 1646 5897 ρυιιιίειιηι
1685 5832 2194 5911 Constamtinnpolis.
2264 5842 2339 5898 De
2381 5858 2486 5911 quo
2531 5842 2647 5901 fuse
2685 5845 3083 5904 eruditissimus
3154 5840 3395 5920 Caugius
3432 5847 3690 5904 Comum-

445 5877 620 5948 urmp.’
636 5877 826 5959 cmin.
863 5889 952 5944 lib.
991 5877 1042 5971 ιζ
1065 5877 1128 5959 ρζ
1151 5894 1236 5946 72.
