4060 6442
472 431 611 503 11ἴ3

470 663 583 716 ριον
603 646 920 716 ἀπάραντες
947 644 1076 699 τάδε
1108 645 1243 714 φατέ
1264 645 1522 718 Στεφάνῳ
1574 646 1654 716 τῷ
1703 646 1798 701 τοῦ
1836 648 2038 713 Αύξεν-

462 734 601 786 τίου·
633 728 786 797 Εἶδες
810 733 978 789 πόσον
1004 750 1098 787 σου
1132 733 1389 805 κήδομαι,
1417 736 1445 787 6
1476 734 1727 803 βασιλεύς
1752 752 1835 789 σοι
1869 736 2039 807 δηλοῖ,

463 825 544 878 ὅτι
577 826 673 880 καὶ
719 825 816 879 τοῦ
878 826 1165 897 φάρυγγος
1193 826 1288 880 τοῦ
1327 826 1559 881 θανάτου
1594 828 1926 898 ἀφαρπάσας
1956 846 2038 893 σε,

463 915 524 969 τδ
558 916 658 987 ζῇν
714 900 1078 988 ἐχαρισάμην,
1106 919 1255 982 ὅπως
1300 919 1499 972 σαυτὸν
1536 918 1784 984 πείσειας
1833 918 1935 972 κᾶν
1982 920 2042 972 ἐν

461 1007 586 1070 ταῖς
626 1009 913 1078 ἐσχατιαῖς
946 1009 976 1049 ll
1005 1009 1233 1078 ποιῆσαι
1266 1008 1328 1061 τδ
1374 1009 1500 1080 ἐμοὶ
1565 1009 2037 1080 θυμηρέσταστον.

462 1093 598 1151 Οἶδα
624 1099 681 1153 δέ
707 1097 818 1168 ἐγὼ
848 1099 948 1170 τὴν
980 1098 1149 1155 αὑτοῦ
1179 1101 1414 1170 ἀκαμπῆ
1459 1101 1556 1154 καὶ
1611 1099 2041 1171 σκληροκάρδιον

460 1188 709 1261 γνώμην,
739 1190 837 1244 καὶ
873 1190 1092 1255 πάντως
1113 1192 1196 1255 είς
1229 1190 1416 1261 ὕϐρεις
1455 1194 1658 1261 τραπεί
1690 1190 1815 1245 καθ’
1837 1190 1995 1262 ἡμῶν
2021 1209 2035 1223 ·

428 1272 579 1338 κᾶλλ’
607 1276 703 1335 οὖν
733 1283 782 1334 εί
826 1281 927 1352 μὲν
976 1281 1065 1336 διὰ
1133 1280 1519 1350 πιθανολογίας
1581 1281 1810 1351 πείσητε
1852 1282 2037 1347 αὑτὸν,

460 1369 522 1426 εὖ
581 1373 649 1427 ἂν
700 1372 834 1444 ἔχοι.
860 1373 924 1427 Ei
966 1373 1024 1428 δὲ
1091 1374 1255 1445 μήγε,
1281 1374 1537 1427 τοσοῦτον
1595 1374 1760 1428 αὑτὸν
1809 1374 2040 1444 δαρμοίς

461 1462 702 1534 πλήξατε
724 1464 866 1518 κατά
890 1481 953 1517 τε
976 1462 1073 1518 τοῦ
1110 1464 1381 1536 στόματος
1412 1464 1513 1518 καὶ
1529 1465 1638 1518 τῶν
1657 1465 2034 1537 μεταφρένων,

470 1555 623 1619 ὅπως
655 1553 763 1608 τῶν
789 1555 971 1609 ἐκεῖσε
1005 1554 1161 1626 ὑμῶν
1205 1553 1581 1626 ἐξερχομένων
1617 1555 1968 1618 κακινκάκως
2013 1552 2033 1592 1

460 1643 707 1714 παρευθὺ
734 1642 830 1697 τοῦ
881 1643 982 1715 ζῇν
1020 1643 1347 1714 ἀπαλλαγεί.
1424 1643 1491 1698 Ἥ
1542 1643 1599 1698 δὲ
1640 1644 1797 1714 τιμία
1852 1643 2037 1716 ἐκείνη

462 1735 691 1806 ξυνωρὶς
711 1736 821 1789 τῶν
847 1734 1199 1806 αὐταδέλφων
1224 1737 1286 1791 τδ
1327 1738 1665 1808 πραιτώριον
1702 1735 2038 1790 καταλαϐόν-

458 1843 571 1893 τες,
601 1826 698 1880 καὶ
721 1827 862 1898 πρὸς
886 1830 979 1881 τὸν
994 1827 1150 1897 ἅγιον
1165 1830 1465 1899 γενόμενοι.
1494 1828 1673 1900 τούτῳ
1695 1827 2039 1898 ἀπήγγειλαν

458 1915 529 1970 τὰ
554 1916 649 1970 τοῦ
683 1915 948 1987 βασιλέως
992 1921 1239 1991 ῥήματα,
1268 1921 1351 1985 εἰς
1384 1919 1670 1990 μηδοτιοῦν
1691 1928 1733 1959 II
1762 1917 1856 1976 τὸν
1881 1920 2039 1990 ἅγιον

455 2097 520 2150 τὸ
542 2097 849 2168 δρθόδοξον,
874 2094 1087 2163 οὗτινος
1125 2099 1197 2153 τά
1225 2099 1346 2172 ἴχνη
1395 2102 1903 2174 κατασπασάμενοι,
1943 2103 2040 2156 καὶ

458 2188 629 2260 εὐχὴν
655 2190 960 2261 εἰληφότες,
992 2191 1509 2263 παλινοστήσαντες,
1548 2194 1752 2266 ἧκασιν
1778 2195 1916 2266 πρὸς
1943 2194 2036 2248 τὸν

458 2281 882 2348 ἀποστείλαντα,
934 2285 1029 2337 καί
1073 2300 1241 2356 φησιν
1314 2285 1451 2355 πρὸς
1506 2285 1669 2339 αὐτόν
1707 2301 1722 2316 ο
1776 2286 2032 2352 Βασιλεί

456 2372 644 2443 ἀκμὴν
664 2373 1019 2444 ἐπιμένοντος
1044 2374 1212 2429 αὑτοῦ
1234 2377 1348 2440 τοῖς
1364 2376 1651 2449 προτέροις
1672 2380 1766 2431 καὶ
1798 2378 2037 2432 καταθε-

460 2463 809 2533 ματίζοντος,
835 2465 1095 2520 τοσοῦτον
1123 2466 1289 2520 αὑτὸν
1327 2467 1638 2538 κατεπλήξα
1649 2485 1750 2538 μεν
1781 2468 2035 2541 δαρμοῖῆ

458 2554 601 2608 ὥστε
658 2555 873 2625 ἄφωνον
929 2557 1167 2612 κεῖσθαι.
1198 2550 1449 2628 Λέγομεν
1507 2559 1564 2613 δέ
1616 2559 1690 2630 μὴ
1728 2560 1829 2632 ζῇν
1872 2560 2036 2614 αὐτὸν

456 2646 564 2710 ἕως
612 2645 832 2719 αὔριον.
865 2648 976 2701 Καὶ
1019 2648 1416 2719 ἐπευφρανθεὶς
1442 2652 1471 2703 ὁ
1505 2650 1736 2714 ἀλαζὼν,
1761 2651 1855 2705 καὶ
1893 2651 2037 2722 μέγα

458 2737 713 2803 γελάσας,
742 2738 921 2808 εἴχετο
956 2738 1095 2810 πρὸς
1128 2737 1225 2810 τὴν
1250 2739 1591 2812 λαιμαργίαν
1619 2741 1713 2794 τοῦ
1758 2743 2033 2812 Ἡρωδια-

459 2825 558 2878 κοῦ
589 2825 801 2879 ἐκείνου
830 2826 997 2881 πότου
1021 2829 1051 2882 6
1077 2828 1459 2893 κοιλιόδουλος.

532 3126 667 3200 Περὶ
696 3127 753 3181 δὲ
791 3127 890 3194 τὰς
939 3128 1081 3200 ἑῴας
1110 3129 1261 3202 ὥρας
1311 3131 1551 3197 ἀναστὰς
1579 3135 1608 3188 6
1637 3134 1815 3202 ἆγιος.
1843 3137 1937 3190 καὶ
1973 3137 2036 3190 τὸ

1528 445 1703 506 VITA
1746 447 1808 509 S.
1848 446 2227 512 STEPHANI
2268 450 2650 515 JUNIORIS.

470 570 567 617 σας
621 553 977 623 πεφόνευκεν,
1009 551 1158 622 λέγει
1227 552 1434 615 αὐτοῖς·
1497 553 1641 626 Πρὸς
1689 553 1751 608 τὸ
1797 556 2036 627 πραιτώ-

2149 576 2257 629 pra:
2306 562 2505 619 invidia
2560 561 2834 619 interfecit

2899 583 2913 619 :
2991 567 3093 632 his,
3152 569 3394 638 inquam,
3442 572 3721 625 accersitis

2147 654 2280 707 dixit
2308 673 2322 708 :
2352 672 2371 705 ι
2410 653 2486 708 Ite
2510 656 2921 726 itrpraatorium,
2947 668 3002 712 et
3054 660 3167 713 haec
3195 659 3471 730 Stephano
3494 662 3718 715 Auxeno

2148 744 2205 796 tii
2236 744 2396 797 dicite
2429 745 2768 814 :lmperator
2796 745 2911 801 haec
2941 747 3036 801 tibi
3068 751 3322 806 nuntiat:
3351 749 3517 806 Vides
3554 766 3721 821 quan.

2146 838 2253 888 tant
2304 836 2377 889 tui
2429 852 2614 891 curam
2669 854 2816 908 gero,
2852 854 3045 909 meque
3094 841 3211 905 tibi,
3257 850 3540 912 postquam
3593 853 3648 898 te
3690 857 3720 895 ο

2145 923 2334 978 mortis
2362 923 2608 980 faucibus
2641 927 2836 997 eripui,
2869 926 3031 985 vitam
3059 932 3417 996 concessisse,
3451 946 3558 999 quo
3598 930 3716 985 sal-

2147 1021 2252 1067 tem
2303 1014 2358 1067 in
2388 1017 2669 1083 extremis,
2700 1019 2841 1085 quod
2888 1019 3021 1072 mihi
3053 1019 3288 1075 maxime
3329 1018 3479 1074 cordi
3523 1029 3607 1075 est
3631 1019 3718 1074 fa-

2146 1118 2269 1158 cere
2317 1107 2647 1160 consentias.
2686 1107 2948 1176 Equidem
2978 1111 3182 1180 optime
3210 1110 3340 1165 mihi
3398 1119 3713 1180 perspectus

2144 1203 2228 1247 est
2248 1194 2416 1250 durus
2453 1196 2571 1264 ejus
2621 1206 2677 1251 et
2728 1196 2871 1253 ﬂecti
2904 1201 3119 1256 nescius
3184 1200 3421 1255 animus.
3454 1201 3571 1256 lmo
3619 1215 3718 1255 nos

2132 1278 2305 1357 7515
2343 1290 2527 1342 etiam'
2564 1289 2863 1345 maledictis
2907 1290 3158 1346 lacesset.
3216 1290 3603 1347 Verumtamen
3667 1293 3714 1347 si

2143 1388 2321 1432 vestra
2351 1378 2654 1448 eloquentia
2706 1380 2760 1434 id
2783 1380 2859 1435 illi
2907 1382 3324 1452 persuadebitis,
3358 1382 3497 1439 bene
3537 1397 3596 1437 se
3627 1397 3715 1437 res

2142 1466 2363 1523 habebit
2392 1468 2511 1523 :sin
2542 1469 2742 1536 minus,
2760 1478 2867 1524 tam
2894 1472 3055 1527 saevis
3079 1473 3396 1527 verberibus
3424 1468 3597 1526 illum
3616 1486 3714 1540 per

2141 1572 2205 1614 os
2227 1567 2280 1612 et
2301 1558 2519 1615 dorsum
2567 1561 2829 1628 cruciate,
2877 1573 2937 1618 ut
2968 1563 3122 1619 vobis
3149 1561 3278 1618 inde
3333 1562 3712 1627 redeuntibus,

2142 1647 2233 1703 ille
2275 1662 2307 1704 e
2334 1650 2443 1704 vita
2468 1649 2606 1704 male
2632 1651 2895 1707 discedat.
2924 1670 2945 1704 ι
2982 1651 3574 1723 Itaquevenerandum
3608 1666 3710 1720 par

2142 1734 2272 1789 illud
2334 1734 2563 1790 fratrum
2598 1737 2653 1792 in
2704 1740 3020 1808 praetorium
3078 1741 3280 1796 venit:
3323 1756 3557 1811 cumque
3610 1740 3712 1812 ipsi

2142 1837 2392 1882 sanctum
2447 1829 2621 1884 virum
2665 1831 3074 1896 convenissent,
3110 1833 3460 1907 imperatoris
3486 1833 3705 1902 quidem

2070 1902 2304 1973 Bverba
2331 1920 2379 1975 ei
2430 1921 2788 1989 nuntiavere;
2826 1938 3014 1978 verum
3065 1925 3121 1978 in
3172 1923 3319 1978 nulla
3376 1925 3602 1980 omnino
3659 1939 3717 1979 re

458 2006 943 2078 παρασλάψαντες,
988 2009 1130 2063 ἀλλὰ
1152 2009 1353 2080 μᾶλλον
1378 2012 1471 2064 καὶ
1497 2009 1881 2081 ἐνισχύσαντες
1901 2012 2038 2082 πρὸς
2064 2011 2074 2019 ’

2141 2009 2241 2079 ipsi
2267 2025 2500 2065 nocuere
2528 2027 2543 2065 :
2573 2012 2667 2067 sed
2715 2012 2824 2067 imo
2849 2012 3003 2067 illum
3036 2014 3103 2067 ad
3133 2012 3292 2069 fidem
3352 2015 3712 2069 orthodoxam

2138 2101 2392 2155 tuendam
2427 2101 2837 2158 continuarunt.
2868 2102 3111 2174 Denique
3137 2102 3254 2174 eius
3288 2105 3518 2174 vestigia
3549 2120 3701 2159 oscu—

2139 2192 2337 2257 lati,et
2359 2194 2605 2249 oratione
2650 2194 2869 2259 muniti,
2920 2193 2990 2249 ad
3033 2210 3178 2263 eum,
3206 2210 3236 2249 a
3270 2208 3379 2265 quo
3399 2195 3549 2252 missi
3598 2195 3716 2250 foe-

2138 2292 2280 2350 rant,
2347 2292 2709 2353 reverterunt,
2767 2286 2926 2356 eique
2986 2287 3296 2343 dixerunt:
3364 2287 3715 2358 Imperator,

2137 2375 2264 2442 quia
2297 2372 2387 2427 ille
2413 2371 2468 2427 in
2517 2374 2686 2443 priori
2737 2375 2915 2430 adhuc
2954 2377 3224 2432 sententia
3284 2378 3606 2448 persistebat
3662 2389 3718 2432 et

2136 2466 2484 2518 anathemata
2525 2465 2856 2534 proferebat,
2887 2466 3061 2535 ipsum
3125 2467 3447 2524 verberibus
3503 2478 3714 2523 tantum

2137 2554 2529 2622 percussimus,
2559 2563 2620 2608 ut
2652 2554 2770 2609 sine
2825 2570 2961 2611 voce
2986 2554 3261 2625 iacentem
3307 2556 3713 2628 reliquerimus.

2138 2643 2249 2699 Nec
2276 2659 2403 2700 vero
2435 2659 2559 2700 eum
2595 2660 2768 2716 usque
2785 2647 2852 2701 ad
2878 2648 3177 2702 crastinam
3201 2648 3344 2703 diem
3380 2649 3544 2704 vitam
3592 2665 3715 2718 pro-

2137 2739 2425 2793 ducturum
2476 2739 2797 2794 asserimus.
2821 2738 3028 2806 Quibus
3087 2740 3266 2795 verbis
3311 2755 3525 2795 summe
3567 2739 3717 2796 dele-

2137 2840 2317 2885 ctatus
2346 2830 2614 2898 superbus
2646 2830 2967 2900 imperator,
2991 2846 3192 2903 magno
3225 2833 3336 2888 risu
3366 2830 3562 2897 eﬂuso,
3602 2832 3708 2886 lle-

2139 2922 2359 2975 rodiaco
2389 2921 2463 2975 illi
2486 2922 2736 2976 convivio
2752 2923 2821 2977 ad
2844 2922 3163 2995 explendam
3199 2925 3491 2995 ingluviem
3530 2923 3710 2978 indul-

2139 3014 2231 3075 sit,
2256 3020 2441 3082 utpote
2468 3028 2656 3068 verum
2689 3015 2897 3069 ventris
2934 3014 3287 3085 mancipium.
3312 3080 3315 3085 ί

2213 3123 2452 3181 Sanctus
2482 3137 2663 3180 autem
2717 3127 3000 3181 matutinis
3051 3127 3201 3183 horis
3232 3143 3467 3199 surgens
3492 3128 3711 3182 Patrum

463 3222 653 3299 στῖφος
681 3220 791 3274 τῶν
818 3221 1078 3294 Πατέρων
1121 3222 1362 3295 ἐντυχὼν
1410 3223 1517 3289 ἕως
1554 3226 1799 3297 πρωτθεν
1839 3228 2024 3299 λέγει·

2139 3227 2369 3270 turmam
2404 3215 2562 3282 adiit,
2590 3215 2786 3284 quibus
2821 3217 2940 3272 ait:
2974 3215 3213 3281 Salvete,
3267 3216 3456 3272 Patres
3510 3226 3565 3271 et
3606 3215 3716 3270 fra-

458 3296 740 3380 Σώζεσθε,
794 3312 1040 3386 Πατέρες
1122 3315 1218 3371 καὶ
1295 3315 1554 3387 ἀδελφοὶ,
1604 3296 1886 3387 σώζεσθε,
1916 3296 2032 3376 ἐκαὶ

460 3402 602 3473 ὑπὲρ
633 3402 770 3474 ἐμοῦ
797 3402 1045 3475 εὔχεσθε,
1080 3406 1229 3471 ὅπως
1272 3407 1348 3478 μὴ
1399 3408 1636 3480 πονηρὸς
1688 3409 1918 3479 ἄγγελος
1952 3415 2033 3476 είς

459 3494 708 3564 ἁπαντὴν
739 3494 935 3566 εὑρεθῇ
978 3514 1080 3567 μου
1110 3497 1205 3551 τοῦ
1233 3499 1564 3569 πνεύματος,
1584 3502 1673 3555 διὰ
1705 3503 1766 3556 τὸ
1820 3503 2030 3574 πλῆθος

462 3581 574 3635 τῶν
638 3582 791 3649 ἐμῶν
845 3582 1195 3655 ὀφλημάτων.
1222 3586 1334 3657 Καὶ
1357 3576 1742 3660 δακρυσάντων
1769 3590 2029 3644 ἁπάντων

457 3675 521 3727 οὐ
575 3674 808 3745 μικρῶς,
847 3675 1059 3729 κελεύει
1093 3677 1399 3748 ἐπαρθῆναι
1447 3679 1544 3731 ἀπ’
1591 3680 1757 3733 αὑτοῦ
1810 3682 1911 3750 τήν
1966 3694 2028 3734 τε

454 3766 708 3836 ἐπωμίδα
735 3765 830 3820 καὶ
854 3765 947 3820 τὸν
964 3766 1235 3822 ἀνάλαϐον
1257 3769 1352 3822 καὶ
1373 3770 1462 3823 τὸν
1493 3770 1687 3842 λῶρον.
1730 3770 1821 3835 ἀς
1842 3772 1899 3825 δὲ
1931 3772 2028 3825 καὶ
2046 3812 2061 3815 Α

456 3859 521 3909 τὸ
554 3858 903 3914 κουκούλλιον
927 3859 1118 3932 ἤθελεν
1148 3859 1421 3927 ἐκϐαλεῖν,
1444 3862 1716 3916 ἐκωλύετο
1747 3864 1898 3936 παρὰ
1919 3863 2031 3917 τῶν

459 3949 744 4019 Πατέρων·
780 3951 871 4021 Μὴ
897 3991 912 4015 ,
947 3951 1163 4023 Πάτερ,
1203 3950 1470 4020 λεγόντων
1497 3992 1511 4017 ,
1551 3953 1693 4022 ἅγιε.
1726 3955 1880 4008 Μετὰ
1936 3954 2033 4008 τοῦ

458 4039 738 4110 σχήματός
773 4057 835 4094 σε
871 4041 965 4095 τοῦ
1014 4041 1171 4110 ἁγίου
1217 4042 1425 4097 δίκαιόν
1487 4046 1604 4098 ἐστι
1651 4044 2030 4117 τελειωθῆναι.

470 4130 530 4183 '0
556 4131 610 4183 δὲ
636 4131 789 4199 ἅγιός
820 4149 1004 4203 φησιν·
1039 4133 1279 4205 Πατέρες
1320 4135 1413 4187 καὶ
1459 4134 1699 4203 ἀδελφοὶ,
1729 4138 1757 4190 6
1785 4137 2032 4193 παλαίων

455 4221 663 4290 γυμνὸς
712 4222 953 4278 παλαίει.
992 4224 1069 4277 Οὐ
1105 4224 1314 4279 δίκαιον
1356 4225 1414 4278 δὲ
1464 4225 1728 4296 ἠγοῦμαι,
1757 4226 1845 4281 ἴνα
1878 4228 2032 4299 παρὰ

457 4313 588 4367 λαοῦ
625 4313 986 4380 ὑλακτοῦντος
1030 4315 1286 4387 καθάπερ
1328 4317 1528 4382 κυνῶν,
1582 4316 1742 4372 τοῦτο
1775 4318 1836 4372 τὸ
1871 4320 2029 4388 ἅγιον

457 4406 732 4478 ἁτιμασθῇ
804 4408 898 4461 κα).
976 4409 1338 4480 καταπατηθῇ
1410 4409 1614 4480 σχῆμα.
1659 4410 1748 4462 Ἐν
1821 4409 2031 4474 τούτοις

2139 3317 2271 3371 tres,
2301 3306 2525 3371 salvete,
2557 3317 2609 3362 et
2642 3322 2740 3374 pro
2777 3322 2861 3361 me
2889 3316 3064 3370 orate,
3092 3321 3160 3362 ne
3186 3308 3364 3362 malus
3393 3308 3620 3376 angelus
3643 3309 3715 3362 ob

2138 3412 2383 3453 meorum
2415 3398 2721 3452 debitorum
2744 3397 3148 3452 multitudinem
3160 3398 3375 3452 obviam
3397 3396 3562 3469 516
3594 3414 3713 3451 meo

2133 3488 2348 3560 spiritui
2391 3488 2587 3543 veniat.
2640 3488 2921 3544 Universis
2960 3503 3093 3544 vero
3140 3504 3246 3543 non
3288 3503 3478 3557 parum
3540 3489 3717 3560 lacry-

2135 3582 2431 3648 tnantibus,
2459 3582 2670 3652 jussita
2711 3596 2772 3637 se
2818 3580 3022 3636 auferri
3054 3580 3384 3651 epomidem,
3418 3580 3713 3635 analabum

2135 3686 2189 3730 et
2223 3674 2422 3730 lorum.
2464 3672 2537 3728 Ut
2565 3682 2744 3728 autem
2780 3672 3051 3728 cucullam
3087 3672 3251 3727 etiam
3282 3687 3487 3729 exuere
3514 3673 3704 3730 voluit.

2137 3765 2392 3819 restitere
2434 3762 2669 3819 Patres:
2705 3763 2782 3819 Ne
2840 3763 2892 3817 id
2940 3761 3139 3833 egeris,
3158 3760 3344 3829 Pater,
3373 3761 3714 3831 inquiebait.

2138 3855 2378 3926 Equum
2410 3863 2494 3912 est
2525 3862 2578 3910 te
2604 3870 2727 3912 cum
2761 3864 2948 3910 sancta
2981 3865 3133 3910 veste
3156 3854 3554 3911 consummari.
3582 3852 3707 3918 Qui-

2139 3951 2242 4006 bus
2276 3961 2496 4005 sanctus
2555 3948 2837 4019 respondit
2869 3965 2884 4002 :
2931 3946 3122 4004 Patres
3159 3955 3215 4002 et
3246 3946 3468 4012 fratres,
3512 3946 3605 4015 qui
3635 3944 3723 3996 ln—

2139 4053 2343 4107 ctatur,
2376 4041 2553 4096 nudus
2585 4040 2846 4094 luctatur.
2892 4037 3056 4094 Nefas
3114 4053 3242 4095 vero
3275 4053 3398 4094 esse
3427 4038 3703 4098 existimo,

2139 4141 2387 4188 sanctum
2422 4132 2525 4187 huc
2560 4130 2939 4185 indumentum
2970 4144 2998 4183 a
3024 4128 3181 4199 plebe
3209 4144 3365 4185 more
3391 4142 3588 4185 canum
3637 4127 3717 4178 al-

2135 4222 2374 4277 latrante
2402 4221 2637 4276 ludibrio
2662 4219 2877 4274 haberi.
2949 4219 3045 4275 His
3104 4233 3229 4275 cum
3261 4219 3453 4274 Patres
3488 4217 3709 4273 assensi

2141 4314 2396 4377 fuissent,
2419 4313 2534 4381 ipse
2559 4311 2676 4364 sola
2709 4311 2891 4364 tunica
2914 4310 3143 4378 pellicea
3177 4309 3417 4364 amictus
3447 4321 3571 4360 cum
3609 4303 3715 4359 illis

2136 4406 2336 4460 sedens
2368 4403 2433 4458 de
2465 4401 2643 4458 salute
2682 4401 3007 4456 disserebat.

456 4496 653 4560 πείσας
675 4497 802 4560 τοὺς
860 4496 1142 4569 Πατέρας,
1183 4498 1293 4552 ἀπὸ
1347 4498 1509 4571 μόνου
1580 4498 1673 4553 τοῦ
1719 4499 2042 4571 δερματίνου
2117 4498 2342 4569 χιτῶνος
2375 4493 2491 4566 μετ’
2520 4491 2703 4548 αὐτῶν
2729 4490 2965 4556 καθίσας
3013 4491 3212 4562 ὡμίλει
3236 4491 3308 4547 τὰ
3358 4492 3490 4563 περὶ
3536 4505 3714 4559 σωτη-

456 4584 606 4658 ρίας.

540 4698 685 4754 ’θ’δέ
710 4696 927 4762 ἀλαζὼν
955 4700 1161 4761 ἐκεῖνος
1199 4697 1473 4769 βασιλεὺς,
1513 4698 1601 4751 διὰ
1656 4699 1751 4752 τοῦ
1783 4700 2033 4753 νυκτικό-

2209 4691 2435 4747 interim
2466 4703 2732 4759 arrogans
2766 4689 2855 4742 ille
2881 4689 3179 4758 imperator
3198 4689 3567 4760 nycticoracis
3602 4691 3719 4746 dee-

458 4809 628 4864 ρακος
655 4790 908 4861 δαίμονος
953 4791 1115 4858 γνοὺς
1150 4790 1219 4843 τὰ
1245 4790 1388 4843 κατὰ
1418 4791 1513 4843 τὸν
1555 4789 1711 4858 ἅγιον
1735 4793 1793 4844 ἐν
1824 4792 1887 4861 τῇ
1919 4809 2029 4860 φυ-

455 4880 599 4952 λακῇ
636 4877 1212 4951 παρακολουθήσαντα,
1262 4878 1358 4932 καὶ
1389 4878 1497 4930 τῶν
1527 4878 1767 4931 εὐσεϐῶν
1799 4879 2030 4933 ἐκείνων

456 4970 837 5041 αὐταδέλφων,
887 4971 1018 5043 περὶ
1059 4969 1320 5040 δευτέραν
1364 4971 1512 5040 ῶραν
1564 4970 1663 5041 τῆς
1695 4972 1907 5044 ἡμέρας
1937 4971 2033 5025 τοῦ

458 5063 633 5118 ὕπνου
665 5062 982 5127 διαναστὰς,
1007 5061 1304 5115 λεοντιαῖον
1330 5059 1560 5133 βρύξας,
1597 5062 1688 5115 καὶ
1719 5066 1799 5126 εἰς
1848 5065 1914 5116 τὰ
1946 5063 2036 5133 βα·

459 5155 648 5210 σιλικὰ
723 5154 1042 5224 ἐκπηδήσας
1102 5151 1397 5222 προαύλια,
1463 5153 1650 5224 βιαίως
1717 5155 2028 5224 ἠλάλαξεν·

455 5244 535 5301 Ὅ
558 5246 689 5318 βίαι
737 5244 913 5307 οὐδείς
969 5261 1058 5316 μοι
1120 5246 1148 5297 6
1192 5243 1436 5313 βοηθῶν;
1488 5246 1554 5296 Τί
1602 5247 1726 5315 ἐμοὶ
1772 5248 1865 5299 καὶ
1927 5249 2040 5310 τοῖς

458 5335 928 5407 ἁμνημονεύτοις
964 5333 1085 5387 Τῶν
1140 5332 1196 5386 δὲ
1262 5333 1637 5388 κοιλιοδούλων
1688 5338 2036 5409 αὑτοκλήτων

460 5427 628 5480 αὑτοῦ
681 5426 1020 5480 σπευδόντων
1065 5425 1200 5495 πρὸς
1254 5425 1314 5476 τὸ
1365 5425 1766 5498 λαιμαργικδν,
1825 5433 2037 5493 τούτοις

463 5520 923 5591 προσαπαντήσας
983 5513 1173 5571 εἶπενο
1215 5518 1325 5572 Ποῦ
1382 5520 1720 5597 βορεύεσθε,
1775 5524 1868 5576 καὶ
1915 5522 2036 5577 τινα

462 5608 712 5680 (quin;
748 5611 811 5665 Οί
848 5610 906 5663 δὲ
935 5609 1071 5680 πρὸς
1104 5609 1266 5663 αὐτόν
1291 5625 1303 5638 ·
1329 5609 1472 5681 Πρὸς
1498 5611 1559 5665 σὲ
1584 5612 1676 5665 τὸν
1716 5612 2033 5681 πανάγαθον

2141 4786 2319 4854 monis
2350 4798 2514 4854 opera
2549 4782 2786 4851 cognitis
2819 4781 2889 4835 iis
2916 4795 3039 4849 qua:
3065 4781 3117 4833 in
3154 4796 3381 4836 carcere
3408 4797 3438 4835 a
3471 4783 3582 4852 piis
3611 4784 3719 4838 illis

2144 4852 2412 4931 fratribus
2448 4888 2576 4943 erga
2613 4884 2858 4926 sanctum
2897 4872 3072 4925 virum
3103 4883 3252 4940 gesta
3282 4873 3592 4939 erant,.suh
3622 4889 3704 4929 se-

2141 4968 2373 5024 cundam
2410 4965 2519 5019 diei
2555 4965 2744 5019 horam
2780 4979 2810 5016 e
2866 4979 3057 5018 somno
3139 4965 3400 5029 surrexit,
3434 4963 3716 5033 leonisque

2142 5059 2316 5112 instar
2346 5056 2592 5125 rugiens,
2622 5063 2676 5107 ct
2699 5057 2748 5105 in
2772 5054 3123 5123 imperatoria
3157 5054 3421 5108 vestibula
3448 5054 3713 5109 exsiliens

2144 5147 2381 5201 violento
2460 5160 2582 5199 cum
2614 5144 2820 5196 ululatu
2898 5142 3199 5195 clamavit:
3237 5142 3281 5197 0
3330 5142 3480 5197 vim!
3553 5156 3714 5197 nemo

2146 5238 2279 5293 mihi
2333 5236 2646 5303 adiumento
2669 5245 2751 5289 est
2777 5233 2801 5286 ?
2829 5231 2969 5299 Quid
3000 5233 3128 5286 mihi
3172 5243 3227 5286 et
3276 5231 3563 5288 nefandis?
3589 5232 3719 5301 Ejus

2145 5337 2326 5385 autem
2363 5327 2710 5385 helluonibus
2741 5336 2934 5394 sponte
2971 5326 3036 5378 ad
3071 5325 3490 5380 comessandum
3522 5340 3719 5395 prope-

2145 5426 2388 5479 rantibus
2440 5424 2558 5492 ipse
2612 5436 2911 5477 occurrens
2937 5421 3013 5472 ait
3061 5436 3074 5473 :
3138 5419 3256 5485 Quo
3317 5419 3427 5484 itis,
3484 5434 3719 5489 quemve

2140 5514 2421 5587 qumritis?
2454 5510 2655 5569 Cui'illi
2684 5530 2698 5566 :
2728 5512 2805 5566 Ad
2848 5522 2900 5567 te
2932 5511 3197 5580 Optimum
3234 5519 3482 5564 nostrum
3530 5511 3704 5567 domi.

2140 5626 2290 5675 num,
2318 5620 2375 5664 ut
2435 5609 2538 5663 hac
2596 5609 2681 5662 die
2736 5606 2894 5671 festa,
2927 5619 3049 5673 qua:
3080 5605 3134 5659 in
3183 5606 3443 5660 honorem
3472 5605 3713 5674 impera-

541 5811 567 5851 ι
600 5810 689 5897 ai.“
707 5811 988 5914 ἐσχάταις.
1066 5817 1083 5857 ι
1119 5819 1186 5874 al.
1222 5773 1602 5914 κακηνκάκως.
1683 5824 1722 5854 ⁸³
1754 5815 1826 5872 al.
1883 5816 1982 5887 τὴν
2006 5813 2104 5885 μὲν
2135 5812 2228 5868 τοῦ
2260 5809 2523 5883 βασιλέως
2548 5805 2859 5878 τυραννώδη
2894 5806 3095 5881 μανίαν
3133 5805 3310 5877 τούτῳ
3333 5806 3714 5878 ἀπήγγειλαν,

469 5880 549 5944 εις
582 5880 888 5952 μηδοτιοῦν,
922 5893 1030 5939 etc.
