4024 6424
376 403 512 472 1177

1467 411 1641 473 VITA
1688 412 1750 472 S.
1792 409 2172 473 STEPHANI
2206 412 2594 481 JUNIORIS.

3501 420 3631 486 1175

333 563 347 570 ο
368 545 524 583 κισεν
552 539 593 580 ι’.
627 528 735 582 Καὶ
757 521 825 598 ἦν
858 527 984 580 ἰδεῖν
1018 529 1197 581 πᾶσαν
1224 526 1324 595 τὴν
1360 528 1469 581 τῶν
1513 531 1765 596 ἐγκάτων
1801 533 1918 583 οξκο

2053 531 2345 586 crudeliter
2386 532 2438 586 in
2481 532 2599 600 ejus
2633 541 2879 587 ventrem
2921 531 3189 604 proiecto,
3218 534 3368 588 illum
3404 538 3456 590 in
3494 540 3629 591 duas

367 619 564 686 νομίαν
598 618 700 673 σὺν
721 620 835 681 τοῖς
871 618 1112 687 ἐντέροις
1149 618 1245 670 ἐπὶ
1270 619 1368 687 τῆς
1394 619 1500 688 γῆς
1530 616 1806 685 προῦπτον
1855 637 1948 670 συο

334 752 340 759 .
367 711 604 780 ρομένην
635 710 846 771 δεινῶς.
899 711 1104 772 Ὄντως
1136 710 1288 763 οὐδὲν
1313 711 1406 764 τοῦ
1436 710 1682 764 τοιούτου
1716 711 1946 765 Θανάτου

362 800 690 869 δεινότερον,
733 800 853 852 οὐδὲ
882 800 941 851 ἐν
974 802 1087 862 τοίς
1129 799 1389 870 Ἕλλησιν
1435 800 1610 869 ἐφάνη
1644 800 1795 855 ποτε.
1838 800 1947 853 Καὶ

362 896 476 962 γὰρ
505 894 643 963 μετὰ
668 892 729 945 τὸ
757 890 1059 945 ἐκπνεῦσαι
1091 892 1278 957 αὐτὸν,
1307 895 1419 955 τοῖς
1472 891 1640 956 λίθοις
1691 892 1785 945 καὶ
1833 893 1944 954 τοίς

361 983 542 1049 ξύλοις
584 984 646 1038 τὺ
687 983 847 1054 σῶμα
875 984 1069 1054 νεκρόν
1118 985 1369 1039 ἔτυπτον.
1416 986 1490 1038 Οὐ
1532 985 1690 1054 μόνον
1734 984 1844 1054 γὰρ
1894 987 1942 1037 οί

359 1075 573 1145 ἄνδρες,
611 1075 749 1129 ἀλλὰ
774 1077 867 1129 καὶ
888 1063 1168 1144 γυναῖκες,
1197 1076 1290 1129 καί
1321 1075 1628 1138 παῖδες-τὰς
1658 1075 1942 1145 διατριϐὰς

357 1164 610 1219 κελεύσει
630 1166 723 1218 τοῦ
740 1167 1003 1235 τυράννου
1025 1165 1474 1235 καταλείψαντες,
1498 1164 1636 1236 μετὰ
1650 1166 1758 1218 τῶν
1776 1164 1942 1219 λίθων

357 1256 601 1327 ἔτρεχον.
638 1257 776 1310 Ἀλλ’
800 1257 849 1309 εἰ
867 1257 961 1311 καί
979 1274 1064 1320 τις
1085 1258 1401 1327 ἀπήντησεν
1428 1258 1492 1310 τὸ
1517 1256 1769 1310 θεόθυτον
1785 1258 1942 1310 τοῦτο

355 1347 760 1418 ὁλοκάρπωμα,
790 1348 839 1400 εί
860 1348 1018 1402 τοῦτο
1045 1347 1213 1411 λίθοις
1238 1349 1299 1401 οὐ
1328 1348 1750 1418 προσέκρουσεν,
1782 1347 1942 1401 εὐθύ-

356 1457 452 1502 νας
477 1440 882 1510 εἰσεπράττετο,
900 1439 977 1502 ὼς
1007 1440 1173 1493 αὑτοῦ
1202 1440 1505 1509 προσφιλὴς
1529 1440 1623 1491 καὶ
1651 1439 1758 1492 τῶν
1782 1440 1937 1509 βασι-

357 1466 451 1502 νας
477 1466 882 1510 εισιπματτετυ,
900 1466 974 1502 ως
1007 1466 1173 1493 αυτυυ
1202 1466 1502 1509 πρυσφυιης
1531 1466 1623 1491 και
1651 1466 1758 1492 των
1782 1466 1937 1509 Ραῡι-

326 1466 491 1619 ἰλέων
513 1532 726 1603 ἐχθρός.
765 1532 854 1594 Ὠς
877 1532 934 1586 δέ
965 1532 1059 1586 τὸν
1082 1531 1176 1584 τοῦ
1198 1531 1330 1594 Bob;
1355 1532 1520 1584 τόπον
1540 1530 1652 1600 (27)
1671 1533 1720 1584 οἰ
1750 1531 1938 1603 σύρον-

330 1625 445 1691 iter;
462 1622 785 1688 κατέλαϐον,
806 1622 1052 1692 κάπηλός
1068 1641 1151 1687 τις
1172 1623 1361 1693 ἰχθύας
1379 1626 1437 1675 ἐν
1457 1622 1534 1693 τῷ
1559 1623 1779 1694 τηγάνῳ
1807 1640 1939 1677 κατε

258 1724 269 1731 ‘
362 1714 555 1775 ›πτῶν,
577 1715 673 1768 ἐπὶ
705 1715 806 1785 τῆς
845 1715 1115 1785 δημοσίας
1163 1714 1287 1768 ἰδὼν
1309 1715 1401 1768 τὸν
1428 1714 1584 1782 ἅγιον
1614 1713 1932 1786 συρόμενον,

349 1805 449 1858 καὶ
478 1805 638 1871 δόξας
666 1805 830 1859 αὑτὸν
880 1804 962 1858 ἑτι
994 1805 1118 1875 ζῇν,
1144 1805 1300 1859 δαλὸν
1324 1807 1391 1859 ὲκ
1421 1805 1513 1859 τοῦ
1540 1807 1712 1875 πυρὸς
1741 1806 1932 1878 δραξά-

2051 632 2235 690 partes
2254 624 2505 688 discidit;
2535 625 2769 694 hincque
2795 625 2979 679 videre
3004 638 3123 679 erat
3153 637 3319 681 totam
3352 644 3624 683 vnscerum

2050 727 2368 782 compagem
2389 729 2511 767 cum
2543 713 2818 768 intestinis
2838 714 3077 766 omnimn
3101 714 3274 768 oculis
3296 716 3627 781 expositam,

2052 807 2387 859 truculentrr
2419 822 2515 875 per
2539 817 2742 859 terram
2790 806 2949 859 trahi.
2987 804 3237 860 Profecto
3271 807 3406 860 nihil
3442 805 3625 874 hujus-

2050 899 2195 951 tnodi
2249 910 2421 952 morte
2485 900 2737 955 acerbius
2774 900 2855 955 vel
2908 901 3051 969 apud
3111 900 3341 969 gentiles
3370 915 3621 977 unquam

2046 986 2169 1042 fuit.
2198 987 2442 1057 Namque
2470 1001 2761 1059 postquam
2797 990 2960 1045 etiam
2997 991 3320 1060 exspiravit,
3352 990 3625 1059 lapidibus

2044 1088 2100 1131 et
2131 1079 2364 1133 fustibus
2424 1081 2739 1135 eratnimum
2780 1083 3017 1136 cadaver
3069 1081 3478 1151 percutiebant.
3515 1079 3625 1134 Nec

2045 1184 2173 1224 vero
2206 1170 2306 1224 soli
2340 1171 2462 1234 viri,
2498 1173 2590 1227 sed
2624 1172 2793 1225 etiam
2841 1173 3099 1226 mulieres
3126 1182 3181 1225 et
3204 1173 3381 1242 pueri,
3412 1170 3621 1225 scholis

2040 1262 2191 1330 jussu
2250 1263 2466 1334 tyranni
2492 1263 2717 1325 relictis,
2768 1278 2890 1317 cum
2949 1265 3218 1333 lapidibus
3278 1263 3597 1319 currebant.

2041 1353 2180 1418 Quin
2216 1354 2381 1408 etiam
2419 1354 2464 1406 si
2519 1354 2643 1422 quis
2674 1353 2813 1408 forte
2847 1355 2949 1408 hoc
2984 1355 3091 1408 Deo
3130 1355 3465 1407 immolatum
3516 1351 3620 1406 h0-

2041 1442 2345 1497 locaustum
2377 1443 2593 1496 obviam
2629 1445 2876 1506 haberet,
2916 1446 3018 1500 nisi
3054 1448 3105 1499 in
3137 1446 3265 1498 illud
3300 1446 3507 1513 lapides
3533 1444 3621 1514 ja-

2040 1537 2211 1601 ceret,
2256 1551 2379 1590 reus
2440 1537 2700 1605 agebatur
2765 1546 3022 1607 tanquam
3087 1537 3232 1591 illius
3282 1538 3515 1598 amicus,
3565 1546 3622 1590 et

2039 1624 2433 1694 imperatorum
2491 1628 2680 1681 hostis.
2745 1626 3007 1691 Interim,
3087 1627 3374 1698 postquam
3434 1627 3470 1681 ii
3526 1629 3618 1697 qui

2037 1724 2286 1772 sanctum
2323 1726 2617 1787 martyrem
2651 1717 2965 1781 trahebant,
3003 1718 3070 1771 ad
3106 1716 3269 1771 Bovis
3308 1716 3485 1771 locmn
3527 1732 3620 1771 ac-

2038 1819 2347 1870 cesserunt,
2384 1807 2547 1877 520
2578 1821 2754 1877 caupo
2788 1809 3029 1875 quidam,
3083 1809 3174 1876 qui
3208 1809 3383 1875 pisces
3421 1808 3467 1860 in
3494 1822 3616 1860 sar~

348 1863 681 1968 pew;,-atliti.
709 1897 834 1961 δοὺς
883 1863 1174 1968 narycii;
1218 1899 1462 1967 κεφαλῆς
1506 1863 1927 1965 coieris-sirit

2035 1900 2216 1967 tagine
2254 1901 2516 1961 torrebat,
2551 1915 2648 1968 per
2684 1900 2956 1966 publicam
3009 1900 3149 1952 viam
3184 1910 3431 1955 Sanctum
3466 1897 3611 1951 trahi

342 1988 593 2043 ὀπίσθιον
630 1988 796 2060 μέρος
818 1989 917 2060 τῆς
939 1988 1138 2059 κάρας,
1163 1989 1192 2042 ὃ
1218 1989 1437 2057 λέγεται
1467 1990 1796 2061 ήμίκρανον,
1832 2008 1929 2062 με-

343 2083 506 2153 ρίσας
531 2079 868 2154 ἀπέρρηξεν,
894 2082 990 2135 καὶ
1019 2081 1232 2152 διεχέοη
1257 2084 1350 2136 ἐπὶ
1382 2083 1482 2152 τῆς
1514 2082 1620 2153 γῆς
1642 2083 1705 2136 τὸ
1729 2084 1927 2138 λεπτὸν

342 2174 441 2227 καὶ
489 2171 687 2233 ὑλῶδες
737 2172 833 2226 τοῦ
880 2173 1208 2241 ἐγκεφάλου.
1270 2173 1515 2242 Εὐσεϐὴς
1560 2175 1619 2229 δέ
1671 2193 1758 2239 τις
1787 2175 1926 2248 ἀνὴρ

339 2267 572 2334 ὀνόματι
597 2265 876 2336 Θεόδωρος
906 2264 1130 2318 ὄπισθεν
1169 2265 1553 2320 ἐπακολουθῶν
1581 2268 1927 2338 κρυφιογνώο

339 2376 485 2430 μως,
540 2359 776 2429 ποιήσας
828 2358 1023 2415 ἑαυτὸν
1077 2358 1464 2428 ὀλισθήσαντα,
1498 2360 1769 2431 καὶπρὸς
1819 2360 1925 2430 γῆν

339 2448 624 2518 κεκυφὼς,
653 2450 716 2503 τὸ
740 2450 897 2518 ἅγιον
938 2452 1119 2531 ἐκεῖνο
1145 2450 1400 2520 λείψανον
1426 2452 1701 2522 ἀράμενος
1729 2452 1823 2506 καὶ
1845 2451 1924 2521 τῷ

336 2540 654 2613 ἐγχειριδίῳ
681 2541 883 2607 ἑλίξας,
904 2545 1001 2596 καὶ
1023 2543 1132 2596 ἔσω
1167 2544 1278 2598 τῶν
1309 2545 1542 2616 ἱματίων
1566 2544 1733 2598 αὑτοῦ
1764 2543 1925 2598 τοῦτο

332 2632 725 2702 κατακρύψας,
785 2633 1039 2701 ἐπείγετο
1070 2635 1209 2705 πρὸς
1260 2635 1361 2705 τὴν
1390 2635 1741 2701 ἀκολουθίαν,
1791 2637 1922 2691 ἰδεῖν

338 2724 667 2795 βουλόμενος
697 2725 801 2778 ποῦ
834 2725 929 2778 τὸν
973 2726 1130 2795 άγιον
1163 2727 1399 2798 etenim
1435 2727 1573 2796 πρὸς
1612 2728 1780 2799 βορὰν
1805 2731 1922 2792 τοῖς

339 2815 520 2870 κυσίν.
567 2815 623 2870 '0
642 2815 700 2868 δὲ
739 2817 975 2888 πονηρὸς
998 2819 1208 2881 ἐκεῖνος
1236 2819 1363 2883 λαὸς
1393 2820 1529 2890 πρὸς
1557 2820 1618 2872 τὸ
1644 2822 1919 2891 μοναστή-

344 2923 459 2979 ριον
501 2906 597 2961 τοῦ
648 2909 1003 2963 Μονοκιονίου
1047 2911 1248 2981 ἤκασιν
1287 2911 1562 2982 σύροντες,
1594 2911 1722 2965 ἔνθα
1765 2909 1834 2984 ἦν
1884 2914 1918 2986 η

336 2998 431 3050 τοῦ
481 2998 639 3066 ἁγίου
685 2997 914 3070 ἀδελφὴ,
959 3001 1107 3063 ὅπως
1138 3001 1310 3073 αὐτὴν
1344 3003 1671 3070 ἐκϐάλωσιν,
1706 2993 1801 3059 τοῦ
1835 3004 1917 3057 λιι

335 3088 502 3144 θάσαι
534 3091 695 3155 ἰδίαις
724 3094 915 3163 χερσὶν
946 3094 1039 3149 τὸν
1061 3095 1289 3163 ἀδελφὸν
1319 3096 1416 3149 καὶ
1449 3098 1728 3168 μάρτυρα.
1769 3098 1833 3151 Ἠ
1862 3099 1918 3152 δὲ

2031 1992 2243 2054 videns,
2280 1990 2427 2044 llllltll
2479 1992 2657 2044 adhuc
2693 1992 2875 2045 vivere
2908 2002 3077 2053 ratus,
3117 1991 3311 2044 titione
3367 2005 3432 2043 ex
3490 1988 3615 2056 igne

2029 2091 2249 2151 arrepto
2275 2082 2447 2136 sancti
2475 2093 2636 2150 caput
2665 2082 2958 2150 percussit,
2995 2098 3101 2151 quo
3141 2082 3359 2151 quidem
3385 2080 3612 2135 vulnere
3710 2076 3715 2079 ’

2028 2174 2392 2243 posteriorem
2425 2173 2623 2242 capitis
2648 2183 2882 2243 partem,
2914 2188 3077 2242 quam
3112 2174 3481 2225 ltetttit'ranuut
3516 2185 3612 2239 ap-

2027 2266 2252 2335 pellant,
2285 2266 2563 2334 separavit
2607 2276 2662 2320 et
2707 2267 2999 2333 confregit,
3038 2275 3199 2332 atque
3233 2263 3381 2316 humi
3435 2261 3606 2316 emtsa

2026 2367 2112 2413 est
2166 2358 2378 2413 cerebri
2446 2358 2666 2411 subtilis
2721 2359 3053 2413 substantia.
3117 2356 3212 2410 Vir
3257 2365 3436 2410 autem
3483 2355 3609 2423 qui-

2026 2449 2148 2505 dam
2202 2448 2508 2519 religiosus,
2546 2446 2870 2506 Theodorus
2934 2451 3172 2514 nomine,
3237 2449 3328 2516 qui
3358 2492 3363 2497 .
3394 2447 3607 2501 occulta

2024 2551 2259 2596 mentea
2312 2552 2463 2612 tergo
2520 2544 2880 2610 sequebatur,
2938 2556 2999 2595 se
3054 2542 3261 2610 lapsum
3313 2539 3602 2605 simulans,

2024 2647 2191 2702 seque
2247 2631 2302 2686 in
2335 2642 2538 2695 terram
2586 2634 2885 2695 inclinans,
2932 2645 3154 2688 sanctas
3190 2633 3309 2686 illas
3344 2630 3608 2700 reliquias

2023 2725 2241 2779 sustulit
2291 2733 2347 2779 et
2401 2726 2619 2780 sudario
2692 2725 2963 2789 involvit,
3031 2725 3229 2794 quibus
3302 2722 3444 2777 intra
3503 2737 3604 2775 sua

2021 2816 2348 2870 veStimenta
2401 2816 2780 2882 absconditis,
2828 2817 2983 2887 sequi
3030 2815 3336 2880 festinavit,
3392 2814 3607 2868 videndi

2022 2907 2318 2973 desiderio,
2353 2922 2646 2976 quemnam
2685 2908 2736 2961 in
2776 2908 2955 2966 locum
2989 2918 3246 2961 sanctum
3309 2919 3610 2976 martyrem

2020 2999 2206 3053 cibum
2234 2999 2466 3053 canibus
2496 2999 2846 3069 projicerent.
2885 2997 3139 3052 Nefarins
3167 3008 3295 3051 vero
3327 2998 3414 3051 ille
3439 3014 3613 3066 popu-

2022 3093 2107 3145 lus
2137 3101 2387 3145 sanctum
2426 3091 2713 3154 trahendo,
2752 3092 2903 3145 venit
2958 3091 3022 3143 ad
3060 3090 3449 3144 moaasterium
3488 3089 3611 3142 illo-

332 3183 496 3251 τιμία
528 3184 714 3254 ἐκείνη
747 3185 844 3238 καὶ
873 3185 1018 3239 κατὰ
1045 3185 1308 3256 ἀλήθειαν
1339 3187 1545 3259 ἀδελφὴ
1576 3191 1641 3259 τῇ
1666 3205 1726 3241 τε
1760 3187 1923 3258 φύσει

2029 3183 2288 3249 nocionii,
2316 3185 2405 3237 ubi
2442 3185 2616 3237 sancti
2644 3198 2801 3237 soror
2835 3183 3089 3252 degebat,
3128 3193 3181 3235 ut
3215 3197 3407 3250 nempe
3459 3182 3609 3233 illam

334 3278 433 3330 καὶ
485 3275 684 3349 γνώμῃ
720 3277 817 3330 τοῦ
868 3279 1052 3347 ἁγίου,
1086 3279 1401 3350 προγνοῦσα
1434 3281 1535 3353 τὴν
1580 3280 1795 3349 ἔφοδον,
1836 3284 1919 3345 είς

336 3368 534 3438 μνῆμα
568 3368 844 3423 σκοτεινὸν
896 3370 1097 3441 ἑαυτὴν
1135 3372 1490 3440 ἐγκλείσασα,
1554 3372 1811 3443 διέφυγεν
1859 3373 1921 3426 τὸ

331 3458 580 3513 τοιοῦτον
621 3461 954 3533 ἐγχείρημα.
1006 3464 1418 3534 Ἀποτυχόντων
1450 3466 1507 3519 δὲ
1562 3465 1671 3518 τῶν
1706 3465 1920 3520 ἀσεϐῶν
1954 3488 1959 3491 -

334 3553 432 3605 καὶ
457 3551 534 3622 μὴ
561 3552 835 3615 εὑρόντων
863 3554 1056 3624 αὐτὴν,
1092 3550 1250 3618 αὖθις
1276 3557 1339 3608 ἐκ
1367 3556 1479 3609 τῶν
1510 3556 1689 3609 ἐκεῖσε
1717 3556 1918 3628 σύραν-

330 3660 427 3707 τες
457 3644 549 3696 τὸν
574 3642 752 3711 ἅγιον,
774 3645 914 3716 πρὸς
938 3645 1031 3698 τὸν
1061 3646 1285 3716 βόθυνον
1315 3647 1406 3700 τὸν
1434 3646 1667 3701 ἐθνικῶν
1707 3649 1802 3702 καὶ
1824 3666 1921 3702 κα-

331 3734 571 3787 ταδίκων
612 3734 930 3805 ἡκόντισαν,
971 3735 1099 3789 ἔνθα
1141 3732 1260 3807 ἦ·ιό
1292 3736 1387 3790 τοῦ
1423 3738 1581 3803 ἁγίου
1640 3737 1921 3809 μάρτυρος

332 3827 603 3894 Πελαγίου
632 3827 782 3890 ναός.
808 3828 905 3880 Ὃν
933 3829 962 3881 ὁ
989 3828 1243 3897 μισάγιος
1276 3828 1538 3900 τύραννος
1568 3829 1746 3902 εὑρὼν
1783 3846 1922 3900 συμ-

331 3919 665 3972 πεπτωκότα
688 3930 710 3958 ι
765 3919 1073 3973 καταδίκων
1112 3910 1283 3988 τάφον
1314 3922 1657 3991 πεποίηκεν,
1722 3923 1816 3976 καὶ
1851 3921 1922 3975 τὰ

329 4011 603 4079 Πελαγίου
642 4012 1016 4082 ἐπωνόμασεν.
1042 4012 1150 4066 Καὶ
1179 4013 1352 4083 ἐφάνη
1377 4016 1554 4068 ἐκεῖνο
1574 4015 1634 4068 τὸ
1650 4031 1920 4085 προφητι-

330 4103 443 4164 κῶς
479 4102 723 4174 ἐναργῶς
751 4105 1044 4176 εἰρημένον
1065 4119 1079 4133 ⁸
1114 4105 1222 4158 Καὶ
1249 4107 1404 4174 μετὰ
1448 4106 1691 4176 ἀνόμων
1718 4107 1919 4177 ἐλοτία

330 4198 451 4261 σθη
503 4196 533 4249 ὁ
591 4195 822 4259 δίκαιος.
883 4196 1076 4249 Ἔνθεν
1130 4199 1180 4249 οἱ
1226 4197 1427 4268 λῃσταὶ
1475 4198 1920 4268 ὑποστρέψαντες

331 4289 468 4356 πρὸς
494 4286 586 4339 τὸν
613 4285 861 4357 βασιλέα,
882 4287 956 4351 ὡς
981 4289 1092 4342 ἀπό
1117 4305 1262 4351 τινος
1279 4289 1516 4359 πολέμου
1534 4291 1798 4357 γενναίως
1825 4290 1922 4343 άνο

326 4378 801 4448 δραγαθήσαντες,
823 4380 1119 4451 ἐδέχθησαν
1157 4380 1470 4449 παράὐτοῦ
1515 4381 1914 4451 ἀσμενέστατα.

330 4473 440 4525 Καὶ
469 4471 644 4537 οὕτως
665 4475 764 4526 σὺν
792 4475 977 4536 αὐτοῖς
1001 4476 1028 4526 ὀ
1054 4473 1315 4544 τύραννος
1339 4476 1420 4539 είς
1452 4473 1771 4544 πολύκρεων
1791 4473 1919 4543 τρά-

332 4564 506 4630 πεζαν
546 4566 861 4631 καθεσθεὶς,
910 4568 1004 4620 τὸν
1048 4568 1143 4621 τοῦ
1194 4569 1357 4637 ἁγίου
1390 4566 1650 4638 πολυειδῆ
1686 4566 1917 4621 θάνατον

330 4657 568 4723 ἁκούων,
599 4657 854 4728 μεγάλως
885 4658 1064 4726 γελῶν
1093 4659 1485 4733 κατῃσχύνετο.

411 4921 735 4995 Ἐτελειύιθη
792 4921 851 4976 δὲ
884 4924 912 4976 ό
964 4921 1117 4990 ᾰγιος
1140 4920 1236 4975 τοῦ
1274 4920 1412 4975 Θεοῦ
1463 4924 1557 4975 καὶ⁹
1584 4922 1918 4993 όσιόμαρτυς

326 5015 605 5081 Στὲςιανος
627 5012 705 5084 τῷ
739 5012 1093 5084 πεντηκοστῴ
1125 5013 1296 5084 τρίτῳ
1329 5013 1346 5049 ί
1379 5013 1558 5084 χρόνῳ
1606 5014 1704 5078 τῆς
1741 5012 1912 5067 αὑτοῦ

328 5106 597 5176 ἡλικίας,
645 5108 777 5177 μηνὶ
825 5105 1162 5178 Νοεμϐρίῳ,
1200 5104 1376 5161 εἰκάδι
1427 5106 1624 5181 ὀγδόῃ,
1666 5108 1725 5159 ἐν
1776 5102 1811 5181 ᾗ
1856 5107 1916 5160 τὸ

406 5264 422 5297 ⁸
447 5260 546 5317 lsa.
574 5277 690 5329 LIII,
726 5262 810 5316 l2.

2023 3277 2089 3330 ad
2123 3276 2351 3330 fratrem
2402 3286 2457 3330 et
2494 3288 2792 3345 martyrem
2819 3276 3056 3344 propriis
3092 3277 3340 3328 ntauibus
3363 3275 3613 3341 lapidati-

2026 3369 2152 3423 dum
2192 3376 2435 3438 cogeret.
2475 3365 2699 3430 Verum,
2734 3368 3042 3421 veneranda
3081 3367 3169 3421 illa
3218 3377 3271 3420 et
3331 3375 3520 3419 natura
3556 3375 3613 3419 et

2020 3459 2189 3513 animi
2226 3458 2498 3514 sententia
2527 3458 2706 3513 sancti
2770 3472 2959 3541 reyera
2989 3473 3170 3522 soror,
3206 3457 3427 3510 incursu
3461 3469 3608 3522 pra:-

2021 3550 2266 3620 cognito,
2302 3564 2426 3605 sese
2456 3550 2509 3603 in
2545 3549 2896 3604 tenebrosum
2930 3557 3342 3603 monumentum
3375 3547 3611 3600 incluse-

2024 3649 2130 3703 rat,
2168 3653 2278 3708 quo
2311 3649 2471 3708 pacto
2492 3638 2709 3691 illorum
2739 3628 2969 3692 conatus
3001 3635 3212 3705 etfugit.
3244 3633 3430 3705 Itaque
3457 3633 3611 3703 impii

2027 3732 2296 3796 frustrati,
2350 3730 2439 3786 illa
2477 3745 2586 3786 non
2625 3731 2869 3796 inventa,
2937 3745 3128 3783 rursus
3185 3728 3311 3783 inde
3360 3736 3613 3782 sanctum

2020 3833 2267 3888 traxere,
2301 3839 2538 3892 eumque
2573 3823 2626 3877 in
2674 3837 3010 3892 paganorum
3044 3832 3097 3875 et
3119 3823 3496 3874 danmatorum
3532 3818 3609 3872 fo-

2020 3931 2175 3970 veam
2212 3916 2479 3986 deiecere,
2509 3916 2599 3970 ubi
2628 3914 2886 3970 nimirqu
2912 3914 3090 3968 sancti
3115 3914 3372 3980 martyris
3400 3909 3606 3977 Pelagii

2022 4006 2182 4078 521
2220 4005 2476 4074 templum
2505 4005 2634 4059 olim
2673 4014 2813 4065 erat,
2851 4001 2996 4071 quod
3019 4016 3141 4055 cum
3175 4000 3386 4069 lapsum
3449 4013 3607 4065 repe-

2020 4101 2185 4154 risset
2216 4107 2529 4151 sanctorum
2570 4095 2744 4149 hostis
2774 4103 3073 4163 tyrannus,
3100 4091 3481 4145 damnatormu
3517 4104 3608 4144 se-

2023 4190 2277 4261 pulcrum
2306 4186 2508 4253 eﬁ‘ecit,
2535 4186 2848 4255 Pelagiique
2884 4185 3044 4239 titulo
3089 4182 3391 4252 insignivit.
3452 4179 3609 4234 Tunc

2022 4282 2151 4336 illud
2208 4279 2490 4350 prophetae
2514 4279 2718 4334 dictum
2746 4276 3047 4331 luculenter
3076 4273 3359 4344 apparuit:
3387 4272 3450 4324 Et
3484 4287 3607 4325 cum

2019 4373 2290 4426 sceleratis
2318 4378 2593 4438 reputatae
2617 4379 2690 4423 est
2716 4369 2955 4436 ‘justus.
2980 4364 3110 4420 lude
3142 4366 3233 4418 isti
3267 4365 3507 4416 latrones
3534 4366 3604 4416 ad

2021 4464 2407 4532 imperatorem
2444 4462 2672 4525 reversi,
2701 4461 2856 4530 quasi
2891 4460 2941 4512 in
2978 4458 3162 4527 aliquo
3197 4457 3337 4510 bello
3372 4456 3601 4526 egregie
3672 4504 3675 4505 ν

1950 4545 1993 4600 D
2022 4571 2141 4611 sese
2184 4556 2505 4627 gessissent,
2537 4555 2607 4610 ab
2661 4568 2723 4607 eo
2774 4553 3151 4605 amantissime
3194 4548 3406 4616 excepti
3436 4556 3588 4609 sunt,

2022 4650 2344 4720 quibuscum
2389 4636 2651 4720 tyrannus
2690 4647 2758 4702 ad
2818 4646 3018 4698 lautam
3071 4657 3312 4697 mensam
3374 4641 3601 4704 sedens,

2025 4738 2379 4809 multiplicem
2415 4738 2590 4793 sancti
2623 4745 2852 4791 mortem
2897 4733 3190 4796 audiendo,
3227 4731 3604 4785 vehementr-r-

2021 4849 2130 4905 que
2152 4833 2377 4888 ridendo
2405 4846 2527 4887 sese
2551 4828 2942 4885 dedecorabat.

2099 4924 2267 4979 Porro
2293 4933 2516 4977 sanctus
2550 4922 2644 4975 Dei
2688 4930 2896 4989 martyr
2932 4919 3242 4988 Stephanus
3273 4913 3410 4967 obiit
3436 4912 3608 4980 quin-

2022 5015 2341 5087 quagesimo
2380 5017 2541 5068 tertio
2578 5029 2690 5066 suae
2738 5012 2916 5065 relatis
2944 5026 3109 5073 anno,
3156 5021 3340 5063 mense
3369 5000 3604 5059 Novem-

2022 5110 2132 5173 bri,
2163 5110 2250 5163 dic
2278 5107 2542 5175 vigesima
2575 5115 2789 5171 octava,
2837 5120 2941 5174 qua
2970 5104 3292 5158 elementum
3330 5098 3530 5153 littem
3559 5096 3605 5150 ε

1618 5378 1849 5433 VARUS
1886 5378 2290 5434 LECTIUNES.

405 5525 427 5557 π
461 5515 534 5573 al.
561 5515 835 5570 ἐλάκισεν.
914 5524 937 5552 ⁸
976 5514 1044 5569 al.
1076 5514 1482 5585 συμπίπτοντα.

1570 5517 1587 5551 ί
1622 5515 1823 5587 Regius
1852 5516 2037 5571 Codex
2064 5533 2164 5571 non
2198 5517 2359 5572 habet
2387 5519 2581 5589 τρίτῳ.

1840 5630 2067 5687 NOTAE.

405 5768 522 5841 (9.7)
562 5770 712 5839 Βοός
763 5774 981 5840 τόπον,
1037 5774 1210 5829 forum
1256 5783 1376 5829 erat
1428 5771 1837 5842 Constantinop.
1888 5789 1917 5827 a
1959 5775 2096 5833 hove
2160 5791 2302 5834 {creo
2354 5775 2435 5833 sic
2491 5774 2718 5832 dictum.
2765 5771 2898 5829 Vide
2947 5770 3358 5841 Constantinop.
3402 5768 3601 5825 “riu.

328 5840 427 5896 lib.
461 5840 505 5905 ι,
537 5857 589 5910 p.
629 5843 698 5897 82

2176 5912 2225 5942 δ
