4024 6482
399 415 538 482 1179

1581 421 1961 481 STEPHANI
2002 415 2280 479 DIACON
2287 419 2314 479 Ι
2353 418 2461 481 ΕΡ.

3544 407 3681 476 1180

397 548 428 586 a
490 529 836 586 Brumalistis
880 528 1186 583 daemonum
1254 527 1555 587 cultoribus
1607 548 1729 587 cmn
1788 548 2019 602 pontpa‘

2125 534 2355 602 τοιχεῖον
2405 533 2499 586 τοῦ
2543 531 2583 586 Ε
2624 531 2772 604 παρά
2798 530 2908 585 τῶν
2969 530 3370 601 φιλοδαιμόνων
3401 540 3429 568 υ
3458 533 3674 601 ἐκπομ-

400 625 729 678 ρεΙτιιινοιιιΓ.
765 621 1004 691 Equum
1034 637 1162 675 vero
1201 637 1304 676 nou
1335 633 1443 686 est,
1474 639 1507 678 0
1530 624 1736 691 dilecti,
1764 625 1982 679 silentio

401 718 662 770 mamlare
685 715 967 775 miracula,
997 730 1115 784 qua:
1140 725 1257 783 post
1282 715 1400 780 ejus
1429 729 1660 771 mortem
1695 718 1746 770 in
1769 717 1980 772 laudem

399 819 454 864 et
481 809 707 878 gloriam
740 810 823 860 sui
857 808 1044 861 famuli
1101 810 1479 861 universorum
1541 810 1680 862 Deus
1726 809 1980 878 patravit.

403 902 685 971 Siquidem
734 904 849 970 ipse
904 903 1043 970 apud
1095 901 1434 970 Sci-ipturam
1467 901 1670 956 clamat
1709 920 1720 955 :
1757 903 1862 957 Sed
1894 903 1984 971 qui

405 1009 485 1046 me
517 993 834 1062 glori/imm,
886 993 1213 1062 gloriﬁcabo,
1275 1003 1322 1046 et
1370 995 1459 1062 qni
1504 1010 1583 1046 me
1619 1005 1982 1057 contemnunt,

407 1093 557 1139 erunt
585 1085 838 1154 ignobiles
863 1087 903 1139 ².
940 1085 1072 1137 Dum
1104 1099 1236 1150 ergo
1272 1095 1495 1138 sanctus
1534 1096 1744 1154 martyr
1790 1086 1987 1139 acerba

411 1177 497 1230 illa
532 1187 587 1229 et
619 1176 826 1230 crudeli
886 1189 1060 1229 morte
1109 1178 1443 1240 traheretur,
1482 1180 1734 1244 quamvis
1786 1191 1881 1230 aer
1921 1178 1989 1230 ab

411 1283 609 1322 aurora
645 1267 799 1337 valde
833 1283 1060 1321 serenus
1085 1267 1296 1330 fuisset,
1330 1267 1708 1336 solaribusque
1735 1270 1899 1323 radiis
1924 1271 1990 1322 ad

413 1358 599 1410 horam
638 1358 852 1410 tertiam
891 1356 1213 1420 refulsisset,
1249 1356 1431 1409 subito
1455 1358 1625 1409 nubes
1655 1355 1818 1426 522
1851 1373 2003 1426 quae—

414 1451 533 1503 dam
565 1450 720 1520 ignea
753 1452 902 1504 circa
929 1449 1254 1502 orientalem
1297 1459 1503 1516 partem
1536 1446 1998 1515 Constantinopo-

416 1541 483 1594 lis
508 1550 626 1594 orta
664 1551 749 1594 est
775 1543 838 1593 ad
873 1540 1131 1593 verticem
1161 1542 1386 1602 umutis,
1416 1538 1558 1590 unde
1579 1548 1802 1591 sanctus
1839 1553 1998 1592 sene-

418 1643 525 1686 rat.
553 1632 682 1699 Quae
707 1632 923 1702 quidem
946 1633 1114 1686 nubes
1148 1645 1392 1684 summas
1426 1641 1609 1699 postea
1638 1629 1787 1683 urbis
1817 1640 1998 1697 partes

416 1739 714 1793 occupans,
761 1739 856 1792 per
889 1733 1062 1777 totqu
1113 1738 1295 1776 aerem
1331 1724 1484 1793 nigra
1515 1721 1655 1776 facta
1681 1731 1785 1776 est.
1842 1721 1999 1778 Tunc

423 1817 613 1871 videre
643 1826 764 1871 erat
794 1817 936 1869 diem
969 1827 1022 1868 et
1052 1831 1158 1869 non
1196 1815 1336 1868 diem
1360 1852 1377 1880 ,
1417 1818 1778 1882 tenebrasque
1808 1823 1858 1868 et
1893 1829 1997 1867 non

2089 625 2315 678 πεύεται
2365 623 2813 697 Βρουμαλιστῶν.
2854 623 2981 689 Διὸ,
3036 625 3337 693 ἀγαπητοὶ,
3371 623 3474 676 οὐκ
3524 621 3674 688 ἄξιον

2089 716 2426 786 παραδοῦναι
2457 719 2636 788 σιωπῇ
2687 717 2780 770 καὶ
2813 716 2953 786 μετά
2986 716 3218 770 θάνατον
3278 715 3349 768 τά
3374 715 3470 768 τοῦ
3524 713 3678 769 ὁσίου

2093 809 2193 862 θαυ
2203 813 2385 878 μαστά
2413 809 2736 881 πράγματα,
2759 809 2865 862 ἀπε
2873 826 2904 878 ρ
2925 811 2952 862 6
2968 807 3079 862 τῶν
3101 807 3238 860 ὅλων
3258 807 3394 870 Θεὸς
3417 807 3677 876 ἐποίησεν

2092 907 2172 970 εἰς
2204 906 2423 960 ἔπαινον
2464 909 2560 959 καὶ
2590 905 2748 970 δόξαν
2777 903 2872 958 τοῦ
2903 904 3069 957 αὐτοῦ
3098 903 3472 974 θεράποντος·
3515 903 3678 965 αύτδς

2093 997 2202 1065 γὰρ
2223 996 2516 1066 Γραφικῶς
2542 995 2666 1067 βοᾷ·
2687 994 2841 1049 Ἀλλ’
2859 993 2898 1062 ἢ
2925 993 3069 1058 τοὺς
3107 991 3468 1058 δοξάζοντάς
3485 1008 3559 1060 με
3588 991 3697 1045 δο-

2096 1087 2284 1151 ξάσω,
2309 1088 2406 1141 καὶ
2438 1090 2492 1140 ol
2519 1085 2991 1152 ἐξουθενοῦντές
3031 1102 3109 1155 με
3137 1084 3686 1154 ἀτιμασθήσονται.

2109 1178 2196 1230 Ἐν
2223 1180 2330 1247 γὰρ
2356 1178 2433 1248 τῷ
2455 1179 2545 1232 τὸν
2576 1179 2729 1247 ἀγιον
2750 1177 3011 1248 σύρεσθαι
3033 1175 3114 1247 τῷ
3153 1175 3338 1247 πικρῷ
3356 1176 3551 1245 ἐκείνῳ
3590 1174 3687 1228 καὶ

2096 1271 2317 1338 ἀνηλεεῐ
2341 1269 2676 1341 θανάτῳ,τοῦ
2691 1269 2853 1336 ἀέρος
2867 1270 2974 1322 ἀπὸ
2991 1269 3162 1323 ἕωθεν
3179 1269 3480 1340 εὐκρασίαν
3501 1269 3692 1321 πᾶσαν

2097 1362 2313 1424 εὑδίωςν
2332 1361 2566 1430 ἔχοντος,
2581 1362 2676 1415 καὶ
2691 1361 2790 1425 τάς
2802 1361 3034 1432 ἡλιακὰς
3048 1362 3273 1424 ἀκτῖνας
3293 1377 3330 1430 φ
3337 1359 3690 1431 ρυκτωροῦν-

2099 1468 2188 1514 τος
2210 1450 2315 1514 ἕως
2333 1453 2481 1518 ὥρας
2498 1451 2711 1522 τρίτης,
2731 1451 2886 1520 ἄφνω
2923 1451 3086 1520 νέφος
3111 1467 3166 1503 τι
3184 1451 3436 1520 πυρῶδες
3451 1450 3689 1521 ἐγενήθη

2099 1543 2228 1610 περὶ
2243 1543 2301 1594 τὸ
2319 1543 2453 1614 έῴον
2475 1544 2640 1614 μέρος
2655 1543 2756 1614 τῆς
2777 1542 3407 1606 Κωνσταντινουπόλεως
3428 1543 3567 1613 προς
3586 1529 3691 1612 τὴν

2101 1635 2346 1704 κορυφὴν
2375 1634 2470 1688 τοῦ
2500 1636 2680 1706 ὅρους,
2713 1634 2776 1699 ἐξ
2804 1631 2976 1705 οὗπερ
2999 1637 3027 1687 6
3058 1637 3218 1704 ἅγιος
3249 1634 3499 1706 ὥρμητο.
3554 1629 3695 1687 Εἶτα.

2104 1725 2236 1795 περὶ
2265 1725 2334 1780 τὰ
2367 1726 2514 1796 ἄκρα
2546 1727 2646 1796 τῆς
2701 1726 2915 1790 πόλεως
2967 1726 3182 1796 φθάσαν
3232 1724 3686 1796 συμμελανοῦται

2104 1818 2268 1870 παντὶ
2304 1816 2382 1887 τῷ
2422 1816 2566 1886 ἀέρι.
2603 1818 2716 1872 Καὶ
2747 1813 2818 1888 ἦν
2854 1819 2985 1871 ἰδεῖν
3023 1818 3259 1889 ἡμέραν,
3288 1819 3383 1870 καὶ
3417 1818 3519 1886 οὐχ
3548 1817 3696 1887 ὴμέ-

417 1920 655 1964 noctem.
689 1908 1006 1962 Vehementi
1032 1909 1254 1977 insuper
1285 1908 1522 1976 procella
1557 1908 1819 1970 excitata,
1854 1918 2000 1960 tanta

2125 1923 2234 1969 now,
2263 1907 2358 1959 καὶ
2388 1907 2579 1970 σκότος
2613 1908 2711 1961 καὶ
2748 1907 2870 1977 οὐχὶ
2900 1907 3093 1961 νύκτα.
3127 1907 3374 1976 Σφοδρᾶς
3401 1907 3460 1960 δὲ
3501 1924 3702 1960 καταιο

419 2001 700 2073 graudinis
734 2000 902 2053 moles
937 2000 988 2052 in
1021 1999 1194 2053 solam
1231 2000 1419 2054 urbem
1444 1997 1613 2052 effusa
1638 2006 1744 2061 est,
1769 2008 1827 2050 ut
1857 2013 2008 2050 com-

422 2094 607 2163 plures
655 2104 876 2161 propter
917 2090 1152 2144 validum
1200 2092 1488 2159 impetum,
1530 2105 1639 2157 quo
1696 2089 2005 2155 decidebat,

424 2184 625 2238 fuerint
656 2181 964 2251 periclitati,
1011 2197 1110 2236 nec
1141 2198 1330 2252 parum
1390 2181 1753 2236 labefactatas
1778 2182 1889 2234 sint
1931 2181 2013 2234 vi-

425 2287 610 2332 rentes
652 2277 804 2331 urbis
837 2285 1071 2346 segetes.
1123 2275 1342 2329 Interim
1401 2290 1532 2329 vero
1569 2275 1722 2344 plebs
1753 2274 2010 2343 religiosa

427 2384 549 2434 quae
597 2379 906 2436 supererat,
944 2383 1068 2428 cum
1114 2368 1452 2423 fidelissimis
1485 2367 1804 2443 mulieribus
1850 2367 2017 2422 tacite

431 2476 615 2514 SeCtltIl
690 2461 985 2530 gemebat,
1067 2459 1346 2527 Deumque
1410 2459 1703 2530 propitium
1790 2458 2019 2512 reddere

434 2536 741 2623 satagebat,
776 2562 836 2604 ut
863 2550 1250 2622 gravissimum
1299 2550 1599 2620 periculum
1631 2563 1852 2604 cessare
1888 2565 2017 2604 ron-

433 2646 656 2697 cederet
686 2660 702 2710 ;
750 2645 894 2712 quod
938 2645 1126 2712 utique
1154 2644 1316 2707 Deus,
1351 2645 1444 2714 qui
1476 2645 1780 2698 orationem
1828 2647 2022 2698 timeu-

437 2737 571 2788 tium
615 2751 674 2790 se
726 2736 987 2789 exaudire
1025 2735 1190 2802 solet,
1224 2735 1356 2792 fecit
1387 2737 1453 2790 ad
1497 2735 1756 2804 majorem
1801 2737 2027 2806 ignomi-

437 2829 580 2882 niam
610 2838 665 2881 et
698 2828 1053 2897 opprobrium
1085 2827 1255 2897 -impii
1289 2843 1640 2898 purpuraque
1671 2827 1879 2897 indigni
1915 2829 2020 2882 itu-

437 2918 726 2989 peraloris.

512 3009 603 3064 llle
631 3019 838 3073 autem,
865 3008 1022 3079 cujus
1049 3011 1302 3078 superius
1347 3009 1594 3076 memini,
1630 3010 1712 3063 vir
1738 3010 2025 3080 religiosus

440 3101 790 3166 Theodorus,
821 3103 912 3170 qui
947 3101 1260 3156 coufractas
1282 3101 1483 3170 capitis
1509 3103 1767 3171 reliquias
1792 3103 2026 3173 college-

2109 1998 2256 2067 γίδος
2285 1998 2760 2070 ἀναφυσηθείσης,
2815 1999 3147 2071 συνεξεχύθη
3192 2000 3358 2062 κῦτος
3391 2013 3418 2041 ι
3449 1999 3700 2071 χαλάζης

2111 2089 2364 2144 τοσοῦτον
2410 2091 2506 2143 ἐπὶ
2555 2091 2654 2161 τὴν
2685 2092 2838 2145 πόλιν
2890 2095 2985 2147 καὶ
3037 2093 3220 2160 μόνον,
3269 2091 3412 2146 ὥστε
3468 2084 3703 2157 πολλοὺς

2113 2181 2459 2235 κινδυνεῦσαι
2511 2182 2568 2234 ὲν
2596 2184 2674 2252 τῷ
2717 2183 2989 2254 ραγδαίως
3026 2185 3244 2253 nam.
3261 2183 3700 2254 καταφέρεσθαι,

2116 2272 2210 2325 καὶ
2247 2273 2306 2325 οὐ
2345 2273 2558 2343 μικρῶς
2619 2273 2964 2344 λυμήνασθαι
3011 2275 3108 2339 τάς
3143 2277 3202 2328 ὲν
3255 2279 3322 2347 τῇ
3359 2275 3512 2328 πόλει
3551 2276 3706 2346 χλοε-

2119 2363 2219 2435 ράς
2253 2363 2526 2435 ἀρούρας”
2580 2365 2673 2419 τὸν
2723 2366 2781 2420 δὲ
2838 2367 3275 2434 καταλειφθέντα
3311 2367 3510 2438 εὐσεϐῆ
3575 2368 3707 2425 λαὸν

2119 2454 2331 2508 κλαίειν
2391 2458 2849 2528 κρυφιογνώμως,
2896 2460 2990 2511 κα)⁸
3043 2457 3384 2522 ὲξιλεοῦσθαι
3414 2459 3475 2511 τὸ
3523 2458 3708 2522 Θεῖον,

2121 2547 2442 2601 ἀνάπαυλαν
2496 2547 2715 2618 δοθῆναι
2767 2548 2861 2601 τοῦ
2925 2552 3201 2619 ἀφορήτου
3259 2550 3545 2612 κινδύνου,
3605 2554 3706 2605 σὺν

2123 2639 2476 2703 πιστοτάταις
2557 2640 2839 2708 γυναιξὶν,
2897 2643 2925 2694 6
2987 2644 3083 2695 καὶ
3141 2643 3448 2713 πεποίηκεν
3509 2646 3540 2696 6
3591 2646 3710 2695 είσ-

2124 2732 2342 2786 ακούων
2393 2736 2493 2803 τῆς
2541 2734 2781 2804 δεήσεως
2811 2734 2919 2788 τῶν
2940 2734 3301 2804 φοϐουμένων
3335 2736 3502 2788 αὐτὸν
3549 2735 3704 2800 Θεὸς,

2127 2824 2263 2896 πρὸς
2311 2827 2532 2896 μείζονα
2584 2827 2932 2896 στηλίτευσιν
2986 2829 3079 2882 καὶ
3117 2827 3426 2896 ὀνειδισμὸν
3481 2827 3577 2881 τοῦ
3613 2830 3712 2896 τῆς

2126 2918 2446 2989 ἁλουργίδος
2481 2918 2704 2984 ἀναξίου
2735 2919 2971 2984 ἀσεϐοῦς
3012 2919 3304 2990 βασιλέως.

2212 3009 2271 3064 Ὀ
2307 3011 2366 3064 δὲ
2405 3011 2512 3080 πρὸ
2539 3013 2797 3082 ἀνωτέρω
2833 3012 3228 3082 μνημονευθεὶς
3278 3011 3537 3080 θεοφιλὴς
3571 3011 3712 3080 ἀνὴρ

2129 3101 2408 3172 Θεόδωρος
2427 3142 2443 3166 ,
2479 3103 2538 3166 6;
2569 3102 2750 3156 λαϐὼν
2781 3104 2882 3174 τῆς
2911 3106 3087 3174 κάρας
3115 3104 3176 3157 τὸ
3229 3105 3576 3159 ἀποκλασθὲν
3603 3105 3715 3157 λει-

439 3206 546 3258 rat,
605 3209 815 3262 suoque
870 3195 923 3248 iu
980 3195 1101 3248 sinu
1151 3193 1479 3258 abdiderat;
1534 3194 1675 3263 ipse,
1733 3206 2019 3265 postquam

2131 3193 2321 3262 ψανον,
2359 3196 2417 3247 ὲν
2446 3194 2524 3266 τῷ
2554 3195 2723 3249 αὑτοῦ
2759 3195 2947 3266 κόλπῳ
2989 3196 3333 3267 ἀπέκρυψεν,
3363 3191 3519 3261 οὗτος
3553 3196 3717 3248 πάλιν

443 3297 667 3342 sanctus
702 3299 913 3358 martyr
944 3286 1220 3356 proiectus
1268 3285 1392 3351 fuit,
1431 3287 1617 3352 rediit,
1650 3295 1705 3340 et
1734 3289 1801 3339 ad
1841 3302 2028 3342 sacra-

440 3383 712 3435 tissimum
778 3383 953 3434 sancti
1011 3379 1192 3435 Patris
1261 3380 1431 3435 nostri
1499 3379 1576 3433 Dii
1639 3381 2030 3434 monasterium

441 3475 696 3539 arcessit,
778 3472 932 3541 cujus
999 3474 1290 3543 praeposito
1359 3472 1496 3526 clam
1571 3483 1901 3541 secretoque
1977 3471 2032 3525 in

445 3563 565 3616 loco
590 3580 699 3617 rem
730 3573 897 3617 totam
927 3574 981 3618 et
1006 3563 1167 3633 523
1199 3563 1464 3634 quidquid
1491 3562 1577 3618 die
1607 3561 1695 3616 illa
1731 3562 1880 3616 circa
1909 3576 2036 3616 sau-

399 3636 409 3643 ’
445 3665 594 3710 ctum
627 3666 807 3710 actum
837 3656 1011 3709 fuerat
1063 3655 1270 3710 retulit.
1303 3655 1511 3720 Quibus
1562 3652 1784 3716 auditis,
1832 3651 2034 3721 praefe—

444 3757 568 3802 ctus
599 3764 706 3801 non
759 3748 1107 3802 mediocriter
1159 3747 1319 3807 luxit.
1373 3761 1679 3816 magnoque
1713 3746 1916 3822 emisso
1943 3761 2036 3800 suo

448 3840 641 3907 spirio,
697 3839 842 3908 pium
903 3838 1248 3894 Theoderum
1303 3839 1356 3892 in
1409 3839 1662 3893 dextrum
1720 3837 2037 3894 monasterii

447 3933 754 3985 oratorium
801 3943 994 3986 sancto
1041 3931 1423 4002 protomartyri
1477 3929 1758 4000 Stephano
1820 3945 2035 3986 sacrum

447 4024 733 4090 conduxit,
771 4036 1133 4095 extractaque
1165 4024 1362 4088 loculo,
1399 4037 1590 4077 sacras
1623 4022 1796 4076 sancti
1833 4031 2040 4093 many-.-

454 4114 532 4168 ris
561 4114 826 4182 reliquias
854 4116 906 4169 iu
939 4129 1007 4169 eo
1049 4113 1341 4174 ctmclusit,
1377 4122 1646 4182 praesente
1699 4115 1864 4167 etiam
1907 4128 2042 4182 quo.

454 4209 579 4260 dam
603 4208 949 4275 Stephanila,
985 4208 1128 4260 illius
1156 4205 1474 4260 monaSterii
1509 4205 1754 4275 puerulo.
1779 4207 1925 4272 Quas
1956 4222 2034 4262 re-

456 4299 654 4369 liquias
685 4316 809 4355 cum
843 4301 1004 4354 ambo
1049 4299 1392 4363 adurasseut,
1443 4299 1567 4354 illas
1603 4299 1746 4352 intra
1787 4299 1961 4353 altare
1988 4307 2043 4352 et

458 4408 620 4448 sacra
659 4404 812 4461 septa
847 4395 1172 4461 deposuere,
1205 4407 1387 4445 secum
1425 4401 1631 4445 tantum
1659 4389 1886 4458 hujusce
1913 4390 2042 4446 facti

458 4485 779 4537 memoriam
808 4483 1125 4536 retinentes.
1151 4479 1372 4548 Verum,
1404 4497 1578 4550 parvo
1607 4491 1850 4550 tempore
1881 4483 2048 4556 inter-

2137 3288 2447 3357 νοστήσαςῖ
2472 3287 2612 3357 μετά
2636 3286 2697 3340 τὸ
2726 3287 2954 3359 ῥιφῆναι
2980 3288 3070 3342 τὸν
3098 3287 3272 3356 ἅγιον,
3296 3287 3711 3359 καταλαμϐάνει

2135 3378 2234 3450 τὴν
2257 3380 2629 3451 εύαγεστάτην
2652 3382 2821 3451 μονὴν
2849 3379 2943 3436 τοῦ
2966 3380 3116 3434 ὁσίου
3139 3381 3352 3451 Πατρδς
3370 3381 3529 3452 ἡμῶν
3549 3382 3672 3434 Δίου
3693 3397 3709 3412 ο

2137 3469 2233 3523 καὶ
2262 3470 2321 3522 ὲν
2354 3471 2608 3540 κρυφαίῳ
2635 3471 2788 3541 τόπῳ
2820 3469 2914 3523 τὸν
2939 3471 3038 3541 τῆς
3072 3469 3244 3540 μονῆς
3279 3471 3603 3544 προεστῶτα
3626 3471 3722 3525 λα-

2137 3560 2392 3630 ϐόμενος,
2437 3561 2759 3630 ἀνατίθησιν
2785 3560 2933 3631 αὺτῷ
2961 3561 3023 3615 τὺ
3054 3549 3310 3632 πρᾶγμα,
3335 3563 3432 3616 καὶ
3481 3565 3551 3618 τὰ
3582 3565 3723 3620 κατά

2136 3651 2227 3704 τὸν
2255 3651 2411 3718 ἅγιον
2441 3653 2509 3721 τῇ
2542 3650 2731 3721 ἡμέρᾳ
2769 3648 2958 3722 ἐκείνῃ
2999 3649 3308 3719 συμϐάντα.
3359 3650 3416 3703 '0
3465 3649 3523 3702 δὲ
3553 3650 3724 3720 ἡγού-

2143 3763 2305 3818 μενος
2355 3748 2418 3799 οὐ
2474 3745 2714 3817 μετρίως
2750 3745 3030 3816 θρηνήσας
3080 3745 3177 3798 καὶ
3229 3744 3493 3810 στενάξας
3555 3745 3722 3815 μέγα,

2141 3837 2475 3906 παραλαϐὼν
2519 3836 2612 3888 τὸν
2635 3835 2857 3906 θεοφιλῆ
2906 3835 3204 3906 Θεόδωρον,
3239 3837 3508 3907 ἀναφέρει
3564 3836 3728 3890 αὑτὸν

2141 3927 2200 3980 έν
2228 3927 2306 3997 τῷ
2341 3929 2440 3995 τῆς
2472 3928 2640 3998 μονῆς
2677 3925 2838 3997 δεξιῷ
2869 3927 3146 3998 εύκτηρίῳ
3196 3927 3290 3980 τοῦ
3321 3929 3477 3996 ἁγίου
3510 3945 3727 3999 πρωτο-

2145 4021 2419 4093 μάρτυρος
2442 4021 2718 4090 Στεφάνου
2751 4037 2764 4051 ⁸
2798 4021 2893 4075 καὶ
2934 4018 3187 4074 ἐκϐαλὼν
3234 4020 3608 4092 λαρνσκίδιον,
3634 4021 3729 4076 καὶ

2143 4114 2201 4168 ὲν
2229 4113 2380 4184 αὑτῷ
2404 4112 2466 4168 τὸ
2487 4113 2631 4184 ἱερὸν
2658 4113 2753 4166 τοῦ
2775 4113 2932 4182 ἁγίου
2958 4113 3250 4182 ἐγκλείσας
3273 4112 3554 4183 λείψανον,
3593 4131 3657 4166 συ
3666 4133 3730 4185 μ-

2145 4205 2416 4276 παρόντος
2445 4205 2538 4258 καί
2574 4222 2723 4269 τινος
2757 4204 3087 4272 Στεφανίτου
3118 4203 3408 4275 παιδαρίου
3461 4203 3661 4276 μικροῦ
3705 4212 3728 4242 ι

2145 4297 2246 4366 τῆς
2295 4295 2576 4367 παρούσης
2633 4297 2836 4367 μονῆςο
2885 4297 2980 4351 καὶ
3027 4296 3360 4367 ἀμφοτέρων
3414 4311 3729 4367 προσκυνη-

2149 4391 2383 4454 σάντων,
2427 4388 2524 4443 τοῦ
2556 4389 2948 4461 θυσιαστηρίου
2983 4387 3090 4450 ἔσω
3121 4389 3215 4442 καὶ
3238 4389 3346 4442 τῶν
3377 4389 3540 4458 ἱερῶν
3579 4405 3723 4460 περι-

2147 4481 2321 4536 ϐόλων
2345 4481 2631 4544 ἀπέθεντο,
2667 4480 2789 4536 καθ’
2819 4481 3046 4544 ἑαυτοὺς
3074 4479 3170 4534 καὶ
3199 4479 3359 4551 μόνον
3380 4480 3481 4550 τὴν
3511 4483 3732 4551 μνήμην

453 4574 627 4644 jecw,
657 4575 742 4627 vir
776 4575 1064 4643 religiosus
1084 4573 1405 4628 Theodorus
1438 4590 1469 4628 ιι
1511 4563 1835 4642 quibusdam
1874 4574 2008 4628 (λιιι-ἰ

2150 4575 2428 4646 φέροντες.
2461 4573 2672 4643 Καιροῦ
2711 4573 2769 4626 δὲ
2805 4573 3200 4644 παρῳχηκότος
3227 4571 3434 4641 ὀλίγου,
3465 4573 3725 4644 διεϐλήθη

460 4667 530 4722 sti
564 4668 813 4722 hosﬁbus
838 4668 977 4736 apud
998 4669 1382 4736 imperatorem
1413 4666 1626 4720 delatus
1649 4677 1755 4730 est,
1783 4677 2042 4734 tanquam

465 4760 764 4832 imaginum
793 4761 1072 4814 adorator.
1097 4759 1270 4826 Quam
1303 4759 1372 4814 ob
1403 4774 1623 4813 causam
1674 4759 1925 4813 infernus
1957 4758 2048 4812 ille

465 4853 635 4907 draco
663 4867 788 4905 eum
821 4867 944 4905 cum
972 4867 1138 4906 uxore
1169 4861 1223 4906 et
1255 4851 1441 4906 liberis
1473 4857 1524 4904 In
1557 4850 1757 4905 Sicilia:
1808 4852 2042 4904 insulam

465 4945 713 5000 exsulem
738 4944 861 4998 duci
888 4945 1049 5014 jussit
1073 4963 1087 5011 ;
1112 4945 1257 5014 quod
1287 4945 1504 5014 quidem
1523 4945 1642 4998 sine
1670 4959 1818 4997 mora
1842 4943 2045 4998 factum

467 5050 569 5095 est.
615 5032 722 5090 Sed
757 5046 1040 5106 postquam
1069 5037 1153 5089 vir
1188 5035 1308 5104 pius
1344 5035 1592 5105 plurimis
1618 5037 1778 5089 annis
1809 5035 1863 5088 in
1899 5036 2050 5090 exsi-

463 5131 541 5186 lio
567 5126 883 5196 praeteritis,
908 5129 959 5181 iu
984 5126 1308 5181 oblivionem
1333 5127 1589 5193 venisset,
1615 5142 1856 5197 quonam
1885 5128 2049 5182 modo

469 5217 634 5283 Deus,
688 5221 779 5290 qui
825 5220 1004 5290 justus
1045 5229 1128 5275 est
1175 5220 1363 5290 judex,
1406 5235 1529 5275 eum
1563 5222 1738 5275 sancti
1788 5221 2048 5291 martyris

447 5306 732 5384 _Stepbani
791 5309 1099 5366 interventu
1155 5312 1210 5366 iu
1272 5312 1489 5382 prepria
1545 5313 1874 5389 restituerit,
1929 5313 2042 5383 jam

474 5413 591 5454 lum
625 5403 885 5456 dicturus.

550 5556 573 5590 ²
612 5555 632 5610 1
675 5555 806 5626 Reg.
833 5575 895 5623 ιι,
930 5559 1019 5613 50.

2151 4666 2305 4737 παρά
2329 4684 2491 4720 τινων
2521 4667 2888 4736 μισοχρίστων
2924 4665 3060 4736 πρὸς
3089 4665 3182 4718 τὸν
3226 4663 3452 4735 βασιλέα
3497 4664 3526 4716 ὁ
3559 4664 3733 4731 θεοφι-

2151 4759 2249 4827 λὴς
2293 4758 2433 4830 ἀνὴρ
2483 4758 2778 4826 Θεόδωρος,
2814 4756 2891 4821 ὡς
2947 4759 3030 4810 ὅτι
3061 4757 3452 4826 προσκυνητὴς
3505 4756 3728 4810 εἰκόνων

2153 4851 2322 4916 ἐστὶν,
2352 4851 2448 4903 καὶ
2484 4848 2697 4902 κελεύει
2718 4853 2746 4902 6
2779 4849 2961 4919 βύθιος
2998 4849 3219 4918 δράκων
3247 4848 3340 4901 τὸν
3362 4847 3532 4921 ἄνδρα
3569 4847 3734 4916 ἐξόρι-

2157 4961 2280 4997 στον
2309 4943 2620 5014 ἀπαχθῆναι
2662 4945 2758 4998 σὺν
2794 4943 3014 5012 γυναικὶ
3045 4943 3139 4996 καὶ
3166 4942 3379 5006 τέκνοις
3430 4943 3490 4995 ἐν
3548 4946 3620 5014 τῇ
3647 4943 3737 5011 τῆς

2159 5035 2410 5099 Σικελίας
2435 5037 2586 5106 νήσῳ
2608 5079 2622 5102 ,
2669 5036 2698 5089 ὃ
2736 5037 2830 5089 καὶ
2861 5035 3108 5105 παρευθὺ
3147 5035 3391 5102 γέγονεν.
3429 5035 3655 5103 Χρόνων
3688 5031 3739 5084 δὲ

2159 5125 2432 5180 πλείστων
2450 5126 2932 5198 παρεληλυθότων,
2967 5128 3064 5180 καὶ
3104 5126 3201 5179 τοῦ
3241 5125 3526 5195 θεοφιλοῦς
3555 5123 3740 5194 ἀνδρὸς

2157 5219 2296 5290 πρὸς
2322 5219 2422 5292 τὴν
2457 5219 2671 5291 ὲξορίαν
2695 5219 3262 5291 ἀπολησμονηθέντος,
3286 5221 3314 5272 6
3333 5218 3520 5272 δίκαια
3541 5209 3759 5288 κρίνων’

2157 5310 2288 5375 Θεὸς
2317 5309 2434 5373 πῶς
2458 5310 2646 5363 τοῦτον
2675 5311 2732 5362 ὲν
2757 5312 2868 5371 τοῖς
2897 5310 3119 5374 οἰκείοις
3150 5307 3500 5378 ἀποκαθιστᾷ
3524 5306 3614 5361 διὰ
3642 5303 3735 5358 τοῦ

2156 5401 2305 5456 ὁσίου
2349 5403 2628 5476 μάρτυρος
2658 5403 2959 5473 Στεφάνου,
2989 5401 3142 5461 ένθεν
3169 5400 3302 5474 ἐρῶ.

1791 5671 2029 5727 VARIA‘I
2070 5669 2474 5730 LECTIONES.

554 5838 580 5867 υ
628 5833 703 5886 al.
733 5828 1054 5898 φιληδόνων.
1132 5839 1156 5870 ν
1190 5831 1259 5885 al.
1298 5830 1499 5886 εὐδίαν.
1578 5841 1604 5869 ι
1638 5831 1707 5888 al.
1743 5829 1952 5900 στίφος.
2031 5837 2054 5879 3
2086 5829 2156 5884 al.
2191 5827 2562 5894 παλινοδίσας.

2647 5838 2668 5866 ³
2711 5827 2781 5884 al.
2815 5828 3039 5902 μιαροῦ.
