4024 6438
428 425 561 495 1181

1505 431 1684 494 VITA
1720 433 1785 495 S.
1826 431 2206 495 STEPHANI
2244 430 2629 494 IUNIORIS.

3553 416 3694 484 1182

498 541 605 595 Τοῦ
644 540 756 613 γὰρ
795 539 1376 613 προμνημονευθίντος
1410 542 1705 614 μειρακίου
1742 537 1997 612 Στεφανί-

2185 539 2539 611 Stephanites
2586 538 2676 593 ille
2703 537 3041 600 adolescens,
3081 547 3241 605 quem
3290 545 3450 602 supra
3481 542 3690 585 memo-

422 648 520 688 ⁴εου
549 634 630 695 εἰς
653 633 852 703 μέτρον
882 632 1104 702 ἡλικίας
1131 634 1497 703 πεφθακότος,
1529 634 1683 706 ἠξίου
1714 635 1806 689 τὸν
1835 634 2004 690 αὑτοῦ

426 723 732 796 ἡγούμενον
760 725 859 796 τὴν
880 724 976 778 τοῦ
1001 726 1251 780 διακόνου
1281 726 1465 781 λαϐεῖν
1496 728 1856 798 χειροτονίαν.
1896 726 2004 781 Τοῦ

424 815 482 869 δὲ
517 815 1010 887 διαναϐαλλομένου
1031 817 1121 872 διὰ
1149 817 1210 871 τὸ
1234 817 1357 873 νέον
1386 813 1527 872 εἶναι
1553 818 1744 872 τοῦτον
1777 817 1967 890 ἀκμὴν
1985 859 2001 885 ,

424 906 488 960 οὐ
524 908 631 977 μὴν
653 907 789 960 ἀλλὰ
819 908 914 961 καὶ
940 908 1023 961 ὅτι
1044 906 1341 973 ἐγίνωσκεν
1363 909 1434 962 τὰ
1454 910 1577 963 κατ’
1611 907 1792 974 αὑτὸν,
1819 912 1885 962 ἐκ
1911 908 2004 962 τοῦ

425 999 493 1050 ὲκ
516 999 718 1067 νεαρᾶς
741 998 957 1068 ἡλικίας
989 1001 1047 1052 ὲν
1068 1001 1187 1062 ταῖς
1220 1001 1407 1070 χερσὶν
1460 998 1625 1053 αὑτοῦ
1657 998 1848 1052 τοῦτον
1871 1001 2005 1054 ἀνα-

424 1089 703 1158 τραφῆναι
725 1106 739 1121 ο
763 1088 1051 1159 ἀποτυχὼν
1070 1090 1172 1159 τῆς
1197 1091 1490 1160 αἰτήσεως,
1527 1091 1620 1142 καὶ
1646 1090 1739 1141 τὸν
1761 1089 2004 1160 ἡγούμε-

424 1196 517 1235 νον
549 1179 1081 1251 ὲπαπειλησὰμενος,
1116 1182 1178 1234 τὺ
1206 1181 1551 1253 λαρνακίδιον
1574 1221 1588 1244 ,
1644 1183 1702 1234 ὲν
1725 1174 1770 1249 ᾧ
1793 1176 1862 1250 ἦν
1900 1179 1996 1233 τοῦ

423 1270 584 1339 ἁγίου
620 1270 684 1324 τὸ
703 1270 973 1341 λείψανον,
1007 1272 1311 1341 κεκλοφὼς,
1343 1275 1425 1337 είς
1479 1273 1549 1326 τὰ
1596 1271 1841 1343 βασίλεια
1887 1276 2002 1325 εἰσ-

421 1363 721 1432 επήδησεν,
755 1362 1120 1431 ἀπαγγέλλων
1156 1361 1234 1433 τῷ
1253 1364 1504 1435 τυράννῳ
1534 1365 1597 1417 τὸ
1619 1360 1807 1435 δρᾶμα
1831 1381 1844 1395 ’
1891 1364 1997 1427 ὅτι,

420 1454 608 1521 φησὶν,
642 1452 702 1507 '0
733 1454 853 1506 κατ’
887 1454 988 1523 ἐμὲ
1036 1453 1360 1524 ἡγούμενος,
1405 1455 1516 1508 τῶν
1582 1455 1688 1508 ὑπὸ
1718 1455 1829 1508 ’σοῦ
1900 1472 2002 1523 φο-

2108 634 2256 698 ravi,
2293 646 2532 699 congrua
2572 639 2735 684 atate
2782 638 3101 698 provectus,
3153 640 3311 680 suum
3365 621 3684 697 pralfectum
3732 676 3738 687 ,

2107 727 2342 794 rogavit,
2403 733 2463 777 ut
2512 722 2725 777 diaconi
2772 721 2935 794 525.
2978 720 3225 775 ordinem
3277 718 3530 786 accipere
3583 711 3689 767 sibi

2106 823 2469 892 permitteret.
2494 821 2648 890 Quod
2676 834 2799 875 cum
2836 816 3083 870 differret
3114 812 3426 881 prmfcctus,
3449 823 3515 863 eo
3543 805 3689 876 quod

2105 917 2520 985 adhucjuvenis
2552 923 2694 975 erat,
2751 912 2967 977 sibique
3016 907 3221 974 optime
3269 912 3452 965 notus,
3493 904 3684 968 utpote

2106 1024 2267 1076 quem
2294 1024 2321 1062 a
2358 1020 2541 1062 tenera
2569 1015 2729 1061 aetate
2767 1002 2998 1073 propriis
3040 995 3635 1053 manibnsedncaverat
3661 1003 3679 1040 :

2105 1100 2195 1154 ille
2213 1100 2476 1169 petitione
2496 1098 2814 1168 frustratus,
2839 1091 3272 1163 postintentatas
3296 1085 3557 1154 prmfecto
3586 1080 3658 1133 mi

2106 1206 2483 1259 nas,capsam,
2502 1205 2621 1259 qua:
2648 1189 2819 1243 sancti
2840 1182 3107 1253 Stephani
3138 1177 3398 1247 reliquias
3426 1172 3683 1226 contine-

2104 1281 2215 1343 bat.
2251 1281 2460 1336 furatus
2503 1288 2608 1341 est,
2645 1288 2809 1345 atque
2850 1275 2902 1327 in
2949 1272 3129 1326 aulam
3181 1261 3532 1334 imperatoris
3579 1271 3684 1311 cu-

2102 1368 2297 1433 currit,
2369 1366 2576 1421 factum
2616 1376 2847 1437 tyranno
2903 1359 3303 1415 declaraturus.
3340 1351 3491 1405 Meus
3540 1360 3684 1416 pra:-

2103 1459 2301 1524 fecms,
2334 1459 2529 1527 inquit,
2553 1472 2586 1510 ο
2610 1435 2931 1525 imperator,
2962 1450 3328 1510 inimicorum,
3362 1454 3499 1511 quos
3534 1435 3676 1491 mori

350 1554 394 1620 ἰ⁸
419 1546 733 1612 νευομένων
762 1544 977 1617 ἐχθρῶν
1000 1544 1072 1599 τὰ
1096 1546 1231 1600 ὀστᾶ
1268 1545 1595 1617 προσκυνῶν
1623 1546 1811 1614 ἁγίους
1857 1548 1997 1601 ἀπο-

2098 1551 2331 1620 iussisti,
2364 1566 2489 1605 ossa
2520 1550 2734 1610 adorat,
2782 1558 2987 1613 eosque
3040 1549 3259 1595 sanctos
3304 1533 3541 1605 appellat
3573 1546 3590 1584 :
3628 1536 3683 1582 to

350 1644 361 1657 ’
382 1613 397 1636 ⁸
419 1638 710 1699 καλεϊ,’καὶ
730 1640 792 1692 σὲ
822 1640 1086 1708 τύραννον
1107 1642 1202 1694 καὶ
1219 1640 1339 1694 νέον
1372 1641 1661 1696 Ἰουλιανον
1684 1643 1999 1715 ἀποκηρύτ-

382 1734 389 1785 ἷ
417 1747 523 1792 τει,
551 1733 650 1785 σὺν
682 1731 761 1803 τῷ
796 1732 1132 1804 ἐξορισθὲντι
1158 1731 1421 1804 Θεοδώρῳ
1446 1734 1546 1803 τῆς
1572 1734 1861 1804 Δαλμάτου
1889 1744 1910 1766 ⁸
1938 1736 1999 1789 ἐν

415 1822 660 1892 Σικελίᾳ.
700 1822 760 1876 ὐ
809 1823 869 1876 δὲ
915 1823 1181 1896 τύραννος
1236 1824 1550 1895 ὑπερζέσας
1576 1825 1655 1898 τῷ
1699 1825 1878 1898 θυμῷ,
1908 1844 2001 1881 κε-

2100 1661 2235 1699 vero
2265 1654 2555 1716 tyrannum
2578 1651 2632 1696 et
2660 1654 2859 1695 novum
2886 1635 3164 1693 Julianqu
3214 1642 3339 1684 esse
3384 1625 3675 1696 praedicat,

2100 1750 2223 1792 cum
2256 1714 2541 1790 Theodoro
2591 1730 2848 1795 Dalmati,
2902 1740 3063 1798 quem
3099 1725 3153 1778 in
3188 1720 3438 1777 Siciliam
3472 1714 3683 1786 relega-

2102 1831 2195 1885 sti.
2223 1828 2429 1896 Quibus
2479 1828 2558 1882 ira
2600 1827 2856 1881 incensus
2909 1831 3193 1892 tyrannus,
3227 1815 3414 1871 statim
3451 1812 3687 1878 imperat

416 1912 563 1967 λεύει
589 1890 838 1984 παρευθὺ
856 1914 946 1969 τὸν
989 1890 1089 1986 μὲν
1108 1890 1412 1987 ἡγούμενον
1443 1918 1504 1970 ὲν
1531 1890 1876 1988 χειροπὲδιις
1901 1919 1997 1972 ἐπὶ

2104 1923 2419 1991 pra-fectum
2453 1918 2681 1973 manicis
2729 1919 2968 1970 vinctum
3007 1913 3060 1966 in
3120 1920 3401 1963 carcerem
3442 1898 3673 1963 includi,

412 2008 514 2074 τῆς
541 2007 766 2077 εἱρκτῆς
786 2006 1190 2078 ἐγκλεισθῆναι,
1208 2008 1302 2061 τὸν
1328 2007 1387 2061 δὲ
1404 2008 1682 2080 Θεόδωρον
1703 2009 1783 2079 τῷ
1838 2010 1998 2080 τάχει

415 2097 482 2149 ἐκ
503 2098 755 2161 Σικελίας
787 2098 1211 2169 ιπανακάμψαι,
1234 2099 1374 2170 πρὸς
1390 2098 1454 2154 τδ
1472 2098 1663 2154 δοῦναι
1694 2101 1854 2165 δίκας
1900 2101 1995 2155 τοῦ

414 2187 798 2258 τολμήματοςυ
848 2187 1229 2259 παραγγείλας
1267 2186 1348 2259 τῷ
1394 2189 1594 2253 αὐτοὺς
1630 2189 1927 2261 παραδόντι
1967 2190 1998 2231 δ

410 2278 688 2349 ἐπιμελῶς
720 2278 956 2349 φυλάξαι
983 2279 1048 2332 τὸ
1074 2278 1447 2350 λαρνακίδιον,
1471 2280 1578 2344 ἕως
1609 2283 1710 2352 τῆς
1740 2281 1849 2339 τῶν
1882 2284 1994 2354 ἀμ-

414 2370 663 2441 φοτέρων
688 2370 916 2441 αὑτοψεὶ
937 2370 1227 2439 ἐλέγξεως.
1257 2367 1391 2426 Εῐτα
1431 2372 1526 2426 τοῦ
1561 2373 1753 2444 ἀνδρὸς
1796 2375 1998 2428 ἐπανα-

411 2464 758 2535 κάμψαντος,
803 2464 899 2517 καὶ
923 2462 1022 2534 τήν
1066 2462 1466 2533 βασιλεύουσαν
1495 2464 1924 2532 καταλαϐόντος,
1969 2468 1999 2520 ὁ

414 2556 674 2626 βασιλεὺς
725 2556 819 2610 τὸν
852 2557 1119 2626 προδότην
1170 2558 1333 2626 μόνον
1384 2556 1854 2628 προσλαϐόμενος,
1903 2558 2000 2611 καὶ

408 2648 603 2703 τοῦτον
624 2649 695 2701 τὰ
718 2648 861 2702 κατὰ
877 2648 1004 2712 τοὺς
1026 2647 1271 2710 δικαίους
1286 2648 1488 2718 ἄνδρας
1505 2646 1745 2714 διδάξας,
1763 2648 2000 2720 φέροντα

412 2743 496 2804 είς
536 2742 829 2811 πρόσωπον
876 2740 973 2793 καὶ
1016 2739 1081 2793 τὸ
1123 2738 1491 2811 λαρνακίδιον,
1512 2740 1785 2794 ἀπέλυσεν
1799 2741 1996 2795 αὐτόν’

414 2835 482 2904 τῇ
514 2832 574 2886 δὲ
604 2831 865 2904 ἐπαύριον
921 2831 1044 2886 κατ’
1081 2830 1206 2902 ϐψιν
1237 2828 1334 2885 τοῦ
1367 2833 1634 2903 τυράννου
1674 2833 1993 2903 παραστάν-

413 2942 521 2978 των
552 2934 577 2965 ⁸
610 2924 725 2978 τῶν
748 2922 939 2996 τριῶν,
965 2924 1252 2996 διήλεγχεν
1273 2926 1303 2979 ό
1333 2925 1596 2996 προδότης
1625 2926 1720 2980 ἐπὶ
1751 2925 1995 2993 πάντων,

411 3018 505 3072 τόν
534 3035 593 3072 τε
610 3018 918 3089 ἡγούμενον
966 3020 1062 3073 καὶ
1086 3018 1181 3073 τὸν
1214 3018 1438 3089 θεοφιλῆ
1474 3020 1777 3091 Θεόδωρον,
1805 3021 1907 3092 τήν
1936 3037 1999 3075 τι

411 3107 565 3180 ὥραν
599 3111 693 3163 καὶ
721 3108 939 3179 ἡμέραν
967 3108 1063 3162 καὶ
1084 3108 1148 3160 τὸ
1180 3108 1502 3180 ᾑμαγμένον
1527 3108 1853 3183 ἐγχειρίδιον
1898 3111 1998 3165 σὺν

521 3200 761 3295 leuia:in
789 3199 1167 3295 προδεικνύειν
1194 3199 1245 3267 ἀ,
1275 3203 1326 3254 εί
1354 3201 1416 3254 οὐ
1444 3200 1748 3267 πείθονται,
1782 3201 1992 3271 ἔλεγεν.
2023 3237 2066 3295 C

407 3292 534 3346 Τὼν
568 3291 627 3344 δὲ
656 3291 921 3361 θεοφιλῶν
949 3292 1176 3346 ἐκείνων
1198 3293 1409 3362 ἀνδρῶν
1434 3293 1664 3364 ἄρνησιν
1701 3294 1997 3348 ἀναλαϐόν-

406 3404 540 3453 των,
566 3386 992 3460 προσεποιοῦντο
1023 3387 1193 3458 μηδὲν
1221 3387 1422 3459 ἀληθὲς
1447 3384 1587 3441 εἷναι
1622 3387 1731 3441 τῶν
1763 3387 1993 3459 λεγομέ-

407 3493 546 3530 νωνο
568 3478 665 3531 τοῦ
689 3478 747 3531 δὲ
771 3477 1037 3548 βασιλέως
1059 3479 1197 3550 πρὸς
1228 3479 1320 3533 τὸν
1363 3479 1633 3550 προδότην
1655 3480 1994 3551 κεκραγότος

407 3566 488 3626 είς
519 3562 740 3634 ἔλεγχον
768 3565 1023 3619 ἐκϐαλεῖν
1061 3577 1087 3606 ο
1123 3566 1185 3620 τὸ
1220 3567 1587 3638 λαρνακίδιον,
1635 3568 1774 3640 ὅπερ
1802 3570 1994 3624 διατα-

406 3656 563 3725 κίθεὶς
590 3656 935 3728 ἀπέκρυψεν,
962 3657 1057 3711 τοῦ
1099 3657 1272 3723 δεῖξαι
1309 3658 1467 3712 τοῦτο
1507 3660 1590 3723 είς
1635 3658 1857 3731 ἔλεγχον
1880 3679 1895 3693 ο
1923 3658 1994 3733 ἦν

408 3746 540 3799 ίδείν
575 3747 876 3816 παράδοξον
911 3747 1114 3818 θέαμα,
1144 3748 1203 3802 ὲν
1250 3751 1383 3820 ῥιπῇ
1417 3750 1623 3819 ἀφανὲς
1647 3750 1806 3805 τοῦτο
1835 3752 1992 3821 γενέ-

407 3836 561 3904 σθαι,
619 3837 717 3892 καὶ
779 3838 856 3909 μὴ
906 3838 1259 3909 εὑρίσκεσθαι
1293 3840 1396 3904 ἕως
1440 3841 1540 3912 τῆς
1594 3843 1858 3915 σήμερον.
1901 3846 1993 3898 Ἐν

404 3931 582 4002 τούτῳ
609 3932 938 4001 πλειοτέρως
973 3933 1392 4001 καταισχυνθεὶς
1441 3936 1471 3986 ό
1506 3935 1862 4008 πολύμορφος
1891 3937 1988 3991 τύ-

408 4039 624 4094 ραννος,
673 4025 773 4077 καὶ
804 4025 1113 4092 καταγνοὺς
1146 4026 1219 4096 μή
1248 4043 1370 4088 πως
1406 4027 1626 4099 γνωσθῇ
1656 4028 1719 4082 τὸ
1746 4029 1992 4085 τοιοῦτον

407 4114 596 4185 θαῦμα
649 4115 804 4184 παρὰ
830 4116 940 4169 τῶν
980 4116 998 4155 ί
1054 4117 1366 4181 Βυζαντίων
1443 4122 1577 4191 (τοῖς
1615 4120 1725 4192 γὰρ
1777 4122 1995 4187 πολλοῖς

405 4209 565 4276 ἅγιος
587 4206 926 4277 ὠνομάζετο,
959 4210 1054 4262 καὶ
1096 4211 1472 4280 ὲγνωρίζετο),
1503 4211 1736 4267 τοῠνεκα
1769 4213 1865 4268 τὸν
1896 4216 1990 4287 ἐχ-

407 4299 539 4370 θρὸν
567 4300 776 4354 ἐκεῖνον
810 4300 908 4354 καὶ
938 4300 1212 4372 προδότην
1249 4302 1389 4372 μετὰ
1411 4302 1655 4374 δαρμοὺς
1676 4305 1991 4377 ἀφορήτους

407 4392 686 4465 ἐξόριστον
734 4394 816 4456 είς
848 4393 1126 4464 ἀλλοδαπῆ
1177 4394 1365 4464 χώραν
1396 4396 1701 4467 πεποίηκεν
1720 4414 1734 4428 ο
1776 4401 1905 4464 τοὺς
1931 4400 1992 4454 δὲ

402 4487 625 4556 τιμίους
645 4485 847 4557 ἄνδρας
876 4486 970 4539 καὶ
1005 4487 1080 4557 μὴ
1105 4486 1428 4557 βουλόμενος
1458 4490 1571 4553 τοῖς
1596 4491 1823 4555 οἰκείοις
1881 4496 1991 4549 ἀπ-

2103 2011 2446 2079 Thcodorum
2491 2025 2620 2065 vero
2650 2009 2905 2064 celeriter
2930 2021 2959 2060 e
2990 2003 3178 2058 Sicilia
3204 1998 3526 2066 remigrare,
3561 2004 3680 2060 pm-

2102 2115 2201 2154 nas
2227 2099 2485 2154 facinoris
2505 2098 2782 2155 daturum.
2807 2094 2884 2149 Illi
2915 2107 3076 2161 porro
3095 2091 3186 2160 qui
3213 2101 3315 2144 eos
3334 2084 3678 2157 prodiderat,

2101 2207 2322 2262 capsam
2358 2192 2648 2261 diligenter
2685 2202 2908 2245 servare
2931 2186 3103 2252 jubet,
3147 2183 3324 2236 donec
3357 2179 3517 2233 ambo
3549 2189 3682 2243 pro-

2101 2285 2236 2354 priis
2260 2284 2438 2340 oculis
2466 2284 2885 2339 convincautur.
2914 2277 3109 2334 Postea
3142 2287 3272 2329 vero
3302 2286 3465 2342 quam
3500 2269 3682 2323 Theo-

2100 2376 2267 2432 dorus
2308 2379 2376 2431 ad
2409 2376 2818 2446 imperatoriam
2852 2373 3040 2426 urbem
3072 2366 3327 2430 accessit,
3381 2365 3682 2432 imperator

2100 2470 2436 2540 proditorem
2483 2465 2657 2521 solum
2683 2463 3003 2533 assumpsit,
3052 2472 3216 2530 quem
3269 2469 3395 2511 cum
3441 2468 3503 2507 ea
3560 2462 3684 2519 qua:

2100 2559 2364 2614 adversus
2407 2557 2556 2612 viros
2608 2555 2788 2624 jnstos
2840 2551 3087 2607 facienda
3150 2556 3310 2603 erant
3375 2542 3683 2606 docuisset,

2100 2652 2352 2706 eumdem
2413 2664 2633 2719 capsam
2691 2657 2819 2702 ante
2870 2644 3070 2700 faciem
3128 2639 3394 2695 ferentem
3447 2632 3681 2691 dimisit.

2102 2744 2266 2817 525
2306 2742 2580 2798 Postridie
2611 2742 2789 2795 tribus
2818 2738 2923 2792 illis
2970 2737 3023 2792 in
3068 2733 3417 2803 imperatoris
3445 2739 3683 2795 conspe-

2100 2847 2248 2893 ctum
2276 2834 2692 2906 prodeuntibus,
2721 2832 2966 2901 proditor
3006 2824 3320 2897 praefectum
3346 2831 3400 2877 et
3424 2821 3572 2889 pium
3603 2818 3687 2871 vi-

2099 2943 2220 2984 rum
2270 2927 2618 2982 Theodorum
2671 2937 2858 2979 coram
2886 2922 3143 2975 omnibus
3175 2913 3475 2979 accusavit,
3517 2922 3688 2980 seque

2101 3024 2314 3087 horam,
2345 3020 2510 3085 diem,
2542 3027 2600 3073 et
2628 3016 2895 3084 sanguine
2927 3014 3156 3095 tinctum
3181 3009 3459 3087 sudarium
3494 3014 3687 3059 mten-

2099 3129 2286 3169 surum
2324 3113 2481 3176 dixit,
2517 3110 2619 3165 nisi
2661 3123 2772 3164 rem
2808 3104 3041 3161 confessi
3081 3103 3302 3157 fuerint.
3347 3098 3500 3166 Quod
3558 3110 3683 3151 cum

2099 3206 2335 3275 religiosi
2379 3204 2480 3258 viri
2523 3202 2678 3257 fateri
2730 3204 3072 3261 recusarent,
3113 3193 3544 3258 sinmlareutque
3590 3186 3683 3241 ui-

2100 3296 2177 3352 hil
2203 3311 2394 3352 eorum
2428 3309 2550 3365 quae
2589 3293 2932 3354 dicebantur,
2961 3303 3152 3343 verum
3193 3300 3351 3344 esse:
3385 3286 3685 3351 imperator

2099 3390 2165 3445 ad
2187 3388 2519 3457 proditorem
2572 3382 2847 3446 clamavit,
2878 3378 3194 3451 tttad‘illos
3248 3370 3682 3432 convincendos,

2098 3466 2374 3552 capsulam
2410 3479 2687 3541 educeret,
2716 3490 2882 3544 quam
2919 3487 3115 3540 nempe
3148 3471 3218 3524 ob
3248 3471 3387 3523 hanc
3453 3478 3684 3520 causam

2091 3562 2276 3644 jussus
2315 3570 2707 3627 occultaverat.
2747 3566 2985 3628 Verum,
3045 3558 3367 3615 admirabile
3398 3556 3500 3611 fuit
3557 3568 3687 3623 spe-

2097 3664 2398 3728 ctaculum,
2433 3662 2578 3717 illam
2613 3665 2890 3716 momento
2939 3655 3251 3717 evanuisse,
3302 3665 3401 3706 nec
3437 3651 3503 3703 ad
3542 3650 3687 3702 hanc

2097 3761 2239 3817 diem
2273 3765 2544 3828 repertam
2579 3769 2722 3810 esse.
2765 3752 2840 3807 Ea
2884 3766 2945 3806 re
2999 3749 3169 3805 multo
3213 3746 3416 3801 rubore
3445 3742 3690 3798 suffusus

2096 3851 2405 3921 versipellis
2459 3849 2781 3918 imperator,
2832 3843 3039 3898 veritus
3070 3856 3139 3895 ne
3194 3836 3302 3892 tale
3361 3832 3686 3888 miraculum

2095 3940 2414 4015 Byzantinis
2471 3937 2821 3993 manifestum
2877 3932 3031 3988 ﬂeret
3062 3931 3339 4001 (uanique
3369 3942 3396 3978 a
3434 3921 3685 3993 plurimis

2095 4014 2318 4090 sanctus
2345 4030 2720 4102 appellabatur
2749 4037 2804 4082 et
2829 4017 3501 4092 noscebatur),inimicum
3528 4014 3687 4069 illum

2096 4138 2152 4184 et
2205 4125 2538 4197 proditorem
2598 4119 2920 4176 verberibus
2969 4115 3330 4171 acerbissime
3361 4124 3564 4162 caesum
3625 4107 3679 4158 in

2095 4219 2445 4290 peregrinam
2492 4215 2770 4284 regionem
2817 4210 3079 4279 relegavit
3132 4224 3147 4261 :
3201 4206 3500 4259 honoratos
3551 4214 3687 4254 vero

2097 4312 2218 4366 illos
2244 4312 2414 4369 viros,
2469 4307 2718 4377 quamvis
2752 4304 2975 4365 nolens,
3036 4303 3088 4354 in
3150 4297 3371 4369 propria
3414 4292 3683 4355 restituit,

2095 4405 2264 4458 Deum
2296 4402 2348 4455 in
2383 4390 2637 4452 omnibus
2660 4396 2969 4459 laudantes,
2998 4392 3088 4462 qui
3112 4406 3209 4460 per
3232 4404 3391 4445 suum
3426 4397 3683 4442 sanctum

2095 4511 2153 4552 se
2180 4497 2296 4547 sine
2325 4489 2564 4561 periculo
2601 4487 2831 4541 mirifice
2860 4491 3197 4539 servaverat.

404 4580 675 4650 εκατὲστη
689 4596 796 4642 τεν,
830 4577 1157 4644 δοξάζοντας
1184 4581 1278 4634 ἐπὶ
1304 4583 1473 4637 πᾶσιν
1499 4585 1592 4638 τὸν
1618 4584 1771 4650 Θεὸν,
1798 4587 2016 4644 ’τὸνδιά
2054 4589 2150 4645 τοῦ
2179 4586 2339 4656 ἁγίου
2367 4582 2532 4639 αὐτοῦ
2564 4579 3153 4654 θαυματουργήσαντα,
3210 4571 3531 4636 ἀκινδύνους
3550 4568 3682 4625 τού-

399 4687 531 4735 τους
569 4670 931 4743 φυλαχθῆναι.

476 4766 542 4818 Τί
567 4766 626 4819 δὲ
655 4766 754 4820 καὶ
780 4768 813 4836 ή
841 4766 991 4819 δολία
1023 4766 1208 4838 ἐκείνη
1231 4767 1432 4834 δουλὶς,
1465 4771 1599 4842 περὶ
1620 4765 1690 4843 ἧς
1721 4773 1985 4841 ἀνωτέρω

2161 4770 2400 4838 Equum
2422 4768 2587 4823 etiam
2619 4780 2727 4819 non
2748 4774 2834 4819 est
2860 4761 3080 4817 silentio
3106 4760 3452 4828 praetermitti
3475 4797 3490 4822 ,
3514 4772 3685 4827 quam

401 4858 742 4928 γέγραπται,
768 4858 890 4929 ἥτις
908 4857 1007 4929 τὴν
1023 4859 1219 4930 κυρίαν
1241 4861 1337 4914 καὶ
1356 4861 1448 4914 τὸν
1471 4861 1649 4930 ἅγιον,
1671 4863 1986 4936 διδαχθεῖσα

400 4950 559 5020 παρὰ
577 4948 689 5003 τῶν
711 4949 946 5016 ἀσεϐῶν,
968 4949 1215 5005 διέϐαλεν
1235 4953 1332 5005 καὶ
1361 4955 1764 5025 κατηγόρησεν,
1791 4957 1990 5029 συνθή-

404 5058 511 5106 κας
543 5041 675 5115 παρ’
710 5042 890 5096 αὐτῶν
919 5043 1198 5113 εἰληφυῖα,
1230 5043 1732 5117 ὲλευθεροῦσθαίτε
1758 5048 1854 5102 καί
1881 5066 1990 5102 τινι

399 5130 861 5203 ζεύγνυσθαιτῶν
889 5133 984 5187 τοῦ
1006 5134 1303 5200 παλατίου,
1335 5137 1519 5191 ὁποῖον
1548 5137 1708 5208 ἔσχεν
1743 5139 1838 5192 τοῦ
1870 5138 1990 5210 βίου

404 5226 467 5281 τὸ
497 5225 651 5290 τέλος
682 5229 742 5280 ὲν
767 5225 1001 5297 ἐχθίστω
1040 5227 1135 5281 καὶ
1160 5227 1383 5298 πονηρῷ
1411 5228 1649 5301 θανάτῳ,
1691 5231 1754 5284 οὐ
1777 5230 1988 5287 δίκαιον

409 5320 589 5391 σιωπῇ
630 5318 1126 5391 παραπεμφθῆναι.
1176 5319 1335 5373 Μετὰ
1363 5319 1471 5391 γὰρ
1506 5321 1601 5375 τὸν
1641 5326 1741 5394 τῆς
1790 5324 1989 5394 κυρίας

405 5408 578 5480 αὐτῆς
611 5409 679 5462 ὲκ
700 5407 793 5462 τοῦ
831 5409 1110 5482 ἀφορήτου
1150 5410 1364 5464 ἐκείνου
1391 5411 1604 5482 δαρμοῦ
1627 5412 1988 5485 ἀθλοφορικδν

407 5502 662 5566 θάνατον,
686 5502 780 5569 καί
804 5500 899 5554 τοῦ
927 5501 1083 5570 ἁγίου
1108 5503 1207 5571 τὴν
1232 5501 1322 5555 διὰ
1344 5504 1650 5575 μαρτυρίου
1680 5505 1986 5572 τελείωσιν,

410 5593 579 5666 μηδὲν
601 5595 666 5648 ὲκ
692 5593 800 5648 τῶν
829 5593 969 5666 πρὸς
994 5593 1164 5665 αὐτὴν
1188 5595 1598 5666 συνταχθέντων
1617 5598 1982 5669 ἐπιτυχοῦσιν..

480 5808 506 5867 9
536 5801 604 5851 al.
630 5786 910 5867 Δελμάτου
1010 5794 1039 5837 ι’
1075 5794 1144 5850 al.
1170 5796 1260 5849 τὸν
1299 5795 1496 5859 αὐτοὺς
1530 5797 1950 5867 παραδώσαντα.
2030 5808 2052 5836 ε

410 5863 592 5969 βςλαι.
674 5865 693 5908 τ
725 5863 793 5920 al.
831 5883 1009 5921 τινων.

2093 4862 2365 4918 infelicem
2398 4870 2453 4915 et
2497 4857 2751 4914 acerbam
2801 4865 3036 4910 mortem
3277 4852 3475 4907 obierit
3526 4848 3679 4904 vafra

2096 4956 2186 5010 illa
2238 4954 2462 5017 ancilla,
2520 4954 2588 5008 de
2651 4966 2759 5024 qua
2801 4948 3052 5018 superius
3110 4949 3374 5016 scriptum
3418 4955 3525 5004 est.
3560 4958 3688 5010 qum-

2095 5047 2309 5103 scilicet
2341 5047 2413 5102 ab
2470 5047 2652 5115 impiis
2683 5047 2899 5108 educta,
2939 5045 2991 5096 in
3037 5041 3315 5096 dominam
3343 5049 3398 5093 et
3430 5048 3681 5091 sanctqu

2097 5136 2432 5207 Stephanum
2459 5137 2762 5193 calumnias
2787 5145 2840 5189 et
2872 5133 3101 5188 crimina
3147 5132 3302 5185 liuxit
3324 5169 3338 5191 ,
3384 5140 3480 5195 spe
3512 5128 3679 5179 liber-

2094 5232 2222 5286 tatis
2247 5232 2664 5300 cooscquendm,
2692 5239 2744 5284 et
2775 5226 3107 5281 matrimonii
3156 5221 3510 5279 contrahendi
3547 5234 3675 5272 cum

2093 5325 2276 5394 aliquo
2305 5340 2336 5379 e
2362 5325 2592 5394 palatio,
2620 5334 2679 5376 ut
2701 5335 2821 5376 cum
2854 5320 2971 5388 ipsa
3008 5318 3150 5389 paeti
3199 5315 3435 5371 fuerant.
3478 5312 3666 5380 Itaque

2095 5431 2217 5471 eum
2254 5427 2377 5485 post
2403 5414 2785 5483 triumphalem
2814 5427 2925 5466 suae
2956 5410 3189 5465 domina:
3217 5425 3282 5463 ex
3312 5406 3676 5463 intolerandis

2093 5507 2413 5561 verberibus
2439 5506 2681 5569 obitum,
2710 5513 2762 5557 et
2806 5498 2989 5558 sancti
3027 5500 3290 5569 Stephani
3340 5499 3678 5570 martyrium

2094 5614 2159 5654 ac
2209 5599 2759 5665 consummationem,
2797 5597 2932 5653 nihil
2992 5612 3182 5653 eorum
3243 5611 3363 5668 qua:
3397 5595 3504 5652 sibi
3538 5608 3673 5665 pro-
3718 5668 3721 5675 γ

2085 5797 2155 5853 al.
2200 5796 2687 5870 παρασταθέντων.
2761 5796 2786 5837 δ
2826 5798 2898 5854 al.
2934 5798 3323 5871 προδεικνύων.
3405 5809 3430 5839 ο
3459 5797 3531 5855 al.
3571 5797 3677 5852 ικ-
