4024 6462
361 427 512 492 118Τῖ

1537 429 1912 492 STEPllANl
1958 433 2265 494 DlACONI
2305 435 2412 494 ΟΡ.

2827 366 2852 384 κ

3494 425 3625 493 ΗΞᾶ

376 541 540 592 missa
566 545 743 599 erant,
770 533 1066 599 obtineret;
1092 548 1250 602 supra
1279 546 1638 589 memoratum
1661 537 1940 591 Callistum

2060 539 2514 592 κατεπανίσταται
2547 539 2625 608 τῷ
2693 538 3044 610 προλεχθέντι
3093 538 3380 610 Καλλίστῳ
3411 543 3500 592 καὶ
3549 541 3629 610 τῷ

374 638 429 682 et.
459 626 802 696 publicanum
834 626 1228 679 Auliealatnnm
1257 626 1340 679 his
1372 627 1548 681 verbis
1589 629 1779 682 adorsa
1813 641 1896 684 cst
1929 647 1944 684 :

375 717 488 772 Nisi
559 733 621 771 ea
689 733 811 785 qua:
865 718 995 770 mihi
1059 717 1282 784 polliciti
1312 719 1465 778 estis,
1499 718 1812 786 implebitis,
1857 737 1948 776 ve-

374 820 516 864 stras
553 807 775 862 fraudes
807 818 860 863 et
904 809 1282 872 contumelias,
1316 825 1452 875 quas
1482 812 1532 862 in
1559 821 1806 864 sanctum
1831 828 1946 866 nta-

374 901 582 954 chinati
611 899 764 962 estis,
798 915 893 967 per
948 900 1178 952 ntediam
1213 901 1400 952 urbem
1450 902 1774 968 prmdicabo.
1838 903 1947 954 An-

375 989 448 1040 xii
483 988 554 1041 illi
581 988 732 1051 facti,
775 989 1159 1042 deliberatione
1196 989 1374 1042 habita
1400 1029 1416 1055 ,
1469 994 1753 1059 quemdam
1795 1004 1948 1046 nota-

380 1079 519 1133 rium
543 1061 786 1144 eiusdem
817 1078 1144 1134 Nicomediae
1170 1079 1443 1147 publicani
1471 1081 1572 1149 ipsi
1603 1082 1948 1138 matrimonio

375 1167 630 1238 jungunt.
664 1169 888 1234 Verum,
916 1185 1038 1223 cum
1067 1171 1313 1239 pariendi
1360 1180 1570 1241 tempus
1616 1173 1945 1235 advenisset,

378 1276 514 1315 nova
551 1261 640 1314 illa
684 1262 866 1330 vipera
926 1263 1059 1316 duos
1115 1263 1254 1318 ﬁlios
1306 1265 1512 1333 genuit.
1551 1264 1678 1319 Post
1730 1266 1948 1335 aliquod

379 1352 574 1406 deinde
609 1363 820 1421 tentpus
845 1353 1005 1408 vidua
1037 1355 1150 1409 viro
1187 1353 1352 1418 facta,
1384 1371 1504 1409 cum
1531 1357 1643 1410 sola
1673 1359 1846 1412 media
1877 1359 1948 1412 in-

382 1434 460 1500 ter
491 1446 630 1500 tilios
658 1449 942 1511 dormiret,
977 1449 1080 1501 sub
1117 1449 1348 1502 mediam
1379 1460 1590 1503 noctem
1631 1451 1813 1504 nescio
1843 1466 1950 1519 quo

380 1538 582 1606 impetu
617 1540 806 1606 agitati
864 1537 1097 1592 infantes
1151 1548 1533 1605 surrexerunt,
1566 1549 1727 1609 atque
1763 1540 1836 1594 illi
1868 1544 1947 1594 vi-

377 1643 520 1696 perae
555 1641 742 1698 partus
775 1630 878 1683 duo
909 1631 1096 1683 matris
1128 1631 1289 1684 ubera
1336 1634 1676 1700 apprehensa
1701 1633 1949 1686 comede-

379 1730 524 1773 runt.
562 1720 746 1788 ltaque
768 1732 888 1775 orto
921 1722 1008 1774 die
1034 1723 1248 1775 inventa
1278 1733 1360 1776 est
1391 1734 1564 1777 mater
1593 1732 1801 1777 mortua
1826 1739 1949 1778 cum

379 1811 526 1875 liliis,
559 1814 648 1880 qui
695 1812 854 1882 527
889 1815 1064 1866 adhuc
1117 1824 1431 1867 cruentatas
1471 1815 1696 1868 uberum
1754 1831 1950 1870 carnes

2053 629 2334 699 φορολόγῳ
2429 628 2839 699 Αὺλικαλάμῳ,
2893 629 3084 699 ὅτιπερ
3156 630 3216 681 lii
3276 629 3351 700 μὴ
3419 630 3489 681 τὰ
3549 632 3630 691 είς

2050 722 2150 788 ἐμὲ
2199 719 2566 788 συνταχθέντα
2616 718 2978 790 πληρῶσητε,
3041 720 3204 788 μέσον
3253 719 3480 790 κηρύξω
3529 721 3627 783 τῆς

2051 810 2294 872 πόλεως,
2335 809 2432 872 τάς
2489 825 2548 860 τε
2587 809 2923 878 πανουργίας
2970 809 3125 876 ὑμῶν
3175 809 3269 862 καὶ
3318 809 3419 871 τάς
3480 809 3612 877 πρὸς

2051 901 2140 952 τὸν
2221 900 2376 966 ἅγιον
2459 899 2746 968 λοιδορίας.
2813 900 2900 952 Ἐν
2979 900 3264 970 ἀμηχανίᾳ
3315 899 3371 952 δὲ
3420 899 3628 952 τούτων
3687 925 3690 930 ·

2051 991 2385 1058 γεγονότων,
2454 989 2782 1060 συμϐούλιόν
2866 1007 2926 1043 τε
2989 991 3353 1060 ποιήσαντες,
3428 992 3624 1052 συζευ-

2049 1084 2270 1151 γνύουσι
2297 1083 2467 1152 ταύτῃ
2494 1083 2744 1151 νοτάριόν
2774 1099 2896 1136 τινα
2925 1081 3018 1135 τοῦ
3058 1083 3223 1136 αὐτοῦ
3251 1082 3350 1150 τῆς
3382 1083 3622 1151 Νικομηι

2050 1173 2200 1236 δείας
2232 1174 2528 1244 φορολόγου
2548 1191 2561 1204 ·
2591 1174 2687 1227 καὶ
2713 1176 2772 1227 ἐν
2813 1173 2992 1244 καιρῷ
3041 1175 3297 1242 φθάσασα
3339 1177 3565 1227 τοκετοῦ
3595 1177 3627 1244 ἡ

2051 1265 2146 1318 νέα
2172 1264 2314 1336 αὕτη
2341 1264 2542 1336 ἔχιδνα,
2573 1267 2740 1336 γεννᾷ
2768 1266 2966 1328 παῖδας
3002 1266 3115 1320 δυο.
3152 1265 3310 1318 Μετὰ
3339 1266 3396 1319 δὲ
3430 1267 3630 1336 χρόνον

2051 1334 2182 1410 τινὰΙ
2211 1334 2404 1428 μονιὰν
2440 1356 2644 1426 σχοῦσα
2669 1334 2733 1410 ἐκ
2756 1358 2849 1410 τοῦ
2876 1357 3091 1427 ἀνδρὸς,
3127 1357 3224 1410 καὶ
3261 1334 3630 1426 μόνης-αὑτῆς

2056 1447 2193 1515 μετὰ
2233 1445 2343 1498 τῶν
2377 1446 2584 1497 τέκνων
2629 1444 2791 1514 μέσον
2839 1445 3213 1515 κοιμωμένης,
3247 1448 3376 1516 περὶ
3408 1447 3505 1509 τὰς
3532 1465 3632 1516 με-

2055 1534 2370 1597 σονυκτίους
2413 1533 2560 1604 ῶρας
2595 1535 2652 1585 ἐν
2690 1533 2947 1586 ἐκστάσει
2996 1533 3268 1602 γενόμενα
3309 1535 3378 1586 τά
3430 1534 3626 1603 βρέφη,

2051 1624 2411 1678 διαναστάντα
2443 1627 2537 1676 καὶ
2575 1624 2946 1694 ἐπιλαϐόμενα
2968 1624 3076 1676 τῶν
3097 1625 3425 1694 ἀμφοτέρων
3457 1626 3630 1692 αὐτῆς

2057 1717 2302 1786 μασθῶν,
2338 1719 2406 1771 τὰ
2432 1717 2742 1788 ἐχιδνότοκα
2764 1717 2938 1771 ταῦτα
2968 1720 3229 1785 διέφαγον
3259 1717 3476 1778 αὐτούς.
3516 1717 3632 1770 Kal.

2054 1805 2225 1869 οὕτως
2251 1807 2463 1877 ἡμέρας
2499 1808 2818 1876 γενομένης,
2869 1801 3027 1874 εὗρον
3065 1813 3162 1876 τὴν
3194 1823 3252 1858 τε
3283 1807 3494 1876 μητέρα
3534 1807 3632 1858 καὶ

378 1902 634 1956 dentibus
683 1903 955 1958 tenebant.
1006 1902 1119 1958 line
1169 1905 1464 1958 miserabili
1517 1920 1673 1975 pos-na
1721 1906 1946 1960 fraudu-

2060 1900 2116 1951 τὰ
2141 1898 2313 1968 βρέφη
2336 1896 2528 1968 νεκρὰ,
2553 1897 2736 1966 ἀκμὴν
2761 1898 3064 1967 κρατοῦντα
3087 1901 3197 1960 τοῖς
3212 1896 3426 1950 ὀδοῦσιν
3449 1899 3636 1968 ᾑμαγ-

377 1993 524 2048 lenta
553 1995 640 2049 illa
671 2006 727 2050 et
750 1998 926 2052 sancti
951 2001 1264 2052 accusatrix
1297 1997 1490 2053 ancilla
1517 1999 1681 2053 vitam
1716 1999 1952 2066 pessime

387 2085 625 2154 abrupit,
665 2096 829 2156 atque
861 2089 913 2140 in
939 2098 1203 2142 aiternum
1231 2089 1555 2158 supplicium
1609 2089 1814 2155 deiecta
1846 2097 1948 2144 est.

376 2175 488 2232 Nec
515 2194 574 2233 ea
613 2180 663 2233 in
701 2195 757 2234 re
791 2182 1009 2249 iniquus
1032 2181 1134 2234 fuit
1167 2180 1328 2242 Deus,
1365 2183 1457 2251 qui
1501 2181 1642 2237 labia
1681 2182 1868 2236 dolosa
1896 2190 1950 2236 et

376 2269 616 2338 linguam
646 2274 1052 2343 magniloquant
1081 2273 1124 2336 ⁸,
1146 2283 1204 2326 ut
1237 2289 1356 2328 cum
1377 2273 1577 2328 Davide
1609 2273 1820 2342 loquar,
1845 2277 1953 2329 cito

381 2363 650 2431 disperdit
697 2379 711 2415 :
766 2364 855 2433 qui
885 2379 1017 2417 vero
1068 2364 1217 2418 illutn
1269 2363 1594 2433 gloriﬁcant,
1644 2365 1761 2421 illos
1790 2366 1951 2420 etiam

377 2463 501 2522 post
537 2464 763 2508 mortem
791 2455 1076 2524 gloriﬁcat.

455 2647 546 2705 Hae
568 2660 696 2706 sunt
726 2651 882 2708 istius
910 2654 1014 2707 mei
1052 2654 1262 2708 minimi
1295 2657 1477 2725 operis
1504 2670 1641 2711 verae
1689 2655 1952 2720 historiae,

381 2757 517 2810 quas
543 2758 640 2812 ego
671 2744 891 2812 quidem
945 2745 1135 2816 collegi
1176 2762 1207 2802 a
1251 2750 1425 2802 sancti
1451 2749 1751 2816 'proximis,
1787 2749 1952 2814 notis,

384 2835 653 2902 cognatis,
695 2837 879 2897 sociis,
908 2839 1392 2895 contubernalilms
1420 2849 1475 2895 et
1509 2841 1816 2908 discipulis,
1868 2850 1954 2893 at-

381 2938 489 2991 que
519 2925 680 2977 etiam
711 2941 740 2978 a
801 2928 1014 2996 tyranni
1063 2930 1400 2999 symmystis,
1456 2931 1546 2998 qui
1603 2931 1798 2986 in.hac
1844 2933 1952 2984 vita

380 3017 675 3070 etiamnum
707 3021 1030 3086 superstites
1059 3031 1207 3075 sunt.
1258 3022 1336 3076 Tu
1380 3037 1529 3087 vero,
1564 3039 1597 3077 ο
1645 3024 1956 3078 venerande

383 3104 567 3172 Pater,
607 3108 750 3163 illius
775 3111 957 3176 collis,
997 3113 1292 3181 speluncae,
1326 3115 1556 3184 νίιιιξίιιιε
1587 3116 1805 3186 generis
1833 3130 1954 3170 suc-

382 3210 586 3262 cessor,
622 3200 970 3255 sanctissime
1001 3199 1264 3271 Epiphani
1287 3243 1303 3268 ,
1339 3204 1428 3270 qui
1467 3219 1600 3259 mea:
1631 3205 1955 3274 ignorantiae

380 3298 433 3340 et
465 3287 666 3358 ingenii
726 3291 1002 3348 tarditatis
1037 3292 1179 3348 nulla
1214 3295 1429 3350 ratione
1483 3297 1661 3350 habita
1686 3335 1701 3360 ,
1749 3299 1814 3350 ad
1852 3297 1954 3351 hoc

387 3395 524 3447 opus
547 3377 971 3451 aggrediendum
1002 3400 1134 3438 mea:
1171 3385 1367 3439 vilitati
1403 3396 1592 3442 auctor
1624 3398 1681 3442 et
1712 3389 1959 3442 hortator

390 3473 574 3538 luisti,
608 3475 723 3528 haec
751 3491 920 3544 pauca
956 3494 1073 3544 qua:
1105 3493 1168 3533 ex
1203 3479 1390 3532 multis
1415 3479 1624 3548 absque
1658 3479 1760 3532 ulla
1807 3496 1957 3534 mora

388 3575 602 3617 tuarum
636 3567 948 3622 orationum
979 3568 1090 3623 Deo
1114 3570 1548 3640 gratissimarum
1578 3573 1777 3627 virtute
1811 3574 1961 3642 adju-

383 3666 473 3712 tus
509 3658 755 3729 eaccrpsi
797 3667 848 3713 et
881 3660 974 3714 tibi
1007 3661 1201 3727 olIero,
1230 3678 1434 3732 quaeso,
1472 3664 1676 3735 accipe.

458 3929 624 4002 528
650 3930 787 3997 Quid
834 3946 961 3988 vero
990 3933 1056 3988 ad
1095 3945 1144 3988 te
1185 3933 1400 4003 loquar,
1443 3951 1476 3989 ο
1511 3934 1674 3989 Pater
1697 3945 1749 3989 et
1777 3943 1966 3990 sancte

389 4027 619 4092 martyr,
654 4025 828 4078 victor
849 4027 1060 4080 caeteris
1079 4026 1378 4081 victoribus
1403 4026 1562 4097 looge
1593 4026 1963 4094 praestantior,

388 4130 446 4168 re
474 4125 528 4168 et
551 4116 771 4171 nomine
795 4117 1094 4186 Stephane,
1149 4119 1262 4172 sive
1294 4119 1542 4173 coroaa?
1574 4117 1851 4187 Siquidem
1878 4135 1968 4173 su-

389 4223 484 4276 pra
522 4208 786 4263 humanas
811 4209 953 4263 vires
992 4217 1077 4265 est
1107 4220 1255 4262 tuum
1288 4212 1635 4280 martyrium.
1667 4212 1803 4266 Cum
1835 4226 1966 4279 ergo

389 4299 603 4352 illortnn
647 4297 830 4354 laudes
868 4300 1156 4354 humanam
1185 4299 1498 4356 facultatem
1529 4313 1792 4372 superant
1823 4317 1964 4370 quo-

391 4406 508 4446 rum
539 4390 679 4445 facta
734 4391 1028 4463 singularia
1095 4401 1266 4449 sunt:
1323 4395 1526 4448 idcirco
1587 4409 1721 4448 mete
1773 4395 1968 4465 inopia:

388 4481 634 4536 obicibus
670 4493 760 4536 tuo
828 4483 1133 4538 interventu
1185 4498 1250 4538 ex
1311 4495 1464 4552 parte
1501 4483 1791 4552 perfractis
1821 4523 1835 4548 ,
1875 4495 1964 4537 tua

389 4584 539 4641 gesta
596 4571 808 4629 illustro
874 4583 932 4628 et
980 4575 1216 4642 celebro,

393 4677 540 4728 rens,
590 4673 738 4716 tuum
799 4673 959 4733 caput
1014 4665 1120 4717 Deo
1192 4663 1307 4732 ipso
1355 4672 1676 4718 coronatum
1744 4662 1962 4731 hymnis

388 4768 615 4807 exorno.
685 4751 879 4808 Verum
936 4753 1254 4819 enimvero,
1314 4753 1442 4807 dum
1504 4753 1621 4806 haec
1684 4752 1780 4804 tibi
1847 4766 1964 4804 tnu-

393 4861 523 4902 nura
575 4846 762 4913 olfero,
798 4848 1065 4902 malorum
1111 4852 1308 4918 quibus
1360 4864 1476 4902 mea
1541 4846 1872 4902 infortunata
1909 4857 1964 4900 et

391 4943 665 5009 peccatrix
712 4942 894 4994 anima
938 4942 1224 5009 premitur,
1264 4941 1644 4995 liberationem
1679 4950 1819 5008 peto.
1856 4939 1965 4993 Ita-

393 5046 522 5100 que,
565 5047 597 5086 ο
627 5031 721 5086 Dei
751 5044 981 5103 martyr,
1012 5044 1063 5087 tu
1089 5035 1179 5104 qui
1209 5034 1355 5088 solus
1376 5033 1652 5088 Christum
1679 5032 1963 5086 Dominum

391 5141 490 5195 pro
514 5125 680 5196 ipsius
705 5127 941 5197 imagine
957 5128 1283 5196 patiendoct
1304 5127 1622 5195 sanguinem
1639 5123 1964 5179 clfttttdettdt)

393 5215 636 5273 imitatus
681 5233 787 5273 es:
830 5234 861 5271 ο
916 5235 1051 5273 nove
1084 5229 1266 5273 custos
1313 5228 1369 5272 et
1419 5219 1750 5273 intercessor
1795 5216 1963 5270 nostri

395 5311 612 5375 generis
645 5327 658 5364 :
691 5325 723 5365 ο
770 5313 1072 5366 dtetnonum
1106 5310 1518 5374 exterminalor,
1557 5312 1761 5364 erroris
1795 5309 1966 5364 idolo-

395 5411 514 5452 rum
552 5414 796 5464 eversor,
851 5413 1163 5458 sanctarum
1215 5403 1510 5471 imaginum
1563 5403 1817 5455 adorator
1870 5419 1882 5452 :
1934 5415 1966 5453 ο

491 5574 511 5606 ³
542 5572 682 5628 Ρε.ι1.
728 5592 802 5637 .u,
836 5580 894 5631 4.

2057 1993 2222 2060 μένας
2268 1990 2367 2052 τὰς
2419 1989 2530 2042 τῶν
2581 1988 2775 2058 μαζῶν
2836 1989 3066 2058 σάρκας.
3128 1991 3238 2042 Καὶ
3280 1990 3485 2057 ταύτην
3533 1991 3634 2059 τὴν

2053 2082 2293 2153 ἐλεεινὴν
2322 2083 2478 2151 δίκην
2499 2081 2771 2134 ὑποίσασα
2795 2083 2827 2150 ἡ
2857 2081 3006 2133 δολία
3037 2080 3216 2141 δννυλὶς
3239 2081 3334 2132 καὶ
3359 2080 3452 2132 τοῦ
3479 2079 3632 2132 ὁσίου

2054 2177 2486 2247 κατηγορήτρια,
2540 2175 2891 2236 κακινκάκως
2937 2173 2998 2225 τὸ
3047 2174 3146 2244 ζῇν
3189 2173 3502 2243 ἀπέρρηξεν
3552 2175 3634 2233 εἰς

2053 2265 2412 2337 ἀτελεύτητον
2444 2265 2912 2336 παραπεμφθείσα
2947 2265 3187 2316 κόλασιν.
3229 2264 3336 2315 Καὶ
3370 2264 3427 2314 ἐν
3453 2261 3637 2329 τούτῳ

2053 2356 2152 2409 οὐκ
2181 2356 2368 2419 ἄδικος
2393 2358 2421 2408 ὁ
2452 2356 2593 2418 Θεὸς.
2615 2358 2643 2409 ὁ
2673 2357 2860 2424 τάχιον
2895 2353 3258 2423 ἐξολοθρεύων
3283 2353 3433 2422 χείλη
3457 2351 3631 2413 δόλια,

2055 2448 2357 2511 Δαυῑδικῶς
2381 2449 2578 2510 εἰπεῖν,
2610 2448 2702 2500 καὶ
2753 2446 3008 2514 γλῶσσαν
3043 2445 3484 2516 μεγαλορήμονα,
3509 2444 3634 2506 τοὺς

2053 2541 2112 2594 δὲ
2149 2539 2471 2604 δοξάζοντας
2499 2539 2662 2591 αὑτὸν
2693 2537 2932 2603 δοξάζων
2955 2535 3047 2589 καὶ
3081 2536 3220 2606 μετὰ
3267 2536 3519 2588 θάνατον.

2129 2655 2315 2710 Ταῦτά
2345 2672 2448 2724 μου
2493 2653 2587 2706 τοῦ
2641 2653 2923 2722 ἐλαχίστου
2965 2651 3121 2705 τοῦδε
3177 2651 3512 2720 πονήματος,
3565 2649 3634 2704 τά

2056 2747 2382 2817 ἐκλεχθέντα
2415 2746 2567 2816 παρὰ
2593 2745 2702 2798 τῶν
2730 2744 2822 2796 τοῦ
2851 2744 3000 2795 ὁσίου
3047 2742 3374 2811 ἀγχιστέων,
3429 2741 3633 2811 γνωρίο

2060 2856 2196 2909 μων,
2241 2837 2544 2906 συγγενῶν,
2593 2837 2857 2890 συνοίκων
2888 2837 2933 2899 Β,
2964 2834 3277 2904 όμορὰφων,
3313 2832 3409 2885 καὶ
3437 2848 3631 2900 φοιτη-

2056 2933 2184 2997 τῶν,
2216 2931 2276 2983 οὐ
2317 2931 2422 3003 μὴν
2459 2930 2594 2984 ἀλλὰ
2629 2929 2723 2981 καὶ
2754 2926 2905 2997 παρὰ
2929 2927 3036 2980 τῶν
3070 2924 3163 2978 τοῦ
3196 2925 3463 2995 τυράννου
3499 2940 3634 2990 συμ-

2060 3023 2303 3093 μυστῶν,
2344 3023 2452 3076 τῶν
2511 3019 2696 3090 ἀκμὴν
2750 3021 2807 3070 ἐν
2854 3017 2988 3085 τῷδε
3040 3015 3120 3086 τῷ
3181 3017 3278 3086 βίῳ
3326 3012 3632 3076 συζώντων,

2057 3115 2288 3186 ἀληθινὰ
2320 3115 2655 3184 διηγήματα.
2695 3110 2859 3172 Ἀλλ’,
2893 3105 2936 3163 ὦ
2977 3109 3159 3178 Πάτερ
3208 3107 3380 3177 τίμιε,
3417 3106 3511 3159 καὶ
3542 3104 3634 3156 τοῦ

2059 3207 2224 3261 αὐτοῦ
2257 3205 2446 3276 βουνοῦ
2479 3206 2572 3257 καὶ
2601 3203 2695 3256 τοῦ
2739 3202 3003 3272 σπηλαίου
3031 3202 3126 3254 κα)⁸
3158 3199 3252 3251 τοῦ
3287 3199 3490 3269 τρόπου
3516 3197 3634 3248 διάο

2057 3302 2202 3372 δοχε,
2259 3298 2525 3353 ὁσιώτατε
2574 3297 2880 3366 Ἐπιφάνιε,
2929 3298 2958 3350 ό
3012 3295 3110 3349 καὶ
3156 3293 3292 3366 πρὸς
3339 3292 3403 3345 τὸ
3433 3292 3636 3344 τοιόνδε

2061 3391 2376 3462 ἐγχείρημα
2429 3389 2693 3454 ἐπιτάξας
2751 3389 2844 3442 καὶ
2881 3386 3332 3456 προτρεψάμενος
3363 3383 3464 3454 τὴν
3497 3384 3636 3452 ἐμὴν

2061 3485 2451 3556 ταπεινότητα,
2481 3483 2724 3554 παριδὼν
2745 3483 2844 3552 τήν
2870 3499 2928 3534 τε
2956 3479 3230 3534 ἱδιωτείαν
3247 3479 3342 3530 καὶ
3374 3475 3637 3544 νωθρείαν
3677 3527 3680 3534 ,

2069 3596 2192 3647 μου,
2226 3577 2402 3647 δὲχοιο
2453 3577 2598 3645 άπερ
2637 3575 2732 3626 καὶ
2759 3575 2917 3627 ὄκνου
2976 3571 3180 3634 παντδς
3241 3570 3386 3638 δίχα,
3423 3569 3488 3620 ἐκ
3533 3566 3640 3618 τῶν

2065 3670 2275 3724 πολλῶν
2323 3669 2480 3738 ὀλίγα
2533 3666 2934 3735 συλλεξάμενος
2986 3662 3330 3729 ἐπιφέροιμι,
3377 3657 3640 3728 συνεργὸν

2067 3760 2468 3831 προκατασχὼν
2495 3759 2554 3811 ἐν
2577 3757 2787 3818 τούτοις
2811 3753 2922 3807 τῶν
2953 3753 3060 3805 σῶν
3083 3749 3496 3819 εὐπροσδέκτων
3522 3747 3640 3817 Θεῷ

2067 3853 2241 3923 εὐχῶν
2275 3852 2373 3920 τὴν
2403 3849 2777 3904 καλλιέπειαν.

2138 3945 2202 3996 Τί
2231 3943 2286 3995 δὲ
2320 3943 2412 3996 καὶ
2447 3941 2584 4012 πρὸς
2624 3941 2684 3992 σὲ
2720 3938 3047 4006 φθέγξομαι,
3081 3929 3126 3989 ὧ
3161 3935 3345 4002 Πάτερ
3377 3932 3640 4001 ὁσιόμαρ-

2065 4051 2161 4096 τυς
2201 4033 2297 4086 καὶ
2340 4031 2609 4101 ἀθλοφόρε
2650 4030 2791 4098 ὑπὲρ
2826 4027 3141 4097 ἀθλοφόρων
3193 4024 3481 4094 φερώνυμε
3510 4022 3641 4074 Στέ-

2069 4138 2234 4190 φανε;
2266 4121 2406 4191 ὑπὲρ
2425 4119 2534 4189 γὰρ
2557 4118 2846 4189 ἄνθρωπον
2871 4117 3109 4187 ὑπάρχει
3134 4131 3228 4167 σου
3243 4115 3304 4166 τὸ
3321 4113 3638 4183 μαρτύριον·

2066 4209 2140 4268 ῶν
2170 4215 2193 4253 ιι
2228 4214 2283 4265 δὲ
2309 4214 2369 4265 τδ
2399 4213 2560 4283 ἔργον
2593 4210 2891 4282 ἐξαίρετον,
2937 4208 3031 4262 καὶ
3074 4210 3102 4260 ὁ
3127 4208 3346 4268 ἔπαινος
3376 4205 3518 4276 ὑπὲρ
3549 4205 3642 4256 άν-

2069 4308 2306 4379 θρωπον.
2331 4305 2422 4358 Διὸ
2461 4308 2558 4375 τῆς
2589 4303 2821 4370 ἀπορίας
2859 4303 2919 4354 τὸ
2974 4299 3296 4370 σκυθρωπὸν
3342 4300 3407 4351 ὲκ
3445 4296 3644 4370 μέρους

2067 4401 2186 4462 ταῖς
2224 4399 2344 4459 σαῖς
2382 4395 2702 4467 πρεσϐείαις
2733 4391 3064 4464 παρανοίξας
3087 4429 3100 4452 ,
3125 4392 3191 4444 τά
3245 4388 3313 4441 σὰ
3362 4386 3633 4454 καταλαμ⁸

2071 4491 2290 4562 πρύνων
2321 4493 2588 4560 γεραίρω,
2619 4485 2798 4540 καὶτὰ
2832 4485 2900 4536 σά
2935 4484 3018 4536 σοὶ
3044 4479 3450 4553 προσκομίζων,
3484 4480 3559 4542 ὡς
3581 4480 3639 4530 ἐκ

1302 4575 1509 4644 tibique
1564 4584 1768 4628 tuamet
1824 4573 1955 4628 olfe-

2069 4580 2350 4650 λειμώνων
2378 4578 2570 4642 ἄνθεα,
2606 4577 2704 4647 τὴν
2737 4575 2839 4645 σὴν
2892 4573 3157 4642 θεοστεφῆ
3199 4570 3423 4639 ἀνυμνῶ
3447 4570 3641 4638 κάραν.

2069 4674 2181 4726 Καὶ
2208 4671 2379 4725 ταῦτά
2404 4689 2485 4724 σοι
2516 4661 2865 4739 δωροφορῶν,
2890 4664 3200 4734 ἐλευθερίαν
3223 4663 3358 4716 αἰτῶ
3383 4661 3494 4714 τῶν
3515 4677 3644 4713 κατ-

2071 4765 2306 4835 εχόντων
2370 4761 2559 4816 δεινῶν
2589 4761 2688 4830 τὴν
2711 4760 2768 4811 ἐν
2795 4757 3016 4819 πολλαῖς
3045 4753 3338 4825 ἁμαρτίαις
3368 4752 3643 4805 ταλαιπωξ

2076 4855 2278 4926 ροῦσάν
2307 4873 2410 4924 μου
2450 4852 2650 4922 ψυχήν.
2698 4849 2863 4909 Ἀλλ’,
2895 4842 2939 4900 ὦ
2968 4847 3102 4898 Θεοῦ
3148 4845 3383 4914 μάρτυς,
3413 4842 3440 4892 ὁ
3487 4839 3645 4910 μόνος

2071 4949 2163 5001 τὸν
2188 4948 2464 5015 Δεσπότην
2527 4943 2760 5014 Χριστὸν
2805 4942 2884 5010 τῷ
2932 4939 3072 5006 ὑπὲρ
3108 4935 3274 4989 αὑτοῦ
3304 4935 3404 5001 τῆς
3437 4933 3644 4990 εἰκόνος

2075 5039 2239 5093 πάθει
2271 5039 2365 5091 καὶ
2394 5040 2460 5107 τῇ
2505 5035 2730 5106 ἐκχύσει
2759 5031 2854 5086 τοῦ
2899 5032 3132 5100 αἵματος
3167 5025 3570 5097 μιμησάμενος·
3604 5018 3645 5073 ῶ

2074 5131 2228 5185 καινέ
2256 5129 2433 5200 φύλαξ
2456 5130 2552 5180 καὶ
2577 5125 2890 5197 πρεσϐευτά
2913 5123 3005 5174 τοῦ
3037 5123 3224 5188 γένους
3247 5115 3404 5186 ἡμῶν
3429 5131 3440 5142 ·
3465 5108 3512 5166 ὦ
3536 5113 3647 5166 δαι-

2078 5221 2257 5291 μόνων
2301 5219 2617 5288 όλοθρευτὰ,
2674 5214 2910 5268 εἰδώλων
2961 5228 3020 5263 τε
3063 5209 3270 5275 πλάνης
3327 5204 3643 5271 καθαίρεται,

2076 5311 2169 5362 καὶ
2202 5309 2371 5374 ἁγίων
2399 5307 2622 5372 εξκόνων
2664 5301 3048 5374 προσκυνητά·
3080 5292 3124 5350 ὧ
3161 5295 3462 5348 νοσούντων
3501 5292 3645 5362 ίατρὲ

2078 5401 2173 5453 καὶ
2200 5398 2470 5452 παντοίων
2497 5396 2822 5465 νοσημάτων
2855 5389 3169 5461 φυγαδευτά
3194 5403 3205 5414 ’
3237 5381 3280 5440 ῶ
3310 5397 3644 5439 καταπονουο

1672 5687 1906 5743 \‘Al’tle
1952 5686 2350 5744 LliCTlONES.

397 5817 404 5828 ’
475 5827 501 5863 ε
535 5829 606 5881 al.
635 5826 922 5879 συσσίτιον.
1007 5825 1034 5864 h
1065 5825 1133 5877 al.
1163 5817 1248 5877 οὗ.
