4024 6418
381 415 519 481 ιιδδ
1111 408 1123 436 ⁸

1455 426 1628 486 ιἰΤΑ
1679 427 1741 484 S.
1783 424 2158 484 STEPHANI
2198 425 2579 491 JUNIORIS.

3508 436 3645 501 1186

382 534 561 603 μένων
634 536 950 608 ῦπέρμαχε,
1015 539 1109 592 καὶ
1168 537 1591 610 χειμαζομένων
1651 539 1966 608 ἀκύμαντον

2072 542 2450 608 trgi-otautium
2488 544 2701 597 inedire
2731 555 2782 600 et
2811 548 2944 601 varii
2970 550 3182 618 generis
3212 551 3522 606 morborum
3555 556 3644 607 de-

376 627 753 698 όρμητήριονο
817 622 862 684 ὦ
916 629 1307 701 πτωχευόντων
1373 631 1576 701 χορηγὲ
1612 670 1625 691 ,
1691 631 1786 684 καὶ
1842 631 1963 683 ἐπι-

380 717 718 787 ξενουμένων
770 721 1059 785 ἀνελλιπὲς
1123 721 1478 792 παραμύθιον
1511 737 1524 752 ·
1588 714 1632 773 ὦ
1684 720 1965 787 πεπλανη-

382 808 560 876 μένων
620 808 803 879 tam,
861 810 958 863 καὶ
1023 809 1132 862 τῶν
1213 811 1314 880 ἤδη
1369 809 1818 863 πεπιστευκότων
1873 808 1965 878 ὀρ-

379 897 610 965 θοδόξων
664 899 724 953 τὸ
766 900 1048 972 στήριγμα
1081 917 1095 932 ο
1120 894 1172 955 ὦ
1211 900 1435 971 φωστὴρ
1495 901 1808 971 παγκόσμιε
1857 917 1968 969 φω-

375 988 545 1054 τίζων
568 989 749 1061 ψυχὰς
789 995 858 1063 τῇ
900 993 1111 1063 αἱρέσει
1154 994 1593 1063 ὲσκοτισμένας’
1617 987 1663 1045 ὧ
1712 991 1966 1060 ἀγγέλων

381 1077 660 1148 συνόμιλε,
698 1081 793 1133 καὶ¹
830 1080 939 1133 τῶν
972 1080 1329 1151 ἀρχαγγέλων
1370 1080 1712 1151 συγχορευτά
1740 1096 1755 1110 ο
1789 1075 1834 1133 ὦ
1866 1081 1966 1149 τῆς

321 1217 329 1225 .
377 1170 539 1238 ἁγίας
576 1171 808 1240 Τριάδος
838 1171 1079 1243 θεράπον
1112 1175 1208 1227 καὶ
1245 1173 1438 1245 ψυχῶν
1467 1173 1827 1244 ἀνθρωπίνων
1857 1175 1966 1242 ίερ-

378 1262 573 1332 ουργέ’
612 1260 658 1316 ῶ
706 1264 1107 1335 εὐπρόσδεκτος
1168 1264 1590 1336 προσφερομένη
1651 1264 1771 1334 Θεῷ
1826 1265 1962 1335 εὐχὴ

379 1354 524 1425 ὑπὲρ
551 1355 665 1408 τῶν
694 1357 754 1409 ὲν
778 1356 1009 1428 ἀληθινῇ
1039 1359 1226 1411 πίστει
1246 1357 1556 1427 δεχομένων
1583 1357 1678 1409 καὶ
1709 1355 1963 1419 δοξαζόν-

375 1461 491 1498 των
516 1461 611 1498 σου
639 1446 701 1499 τὸ
741 1447 1040 1519 μαρτύριον
1061 1489 1076 1511 ,
1106 1441 1152 1501 ὦ
1186 1448 1390 1519 ἐλατὴρ
1428 1450 1494 1501 ὲκ
1531 1446 1667 1501 Θεοῦ
1698 1450 1811 1510 τοῖς
1868 1449 1967 1499 ἀκ-

382 1534 495 1606 μὴν
519 1539 587 1607 τῇ
617 1539 832 1608 αἱρέσει
880 1539 992 1591 τῶν
1030 1538 1655 1610 Χριστιανοκατηγόρων
1696 1539 1968 1608 ἐμμένου-

380 1644 489 1692 σιν,
515 1629 611 1682 και
644 1629 806 1702 δίκην
847 1630 1079 1695 ἀσπίδος
1126 1630 1320 1701 κωφῆς
1354 1628 1584 1700 μύουσιν
1612 1629 1683 1681 τὰ
1712 1623 1848 1693 ὦτα,
1889 1628 1963 1698 μὴ

378 1717 657 1783 ἐθέλοντες
693 1717 958 1773 ίάκούειν
995 1720 1028 1790 ἢ
1073 1719 1356 1773 πιστεύειν
1384 1718 1485 1780 τὰς
1531 1717 1628 1780 ait;
1665 1718 1964 1785 ἀθλητικάς

379 1808 742 1880 παλαίστρας
763 1811 857 1865 καὶ
881 1812 968 1865 ἵνα
985 1811 1269 1881 συντόμως
1292 1798 1456 1875 εἴπω,
1485 1802 1529 1861 ῶ
1547 1808 1750 1871 παντὸς
1769 1808 1965 1877 ὀνόμα-

2075 629 2262 696 ριιιδοι*
2293 648 2305 683 :
2334 645 2367 683 ο
2396 631 2719 686 εθιιοιιιτιιιιι
2751 635 3025 695 defensor,
3065 648 3119 692 et
3160 640 3355 693 mediis
3382 641 3433 695 in
3461 640 3643 695 ﬂueti-

2068 719 2167 772 lms
2197 720 2619 788 periclitantium
2664 733 2852 789 portus
2883 726 3367 794 tranquillissimus
3400 744 3416 783 :
3451 747 3483 783 υ
3510 745 3645 798 pau-

2067 824 2251 876 perunt
2303 813 2716 866 administrator
2767 823 2822 868 et
2881 818 3295 886 peregrinorum
3360 834 3638 888 nunquam

2067 897 2326 951 deﬁciens
2348 901 2649 953 consolatio
2676 917 2689 954 :
2722 915 2755 953 0
2785 901 2892 955 dux
2922 905 3249 972 errantium,
3278 914 3332 958 et
3359 904 3646 962 fulcimen-

2065 997 2177 1040 tum
2232 991 2659 1045 orthodoxurnm
2703 993 2813 1062 jam
2864 994 3200 1048 credentium
3265 1010 3345 1051 :o
3374 998 3643 1053 lutuinate

2067 1078 2489 1145 pulcherrimum
2729 1082 2942 1137 animas
2979 1085 3218 1140 tenebris
3247 1086 3523 1143 haereseos
3551 1090 3643 1142 nl)-

2068 1169 2276 1223 volutas
2317 1170 2672 1228 illumiuans:
2728 1189 2761 1226 ο
2816 1174 3129 1245 angelorum
3193 1178 3398 1232 sodalis
3453 1189 3507 1233 et
3555 1197 3646 1232 ar-

2068 1263 2454 1332 changelorum
2486 1266 2727 1321 socie:o
2755 1276 2957 1322 sanctae
3009 1266 3297 1324 Trinitatis
3350 1270 3552 1333 cultor,
3590 1282 3645 1326 ιι

2066 1355 2369 1407 animarum
2402 1355 2764 1409 humanarum
2800 1359 3094 1411 sacerdos:
3134 1373 3166 1412 ο
3204 1370 3516 1427 pergratum
3552 1377 3643 1413 vo-

2065 1451 2175 1496 tum
2211 1446 2317 1499 Deo
2351 1445 2591 1499 oblatum
2633 1462 2732 1516 pro
2770 1448 2857 1501 his
2904 1448 3147 1515 quicum
3183 1464 3308 1504 vera
3347 1450 3453 1506 lide
3491 1461 3640 1506 tuum

2066 1537 2389 1607 martyrium
2428 1539 2753 1608 suscipiunt,
2805 1550 2861 1595 et
2915 1540 3164 1594 laudibus
3224 1541 3552 1597 celebrant:
3608 1560 3643 1598 o

2065 1626 2246 1681 divine
2279 1627 2536 1696 expulsor
2566 1629 2783 1683 illorum
2833 1630 3008 1700 quiin
3050 1632 3244 1703 lneresi
3298 1632 3644 1689 Christianos

2065 1718 2512 1773 calumniantium
2574 1721 2869 1789 persistimt
2899 1762 2915 1787 ,
2966 1714 3171 1792 quique
3220 1724 3397 1778 instar
3442 1727 3647 1789 aspidis

2066 1809 2244 1862 surda:
2283 1825 2409 1862 suas
2443 1825 2604 1865 aures
2658 1811 2970 1875 obstruunt,
3004 1823 3126 1868 tuas
3155 1815 3441 1870 athleticas
3488 1817 3650 1885 palat-

377 1918 475 1965 τος
494 1902 704 1970 ἀγαθοῦ
722 1904 819 1957 καὶ
836 1903 1020 1974 πάσης
1038 1903 1349 1974 κρείττονος
1370 1900 1624 1973 πράξεως
1645 1901 1959 1970 tis-reparent-

2072 1909 2209 1952 stras
2239 1899 2353 1955 sive
2382 1901 2679 1955 certamina
2701 1903 2898 1958 amlire
2925 1906 3005 1958 vel
3028 1906 3249 1960 credere
3278 1922 3638 1962 recusantes.

379 1991 577 2063 νόμενε
628 1993 807 2047 δίκαιε
848 1991 896 2059 i,
949 1994 1210 2063 ἀσκητῶν
1283 1991 1752 2061 ὲγκαλλώπισμα,
1800 1990 1965 2043 ὁσίων

379 2083 651 2153 ὲκλόγιον,
699 2084 986 2154 μοναστῶν
1008 2084 1283 2153 σύστημα,
1320 2082 1650 2153 καθηγητῶν
1678 2080 1961 2152 λαμπτὴρ,

379 2175 773 2232 ὑποτακτικῶν
799 2177 1024 2247 ἅμιλλα,
1061 2179 1159 2230 καὶ
1199 2174 1494 2245 μαρτύρων
1533 2174 1801 2245 ὁμόστεφε
1842 2173 1966 2242 am

380 2266 646 2337 Στέφανε,
697 2267 855 2341 δέχομ
887 2267 981 2320 νῦν
1022 2267 1114 2321 τὸν
1168 2266 1301 2337 παρ’
1331 2264 1466 2336 ἐμοῦ
1499 2267 1678 2334 λόγον,
1722 2264 1798 2328 ὡς
1828 2262 1965 2317 Θεοῦ

379 2360 815 2432 Δόγου’γνήσιος
841 2360 1116 2431 θεράπων,
1159 2359 1399 2430 μίμησαι
1431 2357 1526 2411 καὶ
1549 2360 1607 2411 ἐν
1635 2357 1809 2427 τούτῳ
1826 2358 1965 2427 Χρι-

382 2453 532 2519 στὸν,
575 2453 669 2507 τὸν
694 2454 764 2508 τά
798 2451 892 2507 δύο
928 2453 1102 2506 λεπτά
1126 2492 1133 2497 .
1156 2454 1257 2521 τῆς
1286 2454 1466 2525 χήρας
1494 2452 1639 2521 ὑπὲρ
1661 2449 1759 2513 τὰς
1791 2449 1967 2502 ἄλλων

380 2545 716 2617 πολυτίμους
744 2545 1062 2616 προσφορὰς
1099 2545 1467 2598 ἐπαινέσαντα
1497 2561 1509 2575 ·
1564 2543 1641 2613 μὴ
1688 2541 1967 2611 ἀποστρέ-

378 2637 492 2710 ψης
538 2654 637 2708 μου
678 2637 740 2689 τὸ
783 2635 892 2689 τῶν
921 2635 1098 2704 λόγων
1137 2635 1509 2706 ἀλάϐαστρον,
1546 2634 1621 2696 ὡς
1650 2632 1772 2686 οὐδὲ
1811 2634 1838 2684 6
1880 2634 1969 2683 Δε-

384 2729 596 2800 σπότης
628 2728 865 2799 Χριστὸς
917 2729 1015 2799 τῆς
1046 2728 1274 2799 πόρνης,
1328 2729 1377 2780 εἰ
1412 2728 1508 2780 καὶ
1549 2726 1624 2796 μὴ
1668 2727 1731 2778 τὸ
1766 2723 1968 2786 εὐῶδες

384 2816 597 2887 ὲγὼδιὰ
618 2817 724 2877 τῶν
743 2815 967 2884 ἀγαθῶν
998 2816 1176 2887 ἔργων
1204 2817 1484 2886 ἐπάγομαι
1504 2833 1516 2845 ·
1544 2815 1713 2886 μονὴν
1740 2815 1968 2884 ποίησον

386 2913 445 2964 ὲν
471 2913 535 2982 τῇ
564 2912 798 2982 ταπεινῇ
832 2926 934 2981 μου
964 2912 1133 2981 ψυχῇ.
1157 2909 1235 2973 ὡς
1266 2909 1358 2962 καὶ
1378 2911 1406 2962 6
1430 2906 1668 2979 Χριστὸς
1698 2908 1758 2959 ἐν
1785 2909 1850 2977 τῇ
1872 2905 1967 2959 τοῦ

383 3003 655 3073 Ζακχαίου
687 3002 864 3074 οἰκίᾳ·
888 3002 1196 3077 τελώνησον
1228 3004 1286 3055 ὲν
1304 2999 1590 3071 ἐξετασμῷ
1609 3000 1699 3053 τὸν
1727 2999 1968 3068 τελωνή-

385 3097 557 3150 σαντά
583 3097 694 3169 (28)
725 3114 792 3166 με
818 3096 1065 3150 διάϐολον
1084 3113 1098 3128 ο
1132 3095 1429 3148 ἀνελκυσόν
1463 3111 1530 3162 με
1559 3092 1653 3147 τοῦ
1689 3092 1852 3163 βυθοῦ
1875 3093 1968 3146 τὸν

385 3188 821 3259 βεῦαπτισμένον
847 3190 965 3251 τοῖς
999 3186 1231 3241 πάθεσιν
1254 3204 1270 3219 ο
1309 3185 1648 3255 ζωοποίησον
1675 3187 1798 3248 ταῖς
1845 3186 1969 3247 σαῖς

2073 1989 2335 2061 Denique,
2372 2003 2430 2046 ut
2462 1993 2702 2049 breviter
2733 1995 2928 2059 dicam,
2953 2010 2987 2050 ο
3008 1995 3177 2064 juste,
3211 1998 3303 2067 qui
3326 2000 3478 2052 omni
3504 1999 3649 2052 bono

2079 2086 2300 2137 nomine
2324 2092 2377 2136 et
2405 2085 2550 2138 omni
2587 2084 2812 2141 meliore
2841 2088 3057 2143 actione
3103 2099 3332 2156 praestas
3371 2106 3386 2143 :
3423 2105 3456 2145 o
3490 2106 3650 2145 asceo

2074 2182 2249 2227 tarum
2280 2184 2686 2241 ornamentum,
2718 2190 3031 2234 sanctorum
3057 2179 3321 2241 delectus,
3343 2184 3645 2235 monacho-

2076 2281 2193 2320 rum
2219 2267 2496 2321 vinculum
2522 2281 2591 2322 ac.
2610 2269 2795 2335 robur,
2827 2270 2914 2325 fax
2939 2271 3304 2341 superiorum,
3327 2271 3649 2329 inferionnn

2072 2359 2372 2423 aemulatio,
2440 2374 2543 2412 una
2600 2374 2723 2425 cum
2791 2364 3121 2434 martyribus
3152 2372 3410 2418 coronate
3463 2375 3653 2417 sancte

2075 2449 2370 2519 Stephane,
2425 2469 2541 2508 mea
2587 2458 2748 2512 vecba
2804 2469 2957 2525 grata
3019 2456 3181 2520 habe,
3238 2468 3301 2511 nr
3353 2472 3515 2512 verus
3559 2458 3652 2512 Dei

2077 2539 2236 2596 Verbi
2273 2557 2484 2601 servus.
2524 2544 2578 2598 In
2605 2546 2711 2600 hoc
2740 2563 2959 2618 quoque
2993 2550 3210 2602 imitare
3231 2548 3531 2613 Christum,
3559 2551 3651 2618 qui

2073 2632 2211 2688 duos
2270 2635 2443 2690 viduae
2484 2636 2674 2693 obolos
2712 2640 2969 2708 pretiosis
3020 2638 3250 2694 aliorum
3281 2640 3654 2695 oblaticiiibns

2074 2725 2244 2795 pluris
2277 2724 2426 2781 fecit.
2459 2726 2539 2781 Ne
2576 2744 2754 2784 memu
2788 2730 3077 2785 verborum
3109 2731 3442 2785 alabastrum
3482 2747 3646 2802 repu-

2073 2814 2308 2870 diaveris
2343 2815 2387 2879 ⁸,
2415 2816 2490 2870 uti
2515 2832 2690 2888 neque
2716 2819 2971 2874 Christus
2999 2819 3278 2883 homines,
3313 2823 3654 2887 meretricii;

2075 2903 2201 2959 licet
2239 2921 2340 2976 ego
2372 2923 2590 2962 suavem
2630 2910 2854 2965 odorem
2886 2912 3044 2965 bonis
3094 2912 3350 2980 operibus
3381 2927 3491 2966 non
3526 2911 3653 2967 all‘eo

2076 3013 2213 3052 ram.
2245 3001 2400 3069 Apud
2450 3017 2622 3055 meam
2662 3002 2920 3056 humilem
2967 3002 3204 3056 animam
3240 3017 3582 3057 commorare
3605 3004 3650 3067 ⁸,

2076 3099 2133 3142 ιιι
2160 3090 2484 3145 Cbristusin
2508 3092 2923 3147 Zachaeidomo.
2961 3094 3149 3148 Severi
3179 3094 3451 3163 publicani
3490 3092 3655 3165 53o

2077 3196 2271 3236 mmms
2314 3183 2574 3239 adversus
2616 3183 2891 3238 diabohnn
2923 3200 3142 3249 exerce,
3183 3184 3275 3255 qui
3305 3185 3357 3239 id
3409 3189 3652 3241 muneris

381 3282 635 3352 δεήσεσιν
657 3282 759 3353 ἐμὲ
783 3281 877 3335 τὸν
905 3280 1314 3351 νενεκρωμένον
1338 3281 1452 3342 τοῖς
1483 3275 1930 3349 παραπτώμασιν
1950 3291 1964 3306 ⁸

2072 3270 2356 3324 adversum
2406 3286 2493 3325 me
2554 3282 2796 3326 exercet.
2865 3273 2949 3327 Me
3003 3274 3141 3327 meis
3196 3273 3479 3329 affectibus
3515 3278 3652 3329 sub-

384 3372 706 3439 προσάγαγε
758 3366 837 3437 τῷ
894 3367 1117 3438 Χριστῷ
1176 3367 1269 3421 τὸν
1324 3366 1704 3436 μακρυνθέντα
1752 3364 1967 3429 τούτου,

382 3462 498 3523 τοῖς
548 3461 704 3531 ἐμοῖς
751 3460 1149 3532 ἁμαρτήμασιν
1174 3477 1190 3492 ο
1220 3458 1561 3528 συγκέρασον
1593 3458 1759 3528 ἐλαίῳ
1797 3454 1962 3525 οἶνον,

380 3551 464 3615 ὡς
529 3553 713 3621 ἰατρὸς
765 3550 1176 3622 εὖσπλαγχνος·
1233 3553 1328 3604 καὶ
1380 3553 1479 3614 τὰς
1522 3550 1814 3614 ἀσθενείας
1871 3549 1969 3604 τοῦ

384 3642 717 3715 ἁμαρτωλοῦ
763 3660 865 3714 μου
894 3641 1148 3713 σώματος
1175 3642 1343 3705 ῐασαι,
1377 3642 1464 3695 ἵνα
1504 3640 1660 3710 κάγὼ
1692 3643 1720 3695 6
1750 3641 1971 3707 ἀνάξιος

382 3740 484 3808 τῆς
502 3753 565 3789 τε
591 3734 835 3808 ψυχικῆς
862 3737 978 3805 ἅμα
999 3736 1094 3788 καὶ
1125 3737 1445 3806 σωματικῆς
1471 3734 1716 3805 ἰατρείας
1748 3736 1806 3786 ὲν
1832 3735 1971 3788 ἀπο⁴

384 3828 576 3882 λαύσει
610 3828 702 3882 διὰ
729 3826 823 3880 σοῦ
848 3827 1095 3900 γένωμαι
1118 3841 1133 3856 ⁸
1170 3828 1265 3881 καὶ
1290 3826 1367 3889 ὡς
1397 3830 1456 3881 ὲν
1493 3826 1629 3897 τῷδε
1657 3827 1733 3897 τῷ
1757 3826 1875 3898 βίῳ,
1901 3828 1967 3898 τῇ

383 3921 653 3991 ὀνομασίᾳ
675 3921 775 3991 τῆς
793 3919 1062 3989 κλήσεως,
1083 3920 1520 3990 παμμακάριστε
1542 3919 1805 3987 Στέφανε,
1838 3935 1969 3970 συν-

383 4012 602 4080 ώνυμός
628 4029 710 4065 σοι
727 4013 949 4080 γέγονα,
967 4011 1064 4064 καὶ
1081 4014 1183 4081 τῆς
1205 4009 1394 4064 αὐτόθι
1414 4015 1440 4064 6
1449 4012 1722 4081 μὸκληρος
1746 4010 1772 4049 ¹ι
1817 4008 1971 4078 ὀφθῶ

382 4104 567 4171 δεξιᾶς
597 4103 1019 4174 παραστάσεως,
1058 4103 1156 4157 σὺν
1199 4102 1354 4174 πάσῃ
1400 4100 1571 4174 ταύτῃ
1601 4106 1667 4174 τῇ
1698 4102 1969 4175 ὀρθοδόξῳ

381 4196 657 4267 ὁμηγύρει
694 4194 712 4234 ι
756 4200 822 4267 τῇ
862 4194 1073 4256 πιστῶς
1111 4195 1437 4265 εὐφημούσῃ
1485 4211 1563 4267 σε,
1591 4194 1729 4264 μετὰ
1759 4192 1968 4265 μαρτύο

392 4306 498 4341 ’κων
530 4288 686 4355 ἆγιον
732 4288 1024 4359 μάρτυρα,
1055 4287 1176 4349 ταῖς
1228 4285 1327 4355 τῆς
1376 4284 1651 4352 παναγίας
1699 4284 1967 4338 Θεοτόκου

404 4378 691 4447 ιητρικαῖς
721 4375 1065 4447 πρεσσείαις.
1095 4376 1189 4428 καὶ
1226 4375 1448 4428 πάντων
1479 4374 1588 4427 τῶν
1622 4375 1815 4443 ἁγίων,
1851 4376 1970 4444 ἅμα

404 4468 483 4520 ίαὶ
506 4470 627 4529 ταῖς
656 4466 1081 4540 εὐπροσδέκτοις
1106 4465 1226 4537 Θεῷ
1249 4466 1429 4530 ὁσίαις
1457 4467 1643 4536 εὐχαῖς
1675 4483 1792 4529 σου,
1810 4466 1969 4531 δόξαν

401 4559 730 4629 έναπέμπων
755 4561 854 4613 σὺν
898 4558 1034 4629 αὐτῇ
1069 4559 1159 4612 ἐπὶ
1189 4560 1387 4622 πᾶσινθ
1404 4557 1499 4637 τῷν
1522 4574 1583 4610 σε
1631 4558 1971 4628 φερωνύμως

402 4652 804 4720 πεφανώσαντι
844 4650 1067 4724 Χριστῷ
1120 4652 1198 4721 τῷ
1252 4638 1591 4720 παμϐασιλεί
1639 4650 1757 4720 Θεῴ
1787 4650 1967 4722 ἡμῶν,

397 4738 428 4812 ,3
459 4745 662 4816 πρέπει
688 4744 826 4817 τιμὴ
862 4747 957 4799 καὶ
981 4744 1355 4816 προσκύνησις
1395 4745 1494 4799 σὺν
1534 4742 1610 4813 τῷ
1635 4744 1859 4815 ἀνάρχῳ
1881 4744 1974 4798 αὑ-

2074 3374 2311 3415 mersum
2354 3377 2386 3417 e
2439 3362 2705 3433 profundo
2771 3367 3010 3421 retrahe.
3068 3365 3152 3420 Ite
3215 3369 3352 3421 meis
3410 3369 3652 3438 peccatis

2073 3460 2365 3518 mortuum,
2413 3454 2466 3506 in
2524 3456 2687 3508 vitam
2718 3457 2824 3509 tuis
2875 3455 3130 3525 precibus
3188 3472 3401 3512 revoca.
3437 3458 3651 3529 Me,qni

2073 3544 2208 3595 meis
2238 3543 2560 3599 criminibus
2583 3562 2611 3599 a
2634 3546 2857 3602 Chrism
2895 3548 3081 3617 procul
3118 3550 3321 3614 erravi,
3381 3550 3449 3603 ad
3493 3565 3653 3604 eum-

2072 3636 2192 3691 dem
2274 3637 2536 3693 reducere
2617 3654 2686 3693 ne
2761 3655 3012 3710 gravare.
3079 3639 3277 3695 Vinum
3341 3658 3465 3697 cum
3531 3643 3656 3697 oleo

2074 3729 2262 3795 misce,
2322 3729 2399 3782 uti
2440 3730 2753 3784 misericors
2814 3732 3077 3796 medicus,
3131 3733 3349 3803 meique
3401 3733 3651 3789 scelerati

2071 3818 2323 3889 corporis
2361 3819 2775 3875 infirmitatibus
2814 3824 3034 3876 medere
3058 3863 3073 3887 ,
3103 3833 3160 3877 ut
3197 3835 3252 3878 et
3270 3838 3371 3894 ego
3404 3824 3657 3895 indignus

2072 3912 2267 3966 anima:
2312 3919 2363 3966 et
2404 3913 2651 3982 corporis
2690 3912 2921 3967 salutem
2956 3930 3050 3983 per
3103 3924 3156 3969 te
3197 3931 3518 3985 consequar.
3552 3917 3655 3971 Ρο-

2071 4019 2298 4070 stremo,
2331 4007 2787 4075 quemadmodum
2821 4007 2874 4061 in
2898 4009 3067 4062 haece
3095 4009 3231 4068 vita.
3271 4024 3304 4063 ο
3336 4009 3655 4066 beatissime

2073 4098 2369 4168 Stephane,
2398 4099 2615 4153 nomine
2631 4110 2686 4154 et
2711 4098 3089 4169 appellatione,
3112 4101 3185 4153 tui
3207 4099 3390 4159 factus
3416 4117 3536 4156 sum
3557 4119 3656 4154 ('0-

2071 4189 2384 4259 gnominis:
2417 4191 2488 4244 ita
2515 4199 2571 4245 et
2602 4190 2656 4245 in
2698 4191 3061 4246 collocatione
3092 4192 3159 4245 ad
3213 4194 3518 4256 dexteram,
3575 4195 3652 4249 tui

2073 4295 2297 4335 consors
2352 4295 2666 4350 appaream,
2721 4296 2842 4335 eum
2895 4280 3152 4337 universo
3197 4282 3301 4336 hoc
3348 4284 3655 4339 orthodoxo

2078 4364 2248 4436 rmtu,
2274 4375 2374 4441 qui
2404 4381 2458 4428 te
2480 4389 2603 4428 cum
2631 4375 2839 4429 sanctis
2862 4374 3198 4446 martyribus
3218 4384 3466 4430 sanetum
3498 4393 3653 4432 mar-

2075 4453 2246 4532 tyrem
2277 4461 2506 4516 ﬁdeliter
2535 4463 2826 4530 praedicat;
2859 4466 3003 4533 quod
3022 4464 3229 4517 utinam
3264 4465 3359 4518 [lat
3385 4468 3654 4521 maternis

2075 4550 2437 4605 sanctissima:
2477 4551 2721 4620 Deiparze
2765 4562 2823 4607 et
2860 4554 3106 4608 omnium
3151 4565 3465 4609 sanctorum
3492 4556 3656 4610 inter-

2077 4642 2440 4704 cessionibus,
2469 4644 2685 4711 tuisque
2715 4642 2825 4698 Deo
2857 4645 3337 4715 acceptis'sanctis
3372 4648 3651 4717 precibus,

2076 4747 2133 4788 ιιι
2183 4736 2236 4789 in
2286 4735 2538 4789 omnibus
2579 4750 2702 4790 cum
2756 4736 2926 4791 haece
2981 4739 3249 4793 concione
3276 4742 3339 4791 ad
3372 4732 3655 4796 Christum

391 4835 480 4890 τοῦ
507 4836 685 4909 Πατρὶ
717 4838 813 4891 καὶ
835 4837 912 4908 τῷ
938 4836 1190 4908 ζωοποιῴ
1222 4837 1320 4889 καὶ
1347 4836 1492 4908 ἀγίῳ
1533 4834 1843 4906 Πνεύματι,
1877 4834 1966 4887 νῦν

2076 4831 2451 4883 universorum
2492 4844 2672 4898 regem
2712 4838 2769 4883 et
2806 4827 2976 4884 Deum
3034 4843 3275 4884 nostrum
3316 4833 3538 4902 gloriam
3576 4850 3660 4886 rc-

379 4927 479 4981 καὶ
505 4928 596 4980 ἀεὶ
621 4929 716 4981 καὶ
744 4929 823 4991 εις
853 4930 978 4991 τοὺς
1004 4927 1205 4991 αἰῶνας
1255 4926 1362 4996 τῶν
1413 4926 1663 4980 αίώνων.’
1702 4926 1897 4996 Ἀμήν.

2078 4921 2111 4976 ft
2135 4936 2273 4986 ram,
2300 4923 2388 4988 qui
2417 4920 2637 4991 tejuxta
2672 4937 2873 4976 nomen
2895 4932 3045 4976 tuum
3068 4924 3345 4977 coronavit
3368 4923 3553 4995 ;531
3604 4925 3657 4978 ni

380 5020 641 5077 convenit
666 5021 840 5075 honor
870 5034 919 5075 et
949 5023 1195 5076 ailoratio
1243 5037 1367 5076 cum
1413 5018 1659 5088 ejusdem
1703 5017 1887 5095 Patre,
1943 5017 2034 5086 qui
2095 5017 2215 5087 sine
2248 5013 2516 5084 [ινίιιιοίρίο
2540 5025 2644 5078 est,
2676 5024 2730 5068 et
2779 5015 2994 5070 vivitico
3036 5027 3224 5070 sani-to
3258 5016 3482 5085 Spiritu,
3516 5030 3659 5070 nunc

380 5120 441 5167 et
463 5125 703 5181 semper,
738 5119 792 5173 et
825 5111 877 5164 in
913 5110 1106 5164 secula
1141 5109 1488 5164 steculorum.
1532 5111 1726 5161 Amen.

456 5264 480 5300 ⁵
516 5265 706 5321 Matth.
746 5281 895 5330 xxvi,
927 5265 985 5318 7.
1093 5264 1114 5299 ⁸
1143 5262 1275 5320 Luc.
1314 5280 1435 5326 ιικ.
1468 5262 1503 5318 6

1693 5375 1932 5432 vtam
1974 5377 2367 5460 LECTiosgs

460 5515 478 5560 ί
519 5514 668 5575 Unus
695 5518 846 5574 addit
874 5518 971 5572 καὶ
998 5517 1224 5582 ῐδοντες.
1305 5518 1319 5568 l
1359 5514 1425 5569 al.
1466 5513 1588 5584 ἅγιε
1612 5513 1874 5581 Στέφανε.
1952 5510 1966 5548 ¹

2072 5513 2426 5585 ,ὁμόκλητι-ις.
2511 5512 2526 5550 ι
2561 5512 2631 5566 al.
2669 5512 2991 5584 πανηγύρει.

1871 5624 2099 5709 nom.

457 5775 569 5848 (28)
596 5775 769 5852 Graeci
790 5777 1057 5830 vocabant
1079 5774 1355 5852 daemones
1378 5769 1644 5852 τελιίινας,
1671 5771 1724 5852 id
1743 5781 1977 5852 «astipu-

389 5841 674 5913 blicanos;
704 5844 770 5899 ad
818 5861 979 5913 quam
1011 5858 1197 5898 vocem
1243 5844 1331 5897 hic
1361 5843 1549 5895 alludit
1590 5850 1808 5913 auctor:
1848 5841 1978 5895 Vide

393 5910 729 5978 Glossarium
758 5917 824 5971 ad
841 5910 1150 5985 scriptores
1193 5913 1382 5968 mediae
1425 5921 1478 5967 ct
1520 5912 1717 5967 inlitum
1773 5910 1977 5968 Graeci-

1378 6173 1409 6183 ..-

2087 5770 2213 5848 tatis
2249 5770 2670 5848 viri_clarissimi
2714 5783 2767 5830 et
2798 5774 3147 5848 eruditissimi
3177 5772 3366 5848 Cangii
3400 5775 3465 5831 ad
3504 5794 3526 5829 ι·
3541 5790 3667 5834 aca-

2087 5841 2269 5897 bulum
2299 5841 2553 5898 τελώνια.
2945 5840 2969 5857 ⁹
