4024 6450
404 516 3674 563 mm:

1666 684 1837 730 ANNO
1879 683 2110 730 DOMINI
2152 685 2424 732 DCCCXV.

774 739 2019 1049 rnocomus
2124 865 3292 1076 DIACONUS.

1758 1339 2310 1443 NQTITIA.

1314 1554 1544 1619 (Fama.
1579 1550 1810 1606 Biblioth.
1828 1554 1987 1607 Graec.
2022 1555 2102 1606 ed.
2132 1554 2330 1618 Harles,
2357 1560 2396 1608 t.
2420 1556 2531 1621 VII,
2558 1571 2610 1623 p.
2633 1556 2775 1623 36!.)

469 1729 796 1799 Procopius,
828 1728 1119 1793 diaconus,
1153 1726 1299 1781 haud
1322 1727 1534 1781 credoa
1555 1725 1988 1797 chartopbylace
2015 1724 2290 1793 diversus,
2317 1726 2411 1796 qui
2431 1728 2661 1798 scripsit
2688 1728 2928 1799 elogium
2971 1727 3035 1785 S.
3066 1728 3260 1798 Marci,
3299 1730 3683 1802 evangelista,

396 1820 544 1889 quod
591 1818 784 1874 Latine
820 1835 884 1874 ex
923 1817 1082 1873 Juan.
1127 1816 1415 1873 Francisci
1457 1815 1678 1882 Albani,
1716 1813 2306 1879 Urbinatis,versione
2349 1813 2498 1869 dedit
2532 1814 2917 1873 Henschenius
2948 1818 3018 1873 ad
3064 1817 3138 1873 25
3176 1816 3353 1885 April.
3389 1834 3514 1888 pag.
3548 1818 3681 1883 345,

393 1906 588 1963 Graece
616 1909 668 1960 iu
702 1907 1020 1977 Appendice
1050 1921 1175 1976 pag.
1207 1904 1276 1959 48
1313 1915 1355 1959 ι.
1392 1901 1481 1970 lll,
1514 1904 1567 1957 iu
1601 1903 1755 1957 Artis
1788 1902 2116 1957 Sanctorum
2146 1901 2351 1972 Aprilis
2381 1916 2413 1957 e
2442 1916 2582 1957 mss.
2610 1900 2895 1960 Vaticano.
2947 1904 3146 1977 Incipit
3177 1923 3191 1960 :
3217 1905 3389 1960 Πάλιν
3446 1908 3674 1961 ἀποστοο
3732 1904 3743 1979 ε

395 1996 523 2069 λικὴ
590 1996 1003 2068 καταστράπτει
1056 1995 1389 2065 πανήγυρις.
1417 1992 1612 2049 Exstat
1644 2000 1695 2046 et
1733 1990 1926 2046 Latine
1955 1991 1984 2045 il

2092 1992 2176 2047 ihl.
2232 1993 2650 2049 Coucionatoria
2696 1995 3008 2051 Combetlsii
3036 2006 3075 2050 ι.
3110 1993 3179 2051 Vl
3211 2006 3267 2050 et
3292 1995 3484 2051 Graece
3516 2010 3681 2066 atque

405 2084 599 2139 Latine
633 2096 760 2139 ante
785 2083 1053 2138 Catenam
1081 2082 1431 2146 in'Marcum,
1462 2080 1738 2151 vulgatam
1772 2095 1802 2134 a
1827 2078 1994 2134 Petro
2019 2081 2277 2147 Possino,
2304 2081 2614 2139 Rom.1773
2644 2082 2834 2139 ln-Iol.
2859 2083 3032 2156 [cont
3065 2083 3263 2140 voLVll
3288 2085 3527 2154 pag.7b9
3560 2103 3680 2156 seq.

394 2182 507 2226 vet.
535 2172 669 2225 edit.
706 2169 968 2243 ΙΙΑιιιεεᾸ
1003 2170 1285 2238 Procopii,
1319 2168 1538 2225 diaconi
1573 2178 1630 2224 et
1658 2168 2450 2238 chartOphylacis,encomium
2496 2171 2818 2241 angelorum
2849 2172 3132 2229 Michaelis
3162 2182 3217 2229 et
3247 2172 3523 2229 Gabrielis
3565 2192 3683 2229 lue-

395 2270 578 2316 morat
608 2260 840 2315 Allatius
869 2276 991 2331 pag.
1023 2258 1087 2314 81
1127 2261 1193 2315 de
1218 2257 1582 2315 Simeouibus.
1611 2256 1782 2315 Fusa.
1825 2256 1984 2313 Conf.
2010 2256 2153 2314 infra
2179 2259 2289 2313 vol.
2329 2257 2400 2313 IX
2427 2274 2550 2329 pag.
2584 2259 2653 2316 57
2689 2260 2837 2316 inter
2865 2261 3041 2330 elogia
3068 2271 3126 2317 et
3166 2261 3310 2317 vitas
3335 2273 3680 2328 sanctorum,

392 2378 462 2389 —
498 2347 630 2403 ibid.
666 2364 791 2419 pag.
829 2349 899 2404 98
923 2357 977 2404 et
1005 2363 1128 2418 pag.
1167 2347 1361 2402 ιυυ-
1393 2358 1448 2403 et
1478 2348 1532 2402 in
1567 2346 1677 2402 vol.
1709 2346 1761 2403 Χ
1795 2362 1921 2417 pag.
1953 2345 2059 2401 I75
2090 2356 2146 2401 et
2197 2362 2323 2418 pag.
2372 2345 2500 2403 5M.
2537 2347 2684 2402 Inter
2717 2348 2968 2403 melodos
3022 2340 3341 2405 Graecorum
3367 2349 3682 2418 Procopius

395 2437 799 2509 chartopbylnx
829 2448 1178 2492 recensetur.
1217 2465 1289 2480 —-
1314 2435 1549 2506 Procop.
1584 2433 1781 2491 Sermo
1806 2436 1863 2489 in
1888 2434 2297 2490 celebrationem
2324 2434 2658 2489 orthodoxic
2688 2447 2998 2490 sanctorum
3022 2445 3072 2490 et
3122 2436 3502 2491 uenerabilium
3542 2440 3682 2493 iuta-

394 2525 605 2596 ginum,
640 2524 694 2579 in
720 2524 840 2581 cod.
881 2524 1111 2580 Taurin.
1161 2524 1332 2596 ltegio
1371 2524 1465 2589 70,
1497 2524 1595 2580 fol.
1624 2523 1755 2580 580.
1781 2521 1847 2578 V.
1879 2523 2003 2579 Cat.
2038 2523 2202 2577 codd.
2234 2539 2319 2593 gr.
2364 2539 2418 2593 p.
2453 2521 2577 2589 I66,
2607 2531 2662 2577 et
2695 2522 2828 2583 Car.
2875 2525 2948 2578 du
2986 2523 3194 2580 Fresne
3234 2524 3348 2595 (ibi
3383 2524 3681 2597 laudatus)

398 2614 492 2684 qui
527 2615 579 2668 in
612 2613 793 2670 indice
823 2624 1047 2684 auctor,
1071 2614 1328 2685 subjecto
1358 2612 1648 2681 Glossario
1696 2613 1842 2669 med.
1874 2622 1932 2668 et
1962 2611 2060 2668 int.
2092 2621 2185 2665 aat.
2219 2626 2344 2682 pag.
2372 2611 2463 2676 5i,
2513 2611 2771 2668 eumdem
2816 2612 3036 2667 titulum
3080 2612 3250 2669 refert
3278 2628 3347 2669 ex
3384 2614 3509 2669 cod.
3546 2612 3677 2670 Eus.

397 2699 730 2756 Renaudoti.
763 2730 832 2744 —-
859 2700 1117 2772 Procopii
1140 2701 1385 2766 diaconi,
1420 2700 1472 2756 iu
1507 2715 1710 2756 novum
1743 2714 1978 2765 annum,
2011 2701 2067 2754 in
2092 2711 2345 2755 sanctum
2373 2696 2553 2757 Joan..
2577 2699 2998 2771 evangelistam,
3030 2702 3084 2757 in
3124 2702 3303 2758 Vitam
3332 2702 3391 2758 S.
3428 2701 3679 2772 'l‘bouuv,

399 2791 454 2846 in
497 2791 619 2847 cod.
654 2789 787 2846 bibl.
836 2791 1099 2847 Ambros.
1128 2789 1424 2847 Mediulan.
1459 2798 1599 2846 teste
1621 2787 1927 2844 Montlauc.
1954 2789 2008 2844 in
2035 2787 2179 2843 Bibl.
2212 2787 2455 2842 biblioth.
2491 2802 2623 2841 mss.
2656 2785 2700 2852 I,
2728 2803 2856 2860 pag.
2884 2789 3013 2847 505.
3040 2789 3103 2845 E.
3135 2821 3207 2834 ~—
3235 2790 3412 2846 Paris.
3451 2792 3508 2845 in
3543 2792 3677 2847 bibl.

401 2879 556 2950 publ.
583 2879 813 2935 secund.
840 2876 1016 2934 Catal.
1048 2879 1209 2935 codd.
1244 2879 1331 2934 vol
1362 2877 1406 2933 ll
1433 2877 1710 2949 Procopii,
1742 2877 1988 2934 diaconi.
2035 2873 2273 2934 Homiliu
2302 2874 2360 2931 in
2394 2873 2728 2944 principium
2781 2878 2936 2942 anili,
2964 2878 3018 2932 in
3059 2877 3183 2935 cod.
3212 2878 3340 2935 136.
3373 2879 3506 2934 -ιιι
3555 2879 3681 2934 lau—

416 2970 539 3026 dem
561 2967 621 3024 S.
655 2967 817 3024 Lucae
846 2968 1219 3040 evangelista),
1248 2968 1302 3025 in
1333 2966 1458 3025 cod.
1490 2966 1652 3023 1546.
1682 2997 1755 3008 —
1783 2967 1842 3023 In
1872 2966 1977 3024 SS.
2000 2962 2255 3021 Michael.
2293 2973 2350 3019 et
2379 2961 2711 3027 Gabriclem,
2739 2961 2793 3017 in
2822 2966 2945 3020 cod.
2974 2965 3117 3020 1220
3155 2980 3207 3021 a.
3243 2964 3416 3024 "ABL.

412 3196 3677 3230 Μ

739 3366 1426 3456 ΠΡΟΚΟΠΙΟΥ
1503 3363 2090 3454 ΔΙΑΚΟΝΟΥ
2162 3365 2360 3451 ΚΑΙ
2431 3359 3340 3452 ΧΑΡΤΟΦΥΛΑΚΟΣ.

1565 3559 2517 3681 ΕΓΚΩΜΙΟΝ

1076 3779 1190 3835 ΕΙΣ
1225 3776 1368 3833 TON
1400 3777 1609 3835 APION
1667 3778 2090 3835 ΑΠΟΣΤΟΛΟΝ
2124 3778 2649 3834 ΕΥΑΓΓΕΛΙΣΤΗΝ

1415 3777 1609 3835 APION
1667 3778 2090 3835 ΑΠΟΣΤΟΛΟΝ
2124 3778 2649 3834 ΕΥΑΓΓΕΛΙΣΤΗΝ
2687 3778 3004 3835 ΜΑΡΚΟΝ.

2032 3983 2105 4000 ..-

769 4120 1348 4217 PROCOPII
1428 4125 1929 4220 DIACONI
2006 4128 2163 4219 ET
2244 4076 3329 4242 CHABTOPIIYLACIS
3408 4153 3414 4158 -

1521 4369 2562 4501 ENCOMIUM

908 4607 994 4671 IN
1039 4607 1420 4701 SANCTUM
1467 4604 1956 4672 APOSTOLUM
1997 4608 2098 4672 AC
2131 4606 2766 4671 EVANGELISTAM
2804 4605 3177 4687 MARCUM.

505 4773 614 4844 (Ex
640 4772 978 4839 manuscripto
1001 4773 1176 4844 codice
1207 4771 1805 4844 Bibliotbeeohhticaue
1832 4784 1945 4844 cum
1971 4769 2513 4844 interpretationem;
2540 4769 2786 4844 Francisci
2817 4769 2998 4844 Albani
3021 4769 3274 4822 Urblnatis
3295 4767 3569 4822 ediderunt

1078 4838 1429 4896 Bocunnmu,
1466 4841 1581 4888 Act.
1604 4834 1772 4885 Sanct.
1798 4838 1939 4896 apri].
1978 4841 2016 4884 ι.
2050 4833 2138 4894 lll,
2162 4847 2274 4896 pag.
2305 4833 2417 4894 550,
2441 4835 2656 4916 append.
2677 4847 2790 4897 pag.
2815 4834 3005 4897 ιινιιι.)

549 4964 563 4998 1

471 5133 525 5190 1.
565 5133 782 5193 Rursus
822 5132 1120 5206 apostolica
1166 5133 1390 5203 eﬂ'ulget
1430 5133 1764 5204 panegyrls,
1796 5148 1860 5189 ac
1886 5148 1989 5204 ego
2023 5147 2060 5200 Α

2166 5133 2235 5189 α’.
2281 5134 2454 5189 Πάλιν
2505 5132 2842 5205 ἁποστολικὴ
2887 5134 3308 5204 καταστράπτει
3354 5134 3684 5205 πανήγυρις,

391 5229 578 5284 denuo
609 5228 893 5283 sodalibus
917 5226 1270 5297 congaudeo;
1305 5226 1540 5280 recurrit
1562 5228 1760 5280 iterum
1785 5225 1980 5282 Christi

2097 5228 2193 5282 καὶ
2228 5229 2393 5282 πάλιν
2422 5227 2535 5296 ἐγὼ
2561 5228 2673 5290 τοῖς
2702 5225 3001 5291 θιασώταις
3031 5224 3511 5296 συνεπαγάλλομαι
3531 5241 3546 5255 ο
3581 5225 3683 5278 πάι

391 5317 651 5388 discipnli
695 5319 925 5374 illustris
965 5317 1434 5381 commemoratio,
1467 5331 1568 5388 ego
1598 5316 1800 5373 iterum
1835 5318 1980 5390 hym-

2098 5321 2181 5374 λιν
2242 5319 2489 5391 μαθητοῦ
2546 5321 2739 5391 μνήμη
2801 5320 3035 5391 λαμπρὰ
3087 5319 3428 5390 φρυκτωρεῖ,
3462 5319 3557 5371 καὶ
3590 5318 3685 5387 τὴν

390 5422 504 5463 nos
537 5411 831 5464 concinere
866 5411 1120 5473 instituo,
1153 5419 1203 5463 et
1245 5411 1311 5463 ad
1341 5410 1655 5463 encomium
1697 5411 1979 5464 texendum

2098 5411 2354 5480 γλῶσσαν
2407 5412 2659 5483 χορεύειν
2707 5412 2821 5475 τοῖς
2874 5410 3161 5482 ὲφυμνίοις
3212 5411 3553 5483 προτίθημι,
3593 5409 3684 5463 καὶ

396 5500 640 5571 tinguant
675 5519 850 5557 meum
881 5518 1128 5571 exacuo;
1166 5503 1447 5558 humiliter
1476 5503 1700 5573 quidem
1737 5519 1799 5556 ac
1831 5503 1985 5556 exili-

2097 5504 2455 5578 κατσιρτὶζειν
2499 5505 2811 5576 παραθήγω
2848 5504 2948 5576 τὴν
2981 5504 3283 5576 εὐφημίαν,
3317 5504 3539 5576 ἀμυδρὰ
3587 5503 3684 5575 μὲν

396 5600 487 5648 ter
515 5595 823 5664 loquentem
858 5596 989 5667 (non
1032 5582 1187 5650 enini
1217 5596 1289 5650 iili
1323 5596 1655 5665 elegantium
1701 5598 1985 5648 verborum

2097 5597 2485 5668 φθεγγομένην
2521 5597 2781 5674 (οὐδενὸς
2811 5596 2922 5668 γὰρ
2948 5598 3268 5669 εὐστρόφων
3300 5598 3436 5668 αὐτῇ
3464 5597 3685 5667 μέτεστι

393 5683 555 5752 copia
580 5688 841 5755 suppetit,
874 5702 974 5742 nec
999 5686 1208 5740 venusti
1242 5688 1520 5741 sermonis
1551 5685 1764 5755 lepores
1794 5697 1982 5753 prazsw

2094 5687 2291 5756 λόγων,
2333 5690 2395 5741 οὐ
2430 5691 2551 5752 ταῖς
2587 5689 2729 5758 μετὰ
2764 5680 2996 5754 κάλλουξ
3030 5689 3321 5762 ἁρμονίαις
3365 5691 3678 5760 εὐδοκιμεῖ·

394 5783 551 5838 sunt,
605 5777 734 5843 quin
789 5778 955 5832 etiam
1006 5779 1051 5831 si
1101 5780 1253 5834 hisce
1296 5778 1603 5834 abundaret
1657 5777 1983 5833 iusullicieus

2096 5779 2234 5850 πλὴν
2266 5781 2314 5833 εἰ
2339 5780 2433 5833 καὶ
2457 5780 2670 5844 τούτοις
2695 5780 2981 5853 ὠχύρωτο,
3021 5782 3123 5836 οὐκ
3146 5781 3447 5854 ἀποχρῶσα
3474 5781 3682 5835 καθεω-

399 5861 584 5918 adbuc
610 5874 756 5920 esset
788 5869 852 5920 ad
887 5868 989 5921 hoc
1018 5884 1190 5932 genus
1217 5869 1598 5940 laudationis),
1620 5867 1986 5925 exsultantem

2097 5873 2229 5942 ρᾶτο
2261 5872 2398 5944 πρὸς
2430 5871 2699 5945 ἔπαινον),
2743 5877 2855 5940 τοῖς
2893 5873 2985 5929 τοῦ
3014 5875 3246 5949 Μάρκου
3276 5875 3331 5928 δὲ
3371 5872 3686 5951 μεγαλείως
