4024 6426
337 402 474 471 1189

1320 408 1728 472 ENCOMIUM
1769 410 1851 472 IN
1893 413 1954 472 S.
1995 413 2320 477 MARCUM
2357 417 2616 480 APOST.

3460 420 3595 486 1190

331 517 646 587 σκιρτῶσαν
668 559 684 582 ,
727 519 821 574 καὶ
853 518 966 574 τῶν
1013 521 1227 574 ἐκείνου
1259 521 1440 574 καλῶν
1469 522 1545 585 ὡς
1571 517 1683 575 οἷόν
1712 539 1771 576 τε
1810 522 1904 594 τὴν

2016 532 2196 580 tamen
2237 530 2305 579 0h
2357 529 2634 598 ingentem
2691 527 2856 583 Marci
2914 531 3178 601 gloriam,
3222 541 3277 589 et
3309 547 3492 589 rerum
3527 532 3596 586 ab

332 603 668 678 περιουσίαν
699 611 1223 684 ἀποθαυμάζουσαν.
1280 613 1509 683 Μάρκου
1549 615 1643 667 τοῦ
1697 616 1906 685 Πέτρου

334 699 471 763 υἱοῦ,
503 701 599 756 τοῦ
634 703 743 757 τῶν
767 704 1014 775 οὐρανῶν
1052 704 1365 776 κλειδούχου
1397 707 1784 777 ωγχορευτοῦ,
1814 704 1909 759 τοῦ

330 795 439 845 τῶν
469 797 804 867 ἀπορρήτων
842 797 1236 866 εὐαγγελιστοῦ
1277 815 1338 851 τε
1377 801 1472 852 καὶ
1523 801 1786 869 κήρυκος,
1818 798 1910 851 τοῦ

328 886 429 956 τῆς
486 887 768 955 Αίγύπτου
803 890 1166 959 φωταγωγοῦ,
1208 890 1305 945 καὶ⁸
1348 891 1427 961 τῷ
1474 891 1691 962 ἐκείνης
1737 891 1913 963 θρόνῳ

331 978 564 1045 πρώτως
604 979 996 1048 ἐγκαθίσαντος
1021 997 1035 1009 ·
1059 980 1181 1034 οὐδὲ
1210 981 1320 1051 γὰρ
1363 982 1488 1035 οὐδὲ
1519 982 1678 1036 τοῦτο
1717 983 1912 1053 μικρὸν

330 1070 412 1131 είς
445 1069 701 1140 ἀφορμὴν
731 1071 974 1136 εὐδοξίας
998 1089 1014 1104 ο
1037 1074 1438 1144 ἐργωδέστερον
1461 1076 1570 1146 γὰρ
1600 1075 1913 1147 ἐξηκανθω-

332 1160 504 1231 μένην
544 1168 814 1236 γεωργεῖν
863 1166 1121 1237 ἄρουραν,
1165 1169 1198 1237 ἦ
1239 1168 1338 1237 τὴν
1381 1169 1802 1240 κεκαθαρμένην
1831 1172 1910 1232 εἰς

330 1253 654 1321 φιλοπονίαν
705 1257 1030 1325 ἐπάγεσθαι.
1090 1251 1261 1322 Οὗτος
1306 1260 1416 1330 γὰρ
1467 1262 1615 1329 ἡμᾶς
1669 1264 1912 1332 σήμερον

329 1348 580 1401 ἐστιᾶται
603 1387 617 1412 ,
649 1344 806 1414 οὗτος
850 1353 983 1420 ἡμῖν
1019 1350 1094 1414 ὡς
1138 1350 1243 1420 ὄψα
1272 1352 1344 1404 τὰ
1391 1354 1568 1406 οίκεῖα
1607 1353 1912 1424 προϐάλλε-

326 1454 419 1490 ται
449 1439 847 1509 προτερήματα
873 1457 886 1469 ·
922 1441 1298 1494 συνανέστειλε
1322 1442 1431 1512 γὰρ
1463 1442 1538 1512 τῷ
1564 1444 1759 1512 γλυκεῖ
1788 1444 1911 1516 ἔαρι

326 1527 694 1598 φαιδροτέραν
725 1528 823 1596 τὴν
853 1528 1004 1594 ὥραν
1029 1529 1384 1583 ἀποτελοῦντι
1415 1531 1448 1599 ή
1482 1532 1690 1601 ὲόρτιος
1719 1531 1910 1584 τούτου

323 1617 532 1687 ἡμέρα,
570 1617 662 1670 καὶ
689 1617 765 1680 ὡς
797 1619 1123 1690 φωτοφανὴς
1152 1620 1306 1688 ἦλιος
1341 1620 1442 1683 τὰς
1470 1620 1580 1672 τῶν
1607 1619 1911 1690 ἀνθρώπων

321 1706 504 1777 ψυχὰς
539 1711 962 1782 κατελάμπρυνε
985 1727 998 1741 ⁸
1034 1711 1358 1782 συνήθροισε
1384 1715 1610 1778 πάντας,
1640 1713 1732 1766 τοῦ
1755 1715 1912 1784 Μάρ-

2016 619 2132 686 ipso
2149 620 2409 687 praeclare
2437 633 2712 690 gestarum
2737 623 2948 690 comam
2977 639 3186 680 summe
3206 625 3593 681 demirantem.

2014 709 2207 775 Marci,
2261 712 2517 790 videlicet
2566 715 2665 783 (α),
2701 713 2845 767 Petri
2893 714 2985 768 lilii
3032 716 3289 787 clavigeri
3331 718 3596 772 cmlorum

2014 803 2174 866 socii,
2209 817 2536 858 arcanorum
2581 803 2933 860 inell'abilium
2982 809 3328 876 evangelista
3371 819 3426 862 et
3455 824 3595 878 prae--

2013 893 2184 960 conis,
2235 897 2403 951 totius
2437 895 2656 966 Egypti
2707 897 2951 962 luminis,
2991 913 3056 952 ac
3081 901 3147 952 ad
3184 900 3328 954 illius
3359 900 3599 969 regionis

2015 983 2209 1036 solium
2241 985 2474 1051 primum
2508 987 2718 1051 evecti;
2757 1003 2931 1057 neque
2967 1005 3094 1042 vero
3128 990 3178 1042 id
3213 990 3484 1044 modicum
3516 1001 3600 1043 est

2014 1089 2112 1142 pro
2148 1087 2474 1144 argumento
2516 1078 2867 1143 laudationis,
2906 1096 3029 1133 nam
3073 1080 3346 1137 diﬂicilius
3375 1091 3457 1136 est
3490 1082 3601 1148 spi-

2015 1166 2100 1220 nis
2128 1167 2360 1221 obsitam
2396 1169 2643 1224 tellurem
2681 1171 2955 1241 subigere,
2987 1188 3146 1240 quam
3182 1172 3294 1238 jam
3323 1188 3596 1241 expurga-

2015 1268 2126 1310 tum
2158 1274 2346 1328 agrum
2384 1263 2657 1315 excolere.
2692 1261 2790 1316 llic
2821 1278 2921 1316 nos
2951 1264 3113 1316 hodie
3146 1265 3312 1318 veluti
3341 1267 3600 1319 cenvivio

2013 1348 2237 1416 excipit,
2274 1357 2329 1400 et
2363 1363 2460 1417 pro
2503 1347 2726 1404 ferculis
2765 1365 2860 1404 sua
2898 1351 3056 1405 nobis
3095 1353 3316 1406 exhibet
3365 1353 3599 1407 illustria

2017 1436 2198 1504 facta;
2237 1438 2380 1494 dulci
2416 1441 2562 1494 enim
2601 1456 2750 1505 vere,
2786 1442 3102 1496 hilariorem
3135 1444 3264 1496 anni
3296 1454 3597 1512 tempesta-

2015 1540 2121 1584 tem
2155 1531 2435 1596 reddente,
2486 1533 2715 1588 festivus
2761 1535 2932 1603 ipsius
2965 1537 3077 1590 dies
3111 1535 3305 1599 eluxit,
3353 1547 3408 1590 et
3450 1537 3598 1590 sicut

2013 1623 2492 1691 splendidissimus
2527 1627 2608 1680 sol
2658 1628 2938 1680 hominum
3014 1637 3226 1682 mentes
3280 1629 3596 1682 illustravit.

2015 1712 2218 1770 Omnes
2261 1717 2462 1785 quippe
2493 1717 2847 1787 congregavit
2883 1718 2971 1772 hic
2997 1719 3135 1780 dies,
3169 1719 3336 1773 Marci
3367 1718 3597 1772 illustri-

325 1815 426 1853 κου
457 1801 912 1872 καθωραῖζομένη
937 1805 1048 1866 τοῖς
1073 1803 1516 1874 κατορθώμασιν,
1539 1806 1613 1869 ὼς
1644 1806 1740 1860 νῦν
1770 1807 1803 1878 ἡ
1835 1807 1904 1877 γῆ

2017 1804 2118 1860 bus
2150 1808 2318 1876 gestis
2343 1808 2416 1860 ita
2442 1807 2755 1868 decoratus.
2796 1807 2939 1862 sicut
2973 1824 3116 1863 nunc
3166 1821 3312 1863 terra
3361 1810 3597 1863 circum-

325 1891 687 1965 στολιζομένη
717 1897 830 1957 τοῖς
855 1894 1063 1961 ἄνθεσι,
1101 1897 1194 1949 καὶ
1213 1872 1297 1960 ῶς
1329 1872 1394 1949 ἐκ
1416 1897 1762 1967 συνθήματος
1783 1872 1904 1951 συνλ

2013 1897 2206 1951 amicta
2228 1907 2312 1952 est
2340 1896 2567 1954 ﬂoribus
2597 1915 2612 1953 :
2643 1899 2783 1951 unde
2826 1908 2882 1951 et
2912 1899 3146 1951 lidelium
3175 1909 3350 1953 caatus
3377 1899 3596 1952 beatum

321 1983 509 2038 αυλίαι
533 1985 741 2039 πιστῶν
777 1986 868 2040 τὸν
913 1986 1238 2042 Ἀπὸστολον
1274 1987 1688 2057 μακαρίζουσιν.
1710 1987 1908 2042 Ἐθνῶν

325 2077 655 2147 συστήματα
686 2079 776 2131 τὸν
819 2080 1181 2148 μυσταγωγὸν
1228 2081 1492 2151 ἀνυμνεῖ,
1543 2080 1618 2144 ὡς
1660 2081 1908 2150 ὑπογρα-

325 2168 440 2238 φὲα
471 2169 767 2240 μεγαλύνει
799 2156 1061 2241 Χριστοῦ,
1098 2171 1194 2224 καὶ
1222 2172 1298 2236 ώς
1332 2173 1588 2243 μάρτυρα
1613 2173 1714 2243 τῆς
1739 2172 1906 2226 αὑτοῦ

322 2262 630 2333 παρουσίας
648 2265 954 2333 καταγεραί
962 2281 1044 2332 ρει
1057 2278 1072 2293 ·
1099 2266 1274 2318 εἰπεῖν
1300 2265 1358 2318 δέ
1379 2265 1601 2334 μᾶλλον,
1620 2265 1824 2336 κόσμος
1839 2265 1909 2320 τὰ

320 2352 567 2407 τοσαῦτα
606 2355 801 2408 τούτου
837 2355 1157 2420 ἀποθειάζει
1192 2355 1287 2409 καὶ
1326 2358 1512 2425 κροτεῖ
1556 2357 1908 2430 ἀγαθουργή-

324 2462 512 2514 ματα·
554 2446 778 2517 σύμπας
836 2447 947 2518 γὰρ
988 2448 1089 2518 τῆς
1151 2447 1362 2502 ἐκείνου
1405 2446 1753 2512 διδασκαλίας
1800 2450 1908 2502 ἀπ·

323 2556 527 2593 ωνατο.

401 2717 467 2791 β’.
521 2719 662 2773 Ἀλλ’
690 2720 752 2773 οὐ
783 2719 964 2790 λόγος,
997 2719 1058 2773 οὐ
1106 2720 1331 2790 γλῶσσα
1357 2720 1551 2775 τοῦτον
1598 2721 1675 2786 ὡς
1734 2739 1906 2794 προσ·

323 2813 462 2881 ἧκεν
495 2813 740 2867 ἐπαινεῖν
766 2813 1008 2884 ἐξαρκεῖ.
1036 2813 1102 2866 Τί
1132 2813 1242 2884 γὰρ
1269 2813 1579 2884 πριῖηον,τί
1607 2813 1652 2868 δ’
1678 2813 1908 2870 ὕστατον

325 2903 724 2976 ἀνυμνήσειεν;
762 2904 893 2958 αἵτε
923 2905 1032 2975 γὰρ
1060 2905 1422 2976 προσηγορίαι
1453 2905 1774 2970 πολυειδεῖς,
1813 2907 1908 2961 καὶ

319 2996 375 3048 ol
403 2997 614 3065 ἀγῶνες
653 2996 1054 3068 κατάπληκτοι.
1086 2997 1349 3050 Τεθέαται
1380 2997 1488 3067 γὰρ
1519 2997 1578 3049 ὃν
1627 2997 1906 3069 ὀφθαλμὸς

316 3088 457 3160 ὁρᾷν
499 3090 560 3143 ού
589 3089 896 3158 δεδύνηται,
922 3088 1000 3160 τῷ
1043 3091 1298 3161 ἡμετέρῳ
1339 3089 1666 3159 φαινόμενον
1699 3107 1905 3161 προκα-

2009 1986 2313 2056 apostolum
2347 2002 2453 2042 uno
2483 2001 2579 2042 ore
2627 1987 2963 2056 praedicant,
3020 1991 3262 2058 gentium
3312 1989 3480 2043 turba:
3517 1990 3596 2043 uti

2010 2094 2292 2134 sacrorum
2339 2080 2664 2150 magistrum
2699 2081 2873 2147 ipsum
2915 2078 3218 2142 celebrant,
3247 2081 3321 2135 uti
3349 2095 3532 2135 rerum
3562 2096 3594 2134 a

2009 2170 2228 2226 Christo
2250 2181 2528 2240 gestarum
2558 2172 2883 2240 scriptorem
2919 2172 3209 2236 extollunt,
3244 2188 3306 2227 ac
3341 2173 3421 2227 uti
3449 2173 3596 2228 illius

2010 2264 2278 2318 adventus
2331 2273 2522 2317 testem
2553 2265 2760 2318 honore
2804 2276 3242 2334 prosequuntur;
3276 2265 3452 2319 dicam
3476 2281 3596 2318 am-

2008 2351 2173 2422 plius,
2211 2352 2450 2406 mundus
2488 2353 2777 2406 universus
2812 2361 2892 2405 tot
2919 2361 3181 2421 tantaque
3213 2354 3282 2407 ab
3310 2353 3427 2422 ipso
3453 2368 3594 2422 pra-

2010 2443 2090 2498 cla
2102 2457 2158 2496 re
2179 2452 2351 2512 gesta,
2374 2453 2432 2495 ut
2459 2442 2641 2496 divina
2665 2442 2915 2512 suspicit,
2939 2451 2994 2497 et
3016 2443 3206 2512 plausu
3235 2447 3591 2512 comprobat:

2011 2545 2158 2592 totus
2196 2537 2343 2590 enim
2386 2545 2658 2589 terrarum
2705 2535 2854 2589 orbis
2893 2549 2956 2590 ex
3001 2534 3150 2590 illius
3183 2536 3431 2590 doctrina
3479 2534 3597 2589 fru-

2008 2641 2157 2686 ctum
2184 2641 2239 2684 et
2268 2630 2557 2684 utilitatem
2591 2628 2818 2697 recepit.

2077 2722 2134 2777 2.
2178 2723 2285 2776 Sed
2325 2736 2425 2776 nec
2477 2721 2618 2775 ullas
2670 2735 2878 2784 sermo,
2925 2733 3029 2774 nec
3073 2719 3180 2773 ulla
3213 2719 3392 2790 lingua
3439 2719 3594 2776 illum

2009 2822 2168 2884 prout
2207 2813 2547 2876 conveniret,
2587 2812 2868 2866 celebrare
2894 2811 3038 2865 valet
3067 2831 3081 2865 :
3112 2811 3243 2880 quid
3295 2811 3440 2866 enim
3475 2813 3594 2878 pri-

2008 2919 2180 2968 mum,
2199 2903 2331 2973 quid
2354 2913 2688 2972 postremum
2714 2902 3246 2956 commendandum?
3265 2903 3594 2972 multiplices

2007 3002 2153 3056 enim
2184 3009 2310 3055 sunt
2339 3000 2482 3054 illius
2522 2999 3015 3064 denominationes,
3044 3007 3100 3052 et
3131 2999 3401 3052 mirabilia
3430 2999 3592 3068 pla-ne

2008 3095 2331 3150 certamina.
2389 3090 2536 3146 Vidit
2585 3091 2759 3154 illam,
2811 3107 2973 3160 quem
3022 3093 3215 3146 oculus
3261 3091 3448 3147 videre
3481 3108 3591 3146 non

316 3175 606 3246 λύμματι,
644 3179 740 3230 καὶ
765 3177 866 3247 τὴν
913 3177 1291 3248 ἐνεγκαμένην
1331 3178 1661 3232 κατέλιπενο
1700 3181 1902 3253 κέκλη-

2012 3188 2198 3262 ροῑιιὶι,
2241 3195 2442 3241 nostra!
2477 3185 2827 3241 mortalitatis
2877 3186 3127 3240 indutum
3162 3195 3505 3253 legumento;
3537 3196 3594 3240 et

312 3284 413 3320 ται
452 3267 572 3338 θείᾳ
602 3271 756 3338 φωνῇ
775 3307 790 3332 ,
827 3268 922 3322 καὶ
979 3268 1290 3340 ἁγχιστὲων
1323 3270 1616 3324 ἀπεώσατο
1647 3272 1902 3340 φίλτρον·

317 3359 455 3428 παρ’
489 3360 644 3413 οὐδὲν
671 3361 821 3432 αὐτῷ
865 3361 958 3416 τοῦ
991 3364 1184 3430 γένους
1221 3362 1293 3416 τὰ
1319 3362 1476 3433 τίμια
1501 3403 1517 3428 ,
1556 3361 1691 3433 δναρ
1732 3363 1906 3436 τούτῳ

317 3454 532 3526 ῥοώδης
571 3457 893 3528 περιουσία,
927 3457 1088 3526 μόνον
1129 3457 1392 3528 ἔστεργεν
1429 3460 1520 3510 τὸν
1548 3458 1638 3510 ἐπὶ
1683 3459 1904 3511 πάντων

313 3545 480 3612 Θεὸν,
513 3548 682 3618 μόνην
711 3549 1060 3619 εὐδαιμονίαν
1091 3549 1276 3619 ἡγεῖτο
1309 3547 1345 3602 ἃ.
1371 3548 1778 3618 ἐπηγγέλλετο,
1809 3549 1905 3603 xui.

313 3633 420 3704 τὴν
462 3636 762 3706 μαθητείαν
793 3633 936 3712 ᾗπερ
966 3639 1245 3692 ἐτέτακτο.
1280 3637 1370 3709 Τῷ
1403 3637 1748 3707 ἀποστολικῷ
1791 3638 1902 3708 γὰρ

314 3725 566 3796 συλλόγῳ
584 3729 692 3780 τῶν
715 3729 1090 3799 ἐϐδομήκοντα
1107 3730 1332 3800 συνηρίο
1342 3747 1532 3801 μηται,
1563 3729 1752 3800 ὥσπερ
1771 3731 1902 3799 φέγ-

310 3834 417 3887 γος
445 3817 698 3890 λαμπρὸν
729 3820 1046 3887 διαφανέσιν
1069 3822 1293 3892 ἄστροις
1336 3822 1488 3894 παρά
1516 3821 1612 3875 τοῦ
1639 3822 1906 3893 κεκληκό-

311 3925 412 3972 τος
453 3911 897 3983 κατειλεγμένον,
918 3907 961 3982 ᾧ
997 3913 1111 3983 ,τῆς
1146 3913 1296 3966 κάτω
1322 3913 1533 3984 σκηνῆς
1561 3930 1622 3966 τε
1647 3915 1743 3968 καὶ
1778 3914 1905 3986 τέρ-

309 4001 466 4070 ψεως
491 4003 612 4056 ούδέ
626 4005 1052 4076 παρισούμενον.

2007 3294 2210 3338 terram
2237 3295 2358 3349 quae
2388 3279 2562 3347 ipsum
2595 3278 2872 3346 produxit,
2916 3279 3156 3333 deseruit
3189 3295 3203 3332 :
3234 3291 3368 3332 voco
3404 3275 3593 3332 divina

2005 3382 2304 3429 advocatus
2349 3370 2472 3434 fuit,
2501 3386 2565 3424 ac
2597 3371 3023 3440 propinquorum
3055 3385 3296 3424 amorem
3327 3384 3594 3439 generose

2004 3463 2227 3525 devicit,
2261 3476 2359 3530 pro
2391 3459 2560 3513 nihilo
2585 3461 2729 3512 enim
2783 3460 2899 3527 ipse
2945 3458 3134 3512 habuit
3168 3458 3384 3527 generis
3417 3458 3594 3510 hono-

2003 3569 2092 3609 res
2139 3566 2412 3622 opumque
2438 3550 2850 3609 abundantiam,
2878 3549 3043 3602 veluti
3065 3547 3312 3617 fugacem
3341 3547 3591 3600 umbram

2006 3645 2320 3701 aestimavit.
2358 3641 2536 3698 Unum
2569 3657 2734 3711 super
2762 3642 2940 3694 omnia
2993 3639 3160 3694 Deum
3198 3639 3437 3704 amavit;
3469 3655 3590 3692 eam

2009 3735 2224 3788 unicam
2266 3733 2580 3788 felicitatem
2612 3733 2844 3796 censuit,
2889 3747 3052 3800 quam
3086 3731 3200 3799 ipse
3231 3731 3596 3784 denuntiave-

2009 3835 2131 3892 rat;
2181 3827 2443 3896 illamque
2503 3825 2718 3880 unicam
2769 3823 3137 3891 disciplinam,
3189 3823 3278 3876 cui
3319 3821 3592 3888 ascriptus

2007 3917 2208 3973 fuerat.
2249 3918 2565 3988 Apostolico
2605 3917 2767 3973 cmtui
2811 3917 3158 3986 septuaginta
3199 3913 3590 3982 discipulorum

2009 4022 2398 4066 annumeratus
2423 4012 2543 4077 fuit,
2570 4010 2735 4064 veluti
2761 4008 3042 4078 splendida
3073 4007 3167 4060 lux
3197 4006 3362 4060 claris
3390 4004 3592 4058 sideri-

313 4093 701 4163 busadjuncta
739 4097 808 4150 ab
848 4097 940 4150 illo
972 4097 1062 4166 qui
1089 4111 1213 4152 eum
1247 4108 1558 4164 vocaverat,
1586 4099 1674 4154 cui
1708 4100 1761 4154 iu
1794 4100 1898 4156 hac
1935 4114 2136 4157 nostrae
2178 4102 2532 4159 mortalitatis
2561 4117 2722 4158 scena
2787 4101 2926 4156 nihil
2991 4100 3265 4170 planeest
3287 4097 3438 4175 quod
3467 4105 3593 4163 apte

312 4187 628 4257 comparari
670 4187 861 4256 possit.

388 4284 460 4349 γ’.
496 4279 706 4342 Ὄντως
744 4277 840 4332 τοῦ
876 4277 1085 4349 Πέτρου
1119 4278 1147 4330 ὁ
1177 4276 1404 4348 Μάρκος
1437 4277 1572 4344 υίὸς,
1599 4278 1771 4342 ὅντως
1795 4279 1900 4349 τῆς

313 4370 531 4424 ἐκείνου
561 4368 791 4442 γνώμης
821 4369 1123 4439 ἐφάμιλλος
1143 4384 1158 4400 °
1203 4367 1510 4422 ἀντιδίδωσι
1540 4369 1649 4439 γὰρ
1681 4371 1712 4438 ή
1737 4369 1902 4437 φύσις

2074 4279 2128 4335 ‘5.
2174 4279 2386 4336 Revera
2435 4279 2581 4335 Petri
2638 4280 2780 4334 lilius
2830 4279 3093 4334 dicendus
3131 4287 3213 4333 est
3253 4276 3491 4341 Marcus,
3532 4289 3587 4332 et

2007 4387 2134 4427 vere
2179 4372 2253 4426 illi
2299 4372 2538 4426 similis:
2574 4373 2790 4442 utrique
2830 4372 2975 4426 enim
3020 4369 3167 4425 dedit
3199 4379 3394 4423 natura
3439 4383 3588 4422 eam-

261 4493 265 4538 ;
319 4460 390 4516 τὰ
422 4465 602 4516 οἰκεῖα
630 4462 706 4533 τῷ
733 4463 918 4532 γένει,
957 4462 1052 4516 καὶ
1087 4461 1155 4515 τὰ
1183 4462 1418 4514 ἑκάστου
1447 4461 1903 4532 πλεονεκτήματα

2012 4462 2128 4517 dem
2177 4463 2452 4516 nationem
2484 4472 2539 4516 et
2581 4478 2772 4532 genus,
2820 4477 2884 4516 ac
2929 4475 3248 4516 communes
3303 4459 3587 4526 utriusque

317 4555 477 4608 κοινά
525 4553 775 4608 τίθεται·
825 4554 978 4623 δηλοῖ
1013 4553 1119 4624 γὰρ
1168 4555 1203 4624 ή
1257 4550 1467 4616 πειθὼ,
1506 4552 1718 4624 δηλοίή
1765 4558 1901 4625 πρὸς

253 4621 273 4723 ,³
319 4648 609 4700 πλάσαντα
660 4621 1057 4718 ἀκολούθησις,
1091 4621 1212 4701 *καί
1258 4647 1309 4698 τ’
1361 4639 1498 4699 ἄλλα
1547 4621 1654 4698 τῶν
1707 4621 1904 4700 -καλῶν

242 4733 261 4763 ⁵
318 4739 528 4809 ἀδελφὰ
568 4740 662 4792 καὶ
697 4740 982 4810 ὁμότροπα
1029 4738 1130 4810 τῆς
1167 4736 1505 4810 θερμότητος
1533 4753 1545 4770 ο
1595 4740 1740 4793 κατά
1793 4740 1902 4809 γὰρ

312 4831 411 4885 τὸν
441 4832 732 4902 προφήτην
773 4829 978 4903 Ἀμώς,
1014 4832 1080 4884 ἐκ
1133 4829 1429 4902 προσώπου
1462 4830 1557 4884 τοῦ
1604 4829 1900 4901 θεαρχικού

316 4926 640 4995 Πνεύματος
660 4925 1125 4995 προαγγέλλοντα,
1162 4924 1292 4977 Ἰδοὺ
1330 4923 1444 4992 ἐγὼ
1475 4923 1712 4994 στερεῶν
1743 4924 1903 4994 βρον-

313 5017 440 5086 τὴν,
483 5014 580 5068 καὶ
608 5016 812 5079 κτίζων
842 5015 1063 5085 πνεῦμα
1093 5015 1186 5068 καὶ
1217 5014 1567 5082 ἀναγγέλλων
1613 5015 1694 5076 εἰς
1733 5014 1900 5083 ούρα-

313 5110 444 5172 νοὺς
496 5107 588 5160 τὸν
622 5107 864 5177 Χριστὸν
907 5106 1074 5160 αὐτοῦ
1097 5121 1108 5133 ’
1144 5107 1206 5173 ἐξ
1239 5105 1423 5176 ἄκρων
1469 5106 1634 5175 μέχρι
1667 5105 1774 5158 τῶν
1803 5105 1900 5174 τῆς

314 5202 423 5270 γῆς
453 5199 542 5270 ᾔει
597 5199 909 5270 τερμάτων,
939 5198 1073 5251 Θεὸν
1112 5198 1203 5251 τὸν
1235 5197 1565 5270 δημιουργὸν
1613 5195 1898 5265 εὐαγγελι-

315 5291 582 5363 ζόμενος,
612 5291 708 5343 καὶ
759 5291 828 5343 τὰ
873 5289 1094 5343 ποικίλα
1132 5287 1396 5358 γεωργῶν
1449 5288 1856 5358 κατορθώματα
1882 5303 1895 5317 ·

325 5378 665 5452 κατεφώτισε
714 5380 824 5451 γὰρ
852 5378 949 5451 τὴν
980 5379 1230 5450 ύφήλιον,
1272 5377 1371 5448 τὴν
1392 5378 1491 5446 τῆς
1515 5377 1726 5448 πλάνης
1761 5395 1896 5430 κατ-

388 5519 412 5550 ⁶
446 5519 614 5574 Amos
643 5534 717 5582 tv,
752 5518 842 5572 15.

391 5637 467 5707 (a)
498 5634 892 5690 Eodem‘modo
919 5631 1140 5708 Hicetas
1173 5631 1414 5708 Marcum
1459 5631 1600 5683 inter
1627 5629 1698 5708 _70
1726 5627 1892 5708 disci-

318 5701 473 5774 pulos
519 5715 788 5766 uumerat,
829 5706 972 5772 quod
1016 5703 1104 5756 alii
1135 5719 1241 5755 non
1268 5701 1473 5754 faciunt
1503 5703 1676 5774 :_quin
1727 5701 1891 5774 etiam

319 5769 425 5830 duo
465 5775 652 5840 Marci,
683 5781 750 5828 ab
786 5769 888 5829 hoc
923 5775 1146 5839 diversi,
1200 5774 1512 5826 referuntur
1538 5770 1591 5822 in
1620 5769 1893 5836 Catalogis

325 5847 462 5902 inter
511 5850 609 5901 hos
665 5846 868 5901 Christi
925 5845 1274 5912 discipulos:
1318 5841 1461 5910 quod
1518 5854 1742 5894 monere
1796 5855 1890 5890 vo-

2007 4554 2398 4622 praerogativas
2432 4552 2639 4619 efl'ccit,
2666 4563 2822 4622 prout
2872 4553 3077 4607 indicat
3124 4551 3348 4620 aequalis
3379 4551 3584 4602 utrius-

2003 4661 2110 4714 que
2127 4646 2390 4700 suadendi
2409 4645 2495 4700 elli
2509 4647 2623 4700 caci
2639 4662 2687 4710 a,
2713 4646 3020 4700 communis
3039 4643 3318 4698 Creatoris
3338 4643 3582 4711 sequela,

2006 4737 2308 4791 consimilis
2355 4737 2516 4807 plane
2568 4735 2771 4804 fervor,
2821 4748 2876 4791 et
2925 4739 3026 4790 alia
3077 4737 3234 4807 plene
3283 4737 3587 4788 confornua

2007 4829 2204 4883 decora
2230 4831 2543 4884 ostendunt.
2571 4826 2797 4883 Utenim
2812 4839 2897 4884 est
2919 4829 3058 4898 apud
3085 4827 3404 4898 prophetam
3421 4827 3587 4880 Amos

2007 4935 2070 4974 ex
2107 4935 2337 4987 persona
2371 4921 2538 4976 divini
2583 4921 2820 4991 Spiritus
2860 4921 3244 4990 prazdicentetu
3276 4936 3290 4972 :
3319 4918 3463 4973 Ecce
3484 4933 3588 4986 ego

2010 5010 2234 5066 firmans
2272 5014 2472 5066 tonitru
2519 5010 2619 5082 (ὁ),
2666 5021 2722 5066 et
2767 5025 2960 5066 creans
3009 5019 3256 5073 ventum,
3289 5017 3345 5060 et
3368 5022 3582 5060 annun-

2010 5103 2150 5156 tians
2195 5102 2248 5156 in
2278 5101 2448 5158 caelos
2488 5102 2764 5159 Christum
2797 5098 2980 5171 ejus‘;
3005 5101 3073 5155 ab
3117 5096 3378 5153 extremis
3423 5105 3584 5150 terra:

2006 5195 2253 5264 partibus
2292 5210 2466 5263 usque
2515 5196 2580 5249 ad
2625 5194 2846 5250 ultimos
2899 5193 3035 5256 lines
3084 5190 3366 5261 perrexit,
3413 5186 3582 5240 Deum

2008 5301 2190 5340 rerum
2220 5287 2460 5340 omnium
2491 5286 2738 5356 opificem
2763 5284 3136 5354 promulgatis,
3169 5292 3332 5349 atque
3360 5278 3582 5332 uberem

2006 5377 2239 5447 plurium
2308 5377 2569 5434 bonorum
2625 5392 2847 5446 operum
2898 5388 3132 5430 messem
3185 5371 3526 5442 recolligens.

2004 5623 2261 5762 Ιυῖθῖιῗίε
2297 5692 2458 5765 LXX.
2485 5694 2709 5764 Vulgata
2731 5696 2859 5764 legit
2891 5713 2904 5749 :
2939 5695 3073 5749 Ecce
3097 5696 3333 5764 formans
3355 5702 3582 5747 montem

1999 5776 2046 5820 et
2078 5779 2274 5835 creatis
2312 5774 2541 5831 ventum,
2589 5775 2637 5819 et
2688 5768 3012 5822 amtuntians
3065 5766 3264 5821 homini
3315 5765 3580 5838 eloquium

1997 5852 2056 5889 ιιι
2067 5851 2173 5888 um.
