4024 6440
431 411 560 479 1191

1701 408 2059 472 PROCOPII
2101 407 2416 471 DIACONI
2488 436 2497 439 -

3572 408 3711 476 1192

424 524 561 582 Nam
590 525 778 579 orbem
812 530 1084 577 terrarum
1137 520 1454 586 illustravit,
1507 521 1840 590 impietatem
1888 537 2018 592 pro-

2123 521 2349 591 έφλεξεν
2402 518 2696 588 ἀθεότητα,
2719 517 3007 589 ἁπέσμυξε
3037 520 3166 584 τοὺς
3185 522 3610 595 ὲρῤιπωμινους
3636 526 3713 578 ει.

423 618 652 690 fligavit,
681 615 1004 671 idololatria:
1030 615 1244 669 macula
1273 612 1506 668 fmdatos
1534 614 1818 682 abstersit,
1844 625 1897 669 et
1918 630 2015 683 per

424 713 757 780 baptismum
813 715 1146 776 espurgatos
1194 707 1287 777 (ne
1335 706 1439 760 alia
1477 706 1629 776 plura
1669 706 1870 778 dicam)
1905 707 2013 762 Deo

426 803 670 855 admovit
707 822 720 855 :
762 799 952 853 habuit
998 800 1147 852 enim
1183 797 1423 867 linguam
1472 798 1635 852 veluti
1685 798 1930 869 clypeum
1960 805 2016 852 et

427 892 675 953 hasmm,
712 899 766 943 et
797 905 859 943 ea
907 903 1026 956 qnze
1076 888 1408 956 praedicabat
1441 889 1751 942 certissima
1802 891 2013 943 cunctis

424 983 788 1048 ostendebat,
873 992 1171 1051 gentesque
1223 985 1291 1036 ad
1366 997 1548 1037 veram
1615 981 1785 1035 vitam
1855 995 2014 1035 revo-

426 1081 609 1131 cubat.

497 1168 551 1222 ι.
595 1167 750 1222 Unde
814 1166 1132 1235 multiplicia
1182 1166 1520 1221 emanabant
1572 1166 1837 1236 prodigia,
1866 1166 2015 1222 illinc

429 1264 601 1317 turba:
641 1262 707 1315 ad
762 1261 855 1316 Dei
905 1260 1277 1329 cognitionem
1327 1275 1629 1328 veramque
1695 1259 2012 1331 religionem

427 1353 854 1408 traducebantur
884 1370 900 1407 :
929 1353 1022 1420 qui
1060 1352 1289 1420 pedibus
1319 1362 1479 1406 antea
1512 1352 1673 1407 laesus
1700 1363 1840 1419 erat,
1874 1353 2013 1407 inte-

426 1462 521 1516 ger
579 1455 765 1513 postea
822 1444 1105 1509 redditus,
1160 1444 1302 1499 bene
1352 1444 1690 1499 currentium
1756 1443 2017 1512 magister

427 1539 588 1591 fiebat
626 1554 637 1590 ;
672 1536 766 1607 qui
800 1535 974 1590 oculis
1013 1547 1174 1591 antea
1223 1536 1452 1591 orbatus
1495 1546 1638 1601 erat,
1686 1536 2012 1606 pupillarom

425 1631 600 1684 aciem
627 1629 1002 1684 acutissimam
1067 1640 1255 1698 postea
1322 1642 1688 1697 recuperatis,
1754 1629 1892 1685 alios
1946 1630 2015 1684 ad

425 1719 757 1790 cognitionis
796 1720 967 1774 lucem
1000 1720 1344 1786 deducebat;
1382 1719 1503 1790 ejus
1537 1730 1822 1776 contactus
1847 1737 2015 1777 exsu-

427 1818 727 1883 perantiam
763 1814 984 1879 caloris,
1016 1816 1066 1868 in
1097 1815 1538 1870 mediocritatem
1579 1828 1856 1872 consuetae
1883 1832 2014 1870 cou-

428 1908 777 1962 ftederationi
843 1907 1204 1977 pugnantium
1261 1907 1589 1977 qualitatum
1642 1909 2013 1962 necessariam
2048 1895 2090 1951 Β

428 1998 793 2067 temperabat,
829 2008 991 2063 testu,
1011 2012 1124 2067 quo
1155 1997 1208 2051 in
1242 1998 1666 2067 superstitiones
1689 1997 2017 2054 eﬂervesce-

423 2094 554 2144 baut
610 2090 979 2160 refrigerato;
1030 2090 1174 2145 unde
1225 2090 1368 2161 ignis
1419 2089 1844 2157 sacrificiorum,
1896 2106 2019 2160 qua:

427 2182 586 2234 idolis
638 2179 1032 2242 ollerebautur,
1080 2182 1133 2236 in
1170 2182 1379 2235 fummtt
1409 2190 1466 2235 et
1510 2182 1798 2254 caliginem
1838 2194 2018 2239 verte-

428 2275 608 2338 batur,
634 2274 911 2329 tlaemones
954 2274 1162 2328 fraudis
1188 2284 1446 2329 auctores
1480 2275 1535 2329 in
1592 2276 1834 2330 cinerem
1870 2275 2019 2329 redi-

423 2366 716 2434 gebautur,
754 2374 808 2421 et
838 2381 962 2421 vera
1000 2368 1188 2438 religio
1221 2361 1472 2423 florebat.
1501 2366 1616 2422 Tua
1638 2367 1753 2422 haec
1777 2367 2018 2434 fuerunt,

422 2474 458 2510 ο
487 2457 687 2526 Marce,
732 2458 969 2512 illustria
1022 2469 1173 2530 gesta
1225 2468 1280 2515 et
1325 2460 1670 2514 admirabilia
1726 2460 2014 2529 trophaea:

425 2551 513 2607 his
546 2554 691 2605 enim
731 2551 946 2605 artibus
995 2552 1244 2621 captivos
1289 2553 1494 2606 duxisti
1538 2553 1879 2607 exercituum
1917 2551 2016 2605 du-

425 2659 539 2709 ces,
572 2654 629 2697 tu
660 2643 740 2696 vir
768 2643 893 2696 olim
927 2643 1089 2697 idiota
1115 2659 1130 2709 ;
1161 2644 1245 2699 his
1284 2646 1453 2700 armis
1482 2645 1825 2702 ethnicorum
1861 2661 2017 2700 erro-

427 2749 540 2787 rem
574 2734 916 2801 expugnasti,
951 2744 1004 2786 tu
1028 2748 1234 2804 pauper
1266 2745 1321 2789 et
1344 2737 1504 2790 unica
1538 2736 1766 2790 indutus
1797 2737 2012 2803 tunica;

428 2825 751 2880 ltis\-iribus
799 2840 905 2880 una
953 2840 1075 2880 cum
1129 2824 1315 2889 Petro,
1350 2838 1403 2880 tu
1432 2827 1578 2882 Petri
1631 2826 1800 2892 ﬁlius,
1849 2828 2017 2883 Italo-

428 2935 546 2972 rum
580 2918 652 2989 (c)
683 2930 900 2988 gentem
952 2920 1251 2988 subegisti;
1289 2936 1317 2973 a
1357 2921 1490 2976 solis
1530 2931 1655 2976 ortu
1699 2922 2013 2987 discedens,

2121 612 2374 674 δωλικοῐς
2417 613 2640 681 αῖμασι,
2678 612 2774 664 καὶ
2828 610 3307 681 καθηγνισμένους
3329 613 3471 668 Θεοῦ
3504 614 3587 686 τῷ
3616 614 3716 687 βα-

2127 703 2375 777 πτισμῷ,
2409 706 2497 758 ἵνα
2531 704 2606 775 μὴ
2634 703 2809 757 πλείω
2837 702 3027 772 φαίην,
3051 705 3417 778 παρέστησεν.
3447 704 3579 778 Εἶχε
3601 708 3717 778 γὰρ

2120 799 2220 870 τὴν
2240 798 2494 866 γλῶσσαν
2516 797 2630 851 ἀντ’
2649 796 2875 859 ἀσπίδος
2888 795 2984 849 καὶ
2993 796 3240 865 δόρατος,
3256 799 3352 852 καὶ
3372 799 3434 853 τὸ
3444 802 3514 870 κή
3524 816 3715 871 ρυγμα

2120 891 2386 945 διεδείκνυ
2419 891 2552 944 πᾶσι
2592 888 2959 959 βεϐαιότερον,
3003 888 3099 942 καὶ
3136 889 3207 944 τὰ
3229 890 3412 963 πλήθη
3448 893 3585 964 πρὸς
3610 891 3723 963 tiri

2121 984 2300 1055 ἀληθῆ
2333 982 2481 1053 ζωὴν
2514 981 2904 1052 προενόμευεν.

2193 1162 2226 1228 ζ
2242 1165 2276 1221 '.
2312 1163 2509 1219 Ἔνθεν
2531 1164 2848 1236 γὰρέὸρυεν
2868 1165 2902 1235 ἡ
2928 1165 3037 1218 τῶν
3062 1165 3356 1235 θαυμάτων
3380 1164 3715 1239 πλημμύρα,

2122 1256 2338 1311 ἐκεῖθεν
2363 1259 2413 1310 οἱ
2433 1256 2583 1328 ὄχλοι
2600 1258 2740 1329 πρὸς
2760 1257 2859 1328 τὴν
2878 1257 3213 1326 θεογνωσίαν
3241 1260 3715 1329 μετωχετεύοντοο

2121 1352 2151 1404 ὁ
2179 1350 2279 1415 τὰς
2321 1350 2508 1422 βάσεις
2552 1351 3020 1423 πεπληρωμένος,
3057 1353 3325 1423 ἀρτίπους
3375 1354 3713 1421 ἀναφανεὶς,

2123 1439 2192 1515 ἧν
2226 1446 2342 1506 τοῖς
2375 1443 2703 1514 εὐδρομοῦσι
2737 1443 3058 1507 διδάσκαλος
3081 1461 3098 1476 ⁸
3134 1446 3420 1513 ἀόμματος
3463 1446 3585 1509 ταῖς
3616 1444 3715 1498 κό-

2126 1556 2250 1609 ραις
2274 1577 2287 1600 ,
2318 1536 2626 1608 ὀξυδορκών
2646 1577 2662 1600 ,
2693 1537 2890 1601 ἄλλους
2922 1537 3059 1607 πρὸς
3092 1538 3154 1589 τὸ
3186 1539 3305 1606 φῶς
3353 1537 3717 1609 ἐχειραγώγει

2120 1631 2221 1701 τῆς
2258 1630 2613 1699 ἐπιγνώσεως
2638 1646 2653 1661 ·
2687 1632 2718 1701 ή
2773 1628 2886 1700 ἁφὴ
2931 1628 3032 1699 τὴν
3073 1627 3169 1683 τοῦ
3244 1629 3455 1699 θερμοῦ
3511 1630 3713 1683 πλεονο

2124 1723 2278 1787 εξίαν
2320 1723 2459 1794 πρὸς
2491 1722 2591 1786 τὰς
2630 1723 2884 1794 συνήθεις
2927 1722 3162 1785 σπονδὰς
3198 1721 3588 1793 μετερύθμιζε,
3620 1721 3722 1775 καὶ

2120 1817 2182 1871 τὸ
2233 1816 2348 1887 πῦρ
2389 1816 2499 1870 τῶν
2533 1815 2832 1869 εἰδωλικῶν
2862 1814 3066 1868 θυσιῶν
3082 1814 3479 1868 ἀπαιθαλοῦτο·
3531 1815 3581 1867 οῖ
3613 1815 3721 1884 τῆς

2119 1910 2329 1980 πλάνης
2360 1910 2657 1979 φυτουργοὶ
2679 1909 2933 1979 δαίμονες
2965 1906 3298 1979 ὲτεφροῦντο
3320 1947 3335 1973 ,
3370 1909 3463 1961 καὶ
3511 1910 3546 1976 ἠ
3579 1908 3721 1975 ἀλη-

2122 2000 2221 2072 θὴς
2263 1998 2483 2071 ήκμαξε
2518 1999 2827 2055 θεοσέϐεια.
2869 1999 3278 2070 Ὑπέρλαμπρά
3320 2017 3415 2053 σου
3438 2041 3452 2067 ,
3475 2000 3676 2069 Μάρκε
3697 2039 3716 2064 ,

2117 2095 2189 2148 τὰ
2215 2093 2354 2165 ἔργα
2379 2135 2393 2159 ,
2431 2092 2717 2165 παράδοξα
2754 2094 2854 2147 καὶ
2903 2093 2975 2146 τὰ
3016 2092 3259 2164 τρόπαια
3285 2108 3301 2123 ο
3341 2092 3558 2156 τούτοις
3599 2094 3716 2163 γᾶρ

2118 2185 2444 2256 ὲζώγρησας
2471 2187 2600 2250 τοὺς
2632 2185 3111 2258 στρατηγοῦντας,
3144 2186 3175 2237 ό
3207 2184 3427 2254 ίδιώτης
3446 2200 3460 2216 ·
3499 2187 3720 2249 τούτοις

2120 2276 2524 2348 ὲπολιόρκησας
2551 2278 2651 2349 τὴν
2682 2278 2935 2345 πλάνηνό
2965 2279 3285 2347 μονοχίτων,
3320 2277 3539 2340 τούτοις
3573 2279 3719 2347 μετὰ

2124 2367 2223 2422 τοῦ
2258 2367 2473 2438 Πέτρου
2498 2369 2528 2421 ό
2555 2366 2653 2421 τοῦ
2687 2368 2898 2439 Πέτρου
2933 2367 3050 2431 υίὸς
3072 2366 3135 2420 τὸ
3183 2367 3402 2421 Ἰταλῶν
3430 2369 3718 2439 ἐχειρώσω

2122 2461 2280 2530 γένος
2303 2499 2320 2525 ,
2352 2461 2413 2526 te
2456 2459 2601 2531 ἑῴας
2638 2460 2738 2531 μὲν
2767 2462 3130 2532 ἀφορμήσας,
3178 2461 3319 2535 πρὸς
3363 2462 3628 2531 δυόμενον
3656 2463 3718 2515 δὲ

2123 2550 2415 2615 καταπτὰς
2432 2551 2608 2622 ἣλιον,
2625 2552 2720 2604 καὶ
2744 2550 2835 2604 τὸν
2860 2548 3016 2619 λόγον
3039 2551 3320 2623 πανταχοῦ
3338 2552 3714 2623 κατευρύνων,

2123 2639 2158 2719 ᾖ
2197 2646 2408 2708 ἐκεῖνος
2443 2644 2543 2715 τὴν
2570 2645 2767 2697 ἀκτῖνα
2795 2647 2910 2708 τοῖς
2943 2644 3206 2715 πέρασιν,
3236 2645 3298 2699 οὐ
3341 2646 3592 2715 μεθόδοις
3624 2663 3715 2702 κε-

2122 2734 2403 2807 χρημένος
2433 2738 2804 2804 σοφιστικαῖς,
2829 2737 2891 2789 οὐ
2922 2736 3411 2809 κεκομψευμέναις
3449 2755 3711 2810 μεταχιι-

2125 2832 2384 2903 ρήσεσιν,
2441 2830 2560 2884 ἀλλ’
2609 2829 2770 2900 ἁπλῷ
2819 2813 2965 2900 λόγῳ
3019 2832 3115 2884 και
3166 2832 3399 2904 ἀληθείᾳ
3464 2831 3628 2906 μόνῃ,
3677 2826 3714 2908 ᾗ

2126 2922 2351 2975 πάντων
2376 2921 2443 2974 τὸ
2466 2920 2673 2993 κράτος
2702 2920 3182 2990 ἀνανταγώνιστον
3217 2922 3586 2993 ἀποφέρεται.

426 3028 479 3067 et
508 3015 572 3066 ad
603 3028 857 3068 occasum
889 3014 1175 3081 advolans,
1225 3030 1291 3069 ac
1352 3016 1555 3085 ubique
1599 3018 2049 3087 praedicationem
2090 3032 2378 3088 spargens,
2411 3032 2519 3088 qua
2550 3017 2632 3073 sol
2672 3017 2788 3087 ipse
2820 3018 3088 3072 extremis
3121 3027 3280 3074 term
3346 3019 3546 3095 finibus
3585 3036 3718 3076 snos

428 3106 611 3161 radios
648 3105 903 3161 diffundit
946 3124 961 3161 :
1026 3122 1132 3162 non
1165 3109 1480 3177 sophisticis
1511 3111 2079 3180 argumentationibus
2118 3127 2273 3175 usus,
2302 3127 2410 3165 non
2443 3112 2658 3165 ornatis
2705 3109 3145 3175 tractationibus,
3183 3112 3281 3167 sed
3319 3112 3552 3182 simplici
3580 3126 3714 3166 ora-

428 3198 576 3250 tione
619 3207 674 3251 et
712 3198 828 3253 sola
862 3198 1111 3260 veritate,
1146 3212 1255 3267 qua
1302 3200 1532 3255 victoria
1578 3202 1646 3255 de
1662 3202 1887 3257 cunctis
1924 3200 2553 3258 frustra/reluctantibus
2593 3212 2927 3271 reportatur.

499 3288 555 3344 5.
596 3289 750 3357 Quod
773 3290 920 3343 enim
943 3289 1123 3345 omnis
1146 3290 1326 3345 oratio
1356 3288 1520 3373 facile
1550 3290 1792 3359 labatur,
1821 3292 1923 3346 nisi
1953 3306 2018 3347 ea

2194 3301 2260 3349 ε’.
2287 3294 2413 3348 Ὅτι
2440 3294 2552 3365 γὰρ
2581 3295 2942 3366 εὐέμπτωτος
2970 3293 3116 3357 ἅπας
3144 3291 3324 3363 λόγος,
3356 3296 3405 3349 εἰ
3440 3294 3515 3367 μὴ
3539 3297 3707 3367 τάλη-

426 3397 551 3451 qua:
579 3397 705 3436 vera
756 3392 880 3434 sunt
915 3398 1014 3450 pro
1047 3397 1260 3436 summa
1319 3384 1519 3437 habeat
1545 3394 1601 3438 et
1632 3386 1911 3454 praedicet,
1949 3400 2014 3438 ex

428 3472 534 3525 hoc
564 3472 678 3539 ipso
703 3469 862 3524 facile
893 3473 1176 3541 diguosces
1199 3489 1215 3526 :
1240 3472 1579 3543 Pythagoras
1610 3475 1881 3543 siquidem
1913 3473 2019 3529 fal-

428 3579 520 3616 sas
559 3564 861 3617 sententias
908 3578 1280 3632 propugnans,
1312 3577 1368 3619 et
1388 3566 1599 3620 multas
1632 3566 1846 3623 fabulas
1886 3582 2020 3623 con-

430 3657 673 3721 fingens,
728 3655 849 3710 illas
903 3656 1056 3710 Italis
1106 3673 1382 3728 nunquam
1439 3661 1613 3729 potuit
1666 3660 2016 3729 persuadere.

431 3751 775 3806 Democritus
811 3753 863 3805 id
905 3753 1081 3820 ipsum
1121 3769 1412 3823 pet-agens,
1465 3756 1738 3811 neminem
1784 3756 2019 3811 Abderi-

432 3855 609 3900 tarum
640 3846 829 3900 ltabuit
854 3842 1196 3902 auditorem.
1233 3846 1509 3917 Orpbeus,
1541 3847 1687 3904 feras
1716 3863 1910 3904 munes
1931 3848 2019 3902 sui

427 3940 699 3993 sermonis
763 3942 1036 3995 suavitate
1090 3941 1443 4006 demulcetts,
1495 3940 1857 4012 popularibus
1903 3943 2021 3996 suis

429 4029 734 4086 Thracibus
789 4030 1043 4097 fabulas,
1090 4048 1228 4103 quas
1271 4034 1524 4097 canebat,
1578 4048 1683 4088 non
1720 4035 2015 4103 persuasit.

430 4123 680 4194 Namque
727 4126 814 4179 isti
863 4140 1055 4179 omnes
1093 4126 1280 4180 multis
1328 4126 1670 4181 abundantes
1721 4128 1934 4189 verbis,
1965 4135 2022 4180 et

427 4217 580 4271 inani
616 4218 880 4288 sapientia
932 4220 1333 4288 superbientes,
1372 4219 1538 4274 veluti
1570 4221 1805 4289 quadam
1839 4220 2020 4275 ebrie-

428 4320 542 4365 tate
567 4296 795 4380 prorsus
827 4312 1022 4381 perditi
1073 4321 1224 4376 sunt,
1254 4321 1420 4381 atque
1456 4313 1570 4367 alto
1610 4312 1827 4367 silentio
1852 4312 2018 4367 simul

427 4404 662 4458 demersi
706 4402 963 4472 fuerunt;
998 4407 1049 4459 id
1086 4408 1231 4459 enim
1259 4403 1421 4459 efﬁcit
1459 4404 1596 4460 falsa
1618 4445 1632 4470 ,
1666 4413 1721 4459 et
1751 4404 2016 4459 imbecilla

429 4496 742 4566 sapientia;
785 4496 998 4551 Marcus
1028 4512 1160 4552 vero
1193 4498 1362 4551 divini
1396 4497 1633 4565 Spiritus
1662 4497 1966 4563 doctrinas,
1988 4513 2016 4550 a

420 4589 691 4661 iactantia
718 4591 947 4656 alienas,
980 4577 1260 4663 exponens
1289 4607 1352 4645 ac
1375 4604 1659 4660 promens,
1681 4589 1846 4644 etiam
1877 4604 2014 4658 quos

430 4683 626 4737 habuit
676 4685 1025 4739 adversarios
1076 4685 1142 4739 ad
1197 4685 1300 4740 sibi
1353 4682 1714 4736 obedientium
1769 4681 2013 4735 adduxit.
2048 4654 2094 4711 ι)

429 4771 564 4825 Num
612 4788 854 4844 superno
902 4777 1109 4828 auxilio
1157 4775 1536 4843 munit-batur,
1583 4785 1831 4840 puraque
1884 4771 2017 4825 fides

431 4864 730 4921 inferorum
769 4866 939 4934 portis
968 4871 1242 4937 potentior
1275 4876 1428 4926 erat;
1464 4879 1638 4933 usque
1669 4867 1806 4918 adeo
1831 4874 2015 4918 autem

427 4956 644 5011 celebre
685 4971 879 5013 nomen
913 4956 1128 5021 habuit,
1170 4965 1230 5010 ιιι
1264 4954 1513 5011 veritatis
1561 4969 1741 5023 praeco
1774 4955 1841 5007 ad
1875 4954 2015 5007 hanc

428 5063 601 5117 usque
677 5049 820 5102 diem
887 5049 1209 5118 appelletur.
1277 5046 1438 5104 Unde
1507 5046 1652 5102 sicut
1725 5048 2016 5113 oportebat

423 5139 630 5193 Citriin
670 5141 1101 5195 incarnationem
1120 5155 1215 5210 pro
1247 5137 1404 5195 nobis
1430 5138 1498 5193 ad
1528 5138 1824 5195 salutarent
1853 5138 2014 5190 ﬂuent

428 5232 677 5300 perduci,
707 5234 783 5286 ita
819 5232 981 5287 simul
1018 5231 1174 5300 hujus
1208 5232 1379 5286 sancti
1421 5230 1525 5284 viri
1562 5229 1881 5283 memoriam
1914 5229 2015 5280 itn-

2124 3387 2194 3457 θῆ
2245 3386 2546 3459 πρεσϐεύει
2601 3387 2699 3441 καὶ
2746 3385 3060 3455 διαγγέλλει
3089 3426 3101 3449 ,
3134 3386 3328 3457 γνοίης
3374 3385 3710 3443 κάντεῦθεν·

2124 3479 2454 3550 Πυθαγόρας
2498 3478 2598 3549 μὲν
2631 3478 2772 3549 γὰρ,
2824 3479 2926 3549 τὴν
2962 3478 3134 3549 ψευδῆ
3181 3478 3344 3545 δόξαν
3396 3480 3709 3550 κρατύνων,

2123 3573 2219 3627 καὶ
2247 3572 2419 3626 πολλὰ
2452 3570 2836 3643 λεσχηνεύων,
2872 3571 3084 3625 πείθειν
3116 3570 3355 3636 Ἰταλοὺς
3394 3572 3457 3627 οὐ
3486 3572 3716 3641 δεδύνη-

2121 3684 2213 3721 ται
2241 3683 2257 3699 ο
2319 3666 2664 3737 Δημόκριτος
2691 3706 2705 3729 ,
2781 3664 2916 3719 αὑτό
2975 3682 3040 3734 γε
3100 3663 3259 3720 τοῦτο
3315 3667 3711 3737 συμπράττων,

2133 3754 2472 3827 ’Δὸδηριτῶν
2520 3754 2714 3809 οὐδένα
2746 3755 3021 3825 κατήκοον
3053 3754 3249 3825 ἔσχεν·
3317 3754 3574 3827 Ὀρφεὺς,
3636 3755 3715 3826 τῷ

2124 3845 2281 3917 μύθῳ
2336 3846 2559 3909 πάντως
2593 3847 2762 3917 θηρία
2792 3844 3179 3916 κατακηλῶνρ
3208 3847 3340 3911 τοὺς
3387 3848 3717 3919 δμοχώρους

2118 3936 2223 3989 οὐκ
2255 3934 2441 3988 ἔπειθε
2473 3935 2719 4006 Θρᾷκας.
2755 3936 3021 4004 Καίτοιγε
3058 3934 3240 4008 πολλῷ
3275 3937 3494 4009 ῥέοντες
3528 3938 3713 4009 λόγῳ,

2121 4027 2218 4081 καὶ
2255 4027 2422 4099 σοφίᾳ
2481 4031 2614 4099 κενῇ
2670 4028 3067 4100 βρενθυόμενοι
3125 4030 3299 4100 μέθης
3364 4029 3586 4095 πάντως
3631 4030 3711 4084 δι-

2121 4118 2360 4181 ώλοντο,
2398 4121 2495 4174 καὶ
2551 4121 2716 4189 σιγῆς
2761 4120 2946 4191 βυθοῖς
3002 4122 3418 4189 συγκατέδυσαν
3448 4121 3711 4194 (τοιοῦτον

2120 4215 2230 4287 γὰρ
2264 4216 2297 4286 ή
2327 4214 2533 4286 ψευδὴς
2566 4213 2692 4279 δόξα
2734 4216 2829 4268 καὶ
2880 4214 3122 4287 ἀδρανής
3142 4216 3185 4286 ).
3219 4215 3451 4287 Μάρκος
3507 4216 3567 4270 δὲ
3613 4216 3713 4279 τὰς

2120 4306 2405 4378 ἀκόμπους
2439 4307 2537 4370 ςού
2568 4306 2886 4378 Πνεύματος
2918 4306 3155 4372 ἐκτιθεὶς
3187 4307 3433 4378 διδαχὰς.
3469 4310 3711 4368 καὶτοὺς

2121 4397 2404 4460 ἐναντίους
2477 4397 2755 4460 εὐπειθεῖς
2818 4397 3224 4468 μετεπλάσατο.
3284 4394 3535 4454 Ἀνωθεν
3606 4401 3755 4470 γὰρ·

2119 4487 2496 4560 ἐκρατύνετο,
2547 4491 2646 4543 καὶ
2688 4492 2721 4558 ή
2759 4490 3074 4561 ἀκραιφνὴς
3115 4492 3297 4555 πίστις
3349 4491 3537 4546 πυλῶν
3587 4492 3709 4564 ᾆδον

2122 4582 2493 4653 κραταιοτέρα
2519 4596 2533 4610 '
2562 4582 2659 4634 καὶ
2686 4578 2843 4647 οὗτος
2880 4582 3134 4654 ἀοίδιμος
3157 4624 3171 4648 .
3202 4578 3578 4654 ὡεάληθείας
3610 4585 3707 4654 κῆ*

2125 4675 2259 4746 ρυξ,
2303 4675 2468 4746 μέχρι
2519 4675 2682 4745 δεῦρο
2728 4676 3234 4730 συναποδέδεικται.
3270 4674 3417 4730 Ἔδει
3473 4676 3584 4749 γὰρ
3617 4677 3711 4731 τὴν

2122 4766 2243 4819 καθ’
2275 4768 2423 4836 ἡμᾶς
2453 4766 2769 4834 οἰκονομίαν
2789 4770 2870 4828 εις
2902 4767 3076 4835 πέρας
3108 4765 3463 4839 σωτηριῶδες
3491 4770 3708 4838 χωρεῖν,

2122 4859 2215 4910 καὶ
2244 4861 2360 4928 τὴν,
2391 4856 2586 4911 τούτου
2626 4859 2850 4927 μνήμην
2876 4857 3152 4911 ἀθάνατον
3200 4858 3278 4929 τῷ
3458 4860 3581 4928 μετ’
3613 4861 3707 4927 έγο

2121 4953 2350 5020 κωμίων
2402 4950 2906 5015 συνδιασώξεσθαι·
2940 4948 3008 5002 δι’
3035 4950 3200 5003 αὑτοῦ
3228 4951 3338 5024 γὰρ
3368 4952 3708 5023 κεκήρυκται

2120 5046 2186 5113 τῇ
2223 5043 2399 5095 κτίσει
2443 5041 2620 5106 Θεὸς,
2676 5042 2743 5095 δι’
2810 5042 2978 5095 αὑτοῦ
3020 5046 3135 5107 τοῖς
3184 5046 3638 5115 πεπλανημένοις
3676 5046 3708 5116 ἡ

2125 5137 2436 5207 ἐπιστροφὴ
2469 5135 3010 5207 πεπραγμάτευται,
3043 5137 3141 5190 καὶ
3175 5138 3208 5207 ή
3253 5138 3393 5208 πρὸς
3442 5137 3539 5191 τὸν
3579 5137 3711 5192 πλά-

2126 5244 2259 5299 στην
2291 5226 2487 5298 ὁδηγία
2518 5227 2946 5298 διῳκονόμηται.

428 5327 713 5380 ιιιοιδιηιυιιι
740 5324 991 5380 laudibus
1023 5323 1335 5379 conservari
1399 5321 1733 5378 conveniens
1795 5317 2086 5386 fuit-,nam
2128 5334 2225 5387 per
2277 5319 2451 5385 ipsum
2523 5318 2794 5372 creaturis
2854 5316 2996 5371 Deus
3063 5318 3390 5387 prtedicatus
3452 5328 3565 5385 est,
3618 5333 3710 5390 per

429 5420 606 5488 ipsum
665 5421 735 5475 iis
778 5422 870 5490 qui
936 5419 1329 5474 aberraverant
1394 5415 1773 5473 cenversiouis
1828 5416 2017 5484 gratia
2057 5426 2373 5481 comparata
2452 5410 2594 5475 fuit,
2652 5421 2708 5465 et
2768 5411 2850 5464 via
2941 5412 3009 5466 ad
3063 5410 3381 5466 Creatorem
3482 5413 3707 5467 demou-

426 5525 628 5568 strata.

499 5609 557 5663 6.
600 5608 894 5677 Postquam
943 5624 1072 5664 vero
1110 5607 1526 5663 misericordem
1576 5604 1668 5659 Dei
1715 5602 2009 5658 adventum

498 5806 580 5875 (ε)
617 5804 743 5875 llaec
776 5803 1091 5875 iudicantur
1118 5817 1279 5875 supra
1304 5799 1686 5875 inapostolutn
1707 5797 1824 5864 ejus
1849 5795 2018 5875 aqui-

432 5869 641 5927 leiensi.
702 5874 756 5925 lu
816 5871 1051 5924 llis‘toria
1113 5872 1546 5939 patriarcharum
1624 5869 2014 5928 Alcxandrim,

2202 5600 2281 5665 ς’.
2330 5599 2488 5654 Ἐπεὶ
2521 5595 2615 5653 οὖν
2654 5597 3036 5669 εὐσπλάγχνου
3081 5596 3218 5651 Θεοῦ
3254 5598 3558 5668 παρουσίαν
3590 5598 3710 5654 εὗσ-

2131 5790 2525 5847 ιίἰοίιιιτόιὶιιιῐι
2568 5788 2813 5847 adfuisse
2865 5790 3129 5861 martyrio
3161 5790 3391 5843 duorum
3436 5787 3705 5860 apostolo-

2131 5878 2272 5925 tum,
2299 5872 2353 5916 et
2388 5862 2585 5914 iterum
2619 5861 3005 5917 Alexandriam
3046 5874 3317 5917 reversus.
