4024 6426
431 483 452 548 1
478 487 569 550 .95

1712 479 2068 545 I’RUCOI‘II
2111 479 2387 542 ΒΙΑΕΟΝ
2396 480 2422 539 Ι

3573 476 3710 542 11%

428 600 624 654 lostea
676 605 731 652 ct
759 595 882 651 aliis
929 592 1094 649 etiam
1141 592 1360 664 Egypli
1409 591 1673 655 urbibus,
1729 593 2019 647 multorum

2127 592 2438 662 ρανόπλοκα
2459 590 2650 645 δίκτυα
2668 590 2951 660 ὐφαπλῶν,
2971 591 3307 662 ὲσαγήνευσε
3323 593 3500 654 πάσας
3530 591 3708 659 λόγοις

431 690 711 747 hominum
748 687 902 758 copia
942 685 1184 751 refertis,
1231 684 1479 740 coelestia
1517 684 1652 739 retia
1695 686 2021 752 extendam,

427 798 618 839 onmes
672 782 794 836 ilias
840 779 1237 852 prtedicat-ione
1285 785 1341 831 et
1383 776 1667 832 miraculis
1715 777 1768 830 in
1816 776 2020 831 Chl'iali
2066 806 2070 810 -

425 891 653 947 agt-nam
704 872 931 929 attraxit
975 890 990 927 :
1031 871 1337 926 daemonum
1404 870 1675 938 sculptilia
1711 885 1832 937 quia:
1879 869 2023 924 cole~

424 968 646 1033 bantur,
668 961 1087 1026 exterminavit;
1108 970 1272 1028 atque
1306 969 1366 1012 ut
1392 969 1619 1014 sanctus
1643 958 1778 1028 lapis
1807 959 2020 1028 (querir-

424 1057 719 1113 admodum
759 1052 1046 1125 prophetia
1075 1050 1258 1119 dixit),
1292 1050 1498 1104 erroris
1548 1048 1739 1103 altaria
1769 1050 1966 1105 evertit
1994 1067 2009 1115 ;

424 1159 481 1205 et
515 1163 638 1219 qua:
670 1148 721 1200 in
759 1145 868 1199 illis
897 1151 1059 1197 erant
1093 1139 1354 1195 vanitatis
1391 1149 1446 1194 et
1479 1138 1808 1208 insipientia:
1833 1140 2009 1194 simu-

425 1242 571 1298 lacra
612 1238 736 1296 solo
764 1237 1025 1306 aequavit,
1068 1251 1176 1288 non
1214 1233 1468 1286 tubarum
1520 1231 1808 1302 clangores
1856 1231 2018 1285 crnit-

428 1345 549 1391 tcns
599 1349 701 1388 nec
746 1328 1130 1386 Jcrichuntiua
1203 1325 1403 1380 muenia
1476 1334 1864 1392 prosternens;
1920 1324 2014 1380 sed

421 1425 732 1483 communis
763 1423 1050 1478 hominum
1099 1418 1277 1473 bustis
1328 1416 1568 1482 fraudes,
1604 1416 1713 1471 illis
1745 1418 2016 1476 mmnibus

425 1515 986 1588 incarpugnabiliores,
1025 1511 1142 1567 suis
1181 1508 1364 1564 verbis
1419 1508 1678 1574 ev'cllcns,
1715 1524 1778 1564 ac
1811 1509 2013 1578 templa

2123 683 2216 737 καὶ
2246 683 2524 754 θαύμασιν
2543 701 2555 713 ·
2590 683 2974 754 ὲξωστράκισε
3002 683 3332 754 δαιμονιιὶιδη
3363 683 3708 753 σεϐάσματα,

2121 776 2217 830 καὶ
2245 775 2321 839 ὡς
2347 774 2494 838 λίθος
2515 770 2747 850 ἅγιος,
2775 792 2942 847 φησιν
2963 777 2995 848 ἡ
3015 775 3348 848 προφητεία,
3371 771 3713 844 κατέστρειζνε

2119 867 2246 932 τοὺς
2259 870 2359 939 τῆς
2385 866 2591 938 πλάνης
2611 866 2856 938 βωμοὺς,
2871 868 2968 921 καὶ
2980 867 3048 922 τὰ
3069 870 3127 922 ὲν
3143 866 3356 930 τούτοις
3373 866 3713 937 κατηδὼρισε

2119 959 2220 1030 τῆς
2245 963 2610 1030 ματαιότητος
2635 960 2898 1025 ξόανα·οὐ
2922 959 3243 1029 σαλπίγγων
3269 959 3543 1029 φθόγγους
3563 957 3714 1027 ἠχῶν

2122 1051 2184 1107 ού
2200 1052 2356 1125 τείχη
2375 1054 2682 1110 κατασείων
2697 1052 3103 1124 Ἱεριχούντεια,
3127 1052 3265 1106 ἀλλὰ
3289 1052 3383 1123 τὴν
3396 1051 3492 1104 τοῦ
3509 1049 3716 1120 ἀνθρω-

2121 1144 2388 1199 ποκτόνου
2425 1146 2607 1215 λόγοις
2640 1145 3034 1217 ἀναμοχλεύων
3063 1144 3302 1214 ἀπάτην,
3347 1143 3466 1213 ητις
3490 1141 3714 1196 ὲκεί-ίων

2118 1238 2542 1312 δυσμαχωτέρα,
2568 1241 2665 1294 καὶ
2681 1241 2846 1304 ναοὺς
2865 1239 3203 1310 ἀντεγείρων
3223 1237 3304 1308 τῷ
3325 1236 3548 1290 πάντων
3564 1233 3717 1298 ἐξου-

2121 1327 2400 1391 σιάζοντι·
2453 1332 2510 1384 ἐν
2546 1325 2631 1394 οἷς
2669 1333 2767 1384 κοιλ⁵
2795 1329 2897 1394 τὰς
2953 1326 3217 1398 ζοφώδεις
3267 1325 3716 1381 καταλευκαίνων

2116 1421 2226 1472 τῶν
2275 1421 2474 1474 αὐτόσε
2535 1426 2646 1491 ιζνυχ
2671 1423 2776 1487 ὰς,
2849 1418 3157 1492 κατήλλαξε
3190 1417 3350 1488 Θεῷ,
3404 1417 3501 1471 καὶ
3545 1431 3717 1486 προσ-

2115 1511 2432 1580 ῳκειὼσατο
2460 1514 2539 1585 τῷ
2572 1513 2935 1586 βαπτίσματι.

422 1615 672 1669 excitans
695 1609 807 1665 Deo
845 1623 1025 1664 rermn
1055 1605 1297 1660 omnium
1331 1605 1698 1668 dominatori;
1749 1604 1800 1659 in
1831 1605 2030 1674 quibus
2071 1609 2253 1677 nigras
2325 1620 2379 1666 et
2418 1613 2685 1669 obscuras
2751 1627 2976 1678 eorum,
3023 1610 3118 1681 qui
3147 1609 3257 1666 illic
3287 1616 3469 1676 erant,
3503 1607 3714 1662 animas

424 1705 688 1762 dealbans
723 1713 886 1772 atque
915 1698 1231 1768 purificans,
1267 1699 1376 1752 Deo
1403 1696 1522 1750 illas
1559 1697 1934 1752 reconciliavit
1962 1706 2018 1753 et
2057 1714 2154 1768 per
2183 1701 2514 1771 baptismum
2550 1703 2856 1772 conjunxit.
3303 1719 3314 1722 ·

498 1801 553 1858 9.
598 1798 700 1854 Hic
731 1797 875 1853 enim
918 1795 1183 1865 Egypto,
1230 1810 1350 1863 quae
1381 1794 1456 1847 illi
1489 1795 1543 1847 in
1575 1794 1847 1850 divisione
1870 1795 2016 1850 obti-

2195 1795 2261 1854 θ’.
2329 1791 2502 1863 Οὗτος
2557 1800 2670 1871 γὰρ
2726 1803 2826 1872 τῆς
2879 1797 3266 1869 Αἰγυπτιακῆς
3321 1796 3531 1869 λήξεως
3585 1793 3714 1866 θείᾳ

426 1893 528 1962 git,
561 1906 592 1944 a
625 1890 811 1944 divino
865 1887 1074 1958 Spiritu
1115 1901 1226 1956 pra:
1255 1885 1379 1940 aliis
1411 1885 1675 1955 magister
1702 1887 2019 1956 assignatus

2127 1887 2405 1959 Πνεύματι
2435 1889 2828 1960 κατεξαίρετον
2853 1888 3144 1961 ἀφωρίσθη
3177 1886 3522 1947 διδάσκαλος,
3558 1877 3719 1946 οὗτος

423 1993 505 2038 est
540 1999 556 2037 :
589 1981 680 2038 bic
719 1980 795 2036 illi
849 1981 1056 2050 regioni
1114 1981 1324 2049 primus
1377 1977 1621 2048 pontifex
1675 1991 1731 2032 et
1773 1991 2016 2047 pastora

425 2089 622 2146 magno
673 2071 837 2127 Petro
887 2070 1183 2140 praefectus
1236 2069 1368 2136 fuit;
1419 2069 1681 2126 wrnmuis
1730 2068 2019 2144 illustraus

422 2164 785 2238 apostolicum
867 2175 1008 2232 epus
1075 2159 1220 2231 quod
1269 2167 1686 2230 assumpserat,
1739 2161 2017 2230 variisque

423 2256 708 2314 laboribus
758 2253 1034 2326 publicum
1097 2253 1467 2309 ministerium
1543 2266 1852 2318 exornans;
1905 2267 2016 2306 non

422 2351 636 2408 deliciis
688 2359 879 2413 utens,
932 2360 1042 2400 non
1095 2346 1210 2402 otio
1262 2355 1317 2400 et
1365 2344 1576 2400 inertiae
1626 2343 1886 2409 deditus;
1920 2343 2020 2400 sed

424 2439 864 2506 teutationibus,
917 2446 1027 2494 tam
1060 2452 1092 2492 a
1142 2437 1442 2507 majoribus
1499 2452 1661 2507 quam
1699 2415 1728 2490 a
1774 2436 2021 2494 mini-mis.

425 2535 763 2603 hominibus,
796 2533 1037 2604 undique
1059 2540 1314 2595 vexatus,
1338 2549 1401 2587 ac
1427 2531 1812 2602 multiplicium-
1841 2531 2017 2586 malo-

424 2647 546 2686 runt
599 2630 821 2700 agmine
866 2626 1264 2692 circumdatus,
1318 2637 1376 2680 ut
1419 2629 1514 2690 ita,
1553 2611 2055 2694 quemadmodum"

420 2734 477 2779 ct
505 2722 724 2789 Paulus,
759 2730 1026 2778 tumorem
1055 2734 1274 2775 clunem
1297 2728 1352 2774 et
1374 2718 1584 2774 fastum
1600 2719 2012 2788 comprimeret.

425 2819 472 2872 υ
508 2815 756 2870 divinum
797 2813 1152 2882 discipulum,
1184 2810 1282 2880 qui
1324 2820 1493 2866 totum
1527 2819 1798 2867 terrarum
1825 2811 2016 2865 orbem

426 2905 779 2978 peragrat-ill
819 2903 864 2962 0
899 2919 1099 2975 corpus
1153 2913 1230 2958 tot
1272 2902 1544 2974 tantisque
1591 2900 1854 2973 operibus
1907 2917 2014 2956 non

421 2999 822 3071 defatigatum!
881 2994 1240 3068 Ogsalntaris
1315 2993 1722 3066 praedicationis
1799 3006 2018 3062 semper

427 3097 692 3152 virentem
733 3101 789 3149 et
839 3090 1206 3148 immortalem
1259 3088 1598 3161 potentiam!
1641 3087 1831 3142 Divina
1869 3086 2021 3142 enim

421 3205 591 3260 opera
621 3197 675 3244 et
703 3202 825 3258 qua:
856 3201 886 3240 a
925 3185 1035 3242 Deo
1067 3193 1201 3239 sunt
1225 3181 1639 3252 corruptionem
1671 3194 1778 3236 non
1808 3179 2018 3250 patiun-

2121 1979 2329 2051 ταύτης
2357 1982 2417 2034 εν
2449 1980 2690 2052 πρώτοις
2721 1983 3010 2053 ἀρχιερεὺς
3057 1980 3153 2035 καὶ
3209 1978 3416 2049 ποιμὴν
3460 1977 3568 2030 ὑπὸ
3620 1974 3718 2028 τοῦ

2127 2073 2369 2142 μεγάλου
2421 2075 2632 2145 Πέτρου
2695 2073 3111 2144 προϐέϐληται,
3157 2073 3344 2135 πόνοις
3403 2067 3717 2140 φαιδρύνων

2123 2166 2508 2232 ἀ-ποστολικοῖς
2532 2169 2597 2222 τὸ
2623 2170 2934 2240 ἐγχείρημα
2952 2209 2968 2234 ,
3015 2167 3113 2221 καὶ
3143 2165 3411 2227 ποικίλοις
3443 2163 3716 2232 καμάτοις

2125 2259 2500 2332 κατακοσμῶν
2525 2260 2586 2315 τὺ
2615 2260 2991 2332 λειτούργημα
3012 2276 3028 2291 ο
3051 2259 3114 2313 οὐ
3145 2259 3380 2328 τρυφαῖς
3407 2255 3715 2328 χρώμενος.

2123 2354 2184 2407 ού
2219 2353 2476 2428 ῥᾳστώνῃ
2505 2355 2904 2427 προστετηκὼς
2924 2371 2938 2384 ·
2979 2356 3308 2426 πειρασμοῖς
3339 2352 3396 2406 δὲ
3437 2349 3574 2421 πρὸς
3601 2364 3720 2420 μει-

2125 2445 2298 2510 ζόνων
2331 2447 2427 2501 καὶ
2471 2447 2610 2518 πρὸς
2646 2448 2950 2518 ἐλαχίστων
2987 2443 3536 2519 περιστοιχιζόμενος
3560 2484 3574 2505 .
3623 2441 3721 2497 καὶ

2129 2541 2352 2611 μυρίαις
2381 2542 2573 2596 δεινῶν
2603 2543 2846 2613 νιφάσιν,
2879 2543 2968 2599 ἵνα
2985 2543 3077 2597 τὸν
3095 2543 3261 2610 ὄγκον
3281 2543 3490 2595 ἐκεῖνον
3514 2539 3719 2593 συνέλω

2126 2634 2269 2688 κατὰ
2302 2634 2514 2689 Παῦλον
2545 2636 3063 2708 περιαντλούμενος.
3100 2637 3166 2690 Ὢ
3203 2633 3453 2707 μαθητοῦ
3483 2632 3716 2701 θωφὰν-

2124 2743 2283 2797 τορος
2303 2767 2318 2791 .
2362 2728 2464 2800 τὴν
2490 2728 2600 2797 γῆν
2634 2729 3208 2801 ἐκπερινοστὴσαντος
3242 2725 3501 2791 ἃπασαν-ί
3530 2721 3580 2777 ὣ
3608 2720 3718 2776 σώ-

2129 2836 2330 2889 ματος,
2363 2821 2439 2892 μὴ
2484 2822 2599 2885 τοῖς
2640 2821 2920 2884 τοσούτοις
2954 2822 3140 2891 ἔργοις
3183 2815 3713 2890 ἁπαγορεύσαντοςί

2125 2911 2172 2965 ὢ
2202 2913 2562 2986 κηρύγματο;
2584 2955 2600 2981 ,
2632 2914 2862 2986 ἀειθαλῆ
2886 2913 2987 2985 τὴν
3024 2914 3178 2985 ίσχὺν
3211 2911 3598 2977 ἀποσώζοντος
3623 2905 3714 2962 καὶ

2124 3006 2427 3065 ἀθάνατονί
2453 3007 2594 3060 Θεία
2621 3007 2732 3080 γὰρ
2763 3007 2900 3080 ἔργα
2929 3009 3026 3063 καὶ
3053 3009 3118 3064 ὲκ
3147 3008 3288 3063 Θεοῦ
3320 3008 3615 3081 μα-ρασμδν
3649 3001 3714 3058 οὒ

2127 3099 2437 3171 προσίεται.
2481 3100 2768 3155 Ἐντεῦθεν
2797 3101 3022 3168 ἐπάξιον
3053 3101 3154 3173 τὴν
3206 3103 3504 3174 Δαυῖτικὴν
3535 3101 3719 3173 ῥῆσιν,

2124 3193 2188 3245 τὸ
2221 3193 2645 3265 μεγαλοπρεπὲς
2664 3194 2776 3248 τῶν
2799 3195 3306 3267 δημιουργημάτων
3332 3194 3720 3268 θαυμάζουσαν

423 3294 533 3337 tur.
570 3279 882 3352 Congruum
914 3289 999 3334 est
1025 3277 1129 3332 hoc
1160 3277 1280 3332 loco
1307 3273 1516 3330 referre
1543 3272 1766 3328 Davidis
1788 3273 2016 3339 dictum,

2127 3283 2219 3336 καὶ
2250 3286 2387 3352 πρδς
2409 3284 2500 3337 τὸν
2531 3283 2770 3354 θεόπτην
2797 3285 3028 3356 Μάρκον
3063 3285 3515 3358 μεθαρμόζοντας
3546 3302 3721 3356 προσ-

419 3390 532 3446 quo
577 3374 694 3442 ipse
739 3360 1048 3426 divinorum
1100 3368 1446 3439 opificinrum
1505 3365 1966 3438 magnificentiam
1998 3403 2014 3430 ,

422 3467 658 3532 extollit,
683 3465 930 3535 illudque
952 3465 1115 3518 beato
1132 3462 1316 3517 Marco
1335 3461 1622 3530 adoptare,
1643 3459 1900 3514 nimirum
1914 3499 1928 3523 ,
1960 3459 2014 3512 in

2113 3379 2312 3441 ειπείν,
2335 3373 2436 3440 El;
2467 3379 2649 3433 πᾶσαν
2669 3379 2772 3447 τὴν
2795 3379 2902 3448 γῆν
2923 3379 3148 3450 ἐξῆλθεν
3177 3381 3208 3432 ὁ
3234 3376 3476 3449 φθόγγος
3503 3378 3674 3433 αὐτοῦ
3702 3419 3717 3444 ,

2114 3472 2208 3525 καὶ
2237 3472 2318 3535 είς
2347 3471 2419 3525 τὰ
2459 3474 2677 3544 πέρατα
2716 3472 2820 3543 τῆς
2858 3473 3191 3544 οἰκουμένης
3234 3475 3267 3544 η
3310 3473 3421 3528 τῶν
3459 3473 3722 3545 ῥημάτων

421 3574 644 3616 omnem
681 3569 881 3615 terram
922 3557 1095 3613 exivit
1139 3571 1309 3612 senas
1348 3555 1484 3627 ejus,
1522 3564 1577 3610 et
1611 3554 1668 3608 iu
1697 3553 1838 3610 lines
1864 3552 2021 3608 orbis

427 3666 591 3709 terra:
640 3653 933 3707 verborum
985 3651 1162 3720 ipsius
1219 3649 1430 3704 utilitas
1462 3648 1502 3702 ³.
1543 3645 1669 3702 Ιιωο
1726 3647 1874 3711 enim
1912 3659 2020 3706 vox

2112 3561 2374 3632 ὠφέλεια.
2404 3561 2557 3632 Αὕτη
2586 3564 2699 3634 γάρ
2721 3580 2829 3628 σοι,
2861 3563 3110 3634 θεόσοφε,
3138 3563 3346 3636 ήφωνὴ
3381 3565 3718 3637 πρόσφορος.

2114 3654 2253 3726 αῦτη
2289 3654 2425 3728 μόνη
2460 3656 2604 3725 ὑπὲρ
2631 3657 2814 3710 πᾶσαν
2857 3657 3154 3729 ῥητορείαν
3203 3657 3475 3729 ἁρμόδιος
3497 3674 3512 3688 ο
3539 3657 3721 3726 ἐμφα-

427 3745 523 3801 ti‘ui
555 3760 765 3800 summe
789 3745 1124 3800 conveniens
1147 3755 1252 3809 est,
1273 3759 1308 3798 ο
1335 3740 1527 3799 Marce.
1543 3739 2019 3807 divinasapientia.

2127 3745 2255 3809 μίξει
2283 3745 2397 3817 γὰρ
2420 3745 2514 3799 τὸν
2541 3745 2770 3818 δρόμον,
2799 3748 2927 3811 τοὺς
2956 3746 3177 3817 ἀγῶνας
3203 3786 3219 3812 ,
3257 3748 3356 3811 τὰς
3389 3745 3717 3818 ἀλγηδόνας.

425 3838 637 3910 pollens
664 3856 678 3893 :
713 3837 829 3891 lnec
863 3837 978 3891 sola
1013 3835 1119 3900 tibi.
1140 3851 1305 3905 supra
1333 3849 1528 3894 omnes
1560 3833 1866 3892 rhetoricas
1899 3846 2018 3886 ain-

2127 3839 2190 3892 τέι
2219 3837 2498 3911 δυσχερῆ,
2537 3839 2632 3894 καὶ
2670 3839 2763 3893 τὸν
2814 3841 3189 3910 ἀμαράντινον
3231 3840 3523 3910 στέφανον,
3570 3839 3631 3906 ὃν
3663 3839 3722 3892 οὐ

423 3934 788 4004 plilicationes
841 3931 1292 3997 accunuuodata;
1339 3931 1482 3985 bene
1518 3927 1797 3996 siquidem.
1838 3925 2018 3994 expli-

2127 3930 2349 4001 χρυσίον
2379 3931 2697 4001 καταρτίζει
2721 3932 2784 3985 τὸ
2822 3931 2881 3999 ἐξ
2911 3933 3124 4004 Οὐφεὶρ
3151 3973 3166 3998 ,
3197 3931 3257 3984 οὗ
3289 3930 3430 3986 λίθοι
3457 3934 3559 3985 καὶ
3587 3949 3725 4004 μαρο

424 4038 516 4081 nat
550 4038 698 4081 tuum
731 4040 980 4091 cursum,
1032 4033 1120 4077 tua
1158 4022 1482 4086 certan‘rina,
1523 4021 1760 4084 labores,
1805 4019 2019 4074 crucia-

2127 4027 2348 4096 γαρῖται
2378 4024 2909 4080 καταποικίλλουσιν
2947 4023 3186 4092 Ἰνδικοὶ,
3219 4024 3279 4077 ὃν
3308 4023 3415 4077 ὃὲδ
3452 4022 3725 4088 ἀθάνατος

426 4135 536 4185 tus,
589 4133 799 4174 necnon
853 4132 1110 4174 coronant
1162 4108 1700 4179 immarceseibilem,
1755 4128 1875 4180 quae
1908 4128 2019 4166 non

2127 4115 2476 4188 ἀγωνοθέτης
2518 4117 2864 4189 φιλοτεχνεῖ,
2895 4110 3064 4187 καὶ-ᾧ
3110 4117 3242 4182 τοὺς
3287 4117 3527 4184 οἰκείους
3557 4117 3721 4191 θερα-

427 4230 562 4268 auro
599 4228 666 4267 ex
699 4213 922 4283 regioxte
975 4208 1148 4280 Opliir
1188 4207 1441 4266 confecta
1491 4216 1600 4273 est,
1640 4221 1747 4259 non
1789 4204 2023 4275 gemmis

2123 4207 2302 4277 πευτῆ
2311 4224 2412 4277 ρας
2447 4207 2763 4279 ἀμείϐεται.

424 4313 482 4361 et
529 4304 849 4376 margaritis
899 4304 1099 4360 Indicis
1143 4303 1448 4369 distincta;
1500 4301 1596 4357 sed
1647 4299 1744 4355 illa
1775 4300 1888 4370 ipsa
1927 4308 2011 4354 est
2049 4315 2217 4368 quam
2277 4270 2609 4360 inunorialis
2663 4304 2832 4374 iudex
2860 4304 3296 4360 etcortatninum
3327 4317 3530 4372 pra-ses
3558 4270 3715 4367 Deus,

424 4412 615 4455 amore
646 4411 776 4452 vere
811 4406 1070 4467 paterno,
1121 4394 1315 4450 electis
1349 4393 1661 4464 impertitnr
1694 4407 1759 4448 ac
1785 4391 1903 4447 suis
1919 4390 2230 4462 cultoribus
2263 4394 2538 4452 retribuit.

497 4491 569 4548 10
633 4490 736 4547 Tui
765 4492 912 4546 enim
948 4490 1116 4561 pedes
1147 4489 1381 4559 speciosi
1418 4497 1568 4555 sunt,
1589 4485 1745 4556 juxta
1779 4485 2020 4557 prophe-

2201 4494 2253 4541 ι’.
2288 4487 2393 4541 Σοῦ
2427 4487 2540 4560 γὰρ
2586 4489 2636 4542 οἱ
2679 4489 2840 4552 πόδες
2869 4489 3102 4562 ὡραῖοι,
3146 4488 3290 4543 κατὰ
3315 4487 3416 4568 τῂν
3452 4506 3725 4562 προφητι-

427 4587 589 4641 ticam
662 4583 1074 4655 praedictionem
1115 4582 1162 4651 ⁵,
1224 4583 1316 4653 qui
1346 4591 1508 4638 terra:
1557 4580 1824 4636 ambitum
1853 4593 2014 4650 pera-

2127 4579 2674 4653 x'ijvgzpoayépeuow,
2716 4581 2806 4636 τὸν
2831 4582 2932 4654 τῆς
2969 4581 3072 4652 γῆς
3100 4581 3458 4646 διανύσαντες
3486 4583 3720 4638 κύκλον·

423 4686 675 4748 grarunt:
709 4675 894 4746 lingua
937 4684 1028 4731 tua
1071 4675 1344 4746 speciosa,
1366 4689 1490 4745 qua:
1513 4689 1704 4744 pacem
1732 4672 1877 4727 illam
1903 4686 2022 4727 om-

423 4769 576 4824 niunt
610 4777 823 4824 tuentes
843 4769 1199 4824 excedentem
1227 4767 1466 4822 feliciter
1485 4765 1834 4825 annuntiavit
1863 4778 2018 4819 :tna-

423 4874 528 4915 nus
549 4857 809 4916 similiter
833 4859 1256 4931 speciosae,quae
1275 4861 1494 4914 calamo
1513 4859 1568 4913 in
1589 4856 1880 4928 Evangelio
1907 4858 2015 4911 mi-

421 4953 751 5008 nistrarent.
781 4950 887 5006 Sed
911 4949 1044 5020 quid
1069 4954 1185 5007 hac
1218 4951 1333 5006 sola
1359 4949 1740 5006 sacratissima
1761 4949 2013 5004 membra

418 5043 796 5102 commendo?
823 5042 998 5100 Totus
1030 5043 1349 5114 apostolicis
1400 5041 1684 5096 laboribus
1717 5055 2014 5095 consecra-

421 5147 536 5203 tus,
570 5147 721 5192 totus
767 5137 1020 5207 martyrii
1075 5135 1426 5207 Stigmatibus
1455 5141 1686 5189 ornatus
1719 5131 1842 5199 fuit,
1879 5132 2017 5186 adeo

422 5237 482 5283 ut
515 5236 819 5299 martyrum
859 5226 1102 5298 praemiis
1139 5225 1397 5282 omnibus
1423 5233 1479 5280 ct
1510 5223 1719 5279 braviis
1765 5221 2017 5293 perfrua-

423 5331 528 5374 tur.
573 5320 675 5388 Qni
725 5321 872 5376 enim
914 5321 1174 5376 sacerdos
1219 5329 1342 5374 crat
1369 5328 1427 5374 et
1457 5318 1790 5378 sacrificium
1825 5315 2020 5388 offere-

425 5416 541 5480 bat,
586 5425 813 5486 propter
855 5413 1134 5470 Cbristum
1189 5415 1357 5470 etiam
1409 5407 1744 5470 sacriﬁcium
1793 5409 2021 5466 effectus

423 5504 544 5570 fuit,
591 5515 645 5560 et
691 5515 883 5576 pastor
932 5520 996 5559 ea
1046 5521 1168 5574 quae
1222 5505 1404 5575 gregis
1452 5502 1676 5576 propria
1713 5512 1874 5556 erant
1915 5513 2020 5554 una

422 5614 548 5652 cum
581 5597 698 5668 ipso
725 5611 888 5668 grege
915 5598 1180 5666 suscepit.
1211 5595 1348 5650 Nam
1376 5607 1426 5651 et
1463 5599 1577 5666 ipse
1603 5605 1872 5664 tauquam
1900 5593 2020 5649 ovis

422 5705 532 5743 una
571 5704 696 5744 eum
748 5690 858 5742 alio
906 5689 1212 5757 apostolico
1262 5699 1406 5744 cmtu
1437 5689 1488 5741 in
1532 5688 1714 5743 medio
1765 5685 2017 5753 luporum

427 5781 628 5836 missus
687 5781 810 5845 fuit,
846 5792 902 5834 et
936 5781 1113 5836 hostia
1164 5782 1357 5836 vivens
1416 5782 1525 5838 Deo
1577 5785 1797 5838 oblitus
1847 5787 1930 5834 est
1969 5777 2014 5830 ⁸.

515 5952 536 5980 ³
568 5946 705 6004 Psal.
739 5963 854 6016 vut,
889 5953 940 6008 5.

2131 4675 2228 4730 σοῦ
2280 4675 2315 4747 ὴ
2357 4674 2584 4745 γλῶσσα
2635 4673 2814 4748 ὡραία
2845 4691 2858 4704 ·
2909 4676 3305 4748 εὐηγγελίσατο
3341 4676 3453 4749 γὰρ
3495 4680 3724 4750 εἰρήνην

2125 4768 2227 4840 τὴν
2258 4769 2439 4823 πάντα
2459 4767 2588 4822 νοῦν
2613 4769 2994 4839 ὑπερέχουσαν
3015 4786 3030 4801 ο
3063 4769 3158 4824 σοῦ
3191 4769 3248 4824 αί
3287 4772 3472 4841 χεῖρες
3497 4770 3722 4843 ὡραῖαι,

2127 4857 2205 4931 τῷ
2239 4858 2473 4930 καλάμῳ
2517 4859 2612 4912 τοῦ
2665 4859 3004 4928 Εὐαγγελίου
3047 4861 3497 4934 ὖπηρετὴσασαι.
3563 4862 3724 4916 Ἀλλὰ

2124 4955 2181 5006 τί
2209 4950 2385 5006 ταῦτα
2422 4952 2559 5022 μόνα
2605 4951 2674 5006 τὰ
2717 4952 2993 5025 ίερώτατα
3035 4954 3171 5025 μέλη
3200 4955 3381 5026 φημί;
3423 4955 3588 5020 Ὀλος
3622 4973 3721 5010 κα-

2127 5045 2322 5116 μάτοις
2353 5043 2740 5108 ἁποστολικοῖς
2770 5045 3164 5115 καθηγίασται,
3194 5047 3318 5110 ὅλος
3357 5050 3721 5120 μαρτυρικοῖς

2124 5135 2572 5192 κεκαλλώπιοται
2607 5139 2926 5208 στίγμασιν,
2960 5139 3050 5193 ἶνα
3085 5139 3180 5193 καὶ
3211 5141 3577 5212 μαρτυρικῶν
3623 5143 3720 5192 ἐπ-

2129 5230 2307 5285 άθλων
2329 5230 2426 5285 καὶ
2453 5228 2730 5302 βραϐείων
2750 5231 3083 5303 sna-5mm.
3115 5231 3172 5286 '0
3199 5234 3308 5305 γὰρ
3332 5232 3503 5304 θύτης
3525 5233 3720 5302 γέγονε

2129 5323 2224 5378 καὶ
2265 5321 2416 5394 θῦμα
2462 5321 2554 5376 διὰ
2581 5323 2852 5394 Χριστὸν,
2884 5324 2981 5378 καὶ
3009 5327 3038 5379 ὁ
3066 5324 3273 5396 ποιμὴν
3306 5325 3375 5378 τὰ
3405 5328 3518 5390 τοῖς
3550 5325 3718 5397 θρὲμο

2133 5430 2270 5484 μασι
2322 5415 2794 5486 παρομαρτοῦντα
2849 5417 3273 5483 συνανεδέξατο·
3314 5417 3390 5480 ὡς
3442 5419 3720 5488 πρόϐατον

2127 5506 2237 5579 γὰρ
2271 5508 2369 5561 καὶ.
2397 5501 2578 5571 οὗτος,
2607 5506 2747 5576 μετὰ
2775 5507 2877 5579 τῆς
2911 5509 3085 5579 ἄλλης·
3113 5509 3482 5579 ἀπστολικῆς
3503 5511 3720 5579 eum-3-

2129 5614 2291 5668 ρεως,
2320 5598 2380 5650 ὲν
2412 5597 2568 5668 μέσῳ
2601 5595 2782 5652 λύκων
2835 5598 3198 5664 ἀπέσταλται,
3229 5599 3324 5653 καὶ
3369 5599 3532 5653 θυσία
3565 5599 3718 5664 ζῶσα

2125 5686 2244 5756 Θεῷ
2287 5690 2743 5756 προσενήνεκται.
2790 5686 3094 5757 Ἐδεσμήοη
3151 5688 3262 5756 γὰρ
3298 5686 3437 5757 πρὸς
3491 5686 3712 5746 ἀνομων

2124 5777 2344 5848 χειρῶν.
2380 5779 2606 5844 πολλοὺς
2642 5779 2963 5850 ἐξαρπάσας
3013 5779 3107 5834 τοῦ
3139 5769 3450 5835 διαβολῑκοῦ
3505 5771 3721 5839 φάρυγ-.

1023 5953 1046 5979 ’⁵
1078 5951 1179 6009 lsa.
1212 5967 1311 6018 ιιι,
1345 5953 1396 6008 7.
1473 5940 1724 6012 “Matth.
1771 5968 1824 6018 ιι,
1866 5953 1960 6014 tu;
1989 5943 2146 5999 lium.
2181 5957 2275 6007 ιιι,
2305 5940 2360 5994 1.
