4024 6424
344 429 3615 492 Μῄ-*ᾙᾙ

1373 471 2545 482 -ᾑφοω--.κ--κν-νυ--υ-..μ-...μη
2573 474 2827 486 ...ι-
2861 471 3436 490 -ᾙῗ

1551 649 1630 692 ΔΝ
1644 649 1724 692 NO
1768 647 1995 692 DOMINI
2041 647 2428 693 DCCCXXXVI.

1020 868 2846 1054 CHRISTOPHORUS
2885 1005 2929 1082 ,

894 1226 2030 1320 ALEXANDRINUS
2133 1228 3050 1322 PATRIARCHA.

1947 1451 2020 1475 qn

1799 1575 2159 1640 NOTITIA.
2223 1653 2225 1656 ι

1366 1767 1533 1833 (Mica.
1570 1768 1805 1830 Laevina,
1842 1766 2018 1820 Oriens
2042 1766 2224 1820 Christ.
2264 1776 2299 1822 ι.
2324 1767 2390 1830 11,
2412 1780 2463 1834 p.
2491 1767 2628 1832 465.)

414 1944 715 2016 Eutycbius
744 1944 932 2014 itaque
963 1952 1185 1998 narrata
1213 1953 1390 1998 morte
1413 1941 1684 2000 Eustathii
1719 1957 1842 2013 pag.
1883 1942 2011 2006 411,
2048 1941 2327 2014 subjungit
2361 1959 2377 1997 :
2412 1941 2528 2012 Ipsi
2559 1943 2614 1997 in
2653 1941 2835 1996 eodem
2875 1942 3261 2012 patriarchatu
3289 1942 3617 1998 successisse

339 2033 818 2106 Christophorum,
884 2047 1025 2085 anno
1068 2030 1338 2100 Califatus
1372 2029 1648 2100 lRaschidi
1697 2031 1964 2098 vicesimo,
2001 2030 2210 2085 Christi
2259 2029 2494 2098 proinde
2533 2029 2665 2086 805.
2701 2029 2867 2084 Addit
2914 2045 3038 2085 eum
3093 2029 3329 2086 subinde
3377 2031 3621 2100 paralysi

335 2132 646 2192 arreptum,
678 2122 750 2175 ita
781 2133 838 2174 ut
869 2119 1149 2172 hominum
1183 2119 1438 2174 [inanibus
1463 2129 1803 2189 gestaretur;
1833 2115 2088 2186 quocirca
2113 2112 2338 2167 Petrum
2369 2113 2660 2181 quemdam
2691 2112 2759 2166 ab
2786 2128 2851 2168 eo
2880 2113 3239 2168 constitutum
3269 2114 3618 2184 episcopum,

334 2207 435 2275 qui
464 2206 739 2261 cathedrae
786 2201 1136 2273 patriarebali
1172 2203 1412 2258 insidens
1445 2206 1564 2260 vice
1600 2204 1775 2273 ipsius
1832 2203 2117 2271 episcopos
2181 2201 2550 2255 consecrabat
2595 2215 2609 2252 :
2661 2200 2877 2255 sedisse
2926 2207 3106 2254 autem
3144 2199 3614 2270 Cbristopbcrum

331 2308 510 2346 annos
539 2291 765 2360 triginta
799 2293 956 2355 deos,
991 2303 1055 2344 ac
1095 2291 1314 2344 demum
1343 2287 1593 2344 functum
1627 2304 1776 2346 esse.
1817 2287 1982 2359 Atqui
2011 2301 2188 2341 annus
2210 2286 2420 2342 Christi
2450 2287 2586 2353 805,
2632 2285 2931 2357 Nicephori
2966 2288 3103 2356 imp.
3135 2298 3368 2358 quartus
3403 2289 3526 2350 fuit,
3564 2297 3628 2344 et-

331 2380 540 2436 Christi
577 2379 708 2444 856,
743 2395 852 2450 quo
883 2376 1318 2446 Cbristophorus
1349 2377 1493 2433 diem
1526 2386 1866 2446 postremum
1893 2375 2026 2445 egit,
2057 2375 2351 2445 Theophili
2387 2375 2519 2445 imp.
2544 2385 2777 2431 octavus
2805 2393 2818 2442 ;
2855 2376 3012 2446 cujus
3055 2391 3202 2430 anno
3234 2377 3460 2431 circiter
3486 2376 3633 2444 830,.

332 2465 569 2537 epistola
604 2469 672 2522 de
720 2481 826 2536 qua
865 2480 991 2518 mox
1023 2464 1234 2520 dictum
1278 2472 1385 2530 est.
1431 2465 1607 2519 eidem
1661 2461 1892 2533 principi
1940 2479 1970 2518 a
2013 2461 2191 2520 tribus
2243 2463 2578 2533 patriarcbis
2633 2462 3039 2534 Christopboro
3090 2463 3489 2530 Alexandrino,
3519 2465 3622 2522 Job

331 2554 703 2617 Antiocheuo,
731 2565 783 2607 et
807 2553 1010 2606 Basilio
1042 2551 1542 2623 llierosolymitano
1567 2552 1771 2620 scripta
1801 2565 1920 2606 esse
1963 2551 2233 2621 colligitur
2257 2565 2321 2605 ex
2360 2548 2721 2604 Constantini
2759 2549 3228 2622 Porpbyrogeneti
3273 2552 3637 2620 imperatoris.

328 2641 580 2696 (ratione
602 2639 674 2694 De
697 2639 927 2706 i-nngine
956 2638 1244 2703 Edessena,
1269 2639 1408 2706 apul
1437 2637 1610 2692 Coub
1631 2637 1680 2690 :li
1700 2640 1771 2688 tiu
1801 2657 1828 2688 n
1862 2639 1873 2688 i
1901 2655 1912 2688 ι
1942 2631 2220 2702 Manipalo
2247 2649 2425 2686 rerum
2457 2632 3214 2702 Constantiaopolitanarum.
3248 2635 3358 2690 Leo
3385 2635 3619 2691 Allatius

333 2729 388 2781 in
430 2731 574 2782 notis
605 2728 672 2782 ad
708 2725 985 2784 Eustatbii
1021 2725 1396 2780 Hexaemeron
1430 2741 1553 2796 pag.
1577 2723 1706 2788 254,
1737 2722 2007 2778 orationis
2039 2721 2184 2774 illius
2216 2720 2300 2774 cui
2348 2721 2541 2775 titulus
2564 2731 2650 2776 est
2687 2738 2700 2776 :
2739 2719 2841 2776 Cui
2885 2723 3080 2777 similis
3109 2733 3189 2778 est
3227 2719 3333 2778 vita
3363 2723 3619 2790 hominis,

333 2830 501 2884 quam
553 2814 850 2871 Frdcricus
883 2813 1164 2869 Morellius
1211 2813 1464 2868 ediderat
1514 2815 1642 2869 olim
1682 2821 1940 2882 tauquam
1999 2808 2274 2874 TheOphili
2309 2809 2661 2863 Alexandrini
2702 2812 2960 2880 episcopi,
2999 2811 3366 2882 fragmentum
3402 2813 3618 2880 retulit,

338 2903 486 2957 velut
515 2901 1094 2972 operisChrisIophori
1124 2903 1452 2971 patriarcha!
1477 2901 1854 2956 Alexandrini.
1888 2899 1981 2954 Sic
2003 2915 2219 2971 quoque
2255 2900 2341 2954 vir
2369 2903 2720 2971 pereruditus
2753 2900 2998 2959 Joatmes
3023 2904 3284 2959 Albertus
3317 2903 3624 2960 Fabricius

332 2991 584 3045 eamdem
618 2991 923 3046 orationem
971 2990 1405 3044 adhortatoriam
1442 2987 1632 3044 Grtece
1683 2987 1990 3056 Latineque
2031 2988 2204 3041 edidit
2235 3002 2299 3041 ex
2339 2987 2594 3042 Ctesareo
2641 2990 2861 3054 codice,
2891 2991 2964 3045 ita
3016 2991 3345 3061 inscriptam
3376 3009 3389 3045 :
3421 2991 3529 3045 Τοῦ
3558 2993 3622 3044 ὲν

332 3077 514 3146 ἁγίοις
562 3077 779 3150 Πατρὸς
830 3078 990 3149 ἡμῶν
1043 3077 1428 3150 Χριστοῳόρου
1484 3075 1830 3149 πατριάρχου
1884 3073 2294 3147 ’Δλεξανδρείας
2352 3076 2682 3148 παραίνεσις
2733 3077 3102 3149 ψυχωφελὴς,
3153 3079 3468 3150 φανεροῦσα
3509 3079 3597 3132 τίν

330 3164 618 3235 ὁμοιοῦται
645 3167 673 3220 ὁ
701 3164 816 3236 βίος
871 3160 1050 3231 οὗτος,
1081 3167 1177 3220 καὶ
1205 3167 1285 3230 εἰς
1319 3166 1474 3219 ποῖον
1514 3164 1670 3230 τέλος
1693 3181 1919 3235 starach

2032 3181 2087 3218 ει.
2116 3163 2179 3219 Β.
2213 3163 2282 3219 Ρ.
2333 3164 2408 3220 Ν.
2469 3165 2835 3233 Chrismphori
2897 3165 3253 3220 Alexandrini
3299 3167 3621 3236 patriarcha:

329 3252 646 3307 adhortatio
685 3253 881 3308 animis
921 3255 1091 3317 utilis,
1125 3254 1495 3309 demonstrans
1522 3255 1743 3308 cuinam
1773 3254 1945 3308 ha'cce
1985 3255 2095 3307 vita
2120 3253 2313 3306 similis
2348 3261 2449 3317 est,
2494 3249 2543 3306 et
2581 3255 2702 3324 quis
2731 3255 2847 3324 ejus
2897 3254 3042 3324 ﬁnis.
3075 3252 3320 3308 Habetur
3350 3255 3514 3308 etiam
3563 3256 3621 3307 in

328 3342 458 3396 cod.
490 3339 735 3396 Colbert.
775 3343 920 3398 6749
948 3342 1338 3413 Christopbori
1393 3343 1753 3398 Alexandrini
1805 3343 2026 3400 nomine
2069 3341 2310 3411 dataque
2344 3342 2550 3397 dicitur
2583 3343 2842 3412 episcOpis
2898 3353 2947 3410 σε
2979 3343 3292 3413 pastoribus
3334 3341 3616 3399 Ecclesiae.

329 3422 607 3478 Praeterea
633 3423 686 3478 in
729 3425 1010 3482 Abraham
1041 3426 1261 3482 Massad
1296 3427 1582 3482 Maronitae
1611 3427 1804 3483 codice
1838 3429 1891 3494 7,
1933 3429 2024 3496 qui
2067 3430 2118 3483 in
2165 3427 2490 3484 Vaticauam
2523 3430 2914 3486 bibliothecam
2943 3430 3244 3487 translatus
3275 3430 3410 3497 fuit,
3437 3431 3618 3486 habeo

331 3522 424 3566 tur
446 3507 816 3582 Christophori
839 3516 1225 3586 archiepiscopi
1248 3514 1599 3570 Alexandrini
1628 3513 1816 3572 Sermo
1842 3517 1896 3571 in
1927 3518 2243 3586 parabolam
2284 3521 2544 3590 serpentis
2581 3534 2632 3575 et
2681 3521 2834 3576 avari
2867 3520 3020 3594 (sic).

1615 3885 1861 3946 NOTl'l'
1874 3887 1947 3946 1Α
1995 3892 2041 3945 Α
2058 3888 2149 3946 ῐ.ἰ’
2164 3886 2342 3948 ΕΒΑ.

1202 4210 1296 4274 (Ex
1319 4211 1518 4262 Fauste.
1550 4209 1778 4264 Bibliolh.
1813 4214 1969 4264 Gr‘a’c.
1994 4213 2074 4262 ed.
2108 4213 2304 4275 llarles,
2337 4222 2375 4267 ι.
2413 4216 2495 4280 XI,
2522 4229 2566 4282 p.
2601 4215 2735 4274 59$.)

403 4385 863 4454 Clue's‘opborua,
891 4383 1296 4440 Alexandrinus
1334 4383 1672 4452 patriarcha,
1715 4385 1863 4439 circa
1915 4399 1967 4440 a.

2031 4385 2061 4439 Ξ.
2090 4385 2217 4449 856,
2271 4396 2466 4441 auctor
2492 4385 2839 4442 Pamneseos
2893 4389 3138 4444 ascetica:
3168 4389 3236 4443 Ti
3266 4387 3556 4460 ὁμοιοῦται
3582 4392 3620 4445 ἅ

333 4467 666 4545 μοςοῦτος,
694 4475 788 4527 καὶ
807 4476 885 4537 εἰς
913 4476 1068 4527 ποῖον
1103 4473 1257 4537 τέλος
1277 4471 1682 4543 καταστρέφεις
1711 4472 1907 4538 iueipit

2041 4470 2201 4534 Ξιντως
2229 4470 2351 4540 μὲν,
2385 4469 2683 4541 ἀγαπητοί.
2718 4471 2932 4526 Citatur
2952 4471 3024 4526 ab
3049 4472 3248 4526 Allatio
3284 4488 3337 4542 p.
3370 4474 3501 4540 25!,
3545 4474 3630 4529 ..ιι

334 4563 681 4624 Eustathium
707 4562 1137 4630 Antiochenam,
1163 4571 1218 4617 et
1246 4561 1516 4617 Cotelerio
1545 4570 1686 4616 tom.
1713 4561 1755 4615 11
1803 4560 2136 4615 Monument.
2191 4574 2244 4628 ι).
2275 4559 2380 4613 669
2413 4575 2516 4614 ms.
2550 4561 2602 4612 in
2654 4559 2790 4614 bibl.
2824 4559 3118 4628 Caesarea;
3188 4561 3253 4616 V.
3288 4561 3500 4618 Nessel.
3544 4564 3622 4628 γ.

333 4668 458 4722 με.
489 4651 614 4708 129.
641 4651 759 4724 [aut
785 4650 1044 4706 Lambec.
1073 4649 1215 4715 Vill,
1244 4666 1297 4720 p.
1322 4651 1420 4705 771
1459 4665 1612 4720 seqq.
1647 4667 1704 4707 n.
1737 4651 1824 4716 18,
1848 4651 1970 4706 cod.
2003 4648 2093 4712 54,
2125 4647 2214 4702 ubi
2247 4646 2460 4702 Kollar.
2489 4646 2708 4703 doctam
2736 4649 2971 4719 subjecit
2998 4650 3446 4706 adnotationem.
3491 4651 3614 4710 Vid.

333 4742 554 4811 quoque
588 4740 845 4797 Lambec.
886 4740 1018 4796 ibid.
1050 4755 1103 4811 p.
1137 4739 1240 4794 697
1275 4748 1331 4794 et
1369 4739 1493 4794 705.
1531 4739 1710 4794 Paris.
1747 4739 1799 4794 iu
1839 4739 1970 4796 bibl.
2001 4736 2152 4808 publ-
2180 4735 2342 4792 codd.
2375 4736 2502 4802 595,
2539 4753 2596 4790 η.
2635 4736 2727 4800 η.
2756 4745 2808 4792 el
2839 4735 3012 4802 1055,.
3055 4755 3111 4796 ιι.
3145 4738 3202 4794 6.
3236 4770 3308 4780 —
3335 4739 3528 4796 Roma
3559 4744 3628 4797 in-

333 4829 454 4883 cod.
484 4829 618 4885 bibl.
660 4828 922 4884 Ottobon.
954 4838 1010 4884 et
1045 4827 1335 4888 Mediolani
1360 4828 1413 4882 in
1469 4826 1602 4883 bibl.
1627 4827 1882 4886 Ambros.
1927 4825 1990 4882 V.
2030 4825 2330 4882 Moutlanc.
2368 4825 2514 4881 Bibl.
2567 4826 2809 4882 biblioth.
2853 4843 2978 4885 mss.
3023 4845 3080 4897 ρ..
3115 4830 3243 4892 188,
3293 4844 3418 4900 seq.
3451 4831 3520 4895 Ε,
3547 4849 3626 4888 τισι

331 4935 386 4989 p.
419 4919 546 4985 495,
583 4919 644 4975 ϐ.
677 4949 750 4960 -
797 4918 974 4975 Oxon.
1017 4918 1070 4973 in
1108 4917 1237 4972 bibl.
1298 4916 1506 4972 Bodlei.
1553 4919 1675 4972 eod.
1707 4919 1934 4974 Barocc.
1985 4915 2090 4972 148
2143 4915 2424 4985 Epistolis,
2476 4925 2642 4985 atque
2675 4917 2750 4970 ib.
2783 4917 2836 4970 in
2879 4917 3004 4972 cod.
3045 4919 3150 4974 Th.
3195 4919 3309 4975 Roe
3340 4920 3436 4984 28,
3491 4921 3610 4977 sine

332 5024 388 5061 n.
421 5006 548 5071 2'74,
581 5007 701 5062 Cat.
741 5023 874 5063 mss.
907 5005 1114 5076 Anglia;
1142 5006 1254 5061 vol.
1293 5005 1721 5075 [Christophori
1755 5003 2138 5068 Alexandrini,
2169 5001 2293 5058 Jobi
2321 5003 2582 5059 Antioch.
2611 5015 2668 5060 et-
2693 5004 2876 5061 Basilii
2909 5003 3181 5063 llicrosol.
3218 5009 3285 5063 ad
3325 5007 3606 5077 Theophi-

333 5095 444 5155 lum
481 5097 612 5166 imp.
638 5097 704 5149 de
736 5096 916 5152 sacris
938 5095 1306 5165 imaginibus:
1340 5094 1451 5151 inc.
1493 5094 1584 5165 Τῷ
1613 5097 1679 5148 ὲκ
1707 5093 1816 5148 τῶν
1865 5093 1922 5148 ἄν

2070 5110 2076 5138 ν
2128 5091 2301 5156 θείας.
2337 5118 2405 5131 -ι
2437 5091 2496 5146 lu
2525 5092 2648 5148 cod.
2676 5091 3020 5161 Mosquensi,
3066 5095 3388 5164 Christnph.
3423 5097 3612 5151 archi-
3654 5087 3659 5092 ⁷

332 5183 571 5253 epis-:opi
604 5185 762 5240 Alex.
789 5183 1014 5238 Oratio:
1051 5184 1160 5237 iuc.
1198 5183 1416 5246 Πάντας
1449 5182 1581 5252 μὲν,
1615 5183 1914 5253 ἀγαπητοὶ,

2012 5183 2078 5244 ὓς
2106 5179 2252 5234 κατὰ
2278 5180 2508 5252 καιροὺς
2538 5181 2842 5252 ἀρχιερεῖς.
2884 5181 2943 5236 γ.
2976 5182 3240 5248 lllattlnei,
3273 5182 3396 5238 Not.
3431 5185 3601 5240 codd.

331 5269 429 5326 Gr.
460 5270 629 5340 Mosq.
665 5288 716 5341 p.
759 5271 850 5325 50.
884 5300 954 5312 —-
983 5271 1191 5328 Monac.
1219 5270 1272 5324 in
1305 5271 1425 5324 cod.
1458 5269 1651 5324 Bavar.
1678 5271 1806 5325 2t9.
1852 5267 1912 5325 V.
1943 5269 2014 5325 cl.
2050 5269 2239 5324 llardt.
2271 5271 2323 5324 in
2358 5269 2567 5324 Aretini
2594 5268 2921 5341 Beytrdgen,
2955 5283 3060 5326 etc.
3095 5287 3145 5324 a.
3184 5271 3344 5334 1805,
3379 5283 3520 5344 part.
3548 5274 3584 5328 4

331 5373 386 5426 p.
423 5357 550 5412 569.
587 5357 802 5430 “ABL.]
837 5357 950 5413 Sub
978 5358 1265 5427 Theophili
1297 5358 1455 5414 Alex.
1490 5359 1713 5416 nomine
1761 5359 2074 5413 dissertatio
2118 5359 2234 5414 lnec
2269 5359 2342 5413 De
2387 5359 2610 5416 homine
2644 5359 2834 5416 Graece
2882 5370 2935 5415 et
2965 5361 3157 5416 Latine
3205 5362 3352 5417 edita
3387 5378 3416 5418 a
3465 5362 3601 5420 Fed.

332 5442 577 5510 Lini-cllo,
619 5443 797 5500 Paris.
859 5443 1021 5508 1608,
1057 5444 1110 5500 8.
1166 5444 1330 5500 Ελυιι.
1383 5444 1544 5500 Con‘l‘.
1611 5461 1800 5516 supra,
1834 5445 1940 5500 Vul.
1994 5445 2105 5510 Vll,
2151 5462 2206 5514 p.
2256 5446 2356 5500 108
2412 5462 2534 5516 seq.
2597 5449 2664 5502 de
2689 5449 2999 5517 Theophila
3051 5450 3352 5505 Alex-mir.
3391 5461 3444 5506 et
3480 5465 3605 5518 quas

331 5531 598 5602 ascripsi,
630 5531 896 5598 voLVlll,
931 5549 984 5601 p.
1023 5533 1114 5596 84,
1157 5550 1209 5588 n.
1239 5534 1295 5598 5,
1333 5541 1390 5588 et
1427 5533 1531 5588 vol.
1553 5533 1646 5597 IX,
1682 5549 1734 5602 p.
1763 5534 1890 5598 717,
1923 5551 1976 5587 η.
2002 5534 2096 5588 24.
2129 5567 2198 5575 -
2228 5535 2392 5590 Casei
2425 5535 2568 5590 llist.
2605 5538 2687 5590 lit.
2716 5535 2818 5592 SS.
2843 5536 2991 5592 Eccl.
3025 5537 3089 5602 ll,
3122 5539 3287 5610 p.25,
3311 5541 3444 5594 ada.
3470 5539 3603 5594 856.

329 5618 620 5676 —Oudin.
640 5619 844 5676 Connn.
873 5622 937 5675 de
961 5619 1065 5676 SS.
1089 5621 1234 5676 Eccl.
1265 5632 1395 5677 IOIII.
1431 5620 1494 5686 ll,
1516 5638 1568 5691 p.
1594 5624 1662 5676 67
1682 5637 1798 5691 seq.
1830 5623 1894 5676 ad
1917 5639 1970 5677 a.
2001 5624 2123 5678 850.
2151 5616 2401 5689 Saxium,
2424 5624 2478 5678 in
2507 5623 2698 5680 Onam.
2725 5624 2806 5680 lit.
2837 5637 2974 5695 part.
3011 5625 3075 5689 ΙΙ,
3105 5645 3156 5693 p.
3186 5628 3286 5682 108
3309 5628 3372 5683 ad
3396 5645 3446 5684 a.
3470 5628 3598 5691 834,

330 5707 424 5778 qui
455 5708 824 5780 citatquoque
856 5710 1003 5779 l’agii
1033 5710 1220 5765 Critia.
1252 5709 1449 5765 Βία-οη.
1478 5728 1528 5765 a.
1558 5711 1683 5773 855,
1720 5710 1782 5773 11,
1819 5726 1872 5779 p.
1913 5710 2053 5775 18ος
2083 5712 2177 5765 sed
2216 5720 2388 5775 notat,
2413 5726 2562 5774 eum,
2592 5713 3016 5768 Constantinam
3050 5714 3593 5787 l‘orphergenetam

333 5805 612 5866 secutum,
647 5797 882 5854 edidisse
917 5799 1369 5869 Chrismpborum
1399 5800 1829 5866 Antiochcnum,
1875 5814 1970 5871 pro
1996 5799 2382 5855 Alexandrino.
2418 5797 2589 5854 11Αιιι..
