4024 6430
351 441 485 508 1217

1176 449 1501 509 ΗΟΜΙΙᾸΑ
1558 449 1687 509 CUI
1729 450 1905 511 VITA
1946 451 2272 511 IIUfil.\N.\
2316 453 2435 511 SIT
2476 452 2786 514 SIMILIS.

3454 440 3615 519 '1213

347 557 458 628 γὰρ
483 556 585 627 τῆς
635 558 894 629 τοιαύ.ης
940 559 1106 630 τιμῆς
1150 560 1254 613 καὶ
1298 560 1579 630 βασιλείας
1604 561 1700 614 καὶ
1743 561 1937 614 πασῶν

2045 564 2295 631 princeps
2313 562 2551 618 omnium
2577 580 2700 631 qua:
2730 565 2941 618 interra
2968 565 3253 632 drgohnnl,
3276 566 3436 620 simul
3457 577 3617 632 atque

348 649 455 700 τῶν
486 648 646 702 θείων
666 650 884 720 δωρεῶν
923 653 981 705 ἐν
1025 653 1123 723 μιᾷ
1150 655 1289 724 ῥοπῇ
1336 651 1647 723 γυμνωθεὶς
1682 653 1930 718 ἐξέπεσε,

348 740 566 793 καὶτοῦ
589 741 923 812 παραδείσου
951 742 1229 816 ἐξόριστος
1273 744 1489 812 γέγονε,
1524 746 1622 797 καὶ
1654 747 1734 807 εἰς
1771 743 1933 814 βάθος

349 832 626 901 πτωχείας
654 834 749 887 καὶ
773 834 1153 907 ταλαιπωρίας
1184 836 1553 906 κατήντησεν.

2042 670 2211 707 unum
2251 666 2622 721 transgressus
2666 668 2749 707 est
2795 654 3130 718 mandatum,
3171 658 3423 710 omnibus
3470 657 3617 710 illirn

2042 742 2200 797 bonis
2227 745 2472 811 privatus
2518 757 2581 798 ac
2603 744 2899 799 destitutus
2922 744 3107 799 fuerit.
3148 745 3440 801 Enimvero
3467 747 3614 799 omni

2040 836 2274 903 pristino
2311 836 2521 889 honore.
2540 844 2594 888 et
2622 835 2850 904 imperio
2881 844 3043 905 atque
3073 838 3325 892 omnibus
3348 838 3507 892 donis
3534 837 3617 891 di-

348 924 493 977 vinis
532 939 640 978 uno
678 928 939 996 temporis
971 937 1248 983 momento
1289 930 1558 999 spoliatus
1606 930 1835 996 excidit,
1878 939 1933 984 et
2008 929 2263 998 paradiso
2317 928 2571 983 exclusus
2607 928 2905 993 exsulavit,
2948 939 3113 999 atque
3183 931 3237 983 in
3287 932 3614 1000 profundunt

350 1012 546 1083 inopia
581 1025 643 1070 et
670 1020 927 1074 terunmai
955 1020 1224 1091 gurgitem
1246 1020 1497 1076 incurrit.

367 1109 374 1116 '
420 1105 460 1157 Γ
462 1112 494 1159 ⁸.
530 1106 699 1162 Ὅταν
719 1104 811 1164 οὖν
831 1110 896 1164 10
915 1110 974 1165 ἓν
1000 1114 1255 1183 πταῖσμα
1277 1113 1378 1182 τῆς
1404 1114 1694 1187 παρακοῆς
1725 1114 1935 1169 ἐκείνου

350 1200 648 1272 συγκρίνας
681 1204 797 1268 τοῖς
851 1205 1252 1277 ἀναριθμήτοις
1295 1206 1459 1277 ήμῶν
1506 1207 1930 1278 ἁμαρτήμασιν,

345 1290 657 1363 ἀπογνώσει
694 1292 1005 1366 Βυεδίζομαι.
1040 1296 1208 1351 Ὅταν
1231 1295 1292 1350 δὲ
1317 1297 1399 1359 εἰς
1444 1295 1683 1361 τάκριτὰ
1713 1295 1807 1349 τὸν
1837 1296 1934 1368 λῃ-

349 1384 487 1454 στὴν
513 1386 603 1445 τὸν
635 1383 762 1438 νοῦν
797 1387 1078 1455 ἐπανάγω,
1129 1388 1226 1440 καὶ
1251 1386 1368 1456 γνῶ
1397 1388 1484 1441 ὅτι
1508 1388 1577 1440 διῗ
1626 1387 1744 1451 ἑνὸς
1773 1386 1933 1455 λόγου

350 1475 647 1542 σέσωσται,
682 1477 1114 1549 ἐξαλειφθὲντων
1155 1480 1322 1533 αὐτοῦ
1363 1481 1585 1535 πάντων
1621 1480 1728 1534 τῶν
1757 1482 1935 1550 ἁμαρ-

346 1568 633 1640 τημάτων,
665 1570 931 1643 ἀναψύχω
979 1575 1045 1643 τῇ
1090 1572 1411 1637 ὲλπίὸι,,καὶ
1436 1564 1763 1644 προστρέχω
1796 1588 1934 1642 προ-

350 1658 541 1730 θύμως
563 1663 628 1733 τῇ
656 1662 937 1735 μετανοίᾳ’
959 1663 1148 1739 ἐπειδὴ
1166 1665 1375 1729 ἐκεῖνος
1391 1664 1471 1734 τῷ
1486 1664 1633 1737 ἔργῳ
1650 1665 1931 1728 πέπτωκε,

350 1754 446 1805 καὶ
473 1747 625 1815 οὗτος
653 1752 720 1806 δι’
749 1753 868 1818 ἐνὸς
893 1754 1053 1825 λόγου
1084 1757 1380 1815 σέσωσται.
1420 1756 1659 1819 Ἐκεῖνος
1680 1755 1935 1825 θαύματα

2109 1111 2198 1166 lll.
2229 1112 2460 1166 Proinde
2482 1127 2606 1169 cum
2631 1129 2795 1167 unum
2818 1113 2963 1168 illius
3001 1113 3381 1170 inobedientiaa
3407 1114 3615 1186 lapsum

2037 1215 2161 1254 cum
2197 1201 2501 1255 innumeris
2541 1202 2738 1257 erratis
2795 1204 3001 1259 nostris
3027 1218 3315 1274 compono,
3355 1207 3615 1276 despera-

2038 1292 2198 1345 tionis
2223 1292 2517 1361 itntnet‘gor
2554 1293 2769 1362 pelago.
2797 1277 3002 1350 Verum
3033 1299 3249 1364 quando
3268 1297 3509 1351 animum
3550 1297 3618 1351 ad

2037 1401 2101 1440 ea
2153 1399 2274 1452 qua;
2321 1383 2517 1439 latroni
2576 1386 2901 1440 acciderunt
2937 1386 3159 1451 reduco,
3204 1397 3259 1441 et
3321 1388 3444 1442 novi
3492 1404 3617 1441 eum

2040 1475 2201 1531 unica
2233 1474 2574 1529 oratiuncula
2608 1485 2882 1530 servatum
2929 1490 3074 1541 esse,
3108 1478 3362 1534 omnibus
3384 1478 3502 1545 ejus
3532 1496 3618 1535 er-

2041 1567 2175 1622 ratis
2212 1566 2427 1633 deletis,
2455 1582 2548 1636 spe
2584 1566 2822 1633 relictor,
2856 1578 2914 1623 et
2946 1568 3206 1624 alacriter
3242 1572 3308 1625 ad
3345 1573 3618 1641 pteniteu-

2045 1659 2172 1713 tiam
2211 1673 2470 1725 recurro;
2525 1660 2960 1728 quandoquidem
3005 1660 3095 1714 ille
3136 1661 3207 1716 ob
3235 1661 3435 1717 factum
3469 1666 3620 1718 ceci-

2041 1750 2228 1817 derat;
2263 1751 2349 1805 hic
2400 1751 2560 1804 etiam
2608 1766 2704 1821 per
2735 1751 2939 1805 dictum
2996 1767 3162 1806 unum
3193 1761 3441 1810 servatus
3485 1766 3564 1810 cst
3602 1772 3618 1810 :

350 1845 569 1910 ἐξαίσια
600 1841 729 1913 εἶδε,
762 1849 856 1903 καὶ
883 1850 1234 1922 παρήκουσεν
1257 1866 1272 1881 ο
1296 1842 1455 1913 0010;
1490 1849 1643 1903 οὐδὲν
1683 1845 1851 1912 οἶδεν,
1883 1848 1931 1900 εἰ

2037 1842 2126 1897 ille
2166 1843 2430 1897 miracula
2471 1844 2736 1921 stupenda
2784 1842 3015 1906 viderat,
3053 1853 3108 1897 et
3159 1844 3441 1900 inobediit.
3513 1845 3611 1902 llic

353 1938 435 2010 μὴ
459 1937 818 2010 τὸνΧριστδν
850 1940 955 2011 καὶ.
978 1941 1167 2009 τοῦτον
1194 1943 1637 2011 ἐσταυρωμένον,
1673 1941 1768 1994 καὶ
1808 1942 1928 2011 ήτι-

353 2030 636 2102 μωμένον,
659 2033 752 2086 καὶ
780 2034 1073 2087 ἐπίστευσε
1099 2050 1112 2064 ·
1150 2033 1285 2086 πολὺ
1313 2028 1407 2086 οὖν
1422 2031 1494 2085 πὸ
1521 2032 1805 2103 διάφορον,
1833 2031 1932 2086 καὶ
1978 2084 1989 2101 κ

347 2124 452 2193 τῆς
481 2123 725 2195 ἰσότητος
752 2125 815 2177 10
839 2126 1049 2189 ἄνισον,
1074 2126 1234 2181 νόσου
1261 2125 1440 2197 ψυχῆς
1464 2127 1558 2179 καί
1586 2129 1839 2195 σώματος
1870 2124 1932 2177 10

346 2216 643 2287 ἀνόμοιον·
680 2217 740 2270 οὐ
799 2218 911 2291 γὰρ
953 2214 1099 2289 εἶχεν
1144 2219 1339 2290 ἑτέραν
1382 2218 1585 2291 ἀρετὴν
1632 2220 1661 2271 ὁ
1703 2217 1929 2291 λῃστὴς,

326 2302 399 2360 ἐἰ
436 2306 511 2379 μὴ
540 2308 601 2361 τὸ
638 2308 813 2362 εἰπεῖν
841 2309 937 2362 καὶ
968 2309 1153 2381 μόνον,
1185 2308 1506 2379 Μνήσθητί
1544 2326 1693 2381 μου,
1729 2309 1927 2376 Κύριε,

347 2401 421 2454 ἐν
467 2399 545 2468 τῇ
574 2401 865 2470 βασιλείᾳ
895 2416 1034 2457 σου.
1086 2403 1244 2456 Ὅσοι
1264 2398 1357 2456 οὐν
1406 2401 1643 2472 Χριστοῦ
1692 2400 1934 2472 μαθηταὶ

346 2493 521 2559 ὀντες,
548 2494 984 2566 συγκληρονόμοι
1013 2493 1179 2548 αὐτοῦ
1205 2493 1463 2563 γενέσθαι
1483 2493 1757 2557 ἐλπίζετε,
1777 2493 1934 2560 ἀγω-

346 2583 574 2637 νὲτασθε
605 2584 863 2655 τοιαύτην
894 2586 1080 2640 πίστιν
1107 2585 1276 2656 ἔχειν,
1314 2584 1410 2638 καὶ
1440 2582 1686 2638 εὐσεϐῶν
1716 2579 1933 2661 τρόπων

347 2677 491 2747 ἔργα
516 2676 969 2749 διαπράττεσθαι.
1000 2679 1119 2742 Πᾶς
1153 2677 1263 2749 γὰρ
1290 2676 1578 2747 ἅνθρωπος
1611 2674 1933 2745 βαπτισθεὶς

345 2769 432 2833 εἰς
464 2768 707 2842 Πατέρα,
746 2770 841 2823 καὶ
881 2770 1029 2833 Υἰὸν,
1066 2770 1161 2824 καὶ
1193 2769 1348 2838 ἅγιον
1385 2766 1633 2837 Πνεῦμα,
1695 2766 1788 2820 καὶ
1833 2766 1933 2837 τῆς

351 2860 504 2924 θείας
532 2861 820 2926 κοινωνίας
848 2860 1179 2932 μεταλαϐεῖν
1198 2859 1482 2927 ἀξιωθεὶς,
1518 2859 1579 2913 οὐ
1606 2857 1758 2927 λέγει
1782 2855 1934 2928 αὐτῷ

349 2949 415 3006 10
438 2952 592 3022 ἆγιον
614 2952 947 3022 Εὐαγγέλιον
964 2966 977 2982 '
1005 2953 1098 3021 Μὴ
1113 2952 1399 3024 ἀδικήσῃς,
1421 2949 1498 3021 μὴ
1527 2948 1763 3022 portion;
1781 2948 1925 3003 τινά.

364 3040 526 3109 Ἀλλὰ
550 3043 601 3097 τί
617 3041 795 3113 λέγει;
816 3044 1083 3099 Ἄκουσον
1100 3060 1113 3073 ·
1142 3043 1268 3097 Ἐὰν
1290 3044 1581 3114 ἀδικηθῇς,
1602 3042 1896 3113 ὑπόμεινον
1914 3057 1929 3073 ·

361 3133 503 3189 Ἐάν
524 3151 616 3200 τις
648 3134 886 3203 pruriam
915 3136 1042 3203 τὴν
1071 3132 1277 3200 δεξιάν
1302 3147 1420 3188 σου
1458 3133 1734 3202 σιαγόνα,
1759 3130 1933 3201 στρέ-

340 3227 475 3297 ψον
497 3222 659 3292 αὐτῷ
685 3224 785 3280 καί
827 3225 940 3295 τὴν
980 3225 1213 3298 ἀλλην·
1248 3225 1359 3279 ἐάν
1408 3227 1498 3293 τίς
1528 3240 1602 3280 σε
1632 3225 1933 3296 ἀΠαρεύῃ

343 3314 558 3387 μίλιον
585 3315 676 3385 ἐν,
710 3318 904 3389 ὕπαγε
924 3317 1056 3374 δύο.
1094 3317 1281 3374 Ταῦτα
1317 3317 1472 3389 παρὰ
1499 3317 1596 3371 τοῦ
1630 3318 1933 3389 ὁμοπίστου

350 3411 648 3480 ὑπομεῖναι
675 3409 851 3474 οὐδεὶς
888 3409 998 3464 τῶν
1029 3410 1376 3481 Χριστιανῶν
1396 3410 1779 3481 καταδέχεται.
1817 3410 1935 3480 Ἀφ’

349 3495 414 3554 οὖ
437 3492 509 3555 δεῖ
534 3500 770 3572 ἐπῆλθεν
803 3501 935 3575 ημῖν
963 3503 991 3556 ό
1019 3501 1377 3574 βαρύςρζυγὸς
1406 3501 1517 3555 τῶν
1548 3500 1933 3574 Ἰσμαηλιτῶν,

350 3576 775 3664 κατεδεξάμεθα
792 3592 1000 3647 τούτων
1043 3593 1324 3666 βαρύτερα
1361 3576 1674 3659 ἀκούοντες,
1731 3592 1824 3661 καὶ
1858 3591 1934 3663 μὴ

349 3684 670 3756 βουλόμενοι
705 3687 1000 3759 ὑπομεῖναι
1028 3703 1042 3717 ο
1070 3689 1129 3741 εἰ
1167 3686 1277 3759 γὰρ
1308 3687 1679 3759 ὐπομένοιμεν
1707 3684 1935 3740 τοιαῦτα

347 3773 457 3829 ὑπὸ
484 3775 594 3829 τῶν
618 3777 953 3849 ὀμοπίστων.
979 3777 1203 3833 πλείονα
1225 3779 1292 3832 ἂν
1330 3779 1523 3846 μισθὸν
1541 3778 1783 3850 ἔχοιμεν.
1809 3778 1933 3831 Ὅτι

338 3858 678 3941 Χριστιανὸς
709 3870 805 3925 ἐὰν
837 3870 1074 3944 ἀδικήσῃ
1117 3869 1262 3936 τινὰ,
1311 3869 1549 3941 τριπλῆν
1581 3869 1679 3942 τὴν
1727 3869 1934 3941 ζημίαν

347 3960 615 4033 ὑπομένει
640 3979 654 3993 ο
686 3963 808 4017 οὐδὲ
835 3962 946 4036 γὰρ
994 3963 1053 4017 10
1082 3962 1339 4034 δεύτερον
1391 3963 1645 4035 ῥάπισμα
1691 3960 1932 4032 δέχεται,

343 4052 464 4108 ἀλλ’
496 4053 657 4119 αὐτὸς
687 4053 847 4110 ἄλλον
875 4054 1135 4125 ἀδικῆσαι
1162 4053 1360 4126 τολμᾷ.

344 4144 655 4199 mercedem
705 4161 720 4199 :

780 4145 910 4214 quia
973 4144 1018 4199 si
1081 4132 1241 4215 quem
1296 4143 1643 4199 Christianus
1687 4141 1914 4210 lzeserit,
1971 4142 2241 4213 triplicem
2287 4142 2525 4198 sustinet
2598 4142 2821 4199 multam
2882 4164 2896 4199 :

2038 1934 2170 1987 nihil
2200 1943 2442 1999 noverat,
2472 1934 2577 1988 nisi
2607 1933 2910 1997 Christum,
2960 1942 3016 1989 et
3065 1949 3188 1989 eunt
3221 1937 3371 1991 cruci
3398 1936 3615 1991 axnm

2034 2025 2434 2096 ignominiaque
2460 2024 2710 2081 allectum
2741 2026 2785 2088 ²,
2805 2035 2858 2079 et
2883 2012 3133 2080 credidit.
3173 2026 3424 2098 Magnum
3455 2030 3619 2099 igitur

2035 2118 2326 2172 discrimen
2378 2127 2462 2172 est
2520 2116 2888 2203 aequalitatis,
2937 2117 3020 2171 vis
3075 2116 3389 2187 intequalis,
3442 2123 3613 2176 animi

2034 2211 2208 2264 morbi
2232 2218 2288 2264 et
2312 2209 2559 2278 corporis
2582 2208 2898 2264 dissimilis:
2922 2223 3099 2278 neque
3123 2211 3265 2266 enim
3281 2213 3386 2267 alia
3416 2216 3615 2267 virtute

2018 2298 2174 2361 ,latro
2208 2300 2307 2354 fuit
2347 2301 2626 2369 praeditus,
2672 2300 2776 2355 nisi
2811 2301 2957 2369 quod
3008 2302 3229 2367 dixerit,
3289 2304 3464 2361 solum
3514 2309 3616 2360 hoc

2036 2392 2320 2457 duntaxat,
2343 2391 2601 2447 Memento
2633 2394 2756 2458 mei,
2790 2391 3030 2459 Domine,
3061 2393 3115 2447 in
3136 2410 3291 2463 regno
3310 2406 3401 2463 tuo
3426 2397 3617 2464 ³.(ὶυί-

2036 2498 2250 2553 cunque
2276 2499 2430 2554 ergo,
2465 2485 2715 2560 discipuli
2751 2487 2956 2541 Christi
3008 2502 3132 2542 cum
3161 2490 3303 2555 sitis,
3334 2492 3497 2547 etiam
3529 2510 3620 2548 eoo

2036 2575 2279 2631 hmrcdes
2303 2578 2421 2647 ejus
2436 2576 2560 2649 .licri
2595 2564 2859 2659 speratis,
2882 2589 2943 2641 ut,
2970 2579 3057 2634 tali
3085 2580 3191 2643 llde
3221 2583 3345 2641 sitis
3382 2586 3616 2653 praediti,

2036 2668 2369 2733 contendite,
2393 2678 2449 2723 et
2474 2671 2939 2739 mornmplornm
2976 2687 3146 2741 opera
3177 2684 3455 2743 praestate.
3492 2676 3620 2732 Ete-

2022 2760 2148 2823 Διιὶιιι
2181 2760 2604 2829 omnisinstrali
2638 2761 2986 2833 baptismatis
3023 2780 3162 2834 aqua
3192 2766 3395 2825 tinctus
3436 2769 3487 2824 in
3517 2786 3618 2824 no-

2036 2858 2181 2909 mine
2205 2852 2405 2921 Palris,
2440 2864 2494 2909 et
2515 2852 2639 2911 Filii
2661 2893 2678 2920 ,
2714 2865 2771 2910 et
2801 2855 3039 2927 Spiritus
3077 2858 3254 2915 sancti
3282 2877 3297 2925 ;
3330 2868 3384 2915 et
3424 2863 3620 2918 divina

2036 2945 2445 3000 communionis
2483 2947 2912 3016 participatione
2967 2949 3267 3004 honoratus
3296 2991 3314 3017 ,
3357 2953 3618 3029 patientia

2036 3035 2340 3093 instructus
2390 3052 2513 3093 esse
2549 3039 2707 3093 debet
2737 3055 2753 3092 :
2787 3041 3056 3110 siquidem
3090 3052 3341 3101 sanctum
3368 3043 3619 3116 Evangno

2036 3125 2166 3182 lium
2201 3143 2307 3183 non
2360 3128 2530 3185 dicit:
2573 3128 2654 3184 Ne
2693 3129 2947 3199 injuriatn
2977 3132 3181 3189 inferas
3210 3150 3224 3187 :
3260 3150 3329 3189 ne
3355 3135 3620 3205 impingas

2036 3221 2268 3290 alapam.
2310 3219 2448 3279 Non.
2492 3222 2693 3278 Verum
2741 3223 2869 3292 quid
2928 3223 3049 3277 ait?
3100 3226 3238 3279 Audi
3280 3240 3295 3279 :
3333 3227 3391 3280 Si
3420 3228 3620 3296 injuria

2034 3310 2198 3367 liesus
2233 3311 2425 3377 fueris,
2459 3311 2649 3379 sulfer,
2687 3326 2873 3383 patere
2905 3331 2918 3367 :
2975 3315 3039 3370 Si
3079 3316 3197 3386 quis
3234 3326 3282 3369 le
3303 3321 3617 3385 percusserit

2033 3402 2088 3456 in
2118 3403 2387 3456 dexteram
2440 3402 2720 3461 maxillam
2770 3414 2940 3471 tuam,
2975 3407 3150 3476 pra'be
3178 3408 3258 3461 illi
3292 3418 3343 3463 et
3369 3409 3617 3469 alterum.

2035 3490 2095 3548 Si
2120 3495 2236 3563 quis
2274 3504 2321 3547 te
2355 3496 2710 3565 angariaverit
2745 3496 2889 3553 mille
2937 3514 3148 3568 passus,
3208 3502 3338 3556 uade
3370 3518 3487 3557 cum
3526 3503 3620 3561 illo

2034 3594 2083 3640 et
2113 3586 2220 3643 alia
2263 3586 2368 3641 duo
2390 3585 2432 3641 ⁴⁵.
2494 3588 2657 3657 Atqui
2694 3589 2906 3665 haecab
2960 3589 3200 3659 ejusdem
3245 3594 3367 3648 lidei
3414 3594 3622 3651 cultore

2042 3679 2276 3751 perpeti,
2311 3680 2491 3735 nullus
2540 3679 2980 3736 Christianorum
3032 3684 3622 3749 adiuittit.,Verumex

2028 3754 2141 3844 quo
2171 3782 2411 3844 tempore
2445 3775 2818 3849 gravejngum
2855 3772 3248 3833 lsmaelitarum
3281 3794 3380 3833 nos
3403 3794 3623 3851 Oppres-

2034 3867 2128 3934 sit,
2177 3865 2565 3937 hisgraviora
2613 3865 2926 3931 admittere,
2966 3868 3172 3933 audire,
3232 3878 3286 3925 et
3347 3870 3428 3925 vel
3463 3873 3619 3927 inviti

2035 3957 2266 4014 tolerare
2285 3960 2553 4029 cogimur.
2588 3957 2802 4015 Etenim
2841 3957 2888 4013 si
2921 3958 3036 4015 haec
3074 3971 3390 4028 pateremur
3430 3964 3498 4019 ab
3528 3966 3617 4031 iis,

2033 4050 2127 4121 qui
2162 4051 2410 4107 eamdem
2441 4051 2629 4106 colunt
2678 4050 2873 4118 iidem,
2934 4050 3197 4119 majorem
3247 4055 3618 4113 obtineremus

2957 4160 3065 4200 non
3121 4146 3267 4200 enim
3318 4150 3617 4203 secundum

341 4235 631 4307 colaphum
666 4238 925 4305 admittit,
960 4239 1054 4295 sed
1089 4242 1202 4308 ipse
1228 4238 1454 4293 alterum
1486 4238 1683 4309 injuria
1709 4236 1923 4294 allicere
1961 4237 2145 4294 audet.

417 4333 491 4386 Δ’.
521 4331 616 4384 Δεῖ
640 4324 735 4386 οὖν
767 4331 951 4386 πάντα
973 4318 1303 4415 Χριστιανὸν
1324 4331 1418 4385 ἐπὶ
1451 4332 1635 4386 πᾶσαν
1651 4330 1929 4403 ἁμαρτίαν

2110 4329 2201 4387 1V.
2246 4312 2515 4398 Quocirca
2584 4344 2683 4399 par
2757 4338 2841 4386 est
2905 4329 3274 4386 Christianum
3315 4332 3384 4387 oh
3429 4350 3617 4390 unum.

342 4426 584 4479 πάντοτε
614 4428 903 4495 μετανοεῖν
932 4425 1012 4497 τῷ
1040 4422 1163 4496 Θεῷ
1209 4424 1472 4503 γνησίως,
1509 4422 1619 4493 πρὸ
1648 4422 1746 4493 τῆς
1782 4422 1930 4476 ἀπα-

2035 4424 2290 4494 quodque
2355 4431 2637 4491 erratum,
2700 4422 3076 4494 pmnitentiam
3131 4440 3238 4479 non
3292 4425 3415 4481 ficte
3474 4430 3616 4497 apud

338 4518 609 4589 ραιτήτου
645 4517 978 4588 ἀποφάσεως
1007 4516 1103 4571 τοῦ
1124 4517 1382 4589 θανάτου,
1416 4516 1517 4589 καὶ
1549 4515 1626 4587 μὴ
1653 4513 1935 4587 πλανηθῆ-

332 4613 526 4682 _v1t1ij
558 4610 748 4682 ἀπάτῃ
772 4594 1020 4681 τούβίου
1050 4610 1271 4666 τούτου.
1305 4607 1585 4680 Ὤμοιώθη
1621 4608 1731 4680 γὰρ
1757 4609 1792 4679 ή
1818 4604 1934 4680 ζωή

342 4704 505 4777 ήμῶν
536 4707 597 4759 ὲν
632 4704 767 4776 τῷδε
790 4704 868 4775 τῷ
901 4703 1003 4777 βίῳ
1031 4703 1309 4775 ἀνθρώπῳ
1336 4703 1627 4775 οἰκήσαντι
1665 4702 1723 4753 ἐν
1770 4701 1931 4773 αὐλῇ,

345 4794 490 4867 μετὰ
517 4793 615 4864 τῆς
642 4794 782 4859 ἰδίας
810 4793 1074 4863 γυναικὸς
1102 4794 1199 4848 καὶ
1248 4791 1582 4864 μονογενοῦς
1616 4790 1811 4845 τέκνου
1839 4789 1934 4844 καὶ

340 4884 533 4955 δούλου
565 4886 682 4950 ἑνός
706 4900 720 4915 ·
754 4887 813 4939 ἐν
845 4881 879 4960 ᾗ
914 4884 1053 4957 αὐλῇ
1088 4880 1155 4957 ἦν
1177 4884 1303 4954 ὄφις
1327 4882 1733 4955 θανατηφόρος.
1792 4881 1851 4935 Ὀ
1874 4878 1933 4935 δὲ

338 4977 633 5049 ἄνθρωπος
684 4978 896 5047 ἐκεῖνος
951 4974 1198 5040 ἀκούσας
1244 4968 1376 5049 παρ’
1440 4971 1619 5029 ἄλλων
1669 4972 1753 5025 ὃτι
1807 4970 1930 5040 ὖφις

340 5064 551 5132 ἐκεῖνος
578 5069 712 5141 ¹τοὺς
740 5054 1166 5140 εἰσερχομένους
1214 5065 1296 5131 εἰς
1344 5065 1445 5138 τὴν
1500 5063 1672 5135 αὐλὴν
1710 5061 1931 5133 ἐκείνην

340 5158 453 5214 ἀπὸ
471 5157 673 5229 γενεῶν
690 5158 936 5230 ἀρχαίων
960 5157 1206 5225 θανατοῖ,
1234 5155 1520 5228 ὤφειλενή
1542 5157 1605 5211 ὲκ
1634 5158 1731 5228 τῆς
1755 5152 1932 5225 αὐλῆς

336 5251 564 5323 «ἐκείνης
586 5243 851 5319 ἐξελθεῖν,
878 5250 912 5323 ἢ
938 5250 1030 5306 10v
1060 5250 1184 5323 ὅφιν
1197 5251 1548 5314 ἀποκτεῖναι,
1569 5249 1819 5303 τουτέστι
1836 5247 1928 5300 10v

340 5342 576 5413 δαίμονα
607 5342 710 5413 τῆς
741 5342 1110 5414 φιλαργυρίας
1164 5341 1262 5397 καὶ
1308 5341 1408 5412 τῆς
1459 5340 1783 5411 ἐπιθυμίας.
1814 5339 1928 5394 Καὶ

337 5436 493 5505 ὅμως
522 5434 693 5489 ἐλθὼν
726 5434 821 5489 τοῦ
841 5436 1159 5489 ἀποκτεῖναι
1198 5434 1291 5487 τὸν
1320 5433 1469 5503 ὅφιν,
1495 5425 1658 5504 εὗρεν
1706 5432 1925 5506 ἔμπρο-

344 5528 471 5582 σθεν
510 5527 680 5582 αὐτοῦ
707 5527 768 5582 10
794 5528 1039 5598 νόμισμα
1063 5524 1377 5596 ὁλόϐρυζον,
1420 5527 1518 5583 καὶ
1559 5523 1743 5578 λαϐὼν
1794 5522 1928 5576 αὐτὸ

343 5616 522 5687 εἶπεν,
559 5622 642 5675 ὅτι
686 5623 752 5676 Εἰ
778 5620 973 5693 ἤθελεν
1004 5621 1328 5674 ἀποκτεῖναι
1353 5619 1500 5691 ημᾶς
1530 5618 1561 5670 ὁ
1594 5616 1718 5686 ὄφις
1745 5610 1923 5682 οὗτος,

341 5715 441 5768 οὐκ
472 5713 539 5767 ἂν
569 5714 630 5767 10
658 5715 902 5785 νόμισμα
935 5712 1095 5766 τοῦτο
1134 5713 1268 5783 ἡμῖν
1313 5711 1547 5765 ἔδωκεν
1578 5709 1675 5764 καὶ
1722 5708 1925 5781 ἐχάρη,

2033 4517 2203 4572 Deum
2229 4531 2391 4583 agere
2432 4524 2559 4569 ante
2608 4516 2937 4572 sententiam
2981 4516 3047 4570 de
3076 4515 3400 4573 inexorabili
3443 4531 3615 4575 morte

2032 4608 2399 4672 cnuntiatam,
2438 4616 2493 4660 et
2521 4620 2626 4660 non
2659 4619 2849 4661 errore
2889 4605 3014 4661 vita:
3043 4607 3204 4676 hujus
3233 4609 3448 4665 abduci.
3484 4608 3614 4665 Ete-

2033 4696 2144 4751 nim
2187 4695 2315 4751 vita.
2349 4703 2536 4753 nostra
2584 4695 2780 4749 similis
2825 4694 3017 4750 eﬂecta
3069 4708 3154 4752 est
3207 4699 3259 4753 in
3317 4701 3419 4756 hoc
3476 4718 3615 4771 :nvo,

2032 4788 2243 4845 homini
2292 4786 2384 4858 qui
2434 4787 2657 4842 incoluit
2690 4790 2833 4843 mdes
2877 4804 3003 4844 cum
3041 4805 3210 4846 uxore
3254 4808 3377 4857 sua,
3414 4804 3469 4848 et
3496 4798 3620 4850 uni-

2033 4866 2199 4953 gena
2229 4878 2362 4947 lilio,
2413 4890 2578 4950 atque
2628 4895 2736 4936 uno
2791 4881 2993 4936 fauiulo
3027 4898 3039 4937 :
3074 4883 3125 4937 in
3179 4886 3378 4952 quibus
3411 4886 3619 4943 aedibus

2033 4988 2265 5044 serpens
2295 4983 2414 5047 erat
2440 4971 2676 5028 lethil'er.
2696 4971 2797 5028 Vir
2830 4973 2921 5028 ille
2947 4989 3069 5029 cum
3104 4974 3173 5029 ab
3203 4977 3326 5032 aliis
3352 4978 3616 5047 audisset,

2034 5046 2342 5134 serpentem
2374 5064 2539 5123 islntn
2570 5064 2937 5138 ingredientes
2968 5067 3185 5121 domum
3206 5068 3354 5123 illam
3380 5073 3619 5139 apriscis

2045 5153 2263 5221 seculis
2309 5168 2563 5221 enecare,
2594 5157 2785 5211 debuit
2817 5167 2911 5211 ant
2952 5173 3014 5212 ex
3051 5158 3137 5223 illa
3188 5158 3352 5215 domo
3406 5166 3617 5234 egredi,

2036 5260 2130 5301 aut
2185 5262 2417 5318 anguem
2460 5246 2794 5312 interficere,
2850 5248 3052 5304 malum
3101 5251 3354 5307 videlicet
3400 5256 3618 5324 genium

2031 5339 2275 5394 avaritiae
2296 5349 2351 5394 et
2382 5339 2625 5395 libidinis
2655 5349 2933 5395 :attamcn
2961 5341 3240 5411 prolectus
3271 5345 3338 5400 ad
3364 5348 3617 5402 occiden-

2030 5429 2157 5484 dum
2192 5439 2524 5500 serpentem,
2559 5429 2769 5485 inVenit
2812 5442 2937 5486 autc
2979 5432 3147 5502 pedes
3182 5448 3312 5489 suos
3347 5438 3617 5491 nomisma

2028 5536 2061 5577 e
2093 5538 2227 5591 puro
2271 5523 2555 5592 solidoque
2604 5538 2771 5588 auro;
2818 5522 2921 5577 hoc
2973 5540 3196 5579 nmmno
3242 5537 3469 5597 accepto
3507 5544 3521 5583 :
3559 5529 3617 5583 Si

2030 5615 2215 5681 vellet,
2269 5615 2469 5686 inquit,
2508 5615 2766 5671 occidere
2823 5632 2922 5674 nos
2968 5617 3057 5673 hic
3091 5618 3302 5689 anguis,
3343 5620 3621 5688 haudqua-

2030 5721 2189 5775 quam
2236 5706 2378 5761 istud
2410 5706 2681 5762 nuntisnta
2736 5708 2893 5764 nobis
2923 5708 3073 5764 daret
3104 5729 3116 5765 :
3143 5720 3198 5764 et
3243 5711 3440 5779 gaudio
3488 5712 3618 5765 deli-

419 5876 439 5904 ²
472 5872 486 5926 Ι
520 5873 646 5927 Cur.
683 5888 753 5939 tt,
783 5871 838 5928 ἓ.
916 5873 935 5903 ³
959 5871 1087 5927 Luc.
1124 5887 1282 5937 xxiii,
1309 5871 1397 5925 4:2.
1479 5870 1498 5901 ⁸
1530 5869 1724 5927 Matth.
1755 5869 1897 5935 ι’,ὄῦ
1961 5862 2047 5915 “-
