4024 6412
542 358 678 424 Ῑὶὲὂ

1474 356 2046 419 CIIllISTOPHORI
2084 357 2600 419 PATRIARCHE
2643 354 2864 414 ALEX.

3641 354 3747 421 1:735

535 472 759 529 vexatio
790 470 859 524 ob
888 478 1181 523 mortumn.
1213 464 1382 521 llodie
1422 465 1611 520 lietnns
1636 475 1703 520 et-
1734 480 2028 520 ttimretnns
2053 480 2111 519 ac

2219 467 2355 534 ἡμῖν
2403 465 2534 535 περὶ
2593 462 2689 517 τοῦ
2748 461 2966 533 νεκροῦ.
3037 461 3289 534 Σήμερον
3342 461 3756 540 ἀπαραμυθήτως

535 566 805 631 lugemtts,
860 561 1003 615 nulla
1033 558 1406 614 consolatione
1448 557 1729 620 adhibita,
1770 566 1825 611 et
1873 557 2114 610 crastina

535 656 625 710 die
673 658 744 708 ita
787 650 965 707 all‘ecti
1013 666 1244 716 sumus,
1279 649 1435 719 quasi
1478 648 1813 703 immortales
1844 662 2113 705 essemus.

610 744 698 797 IX.
741 743 844 798 Sed
873 741 1016 797 unde
1043 742 1286 809 digressa
1311 749 1416 804 est,
1441 753 1507 793 eo
1529 738 1717 797 redeat
1745 739 1959 801 oratio;
1986 738 2116 805 quia

534 854 620 898 ea,
649 852 769 906 qua:
804 843 990 889 secuta
1025 843 1151 888 sunt
1174 872 1189 895 ,
1240 832 1422 887 dicere
1466 844 1841 900 properamus.
1878 826 2115 882 lutuitus

535 930 624 983 ille
667 929 834 982 lilium
877 941 1036 979 suum
1091 924 1462 994 lacrymarum
1494 921 1604 973 vim
1639 917 2032 984 effundentem,
2059 926 2115 973 et

535 1019 707 1086 patris
762 1015 1022 1069 auxilium
1056 1012 1463 1083 implorantem.
1494 1009 1737 1064 medicos
1769 1009 2111 1071 convocavit,

533 1115 713 1181 iisque
760 1108 1029 1179 promittit
1062 1122 1147 1171 se,
1192 1103 1456 1175 quidquid
1507 1102 1797 1172 petiissent
1836 1101 2111 1165 daturum,

528 1207 578 1261 si
607 1206 823 1274 quidem
862 1201 1030 1255 ﬁlium
1075 1208 1333 1255 eruerent
1360 1197 1433 1253 ab
1470 1196 1693 1251 interitu
1732 1203 1833 1249 :at
1859 1194 1958 1258 illi,
1986 1207 2113 1249 cum

531 1297 762 1351 multum
803 1294 1166 1356 laborassem,
1217 1289 1353 1344 nihil
1404 1287 1772 1357 profuerunt:
1809 1302 1931 1345 mox
1981 1299 2116 1355 ergo

533 1390 676 1443 titius
721 1387 953 1450 interiit,
985 1394 1041 1438 et
1084 1392 1237 1452 pater
1276 1380 1494 1445 dolens,
1529 1378 1963 1435 asseveraritse
2004 1392 2114 1433 non

531 1479 927 1552 permissurum
959 1488 1017 1531 ιιι
1042 1491 1270 1545 serpens
1299 1475 1504 1530 viveret
1534 1474 1870 1542 :Quousqne
1894 1473 2114 1531 tandem

532 1572 829 1641 nteipsum,
862 1569 1058 1638 inquit,
1092 1568 1272 1636 inepte
1302 1565 1556 1620 deludam
1594 1565 1881 1633 insipiens,
1915 1573 1972 1619 et
2005 1577 2115 1618 non

528 1662 930 1719 exsecrandum
982 1675 1214 1731 anguem
1270 1658 1617 1723 interficiant,
1658 1658 1987 1726 priusquam
2024 1668 2116 1711 me

2217 554 2484 625 κλαίομεν
2546 555 2644 607 καὶ
2671 552 2977 625 ὀδυρόμεθα
2992 552 3439 625 καὶιθρηνοῦμεν,
3464 561 3557 612 καὶ
3593 558 3758 617 αὔριον

2216 646 2476 699 ἀθάνατοι
2501 640 2847 715 διακείμεθα.
3570 661 3577 669 '

2295 739 2375 791 ϐ’.
2421 738 2582 790 Ἀλλὰ
2620 736 2986 804 ἀναλάϐωμεν
3012 735 3103 789 τὸν
3132 733 3291 803 λόγον
3317 734 3437 789 “sv
3469 728 3623 791 αὐτὸν
3647 756 3762 793 κατ-

2214 829 2495 900 ελίπομεν,
2522 829 2714 900 ἐπειδὴ
2743 828 2822 882 τὰ
2836 826 3114 882 ἀκόλουθα
3125 828 3305 893 είπιῖν
3326 831 3761 900 κατεπειγόμεθα.

2228 922 2376 975 Ἰδὼν
2394 917 2489 975 οὖν
2510 924 2538 983 ό
2568 921 2867 993 ἄνθρωπος
2878 921 2973 975 τὸν
2987 920 3104 975 υἱὸν
3125 920 3294 973 αὐτοῦ
3319 921 3490 992 δάκρυ
3501 908 3764 994 σινῖόλοφυι

2219 1013 2468 1083 ρόμενον,
2510 1014 2605 1066 καὶ
2640 1012 2741 1084 τὴν
2766 1012 3018 1083 βοήθειαν
3042 1013 3140 1067 τοῦ
3183 1014 3394 1084 πατρὸς
3424 1015 3768 1085 ammonia-

2214 1120 2323 1167 νον,
2361 1102 2688 1174 συνήθροισε
2706 1104 2837 1168 τοὺς
2878 1104 3122 1175 ἰατροὺς,
3164 1105 3624 1174 ἐπαγγειλάμενος
3650 1106 3770 1160 δοῦ-

2214 1211 2305 1249 ναι
2335 1193 2521 1257 αὐτοῖς
2552 1195 2588 1248 ,ὃ
2630 1211 2686 1248 τι
2726 1194 2794 1247 ἂν
2836 1195 3159 1264 αἰτήσωσιν,
3210 1197 3308 1251 ἐὰν
3332 1196 3425 1249 τὸν
3470 1197 3583 1250 utin
3623 1196 3770 1251 αὐτοῦ

2214 1286 2622 1360 ἐλευθερώσωσι
2648 1286 2745 1341 τοῦ
2777 1287 3176 1342 θανάτου.·Καὶ
3204 1288 3378 1342 πολλὰ
3405 1291 3771 1353 κοπιάσαντες,

2214 1382 2512 1452 ὠφέλησαν
2535 1381 2711 1437 οὐδέν.
2754 1381 3055 1436 ’Δπέθανεν
3079 1378 3176 1436 οὖν
3225 1386 3255 1438 6
3282 1387 3449 1457 παῖς,
3476 1384 3571 1438 καὶ
3609 1384 3770 1457 itu-irq-

2216 1475 2330 1540 θεὶς
2352 1476 2383 1528 6
2402 1474 2586 1546 πατὴρ
2619 1474 2789 1529 αὑτοῦ
2819 1473 3006 1546 ὤμοσε
3032 1476 3109 1547 μὴ
3132 1478 3296 1532 ἐᾶσαι
3321 1478 3415 1531 τὸν
3435 1477 3554 1546 ὅφιν
3586 1477 3768 1542 ζῶντα,

2214 1567 2392 1637 λέγων
2413 1583 2430 1599 ο
2460 1568 2607 1632 Ἕως
2637 1568 2770 1622 πότε
2802 1568 3104 1641 μωροποιῶ
3146 1570 3342 1625 ἑαυτδν
3370 1572 3400 1624 6
3434 1570 3620 1641 ἄφρων
3639 1612 3655 1637 ,
3691 1570 3775 1626 καί

2215 1662 2278 1716 οὐ
2296 1661 2551 1731 φονεύσω
2578 1660 2672 1715 τὸν
2692 1660 3079 1734 κατηραμένον
3097 1663 3224 1733 ὅφιν
3246 1665 3378 1735 πρίν
3403 1681 3472 1735 με
3512 1666 3773 1733 manu;

530 1754 858 1812 interimat?
898 1769 1022 1808 mox
1076 1752 1352 1819 profectus
1380 1751 1448 1807 ad
1491 1762 1802 1821 serpentem
1853 1752 2111 1807 occiden-

2217 1754 2310 1807 καὶ
2331 1751 2588 1807 ἀπελθὼν
2614 1752 2709 1808 τοῦ
2741 1754 3001 1823 φονεῦσαι
3030 1755 3216 1819 αὐτὸν,
3247 1749 3379 1827 εὗρε
3422 1756 3486 1809 τὸ
3525 1757 3772 1826 νόμισμαο

528 1850 684 1917 dum,
716 1864 995 1905 nummum
1017 1848 1240 1916 reperit,
1269 1861 1443 1917 eoque
1470 1855 1712 1913 sumpto,
1741 1847 1908 1917 cmpit
1931 1848 2110 1915 ipsum

2217 1844 2313 1897 καὶ
2349 1842 2531 1897 λαϐὼν
2568 1843 2722 1909 αὐτὸ,
2756 1822 2972 1917 ἤρξατο
3005 1847 3088 1909 είς
3130 1822 3329 1901 εαυτδᾲ
3386 1822 3663 1911 amicam,
3683 1822 3777 1901 καὶ

529 1945 827 2016 inspicere,
861 1951 918 1998 et
941 1942 1128 1997 dicere
1166 1958 1182 1994 :
1212 1939 1355 2006 Quid
1380 1939 1571 2007 agam?
1602 1939 1747 1993 tilias
1770 1932 1933 1993 meus
1948 1938 2112 1993 inter-

532 2036 714 2094 fectus
743 2044 830 2093 est
860 2052 874 2091 :
901 2042 960 2090 et
1001 2032 1241 2089 fortasse
1273 2032 1319 2088 si
1349 2031 1587 2087 cavisset
1620 2031 1750 2096 sibi,
1791 2031 2111 2101 neutiquam

532 2141 765 2198 serpens
794 2141 919 2182 eum
968 2125 1167 2181 lredere
1211 2125 1480 2194 potuisset
1515 2141 1529 2179 :
1568 2137 1671 2193 ego
1709 2132 1859 2178 certe
1891 2132 1948 2176 et
1974 2134 2114 2177 uxor

525 2234 648 2293 mea
667 2218 1006 2280 cavebimus.
1028 2227 1087 2271 ut
1115 2218 1317 2287 anguis
1341 2229 1539 2273 nocere
1570 2214 1729 2270 nobis
1768 2229 1873 2268 non
1896 2214 2069 2283 possit
2093 2229 2111 2266 :

525 2311 582 2367 in
623 2310 736 2366 lilio
766 2324 891 2383 meo
927 2324 1049 2365 sum
1083 2308 1347 2362 multatus
1380 2324 1396 2360 :
1424 2320 1524 2361 cur
1557 2306 1725 2360 vero?
1751 2320 1820 2360 an
1851 2314 1912 2360 ut
1940 2306 2113 2360 etiam

519 2401 792 2473 iacturam
825 2400 1023 2456 faciam
1056 2409 1301 2470 quaestus
1330 2397 1497 2453 annui
1533 2412 1880 2453 nummorum
1908 2407 2115 2454 trecen-

458 2520 471 2529 ~
527 2500 708 2547 torum
737 2490 1021 2559 sexaginta
1036 2486 1515 2558 quinqueiltaque
1533 2492 1845 2555 serpentem
1866 2486 2108 2542 dimisit:

527 2583 576 2639 is
598 2591 790 2647 autem
825 2594 1025 2636 rursus
1053 2579 1400 2636 occasionem
1430 2587 1650 2648 captare
1685 2578 1986 2648 pergebat,
2020 2579 2113 2634 ho-

525 2674 659 2730 mini
712 2688 999 2732 nummum
1039 2686 1204 2727 unum
1236 2669 1481 2739 quotidie
1512 2671 1877 2742 suggerendo,
1918 2677 1979 2724 ut
2021 2669 2114 2726 ille

525 2768 798 2825 socordia:
851 2768 1094 2823 traderet
1130 2780 1214 2831 se,
1255 2774 1312 2822 et
1354 2766 1480 2821 vita
1511 2764 1804 2819 vanitatem
1846 2763 1901 2819 in
1932 2763 2112 2833 pretio

524 2857 779 2915 haberet.

598 2948 669 3007 Χ.
709 2948 839 3005 Post
882 2964 1135 3005 reversus
1180 2950 1358 3004 adhuc
1403 2963 1633 3020 serpens
1663 2962 1731 3004 ex
1768 2947 2108 3019 improviso,

530 3056 758 3098 uxorem
791 3039 909 3110 ejus
951 3041 1262 3096 momordit.
1296 3040 1376 3095 lta
1405 3056 1553 3097 mors
1586 3038 1752 3104 subit,
1782 3049 1845 3096 ut
1867 3040 1976 3104 fur,
2003 3055 2113 3110 qua

2212 1936 2421 2005 λέγων·
2454 1936 2520 1989 τι
2559 1937 2733 2003 ποιῶ;
2769 1937 2799 1989 ό
2844 1937 2963 2001 υίός
2992 1955 3096 2009 μου
3138 1938 3404 2005 ἀπόθανε,
3436 1939 3532 1993 καὶ
3565 1939 3696 2009 τάχα
3733 1941 3776 1994 ει

2212 2026 2659 2101 παρεφυλάξατσ,
2686 2028 2788 2082 οὒκ
2808 2028 2874 2083 ἂν
2906 2031 2936 2083 6
2956 2020 3082 2099 ὃφις
3111 2029 3316 2101 βλάψαι
3351 2031 3518 2084 αὑτὸν
3545 2031 3772 2101 ἠδύνατο.

2214 2121 2410 2191 Ὅμως
2440 2121 2955 2193 παραφυλαξόμεθα
2989 2121 3101 2191 ιγώ
3143 2139 3207 2178 τε
3252 2122 3348 2178 καὶ
3384 2125 3419 2194 ἡ
3472 2126 3609 2195 γυνή
3661 2141 3770 2195 μου,

2202 2214 2311 2268 καὶ
2334 2214 2398 2266 οὐ
2437 2213 2664 2269 δύναται
2699 2216 2847 2285 ἡμᾶς
2880 2213 3109 2285 βλάψαι.
3158 2214 3513 2289 Ἐζημιὼθην
3552 2218 3642 2271 τὸν
3675 2217 3777 2271 υἱόν

2218 2322 2344 2377 μου.
2386 2306 2484 2362 Διὰ
2501 2306 2585 2373 τίς
2617 2308 2705 2361 ἵνα
2737 2307 3006 2378 ζἠμιωθῶ
3045 2308 3192 2363 κατὰ
3230 2310 3448 2381 χρόνον,
3484 2310 3776 2381 νομίσματα

2214 2396 2492 2467 τριακόσι’
2523 2395 2791 2468 ἐξήκοντα
2820 2382 2982 2450 πῖντε
3002 2413 3021 2464 ;
3040 2398 3152 2451 Καὶ
3177 2398 3392 2467 ἀφῆκεν
3414 2384 3595 2453 αὐτόν.
3616 2398 3778 2469 Ἔμει-

2213 2505 2305 2544 νεν
2347 2488 2443 2544 οὖν
2494 2490 2660 2545 πάλιν
2686 2488 2879 2561 καιρὸν
2909 2492 2940 2544 6
2981 2490 3129 2560 όφις,
3168 2492 3434 2562 παρέχων
3466 2490 3621 2563 αὐτῷ
3659 2490 3778 2544 καθ-

2212 2580 2429 2655 ημόραν
2457 2583 2701 2654 νόμισμα
2727 2584 2787 2639 ἐν
2811 2582 2892 2654 τῷ
2913 2584 3367 2654 ἀπομεριμνῆσαι
3396 2584 3492 2638 τὸν
3513 2583 3776 2656 ἄνθρωπον

2212 2671 2311 2728 καὶ
2330 2672 2676 2746 προτιμῆσαι
2700 2673 2802 2745 τὴν
2827 2673 2924 2728 τοῦ
2959 2672 3080 2745 βίου
3109 2675 3483 2747 ματαιότητα.

2285 2952 2346 3007 I'.
2391 2948 2724 3009 ’Ἦλθεν-οὗν
2759 2955 2922 3011 πάλιν
2947 2958 2976 3010 6
3008 2956 3134 3026 ὄφις
3176 2936 3351 3026 ἄφνο),
3388 2959 3485 3013 καὶ
3510 2959 3664 3012 ἔδακε
3693 2958 3779 3028 τὴν

2214 3047 2448 3113 γυναῖκα
2471 3044 2640 3099 αὐτοῦ
2666 3063 2680 3078 ⁸
2706 3045 2881 3110 οὕτως
2903 3046 3127 3117 ἔρχεται
3142 3048 3170 3101 6
3186 3046 3424 3112 θάνατος
3443 3049 3520 3113 ὡς
3537 3050 3775 3119 κλέπτης,

526 3136 614 3189 die
647 3150 750 3191 non
781 3142 1185 3204 exspectamus,
1213 3141 1269 3187 et
1299 3148 1397 3188 nos
1427 3133 1651 3203 abripit.
1681 3132 1876 3188 Mulier
1904 3132 2111 3191 vocife-

2214 3136 2273 3187 ἐν
2300 3135 2486 3206 ἡμέρᾳ
2536 3127 2571 3207 ᾖ
2616 3135 2678 3189 οὐ
2726 3135 3141 3207 προσδοκῶμεν,
3189 3135 3283 3189 καὶ
3342 3136 3588 3206 ἁρπάζει
3627 3139 3777 3208 ἡμᾶς.

524 3236 712 3294 ratur;
742 3236 797 3281 et
832 3193 917 3279 vir
958 3224 1078 3293 ejus
1125 3193 1317 3293 lugens
1347 3233 1403 3279 et
1432 3193 1728 3293 deplorans
1778 3224 2012 3280 accedit.
2042 3222 2111 3278 Et

2219 3193 2472 3299 Ἐλίραέέ
2492 3193 2591 3282 κὲι
2618 3230 2651 3299 ἡ
2682 3193 2819 3301 γυνή
2840 3246 2855 3263 ο
2898 3230 2994 3282 καὶ
3020 3193 3420 3301 ἦλθεν-όᾴνὴρ
3464 3193 3780 3301 αότῆςμόδυ-

525 3321 631 3373 Ιιοο
681 3318 869 3374 audito
915 3319 1074 3374 amici
1110 3318 1412 3387 etlcoguati
1465 3320 1659 3383 ﬂentes
1710 3328 2105 3375 convenerunt.

523 3410 698 3465 Homo
745 3412 941 3475 iterum
980 3410 1214 3467 medicis
1262 3411 1548 3469 accersitis
1594 3410 1887 3479 pollieetur
1927 3411 2009 3467 eis
2046 3425 2110 3466 se

522 3504 787 3574 pecunias
836 3503 1183 3572 largiturum,
1210 3503 1263 3558 si
1292 3517 1516 3558 uxorem
1547 3502 1668 3572 ejus
1690 3518 1722 3558 a
1758 3513 1935 3560 morte
1972 3502 2112 3558 lihe-

527 3597 781 3650 raverint
807 3613 822 3650 :
856 3605 913 3649 at
944 3596 1020 3650 illi
1047 3596 1235 3652 multis
1260 3594 1543 3651 laboribus
1563 3595 1883 3660 exantla‘tis,
1911 3593 2117 3663 juvare-

527 3688 753 3742 minime
791 3697 1107 3758 potuerunt.
1148 3688 1334 3756 Quare
1360 3688 1571 3744 interiit
1600 3686 1842 3742 mulier:
1872 3695 1928 3740 et
1955 3684 2106 3740 solus

524 3780 723 3843 viduus
752 3796 818 3835 ac
856 3782 1107 3838 desertus
1139 3783 1283 3838 domi
1316 3782 1606 3847 remansit;
1633 3789 1693 3837 et
1711 3779 2015 3835 amicorum
2041 3790 2108 3832 ac

523 3873 1056 3943 consanguineorum
1110 3873 1343 3929 consilio
1397 3887 1567 3939 usus,
1610 3886 1735 3928 cum
1775 3885 1939 3939 super
1983 3884 2105 3925 ser-

521 3974 690 4035 pente
728 3973 924 4020 cuncta
963 3980 1086 4035 quc
1140 3965 1292 4038 prius
1338 3974 1667 4029 evenerant,
1702 3963 1835 4033 ipsis
1863 3978 2109 4020 comme-

526 4064 818 4122 morasset,
869 4056 1011 4111 ident
1056 4058 1105 4112 ei
1151 4072 1342 4114 omnes
1391 4057 1681 4125 consilium
1723 4056 2010 4120 dederunt,
2047 4062 2109 4110 ut

527 4160 760 4213 anguem
790 4145 1136 4201 interimeret
1164 4164 1179 4200 :
1212 4148 1654 4218 quandoquidem
1686 4146 1931 4203 futurum
1963 4155 2105 4212 erat,

526 4250 585 4293 ut
620 4239 812 4292 lterum
860 4253 1076 4309 quoque
1118 4239 1471 4297 interﬁceret.
1507 4240 1614 4296 Sed
1655 4254 1781 4296 cum
1824 4241 1892 4296 ad
1926 4233 2105 4294 locum

2216 3316 2447 3390 ρόμενος
2473 3318 2571 3372 καὶ
2595 3318 2811 3390 θρηνῶν
2830 3335 2843 3348 ·
2865 3319 2959 3374 καὶ
2988 3317 3325 3383 ἀκούσαντες
3352 3321 3405 3373 oi
3430 3321 3688 3389 γείτονες,
3700 3318 3780 3374 καὶ

2209 3409 2263 3463 oi
2309 3409 2476 3479 φίλοι,
2508 3410 2602 3464 καὶ
2659 3412 2710 3464 ot
2763 3413 3068 3480 συγγενεῖς,
3100 3410 3455 3482 συνήχθησαν
3499 3413 3776 3476 κλαίοντες.

2225 3502 2485 3557 Ἐκάλεσε
2516 3502 2682 3559 πάλιν
2710 3504 2740 3557 6
2783 3502 3074 3575 ἄνθρωπος
3118 3503 3250 3567 τοὺς
3294 3504 3521 3575 ias-pob;
3564 3504 3778 3574 ὑποσχό-

2214 3611 2377 3665 μενος
2396 3595 2662 3668 χρήματα
2694 3595 2961 3667 παρέχειν
2980 3597 3211 3660 ἀὐτοῖς
3240 3595 3335 3650 ἐὰν
3379 3596 3655 3667 ρύσωνται
3695 3598 3780 3666 τὴν

2211 3686 2448 3753 γυναῖκα
2478 3684 2641 3740 αὐτοῦ
2673 3685 2782 3741 ἀπὸ
2832 3684 2929 3739 τοῦ
2969 3686 3228 3747 θανάτου.
3268 3682 3381 3741 καὶ
3423 3689 3571 3745 πάνυ
3625 3688 3779 3741 πολλά

2209 3778 2600 3843 κοπιάσαντες,
2636 3777 2793 3832 οὐδὲν
2816 3777 3105 3849 ὠφελῆσαι
3157 3779 3408 3850 ἴσχυσαν.
3448 3772 3708 3835 Ἀπέθανε
3733 3778 3778 3832 δὲ

2207 3873 2305 3931 καὶ
2326 3876 2360 3943 ὴ
2385 3873 2548 3944 γυνὴ,
2578 3876 2674 3931 καὶ
2699 3874 2915 3944 ἔμεινεν
2934 3877 2962 3928 6
3000 3874 3288 3945 ἄνθρωπος
3330 3876 3496 3945 μόνος
3550 3892 3779 3947 μεμονω-

2214 3966 2375 4038 μένος
2396 3969 2457 4022 ὲν
2483 3966 2560 4036 τῷ
2583 3968 2743 4039 οίκῳ’
2783 3968 2878 4022 καὶ⁸
2904 3967 3089 4021 λαϐὼν
3122 3969 3222 4040 τὴν
3263 3969 3468 4041 βουλὴν
3499 3971 3609 4023 τῶν
3635 3970 3781 4041 «prima

2209 4056 2377 4112 αὐτοῦ
2436 4059 2532 4113 καὶ⁸
2581 4059 2864 4127 συγγενῶν
2907 4060 3036 4129 περὶ
3081 4059 3175 4112 τοῦ
3220 4061 3423 4128 ὄφεως,
3471 4060 3780 4129 ἁναγγείὶας

2209 4150 2395 4213 αὐτοῖς
2460 4149 2640 4205 πάντα
2696 4149 2767 4205 τά
2819 4149 3193 4221 προγεγονότα
3222 4186 3237 4213 ,
3303 4151 3780 4217 συνεϐουλεύσαντο

2211 4240 2375 4295 αὐτὸν
2406 4242 2610 4304 πάντες
2649 4240 2740 4295 τὴν
2795 4230 2923 4310 ὅφιν
2971 4241 3315 4305 ἀποκτεῖναι,
3353 4222 3488 4295 ἐπεὶ
3522 4243 3615 4296 καὶ
3635 4238 3777 4294 αὑτὸν

525 4328 787 4393 venisset,
836 4330 1226 4384 observaturus
1274 4331 1643 4401 egredientem
1676 4340 2013 4400 serpentem,
2048 4337 2110 4385 ut

2213 4332 2402 4405 μέλλει
2430 4332 2762 4388 θανατῶσαι.
2800 4333 2908 4386 Καὶ
2937 4332 3011 4395 ὡς
3057 4332 3297 4402 ἐπῆλθεν
3337 4333 3431 4385 ἐπὶ
3478 4334 3571 4387 τὸν
3614 4334 3777 4393 τόπον,

523 4437 651 4477 eum
686 4432 908 4477 necaret
938 4439 953 4479 :
989 4422 1117 4476 dum
1153 4423 1339 4480 sedem
1372 4423 1717 4481 numismatis
1761 4424 2016 4485 attendit,
2051 4429 2108 4476 et

2213 4426 2406 4497 ἐτήρει
2434 4425 2585 4499 ὅπως
2618 4424 2910 4491 ἐξελθόντα
2943 4424 3035 4477 τὸν
3074 4423 3219 4493 ὅφιν,
3268 4425 3565 4498 θανατώσῃ
3618 4425 3775 4478 αὐτόν.

525 4514 580 4567 in
616 4528 681 4568 eo
708 4512 899 4583 jacens
933 4515 1294 4585 margaritum
1347 4516 1548 4580 cernit,
1580 4514 1896 4580 candidum,
1924 4523 1978 4567 et
2005 4527 2107 4583 pu-

2227 4518 2490 4584 ’Δςενίζει
2509 4517 2567 4570 δὲ
2590 4518 2672 4581 είς
2693 4518 2785 4573 τὸν
2810 4517 2976 4571 τόπον
3006 4516 3099 4571 τοῦ
3134 4517 3502 4588 νομίσματος,
3542 4518 3637 4583 καὶ
3671 4516 3772 4577 βλε-

525 4620 673 4669 rum,
727 4620 791 4659 ac
842 4604 1188 4674 pretiosum,
1253 4605 1481 4674 aequalis
1537 4605 1695 4663 molis
1757 4616 1924 4675 atque
1986 4612 2110 4659 erat

528 4694 802 4752 nomisma
827 4715 840 4750 :
866 4695 1074 4765 ingenti
1109 4697 1305 4766 gaudio
1332 4696 1630 4760 delibutus.
1654 4707 1947 4764 acceptam
1972 4711 2111 4750 tuar-

527 4786 762 4856 garitam
791 4787 842 4841 in
876 4786 1017 4843 hanc
1040 4797 1097 4841 et
1123 4787 1268 4849 illam
1303 4798 1512 4859 partem
1540 4789 1868 4844 obvertebat
1901 4789 1956 4843 in
1989 4787 2108 4844 vola

525 4893 761 4943 manus,
816 4892 937 4947 prae
989 4878 1175 4933 ltetitia
1226 4894 1439 4936 summa
1477 4894 1543 4934 ac
1574 4879 1839 4946 lubentia,
1888 4890 1947 4933 ut
1993 4880 2108 4947 jam

524 4971 727 5026 oblitus
772 4971 921 5027 necis
972 4972 1065 5027 lilii
1102 4981 1157 5026 et
1187 4972 1435 5044 conjugis
1469 4981 1524 5027 et
1556 4973 1798 5026 ontnium
1833 4989 2056 5029 suorum
2090 4989 2108 5039 ;

526 5068 775 5137 dixitque
824 5067 965 5138 apud
1000 5082 1109 5124 se:
1164 5066 1434 5133 Quoniam
1488 5066 1576 5119 hic
1627 5080 1855 5135 serpens
1904 5066 2108 5123 nummi

527 5160 766 5214 dolorem
832 5169 886 5214 et
948 5158 1186 5228 speciem
1240 5159 1294 5212 in
1357 5157 1647 5227 puritatem
1702 5167 1758 5212 et
1809 5157 2109 5212 candorem

528 5254 747 5308 unionis
801 5252 1205 5316 commutavit,
1272 5266 1501 5323 prorsus
1566 5251 1732 5307 etiam
1790 5250 2121 5321 pestiferum.

529 5345 679 5400 virus
713 5360 868 5399 suum
911 5345 1115 5410 amisit,
1163 5359 1264 5399 nec
1312 5343 1543 5412 amplius
1581 5345 1835 5414 cuiquam
1868 5343 2105 5398 nocebit.

601 5522 695 5575 XI.
742 5520 787 5578 0
817 5522 1147 5577 dementiam
1175 5523 1190 5576 l
1222 5522 1313 5577 Sic
1348 5537 1448 5575 nos
1508 5536 1698 5575 omnes
1744 5520 2112 5592 (cltarissimi)

530 5630 756 5685 serpens
788 5616 1044 5685 antiquus
1077 5614 1267 5671 fraude
1294 5624 1351 5669 et
1374 5629 1567 5670 errore
1599 5613 1780 5667 inanis
1800 5613 1962 5681 hujus
1986 5613 2112 5668 vitae

533 5707 734 5772 decipit
771 5715 831 5760 ut
867 5722 966 5762 nos
1013 5721 1042 5761 a
1095 5707 1271 5762 salute
1314 5717 1370 5761 et
1403 5705 1498 5760 Dei
1530 5705 1863 5773 benignitate
1895 5708 2112 5770 avertit,

537 5810 700 5867 atque
732 5799 840 5867 igni
867 5799 1201 5868 sempiterno
1237 5800 1402 5854 tradit
1441 5817 1454 5853 :
1484 5798 1554 5851 ita
1590 5813 1803 5868 quoque
1834 5814 1895 5854 se
1952 5799 2114 5854 habet

2213 4627 2303 4664 πει
2333 4610 2588 4680 κείμενον
2616 4610 2735 4663 ἐκεῖ
2770 4610 3123 4681 μαργαρίτην
3158 4609 3357 4665 λευκὸν
3397 4612 3497 4665 καὶ
3534 4608 3791 4688 agonia,

2212 4700 2305 4752 καὶ
2354 4699 2678 4783 πολύτιμον,
2731 4700 3064 4770 ἰσόσταθμον
3118 4699 3214 4756 τοῦ
3278 4700 3637 4771 νομίσματος.
3672 4702 3815 4749 »ίίαλ

2213 4790 2518 4862 περιχαρὴς
2565 4793 2857 4862 γενόμενος
2885 4830 2902 4858 ,
2950 4790 3133 4844 λαϐὼν
3183 4792 3275 4846 τὸν
3324 4794 3676 4864 μαργαρίτην
3713 4788 3777 4841 δι-

2144 4921 2164 4936 .
2215 4884 2481 4955 έστρεφεν
2495 4877 2595 4936 ὧδε
2617 4885 2778 4937 κάκεῖ
2802 4886 2859 4937 ὲν
2890 4886 2956 4955 τῇ
2981 4884 3211 4956 παλάμῃ
3237 4883 3425 4950 αὐτοῦ,
3450 4886 3512 4938 ὲν
3537 4878 3780 4952 ἀγαλλιάο

2214 4976 2512 5048 σειπολλῇ,
2555 4976 2631 5040 ὡς
2670 4975 3067 5046 ἐπιλαθόμενος
3113 4976 3208 5031 τοῦ
3250 4976 3486 5032 θανάτου
3531 4976 3623 5031 τοῦ
3672 4968 3776 5027 υίοῦ

2214 5067 2380 5125 αὐτοῦ
2407 5068 2503 5123 καὶ
2549 5070 2649 5139 τῆς
2678 5060 2969 5134 γυναικὸς,
3011 5068 3107 5123 καὶ
3152 5068 3373 5122 πάντων
3425 5069 3536 5122 τῶν
3588 5064 3775 5120 αὐτοῦ*

2213 5162 2311 5217 καὶ
2344 5160 2500 5217 εἶπεν
2542 5161 2721 5232 αὐτῷ-ν
2768 5161 2991 5231 Ἐπειδὴ
3032 5162 3062 5215 ό
3105 5161 3228 5230 ὄφις
3268 5154 3424 5225 οὗτος
3461 5160 3656 5232 ἤλλαξε
3693 5156 3777 5224 τὴν

2214 5250 2405 5320 χροιὰν
2441 5248 2535 5302 τοῦ
2567 5250 2903 5320 νομίσματος
2932 5250 3011 5311 εἰς
3032 5248 3133 5320 τὴν
3162 5247 3512 5321 καθαρότητα
3553 5248 3645 5300 καί
3669 5245 3777 5295 λευ·

2213 5341 2421 5411 κότητα
2447 5340 2542 5395 τοῦ
2573 5340 2937 5412 μαργαρίτου,
2974 5341 3190 5403 πάντως
3220 5342 3317 5394 καὶ
3352 5339 3442 5393 τὸν
3487 5334 3777 5405 θανατηφῦ-

2219 5448 2312 5503 ρον
2339 5430 2507 5486 αὐτοῦ
2542 5432 2618 5484 ἱὸν
2656 5430 2878 5502 ἢλλαξε,
2926 5433 3018 5485 καὶ⁷
3046 5430 3233 5485 οὐκέτι
3261 5431 3487 5503 βλάπτει
3509 5431 3650 5484 τινά.

2287 5523 2388 5576 1Α’.
2444 5521 2507 5573 ’Ὠ
2543 5521 2643 5591 τῆς
2675 5521 2899 5585 ἁνοίαςί
2930 5520 3106 5586 οὕτως
3141 5522 3289 5592 ἡμᾶς
3339 5522 3523 5591 ἁπατᾷ
3566 5519 3775 5579 πάντας,

2216 5615 2513 5686 ἀγαπητοὶ,
2544 5617 2609 5686 τῇ
2640 5614 2828 5687 ἀπάτῃ
2863 5615 2959 5669 καὶ
2997 5615 3175 5687 πλάνῃ
3220 5617 3316 5670 τοῦ
3353 5614 3588 5686 ματαίου
3604 5609 3775 5663 τούτου

2220 5708 2360 5777 βῗουν
2399 5708 2488 5760 ἶνα
2543 5706 2969 5780 ἀπαλλοτριὼσῃ
3018 5710 3169 5779 ἡμᾶς
3222 5708 3320 5778 τῆς
3375 5702 3645 5776 σωτηρίας
3696 5697 3776 5752 καὶ

2217 5802 2313 5872 τῆς
2341 5801 2431 5854 τοῦ
2484 5799 2631 5854 θείου
2684 5799 3119 5873 φιλανθρωπίας,
3149 5801 3240 5855 κά
3292 5795 3600 5871 παραδώσει
3647 5788 3775 5861 ἡμᾶς
