4024 6444
352 272 488 338 1925

1496 267 1627 329 CUI
1668 266 1842 329 VITA
1883 263 2214 325 IIUMANA
2255 254 2375 320 SIT
2413 258 2725 320 SIMILIS.

3473 249 3612 315 129.6

348 387 421 454 τῷ
454 383 655 453 αἰωνίῳ
692 381 843 452 πυρί.
891 380 1047 434 Οὕτω
1094 381 1201 434 καὶ
1245 378 1306 431 τὺ
1356 378 1548 451 δέλεαρ
1576 380 1687 433 τῶν
1734 380 1929 433 ἀὶιέων

2062 378 2372 429 ιῑεοαιοιυιιιη
2424 385 2571 435 esca,
2631 384 2695 423 ac
2761 376 3047 437 preptcrea
3106 365 3417 420 nominatur
3462 380 3611 428 esca,

347 477 483 531 ἐστί.
510 478 620 529 Καὶ
658 476 745 528 διὰ
782 473 941 527 τοῦτο
996 473 1243 528 καλεῖται
1293 472 1511 542 δέλεαρ,
1538 472 1727 542 ἐπειδὴ
1776 472 1928 535 δόλος

348 570 495 622 ἐστὶν
535 571 593 620 ἐν
627 568 911 639 ἀγκίστρῳ
965 565 1190 620 ἀπατῶν
1244 567 1373 629 τοὺς
1432 565 1645 635 ἰχθύας.
1680 566 1928 618 Κινεῖται

346 664 457 734 γὰρ
489 662 798 735 ἔμπροσθεν
827 662 921 716 τοῦ
956 662 1139 734 ἰχθύος
1169 662 1231 715 τὸ
1261 662 1454 733 δέλεαρ
1481 660 1777 731 ἀπατηλῶς
1810 677 1823 691 ·
1844 660 1929 713 ἵνα

346 755 537 808 τοῦτον
574 756 928 826 κρεμάμενον
962 757 1020 807 ὲν
1054 754 1132 824 τῷ
1182 754 1469 823 ἀγκίστρῳ
1520 752 1932 820 καταγέλαστον

349 849 516 900 πᾶσιν
564 848 846 918 ἀποδείξῃ,
884 850 979 900 καὶ
1027 848 1106 917 τῷ
1152 848 1287 917 πυρὶ
1321 845 1645 918 παραδώσῃ.
1688 838 1816 898 Ὧδε
1867 843 1933 915 δὴ

349 939 444 991 καὶ
491 938 652 1008 ἡμεῖς
686 938 927 1002 ἅπαντες
991 937 1097 991 ὑπὸ
1147 936 1242 989 τοῦ
1278 937 1517 1006 πονηροῦ
1570 933 1929 1004 ἀπατώμεθα.

351 1030 530 1094 Ὄλως
556 1031 664 1099 γὰρ
698 1033 725 1083 6
769 1032 972 1101 κόσμος
1003 1031 1060 1083 ὲν
1092 1028 1170 1099 τῷ
1233 1027 1459 1098 πονηρῷ
1511 1021 1690 1080 κεῖται
1724 1042 1742 1060 ο
1768 1024 1933 1094 γινώ-

354 1138 563 1193 σκομεν
593 1122 650 1175 δὲ
684 1123 927 1186 ἅπαντες
967 1122 1066 1194 τὴν
1118 1121 1323 1192 βλάϐην
1356 1122 1455 1188 τῆς
1485 1119 1762 1190 ἁμαρτίας
1795 1136 1809 1149 ·
1842 1117 1937 1172 καὶ

349 1212 491 1284 πρὸς
525 1213 697 1283 αὐτὴν
729 1212 1035 1276 σπουδαίως
1062 1213 1155 1265 καὶ
1187 1211 1487 1281 προθύμως
1527 1210 1735 1280 τρέχει,
1776 1208 1866 1262 ἵνα
1909 1208 1936 1260 6

349 1303 489 1357 λέων
522 1304 712 1357 τοῦτον
751 1304 1049 1374 συντρίψας
1081 1304 1404 1372 καταῳὰγῃι

426 1396 534 1449 1Β’.
597 1391 733 1447 Εἶτα
762 1396 790 1448 6
837 1396 1194 1466 ἡπατημένος
1246 1394 1532 1464 ἅνθρωπος
1584 1392 1695 1447 ἀπὺ
1737 1393 1936 1462 πολλῆς

353 1490 532 1559 χαρᾶς
561 1486 656 1541 τοῐθ⁹
682 1487 1046 1560 μαργαρίτου,
1069 1487 1275 1560 ἡρξατο
1301 1488 1489 1541 ἔκτοτε
1542 1487 1828 1556 καθαίρειν
1850 1485 1939 1540 τὸν

355 1580 543 1642 τόπον,
569 1578 664 1631 καὶ
696 1578 967 1647 ραντίζειν
997 1578 1093 1631 καὶ
1144 1578 1366 1649 θυμιᾷν,
1419 1578 1515 1629 καὶ
1560 1574 1773 1645 εΰοσμά
1817 1592 1941 1629 τινα

354 1669 664 1741 ἐκρίπτειν.
708 1670 967 1740 Ἐποίησε
996 1669 1053 1722 δὲ
1096 1672 1124 1723 6
1151 1670 1268 1738 δρις
1303 1671 1518 1741 χρόνον,
1550 1668 1672 1722 καθ’
1702 1669 1941 1737 ἑκάστην

2036 467 2160 537 quia
2210 465 2358 519 fraus
2416 474 2500 517 est
2557 464 2609 515 in
2656 462 2839 525 hamo,
2878 473 2986 529 quo
3047 460 3222 529 pisces
3284 457 3543 510 falluntur
3596 476 3610 511 :

2037 559 2271 625 agitatur
2308 556 2453 608 enim
2513 553 2891 607 fraudulenter
2935 565 3060 605 esca
3113 559 3241 604 ante
3296 549 3528 618 piscem,
3556 559 3617 604 ut

2038 666 2161 705 eum
2199 648 2526 717 pendentem
2560 647 2614 700 in
2651 647 2813 700 bamo
2870 647 3110 714 piscator
3157 643 3413 700 omnibus
3433 644 3618 700 riden-

2043 743 2169 795 dum
2207 750 2501 810 proponat,
2532 739 2666 793 etin
2716 740 2891 807 ignem
2923 738 3218 809 conjiciat:
3258 740 3331 793 ita
3370 737 3619 809 profecto

2042 849 2144 888 nos
2174 848 2366 885 omnes
2397 846 2424 883 ιι
2457 831 2604 884 malo
2638 830 2963 899 decipimur.
2993 828 3225 885 Mundus
3267 831 3467 901 quippe
3497 840 3619 885 om-

2044 924 2129 977 nis
2148 921 2370 976 omnino
2396 920 2544 990 jacet
2568 921 2622 974 in
2650 921 2792 974 malo
2831 938 2845 975 :
2878 920 3110 990 quisque
3163 934 3292 975 vero
3325 934 3620 975 nocumen-

2045 1023 2159 1068 tum
2191 1013 2378 1067 delicti
2413 1013 2726 1082 cognoscit;
2761 1022 2814 1066 et
2845 1014 2910 1066 ad
2962 1012 3015 1067 id
3047 1022 3226 1067 tamen
3266 1012 3517 1068 celeriter
3566 1023 3623 1067 et

2041 1104 2307 1158 alacriter
2332 1104 2505 1158 currit
2534 1121 2552 1160 ι
2585 1104 2800 1158 interim
2853 1105 3092 1159 animam
3131 1107 3366 1161 conterit
3417 1115 3473 1160 et
3523 1107 3620 1162 des

2045 1210 2168 1249 mra
2180 1205 2218 1250 ιδ
2242 1220 2249 1223 ”

2117 1376 2238 1435 XII.
2273 1371 2405 1434 Post
2446 1378 2534 1433 illa
2565 1356 2825 1449 deceptus
2890 1380 3055 1435 homo
3115 1396 3225 1450 praa
3274 1381 3468 1450 gaudio
3523 1380 3623 1435 imo

2056 1486 2268 1533 menso,
2299 1470 2581 1539 margariti
2643 1471 2817 1525 locum
2874 1486 3109 1541 purgare
3143 1472 3326 1540 C(Bpit,
3365 1470 3621 1534 lustrare,

2049 1575 2359 1632 aspergere,
2415 1572 2469 1616 ct
2517 1562 2720 1625 sumre,
2766 1563 2948 1633 ibique
2997 1564 3373 1617 suaveolentes
3427 1565 3626 1619 odores

2049 1654 2312 1721 quosdam
2334 1653 2681 1723 profundere.
2701 1654 2910 1724 Anguis
2933 1666 3112 1710 autem
3128 1669 3229 1725 per
3251 1655 3497 1723 singulos
3509 1655 3628 1711 dies

353 1760 572 1833 ἡμέραν
609 1761 864 1832 παρέχων
904 1759 1053 1832 αὐτῷ
1090 1763 1441 1833 μαργαρίτην
1484 1760 1808 1828 πολύτιμον.
1837 1760 1948 1814 Καὶ

2062 1747 2297 1814 perstitit
2337 1747 2595 1800 exhibere
2619 1746 2717 1815 ipsi
2764 1746 2992 1815 impensi
3031 1747 3191 1816 pretii
3234 1749 3622 1815 margaritum:

356 1853 488 1905 ίδὼν
518 1853 548 1905 6
594 1852 884 1923 ἄνθρωπος
931 1852 993 1905 τὸ
1024 1853 1228 1923 πλῆθος
1274 1854 1382 1906 τῶν
1425 1847 1949 1924 μαργαριτῶν,ἐἶτα

354 1944 541 1998 λαϐὼν
580 1945 826 2015 χρυσίον,
860 1945 1119 2015 ἐποίησεν
1150 1944 1211 2009 ἐξ
1252 1945 1417 1997 αὐτοῦ
1450 1945 1664 2011 πυξίον,
1684 1945 1781 1997 καὶ
1823 1942 1951 1996 ἔϐα-

357 2036 450 2088 λεν
478 2037 535 2088 ὲν
569 2035 718 2105 αὐτῷ
758 2035 887 2098 τοὺς
943 2034 1292 2105 μαργαρίτας
1320 2037 1414 2089 καὶ
1462 2036 1531 2089 τά
1577 2036 1746 2089 λοιπά
1797 2033 1950 2104 νομί-

358 2144 565 2195 σματα.
603 2126 714 2179 Καὶ
756 2124 943 2180 λοιπὸν
962 2125 1166 2197 ἦρξατο
1218 2126 1398 2199 ζητεῖν
1433 2127 1597 2180 τόπον
1644 2125 1952 2196 ἐπιτήδειον

356 2215 458 2269 καὶ
474 2216 829 2285 φυλακτικὸν,
855 2217 1003 2280 ὅπως
1020 2217 1206 2291 κρύψῃ
1222 2219 1355 2271 αὺτό
1379 2234 1391 2247 ⁸
1420 2218 1702 2272 καὶπολλὰ
1726 2218 1923 2289 ἐρευνή
1937 2247 1953 2258 -

360 2323 464 2369 σας
489 2307 587 2376 οὐχ
615 2302 795 2377 εὗρεν,
856 2309 906 2359 εί
943 2308 1018 2378 μὴ
1041 2309 1301 2362 ὑποκάτω
1324 2309 1426 2380 τῆς
1454 2309 1699 2379 κεφαλῆς
1727 2308 1893 2361 αὐτοῦ
1937 2326 1949 2339 ·

356 2399 670 2469 καὶόρῦξας
689 2402 789 2470 τὴν
808 2400 910 2470 γῆν
932 2401 1168 2471 ἔκρυψεν
1193 2402 1327 2456 αὑτό
1352 2420 1365 2433 ο
1396 2405 1534 2473 μήτε
1558 2402 1772 2465 τέκνου,
1814 2402 1953 2472 μήτε

360 2492 618 2556 γυναικὸς
659 2492 957 2562 φροντίζων
996 2508 1008 2521 ·
1044 2495 1139 2547 καὶ
1160 2494 1218 2546 ὲν
1247 2494 1357 2565 ὅσῳ
1377 2495 1586 2566 ἐτρύφα
1610 2492 1953 2563 ἀμερίμνως,

359 2577 530 2652 ἦλθεν
558 2584 583 2635 6
609 2583 731 2653 ὄφις
760 2583 934 2652 ἄφνω,
954 2584 1051 2637 καὶ
1075 2584 1233 2639 ἔδακε
1268 2586 1359 2640 τὸν
1407 2587 1544 2640 πόδα
1578 2570 1746 2639 αὑτοῦ
1782 2601 1794 2615 ’
1819 2585 1956 2655 κρά-

363 2670 557 2735 ξαντος
576 2671 632 2725 δὲ
667 2675 818 2744 φωνῇ
850 2673 1086 2745 μεγάλῃ,
1122 2674 1470 2745 συνήχθησαν
1514 2677 1716 2739 πάντες
1751 2674 1803 2727 oi
1835 2674 1954 2745 γεί-

361 2781 518 2829 τονες
554 2766 649 2818 καὶ
670 2767 719 2818 ot
744 2766 886 2835 φίλοι
905 2765 1073 2819 αὐτοῦ
1103 2767 1196 2818 καὶ
1222 2768 1271 2819 oi
1311 2770 1613 2835 συγγενεῖς,
1650 2769 1953 2832 κλαίοντες,

363 2856 464 2910 καὶ⁸
513 2857 855 2927 μεμφόμενοι
883 2858 1068 2923 αὐτὸν,
1092 2859 1185 2913 καὶ
1229 2859 1477 2925 λέγοντες
1511 2876 1525 2891 ’
1563 2859 1677 2912 Οὐκ
1727 2860 1955 2930 εἴπομέν

368 2964 475 3014 σοι,
520 2949 868 3002 Ἀπόκτεινον
898 2950 988 3001 τὸν
1012 2949 1158 3020 ὄφιν,
1185 2951 1307 3004 ἐπεὶ
1339 2953 1434 3005 καὶ
1478 2952 1538 3005 σὲ
1572 2952 1756 3023 μέλλει
1790 2952 1953 3006 θανα-

364 3037 541 3091 τῶσαι
570 3055 586 3101 ;
617 3038 835 3109 ἀληθῶς
866 3039 929 3091 σὺ
955 3039 1180 3093 σεαυτὸν
1212 3041 1560 3103 ἀπέκτεινας.
1583 3037 1713 3095 Εἶτα
1731 3041 1955 3093 ἐκάλεσε

2060 1838 2150 1890 ille
2185 1846 2295 1889 tum
2344 1835 2763 1906 margaritarum
2815 1837 2954 1891 linea
2984 1846 3041 1891 et
3093 1837 3247 1908 copia
3301 1834 3625 1902 oblectatus,

2053 1937 2164 1979 tum
2224 1941 2512 1980 ant-eorum
2546 1943 2895 1982 nummorum
2963 1943 3183 1993 acervo,
3212 1929 3479 1983 cistellam
3523 1930 3629 1984 sibi

2050 2017 2353 2086 elegantem
2400 2017 2669 2080 condidit,
2729 2018 2781 2071 in
2836 2029 3067 2087 eamque
3121 2019 3347 2075 uniones
3395 2019 3632 2087 conjecit

2051 2120 2107 2163 et
2144 2125 2395 2164 nummos
2446 2109 2724 2178 reliquos:
2754 2120 2809 2165 et
2855 2112 3211 2180 imposwrum
3250 2114 3416 2183 catpit
3449 2113 3628 2168 locum

2052 2212 2234 2267 aptum
2261 2216 2525 2268 qutm‘ere,
2560 2210 2614 2255 et
2641 2203 2984 2256 commodum
3035 2213 3092 2257 et
3122 2212 3295 2257 tutum
3348 2205 3417 2259 ad
3447 2214 3633 2259 cnsto-
3704 2266 3713 2274 ,

2056 2293 2225 2355 diam,
2266 2294 2318 2345 in
2364 2307 2471 2360 quo
2495 2308 2615 2347 eam
2649 2294 2987 2349 maritaret:
3024 2309 3088 2349 ac
3117 2294 3206 2350 diu
3261 2307 3633 2365 perscrutatus

2052 2397 2161 2438 non
2214 2383 2446 2449 invenit,
2508 2382 2611 2438 nisi
2669 2386 2772 2439 sub
2824 2385 3003 2453 capite
3064 2400 3163 2440 suo
3221 2396 3274 2440 et
3322 2387 3631 2446 cervicali:

2056 2474 2251 2530 deinde
2294 2475 2490 2529 effossa
2517 2484 2661 2530 terra
2701 2477 3148 2548 abdidit;neque
3166 2478 3276 2547 jam
3308 2479 3405 2533 filii
3461 2494 3638 2551 neque

2058 2569 2244 2622 uxoris
2276 2583 2462 2648 curam
2495 2568 2720 2623 habens.
2756 2569 2957 2625 Verum
2992 2571 3209 2626 interim
3238 2573 3364 2627 dum
3409 2588 3638 2630 securus

2059 2658 2434 2722 deliciaretur,
2469 2662 2665 2731 anguis
2685 2662 2875 2730 irrepit
2903 2663 3199 2732 extemplo,
3224 2673 3276 2718 et
3305 2664 3496 2732 pedem
3522 2664 3642 2733 ejus

2059 2753 2377 2806 momordit.
2408 2752 2513 2819 Qui
2544 2769 2666 2807 cum
2696 2754 2803 2808 alta
2838 2770 2972 2809 voce
2990 2756 3373 2822 exclamasset,
3399 2759 3562 2814 vicini
3584 2769 3642 2815 et

2060 2844 2219 2899 amici
2272 2854 2327 2899 et
2384 2846 2601 2915 cognati
2656 2846 2775 2917 ejus
2855 2863 3049 2904 omnes
3095 2852 3411 2920 congregati
3489 2862 3640 2918 sunt.

2054 2936 2246 2992 ﬂentes
2281 2949 2333 2994 et
2368 2938 2709 3008 increpantes
2741 2940 2943 3009 ipsum,
2972 2951 3138 3010 atque
3162 2943 3375 3000 aientes
3411 2944 3665 3001 :Nonne'

2059 3028 2297 3083 diximus
2357 3030 2448 3085 tibi
2489 3030 2923 3086 interficiendum
2959 3048 3082 3088 esse
3137 3048 3474 3105 serpentem,
3513 3039 3642 3108 quia

363 3130 463 3183 καὶ
496 3126 651 3193 αὖθις
680 3132 925 3202 ἰατροὺς,
953 3133 1046 3185 καὶ
1100 3133 1477 3204 παρεκάλεσεν
1512 3133 1709 3197 αὐτοὺς
1757 3132 1954 3203 βοηθῆ-

2064 3120 2304 3176 fnturum
2336 3131 2472 3187 erat,
2509 3134 2570 3177 ut
2602 3133 2654 3177 te
2684 3125 3062 3179 interimeret?
3093 3140 3279 3182 verum
3304 3138 3360 3181 tu
3411 3130 3642 3196 teipsqu

369 3238 463 3272 σαι
498 3221 669 3291 αὐτῷ,
704 3220 1075 3292 ὑποσχόμενος
1129 3222 1250 3292 μεθ’
1285 3224 1451 3292 ὅρκου
1485 3220 1667 3275 δοῦναι
1698 3221 1881 3285 αὐτοῖς
1907 3221 1961 3275 εῐ

365 3327 426 3364 τι
455 3310 519 3364 ἂν
549 3314 909 3382 αἰτήσωνται,
942 3314 991 3365 εἰ
1021 3313 1192 3383 ρυσθῇ
1223 3313 1317 3366 τοῦ
1377 3313 1610 3366 θανάτου
1646 3330 1658 3341 ·
1686 3315 1776 3366 καὶ
1803 3313 1955 3383 πάμ-

374 3399 552 3452 πολλα
631 3400 900 3471 φάρμακα
957 3402 1106 3472 αὐτῷ
1153 3404 1472 3464 ποτίσαντες
1510 3442 1525 3465 ,
1577 3404 1677 3456 οὐκ
1735 3404 1957 3473 ἴσχυσαν

366 3490 541 3543 αὑτὸν
585 3490 885 3560 ὠφελῆσαι.
923 3491 1191 3563 ’Ὕστερον
1229 3492 1285 3545 δὲ
1313 3493 1597 3564 ἀπορήσας
1636 3494 1814 3563 πάσης
1861 3495 1957 3548 ἀν-

362 3581 652 3652 Ἶθρωπίνης
689 3580 961 3652 βοηθείας,
990 3582 1171 3648 καθὼς
1207 3586 1235 3638 6
1265 3584 1472 3648 δίκαιος
1514 3585 1634 3640 ’1ὡῦ
1658 3574 1845 3654 φησιν,
1876 3587 1958 3639 ὅτι

389 3671 756 3745 ῘΕνέόλεπον
809 3674 896 3738 εἰς
949 3672 1297 3743 ἀντίληψιν,
1342 3676 1441 3728 καὶ
1490 3679 1601 3728 οὐκ
1643 3672 1721 3745 ἦν
1754 3693 1769 3708 ο
1804 3677 1898 3747 καί
1932 3678 1961 3729 6

369 3765 544 3818 Aa6‘t8
575 3764 769 3818 πάλιν’
807 3764 903 3830 Μὴ
963 3765 1287 3819 πεποίθατε
1347 3764 1442 3818 ἐπ’
1494 3763 1815 3833 ἄρχοντας,
1857 3764 1958 3819 ἐπί

374 3858 547 3923 υἱοὺς
602 3855 950 3925 ἀνθρώπων,
982 3851 1072 3921 οἷς
1115 3858 1228 3909 οὐκ
1291 3855 1425 3910 ἐστι
1514 3857 1779 3926 σωτηρία
1807 3874 1822 3887 ο
1871 3857 1962 3910 ὅτε

373 3948 508 4017 γοῦν
534 3948 812 4018 ἠπόρησεν
854 3949 919 4000 ἐκ
969 3948 1211 4014 πάντων,
1250 3949 1567 4019 προσέφυγε
1597 3947 1674 4019 τῷ
1708 3947 1828 4018 Θεῷ
1874 3946 1963 4001 λέ-

370 4052 491 4105 γων
525 4054 540 4069 ο
571 4035 761 4106 Κύριε,
802 4035 996 4107 Κύριε,
1019 4036 1079 4088 τὸ
1109 4036 1259 4101 ἆπαξ
1279 4037 1437 4090 τοῦτο
1469 4038 1629 4108 μόνον
1664 4053 1752 4108 μοι
1804 4036 1963 4109 χάρι-

378 4144 491 4192 σαι,
525 4128 587 4181 τδ
621 4127 741 4199 ζῇν,
767 4127 915 4192 ὅπως
948 4128 1267 4198 μετανοήσω
1302 4145 1315 4158 ·
1342 4130 1436 4181 καὶ
1472 4128 1679 4194 οὐκέτι,
1707 4128 1767 4181 οὐ
1800 4131 1873 4199 μή
1902 4145 1963 4181 σε

375 4218 648 4290 ἀθετήσω,
671 4218 779 4271 οὐδ’
795 4217 855 4271 οὐ
876 4218 952 4289 μὴ
977 4218 1242 4289 πλανὴσει
1268 4220 1375 4290 μεὸ
1398 4220 1636 4291 χαλεπὸς
1653 4214 1805 4281 οὗτος
1824 4219 1962 4289 βίος,

378 4314 520 4383 καὶὴ
537 4310 871 4383 φιλαργυρία
892 4310 986 4364 τοῦ
1000 4310 1209 4364 λοιποῦο
1230 4311 1370 4364 ἀλλά
1383 4310 1686 4382 σκορπίσας
1705 4310 1881 4363 πάντα
1895 4310 1965 4364 τὰ

286 4415 301 4433 ⁴
384 4404 703 4474 ὑπάρχοντα
721 4419 844 4473 μου,
877 4403 971 4455 καὶ
991 4403 1249 4472 μονάσας,
1276 4400 1683 4471 καθέζομαιτοῦ
1697 4400 1884 4454 λοιποῦ
1906 4403 1964 4455 ὲν

381 4498 451 4567 τῇ
466 4472 676 4567 ἐρήμῳ,
692 4472 1104 4564 ἀποταξάμενος
1118 4496 1227 4556 τοῖς
1242 4493 1515 4564 βιωτικοῖς
1533 4491 1822 4563 πράγμασι
1871 4490 1967 4543 καὶ
1999 4472 2042 4527 Ῐ)

380 4587 701 4658 ἐπιθυμίαις
730 4587 951 4649 ἀτόποις
984 4602 997 4617 ο
1023 4587 1116 4639 καὶ
1143 4585 1418 4658 φροντίζω
1443 4583 1541 4654 τῆς
1570 4582 1812 4653 ἐμαυτοῦ
1865 4600 1970 4637 σω·

377 4680 600 4751 τηρίας,
635 4679 729 4733 καὶ
758 4678 859 4749 τῆς
890 4678 991 4747 σῆς
1031 4678 1454 4750 εὐαρεστήσεως
1486 4693 1499 4706 ·
1531 4675 1706 4744 ἔγνων
1750 4675 1860 4746 γὰρ
1888 4675 1970 4729 ὅτι

372 4773 502 4835 ὅλος
530 4773 559 4824 6
593 4771 707 4841 βίος
733 4764 888 4832 οὗτος
922 4768 1153 4839 μάταιός
1206 4771 1357 4822 ἐστιν
1401 4767 1496 4821 καὶ
1546 4766 1827 4838 ἀνόνητος.
1861 4766 1973 4821 Καὶ

380 4864 707 4920 ἐπεκαλεῖτο
734 4862 861 4923 τοὺς
894 4861 1082 4931 ἁγίους
1122 4862 1203 4925 εἰς
1232 4860 1504 4931 βοήθειαν,
1536 4860 1769 4929 ποιήσας
1815 4858 1969 4929 ὲλεη-

384 4956 627 5027 μοσύνας
676 4953 879 5018 πολλὰς
923 4953 1005 5017 είς
1037 4952 1162 5017 τοὺς
1213 4951 1525 5023 δεομένους,
1556 4949 1652 5003 καὶ
1709 4949 1868 5018 λόγον
1891 4949 1970 5018 τῷ

393 5042 578 5121 Χυρίῳ
626 5046 896 5111 δεδωκὼς,
930 5046 1130 5116 μηκέτι
1169 5045 1431 5117 ἀθετῆσαι
1471 5046 1634 5100 αὐτόν
1660 5061 1675 5076 ⁸
1729 5045 1826 5099 καὶ
1866 5046 1967 5097 ὲπ-

376 5141 631 5210 ήκουσεν.
652 5138 815 5195 αὐτὸν
835 5139 864 5191 6
895 5136 1047 5203 Θεὸς,
1078 5135 1175 5189 καὶ
1199 5134 1493 5208 ἐχαρίσατο
1509 5133 1658 5188 αὺτῶ
1688 5134 1786 5206 τὴν
1825 5133 1969 5206 ζωὴν

385 5249 408 5283 c
426 5230 575 5287 ὐτοῧ.

360 5532 369 5539 ·
460 5502 559 5561 il".
614 5506 874 5570 Ἀναστὰς
929 5500 1023 5560 οὖν
1060 5506 1123 5558 ἐκ
1171 5501 1270 5576 τῆς
1316 5503 1648 5575 ἀρρωστίας,
1684 5501 1779 5557 καὶ
1810 5499 1959 5571 ὑγιά-

465 5688 487 5719 ’
516 5683 616 5743 Job
678 5701 807 5750 xxx,
851 5680 936 5739 15.
1037 5686 1081 5717 ¹⁰
1121 5683 1269 5739 Psal.
1319 5698 1457 5737 cur
1485 5720 1500 5750 ,
1531 5683 1585 5738 3.

549 5774 556 5782 ’
727 5784 995 5844 ΡΑτιιοῐο.
1034 5781 1153 5841 Gs.
1204 5782 1269 5843 C.

2064 3212 2403 3268 interfecisti.
2430 3212 2634 3291 Deinde
2676 3217 2917 3273 medicos
2940 3221 3247 3282 accersivit,
3281 3232 3335 3274 et
3356 3236 3453 3277 eos
3484 3238 3644 3291 roga-

2066 3303 2255 3357 vitsibi
2270 3304 2543 3372 opitulari,
2563 3304 2836 3373 pollicitus
2853 3322 2974 3360 cum
2986 3307 3360 3376 jurejurando,
3380 3312 3643 3381 quidquid

2066 3415 2093 3453 a
2122 3416 2180 3455 se
2210 3401 2539 3470 flagitarent,
2564 3402 2620 3456 si
2652 3416 2681 3455 a
2726 3411 2901 3457 morte
2927 3410 3240 3456 servaretur
3270 3420 3288 3456 ι
3324 3402 3399 3456 illi
3459 3404 3647 3459 multis

2068 3494 2349 3548 medicatis
2392 3494 2702 3563 potionibus
2762 3494 2810 3548 ei
2873 3493 3207 3565 praescriptis
3268 3502 3325 3549 et
3381 3496 3648 3564 porrectis

2068 3597 2387 3636 succurrere
2414 3598 2518 3637 non
2549 3592 2878 3655 patuerunt:
2902 3598 3075 3652 quare
3098 3593 3211 3637 tum
3236 3584 3473 3639 humano
3495 3588 3646 3642 omni

2068 3672 2270 3727 auxilio
2314 3674 2605 3730 deStitutus
2633 3675 2715 3744 (ut
2750 3688 2871 3728 cunt
2893 3674 3073 3742 justus
3099 3672 3202 3731 Job
3227 3676 3305 3730 ait
3354 3694 3369 3732 :
3426 3676 3649 3745 Respexi

2069 3765 2139 3817 ad
2153 3765 2434 3829 auxilium,
2458 3776 2503 3818 et
2527 3765 2730 3819 nullum
2746 3777 2859 3820 erat
2877 3766 2920 3830 ’,
2938 3766 3169 3822 utetiam
3206 3766 3411 3825 David:
3442 3768 3649 3836 Nolite,

2069 3853 2264 3923 inquit,
2293 3854 2554 3925 conﬁdere
2577 3857 2632 3910 in
2657 3857 3003 3925 principibus,
3028 3857 3232 3927 inﬁma
3269 3859 3561 3922 hominum,
3591 3864 3652 3912 in

2064 3946 2255 4015 quibus
2283 3962 2386 4000 non
2420 3958 2493 4004 est
2516 3947 2664 4002 salus
2685 3945 2778 4019 “j,
2814 3964 2963 4015 cum,
3006 3949 3250 4018 inquam,
3282 3950 3352 4004 ab
3389 3951 3647 4006 omnibus

2071 4038 2358 4093 destitutus
2391 4052 2456 4091 ac
2507 4036 2789 4106 depositus
2839 4049 3008 4104 esset,
3051 4039 3120 4094 ad
3176 4040 3344 4094 Deum
3380 4039 3647 4111 t-mifngit,

2069 4132 2151 4188 sic
2198 4132 2516 4202 precando:
2579 4129 2830 4197 Domine,
2866 4131 3116 4195 Domine,
3150 4134 3258 4187 boc
3317 4131 3486 4186 semel
3511 4131 3645 4185 milii

2074 4232 2279 4278 tantum
2336 4223 2592 4299 conpede,
2623 4232 2681 4275 nt
2732 4223 2911 4276 vivam
2960 4236 3023 4278 ac
3073 4222 3388 4292 resipiscam
3441 4239 3457 4276 :
3505 4223 3652 4277 baud

2072 4330 2306 4385 unquam
2335 4316 2567 4386 amplius
2580 4324 2637 4371 te
2653 4330 2944 4384 spernam:
2969 4328 3145 4384 neque
3164 4329 3248 4369 me
3276 4328 3512 4383 unquam
3539 4315 3650 4370 vita

2073 4409 2187 4463 lucc
2222 4406 2446 4462 molesta
2499 4408 2552 4462 in
2599 4422 2844 4463 errorem
2895 4407 3135 4470 inducet,
3162 4420 3263 4461 nec
3313 4405 3541 4460 avaritia
3594 4406 3653 4460 in

2071 4508 2348 4570 posterum
2384 4515 2398 4552 :
2429 4497 2522 4553 sed
2541 4497 2783 4566 erogatis
2806 4508 2861 4554 et
2887 4497 3189 4553 distributis
3211 4497 3470 4551 omnibus
3515 4495 3655 4553 meis

2072 4587 2441 4653 facultatibus,
2466 4587 2767 4643 caelibatum
2822 4586 3021 4653 colam,
3052 4596 3107 4641 et
3136 4586 3395 4656 deinceps
3424 4587 3478 4641 in
3519 4586 3654 4641 soli-

2072 4679 2260 4735 tudine
2290 4678 2589 4733 considebo
2625 4696 2638 4732 :
2667 4677 2917 4732 omnibus
2974 4677 3228 4731 humanae
3258 4676 3380 4731 vitae
3421 4676 3657 4746 negotiis

2075 4770 2363 4835 abdicatis,
2420 4780 2476 4826 et
2531 4770 2851 4825 libidinibus
2899 4767 3211 4829 immodicis
3244 4766 3424 4823 valere
3459 4766 3658 4835 jussis,

2076 4863 2269 4919 salutis
2292 4877 2426 4919 mea:
2454 4877 2645 4918 curam
2670 4862 2909 4928 habebo,
2934 4862 3098 4933 idque
3126 4875 3348 4931 Operam
3403 4860 3564 4926 dabo,
3596 4868 3655 4916 ut

2078 4956 2176 5012 tibi
2208 4956 2601 5027 complaceam.
2629 4956 2844 5011 Etenim
2872 4956 2995 5011 novi
3028 4969 3244 5011 onmem
3303 4954 3443 5008 banc
3488 4953 3652 5007 vitam

2078 5048 2292 5104 inanem
2341 5062 2465 5103 esse
2516 5057 2678 5118 atque
2724 5045 3137 5102 infructuosam.
3170 5044 3374 5099 Deinde
3432 5051 3654 5097 sanctos

2079 5140 2145 5195 ad
2182 5138 2442 5195 auxilium
2470 5154 2629 5195 suum
2665 5137 3020 5209 implorabat,
3064 5133 3427 5207 eleemosynis
3471 5132 3659 5188 multis

2078 5233 2132 5287 in
2164 5247 2365 5301 egenos
2386 5231 2636 5297 collatis;
2667 5238 2722 5288 et
2750 5229 3013 5284 obstricta
3042 5227 3147 5282 fide
3178 5225 3426 5288 Domino,
3452 5238 3511 5279 se
3551 5238 3656 5279 non

2074 5321 2309 5391 amplius
2329 5336 2529 5375 numen
2563 5322 2965 5389 despectorum,
3023 5317 3299 5373 exaudivit
3342 5314 3659 5382 cumDeus,

2076 5422 2130 5467 et
2164 5412 2331 5466 vitam
2359 5411 2407 5465 ei
2444 5410 2672 5481 largitus
2714 5419 2820 5466 est.

2143 5499 2281 5557 Xlll.
2312 5500 2431 5557 .lam
2459 5515 2589 5557 vero
2616 5509 2892 5557 recreatus
2926 5514 2957 5555 a
2993 5500 3205 5567 morbo,
3236 5507 3286 5556 et
3316 5498 3550 5555 sanitate
3567 5510 3658 5555 re-

3221 5770 3301 5831 39
