4024 6430
316 472 454 537 Ῑῗδέι

1832 491 2030 553 VITA.

3437 474 3573 545 1248

302 601 430 646 τινα
471 585 630 659 λόγον
664 591 1098 663 προκατεόάλετο
1118 637 1134 660 ,
1170 596 1313 652 αἰδοῖ
1352 600 1455 671 τῆς
1483 599 1759 673 ὑπεροχῆς
1790 603 1887 658 τοῦ

2013 593 2304 659 nominibus
2356 615 2514 658 nemo
2564 613 2735 671 usque
2766 599 2833 654 ad
2869 600 2984 655 hate
3035 606 3299 667 tempora,
3327 595 3570 651 Omnium

305 677 501 749 ἀνδρὸς
532 682 659 750 σιγῇ
693 681 896 736 τούτων
928 684 1441 756 άποθαυμασάντων
1463 693 1559 743 καὶ
1588 693 1885 762 σεμνυνάν-

314 786 436 835 των,
463 766 574 840 ἄρα
597 790 658 842 γε
681 776 1036 847 ἀνιστόρητον
1060 778 1233 849 πάντη
1254 780 1523 851 τοσαύτην
1545 782 1737 856 ἀνδρὸς
1759 784 1888 854 ἀρε-

304 861 429 929 τὴν,
461 865 509 915 εί
543 865 635 918 καὶ
667 866 962 937 ἐλάχιστοι,
995 870 1418 941 καταλείψομεν,
1450 874 1545 926 καὶ
1584 875 1686 928 οὐκ
1720 876 1890 943 ἀναγ-ι

192 976 213 985 ~
305 952 578 1024 γελοῦμεν
612 956 709 1022 τὰς
753 959 937 1013 θεόθεν
994 960 1065 1015 δι’
1104 962 1275 1020 αὐτοῦ
1311 964 1687 1036 γεγενημένας
1729 967 1890 1040 εὐερ-

306 1044 527 1111 γεσίας;
572 1048 682 1100 Kal.
717 1048 847 1102 πότε
890 1050 956 1122 δὴ
993 1052 1361 1123 γνησιώτερον
1407 1054 1507 1127 τὴν
1558 1054 1890 1110 κελεύουσαν

308 1136 525 1206 πατέρα
572 1139 741 1210 τιμᾷν
788 1140 1153 1213 πληρώσομεν
1208 1146 1466 1217 ὲντολήν;
1526 1147 1891 1218 Εύχαριστίαν

306 1227 681 1296 προσάγοντες
725 1230 805 1301 τῷ
847 1232 1195 1306 καθεκάστην
1233 1238 1427 1304 γενεὰν
1478 1238 1607 1302 τοὺς
1655 1239 1893 1303 οἰκείους

309 1322 652 1393 θεράποντας
680 1325 836 1398 δίκην
868 1331 1056 1401 φωστή
1068 1348 1175 1402 ρων
1209 1332 1651 1399 ὲξανατέλλοντι,
1681 1334 1779 1387 καὶ
1813 1333 1890 1403 τῷ

306 1412 401 1469 τὸν
431 1414 624 1470 σκότον
657 1418 1044 1473 ἁποδιώκοντι·
1076 1422 1215 1493 πλὴν
1240 1423 1303 1476 οὐ
1331 1422 1588 1478 τοσοῦτον
1625 1425 1823 1496 μανίας
1856 1425 1889 1496 ἢ

310 1507 486 1579 μέθης
518 1508 1013 1583 ἀναπεπλήσμεθα,
1050 1513 1126 1577 ὡς
1166 1515 1287 1573 κατ’
1329 1515 1493 1581 ἀξίαν
1531 1517 1625 1570 τόν
1679 1516 1894 1571 δίκαιον

308 1598 681 1669 ἐγκωμιάζειν
718 1604 1189 1671 ἐπαγγέλλεσθαι·
1222 1606 1338 1659 ἀλλ’
1367 1606 1427 1660 ὃν
1456 1608 1662 1678 τρόπον
1687 1610 1737 1660 oi
1768 1609 1895 1677 ἄρτι

309 1692 392 1753 είς
410 1690 764 1759 διδασκάλους
789 1696 1106 1764 φοιτῶντες,
1133 1700 1261 1762 τοὺς
1286 1700 1387 1770 μὲν
1410 1701 1753 1772 ἀρχετύπους
1783 1701 1893 1755 τῶν

310 1784 660 1853 γραμμάτων
732 1787 1099 1857 χαρακτῆρας
1148 1789 1576 1859 ἀπομιμοῦνται,
1638 1792 1739 1845 οὐκ
1795 1795 1895 1860 ἐφ-

312 1873 588 1931 ικνοῦνται
627 1876 682 1929 δὲ
720 1878 820 1946 τῆς
852 1879 1115 1947 ἀκριῦοῦς
1148 1882 1449 1951 ἐμφερείας
1475 1881 1675 1944 αὐτῶν,
1705 1883 1780 1945 ὡς
1830 1881 1894 1936 τὰ

1989 693 2165 757 laude,
2223 690 2496 763 praeconio
2524 699 2580 746 et
2615 689 2922 745 atternitate
2968 687 3130 758 digno
3156 683 3429 739 Metliodio
3458 683 3575 737 lau-

1990 784 2271 839 dationem
2305 782 2545 853 aliquam
2590 781 2919 852 reposuerit,
2966 780 3222 833 omnibus
3252 774 3570 845 praecellen-

1991 876 2185 931 tissimi
2239 874 2338 930 viri
2391 875 2739 930 veneratione
2792 871 3144 934 absterritis,
3204 868 3434 937 ideoque
3486 879 3570 920 res

1992 966 2135 1022 illius
2165 976 2350 1036 gestas
2388 966 2610 1021 silentio
2640 972 2695 1019 et
2728 964 3116 1033 admiratione,
3146 957 3571 1022 venerantibus;

1992 1074 2058 1113 an
2079 1067 2366 1128 pr0pterea
2387 1073 2415 1112 a
2444 1066 2593 1111 tanto
2630 1057 2798 1110 heroe
2820 1066 3131 1110 sermonem
3160 1047 3571 1111 abstinebimus,

1991 1156 2046 1203 et
2078 1156 2281 1202 tantam
2312 1140 3033 1213 virtutem,.despicatissimi
3079 1140 3232 1202 licet,
3271 1130 3576 1206 praeteribi-

2000 1254 2144 1304 mus,
2183 1252 2357 1307 neque
2391 1236 2657 1293 benellcia
2706 1234 2968 1291 divinitus
3000 1246 3095 1301 per
3142 1244 3267 1283 eum
3318 1224 3578 1280 universo

1992 1330 2113 1385 orbi
2180 1329 2377 1384 collata
2446 1323 2901 1383 enuntiabimus?
2940 1321 3320 1389 .Quandonam
3393 1324 3576 1369 autent

1992 1422 2347 1493 opportunius
2383 1427 2711 1490 praeceptum
2742 1417 2809 1472 de
2837 1413 3156 1471 honorando
3196 1419 3353 1480 patre
3382 1405 3578 1475 exple-

1995 1515 2194 1577 bimus,
2246 1513 2452 1582 gratias
2500 1510 2571 1564 illi
2608 1517 2856 1579 agentes,
2894 1505 2984 1574 qui
3038 1501 3268 1572 singulis
3321 1496 3579 1553 aetatibus

1995 1620 2182 1660 servos
2212 1619 2361 1669 suos,
2415 1602 2765 1656 luminarium
2800 1599 2996 1661 instar,
3029 1594 3233 1650 exoriri
3283 1591 3414 1645 lacit
3458 1586 3580 1640 ani-

1997 1710 2312 1763 morumque
2361 1694 2615 1747 tenebras
2664 1689 2848 1761 pellit?
2888 1686 3006 1742 Non
3064 1696 3241 1741 tamen
3277 1680 3332 1735 in
3365 1686 3581 1733 tantum

1994 1787 2234 1844 furorem
2288 1786 2717 1852 ebrietatemqne
2763 1781 3146 1843 devolvemur,
3200 1782 3257 1828 ut
3329 1766 3579 1840 prollteri

1996 1880 2264 1942 vi-limus,
2318 1876 2498 1944 dignis
2550 1874 2760 1945 justum
2821 1870 3070 1925 laudibus
3124 1865 3512 1922 celebrandum
3546 1872 3577 1911 a

306 1962 449 2016 αὐτὰ
470 1968 577 2029 τοῖς
596 1968 779 2031 αὐτοῖς
804 1970 1057 2033 ἐοικέναι,
1084 1969 1228 2023 οὕτω
1251 1971 1344 2022 καὶ
1369 1972 1396 2023 ὁ
1415 1971 1690 2041 ἡμέτερος
1715 1970 1891 2039 λόγος,

2016 1971 2156 2026 nobis
2185 1985 2328 2026 esse.
2378 1968 2592 2023 Etenim
2635 1965 2780 2021 sicut
2809 1963 2881 2017 illi
2915 1962 3005 2032 qui
3048 1959 3285 2029 primum
3312 1970 3339 2008 a
3371 1964 3581 2022 praece-

304 2052 548 2122 ψελλίσει
582 2058 680 2128 μὲν
708 2060 838 2123 ἴσως
882 2061 1124 2125 διανοίας
1154 2062 1379 2131 ἀτέχνου
1421 2061 1887 2133 προϐεϐλημένος.

306 2143 356 2196 τ’
391 2145 568 2217 άληθῆ
601 2148 656 2200 δὲ
686 2151 781 2205 καὶ
823 2150 1108 2221 συντόμως
1145 2152 1360 2218 λέξεται
1394 2153 1538 2205 κατὰ
1566 2151 1815 2222 δύναμιν.

1993 2063 2237 2133 ptoribus
2266 2060 2651 2123 instituuntur,
2683 2058 3009 2127 archetypas
3038 2052 3344 2106 litterarum
3377 2046 3583 2097 formas

1995 2154 2295 2217 imitantur,
2349 2152 2474 2206 licet
2522 2150 2794 2220 exquisita
2842 2160 3031 2202 earum
3090 2143 3422 2197 lineamenta
3475 2145 3584 2186 non

258 2320 269 2329 _
310 2241 538 2297 l'eddant
569 2244 647 2298 sic
674 2256 729 2299 ut
758 2247 938 2300 omnia
974 2248 1040 2301 ad
1072 2248 1331 2328 aumssim
1363 2248 1469 2303 illis
1501 2248 1699 2303 similia
1728 2249 1878 2313 sint;
1918 2248 1991 2301 ita
2032 2256 2217 2302 nostra
2283 2248 2399 2301 base
2428 2247 2624 2309 oratio,
2662 2243 2959 2298 sententias
3000 2238 3146 2293 nulla
3219 2243 3337 2289 arte
3382 2242 3586 2299 perpo-

308 2333 437 2393 litas
484 2351 811 2407 proponens,
866 2322 1130 2397 balbutiet
1174 2341 1392 2409 quidem
1449 2342 1708 2404 fortasse,
1766 2355 1892 2394 vera
1929 2340 2305 2403 nihilominus,
2340 2348 2395 2393 et
2456 2353 2561 2407 qua
2631 2336 2830 2406 poterit
2879 2331 3148 2387 brevitate
3199 2330 3590 2397 prosequetur.

384 2449 449 2521 β’.
499 2451 559 2504 '0
603 2452 859 2517 ἐκλεκτὸς
907 2453 1028 2525 Θεῷ
1083 2455 1349 2519 Μεθόδιος
1393 2457 1491 2517 τὰς
1540 2453 1901 2528 Συρακούσας

308 2544 438 2614 ἔσχε
487 2546 753 2616 πατρίδα,
805 2546 1011 2614 γονέων
1042 2546 1282 2600 εὐκλεῶν
1326 2547 1420 2599 καὶ
1466 2545 1743 2598 πλουσίων
1786 2546 1901 2610 υίὸς

310 2634 584 2703 γεγονώς’
645 2639 702 2689 ἐν
735 2630 823 2699 αἷς
874 2638 1055 2689 πᾶσαν
1106 2636 1507 2705 γραμματικῆς
1555 2636 1754 2705 τέχνην
1806 2635 1903 2688 καὶ

312 2725 578 2797 ἱστορίαξ,
605 2727 981 2799 ὀρθογραφίαν
1004 2744 1061 2780 τε
1105 2728 1197 2780 καὶ
1226 2727 1569 2795 ὀξυγραφίαν
1595 2724 1900 2797 κατωρθω-

312 2816 427 2881 κὼς
475 2820 539 2871 ἐκ
578 2818 802 2884 παιδδς,
838 2818 941 2889 ἤδη
988 2819 1175 2872 λοιπον
1217 2821 1298 2881 εἰς
1344 2819 1516 2889 ἄνδρα
1562 2819 1755 2884 τελῶν,
1802 2819 1902 2890 τὴν

2074 2458 2414 2527 2._Acceptus
2441 2456 2551 2511 Deo
2568 2453 2873 2509 illethodins
2906 2450 3208 2525 Syracusas
3231 2444 3306 2517 (α)
3362 2441 3591 2513 patriam

2009 2549 2233 2615 habuit,
2280 2547 2422 2603 fama
2460 2546 2772 2617 conspicuis
2822 2542 3138 2612 parentibus
3185 2553 3251 2592 ac
3290 2531 3590 2606 praediviti-

2008 2642 2111 2697 bus
2147 2620 2335 2704 ortus,
2358 2640 2446 2694 ubi
2481 2638 2548 2693 ab
2587 2639 2704 2707 ipsa
2754 2634 2984 2705 pueritia
3030 2631 3283 2686 universa
3319 2637 3596 2697 grammao

2008 2732 2135 2798 tica,
2179 2731 2639 2799 historiarumque
2674 2727 2902 2783 scientia
2970 2738 3179 2779 necnon
3223 2726 3371 2774 recte
3402 2714 3595 2770 celeri-

2010 2834 2203 2894 terque
2253 2822 2532 2879 scribendi
2598 2832 2717 2875 arte
2771 2817 3043 2880 excultus,
3101 2828 3223 2869 cum
3268 2809 3379 2880 jam
3409 2809 3590 2863 virum

317 2910 564 2981 βασιλίδα
595 2912 924 2966 καταλαϐὼν
950 2953 964 2976 ,
998 2913 1230 2965 πλεῖστα
1276 2912 1536 2983 χρήματα
1566 2912 1666 2966 ὅσα
1700 2912 1902 2979 ἐπαγό-

2013 2917 2299 2979 indnisset,
2360 2913 2601 2983 reginam
2637 2912 2851 2966 urbium
2903 2916 3154 2977 occupat,
3190 2902 3393 2974 ingenti
3427 2914 3593 2969 apum

316 3020 498 3073 μενος,
532 3003 827 3074 βασιλικῶν
859 3004 1190 3075 ἀξιωμάτων
1226 3008 1415 3074 τυχεῖν
1458 3002 1772 3072 ἐφιέμενος,
1808 3004 1902 3057 καὶ

2013 3009 2058 3063 vi
2083 3008 2420 3077 constipatus
2446 3047 2461 3071 ,
2503 3014 2558 3060 ut
2587 3005 2657 3058 ibi
2693 3004 2855 3073 regiis
2890 2998 3247 3070 dignitatibus
3300 2993 3597 3064 insignire-

314 3094 397 3164 τῷ
433 3094 532 3165 βίῳ
587 3096 896 3166 περιφανὴς
945 3095 1320 3165 καταστῆναιο
1380 3093 1656 3164 συντυχὼν
1698 3093 1753 3146 δέ
1805 3110 1902 3146 τινι

2013 3111 2130 3165 Iur,
2197 3108 2621 3170 sumptuumque
2680 3093 3078 3164 magnificentia
3135 3088 3591 3145 conclaresccret,

314 3190 533 3257 ἀσκῆτῇ
577 3189 642 3241 ὲκ
688 3188 945 3259 προνοίας
980 3188 1138 3252 Θεοῦ,
1164 3187 1366 3257 κα“ιτὴν
1392 3186 1572 3240 αἰτίαν
1595 3186 1902 3256 ἐρωτηθεὶς,

2015 3195 2232 3256 Verum,
2267 3194 2340 3247 ita
2370 3207 2491 3246 emn
2534 3191 2764 3243 ducente
2790 3184 3131 3257 providentia
3160 3179 3434 3243 Numinis,
3466 3191 3593 3232 cum

312 3281 385 3333 δι’
413 3280 480 3351 ἢν
511 3280 621 3334 τῶν
647 3280 920 3351 ἑσπερίων
938 3280 1073 3350 πρὸς
1100 3281 1197 3352 τὴν
1218 3281 1292 3334 ἔω
1327 3282 1790 3351 μεταπεφοίτηκε,
1821 3279 1902 3332 τὸν

2018 3287 2069 3339 ἱιι
2100 3296 2337 3341 asrotam
2387 3281 2705 3345 incidisset,
2752 3281 3155 3347 interrogatus,
3196 3285 3487 3341 quemnam
3525 3267 3596 3321 ob

314 3369 449 3425 ἴδιον
493 3370 767 3440 ἐξειρήκει
813 3371 1035 3424 σκοπόν.
1088 3372 1146 3424 Ὀ
1190 3370 1248 3423 δὲ
1305 3370 1468 3439 σοφὸς
1513 3371 1653 3440 ἀνὴρ
1702 3371 1908 3434 ἐκεῖνός

314 3478 502 3533 φησιν’
536 3464 646 3514 Καὶ
678 3464 725 3515 εί
759 3462 907 3515 οὕτω
938 3462 1094 3534 δόξης
1128 3465 1281 3534 ἐρᾷς,
1310 3457 1354 3516 ὢ
1386 3462 1594 3530 νεανία,
1625 3462 1713 3515 διὰ
1747 3463 1801 3515 τί
1833 3464 1908 3534 μὴ

315 3557 417 3626 τὴν
446 3554 719 3624 μένουσαν
756 3557 963 3626 μᾶλλον
988 3556 1085 3608 καὶ
1106 3558 1206 3625 τὴν
1232 3556 1384 3609 θείαν
1416 3556 1536 3608 ἀντὶ⁵
1568 3555 1668 3624 τῆς
1696 3572 1836 3623 παρε
1847 3572 1909 3625 ρ-

316 3650 555 3717 χομένης
602 3647 1155 3717 καταπλουτήσειας,
1219 3647 1290 3701 τὰ
1349 3647 1448 3716 μὲν
1500 3645 1598 3699 οὖν
1644 3646 1908 3716 χρήματα

316 3743 432 3803 τοῖς
490 3742 811 3811 πενομένοις
876 3740 1364 3812 κατασκορπίσας,
1415 3740 1508 3792 τὸν
1559 3741 1797 3811 σταυρόν
1852 3740 1909 3793 δὲ

318 3832 561 3904 Χριστοῦ
589 3833 731 3904 ἄρας
749 3872 765 3897 ,
799 3835 893 3886 καὶ
922 3835 1033 3896 τοῖς
1062 3834 1417 3895 Δεσποτικοῖς
1448 3830 1524 3901 τῷ
1553 3831 1668 3885 όντι
1702 3831 1908 3900 βασιλι-

317 3927 439 3988 κοῖς
469 3926 671 3996 ἴχνεσιν
700 3924 1185 3995 ὲπακολουθήσας;
1233 3924 1301 3976 Ἢ
1336 3923 1435 3976 οὐκ
1468 3925 1526 3975 ὲν
1558 3920 1911 3991 Εὐαγγελίοις

321 4018 863 4071 ἑκατονταπλασίονα
890 4013 997 4074 ὧδε
1028 4015 1206 4069 ταῦτα
1238 4012 1636 4083 ἀπολήψεσθαι,
1669 4011 1910 4084 Χριστοῦ

318 4110 573 4177 λέγοντος
612 4109 873 4181 ἤκουσας,
918 4109 1080 4161 κάκεῖ
1121 4107 1268 4176 ζωὴν
1308 4105 1528 4160 αἰώνιον
1563 4102 1911 4174 κληρονομῆ-

323 4217 451 4266 eat;
487 4201 650 4253 Ὥστε
691 4202 739 4253 εί
781 4198 1067 4268 πεισθείης
1097 4197 1192 4250 νῦν
1222 4196 1299 4267 τῷ
1335 4196 1454 4269 ὲμῷ
1480 4194 1646 4263 λόγῳ,
1693 4192 1910 4262 πτωχὸν

324 4293 554 4347 σεαυτὸν
599 4294 695 4345 καὶ⁸
747 4291 935 4358 ἄδοξον
983 4290 1381 4360 καταστήσεις,
1440 4287 1579 4357 μετὰ
1628 4281 1912 4338 δυναστῶν

323 4382 458 4437 λαοῦ
497 4383 743 4446 καθίσεις
769 4418 784 4445 ,
822 4383 918 4435 καὶ
964 4380 1155 4451 θρόνου
1203 4378 1365 4449 δόξης
1418 4373 1909 4448 κατακληρονομή-

324 4488 389 4528 σε
399 4490 467 4535 ις.

401 4687 469 4750 γ’.
496 4679 673 4742 Εὐθὺς
699 4674 792 4734 οὖν
812 4680 846 4749 ἡ
877 4676 1058 4748 ἀγαθὴ
1086 4674 1285 4747 καρδία
1314 4673 1521 4744 ἐκείνη,
1547 4671 1738 4740 ὥσπερ
1767 4671 1909 4743 καλὴ
1943 4630 1985 4684 D

238 4754 247 4759 ’
325 4776 402 4844 γῆ
433 4773 523 4827 τὸν
556 4772 755 4842 σπόρον
789 4769 1084 4839 δεξαμένη,
1118 4767 1297 4821 πάντα
1330 4765 1468 4837 μετὰ
1508 4763 1747 4833 σπουδῆς
1812 4765 1914 4815 ἑπ-

325 4864 599 4920 ετέλεσεν.
663 4863 1044 4931 Ἀποκείρεται
1094 4859 1273 4912 τοίνυν
1330 4858 1389 4912 ἐν
1437 4858 1505 4926 τῇ
1559 4854 1911 4924 Χηνολάκκου

326 4954 493 5024 μονῇ,
529 4954 755 5005 κάκεῖσε
792 4952 892 5020 τὴν
928 4947 1237 5023 ἀσκητικὴν
1274 4945 1489 5010 ὲξανύει
1541 4942 1908 5012 παλαίστραν,

330 5043 459 5115 μηδ’
483 5044 512 5096 ὅ
544 5062 596 5096 τι
618 5038 711 5097 οὖν
733 5042 827 5097 τοῦ
854 5043 1079 5106 κανόνος
1095 5037 1569 5110 ὑπερόαλέσθαι,’ἦ
1599 5035 1919 5108 καταλεῖψαι

329 5137 692 5203 σπουδάζων,
750 5137 939 5208 σαφῶς
986 5136 1350 5204 ἐπιστάμενος
1406 5136 1505 5204 τὴν
1551 5134 1632 5196 είς
1681 5130 1919 5203 ἑκάτερα

328 5236 514 5289 κλίσιν
550 5235 645 5289 τοῦ
680 5235 882 5299 παντὸς
910 5230 1056 5289 εἶναι
1085 5235 1430 5288 ἀπόπτωσιν.

403 5326 467 5381 δ’.
513 5327 625 5381 Καὶ
653 5326 827 5389 οὓτως
871 5328 971 5398 μὲν
1008 5321 1166 5389 οὗτος
1196 5324 1546 5396 ἐφιλοσόφει,
1591 5321 1786 5394 μέχρις
1833 5322 1922 5377 ὅτε

328 5419 522 5474 λοιπὸν
552 5422 585 5491 ἡ
622 5419 817 5490 βαθεῖα
842 5421 931 5474 καὶ
964 5420 1218 5490 σκοτεινὴ
1244 5418 1341 5485 νὺξ
1374 5417 1478 5488 τῆς
1508 5417 1783 5489 αἱρέσεως
1810 5413 1923 5467 τῶν

410 5626 488 5695 (ιι)
521 5624 797 5695 Syracusis
845 5626 976 5681 urbs
1034 5625 1235 5681 Siciliae
1280 5632 1363 5681 est
1418 5622 1702 5695 notissima
1732 5620 1908 5695 ;_hittc

336 5691 478 5765 ipse
504 5691 837 5762 Methodius,
877 5712 940 5749 ex
978 5696 1171 5751 all'eetu
1221 5711 1352 5763 erga
1408 5693 1653 5757 Siculos,
1696 5691 1909 5745 videtur

337 5768 628 5834 scripsisse
692 5766 839 5820 illam
914 5767 1177 5822 illustrem
1230 5765 1658 5834 orationemde
1716 5769 1903 5834 sancta

336 5830 547 5908 Agatba
582 5837 785 5908 virgine
811 5844 878 5908 κιαι
914 5847 1174 5908 martyre,
1227 5851 1390 5907 quant
1439 5832 1710 5890 edidimus
1745 5830 1778 5885 5
1806 5830 1905 5889 Fe-

339 5907 545 5964 bruarii
575 5922 695 5976 pag.
726 5905 828 5961 (Sil
868 5923 980 5977 seq.

2010 3394 2229 3432 eattsant
2286 3377 2527 3445 partibus
2574 3373 2815 3427 occiduis
2878 3368 3121 3425 dimissis
3169 3365 3238 3420 ad
3301 3359 3596 3418 orientales

2011 3485 2069 3524 se
2105 3461 2478 3531 transtulerit,
2526 3464 2672 3534 quod
2709 3462 2891 3516 animo
2926 3459 3078 3531 prius
3108 3464 3432 3523 conceperat
3464 3449 3597 3505 emt.

2012 3569 2118 3613 tur.
2155 3558 2292 3612 Tum
2343 3568 2497 3613 catus
2545 3556 2635 3610 ille
2665 3554 2793 3609 vir:
2829 3555 2886 3608 Si
2933 3551 3204 3605 desiderio
3248 3544 3455 3617 εισι-ἰὼ,
3497 3543 3597 3604 ait.

2010 3655 2146 3706 adeo
2200 3650 2428 3722 urgeris.
2476 3665 2509 3704 ο
2544 3648 2903 3713 adolescens,
2960 3658 3131 3714 quare
3187 3656 3293 3694 non
3348 3636 3598 3692 stabilem

2014 3744 2158 3796 illaut
2195 3741 2542 3809 divinumque
2576 3740 2775 3806 petitis.
2805 3752 2915 3806 pra:
2950 3734 3149 3805 fragili,
3179 3741 3233 3787 et
3270 3731 3379 3785 cito
3410 3727 3600 3782 avola-

2013 3846 2164 3899 tma,
2214 3835 2345 3895 ,tibl
2428 3831 2852 3902 procuraveris,
2912 3827 3107 3897 opibus
3179 3824 3232 3878 in
3299 3821 3604 3891 indigentes

2011 3925 2229 3991 cli'utsis,
2284 3940 2443 3977 cruce
2485 3923 2693 3977 Damini
2750 3922 2999 3983 sublata,
3057 3915 3331 3971 dominica
3366 3921 3421 3967 cl.
3474 3926 3605 3966 vere

2014 4017 2161 4086 regia
2196 4015 2421 4085 vestigia
2466 4013 2729 4069 secutus?
2766 4014 2957 4066 Annon
2994 4011 3045 4063 in
3111 4004 3420 4077 Evangeliis
3448 4002 3576 4057 Chri

2013 4117 2155 4163 stum
2211 4108 2584 4162 enuntianlem
2662 4106 2858 4160 audisti
2917 4113 3105 4158 earum
3172 4098 3339 4152 etiam
3390 4095 3444 4149 in
3500 4095 3604 4147 hoc

2014 4200 2213 4254 mundo
2261 4199 2575 4268 centuplum
2613 4207 2960 4264 accepturum
3009 4203 3081 4258 te,
3116 4201 3170 4246 et
3209 4190 3330 4243 vitae
3385 4198 3604 4242 a'terna:

2013 4292 2384 4347 hzcreditatem
2436 4301 2862 4347 consecuturttm
2889 4288 2913 4341 ἲ
2945 4287 3125 4352 Quare
3159 4283 3202 4337 si
3246 4297 3332 4336 me
3383 4279 3601 4341 audies,

2016 4385 2287 4454 iidemque
2311 4384 2547 4439 sermoni
2582 4397 2702 4436 meo
2729 4381 3040 4442 adhibebis,
3074 4377 3267 4437 facies,
3301 4380 3358 4426 ul.
3395 4384 3607 4441 pauper

2012 4487 2068 4533 et
2098 4476 2364 4547 inglorius
2391 4475 2501 4538 sis,
2533 4475 2717 4543 sicque
2752 4471 2971 4528 sedebis
2997 4485 3118 4524 cum
3152 4464 3463 4535 potentibus
3507 4477 3606 4531 po-

2018 4570 2147 4640 puli,
2186 4578 2240 4623 et
2271 4574 2522 4623 thronum
2559 4556 2741 4637 gloriae
2779 4562 3152 4619 bereditabis.

2085 4683 2140 4737 5.
2184 4680 2379 4737 Statim
2435 4679 2618 4748 itaque
2669 4676 2923 4748 egregius
2980 4675 3071 4731 ille
3134 4671 3386 4731 animus,
3440 4666 3603 4723 veluti

2019 4784 2161 4828 terra
2209 4771 2439 4827 fecunda
2488 4784 2671 4825 semen
2713 4767 3019 4837 excipiens,
3060 4779 3275 4822 summo
3310 4762 3430 4814 nisu
3461 4758 3610 4815 dicta

2016 4862 2351 4932 exsequitur.
2366 4861 2552 4930 Quare
2574 4862 2625 4914 in
2644 4861 2716 4931 (ιι)
2740 4859 3037 4914 Chenolaci
3072 4856 3407 4910 nmnasterio
3426 4852 3599 4920 capil-

2018 4954 2097 5008 los
2113 4954 2355 5023 deponit,
2379 4951 2729 5023 postmodum
2772 4950 3007 5006 ascetica
3037 4949 3290 5019 pala-stra
3309 4942 3607 5012 perlicitur,

2018 5060 2230 5102 summo
2248 5046 2435 5111 studio
2449 5044 2783 5100 contendens
2807 5058 2873 5098 ne
2895 5042 3024 5111 quid
3052 5039 3193 5094 inl'ra
3222 5038 3305 5091 vel
3336 5050 3500 5104 supra
3528 5050 3616 5088 re.

2019 5141 2197 5210 gulam
2217 5137 2416 5193 laceret
2428 5136 2625 5209 ,‘probe
2641 5132 2839 5199 sciens,
2855 5146 3231 5204 quamcunque
3247 5129 3369 5198 quis
3385 5126 3618 5180 declina-

2019 5233 2161 5287 verit
2192 5239 2402 5300 partem
2432 5245 2553 5284 cum
2590 5244 2771 5283 rerum
2807 5227 3048 5281 omnium
3091 5224 3359 5294 iacturam
3397 5219 3612 5274 iecisse.

2092 5322 2145 5375 4.
2191 5321 2255 5374 Et
2292 5322 2395 5375 hac
2425 5320 2512 5374 ille
2544 5318 2760 5389 quidem
2794 5316 3006 5371 ratione
3041 5325 3209 5369 Vitam
3241 5327 3393 5365 suam
3431 5307 3616 5363 sobrie

2026 5413 2411 5483 moderateque
2471 5409 2835 5472 instituebat;
2889 5406 3070 5476 quoad
3129 5403 3347 5458 tandem
3396 5416 3513 5454 atra
3562 5410 3621 5454 et

2088 5616 2165 5686 (θ)
2204 5614 2558 5677 Chenolacus,
2592 5608 2967 5686 idAestALacus
3023 5622 3298 5686 anserum,
3336 5613 3614 5686 monaste-

2017 5674 2160 5742 rium
2209 5674 2599 5741 :edilicatum'a
2636 5682 2916 5751 Stephano
2962 5681 3064 5751 sub
3099 5678 3294 5751 Leone
3341 5674 3611 5751 Isaurico,

2017 5759 2091 5811 uti
2131 5765 2341 5811 constat
2369 5771 2435 5811 ex
2473 5754 2675 5819 elogio,
2705 5747 2846 5822 quod
2878 5767 2948 5806 ex
2996 5749 3214 5822 Mena-is
3253 5747 3461 5808 Graecis
3492 5747 3612 5803 edi-

2017 5830 2194 5885 dimus
2228 5826 2293 5881 ad
2328 5827 2471 5882 diem
2510 5824 2573 5881 Η
2602 5821 2847 5881 Januarii
2876 5839 3001 5893 pag.
3046 5821 3169 5877 976.
