4024 6426
333 266 472 332 1249

1860 278 2064 340 VITA.

3473 273 3623 348 1256

328 378 465 450 γών,
506 378 613 434 ἀπὸ
644 379 736 433 τοῦ
778 379 1150 452 ἀθεράπευτον
1194 374 1371 449 εἶναι,
1406 385 1514 439 ἀπὸ
1557 387 1650 441 τοῦ
1693 388 1914 441 καταδι-

2021 385 2311 455 angustiis,
2331 385 2537 456 ﬂagris,
2565 386 3088 444 medicamentorum
3121 390 3323 462 inopia,
3354 396 3615 450 condem-

329 471 627 535 κασθέντος
652 473 914 544 ἀγροίκου
945 473 1159 546 ἀνδρὸς,
1193 477 1301 530 ἀπὸ
1329 478 1429 548 τὴς
1458 478 1554 532 τοῦ
1584 478 1760 549 τάφου
1799 496 1920 533 στε-

326 563 618 634 νοχωρίας,
649 563 743 637 καὶ
771 563 833 617 τὸ
867 563 1197 635 δεινότερον,
1227 566 1336 619 ἀπὸ
1363 566 1455 620 τοῦ
1485 567 1762 637 ἀφεγγοῦς
1787 568 1918 621 σκό-

324 674 474 721 τους.
502 656 617 710 Οὐκ
652 655 732 709 ἔτι
756 652 849 710 οὖν
872 658 1005 728 ἡμῖν
1027 656 1211 729 δεήσει
1238 657 1424 713 λοιπον
1450 661 1519 715 τὰ
1549 661 1761 722 τούτοις
1787 661 1919 715 ἐπό-

329 767 471 822 μενα
527 749 833 821 σκυθρωπά
895 750 1154 816 ἐξειπεῖν,
1207 753 1271 806 τὸ
1319 749 1462 817 εἰδος
1519 755 1619 825 τῆς
1677 754 1916 826 βασάνου

329 841 587 913 μαθοῦσι,
618 842 840 894 πάντων
866 841 1084 895 εἰδότων
1105 842 1205 914 τὴν
1232 844 1583 915 ἀνθρωπίνην
1608 845 1916 909 ἀσθένειαν,

326 933 424 987 καὶ
449 932 508 985 rb
529 933 714 986 ἄθλιον
736 935 834 1004 τῆς
860 936 1034 1006 πηλοῦ
1060 934 1266 1006 ταύτης
1292 937 1387 988 καὶ
1409 936 1662 989 ἐπίνοσον
1701 936 1915 1001 σκεῦος,

324 1021 541 1076 ὁπόσων
575 1022 780 1077 ὀδυνῶν
824 1026 925 1094 τὴν
980 1026 1159 1097 ψυχὴν
1196 1027 1253 1078 ἐν
1287 1028 1401 1089 τοῖς
1440 1027 1706 1090 τοιούτοις
1754 1029 1921 1099 ἐμπί-

325 1114 546 1185 πλησιν·
572 1115 650 1186 τῷ
674 1115 788 1169 δντι
814 1116 923 1187 γὰρ
949 1117 1110 1187 ἐτέθη
1138 1118 1234 1171 καὶ
1260 1117 1422 1182 αὐτὸς
1444 1116 1553 1182 ζῶν
1577 1120 1918 1192 ἀπρονόητος

323 1207 387 1260 ἐν
415 1204 604 1278 λάκκῳ
632 1208 955 1279 κατωτάτῳ,
984 1210 1041 1262 ἐν
1071 1212 1369 1273 σκοτεινοῖς
1399 1211 1494 1265 καὶ
1519 1214 1576 1265 ἐν
1601 1213 1731 1283 σκιᾷ
1751 1210 1919 1266 θανά-

322 1313 457 1350 του,
485 1296 636 1366 Αὕτη
666 1297 763 1350 τοῦ
806 1298 1080 1368 μακαρίου
1118 1297 1383 1351 Μεθοδίου
1415 1299 1448 1368 ἡ
1489 1298 1631 1369 ὑπὲρ
1675 1296 1916 1369 Χριστοῦ

324 1386 521 1458 πρώτη
552 1388 802 1458 ἄθλησιςο
833 1390 901 1442 τὰ
927 1388 1034 1460 γὰρ
1060 1388 1186 1459 ἑξῆς
1240 1387 1398 1453 αὖθις
1424 1390 1727 1462 εἰρήσεται·
1755 1390 1917 1444 τοῦτο

324 1479 387 1530 τὸ
421 1477 657 1548 σφοδρὸν.
685 1479 779 1531 καὶ
806 1481 1200 1551 ἐπιτεταμένον
1227 1479 1529 1552 μαρτύριον
1554 1480 1647 1534 τοῦ
1679 1480 1913 1555 μεγάλου

322 1569 495 1634 ὅντως
527 1571 769 1642 Χριστοῦ
804 1573 983 1644 μάρτυ
995 1588 1108 1644 ρος.

400 1854 477 1913 ς’.
529 1846 814 1919 Διαφόρως
877 1847 1061 1902 τοίνυν
1104 1849 1407 1919 ἐρωτηθεὶς
1459 1852 1509 1904 εἰ
1545 1849 1788 1921 βούλοιτο
1831 1851 1918 1905 ἐν-

324 1940 549 2011 υϐρίσαι
574 1943 653 2002 εἰς
681 1940 778 2006 τὴν
808 1939 900 1992 τοῦ
934 1940 1175 2009 Χριστοῦ
1203 1941 1409 2007 εἰκόνα,
1445 1943 1660 2012 καὶτῆς
1691 1943 1916 2014 εἰρκτῆς

320 2031 617 2101 ἀφεθῆναι,
654 2031 915 2101 μυριάκις
950 2032 1101 2097 ἔλεγε
1167 2032 1445 2097 τοιούτους
1484 2035 1583 2087 καὶ
1615 2035 1757 2105 ὑπὲρ
1784 2033 1913 2087 τού-

321 2144 450 2191 τους
492 2126 736 2179 ύποίσειν
762 2116 1068 2190 θανάτους,
1100 2126 1131 2197 ἢ
1169 2126 1273 2180 κᾶν
1309 2126 1441 2195 γοῦν
1476 2127 1673 2196 ἄτιμον
1705 2127 1915 2182 ἔννοιαν

322 2222 469 2272 κατά
492 2221 589 2289 τῆς
631 2219 871 2289 Χριστοῦ
916 2219 1010 2273 τοῦ
1044 2219 1180 2273 Θεοῦ
1224 2219 1383 2290 ἡμῶν
1423 2221 1632 2283 εἰκόνος
1672 2220 1915 2290 ἐνθυμη-

322 2312 505 2382 θῆναι,
556 2310 744 2363 Ἐννέα
780 2311 962 2363 τοίνυν
991 2313 1171 2364 ἐκεῖσε
1202 2311 1701 2380 συγκεκλεισμένος
1736 2313 1917 2366 ἐνιαυ-

320 2404 451 2472 τοῦς
474 2442 488 2468 ,
523 2403 678 2472 μόλις
703 2403 954 2472 ἀφέσεως
983 2404 1289 2473 γραφείσης
1317 2405 1502 2474 κοινῆς
1530 2407 1645 2467 τοῖς
1668 2404 1916 2476 δεσμίοις

320 2493 418 2547 τοῦ
502 2495 822 2565 παρανόμου
887 2494 1153 2565 βασιλέως
1225 2497 1368 2549 κατά
1440 2496 1540 2560 τὰς
1596 2488 1914 2562 τελευταίας

320 2586 493 2650 πνοὰς
531 2586 910 2649 κελεύσαντος,
944 2587 1037 2641 κοιλ⁸
1093 2587 1256 2650 αὐτὸς
1285 2586 1558 2657 ἀπελύθη,
1592 2588 1913 2660 Πνεύματος

320 2676 483 2745 ἁγίου
517 2679 949 2749 πεπληρωμένος
970 2717 984 2742 ,
1022 2678 1118 2731 καὶ
1150 2677 1251 2746 τῆς
1282 2678 1556 2732 ἀθανάτου
1600 2678 1749 2749 ζωῆς
1784 2679 1915 2744 τοὺς

320 2769 684 2843 ἀρραϐῶνας,
741 2771 809 2823 τὰ
863 2770 1141 2839 στίγματα
1178 2769 1322 2837 λέγω
1365 2770 1474 2823 τῶν
1511 2770 1609 2823 τοῦ
1669 2768 1910 2841 Χριστοῦ

321 2861 692 2932 παθημάτων,
737 2862 924 2933 οἰκείῳ
978 2861 1381 2932 ἐπιφερόμενος
1450 2861 1702 2932 σώματι·
1762 2863 1911 2926 λεῖος

320 2952 443 3015 ὅλος
474 2952 574 3023 τὴν
605 2952 869 3023 κεφαλὴν,
902 2953 998 3006 καὶ
1035 2951 1228 3021 νεκροῦ
1272 2952 1436 3021 μηδὲν
1462 2951 1733 3021 διαφέρων
1759 2993 1773 3017 ,
1811 2951 1909 3020 μό-

320 3058 436 3104 νοις
484 3043 663 3105 ὀστοῖς
727 3043 822 3095 καὶ
889 3042 1021 3113 δορᾷ
1089 3042 1150 3094 τὸ
1214 3041 1556 3113 ἀνθρώπινον
1608 3041 1934 3105 ἁποσὼζων’

322 3136 515 3204 σχῆμα
562 3135 658 3187 καὶ
712 3134 813 3203 τὴν
869 3109 1145 3205 προτέραν
1183 3109 1467 3203 ὁμοίωσιν.
1527 3133 1685 3187 Ούτω
1731 3109 1983 3188 τοίνυνθ

322 3226 447 3280 καθ’
484 3226 675 3278 ἐαυτὸν
706 3227 985 3287 καταστὰς
1016 3226 1107 3290 (ού
1141 3226 1251 3296 γὰρ
1276 3220 1342 3296 ἦν
1372 3227 1789 3296 φροντιστήριον
1813 3226 1914 3295 τῆς

321 3318 594 3390 αἱρέσεως
651 3318 948 3389 ἄμοιρον),
1010 3318 1206 3388 ὡμίλει
1248 3323 1361 3382 τοῖς
1426 3318 1712 3388 όμοζήλοις
1764 3318 1915 3388 αὐτῷ

320 3411 594 3481 ἀσκηταῖς
642 3426 703 3461 τε
748 3409 843 3462 κοιλ⁸
884 3409 1125 3479 Χριστοῦ
1181 3411 1488 3482 μάρτυσιν,
1544 3411 1652 3464 τῶν
1695 3410 1914 3481 δεσμῶν

321 3501 426 3558 καὶ
445 3502 548 3571 τῆς
576 3502 793 3573 ἐξορίας
826 3502 952 3575 ἄρτι
981 3502 1354 3557 ἀπολυθεῖσιν·
1388 3503 1661 3573 ὡμίλειδέ
1687 3506 1783 3558 καὶ
1804 3506 1915 3567 τοῖς

321 3594 427 3665 τῆς
467 3593 801 3664 συγκλήτου,
834 3592 984 3646 ἔστιν
1014 3593 1104 3646 ὅτε
1138 3594 1233 3647 καὶ
1263 3596 1373 3657 τοῖς
1402 3593 1479 3647 ἰὸν
1511 3595 1606 3665 τῆς
1647 3593 1914 3667 αἱρέσεως

323 3685 615 3739 πεπωκότι
661 3685 731 3738 τὰ
766 3685 1015 3756 σωτήρια
1044 3685 1295 3756 δόγματα
1331 3685 1639 3756 παρετίθει,
1674 3686 1769 3740 καὶ
1817 3685 1914 3740 τοῦ

323 3778 472 3831 κατά
498 3776 677 3847 ψυχὴν
703 3777 951 3829 κινδύνου
982 3776 1329 3849 ἀπήλλαττεν
1351 3793 1363 3807 ·
1390 3778 1557 3840 πολὺς
1591 3778 1701 3848 γὰρ
1727 3774 1794 3848 ἦν
1820 3777 1915 3832 καὶ

321 3869 458 3941 ἡδὺς
486 3871 581 3923 καὶ
616 3869 787 3940 βαθὺς
812 3868 910 3938 τὴν
932 3869 1193 3935 διάνοιαν,
1232 3869 1302 3922 τὰ
1335 3869 1446 3924 τῶν
1484 3870 1646 3923 θείων
1678 3871 1914 3940 Γραφῶν

323 3960 546 4030 εὐφυῶς
596 3960 954 4030 συμϐιϐάςων
1003 3961 1097 4014 καὶ
1137 3960 1618 4031 προϐαλλόμενος,
1663 3961 1739 4023 ὡς
1781 3960 1913 4014 ἴδιον

326 4053 530 4124 μᾶλλον
561 4054 655 4107 τὸν
689 4053 882 4105 ἑαυτοῦ
914 4053 1071 4123 λόγον
1100 4055 1222 4115 ταῖς
1248 4054 1442 4119 ἀκοαῖς
1466 4055 1738 4126 ἐπιρρεῖν,
1769 4051 1915 4125 ὕδωρ

318 4147 533 4221 ψυχρὸν
564 4149 658 4203 καὶ
689 4149 786 4220 ήδὺ
818 4149 1132 4221 δεδιψηκότι
1164 4148 1424 4223 λάρυγγι.

397 4427 462 4493 ζ’.
515 4426 621 4482 Τοῦ
665 4427 842 4481 τοίνυν
880 4428 1164 4499 ἐθνοφίλου
1218 4429 1423 4502 μᾶλλον
1454 4432 1489 4503 ἢ
1518 4431 1783 4503 Θεοφίλου
1810 4433 1909 4506 τὴν

315 4521 416 4576 τοῦ
441 4522 651 4594 πατρὸς
690 4520 972 4592 βασιλείαν
1011 4522 1398 4591 διαδεξαμένου
1424 4564 1439 4590 ,
1477 4525 1600 4578 τότε
1635 4526 1737 4598 τῆς
1779 4543 1906 4597 μια-

318 4617 424 4689 ρᾶς
472 4614 693 4684 ἐκείνης
724 4612 993 4685 αἱρέσεως
1040 4613 1259 4686 ἐκπομα
1304 4616 1625 4680 πεπωκότος
1665 4619 1748 4681 είς
1804 4619 1905 4689 μέ-

318 4706 457 4776 θην,
525 4705 688 4760 πάλιν
736 4707 787 4758 οἰ
827 4703 1112 4777 ὀρθόδοξοι
1178 4704 1507 4773 ἐδιώκοντο,
1561 4706 1904 4777 ἐξορίζοντο,

315 4796 651 4868 ἀξιωμάτων
693 4795 959 4860 ἔπιπτον,
997 4795 1297 4868 κτημάτων
1328 4798 1422 4851 καὶ
1449 4800 1774 4870 οἰκημάτων
1805 4800 1908 4854 άπ-

315 4888 643 4959 εστεροῦντο
661 4904 675 4919 ⁸
709 4889 810 4942 ούκ
839 4884 909 4961 ἦν
938 4884 1079 4951 εἶδος
1101 4889 1476 4955 κακοπαθείας
1494 4932 1509 4954 ,
1537 4890 1565 4944 ὃ
1596 4891 1672 4962 μὴ
1695 4891 1905 4962 ὑπέμε-

314 4996 429 5036 νον.
476 4980 611 5033 Τότε
648 4980 830 5033 τοίνυν
871 4980 1220 5035 διαὸάλλεται
1260 4981 1438 5053 τούτῳ
1468 4982 1546 5053 τῷ
1585 4983 1712 5053 ὕφει
1749 4986 1777 5036 ὁ
1813 4984 1905 5037 τοῦ

313 5074 559 5145 Χριστοῦ
586 5075 846 5141 ἀριστεὺς
871 5073 966 5127 καὶ
989 5074 1205 5145 μάρτυς
1237 5074 1529 5139 Μεοόδιος,
1560 5074 1659 5146 τὴν
1694 5076 1910 5147 αἵρεσιν

315 5168 572 5239 φανερῶς
616 5167 969 5238 ἀπελέγχων,
1023 5168 1120 5221 καὶ
1163 5167 1409 5238 μεγάλας
1450 5166 1776 5236 ὑπενεγκὼν
1811 5167 1908 5236 βα-

317 5262 518 5320 σάνους
569 5260 668 5331 τῆς
717 5260 1002 5331 όρθοδόξου
1065 5260 1305 5324 πίστεως
1358 5263 1544 5332 χάριν.
1612 5261 1908 5333 Μετακλη-

312 5352 505 5417 θέντος
549 5355 731 5409 τοίνυν
763 5354 947 5430 αὐτῷ,
991 5353 1096 5427 ἔφη
1132 5356 1160 5408 ὁ
1199 5354 1485 5426 βασιλεύς·
1522 5356 1598 5409 Οὐ
1638 5355 1910 5423 παύσεις,

390 5510 452 5584 (ί)
486 5510 900 5584 QuiaMichael
949 5522 1160 5584 tantum
1223 5527 1394 5584 annos
1428 5513 1460 5568 Β
1504 5525 1559 5567 et
1607 5527 1825 5567 menses
1856 5514 1890 5569 9

314 5582 588 5652 regnavit,
609 5583 822 5652 aliquod
848 5583 935 5638 hic
967 5582 1192 5652 σφάλμα
1220 5583 1271 5637 in
1306 5599 1530 5638 numero
1559 5599 1741 5636 novem
1772 5594 1851 5637 est
1876 5600 1891 5637 :

316 5650 463 5708 ferte
506 5653 626 5707 loco
666 5650 713 5718 ζί
744 5664 940 5719 septem
965 5692 980 5717 ,
1017 5650 1260 5719 'irrepsit
1291 5653 1334 5705 θ’
1368 5671 1570 5717 nouem,
1602 5653 1816 5708 scilicet
1837 5655 1903 5707 ab

316 5736 467 5779 anno
499 5722 599 5779 821
637 5739 811 5795 usque
842 5725 909 5779 ad
939 5740 1139 5780 annum
1176 5723 1280 5778 828
1315 5742 1327 5778 :
1361 5723 1600 5782 Zonaras
1631 5726 1778 5780 enim
1814 5740 1902 5780 so-

2024 477 2139 532 nati
2186 477 2333 532 illius
2363 486 2526 548 atque
2572 480 2806 549 agrestis
2837 481 3074 538 hominis
3122 486 3409 553 societate,
3459 493 3618 541 arcta‘

2021 570 2323 641 sepultura,
2358 578 2415 626 et
2442 571 2584 639 quod
2613 572 2855 627 omnium
2897 574 3194 643 pessimum
3222 587 3326 640 est,
3358 579 3611 635 obscuris

2025 662 2268 717 tenebris
2298 664 2467 717 animi
2515 664 2682 718 miser
2727 665 3173 723 discruciaretnr.
3209 667 3323 724 Non
3360 672 3465 726 erit
3506 672 3612 727 ita-

2023 768 2128 822 que
2159 754 2385 823 posthac
2418 768 2577 823 opus,
2607 769 2730 825 quas
2773 754 3121 827 multiplices
3142 759 3268 814 inde
3305 764 3619 818 subsecuta!

2021 851 2169 910 Sunt,
2212 861 2487 901 aerumnas
2521 861 2585 902 ac
2632 848 3038 904 ntoestitutlines
3090 851 3243 907 vobis
3294 869 3609 921 recensere,

2020 941 2112 1009 qui
2163 939 2419 994 tormenti
2466 953 2639 1010 genus
2701 939 2864 1009 quale
2908 940 2981 994 sit
3031 940 3266 996 calletis.
3326 943 3609 1000 Neminem

2019 1027 2164 1081 enim
2216 1028 2492 1097 praeterit,
2536 1039 2772 1097 quantas
2820 1029 3174 1097 aegritudines
3222 1032 3413 1098 animi,
3479 1035 3611 1089 dum

2022 1119 2224 1174 talibus
2263 1118 2420 1174 malis
2459 1118 2862 1185 conﬂictantur,
2893 1129 2948 1175 et
2978 1121 3228 1176 humana:
3270 1133 3479 1181 natura:
3523 1125 3617 1181 in-‘

2022 1210 2278 1277 firmitas,
2324 1220 2382 1267 et
2428 1210 2636 1266 luteum
2687 1211 2857 1267 hocce
2898 1212 3096 1269 infelix
3154 1216 3474 1287 morbisque
3516 1218 3613 1274 ob~

2021 1303 2245 1357 nmium
2269 1317 2367 1358 vas
2399 1301 2606 1357 homini
2642 1302 3073 1371 ingerant.Vere
3101 1305 3248 1360 enim
3286 1307 3401 1378 ipse
3428 1308 3481 1363 in
3511 1308 3613 1363 ob-

2019 1395 2198 1450 Scuris
2245 1404 2300 1449 et
2333 1396 2385 1449 in
2424 1395 2616 1449 umbra
2651 1395 2843 1449 mortis
2867 1436 2883 1464 ,
2910 1397 3128 1452 nemine
3158 1398 3225 1453 de
3260 1400 3435 1454 salute
3467 1401 3612 1456 illius

2020 1487 2336 1553 laborante,
2391 1487 2666 1556 repositus
2713 1497 2852 1541 erat.
2904 1487 3020 1542 lloc
3057 1499 3140 1542 est
3185 1490 3417 1560 primum
3464 1491 3615 1547 beati

2019 1577 2278 1633 Methoalii
2308 1593 2406 1648 pro
2440 1575 2660 1632 Christo
2685 1586 2962 1631 certamen
2994 1594 3008 1643 ;
3034 1592 3157 1646 qua:
3187 1581 3332 1632 enim
3366 1595 3411 1649 p.
3437 1588 3613 1636 sttno-

2018 1669 2147 1723 dum
2189 1669 2479 1724 subsecuta
2519 1678 2680 1732 sunt,
2729 1684 2855 1722 mox
2903 1670 3122 1735 dicam;
3169 1669 3275 1724 hoc
3315 1671 3613 1727 vehemens

1946 1771 1987 1826 Β
2017 1762 2402 1831 intcnsumqne
2431 1761 2611 1831 magni
2647 1776 2746 1830 pro
2762 1759 2965 1815 Christi
2988 1761 3209 1817 athletae
3243 1778 3329 1815 ma
3351 1763 3610 1834 rtyrium.

2090 1853 2145 1909 6.
2188 1854 2321 1908 Cmn
2392 1854 2580 1924 itaque
2656 1854 3050 1909 sollicitaretur
3132 1854 3487 1909 multifariam
3553 1867 3613 1910 ut

2018 1945 2220 2001 Christi
2262 1946 2486 2017 imagini
2541 1944 2803 2014 injuriam
2836 1947 3066 2013 faceret,
3100 1947 3294 2017 sicque
3324 1960 3613 2015 exemptus

2018 2054 2207 2102 cavea,
2260 2038 2473 2091 solutus
2497 2038 2736 2105 viveret,
2771 2046 3083 2103 sescentas,
3141 2038 3347 2104 aiebat,
3379 2040 3608 2105 similes,

2018 2141 2073 2188 ct
2101 2133 2274 2188 multo
2310 2131 2545 2202 amplius
2570 2146 2628 2186 se
2659 2139 2871 2185 mortes
2906 2131 3179 2185 sustinere
3219 2131 3399 2195 malle,
3447 2145 3610 2199 quam

2018 2230 2207 2274 contra
2247 2218 2449 2274 Christi
2481 2219 2576 2273 Dei
2610 2219 2782 2273 nostri
2820 2219 3113 2289 imaginem
3146 2219 3230 2274 vel
3259 2220 3608 2275 levissimum

2017 2312 2146 2381 quid
2193 2311 2385 2365 'animo
2446 2311 2759 2379 concipere.
2798 2308 3003 2365 Novem
3048 2310 3110 2382 (ί)
3148 2312 3313 2381 igitur
3348 2328 3521 2366 annos
3555 2313 3609 2368 in

2017 2415 2242 2454 carcere
2268 2401 2540 2466 conditus,
2580 2417 2703 2454 cum
2746 2416 2939 2456 omnes
2970 2403 3061 2470 qui
3126 2402 3292 2456 vincti
3345 2403 3607 2458 teneban-

2020 2503 2108 2550 tur
2169 2493 2523 2549 dimittendos
2580 2493 2846 2549 edixisset
2905 2494 3240 2563 imperator,
3302 2504 3610 2567 extremum

2018 2587 2144 2641 vita:
2185 2587 2437 2657 spiritum
2478 2602 2671 2658 agens,
2704 2595 2757 2639 et
2788 2587 2903 2656 ipse
2951 2588 3187 2644 emissus
3218 2594 3338 2653 est;
3377 2587 3612 2657 Spiritus

2016 2680 2190 2737 sancti
2247 2680 2475 2749 plenus,
2538 2690 2593 2735 et
2667 2680 2795 2735 vitae
2845 2680 3172 2736 immortalis
3222 2682 3613 2746 arrhabonem,

2014 2774 2292 2840 stigmata,
2314 2771 2557 2841 inquam,
2575 2772 2888 2839 passionum
2904 2766 3132 2838 Christi,
3148 2773 3366 2842 proprio
3382 2787 3614 2838 corpore

2015 2862 2346 2934 praeferens,
2388 2862 2566 2932 capite
2612 2873 2730 2917 toto
2765 2862 2954 2933 glaber
2986 2878 3050 2918 ac
3072 2864 3265 2942 depilis
3296 2874 3348 2919 et
3381 2867 3614 2922 mortuis

2014 2972 2177 3026 quam
2218 2953 2551 3021 simillimus,
2586 2955 2825 3024 solisque
2866 2956 3085 3010 ossibus
3117 2967 3170 3010 et
3200 2967 3326 3011 cute
3375 2958 3613 3013 hominis

2016 3051 2251 3120 speciem
2305 3049 2601 3119 prioraque
2648 3064 2881 3104 servans
2931 3049 3280 3115 lineamenta.
3318 3050 3473 3106 Tune
3506 3052 3611 3107 soli

2019 3144 2124 3198 sibi
2178 3143 2372 3198 vivens
2451 3141 2651 3211 (neque
2705 3142 2851 3196 enim
2907 3151 3027 3196 erat
3083 3144 3472 3197 monasterium
3541 3144 3613 3199 ab

2018 3236 2292 3293 haereseos
2324 3242 2478 3304 peste
2505 3233 2770 3302 immune)
2816 3234 3039 3301 ascetis,
3074 3234 3165 3301 qui
3206 3233 3395 3288 eodem
3429 3249 3490 3288 ac
3522 3234 3614 3290 ille

2019 3328 2138 3384 zelo
2181 3327 2542 3392 ducebantur,
2576 3335 2632 3380 et
2670 3325 2875 3382 Christi
2918 3327 3273 3398 martyribus,
3329 3336 3442 3381 tum
3494 3329 3608 3398 pri-

2018 3436 2164 3476 mum
2198 3435 2228 3475 a
2265 3419 2500 3474 vinculis
2551 3430 2605 3474 et
2630 3418 2827 3474 exsilio
2864 3418 3126 3486 dimissis,
3182 3423 3604 3476 consuescebat.

2016 3514 2421 3569 Consuescebat
2449 3510 2615 3567 etiam
2644 3526 2767 3566 cum
2800 3511 2869 3566 iis
2902 3511 2994 3580 qui
3026 3510 3081 3565 in
3113 3510 3382 3580 dignitate
3428 3520 3611 3578 erant,

2016 3617 2069 3661 et
2105 3619 2170 3660 ex
2207 3612 2423 3668 senatu,
2455 3604 2523 3660 de
2549 3603 2652 3658 fide
2685 3612 2868 3658 tamen
2915 3610 3066 3657 recte
3122 3602 3454 3658 sentiebant.
3486 3601 3613 3659 Fuit
3692 3678 3697 3679 γ

2014 3698 2180 3753 etiam
2213 3712 2339 3751 cum
2370 3696 2437 3751 iis
2466 3695 2559 3766 qui
2617 3709 2886 3750 venenum
2932 3694 3205 3750 haereseos
3253 3695 3612 3761 imbiberant,

2016 3800 2076 3845 ut
2096 3788 2356 3845 salutaria
2383 3788 2634 3858 dogmata
2662 3794 3012 3858 proponeret,
3031 3796 3086 3842 et
3116 3800 3213 3843 eos
3234 3802 3265 3841 a
3289 3787 3618 3843 discrimine

2016 3885 2257 3937 animum
2285 3881 2626 3953 opprimente
2656 3879 2957 3936 liberaret:
2993 3879 3178 3935 multis
3204 3881 3350 3935 enim
3386 3897 3615 3950 persua-

2015 3976 2271 4031 sihilibus
2322 3974 2499 4043 iisque
2532 3963 2877 4028 acutissimis
2928 3971 3169 4044 pollebat
3215 3973 3526 4038 sententiis,
3557 3982 3614 4027 et

2014 4068 2235 4139 ingenio
2294 4066 2578 4137 praestanti
2629 4064 2938 4120 divinarum
2980 4063 3390 4132 Scripturarum
3446 4061 3609 4117 verba

2013 4170 2138 4230 apte
2167 4160 2506 4230 componens
2532 4158 2656 4213 aliis
2689 4156 3014 4222 dictitabat;
3051 4164 3110 4210 ut
3138 4154 3429 4223 jucundior
3459 4155 3607 4222 ejnsc

2013 4254 2133 4308 dem
2183 4251 2364 4307 oratio
2421 4249 2649 4305 auribus
2708 4247 3049 4302 audientium
3105 4244 3375 4311 inﬂueret,
3439 4260 3606 4315 quant

2012 4359 2153 4412 aqua
2192 4340 2395 4411 frigida
2432 4354 2496 4395 ac
2527 4341 2711 4395 suavis
2744 4338 2886 4393 fauci
2926 4338 3132 4394 sitienti
3170 4336 3495 4393 infunditur.

2086 4436 2139 4490 7.
2182 4435 2316 4490 Cum
2346 4434 2532 4504 itaque
2562 4431 2898 4502 Theophilus
2939 4431 3059 4503 (ηε),
3089 4430 3383 4501 gentilismi
3423 4432 3611 4500 potius

2016 4543 2180 4600 qnam
2240 4527 2334 4582 Dei
2391 4541 2607 4594 amans,
2660 4525 2802 4594 patri
2860 4525 2912 4580 in
2964 4524 3195 4595 imperio
3224 4523 3611 4589 successisset,

2007 4630 2064 4675 et
2121 4618 2344 4674 infamis
2390 4617 2536 4673 illius
2584 4617 2825 4672 haeresis
2849 4614 3100 4686 poculum
3166 4614 3233 4669 ad
3278 4613 3602 4668 ebrietatem

2007 4710 2386 4776 exhausisset,
2432 4723 2650 4764 rursum
2700 4716 2864 4764 rectae
2902 4706 3025 4761 fidei
3061 4704 3260 4760 addicti
3315 4705 3517 4777 fugari,
3552 4707 3627 4760 in-

2005 4806 2259 4862 exsilium
2292 4804 2444 4875 pelli,
2476 4819 2506 4858 a
2539 4803 2896 4874 dignitatibus
2935 4801 3122 4872 dejici,
3156 4802 3321 4858 rebus
3348 4802 3621 4867 omnibus,

2009 4899 2555 4969 possessionibusque
2604 4896 2807 4967 privari
2849 4905 2904 4952 et
2944 4895 3089 4950 nulla
3142 4910 3248 4950 non
3294 4882 3625 4949 calamitate

2012 4991 2174 5046 allici.
2211 4988 2364 5045 Tunc
2389 4991 2553 5045 etiam
2588 4989 2813 5044 immani
2844 4988 2931 5043 isti
2962 4986 3202 5056 serpenti
3236 4984 3439 5041 Christi
3466 4992 3613 5037 stre-

2010 5084 2312 5138 nuissimus
2366 5081 2525 5137 miles
2578 5092 2634 5138 et
2682 5088 2892 5151 martyr
2966 5078 3273 5134 Methodius
3339 5073 3608 5142 defertur,

2020 5187 2275 5245 tanquam
2310 5177 2400 5245 qui
2439 5175 2618 5245 palam
2648 5174 2897 5228 haeresim
2930 5171 3222 5237 refelleret,
3262 5169 3613 5240 ingentiaque

2014 5284 2112 5339 pro
2146 5267 2250 5322 ﬁde
2280 5267 2590 5323 orthodoxa
2636 5276 2905 5321 tormenta
2948 5265 3322 5320 sustinuisset.
3353 5261 3613 5316 Accersi-

2016 5370 2126 5413 tum
2165 5359 2351 5428 itaque
2390 5359 2684 5430 compellat
2730 5358 3070 5426 imperator:
3105 5357 3300 5411 Annon
3358 5355 3617 5425 qnie5ces

2012 5518 2123 5573 lum
2156 5525 2365 5583 septem
2401 5528 2573 5570 annos
2604 5512 2780 5567 exsilii
2822 5512 3005 5567 habet.

2085 5583 2182 5658 (m)
2208 5579 2545 5658 Theophilus
2562 5585 2815 5658 regnavit
2838 5600 2867 5639 a
2892 5598 3080 5640 mense
3100 5579 3324 5641 Octobri
3353 5581 3481 5639 anni
3501 5580 3615 5633 8%

2015 5654 2188 5727 usque
2220 5657 2286 5713 ad
2320 5671 2522 5712 annum
2557 5654 2684 5711 842.
