4024 6440
472 286 604 351 1251

1506 281 1568 341 S.
1612 279 2002 341 METHODII
2044 277 2562 340 I’ATRIARCIL'E
2601 276 2710 338 ΟΡ.

3616 268 3736 346 na

471 408 734 465 unquam,
781 390 1048 457 Methodi,
1093 404 1284 461 pinnas
1316 389 1427 460 jam
1462 389 1774 459 importuno
1825 391 1934 443 isto
1967 399 2060 443 tuo

2183 388 2425 450 ιίεθόδιε,
2475 390 2575 451 τὰς
2608 386 2803 449 ποινὰς
2832 386 3201 459 ὑφιστάμενος
3235 387 3296 454 ἐξ
3327 389 3560 462 ἀκαίρου
3600 392 3738 460 φιλὸ-

468 501 537 544 ac
563 484 829 559 pertinaci
864 483 1235 540 contentionis
1267 481 1450 538 studio
1478 496 1794 553 perpessus,
1828 494 2060 551 regnan-

474 578 611 632 tiutn
641 575 1054 644 dispositionem
1087 572 1467 629 confundere?
1498 572 1660 643 idque
1676 573 1756 626 rei
1786 570 2062 626 vilissimae

473 683 663 732 eausa,
711 666 997 737 imaginis,
1039 666 1285 734 inquam,
1329 680 1428 736 pro
1471 680 1575 735 qtta
1611 674 1693 719 tot
1741 665 2063 721 tumultibus

476 769 753 815 terrarum
789 759 984 814 orbem
1018 757 1326 828 complesti,
1366 766 1425 812 ut.
1465 766 1519 811 et
1549 755 1851 812 Romanum
1883 758 2065 829 ponti-

474 853 634 907 licem
683 851 749 904 ad
801 860 979 905 tomos
1031 864 1154 904 meo
1209 850 1351 917 patri
1400 848 1724 904 scribendos
1779 849 2065 921 adigeres?

473 933 631 998 Tunc
686 940 999 996 Methodius
1051 958 1064 994 :
1101 938 1156 995 Si
1196 940 1453 1010 imaginis
1484 941 1623 1003 ratio
1655 956 1824 1011 penes
1855 958 1948 996 vos
1987 944 2062 998 ita

474 1036 713 1100 vilescit,
746 1034 1060 1102 nulliusque
1084 1034 1421 1103 dignationis
1448 1042 1758 1088 aestimatur
1780 1075 1795 1100 ,
1826 1050 2061 1106 quanam

476 1129 695 1182 ratione
740 1142 857 1192 vos,
908 1129 1108 1196 quibus
1155 1126 1459 1182 Romanum
1501 1127 1787 1196 imperiutn
1819 1129 1871 1182 in
1902 1143 2062 1183 manu

476 1229 584 1282 εει,
620 1235 724 1272 una
758 1233 882 1273 cum
927 1218 1131 1274 Christi
1164 1219 1416 1289 .imagine
1440 1258 1455 1281 ,
1497 1227 1735 1272 vestram
1768 1233 1876 1273 non
1908 1232 2064 1271 ever-

475 1305 596 1362 titis
626 1316 681 1361 et
712 1307 967 1374 aboletis,
1002 1318 1061 1361 ut
1088 1322 1241 1377 arqtte
1270 1322 1335 1360 ac
1359 1306 1615 1362 Christus
1641 1306 1869 1374 gloriatur
1910 1322 2064 1362 asse-

477 1400 747 1469 qttamini,
787 1401 880 1455 sed
912 1400 1160 1469 quotidie
1199 1414 1320 1452 eam
1365 1398 1743 1468 multiplicatis
1777 1410 1830 1452 et
1859 1401 2069 1452 exalta-

478 1490 591 1545 tis?
627 1491 823 1545 Annon
870 1492 987 1545 lucc
1050 1505 1242 1556 causa,
1292 1489 1458 1542 etiam
1531 1488 1687 1544 nobis
1736 1488 2064 1554 tacentibus,

481 1581 629 1638 clara
673 1592 972 1651 apertaque
1003 1578 1128 1635 est?

555 1673 610 1729 8.
654 1673 789 1727 Tum
822 1673 931 1737 ille,
967 1671 1217 1741 redargui
1248 1686 1355 1725 non
1386 1670 1586 1736 ferens,
1625 1672 2065 1727 adhortationem

2165 479 2397 544 νεικξας,
2443 478 2534 532 καὶ
2561 476 2669 532 τῶν
2682 477 3033 549 κρατούντων
3045 476 3145 550 τὴν
3165 478 3424 549 εὐνομίαν
3444 482 3739 553 ταράττωνς

2165 574 2331 638 Ποίας
2376 573 2610 645 ταύτης,
2645 574 2848 645 φησιν,
2902 573 2986 627 ὅτι
3034 573 3099 645 δὴ
3139 576 3469 647 πράγματος
3511 577 3747 647 εὐτελοῦς

2164 669 2357 740 χάριν,
2395 652 2507 737 τῆς
2538 667 2842 737 λεγομένης
2880 666 3121 733 είκίνος,
3165 669 3415 739 ταραχῆς
3457 670 3554 740 τὴν
3584 673 3750 727 alueo.

2167 762 2340 832 μένην
2388 759 2756 831 ὲπλήρωσας,
2793 759 2870 823 ὡς
2915 761 3012 813 καὶ
3043 759 3137 812 τὸν
3171 760 3362 814 πάπαν
3412 759 3637 831 Ῥώμης
3656 779 3751 817 πα-

2167 855 2550 925 ρασκευᾶσαι,
2614 853 2820 924 τόμους
2868 852 3232 922 καταπέμψαι
3279 851 3360 923 τῷ
3412 856 3532 923 ἐμῷ
3563 856 3749 925 πατρίς

2165 945 2301 998 Τότε
2335 946 2363 997 ὁ
2416 942 2687 1006 Μεθὸδιος
2717 957 2731 972 °
2775 942 2889 996 Καὶ
2944 944 2994 995 εί
3042 941 3219 1006 οὕτως
3262 942 3396 1013 παρ’
3431 943 3561 1013 ύμῖν
3607 945 3635 997 ὀ
3663 946 3752 1015 τῆς

2164 1038 2376 1101 εἰκόνος
2406 1035 2635 1105 εὐτελής
2681 1036 2797 1088 ἐστι
2836 1034 3019 1103 λόγος,
3053 1035 3149 1087 καὶ
3197 1033 3459 1104 οὐδεμιᾶς
3488 1036 3754 1105 φροντίδος

2165 1129 2351 1197 ἄξιος,
2407 1127 2500 1187 διὰ
2552 1128 2608 1181 τί
2673 1129 2721 1181 oi
2752 1127 2881 1197 τὴν
2954 1126 3247 1197 Ῥωμαίων
3295 1126 3563 1197 λαχόντες
3607 1127 3756 1198 ὑμεῖς

2166 1221 2379 1293 ἀρχὴν,
2443 1221 2545 1291 τὴν
2599 1218 2878 1291 ὑμετέραν
2942 1219 3005 1273 ού
3059 1216 3487 1290 συγκαθαιρεῖτε
3547 1221 3613 1290 τῇ
3667 1218 3754 1273 τοῦ

2167 1311 2409 1387 Χριστοῦ
2450 1312 2622 1367 εικόνι
2672 1312 3135 1381 καὶνάφανίζετε,
3174 1310 3242 1367 ἵν’
3291 1310 3500 1382 ὁμοίως
3546 1300 3757 1382 Χριστῷ

2170 1402 2603 1475 συνδοξάζησθε,
2670 1404 2786 1457 ἀλλ’
2847 1404 3123 1475 ὁσημέραι
3189 1402 3401 1471 ταύτην
3466 1402 3755 1455 ὲπιτείνετε

2168 1500 2263 1559 καὶ
2298 1497 2587 1568 ἐπαίρετες
2618 1495 2651 1568 ἢ
2699 1496 2877 1567 σαφής
2905 1513 2966 1549 τε
3004 1495 3100 1550 καὶ
3131 1494 3345 1566 φανερὰ
3382 1496 3417 1567 ἠ
3454 1494 3629 1562 αῑτία,
3662 1496 3756 1548 κᾶν

2169 1591 2330 1661 ἡμεῖς
2367 1588 2540 1659 αὐτὴν
2569 1588 2644 1659 μὴ
2681 1587 2965 1658 λέγωμενς

2242 1686 2313 1751 η’,
2347 1679 2458 1733 Καὶ
2489 1680 2545 1744 ὃς
2581 1696 2666 1748 γε,
2696 1679 2792 1732 τοῦ
2824 1679 3050 1751 ἐλέγχου
3077 1674 3238 1753 ὕϐριν
3268 1684 3370 1738 οὑκ
3402 1684 3664 1753 ἐνεγκὼν.
3686 1689 3759 1751 εἱς

484 1766 538 1820 in
576 1764 816 1819 furorem
873 1765 1169 1828 convertit,
1206 1774 1263 1818 et
1297 1763 1373 1833 (η)
1412 1763 1544 1819 loris
1586 1764 1804 1818 extendi
1846 1765 2067 1833 iubens,

2183 1772 2348 1843 θυμὸν
2387 1773 2486 1843 τὴν
2512 1773 2838 1843 παραίνεσιν
2880 1774 3246 1847 μετεποίησεν
3267 1816 3283 1842 ,
3329 1778 3427 1831 καὶ
3461 1780 3579 1843 τοῖς
3614 1781 3758 1852 ἱμᾶσι

485 1858 731 1912 humeris
756 1866 809 1910 ct
840 1867 1063 1926 pectore
1102 1855 1423 1918 denudatis,
1464 1864 1723 1910 sexcenta
1758 1867 1813 1911 et
1839 1855 2072 1924 amplius

483 1950 713 2002 verbi-ra
759 1948 993 2013 inﬂixit;
1030 1958 1084 2001 et
1136 1946 1213 2000 ita
1262 1946 1663 2009 semianimem,
1698 1960 1763 2001 ac
1802 1946 2071 2016 sanguine

487 2040 728 2108 nudique
785 2045 1240 2105 conspurcatum,
1285 2036 1339 2090 in
1373 2038 1792 2092 subterraneam
1823 2052 2070 2103 caream,

485 2145 607 2199 qna-
638 2132 690 2183 in
724 2129 926 2199 palatio
951 2138 1093 2196 erat,
1133 2144 1229 2199 per
1264 2129 1550 2198 quemdam
1586 2130 1790 2185 hiatum
1823 2130 2073 2201 praecipi-

487 2223 588 2276 tari
641 2223 941 2277 mandavit.
981 2221 1149 2277 Nocte
1181 2236 1312 2276 vero
1348 2237 1376 2275 a
1407 2222 1686 2276 nonnullis
1711 2222 1815 2291 piis
1846 2222 2078 2277 homini-

375 2313 387 2324 “
488 2315 593 2370 bus
623 2314 878 2378 cdut-tus,
909 2323 964 2368 et
996 2313 1316 2381 tempestiva
1358 2313 1648 2367 curatione
1689 2322 1934 2387 accepta,
1962 2313 2077 2383 ipse

488 2407 712 2477 quidem
758 2406 899 2460 bene
927 2404 1135 2471 valuit;
1177 2418 1302 2474 qua:
1348 2419 1481 2459 vero
1511 2404 1586 2459 illi
1626 2405 2080 2480 medicinamad-
2158 2412 2161 2417 ‘

492 2508 745 2553 moverat
783 2496 893 2552 Deo
944 2497 1138 2552 dilecta
1188 2496 1403 2562 donius,
1440 2497 1508 2551 ab
1562 2496 1731 2566 impio
1771 2508 1826 2552 et
1864 2496 2079 2552 furente

498 2600 733 2662 tyranno
789 2589 1063 2658 publicata
1133 2598 1241 2644 est.
1317 2588 1443 2663 Haec
1506 2587 1610 2644 fuit.
1681 2590 1824 2645 beati
1885 2591 2081 2660 pugilis

494 2684 738 2738 secunda
776 2692 1000 2753 propter
1043 2681 1323 2738 Christum
1376 2681 1543 2748 lucta,
1588 2690 1643 2738 et
1691 2696 1814 2738 cum
1862 2682 2080 2739 Christo

494 2773 746 2828 victoria.

568 2980 622 3035 9.
667 2976 1057 3034 Verumtamen
1084 2976 1305 3032 dolosas
1342 2977 1434 3033 ille
1465 2992 1716 3050 serpens,
1745 2992 1870 3034 cum
1922 2977 2084 3049 plane

2173 1864 2406 1936 ταθῆναι
2437 1857 2735 1931 κελεύσας,
2780 1870 3008 1938 γυμνοῖς
3053 1871 3171 1933 τοῖς
3220 1857 3417 1936 νώτοις
3458 1872 3627 1928 αὐτοῦ
3670 1864 3758 1928 καὶ

2174 1958 2287 2020 τοῖς
2319 1955 2567 2028 στέρνοις
2616 1957 2759 2028 ὑπὲρ
2784 1958 2885 2022 τὰς
2930 1958 3222 2026 ἑξακοσίας
3248 1962 3528 2035 κατέφερε
3573 1964 3758 2035 μάστιε

2171 2065 2301 2117 γας,
2347 2049 2444 2101 καὶ
2486 2048 2662 2113 οὕτως
2711 2049 2956 2122 ἡμιθανῆ
3004 2053 3098 2106 καὶ
3134 2052 3213 2124 τῷ
3258 2056 3460 2126 αἵματι
3508 2056 3760 2111 πάντοθεν

2177 2143 2532 2211 πεφυρμένον
2553 2183 2569 2206 ,
2608 2141 2664 2194 ἐν
2694 2159 2800 2197 τινι
2841 2143 3094 2216 ὑπογαίῳ
3128 2146 3309 2217 ἄντρῳ
3339 2147 3440 2202 τοῦ
3484 2148 3756 2214 παλατίου,

2177 2231 2268 2285 διά
2311 2242 2461 2294 τινος
2492 2232 2750 2303 στομίου,
2793 2233 3021 2303 ῥιφῆναι
3062 2234 3421 2305 προσέταξεν.
3461 2239 3672 2302 Νυκτὸς
3708 2239 3758 2293 δὲ

2158 2320 2601 2392 καταλαϐούσης
2622 2362 2635 2384 ,
2670 2323 2775 2374 ύπὸ
2807 2338 2975 2376 τινων
3002 2323 3339 2394 ἀναληφθεὶς
3372 2326 3755 2396 φιλοχρίστων,

2181 2414 2274 2466 καὶ
2332 2411 2636 2483 θεραπείας
2689 2411 2975 2478 ἀξιωθεὶς,
3032 2413 3196 2478 αὐτὸς
3240 2413 3341 2484 μὲν
3400 2416 3757 2487 ὰναρῤὡσεως

2180 2506 2407 2576 ἔτυχεν,
2457 2509 2485 2560 ὁ
2512 2506 2569 2560 δὲ
2605 2506 2795 2559 τοῦτον
2839 2506 3094 2579 θεοφιλὴς
3120 2507 3548 2581 τεθεραπευκὼς
3591 2505 3756 2575 οἶκος,

2181 2600 2448 2669 δημεύσει
2481 2600 2738 2654 παντελεῖ
2780 2600 2886 2653 ὑπὸ
2924 2600 3021 2654 τοῦ
3055 2602 3411 2672 μισοχρίστου
3448 2604 3544 2656 καὶ
3572 2603 3758 2672 λυσση-

2183 2691 2350 2760 τῆρος
2391 2693 2657 2762 τυράννου
2688 2690 3135 2756 καταδικάζεται.
3186 2692 3429 2764 Τοιαύτη
3468 2695 3562 2748 τοῦ
3597 2712 3759 2765 μακα-

2186 2782 2304 2852 ρίου
2345 2780 2551 2835 πύκτου
2590 2784 2684 2837 καὶ
2730 2785 2762 2854 ἡ
2806 2784 3035 2857 δευτέρα
3071 2784 3160 2839 διὰ
3202 2786 3445 2855 Χριστὸν
3484 2787 3647 2858 πάλη,
3678 2788 3762 2842 καὶ

2190 2874 2330 2946 μετὰ
2358 2874 2599 2944 Χριστοῦ
2634 2875 2781 2946 νίκη.
2906 2919 2911 2925 .

2259 2964 2326 3020 θ’.
2369 2964 2532 3019 Ἀλλὰ
2567 2965 2678 3037 γὰρ
2713 2967 2743 3019 ὀ
2783 2965 2957 3030 δόλιος
2987 2964 3109 3036 θφις
3142 2967 3351 3032 ἐκεῖνος
3395 2968 3654 3036 συνιδὼν,
3688 2969 3759 3022 ὅτι

496 3073 712 3127 videret
756 3070 964 3126 Christi
1003 3070 1233 3125 militem
1272 3070 1522 3141 corporis
1561 3071 1848 3126 tormentis
1884 3074 2080 3125 cedere

2193 3056 2267 3127 μὴ
2298 3057 2424 3119 ταῖς
2462 3055 2718 3126 βασάνοις
2739 3057 2909 3111 εἴκειν
2940 3056 3157 3126 φύσεως
3188 3058 3301 3130 ἔχει
3328 3060 3357 3113 ὁ
3394 3060 3492 3114 τοῦ
3540 3057 3759 3131 Χριστοῦ

499 3164 773 3226 nescium,
824 3170 884 3213 nt
913 3163 1004 3228 qui
1045 3170 1097 3215 et
1124 3160 1331 3216 laboris
1368 3162 1668 3230 patientem
1725 3161 1996 3223 animum,
2026 3171 2083 3215 et

498 3255 636 3309 Salis
676 3253 872 3306 virium
918 3252 1181 3315 haberet,
1230 3256 1297 3306 ad
1325 3255 1574 3322 opposita
1608 3265 1732 3306 sese
1772 3251 2081 3314 convertit;

499 3358 653 3400 ratus
701 3328 1093 3400 blandimentis
1139 3352 1195 3399 et
1245 3360 1341 3414 spe
1392 3345 1580 3415 gloriae
1636 3343 1859 3410 maioris
1908 3344 2083 3398 virum

501 3451 839 3507 expugnare,
872 3435 1090 3504 sibique
1139 3449 1300 3503 posse
1347 3434 1668 3489 conciliare.
1701 3433 1884 3499 Quare
1916 3433 2085 3486 advo-

503 3543 640 3583 cans
664 3543 811 3591 eum,
848 3526 1092 3581 suaviter
1122 3539 1188 3580 ac
1220 3536 1506 3579 mansuete
1540 3525 1811 3594 colloquia
1838 3525 2089 3580 confere-

502 3621 619 3683 hat,
652 3626 708 3672 ct
738 3616 1075 3687 qumstiones
1119 3629 1150 3669 e
1205 3614 1493 3685 Scriptura
1533 3616 1728 3685 petitas
1759 3615 1828 3670 ab
1856 3632 1921 3671 eo
1952 3615 2088 3671 solvi

504 3710 630 3765 laeto
687 3707 873 3762 animo
945 3707 1204 3776 excipere
1272 3705 1587 3772 fatebatur;
1650 3708 1984 3776 tandemque
2032 3706 2089 3761 in

508 3800 724 3873 palatio
758 3814 879 3855 cum
912 3799 1193 3853 ﬁdissimis
1237 3798 1411 3854 servis
1445 3798 1559 3853 suis
1594 3813 1817 3855 manere
1841 3815 1964 3855 eum
1995 3816 2092 3856 vo-

506 3892 631 3946 luit.
681 3889 1078 3946 Verumtamen
1130 3890 1215 3944 vir
1264 3890 1379 3957 Dei,
1440 3890 1542 3944 hac
1585 3905 1804 3960 quoque
1855 3892 2089 3959 ratione,

507 3984 765 4040 vincebat
810 3983 985 4054 magis
1029 3997 1191 4050 quam
1251 3982 1591 4037 vincebatur.
1634 3982 1846 4037 Etenim
1899 3999 2091 4038 onmes

508 4077 708 4149 quibus
733 4075 1158 4130 familiarissime
1184 4076 1441 4131 utebatur
1456 4075 1777 4145 inperator,
1800 4077 1866 4129 ad
1887 4086 2088 4131 rectam

509 4171 671 4226 ﬁdem
703 4168 1001 4234 instruxit;
1038 4167 1495 4236 imperatorisque
1525 4167 1693 4236 ipsius
1726 4168 1884 4234 iram,
1926 4178 2092 4237 atque

510 4259 580 4314 ad
610 4258 874 4326 sacrilega
902 4271 1135 4325 quaeque
1156 4258 1415 4327 impetum
1447 4272 1509 4311 ac
1534 4257 1792 4322 furorem,
1822 4259 1875 4311 in
1905 4259 2089 4312 mode-

511 4359 685 4403 ratam
778 4347 1068 4417 quamdam
1145 4348 1505 4410 sobrietatem
1572 4350 2092 4419 ambiguitatemque

2190 3145 2564 3217 στρατιώτης,
2605 3147 2909 3216 φερεπὸνου
2933 3147 3113 3220 τυχὼν
3145 3148 3327 3222 ψυχῆς
3353 3152 3453 3204 καὶ
3475 3153 3760 3222 δυνάμεως,

2191 3237 2285 3289 ἐπὶ
2316 3237 2377 3290 τδ
2414 3235 2640 3301 ταύταις
2677 3237 3054 3309 ἀντικείμενον
3102 3237 3268 3310 μέρος
3315 3239 3590 3311 ἐχώρησε,
3619 3240 3761 3295 κολαὁ

2193 3329 2319 3400 κείᾳ
2356 3329 2548 3383 τοῦτον
2599 3329 2837 3401 συλῆσαι
2883 3330 2977 3384 καὶ
3027 3330 3155 3405 δόξῃ
3184 3394 3185 3397 η
3214 3332 3626 3404 καραδοκήσας.
3664 3332 3760 3388 Kal

2191 3417 2256 3490 δὴ
2307 3419 2855 3491 προσκαλεσάμενος,
2904 3419 3001 3473 σὺν
3053 3419 3331 3491 ἱλαρότητι
3379 3422 3480 3474 καὶ
3524 3419 3761 3491 ὴπιότητι

2194 3512 2534 3582 προσωμίλει
2555 3551 2570 3576 ,
2602 3512 2695 3565 καὶ
2716 3510 3002 3581 Γραφικὰς
3031 3511 3255 3577 πεύσεις
3288 3515 3423 3585 παρ’
3458 3513 3624 3567 αὐτοῦ

2197 3603 2319 3658 σθαι
2374 3605 2545 3675 ἡδέως
2584 3604 2727 3674 ἔχειν
2779 3603 2846 3657 ἂν
2903 3603 3206 3674 ὡμολόγει,
3262 3604 3454 3671 τέλος,
3493 3605 3641 3659 ἔνδον
3681 3594 3763 3659 to;

2196 3695 2461 3749 παλατίου
2500 3695 2684 3766 μένειν
2710 3697 2808 3748 σὺν
2838 3699 2953 3760 τοῖς
2986 3696 3232 3767 γνησίοις
3260 3699 3592 3768 προστάττει
3621 3694 3762 3767 θεράδ

2196 3805 2410 3842 πουσιν.
2462 3788 2523 3842 '0
2558 3788 2616 3841 δὲ
2652 3787 2745 3842 τοῦ
2787 3788 2923 3841 Θεοῦ
2992 3788 3279 3858 ἄνθρωπος
3328 3790 3428 3843 καὶ
3472 3789 3613 3845 οὓτω
3645 3790 3761 3859 pair-

2195 3883 2287 3938 λον
2335 3884 2601 3954 ἐκράτει,
2649 3883 2682 3954 ἢ
2734 3882 3061 3953 ἐκρατεῖτο·
3105 3884 3232 3947 τοὺς
3270 3884 3379 3954 γὰρ
3419 3886 3761 3947 οἰκειοτάτους

2200 3971 2278 4043 τῷ
2313 3972 2526 4043 βασιλεῖ
2554 3973 2767 4035 πάντας
2810 3972 3115 4043 ὀρθοδοξεῖν
3157 3972 3513 4038 ὲξεπαίδευσε
3534 4016 3550 4041 ,
3585 3975 3675 4029 καὶ
3711 3972 3761 4025 τὸ

2196 4063 2293 4120 τοῦ
2345 4064 2609 4134 βασιλέως
2658 4064 2716 4117 δὲ
2760 4064 3000 4136 ἄκρατον
3057 4065 3189 4137 περὶ
3237 4066 3298 4119 τὸ
3344 4065 3631 4139 δύσφημον
3682 4065 3757 4117 καί

2198 4156 2477 4224 ἀνέπαφον
2531 4157 2961 4226 είσκεκραμένον
3003 4172 3120 4220 πως
3156 4156 3251 4210 καὶ
3308 4158 3607 4228 ἀμφίδοξον
3646 4172 3756 4227 μετι-

2198 4248 2498 4302 εσκεύασεν
2524 4289 2538 4314 ,
2585 4248 2660 4312 ὡς
2713 4250 2853 4320 μήτε
2886 4247 2967 4319 τῷ
3001 4249 3227 4319 συνήθει
3270 4247 3470 4321 θράσει
3503 4249 3642 4303 κατὰ
3668 4246 3756 4299 τῶν

2197 4340 2496 4412 ὀρθοδόξων
2551 4343 2784 4412 χωρεῖν,
2843 4341 2982 4411 μήτε
3031 4340 3137 4414 μὴν
3176 4342 3245 4412 τῇ
3290 4342 3473 4414 οἰκείᾳ
3526 4340 3650 4414 δίξῃ
3690 4339 3750 4400 ὡς

511 4447 850 4506 tratisvextt,
884 4449 959 4493 tta
991 4449 1049 4494 ut
1093 4439 1186 4495 ille
1234 4455 1413 4510 neque
1465 4449 1724 4496 consueta
1776 4442 2001 4495 audacia
2038 4443 2080 4493 in

2198 4432 2488 4504 ἀμωμήτῳ
2518 4433 2907 4506 καταθαρμἶνι

510 4531 847 4588 orthodoxos
875 4530 1133 4597 ferretur,
1166 4546 1344 4603 neque
1367 4532 1601 4603 propria:
1621 4534 1908 4589 sententiae
1932 4532 2090 4603 quasi

511 4622 551 4678 li
566 4623 910 4693 reprehensas
943 4620 1158 4680 ﬁderet.
1304 4656 1313 4660 -
1937 4642 1944 4647 -

1982 4731 2218 4790 CAPUT
2260 4732 2326 4786 ll.

1089 4853 1501 4910 Patriarchatus
1537 4851 2167 4922 Constantinopolitanus
2198 4866 2216 4905 :
2242 4868 2321 4905 res
2347 4849 2399 4903 in
2430 4864 2488 4902 eo
2517 4855 2710 4917 gmw,
2746 4847 2980 4911 morbus,
3017 4842 3214 4899 obitus.

586 4990 675 5049 10.
717 4990 773 5046 ln
807 4989 893 5044 his
926 5003 1050 5044 cum
1100 4998 1323 5043 sanctus
1360 4987 1444 5041 vir
1481 5001 1542 5042 se
1567 4998 1869 5056 exerceret,
1907 4987 2091 5043 Domi-

512 5103 617 5145 rtus
646 5081 962 5155 imperatori
1010 5090 1239 5136 mortem
1285 5079 1486 5145 intulit,
1515 5093 1638 5149 qua:
1665 5080 1830 5134 etiam
1862 5081 1912 5134 in
1947 5079 2090 5135 illius

500 5237 664 5311 ‘_>(n)
701 5237 965 5311 Zonaras
999 5235 1077 5291 sic
1124 5232 1314 5311 scribit
1360 5252 1373 5286 :
1417 5232 1821 5311 Sanctissimum
1886 5233 2096 5311 Medio.

512 5304 681 5371 diu»;
711 5318 823 5371 post
859 5310 1054 5361 multos
1106 5306 1379 5359 cruciatus
1418 5304 1780 5374 malarumque
1815 5305 2091 5358 contusio-

514 5393 629 5431 item
654 5388 704 5431 et
728 5376 962 5431 dentiant
1015 5377 1353 5437 evulsionem,
1389 5374 1444 5426 in
1478 5373 1707 5427 insulam
1745 5373 2091 5439 Panormum,

432 5509 437 5516 ἢ
513 5463 630 5518 qua:
697 5461 835 5518 nunc
889 5447 1135 5514 Antigoni
1200 5451 1604 5518 cognomentum
1653 5443 1846 5508 habet,
1902 5443 2095 5518 impius

515 5514 709 5586 relegat
754 5515 1075 5578 imperator,
1110 5526 1157 5567 et
1191 5517 1332 5567 intra
1378 5523 1771 5586 monumentum
1813 5528 1929 5566 cum
1964 5514 2100 5567 duo-

519 5581 962 5639 bus'latronibus
1008 5586 1273 5650 concludit
1312 5598 1331 5636 :
1372 5598 1594 5648 quorum
1647 5583 1814 5636 altera
1866 5592 2096 5645 mortuo,

522 5664 768 5718 quantum
849 5652 1143 5707 violentiam
1187 5664 1233 5708 et
1292 5651 1586 5706 molestiam
1652 5652 1730 5706 rir
1778 5668 1991 5706 sanctus
2037 5669 2101 5707 ex

528 5723 786 5776 teterrima
816 5722 1083 5777 cadareris
1117 5732 1280 5791 [aiore
1325 5720 1582 5786 tolerarit,
1637 5723 1786 5776 nulla
1823 5722 2100 5792 quisquam

2274 4993 2325 5040 t'.
2389 4986 2479 5040 Ἐν
2524 4956 2743 5049 τούτοις
2790 4985 2887 5038 τοῦ
2931 4982 3090 5052 ἁγίου
3128 4982 3322 5054 ἀνδρὸς
3353 4982 3746 5067 ἐξεταζομέθου.

2202 5077 2432 5133 θάνατον
2480 5076 2773 5132 ἀπέστειλε
2833 5077 3041 5150 Κύριος
3097 5078 3190 5131 ἐπὶ
3244 5076 3338 5133 τὸν
3385 5076 3640 5148 βασιλέα,
3674 5071 3750 5126 καὶ
3793 5118 3797 5122 .

2201 5212 2439 5305 oratione
2486 5234 2736 5305 consequi
2763 5243 2951 5304 potest.
2992 5232 3070 5288 Ita
3102 5234 3263 5290 etiam
3296 5234 3602 5295 Cedrenns;
3630 5231 3751 5289 Sam

2200 5316 2315 5377 ctus
2358 5303 2680 5377 Methodius,
2714 5303 2911 5377 inquit,
2941 5305 2994 5358 in
3022 5308 3312 5377 quamdam
3341 5306 3593 5377 relegatus
3610 5304 3741 5377 insue

2146 5434 2149 5439 η
2194 5375 2324 5446 lam,
2405 5376 2549 5446 vivus
2602 5390 2723 5428 cum
2753 5376 2977 5446 _¢_!uobus
3042 5375 3337 5446 latronibus
3380 5374 3745 5446 in'sepulcram

2150 5468 2154 5473 -
2195 5445 2430 5499 inclusus
2491 5443 2687 5511 fuerat.
2753 5442 2952 5500 Verum
2993 5458 3055 5497 ea
3089 5445 3143 5499 in
3176 5445 3297 5501 Vita
3333 5442 3543 5502 melius
3572 5442 3743 5496 distin-

2196 5524 2458 5579 gnnntur,
2486 5523 2540 5569 et
2570 5513 2635 5568 ad
2672 5523 2919 5579 tempora
2950 5514 3232 5571 Michaelis
3262 5514 3411 5572 Balbi
3446 5513 3740 5571 referuntur.

2200 5583 2383 5638 Potuit
2433 5595 2612 5655 tamen
2642 5586 2745 5655 sub
2766 5580 3098 5655 Theophila,
3128 5600 3195 5641 ex
3228 5584 3392 5642 eavea
3422 5585 3596 5655 palatii
3621 5580 3741 5655 ciant

2200 5658 2471 5716 etlttcttts,
2531 5654 2586 5708 in
2639 5654 2870 5708 insulatn
2927 5646 3280 5710 'Panormum
3351 5646 3466 5712 sive
3517 5646 3741 5718 Antigoni

2203 5725 2522 5781 secessisse.
2580 5722 2807 5791 Reliqua
2861 5724 3000 5780 infra
3035 5725 3394 5785 inAnalectis
3442 5728 3734 5782 releruntur.
