4024 6440
302 234 435 307 i253

1820 243 2018 307 VITA.

3414 254 3434 319 1
3447 255 3549 320 254

296 345 461 421 ἦλθεν
490 344 584 401 ἐπὶ
630 347 728 418 τὴν
764 346 976 420 αἵρεσιν
1018 348 1183 403 αὐτοῦ
1208 368 1221 382 ο
1266 350 1381 422 ἅμα
1416 352 1522 422 γάρ
1558 351 1869 425 ἐτεθνήκει,

1986 352 2237 410 haeresim
2297 358 2548 429 obrepsit
2581 376 2594 415 :
2626 362 2811 418 statim
2860 364 3004 422 enim
3035 381 3100 424 ac
3144 366 3234 425 ille
3279 369 3386 425 vita
3440 371 3561 433 inn-

300 439 630 510 συντελευτᾷ
679 439 829 510 αὑτῷ
885 441 1049 512 καὶὴ
1110 442 1338 512 αἵρεσις.
1391 443 1498 495 Τοῦ
1532 444 1640 515 γὰρ
1692 443 1882 507 παιδὸς

296 531 519 603 Μιχαὴλ
573 533 671 586 σὺν
725 535 791 603 τῇ
831 534 1002 604 μητρὶ
1049 536 1149 601 τὴν
1198 534 1477 605 βασιλείαν
1528 537 1880 608 παραλαϐόν-

294 639 415 685 τος,
469 625 502 692 ἡ
559 623 840 693 ὀρθόδοξος
899 624 1141 694 Χριστοῦ
1207 626 1529 698 Ἐκκλησία’
1563 631 1881 702 παρρησίαν

296 713 585 783 λαμϐάνει,
614 712 709 767 καὶ
741 716 801 768 τὸ
827 715 1083 787 κίϐδηλον
1127 717 1227 786 τῆς
1261 717 1526 789 αἱρέσεως
1560 720 1634 783 ὡς
1664 721 1878 792 ἀνθρω-

297 806 427 877 πίνῃ
466 808 610 876 χειρὶ
641 808 774 874 φυέν
815 824 872 860 τε
915 808 1008 861 καὶ
1059 809 1335 879 κρατηθὲν
1383 811 1751 882 ἀπηλέγχετο,
1785 813 1880 866 καὶ

293 899 344 948 oi
369 897 549 950 λαλεῖν
585 898 677 950 καὶ
711 898 933 953 ἀκούειν
962 900 1278 969 βουλόμενοι
1312 903 1440 972 περὶ
1468 902 1699 968 τούτων,
1734 908 1876 960 ἐκω-

292 987 505 1044 λύοντο.
544 990 794 1043 Ἰωάννου
822 990 1003 1044 τοίνυν
1027 992 1221 1063 ἀνδρὸς
1249 995 1448 1062 γοήτου
1474 996 1568 1048 κοιλ⁵
1598 997 1660 1050 ὑδ
1673 999 1875 1068 ρομάν·

289 1098 429 1143 τεως
458 1082 557 1149 τῆς
586 1083 883 1151 εἰρημένης
914 1082 1321 1153 προῖσταμένου
1350 1085 1647 1154 αἱρέσεως,
1676 1089 1770 1140 καὶ
1797 1087 1875 1158 τῷ

291 1170 468 1241 θρόνῳ
501 1171 1132 1236 Κωνσταντινουπόλεως
1187 1176 1728 1244 συμπεφορημένου,
1773 1196 1874 1231 κα-

289 1260 518 1323 νονικῶς
564 1260 967 1330 ἐξεληλαμένον
998 1262 1096 1314 σὺν
1131 1264 1295 1316 παντὶ
1338 1263 1419 1332 τῷ
1450 1264 1636 1334 κλήρῳ
1670 1266 1833 1320 αὑτοῦ
1854 1283 1869 1299 ο

287 1351 536 1420 ἐζητεῖτο
579 1351 765 1406 λοιπὸν
800 1354 828 1405 6
873 1353 1026 1418 ἄξιος
1068 1354 1146 1424 τῷ
1188 1354 1364 1425 θρόνῳ
1414 1358 1873 1429 ὲπιστηρ·χθῆναι

290 1443 502 1514 μέλλων
550 1444 747 1513 πράξει
799 1446 894 1497 καὶ
942 1444 1147 1517 θεωρίᾳ
1179 1448 1540 1515 ἀνθρωπίνων
1589 1466 1872 1521 κεκοσμη-

291 1535 488 1608 μένος,
550 1535 645 1588 καὶ⁸
682 1533 1014 1607 πολυπείρίᾳ
1065 1537 1174 1591 τῶν
1238 1538 1399 1593 θείων
1448 1541 1543 1594 καὶ
1586 1559 1872 1612 γεγυμνα-

288 1627 526 1696 σμένος,
582 1626 807 1690 δυνατὸς
864 1628 1010 1698 λόγῳ
1068 1633 1162 1683 καὶ
1208 1629 1355 1701 ἔργῳ
1385 1631 1528 1684 κατά
1577 1635 1676 1703 τὴν
1718 1635 1871 1690 θείαν

288 1716 534 1787 Γραφήν.
579 1716 797 1772 Πολλῶν
826 1697 1007 1773 τοίνυν
1045 1697 1298 1790 μεγάλων
1327 1697 1424 1774 καὶ
1455 1697 1943 1797 ἁγίων-ἀνδρῶν’Β

286 1811 797 1881 προϐεϐλημένων,
869 1813 1030 1883 μόνος
1074 1815 1430 1885 προκρίνεται
1466 1816 1562 1868 καὶ⁵
1598 1817 1868 1872 καθίστα-

284 1920 378 1957 ται
429 1905 458 1955 6
489 1903 789 1975 άθλοφόρος
824 1905 1116 1969 Μεθόδιος,
1175 1909 1407 1978 ἀσκήσει
1445 1910 1652 1974 πάντας
1698 1912 1870 1982 ὑπερ-

286 1994 529 2065 ϐάλλων,
578 1999 671 2051 καὶ
710 2000 747 2050 Γ
755 1997 943 2068 ραφῶν
983 2001 1278 2071 ἐμπειρίᾳ,
1329 2003 1423 2054 καὶ
1458 2005 1740 2074 προφορᾶς
1779 2006 1868 2057 εύ-

286 2086 550 2159 γλωττίᾳ,
598 2090 691 2144 καὶ
754 2089 933 2144 ἄθλων
991 2092 1272 2162 ὑπομονῇ,
1337 2093 1433 2145 καὶ
1513 2097 1866 2164 φρονήματος

285 2177 638 2251 μετριότητι,
677 2181 768 2233 καὶ
811 2186 1225 2255 συναναστροφῇ
1262 2184 1353 2237 καὶ
1389 2187 1650 2257 συνουσίᾳ
1676 2204 1865 2260 χαριε-

284 2286 477 2343 στατῃ.

357 2461 444 2509 ια’.
503 2454 718 2524 Ἐπειδὴ
762 2454 1146 2527 δὲ,ἀσκήσεως
1191 2435 1284 2512 καὶ
1321 2459 1554 2529 εὐφυΐας
1591 2434 1867 2537 ἐμνήσθη-

284 2563 386 2616 μεν
420 2547 514 2599 τοῦ
559 2546 754 2616 ἀνδρὸς
779 2588 791 2608 ,
847 2548 906 2600 ἒν
951 2549 1121 2604 αὑτοῦ
1161 2552 1499 2623 κατόρθωμα
1541 2556 1861 2626 εἰρηκότες,
1896 2603 1901 2607 .

279 2642 413 2710 περὶ
465 2628 573 2693 τῶν
620 2642 821 2695 λοιπῶν
877 2644 1006 2714 ὑμῖν
1060 2645 1391 2700 διανοεῖσθαι
1450 2653 1868 2720 παραχωρήσει)-

282 2750 405 2802 μεν.
446 2733 618 2787 Ἑπτὰ
668 2735 847 2786 τοίνυν
886 2735 1162 2806 ψαλτήρια
1216 2738 1396 2809 πλήρη
1442 2742 1469 2791 6
1520 2741 1682 2809 σοφὸς
1714 2742 1864 2795 Μεθ-

277 2827 420 2889 όδιος
455 2826 666 2897 ἔγραφε
691 2866 704 2890 ,
758 2826 882 2879 καθ’
932 2827 1172 2897 ἑκάστης
1217 2828 1277 2880 τὸ
1337 2828 1395 2882 ἓν
1435 2830 1729 2902 ἑϐδομάδος
1771 2834 1866 2903 νή-

283 2937 414 2988 στης
472 2918 845 2987 ἀποπληρῶν·
902 2918 1023 2971 οὐδὲ
1085 2919 1193 2990 γὰρ
1262 2920 1456 2984 ὓδατος
1521 2925 1858 2992 άπεγεύετο,

281 3012 422 3083 πλὴν
454 3010 735 3063 Σαϐϐάτου
773 3011 867 3062 καὶ
893 3012 1201 3081 Κυριακῆς.
1243 3013 1503 3085 Τοιαύτη,
1547 3016 1622 3080 ὠς
1651 3019 1707 3070 ὲν
1741 3035 1864 3072 συν-
1891 3044 1932 3102 C

273 3104 431 3173 τόμῳ
488 3104 693 3163 εἰπεῖν,
738 3100 833 3154 τοῦ
884 3101 1031 3154 ὁσίου
1074 3103 1107 3173 ή
1177 3103 1442 3170 ἄσκησιςο
1510 3107 1750 3161 τοιοῦτον
1799 3111 1863 3162 ὲκ

275 3195 493 3251 πολλῶν
540 3195 635 3249 τοῦ
689 3193 921 3265 ἀθλητοῦ
965 3194 1027 3248 τὸ
1076 3196 1377 3267 μαρτύριον
1404 3198 1595 3274 ’,αῦτη
1639 3202 1732 3253 καὶ
1765 3201 1865 3272 τῆς

274 3286 692 3359 ἀρχιερωσύνης
720 3288 753 3355 ή
792 3286 1073 3356 προεδρία.

353 3377 440 3449 ιβ’.
464 3378 567 3430 Ἦν
602 3378 787 3448 μέντοι
818 3378 1141 3449 παραίνεσιν
1170 3376 1314 3441 τότε,
1346 3379 1465 3450 ἦτοι
1493 3380 1860 3453 δημηγορίαν,

277 3469 444 3522 παντὶ
494 3468 571 3539 τῷ
606 3469 704 3539 τῆς
748 3468 1080 3539 Ἐκκλησίας
1109 3468 1262 3540 λαῷ,
1302 3471 1434 3534 στὰς
1460 3473 1555 3524 ἐπὶ
1587 3472 1694 3526 τῶν
1732 3476 1864 3528 ἀνα-

277 3559 541 3629 ϐαθμῶν,
583 3561 897 3628 ἐποιήσατο,
939 3560 1016 3622 ὡς
1053 3561 1211 3632 τύπῳ
1248 3562 1463 3625 εἰπεῖν,
1505 3563 1729 3634 τοιαύτη
1776 3583 1862 3630 τις

272 3646 346 3720 ἢν
368 3668 383 3681 ⁸
428 3650 630 3721 Κοινὴν
664 3651 761 3721 μὲν
793 3650 907 3717 οῦν,
948 3645 992 3704 ὦ
1029 3652 1266 3722 πατέρες
1303 3654 1395 3706 καὶ
1421 3654 1658 3724 ἀδελφοὶ,
1692 3656 1859 3726 εὐχα-

265 3743 530 3815 ριστίαν,
572 3746 683 3811 ἐγώ
731 3761 789 3797 τε
823 3746 919 3797 καὶ⁹
960 3744 1164 3807 πάντες
1199 3746 1389 3816 ὑμεῖς,
1424 3746 1502 3817 τῷ
1540 3747 1727 3801 καλῶν
1776 3749 1862 3802 δο-

270 3838 405 3906 τῆρι
449 3835 672 3906 Χριστῷ
712 3834 790 3905 τῷ
826 3834 944 3906 Θεῷ
992 3836 1379 3906 ὲποφείλομεν,
1417 3839 1499 3891 ὃτι
1556 3854 1620 3905 γε
1670 3839 1858 3909 σχεδόν

1985 455 2106 500 ctus
2136 457 2239 515 est,
2273 448 2497 507 haeresis
2531 468 2747 525 quoque
2775 458 2824 512 ei
2851 460 3224 516 commoritnr.
3277 461 3562 532 Siquidem

1983 552 2106 593 cum
2138 538 2281 594 illius
2320 542 2467 599 ﬁlius
2503 544 2729 602 Michael
2777 564 2879 604 una
2914 565 3036 606 cum
3067 552 3142 623 (0)
3171 562 3346 610 matre
3384 557 3561 627 impc-

1981 630 2121 685 rium
2189 637 2544 705 suscepisset,
2596 641 2898 696 orthodoxa
2952 645 3156 701 Christi
3214 647 3455 703 Ecclesia
3502 650 3557 704 in

1980 720 2289 778 libertatem
2319 726 2666 797 vindicatur;
2701 732 3079 803 haereseosqne
3110 740 3371 793 ementita
3401 754 3559 795 secn-

1980 812 2133 878 ritas,
2169 824 2422 884 tanquam
2474 835 2595 890 qua:
2628 822 2863 877 humana
2912 828 3153 895 potentia
3200 841 3315 883 sata
3357 847 3554 901 propa-

1979 913 2209 975 gataque
2251 905 2467 975 fuerat,
2519 914 2900 983 refellebatur;
2939 928 2993 973 et
3040 920 3132 989 qtti
3186 922 3253 977 de
3306 922 3411 979 illis
3460 933 3553 979 aut

1981 995 2124 1067 loqui
2156 1009 2252 1053 aut
2301 1002 2490 1056 audire
2528 1004 2747 1071 vellent,
2786 1008 3241 1079 impediebantur.
3283 1014 3419 1069 Cum
3451 1031 3552 1072 an-

1980 1094 2088 1141 tem
2140 1088 2215 1158 (ρ)
2267 1086 2532 1159 Joat‘iw-s,
2591 1096 3013 1155 incantamentis
3054 1113 3108 1157 et
3157 1106 3552 1175 hydromantiaz

1977 1177 2198 1233 deditus
2227 1181 2494 1249 dictmqne
2531 1186 2801 1242 haereseos
2844 1199 3231 1262 propugnator,
3266 1197 3550 1254 dethrouo

1976 1267 2599 1341 Constantinopolitano,
2630 1291 2792 1346 quem
2827 1281 2984 1336 malis
3007 1285 3219 1341 artibus
3250 1285 3547 1356 invaserat,

1974 1375 2039 1413 ex
2073 1363 2393 1431 praescripto
2427 1381 2730 1433 canonum,
2771 1386 2896 1426 cum
2936 1375 3203 1433 universo
3249 1395 3347 1434 suo
3377 1381 3547 1450 clero,

1974 1449 2218 1516 dejecms
2259 1464 2429 1522 esset,
2466 1464 2521 1511 et
2570 1470 2910 1524 quaereretur
2947 1465 3089 1521 alius
3117 1482 3183 1521 eo
3208 1467 3429 1538 fastigio
3467 1449 3549 1526 di-

1972 1557 2144 1610 gnus,
2221 1546 2435 1603 aCtione
2501 1551 2968 1623 meditationeque
3014 1561 3442 1626 condecoratns,
3493 1573 3550 1618 ct

1976 1648 2156 1689 rerum
2212 1638 2518 1694 divinarum
2579 1652 2744 1713 atque
2799 1645 3158 1705 humanarum
3210 1654 3549 1720 experientia

1971 1729 2267 1796 exercitus,
2302 1741 2497 1800 potens
2537 1749 2703 1804 opere
2733 1747 2789 1791 et
2823 1752 3098 1807 sermone,
3136 1754 3193 1797 ut
3218 1743 3398 1800 divina
3434 1757 3548 1801 tra-

1970 1820 2048 1873 dit
2080 1821 2365 1891 Scriptura
2387 1865 2403 1891 ,
2439 1827 2703 1898 multique
2732 1843 2798 1884 ac
2829 1832 3008 1904 magni
3040 1835 3141 1889 viri
3179 1852 3548 1905 proponeren-

1971 1919 2078 1977 tur,
2126 1913 2273 1969 solns
2304 1917 2562 1972 omnibus
2605 1921 2898 1988 pra'l'ertur
2936 1923 3266 1999 eligitnrque
3297 1929 3547 1983 exantla-

1971 2011 2144 2055 tornm
2174 2007 2537 2062 certaminum
2572 2014 2813 2080 praemiis
2841 2025 3072 2070 onustus
3099 2016 3428 2085 Methodius,
3452 2020 3545 2090 qui

1969 2093 2208 2163 reliquos
2256 2114 2449 2154 omnes
2479 2111 2533 2155 et
2576 2105 2995 2173 exercitatione,
3034 2117 3089 2162 et
3131 2107 3543 2179 Scripturarum

1969 2188 2181 2254 peritia,
2210 2198 2265 2243 et
2293 2192 2564 2249 orationis
2608 2198 3074 2264 pronuntiatione,
3099 2208 3151 2253 et
3181 2202 3544 2258 certaminum

1969 2279 2281 2349 tolerantia,
2318 2294 2371 2339 et
2404 2288 2754 2356 cogitationis
2793 2290 3191 2358 moderatione,
3226 2304 3283 2349 et
3313 2309 3544 2351 conver-

1967 2374 2197 2430 sationis
2225 2378 2497 2433 suavitate
2534 2382 2798 2436 anteibat.

2041 2465 2128 2520 ti.
2174 2466 2278 2520 Sed
2340 2470 2558 2537 quando
2628 2471 3046 2528 exercitationis
3099 2483 3156 2529 et
3204 2475 3543 2532 dexteritatis

1968 2559 2171 2612 mentio
2206 2559 2417 2623 incidit,
2455 2562 2615 2615 unius
2646 2561 2909 2617 facinoris
2936 2566 3254 2620 narratione
3280 2569 3541 2634 contenti,

1967 2649 2033 2700 de
2071 2650 2294 2719 reliquis
2335 2650 2478 2704 illius
2521 2653 2620 2705 viri
2656 2654 2812 2708 vobis
2837 2653 3106 2722 judicium
3155 2657 3540 2726 relinquemus.

1966 2736 2182 2807 Integra
2265 2751 2475 2810 septem
2551 2740 2856 2809 Psalteria,
2917 2747 3141 2814 sapiens
3195 2746 3540 2814 Methodius,

1968 2846 2132 2883 unum
2164 2831 2215 2883 in
2239 2831 2476 2900 qualibet
2499 2831 2936 2901 Qnadragesimte
2967 2838 3302 2894 hebdomade
3334 2842 3543 2894 exscri-

1967 2923 2163 2987 bebat,
2227 2938 2421 2993 expers
2479 2925 2586 2980 cibi
2649 2936 2954 2997 potusque;
3024 2944 3200 2999 neque
3270 2931 3412 2983 cnim
3456 2930 3543 2986 vel

1967 3013 2161 3080 aquam
2214 3013 2548 3083 (Sabbatum
2583 3015 2628 3069 si
2662 3017 2907 3085 excipias
2942 3027 2996 3070 et
3037 3017 3414 3089 Dominicatn)
3451 3022 3542 3074 deo

1968 3104 2242 3172 gustabat.
2284 3102 2359 3157 Ea
2388 3106 2627 3172 quidem,
2663 3115 2722 3159 ut
2755 3106 2924 3161 verbo
2956 3123 3044 3162 me
3073 3111 3361 3173 extricetn,
3400 3109 3539 3180 justi

1965 3190 2065 3245 fuit
2098 3194 2456 3260 exercitatio;
2492 3196 2592 3249 hoc
2623 3195 2765 3249 inter
2794 3197 2897 3250 alia
2926 3197 3097 3251 multa
3135 3199 3355 3252 athleta:
3394 3215 3539 3251 mar-

1967 3282 2198 3354 tyrium;
2251 3285 2364 3338 hinc
2415 3285 2591 3354 prima
2643 3288 2839 3341 summi
2888 3289 3212 3358 praasulatus
3257 3292 3538 3349 subsellia.

2036 3372 2123 3427 12.
2166 3372 2487 3430 Exhortatio
2539 3391 2670 3432 vero
2715 3393 2810 3434 seu
2861 3381 3055 3435 concio
3107 3396 3268 3450 quam
3329 3383 3442 3449 ipse
3474 3398 3541 3435 co

1966 3465 2226 3532 temporis
2255 3467 2321 3520 ad
2354 3468 2665 3523 universum
2700 3470 2958 3526 Ecclesiae
3002 3472 3259 3541 populum
3300 3468 3450 3527 stans
3482 3476 3537 3529 in

1963 3559 2221 3626 gradibus
2265 3557 2476 3625 habuit,
2527 3570 2585 3615 ut
2623 3562 2797 3631 ipsum
2842 3565 3163 3633 compendio
3211 3567 3539 3636 exprimam,

1962 3646 2061 3700 l'nit
2090 3648 2397 3717 hnjusmodi
2431 3668 2445 3706 :
2481 3650 2755 3716 Publicas,
2793 3666 2826 3705 0
2851 3664 3030 3720 patres
3061 3656 3390 3723 fratresque,
3423 3656 3540 3725 ipse

1961 3748 2012 3792 et
2042 3752 2137 3793 vos
2177 3755 2386 3806 omnes,
2436 3740 2660 3797 Christo
2702 3741 2833 3810 Deo,
2876 3745 3137 3798 honorum
3171 3747 3367 3810 datori,
3414 3764 3540 3816 gra-

1962 3831 2064 3884 tias
2098 3845 2260 3899 agere
2309 3832 2590 3895 debemus,
2630 3834 2772 3900 quod
2822 3850 2946 3899 nos,
2996 3835 3113 3889 fere
3165 3850 3264 3904 per
3312 3836 3534 3906 triginta

269 3944 403 3994 που,
432 3927 574 3991 ὅλοις
603 3926 899 3999 τριάκοντα
936 3928 1354 3997 πεπονημένους
1386 3929 1592 3993 ἔτεσιν,
1625 3929 1729 3981 ὑπὸ
1762 3930 1855 3983 τοῦ

1968 3937 2130 3976 annos
2160 3923 2227 3976 ab
2276 3923 2673 3976 innnanissinto
2727 3925 2997 3978 haereseos
3043 3923 3173 3994 jngo
3223 3925 3536 3995 Oppressos,

268 4019 376 4088 τῆς
401 4017 662 4087 αἱρέσεως
698 4016 1002 4087 βαρυτάτου
1035 4016 1224 4086 ζυγοῦ,
1257 4018 1500 4088 σήμερον
1531 4019 1678 4088 ἡμᾶς
1710 4017 1859 4071 ἐλευ-

1968 4029 2102 4069 nunc
2146 4016 2364 4068 demum
2424 4013 2678 4069 libertate
2725 4017 3011 4069 donaverit
3048 4035 3062 4072 :
3096 4016 3224 4071 fecit
3268 4019 3413 4072 enim
3478 4029 3535 4074 ct

269 4110 466 4180 θερίας
505 4109 739 4179 ἠξίωσεν
761 4125 773 4139 ·
817 4109 1039 4178 ἐποίησε
1070 4109 1180 4179 γὰρ
1209 4109 1426 4179 ἀληθῶς
1454 4111 1548 4163 καὶ
1599 4110 1693 4163 νῦν
1727 4115 1857 4180 κρά-

1968 4121 2103 4160 nnnc
2152 4104 2321 4158 robur
2360 4105 2412 4158 in
2453 4105 2682 4159 brachio
2737 4119 2862 4170 suo,
2915 4106 3221 4176 dejecitque
3250 4123 3281 4163 e
3312 4108 3535 4165 sedibus

264 4215 363 4261 τος
397 4199 456 4251 ὲν
504 4197 751 4268 βραχίονι
802 4197 999 4262 αὐτοῦ,
1037 4197 1288 4251 καθεῖλέν
1320 4215 1379 4250 τε
1418 4198 1689 4262 δυνάστας
1745 4199 1855 4253 ἀπὸ

1968 4206 2242 4266 potentes,
2301 4207 2355 4252 et
2409 4198 2673 4253 exaltavit
2745 4197 3011 4261 humiles;
3075 4200 3529 4266 quemadmodum

262 4287 482 4359 θρόνων
524 4287 620 4340 καὶ
650 4287 834 4357 ῦψωσε
867 4287 1189 4352 ταπεινοὺς,
1234 4285 1419 4350 καθὼς
1445 4286 1673 4358 ἐλάλησε
1716 4291 1852 4358 προς

1968 4290 2071 4356 pse
2098 4290 2302 4343 sanctis
2335 4288 2450 4342 suis
2482 4287 2758 4357 discipulis
2784 4296 2840 4341 et
2868 4289 3058 4341 amicis
3089 4290 3227 4343 dixit
3256 4306 3270 4343 :
3305 4288 3532 4344 l‘ressn-

263 4382 398 4442 τοὺς
442 4380 633 4447 ἁγίους
679 4377 845 4431 αὐτοῦ
876 4376 1129 4449 μαθητάς
1165 4393 1225 4430 τε
1274 4377 1368 4430 καὶ
1408 4377 1617 4445 φίλους·
1666 4376 1856 4447 Θλίψιν

1968 4394 2077 4432 ratu
2117 4379 2389 4433 habebitis
2419 4380 2472 4433 itt
2527 4379 2628 4433 hoc
2662 4379 2863 4434 mundo
2911 4396 2926 4433 :
2970 4378 3247 4445 conﬁdite,
3282 4395 3382 4451 ego
3426 4382 3529 4438 vici

242 4470 421 4537 ἕξετε
444 4473 501 4523 ἐν
521 4471 599 4541 τῷ
631 4470 822 4541 κόσμῳ
853 4469 1048 4538 τούτῳ,
1086 4467 1222 4522 ἀλλὰ
1259 4467 1533 4540 θαρσεῖτε,
1572 4467 1684 4537 ἐγὼ
1711 4468 1853 4522 νενί-

263 4579 420 4635 κηκα
448 4563 540 4616 τὸν
565 4562 793 4632 κόσμον.
826 4560 1029 4632 Κοινὴν
1060 4558 1400 4630 εὐφροσύνην
1436 4559 1637 4623 πάντες
1669 4559 1849 4614 οἴεσθε

255 4657 417 4727 ’ἔχειν
452 4656 553 4726 ἑμέ
583 4671 642 4708 τε
676 4654 771 4707 καὶ
809 4654 971 4708 πάλιν
1012 4653 1181 4723 ὑμᾶς,
1219 4653 1316 4706 καὶ
1345 4655 1421 4723 πῆ
1453 4651 1575 4722 μὲν,
1608 4652 1656 4704 τ’
1685 4651 1860 4728 ἀληθῆ

277 4746 716 4817 ὑπολαμϐάνετε
743 4745 858 4808 πῶς
885 4746 996 4815 γάρ
1021 4744 1087 4797 ἀν
1112 4745 1214 4796 οὐκ
1237 4744 1302 4796 ἂν
1325 4741 1624 4814 ἀγασθείην
1652 4742 1711 4795 τὸ
1736 4743 1861 4796 σκό-

260 4834 814 4906 τος’ἀπεληλαμένον
859 4833 968 4886 τῶν
991 4833 1203 4904 ψυχῶν,
1235 4833 1331 4887 καὶ
1368 4831 1428 4885 τὸ
1463 4831 1579 4901 φῶς
1619 4833 1858 4903 Χριστοῦ

262 4928 491 5001 βλέπων
526 4925 807 4996 πανταχοῦ
858 4925 1254 4996 καταλάμπον;
1318 4922 1429 4992 ἐγὼ
1484 4924 1540 4976 δέ
1591 4941 1713 4978 τινα
1764 4927 1860 4977 καὶ

260 5019 456 5090 λύπην
509 5021 575 5089 τῇ
636 5015 952 5089 εὐφροσύνῃ
988 5018 1240 5091 συμμιγῆ
1296 5015 1601 5086 κέκτημαι,
1635 5017 1735 5069 οὐκ
1767 5018 1859 5069 ἐπὶ

255 5112 385 5172 τοῖς
423 5109 738 5180 εἰρημένοις
781 5107 1036 5178 (μισητὸν
1079 5107 1187 5179 γὰρ
1221 5107 1309 5160 ἐπ’
1341 5107 1566 5176 ἀγαθοῖς
1605 5107 1852 5178 σχετλιά-

258 5201 418 5266 ζειν,
462 5197 579 5253 ἀλλ’
612 5198 694 5252 ὅτι
724 5215 791 5271 με
828 5197 934 5252 ὑπὸ
971 5199 1240 5270 μεγάλους
1274 5198 1493 5268 πόνους)
1534 5199 1629 5251 καὶ
1664 5199 1850 5270 μείζο-

261 5308 367 5355 νας
405 5290 696 5362 φροντίδας
725 5290 825 5361 τῆς
854 5289 1179 5362 προεδρείας
1205 5288 1411 5359 ταύτης
1452 5288 1708 5360 ἐθήκατε,
1741 5292 1856 5358 εῖγε

344 5445 422 5524 (o)
467 5444 742 5524 modum
788 5443 1147 5524 Imperatrix,
1192 5460 1326 5524 uxor
1363 5442 1673 5524 Theophili,
1700 5459 1845 5524 “cunt

262 5514 543 5575 Iliéltaele‘
568 5516 678 5585 lilio
710 5516 980 5585 regnavit,
1006 5517 1162 5583 cujus
1191 5523 1310 5569 acta
1343 5530 1411 5569 ex
1437 5516 1601 5569 variis
1631 5514 1855 5570 collecta

260 5585 523 5645 dedimus
556 5600 607 5639 tu
641 5583 945 5640 Februarii.

342 5657 422 5727 ἐν)
459 5653 696 5710 Joannes
724 5670 815 5711 seu
845 5653 1049 5709 Jannes
1076 5652 1626 5724 l'sendo-patriarcba
1662 5652 1855 5711 cedere

1957 4469 2245 4522 mundum.
2300 4467 2640 4524 Existimatis
2674 4484 2866 4526 omnes
2914 4485 3260 4527 communem
3312 4488 3398 4530 me
3433 4491 3532 4529 vo-

1958 4560 2166 4614 biscum
2201 4558 2404 4615 habere
2457 4560 2807 4628 hilaritatem,
2841 4578 2941 4618 nec
2979 4564 3202 4619 omnino
3245 4579 3275 4620 a
3301 4569 3532 4624 veritate

1960 4649 2230 4703 aberratis
2251 4665 2267 4716 ;
2288 4651 2559 4718 quomodo
2585 4651 2729 4705 enim
2755 4651 2870 4720 ipse
2891 4652 3086 4724 gaudio
3102 4668 3207 4708 non
3233 4657 3531 4723 exsultem,

1959 4741 2215 4795 tenebras
2247 4741 2522 4811 depulsas,
2557 4752 2610 4798 et
2637 4741 2916 4799 Christum
2964 4744 3144 4801 lmnen
3184 4761 3534 4819 quaquarer-

1961 4847 2081 4891 sum
2134 4846 2429 4889 coruscare
2480 4835 2875 4905 conspiciens?
2902 4835 3035 4892 Mea:
3064 4846 3242 4894 tamen
3273 4839 3533 4897 hilaritati

1956 4938 2163 4980 maeror
2216 4925 2435 4995 quidam
2489 4926 2768 4985 admixtus
2818 4937 2923 4994 est,
2977 4944 3082 4984 non
3132 4940 3354 5002 propter
3395 4932 3535 4990 bona

1949 5016 2063 5084 jam
2096 5017 2238 5072 dicta
2271 5017 2620 5086 (invidentia:
2662 5019 2807 5074 enim
2839 5030 2924 5075 est
2974 5020 3130 5078 bonis
3182 5021 3534 5097 excruciari),

1961 5108 2056 5162 sed
2085 5108 2211 5178 quia
2242 5123 2329 5164 me
2358 5110 2684 5179 praesulatus
2731 5111 3198 5171 sollicitudinibus
3246 5116 3535 5187 supposui-

1963 5201 2084 5267 stis,
2117 5201 2210 5271 qui
2266 5210 2473 5271 quanto
2526 5201 2798 5258 excelsior
2840 5212 2924 5257 est
2961 5213 3015 5259 ct
3056 5203 3361 5275 gloriosior,
3387 5217 3537 5265 tanto
3618 5230 3626 5237 ·

1967 5289 2293 5346 λιθοτίοείοτ
2318 5298 2374 5346 et
2402 5292 2618 5347 invidiae
2649 5292 2821 5361 magis
2854 5292 3123 5349 obnoxius
3151 5303 3252 5351 est.
3287 5292 3393 5351 Sed
3427 5311 3537 5354 non

1960 5458 2248 5514 recusans.
2277 5442 2399 5512 ejici
2427 5444 2612 5514 jussus
2647 5455 2751 5509 est,
2786 5454 2845 5500 ut
2876 5446 3121 5514 pluribus
3152 5448 3434 5506 deducitur
3469 5454 3538 5510 ad

1966 5512 2141 5568 Vitam
2184 5516 2344 5571 dictae
2396 5512 2601 5571 sancta:
2635 5512 2954 5572 Theodorae.
2993 5516 3064 5584 Is,
3103 5517 3347 5575 Cedreno
3374 5530 3534 5583 teste.

1962 5584 2149 5706 salit}:
2190 5592 2305 5638 erat
2336 5584 2499 5656 pelvis
2541 5586 2916 5643 vaticinatione
2950 5598 2999 5644 et
3024 5590 3308 5662 prestigit's
3351 5589 3535 5659 futura

1963 5670 2070 5709 ura'
2113 5668 2265 5709 icere.

1961 5670 2265 5722 pra'atcere.
