4024 6454
577 247 711 311 1255

1590 237 1650 297 S.
1693 238 2071 297 METIIODII
2115 238 2621 300 PATRIARCIL‘E
2662 243 2770 301 Cl'.

3652 253 3752 321 1255

566 360 710 417 facio
739 357 975 412 animam
1016 338 1586 431 pretiosiorem‘quam
1619 369 1702 405 me
1730 371 1743 406 :
1772 352 2145 406 tantummodo

2250 353 2371 405 ὗσον
2397 353 2461 407 τὸ
2497 353 2701 423 ὑψηλὸν
2750 354 2845 406 καὶ
2882 354 3144 419 ἐπίδοξον,
3177 355 3429 411 τοσοῦτον
3459 360 3547 414 καὶ
3581 365 3633 415 τό
3666 369 3758 419 sri-

567 463 628 504 ut
681 448 1043 518 evangelicum
1111 448 1415 502 doctrinam
1483 454 1629 499 recte
1700 453 1944 497 tractem.
2005 444 2142 498 Vere

564 541 710 597 enim
738 543 996 596 virtutum
1039 542 1210 594 virtus
1238 549 1293 593 et
1323 546 1496 592 mater
1541 546 1685 590 recta
1724 536 1775 589 in
1812 536 1976 589 Deum
2010 535 2143 590 fides

474 658 483 665 -
568 644 671 703 est,
703 642 760 687 ut
792 647 988 702 magno
1031 631 1197 688 Paulo
1243 630 1475 691 videtur,
1513 642 1635 682 cum
1669 626 1798 682 dicit
1836 624 2141 696 :lmpossi-

567 727 676 783 bile
713 726 944 782 estsine
974 724 1077 778 fide
1108 723 1325 792 placere
1359 722 1470 776 Deo
1505 722 1543 774 ί.

641 1015 729 1071 15.
770 1012 1003 1069 Necesse
1048 1016 1133 1064 est
1189 1009 1371 1077 itaque
1401 1024 1529 1075 nos,
1567 1008 1659 1077 qui
1709 1008 2143 1079 irreprehensam

508 1111 514 1118 ’
571 1106 731 1161 fidem
754 1102 1217 1167 conservavimus,
1247 1101 1373 1155 licet
1402 1100 1602 1154 multas
1651 1117 1680 1154 a
1711 1102 1926 1156 miseris
1970 1101 2143 1156 haere-

570 1213 693 1254 seos
729 1198 902 1253 servis
952 1209 1144 1265 poenas
1194 1204 1359 1262 atque.
1407 1192 1726 1248 aﬂiictioaes
1770 1193 2144 1259 toleravinms,

571 1290 863 1345 Dominicze
891 1287 1043 1343 vocis
1078 1299 1344 1340 memores
1362 1298 1514 1338 esse:
1542 1283 1723 1350 Pater,
1764 1283 1975 1338 dimitte
2017 1283 2145 1350 illis,

570 1390 679 1436 nou
708 1380 854 1434 enim
887 1379 1067 1433 sciunt
1092 1375 1222 1446 quid
1258 1374 1505 1430 fecerint.
1541 1374 1654 1428 lmo
1685 1376 1731 1427 si
1766 1362 1855 1442 oui
1889 1389 1953 1428 ex
1994 1373 2147 1427 vobis

570 1472 910 1527 ardentiores
944 1470 1241 1539 quidquam
1276 1467 1438 1522 vultis
1485 1466 1617 1536 ipsis
1655 1465 1978 1530 retribuere,
2015 1464 2147 1519 mihi

569 1565 952 1632 obsequentes,
982 1562 1212 1617 haeresin
1237 1602 1253 1627 ,
1283 1574 1474 1614 eorum
1523 1559 1718 1612 animis
1770 1557 2144 1621 inhaerentem,

571 1648 814 1708 evclletis
840 1671 854 1720 ;
885 1668 1003 1722 quae
1036 1668 1132 1709 eos
1165 1660 1355 1707 contra
1388 1665 1484 1704 vos
1509 1651 1575 1703 ad
1601 1664 1749 1701 arma
1786 1649 1983 1702 ciebat.
2025 1646 2148 1701 Haec

2245 460 2407 497 πονον
2453 446 2545 497 καὶ
2580 443 2870 512 ἐπίφθονον
2908 446 3204 515 κέκτημαι.
3264 448 3405 501 Ἀλλ’
3436 452 3530 520 οὐχ
3568 454 3763 526 ἡγοῦμαι

2243 534 2342 606 τὴν
2372 534 2550 605 ψυχήν
2586 553 2688 604 μου
2716 536 2907 604 τιμίαν
2940 536 3191 607 ἐμαυτῷ,
3228 539 3387 609 μόνον
3419 541 3466 593 εἰ
3495 543 3552 594 τὸ
3579 545 3766 615 εὐαγγε-

2243 624 2395 678 λικδν
2434 625 2721 696 ὀρθοτομοῖ
2760 628 3045 697 κήρυγμα’
3082 630 3178 681 καὶ
3220 631 3330 701 γὰρ
3356 630 3432 701 τῷ
3474 632 3580 687 ὄντι
3601 636 3769 706 ἀρετῶν

2245 715 2418 788 ἀρετὴ
2458 716 2554 768 καὶ
2587 717 2773 787 μήτηρ
2815 719 2848 786 ἡ
2880 717 3165 785 ὁρθόδοξος
3203 720 3389 785 πίστις
3425 724 3585 786 ἐστὶν,
3622 726 3687 788 ὠς
3712 729 3771 798 τῷ

2249 806 2471 876 μεγάλῳ
2500 808 2696 876 Παύλῳ
2722 807 2872 860 δοκεῖ
2902 807 3138 876 λέγοντι,
3166 826 3184 862 t
3229 811 3513 866 Ἀδύνατον
3529 817 3679 886 χωρὶς
3704 819 3771 871 ai-

2249 915 2436 960 orem)
2453 899 2819 970 εὐαρεστῆσαι
2853 899 2995 970 Θεῷ.
3025 920 3045 953 ι

2321 994 2406 1057 ιγ’.
2453 989 2545 1040 Δεῖ
2583 987 2678 1042 οὖν
2707 990 2854 1059 ἡμᾶς
2888 989 3015 1053 τοὺς
3055 990 3363 1063 ἀμώμητον
3406 992 3502 1063 τὴν
3543 993 3778 1065 ὁρθόδοξον

2248 1081 2620 1151 τετηρηκότας
2655 1080 2859 1145 πίστιν,
2886 1081 2993 1135 κᾶν
3028 1084 3077 1134 εἰ
3118 1083 3323 1148 πολλὰς
3350 1084 3456 1137 ὑπὸ
3487 1086 3589 1139 τῶν
3612 1088 3780 1141 ἀθλίων

2247 1174 2315 1243 τῇ
2339 1172 2554 1243 αἱρέσει
2579 1173 2996 1244 δεδουλωμένων
3022 1175 3217 1240 ποινάς
3256 1193 3317 1230 τε
3358 1179 3455 1233 καὶ
3483 1178 3680 1248 θλίψεις
3702 1183 3781 1236 ὐπ-

2249 1266 2381 1335 έστη
2390 1282 2512 1336 μεν,
2527 1265 2617 1318 ἀεὶ
2639 1266 2737 1335 τῆς
2760 1266 3043 1337 Κυριακῆς
3066 1267 3378 1338 μεμνῆσθαι
3402 1271 3599 1339 φωνῆς’
3613 1273 3780 1343 Πάτερ,

2248 1356 2387 1425 ἄφες
2416 1358 2621 1420 αὐτοῖς’
2654 1357 2717 1410 οὐ
2748 1357 2857 1427 γὰρ
2888 1356 3065 1411 οἴδασι
3089 1359 3140 1411 τί
3172 1361 3456 1430 ἐποίησαν.
3492 1361 3692 1416 Μᾶλλον
3710 1364 3784 1416 νῦν

2249 1443 2342 1500 οὖν
2371 1448 2419 1500 oi
2439 1446 2788 1517 θερμότεροι,
2807 1449 2922 1516 εῖγε
2954 1447 3176 1513 τούτους
3197 1451 3607 1522 ἀπαμύνασθαι
3631 1452 3784 1523 βούλε-

2253 1540 2367 1607 σθε,
2396 1541 2518 1609 ἐμοὶ
2542 1539 2875 1607 πειθόμενοι,
2899 1541 2997 1611 τὴν
3025 1528 3255 1597 ἐνοῦσαν
3277 1547 3398 1608 ταῖς
3422 1545 3614 1615 ψυχαῖς
3637 1548 3786 1601 αὐτῶν

2250 1628 2465 1698 αἵρεσιν
2518 1629 2854 1696 ἀπελάσετε,
2917 1632 3227 1701 αἰτήσασαν
3280 1633 3481 1697 αὐτοὺς
3515 1634 3630 1688 καθ’
3662 1637 3786 1704 ὑμῶν

570 1755 654 1802 est
700 1746 962 1800 adversus
1013 1745 1197 1799 hostes
1229 1742 1561 1797 validissima
1609 1740 1868 1803 victoria,
1923 1753 2144 1793 causam

2252 1719 2516 1785 ὁπλίζειν.
2553 1721 2702 1791 Αὕτη
2740 1724 3120 1794 κραταιοτάτη
3171 1725 3295 1778 κατ’
3328 1726 3539 1797 ἐχθρῶν
3570 1726 3713 1796 νίκη,
3740 1731 3788 1780 τὸ

566 1853 687 1908 qua:
714 1836 1493 1906 eoscoinquinatexstirpare,
1524 1842 1580 1888 et
1625 1834 1678 1888 in
1724 1831 1998 1902 propriam
2051 1846 2146 1900 per

571 1930 904 1985 contrarium
939 1929 1266 1983 sententiam
1311 1928 1602 1981 adducere.
1638 1925 1770 1978 Eum
1802 1924 1893 1992 qui
1932 1924 1983 1975 in
2021 1936 2144 1976 cor-

568 2038 698 2091 pore
729 2022 988 2077 sustinuit
1019 2020 1318 2090 quidpiam,
1367 2020 1421 2074 in
1452 2033 1681 2088 corpore
1729 2016 1869 2071 mala
1902 2016 2145 2071 referen-

568 2123 676 2167 tem
709 2126 768 2167 δε
800 2111 1011 2177 ulcisci,
1045 2126 1334 2181 porcorum
1381 2119 1465 2165 est
1506 2120 1562 2164 et
1616 2109 1877 2163 similium
1916 2108 2148 2164 rationis

566 2208 867 2280 cxpertium
892 2209 1187 2265 bestiarum
1213 2208 1513 2277 proprium.
1534 2205 1612 2262 Ne
1632 2207 1933 2262 libertatem
1958 2205 2147 2260 denms

565 2303 620 2356 in
649 2302 993 2357 occasionem
1024 2303 1230 2366 carnis,
1265 2301 1585 2370 impiuguati
1634 2311 1690 2355 et
1727 2300 1961 2363 dilatati,
2006 2301 2149 2354 sicut

565 2406 721 2447 vetus
750 2392 836 2447 ille
864 2390 1056 2458 Israel,
1092 2391 1159 2446 ab
1201 2392 1457 2461 operibus
1505 2393 1599 2445 luti
1635 2402 1687 2446 et
1722 2392 1911 2447 lateris
1957 2406 2148 2446 recens

564 2486 864 2553 liberatus;
914 2484 1009 2540 sed
1053 2485 1197 2555 quod
1251 2486 1371 2539 sine
1423 2484 1642 2539 infamia
1698 2485 1878 2539 verbis
1915 2484 2147 2554 exprimi

567 2593 675 2630 non
725 2583 920 2645 potest,
971 2575 1191 2629 silentio
1232 2574 1555 2629 iuvolvatur.
1605 2574 1745 2641 Quin
1792 2575 1900 2628 imo
1931 2573 2151 2628 relaxa-

568 2670 729 2722 tiouis
764 2667 937 2737 spatia
970 2666 1024 2720 in
1051 2666 1351 2736 gratiarum
1390 2666 1624 2720 actionis
1651 2675 1707 2719 et
1764 2664 2150 2732 placabilitatis

568 2772 780 2828 tempus
824 2769 1246 2823 commutemus,
1295 2758 1585 2827 praeterita:
1613 2757 1911 2812 vexatioois
1945 2771 2148 2811 memo-

567 2869 677 2909 res.
707 2852 873 2906 Scitis
926 2852 1112 2915 enim,
1163 2864 1270 2903 non
1335 2850 1496 2919 longo
1549 2865 1684 2919 opus
1737 2862 1856 2903 esse
1884 2858 2146 2919 tempore,

564 2948 633 3000 ad
665 2946 825 2998 vitam
858 2944 1022 2997 etiam
1083 2943 1276 3011 ipsam,
1308 2942 1505 2996 nedum
1542 2943 1724 2996 omnia
1758 2958 1879 3010 qua:
1910 2957 2010 2996 nos
2043 2941 2150 2994 cir-

566 3035 892 3099 cumfluunt,
922 3034 1222 3104 perdenda;
1256 3034 1446 3088 horum
1504 3048 1630 3087 vero
1673 3032 1944 3088 contraria
1967 3073 1983 3098 ,
2025 3047 2146 3086 cum
2175 3065 2218 3123 Ο

564 3143 710 3197 saepe
771 3135 826 3182 et
876 3127 1133 3195 temporis
1186 3133 1241 3178 et
1292 3123 1493 3179 laboris
1549 3123 1772 3178 multum
1832 3125 2148 3193 requirant,

567 3237 672 3275 non
724 3219 885 3275 facile
939 3220 1330 3289 acquiruntur.
1387 3216 1496 3274 Vos
1528 3219 1652 3286 ipsi,
1677 3220 1768 3288 qui
1808 3219 1922 3274 heri
1959 3226 2151 3275 contra

567 3310 928 3382 vosmetipsos
982 3311 1163 3380 potius
1208 3324 1369 3379 quam
1402 3318 1594 3364 contra
1638 3323 1736 3363 nos
1764 3309 1831 3362 ad
1861 3309 1968 3362 vim
2002 3324 2154 3363 com-

567 3401 927 3473 paratamiui,
966 3401 1137 3455 nolite
1168 3414 1402 3456 moerere
1432 3400 1573 3469 quod
1611 3415 1641 3454 a
1673 3399 1963 3469 tyrannide
1993 3413 2153 3453 exer-

568 3495 737 3549 cenda
789 3493 1229 3564 prohibeamiui;
1286 3493 1381 3547 sed
1441 3491 1587 3561 quod
1640 3491 1873 3560 peccati,
1920 3499 1976 3545 et
2028 3492 2195 3559 pec-'

566 3586 674 3641 cati
723 3587 967 3640 omnium
1026 3585 1284 3653 pessimi,
1346 3584 1506 3637 finem
1574 3583 1808 3650 fecistis,
1867 3581 2148 3637 lartamini.

568 3680 722 3752 Quod
774 3678 916 3733 enim
969 3677 1209 3732 atrocius
1262 3685 1577 3744 peccatum,
1628 3690 1791 3744 quam
1822 3674 2034 3735 divinas
2065 3689 2152 3730 res

568 3770 940 3835 contumelia,
978 3771 1113 3837 pios
1168 3777 1353 3821 autem
1406 3764 1575 3836 paena
1622 3765 1883 3822 allicere?
1928 3765 2151 3821 Vidistis

571 3864 760 3933 ingens
815 3858 1063 3915 Numinis
1128 3857 1491 3913 beneﬁcium?
1545 3858 1756 3915 vidistis
1808 3859 2153 3932 sapientissi-

570 3970 675 4010 mus
704 3952 1070 4008 Providentiae
1118 3950 1443 4006 consilium?
1494 3950 1656 4017 Ecce,
1704 3966 1812 4008 uno
1851 3952 2150 4022 emplastro

2248 1810 2514 1884 κ[ο]ινοῦν
2532 1814 2717 1877 αὐτοῖς
2746 1812 2957 1867 ἀνελεῖν
2984 1818 3181 1882 αἴτιον,
3209 1817 3303 1869 καὶ
3331 1819 3415 1880 εἰς
3448 1818 3511 1871 τδ
3544 1820 3722 1871 οἰκεῖον
3743 1820 3788 1870 τὸ

2247 1906 2314 1958 δι’
2354 1906 2604 1969 ἐναντίας
2634 1907 2863 1975 ἀγαγεῖν
2892 1909 3172 1979 φρόνημα·
3205 1910 3280 1972 ὡς
3307 1910 3370 1963 τό
3402 1927 3468 1979 γε
3500 1912 3789 1981 σωματικῶς

2249 1997 2590 2062 πεπονθότα,
2636 2000 2968 2068 σωματικῶς
3013 2002 3106 2055 τὸν
3139 2002 3472 2057 κακώσαντα
3516 2003 3788 2072 ἀνταμύνα-

2252 2088 2397 2155 σθαι,
2430 2090 2573 2143 συῶν
2591 2107 2648 2143 τε
2679 2093 2775 2144 καὶ
2796 2092 2906 2145 τῶν
2934 2092 3137 2163 ὁμοίων
3164 2094 3379 2162 ἀλόγων
3409 2096 3558 2150 ἴδιον·
3579 2096 3789 2149 ἀλλὰκαὶ

2248 2183 2314 2251 τῇ
2345 2181 2635 2253 ἐλευθερίᾳ
2666 2183 2740 2252 μὴ
2769 2184 2847 2246 εἰς
2875 2185 3133 2257 ἀφορμὴν
3169 2189 3236 2257 τῇ
3271 2189 3442 2257 σαρκὶ
3474 2188 3786 2259 χρησώμεθα,

2248 2272 2599 2338 λιπανθέντες
2640 2276 2733 2327 καὶ
2763 2275 3184 2341 πλατυνθέντες,
3210 2278 3332 2331 κατ’
3364 2281 3571 2332 ἐκεῖνον
3605 2279 3686 2331 τὸν
3711 2297 3791 2332 πα-

2249 2366 2399 2420 λαιὸν
2462 2365 2701 2437 Ἰσραὴλ,
2727 2367 2852 2439 ἄρτι
2892 2366 2987 2421 τοῦ
3033 2369 3209 2440 πηλοῦ
3252 2370 3350 2423 καὶ
3399 2371 3503 2442 τῆς
3552 2372 3789 2434 πλινθείας

2250 2458 2657 2526 ἀπαλλαγέντα’
2707 2461 2802 2513 καί⁸
2846 2459 2905 2512 τὸ
2932 2460 3219 2532 δύσφημον
3260 2464 3579 2518 σιωπάσθω.
3614 2463 3790 2517 Μᾶλλον

2254 2550 2353 2620 μὲν
2389 2546 2483 2604 οὖν
2520 2551 2612 2603 τὸν
2644 2553 2742 2623 τῆς
2777 2553 3040 2617 αἰνέσεως
3084 2556 3165 2618 εἰς
3192 2555 3285 2608 τὸν
3329 2560 3435 2626 τῆς
3482 2558 3791 2627 εὐχαριστίας

2251 2644 2343 2696 καὶ
2373 2644 2792 2715 εὐαρεστήσεως
2821 2646 3010 2715 καιρὸν
3027 2646 3421 2718 ἀμειψὼμεθα,
3439 2649 3541 2718 τῆς
3560 2650 3697 2720 παρὰ
3717 2648 3789 2699 πό-

2250 2734 2347 2797 δας
2396 2738 2736 2806 μεμνημένοι
2784 2739 3116 2802 κακώσεωςσ
3153 2739 3267 2792 ἴστε
3293 2741 3404 2812 γὰρ
3456 2742 3531 2806 ὡς
3572 2744 3628 2796 οὐ
3658 2741 3791 2796 δεῖται

2250 2828 2446 2898 καιροῦ
2479 2830 2574 2881 καὶ
2625 2828 2759 2882 αὐτὸ
2798 2830 2857 2883 τὸ
2895 2829 2994 2901 ζῇν
3026 2832 3171 2901 ἡμᾶς
3213 2834 3501 2902 ἀπολέσαι,
3538 2839 3717 2905 μήτιγε
3740 2834 3791 2886 τὰ

2250 2923 2381 2989 περὶ
2412 2923 2561 2992 ἡμᾶς
2600 2922 2834 2975 ἅπαντα·
2865 2925 2933 2978 τὰ
2957 2924 3014 2977 δὲ
3052 2926 3260 2978 τούτων
3294 2929 3542 2993 ἐναντία,
3578 2930 3663 2981 καὶ
3689 2927 3791 2997 196‘-

2251 3029 2345 3066 νου
2400 3014 2498 3067 καὶ
2537 3015 2701 3068 πόνου
2735 3014 2930 3069 πολλοῦ
2978 3017 3238 3082 πολλάκις
3278 3021 3538 3089 τυχόντα,
3568 3022 3624 3073 οὐ
3656 3035 3791 3091 προσδ

2251 3106 2481 3179 εκτήθη.
2522 3107 2631 3160 Καὶ
2676 3107 2833 3178 ὑμεῖς
2864 3125 2949 3176 γε,
2975 3111 3027 3163 οἱ
3061 3110 3187 3181 χθὲς
3214 3111 3334 3164 καθ’
3359 3112 3573 3166 ἑαυτῶν
3597 3111 3796 3184 ἁνδριζὸκ

2252 3217 2404 3271 μενοι
2443 3201 2645 3273 μᾶλλον
2688 3202 2720 3272 ἦ
2762 3202 2886 3256 καθ’
2914 3204 3095 3274 ἡμῶν,
3128 3205 3204 3276 μὴ
3231 3206 3312 3258 ὅτι
3335 3206 3399 3273 γέ
3433 3206 3528 3259 τοῦ
3558 3207 3795 3278 τυραννεῖν

2249 3298 2520 3370 εἴργεσθε,
2553 3300 2980 3371 σκυθρωπάζετε
3006 3342 3020 3366 ,
3066 3303 3181 3355 ἀλλ’
3226 3303 3308 3356 ὅτι
3356 3303 3457 3357 τοῦ
3506 3304 3795 3376 ἁμαρτάνειν

2249 3392 2782 3465 ἐπαύσατε,ἤδεσθε,
2807 3396 2904 3449 καὶ
2920 3397 3195 3469 ἁμαρτίαν
3213 3398 3314 3468 τὴν
3334 3400 3518 3453 ἄλλων
3540 3401 3792 3473 χειρίστην·

2258 3484 2388 3540 ποία
2436 3486 2545 3557 γὰρ
2599 3486 2804 3557 μείζων
2837 3490 3079 3560 ἁμαρτία
3104 3529 3120 3554 ,
3150 3489 3245 3543 τοῦ
3282 3491 3349 3544 τὰ
3381 3491 3510 3545 θεῖά
3554 3509 3610 3546 τε
3637 3491 3793 3559 δυσοικ-

2223 3611 2235 3623 ς
2261 3582 2405 3649 μεῖν,
2451 3582 2546 3634 καὶ
2586 3581 2715 3644 τοὺς
2753 3581 2997 3645 εὐσεϐεῖς
3044 3585 3345 3654 τιμωρεῖν;
3392 3585 3567 3638 Ἴδετε
3610 3582 3790 3655 μέγεθος

2251 3672 2573 3744 εὐεργεσίας
2603 3672 2771 3739 Θεοῦ;
2814 3673 2951 3727 ῖδετε
2984 3676 3264 3744 πανσόφου
3299 3679 3571 3747 Προνοίας
3600 3676 3790 3749 βουλήν;

2256 3766 2358 3836 μιᾷ
2412 3761 2507 3819 οὖν
2561 3766 2900 3838 ἐμπλάστρῳ
2946 3768 3292 3841 ἀμφοτέρους
3349 3770 3576 3835 ἰάσατο,
3622 3768 3791 3831 τούςτε

2251 3855 2549 3928 διώκοντας
2591 3860 2686 3912 καὶ
2715 3860 2842 3923 τοὺς
2873 3859 3195 3929 φεύγοντας,
3225 3861 3321 3916 καὶ
3351 3864 3485 3927 τοὺς
3515 3862 3613 3933 μὲν
3647 3876 3793 3930 σωμα-

2251 3940 2433 4018 τικῆς,
2462 3952 2589 4014 τοὺς
2619 3951 2677 4004 δὲ
2704 3952 2946 4022 ψυχικῆς
2981 3953 3302 4020 ἀπαλλάξας
3342 3956 3666 4021 κακώσεως.

568 4066 684 4111 tum
722 4062 1145 4123 persequentes,
1177 4061 1288 4107 tum
1317 4049 1866 4122 fugientes'sanavit;
1902 4053 1999 4106 hos
2052 4050 2270 4121 quidem
2300 4067 2330 4105 a
2398 4052 2667 4125 corporis,
2712 4053 2832 4107 illos
2900 4053 2968 4107 ab
3038 4053 3204 4109 animi
3253 4055 3413 4111 noxis
3466 4054 3686 4112 reddens
3719 4049 3793 4107 im-

568 4160 784 4200 muues.

646 4234 733 4289 M.
760 4232 941 4306 Eque
965 4235 1167 4305 itaque,
1198 4246 1249 4290 ct
1278 4236 1367 4299 qui
1395 4248 1610 4306 semper
1634 4236 1892 4307 pietatem
1914 4235 2152 4301 coluere,

2332 4237 2412 4291 ιδ’.
2454 4237 2622 4291 Οὐδὲν
2653 4237 2748 4292 οὖν
2789 4210 2953 4311 ἦττον
2993 4238 3126 4291 οἵτε
3154 4236 3520 4304 εὐσεϐοῦντες
3555 4229 3737 4292 ἀεῖκαὶ
3758 4231 3795 4285 οἰ

568 4339 626 4384 et
654 4329 747 4400 qui
778 4327 1072 4393 aliquando
1106 4329 1439 4397 impietatem
1465 4328 1698 4397 amplexi
1747 4340 1894 4396 sunt,
1948 4330 2151 4400 gratias

2259 4346 2390 4383 ποτε
2414 4330 2806 4393 δυσσεϐοὖντες
2848 4330 2948 4400 τῆς
2975 4331 3328 4401 εὐχαριστίας
3359 4330 3640 4402 ὑπόχρεοι,
3674 4326 3792 4399 μόνον

572 4421 685 4476 Deo
719 4420 923 4475 referre
953 4420 1194 4485 debetis;
1223 4428 1431 4474 tantum
1472 4435 1539 4475 ne
1573 4430 1631 4474 ut
1681 4421 1826 4490 aspis
1856 4436 2019 4476 aures
2051 4420 2152 4475 ob-

575 4514 786 4578 turetis,
821 4522 968 4567 recte
997 4512 1118 4567 fidei
1145 4513 1420 4582 dogmata,
1454 4526 1517 4566 ac
1545 4512 1589 4567 si
1639 4511 2037 4568 incantationes
2068 4529 2153 4567 cs-

571 4618 716 4673 sent,
766 4605 1038 4660 declinare
1083 4614 1392 4670 conantes;
1444 4606 1537 4659 sed
1586 4620 1651 4659 ex
1704 4607 1903 4660 animis
1959 4605 2153 4661 vestris

572 4713 841 4753 venenum
873 4696 946 4768 (q)
1005 4696 1427 4752 Manichaeorum
1456 4699 1720 4763 evomite,
1747 4708 1803 4753 et
1832 4699 1911 4753 sic
1941 4699 2155 4754 mundis

572 4786 993 4858 cogitationibus
1047 4788 1333 4853 creditote,
1380 4785 1613 4842 Verbum
1670 4802 1889 4841 carnem
1946 4788 2151 4844 factum

573 4894 717 4947 esse,
752 4889 807 4933 et
831 4879 883 4933 in
915 4878 1071 4933 nobis
1111 4878 1411 4944 habitasse,
1446 4889 1500 4934 et
1550 4880 1753 4935 vidisse
1798 4894 1894 4934 uos
1921 4881 2147 4957 gloriam

572 4974 711 5045 ejus,
748 4972 975 5044 gloriam
1021 4971 1173 5040 quasi
1206 4971 1484 5041 Unigeniti
1520 4987 1550 5026 a
1579 4970 1783 5038 Patre;
1838 4982 1898 5027 ut
1947 4986 2004 5029 et
2056 4988 2156 5029 vos

573 5065 865 5137 participes
908 5077 1014 5117 una
1046 5077 1171 5117 cum
1209 5063 1275 5119 iis
1307 5063 1449 5118 ﬁalis
1488 5063 1578 5134 qui
1615 5064 1907 5139 audierunt
1960 5082 1972 5117 :
2007 5062 2156 5119 Beati

534 5162 665 5225 qui
707 5175 811 5215 nou
862 5158 1120 5213 viderunt
1172 5165 1230 5210 ct
1283 5154 1675 5221 crediderunt,
1732 5153 1875 5223 quod
1936 5156 2159 5222 spiritus

572 5267 795 5309 carnem
830 5258 886 5307 et
924 5265 1052 5306 ossa
1111 5264 1219 5305 non
1273 5248 1458 5312 habet,
1491 5257 1550 5301 ut
1584 5260 1671 5300 me
1701 5245 1900 5301 videtis
1934 5246 2157 5301 habere.

648 5390 664 5421 ¹
693 5383 860 5442 Hebr.
892 5402 971 5454 xl,
989 5389 1046 5444 6.

649 5528 722 5601 (q)
762 5528 1153 5599 Eutychiauam
1208 5525 1455 5601 haeresim
1500 5525 1781 5592 intelligit,
1816 5539 1914 5593 per
1961 5525 2147 5581 lcono-

577 5597 800 5654 machos
846 5597 1070 5652 eatenus
1122 5597 1494 5650 resuscitatam
1534 5606 1801 5663 quatenus
1845 5610 1930 5658 ea,
1962 5609 2144 5647 veram

575 5667 775 5724 Christi
831 5669 1219 5722 humanitatem
1270 5681 1505 5736 negans,
1555 5667 1929 5737 Opperiebatur
1976 5664 2143 5719 cultui

2253 4422 2328 4493 μὴ
2357 4422 2433 4487 ὼς
2462 4422 2628 4485 ἀσπὶς
2657 4422 2725 4474 τὰ
2748 4417 2860 4475 ὦτα
2892 4421 3115 4492 βύσητε,
3143 4423 3211 4476 τά
3246 4423 3348 4493 τῆς
3374 4422 3680 4493 ὀρθοδοξίας
3705 4418 3792 4484 δότ·

2254 4531 2402 4584 ματα
2425 4516 2500 4578 ὡς
2564 4514 2861 4586 ἐπᾲσματα
2906 4514 3092 4568 λαθεῖν
3147 4514 3514 4586 βουλόμενοι,
3562 4516 3707 4587 μόνον
3728 4507 3791 4562 τὸν

2251 4606 2587 4677 Μανιχαῖκὺν
2641 4608 2717 4660 ἰὸν
2769 4606 2877 4660 τῶν
2920 4607 3111 4678 ψυχῶν
3157 4608 3496 4680 ἐξεμέσατε,
3558 4608 3649 4663 καὶ
3692 4602 3791 4657 οὕτω

2251 4697 2523 4769 καθαραῖς
2580 4699 2700 4761 ταῖς
2747 4696 3008 4775 διανοίαις
3063 4697 3216 4770 ὑμῶν
3265 4699 3636 4764 πιστεύσατε,
3677 4688 3791 4750 ὅτιὸ

2262 4790 2435 4859 Λόγος
2476 4788 2615 4860 σὰρξ
2647 4791 2865 4857 ἐγένετο
2890 4829 2904 4854 ,
2950 4789 3047 4842 καὶ
3084 4791 3397 4860 ἐσκήνωσεν
3448 4792 3508 4844 ἐν
3559 4792 3699 4860 ἡμῖν,
3730 4782 3793 4837 καὶ

2260 4881 2607 4951 ἐθεασάμεθα
2654 4880 2754 4952 τὴν
2782 4881 2941 4946 δόξαν
2986 4881 3153 4936 αὑτοῦ
3201 4884 3276 4946 ὼς
3314 4882 3654 4951 Μονογενοῦς
3682 4874 3793 4945 παρὰ

2256 4973 2371 5025 Πατ
2382 4973 2491 5044 ρὸς,
2520 4974 2608 5027 ἵνα
2636 4975 2731 5027 καί¹
2763 4976 2921 5044 ὑμεῖς
2949 4975 3199 5029 κοινωνοὶ
3228 4976 3335 5029 τῶν
3369 4976 3708 5029 ἀκουσάντων
3730 4965 3795 5034 γέ·

2255 5064 2441 5133 νησθε.
2467 5065 2742 5134 Μακάριοι
2765 5065 2873 5137 γὰρ
2896 5066 2943 5118 οἰ
2969 5066 3044 5136 μὴ
3075 5066 3276 5130 ἰδόντες
3298 5068 3391 5120 καὶ
3422 5066 3793 5120 πιστεύσαντες.

2255 5156 2337 5208 ὅτι
2385 5156 2606 5228 πνεῦμα
2652 5156 2834 5228 σάρκα
2863 5158 2958 5213 καὶ
3000 5158 3166 5212 ὀστέα
3211 5158 3312 5211 οὐκ
3350 5157 3486 5229 ἔχει,
3525 5153 3693 5216 καθὼς
3721 5145 3797 5216 ἐμὲ

2261 5246 2540 5317 θεωρεῖτε.
2567 5247 2827 5315 Τοιαῦτα,
2858 5250 3058 5319 μᾶλλον
3082 5250 3139 5303 δὲ
3171 5251 3265 5303 καὶ
3303 5250 3467 5305 πλεῖα
3497 5250 3633 5318 ὑπὲρ
3660 5242 3822 5296 ταῦτα’

2256 5539 2533 5593 corporeae
2562 5524 2817 5595 imaginis
2838 5569 2851 5591 ,
2897 5540 3081 5580 veram
3111 5525 3506 5581 immanitatem
3541 5528 3798 5594 repraesen-

2259 5596 2457 5661 tantis;
2490 5596 2746 5651 similiter
2775 5609 2831 5651 et
2860 5596 3144 5652 Manichrci
3182 5611 3368 5651 verum
3403 5595 3619 5652 Christo
3663 5599 3795 5656 ne!"

2255 5666 2385 5720 bant
2418 5681 2635 5734 corpus.
