4024 6442
561 331 701 399 1ἳ59

1589 340 1655 402 S.
1697 342 2079 406 METIIODII
2118 344 2626 410 PATRIARCHE
2665 347 2776 410 (ΣΡ.

3683 355 3799 422 1260

558 461 756 517 resque
807 443 988 516 magni
1021 445 1165 503 illius
1193 446 1496 519 descriptos
1535 451 1770 510 habebat
1797 457 1994 529 cuique
2027 475 2128 515 cor

2250 473 2376 523 τους
2407 459 2504 514 τοῦ
2537 461 2778 533 μεγάλου
2816 459 3203 534 ἀναγράπτους
3232 459 3372 534 ἔχων
3412 460 3540 527 Θεός
3565 503 3579 526 .
3611 482 3797 540 συντρι.

557 540 638 594 dis
671 539 786 610 ejus
809 539 1024 592 atlritio
1054 540 1228 610 magis
1251 555 1411 608 quam
1445 541 1551 596 ulla
1578 544 1680 599 alia
1730 549 1873 604 actio
1901 549 1986 604 vel
2030 567 2142 606 rue-

558 633 750 687 tlitatio
799 630 1090 701 placebat?
1145 631 1392 688 Morbum
1449 638 1676 692 antistiti
1727 639 1948 712 inﬂigit,
1979 659 2139 714 quem

557 722 751 777 medici
795 737 990 790 aquam
1027 723 1347 778 intercutem
1379 735 1572 782 vocant
1603 745 1617 782 :
1653 729 1880 786 decebat
1909 748 2142 803 namque

555 831 678 868 eum
708 816 798 884 qui
825 815 991 869 multa
1029 829 1221 884 aSpora
1241 830 1469 885 corpore
1501 828 1668 888 atque
1697 821 1880 874 animo
1918 837 2142 892 perpes-

555 921 652 962 sus
676 907 877 973 fuerat,
917 907 1018 962 hoc
1048 921 1262 975 quoque
1299 918 1628 964 tormentum
1667 911 1930 980 perferre,
1966 926 2023 968 ut
2047 931 2142 983 per

555 1001 740 1054 omnia
765 1000 938 1054 victor
960 1009 1014 1052 et
1042 1009 1332 1054 coronatus
1362 1001 1563 1057 athleta
1591 1002 1974 1060 innotesceret.
2003 1005 2137 1061 Cum

554 1110 685 1164 ergo
734 1093 933 1162 ingenii
967 1093 1083 1148 acie
1106 1093 1529 1162 pravaleretvir
1578 1098 1816 1166 sapiens,
1856 1114 2137 1168 poenarum

552 1201 774 1241 causam
816 1199 932 1239 esse
966 1185 1205 1256 agnovit,
1234 1186 1377 1256 quod
1427 1188 1528 1243 zeli
1558 1203 1844 1258 mensuras
1875 1193 2140 1248 excessis-

552 1287 669 1345 set,
711 1293 876 1347 seque
937 1293 1190 1332 severum
1254 1280 1745 1350 vehementemquc
1793 1283 1854 1336 in
1893 1285 2138 1339 subditos

548 1371 888 1440 praebuisset.
915 1368 1096 1427 Corde
1145 1371 1329 1439 itaque
1368 1383 1768 1440 compunctus,
1805 1385 1858 1428 et
1890 1376 2135 1430 cordium

549 1461 818 1532 engnitori
885 1459 995 1516 Deo
1047 1461 1101 1514 in
1154 1462 1347 1530 Spiritu
1385 1462 1706 1537 humilitatis
1754 1481 1866 1519 rem
1918 1481 2134 1520 omnem

549 1552 766 1618 elTatus,
807 1553 912 1608 illis
940 1554 1030 1623 qui
1072 1562 1261 1606 contra
1293 1568 1417 1608 eum
1457 1553 1793 1624 deliquerant
1839 1556 2017 1611 debita
2063 1557 2138 1612 tli-

549 1646 716 1710 misit,
750 1654 803 1701 et
834 1645 1042 1700 relaxat
1072 1658 1294 1714 pmuas;
1327 1645 1626 1709 nonnullis,
1668 1662 1734 1700 eo
1757 1649 1899 1716 quod
1928 1659 2124 1704 contra

547 1753 820 1793 summum
849 1739 1218 1793 sacerdotium
1250 1738 1573 1794 insolentius
1595 1742 1772 1811 egisse
1798 1741 2130 1806 viderentur,

2247 553 2349 625 θὴν
2407 557 2772 627 προσιέμενος
2817 560 2919 629 τῆς
2967 559 3194 629 καρδίας
3237 559 3384 631 ὑπὲρ
3432 561 3610 614 πᾶσαν
3653 561 3805 635 ἄλλην

2246 647 2446 716 πρᾶξιν
2493 647 2525 719 ἢ
2563 648 2839 720 θεωρίαν;
2883 650 3060 704 Νόσον
3110 651 3380 721 ἐπαφίησι
3422 651 3498 722 τῷ
3564 652 3800 728 ίεράρχῃ,

2245 739 2433 808 ’ύδερον
2477 743 2644 815 αὐτὴν
2690 745 2740 798 οί
2777 745 2954 816 ίατροὶ
3006 745 3393 818 ὀνομάζουσιν·
3433 746 3539 800 ἔδει
3586 747 3693 821 γὰρ
3725 749 3809 804 ei

2244 832 2565 904 πολυδάμαν
2597 837 2692 890 καὶ
2727 837 2934 907 ταύτην
2983 839 3289 908 ὑποστῆναι
3318 838 3416 910 τὴν
3447 839 3698 910 βάσανον,
3731 843 3809 897 ίνα

2241 919 2329 975 διὰ
2379 925 2597 978 πάντων
2628 925 3041 997 στεφανηφόρος
3088 927 3380 994 ἀναφανεῖ.
3437 927 3589 994 Ὀξῦς
3636 928 3690 981 δέ
3742 927 3810 982 ὢν

2244 1009 2339 1061 καὶ
2378 1012 2801 1081 ἀγχινούατατος
2857 1016 2885 1067 ὀ
2935 1013 3097 1082 σοφὸς
3124 1053 3139 1079 ,
3172 1015 3388 1083 ἐπέγνω
3419 1015 3480 1069 τὸ
3525 1017 3697 1072 αίτιον
3721 1018 3812 1088 τῆς

2243 1099 2510 1168 παιδείας,
2542 1104 2624 1157 ὅτι
2648 1121 2707 1157 τε
2735 1105 2802 1158 τὰ
2833 1103 2928 1157 τοῦ
2962 1104 3128 1176 ζήλου
3155 1105 3472 1177 ὑπερήλατο
3503 1108 3697 1178 μέτρα,
3728 1110 3816 1164 καὶ

2242 1194 2520 1266 ἀποτομία
2558 1197 2700 1249 κατά
2731 1196 2840 1249 τῶν
2883 1196 3214 1268 ὑποχειρίων
3263 1199 3557 1269 ἐχρήσατο.
3598 1199 3812 1271 Συντρι-

2240 1284 2354 1348 ὅεὶς
2390 1281 2484 1339 οὖν
2508 1287 2607 1358 τὴν
2633 1288 2867 1357 καρδίαν
2901 1289 2960 1341 ἐν
2994 1288 3264 1360 πνεύματι
3290 1289 3699 1356 ταπεινώσεως,
3727 1292 3812 1346 καί

2237 1376 2316 1447 τῷ
2371 1379 2781 1453 καρδιογνώστῃ
2839 1379 3382 1451 ἐξομολογησάμενος
3421 1375 3582 1453 Θεῷ,
3631 1384 3810 1455 ἀφίησι

2241 1469 2338 1539 μὲν
2368 1471 2478 1533 τοῖς
2496 1471 2588 1532 ,είς
2613 1470 2776 1524 αὑτὸν
2812 1471 3097 1524 ἐπταικόσι
3128 1472 3226 1535 τὰς
3265 1471 3507 1539 ὀφειλὰς,
3544 1473 3733 1544 ἀφίησί
3763 1473 3811 1543 γ’

2235 1561 2330 1615 οῦν
2378 1561 2530 1631 ὅμως
2574 1561 2887 1632 ὡρισμένας
2922 1563 3208 1632 ἐπιτιμίας
3261 1563 3422 1627 τισὶν,
3465 1558 3569 1634 τῆς
3615 1565 3693 1629 είς
3723 1564 3812 1637 τὴν

2237 1652 2388 1706 θείαν
2436 1652 2855 1724 ἀρχιερωσύνην
2907 1654 3068 1726 χάριν
3126 1655 3584 1726 περιφρονήσεως
3632 1673 3690 1710 τε
3728 1657 3810 1712 καὶ

2235 1742 2564 1806 αὐθαδείας,
2621 1741 2810 1812 ὥσπερ
2861 1744 2968 1795 τινὶ
3021 1742 3228 1813 χαλινῷ
3274 1745 3402 1807 τοὺς
3450 1743 3806 1817 θερμοτέρους

542 1829 913 1900 praescriptis,
949 1827 1075 1882 dum
1119 1826 1274 1882 freno
1314 1828 1547 1898 quodam
1593 1809 1967 1885 ardentiorum
2033 1846 2128 1884 ora

2235 1835 2627 1906 ἐπιστομίζων,
2653 1837 2748 1889 καὶ
2778 1809 2923 1890 οὕτω
2953 1809 3141 1890 λοίπὸν
3167 1809 3260 1890 τόν
3289 1836 3390 1906 τῆς
3441 1809 3702 1907 οἰήσεως,
3727 1809 3810 1894 καί

543 1921 708 1975 vellet
757 1921 1160 1991 constringere.
1195 1920 1287 1976 Sic
1328 1935 1423 1990 per
1475 1921 1837 1976 humilitatem
1878 1933 1934 1976 et
1973 1938 2128 1976 mau-

537 2012 890 2067 ‘suetudinem
940 2027 1094 2066 vana:
1156 2013 1240 2067 sui
1291 2013 1719 2068 existimationis
1763 2015 2131 2084 praesumptio-

543 2105 738 2176 nisque
787 2103 1068 2160 debellaus
1102 2105 1441 2168 daemonem,
1473 2103 1562 2174 qui
1615 2105 1812 2160 virtute
1861 2119 2126 2176 praestau-

546 2197 692 2252 tibus
742 2197 872 2252 viris
920 2211 1073 2267 teque
1123 2195 1467 2252 alllucntibus
1522 2198 1848 2263 innascitur,
1903 2198 2132 2270 reliquis

543 2291 657 2346 suis
715 2288 1051 2346 facinoribus
1124 2290 1413 2345 noxiorum
1480 2287 1776 2344 all‘ectuum
1842 2291 2127 2345 victoriam

543 2384 773 2442 addidit.
808 2384 946 2440 lliuc
994 2398 1160 2455 porro
1205 2385 1270 2437 ad
1307 2383 1532 2448 beatas,
1579 2385 1976 2454 sempiternas,
2014 2397 2129 2437 rne-

541 2477 818 2546 lioresque
845 2476 1003 2531 sedes
1027 2476 1250 2546 gradum
1279 2473 1427 2537 facit,
1460 2474 1603 2527 inter
1627 2483 1896 2545 martyres
1925 2472 2128 2527 Christi

529 2583 779 2642 .martyr,
814 2571 954 2625 inter
986 2568 1362 2640 partriarchas
1396 2567 1711 2636 patriarcha
1738 2606 1752 2630 ,
1787 2567 2131 2636 interjustos

543 2675 906 2734 aseetasque,
987 2661 1150 2718 rebus
1220 2661 1475 2716 omnibus
1543 2658 1864 2725 absolutos,
1923 2659 2131 2727 ascrip-

531 2767 668 2826 tus;
707 2766 795 2824 et,
843 2765 900 2810 ut
939 2753 1162 2820 ﬁniam,
1191 2763 1321 2808 ante
1363 2751 1567 2808 Christi
1621 2761 1970 2822 conspectum
2019 2749 2131 2807 col-

537 2851 792 2913 locatus.
857 2863 955 2918 pro
1027 2861 1133 2916 quo
1193 2846 1434 2901 inlinitos
1503 2845 1861 2917 ingentesque
1918 2842 2132 2898 labores

539 2939 919 2995 exantlaverat
942 2979 957 3000 ,
987 2936 1130 2991 illius
1161 2935 1580 3007 pulchritudinis
1610 2950 1675 2989 ac
1703 2933 2009 3000 suavitatis,
2029 2948 2130 3004 pro

539 3042 723 3086 amato
776 3030 1030 3101 tristique
1085 3037 1485 3085 tormentorum
1535 3027 1954 3098 experimento,
2001 3042 2129 3098 par-

520 3167 524 3173 .
540 3127 731 3197 ticeps.

611 3241 699 3297 18.
749 3239 890 3308 Sed,
940 3254 973 3295 ο
1018 3254 1225 3296 currus
1263 3238 1513 3307 divinus,
1564 3240 1732 3295 Deum
1779 3203 2150 3313 aurigantem-

536 3345 916 3407 portaus,.per
945 3348 1103 3404 quem
1139 3333 1464 3389 insanientis
1489 3332 1714 3389 haeresis
1744 3333 2040 3404 phalanges
2070 3333 2124 3388 in

540 3431 719 3500 fugam
751 3443 942 3484 -vers:c
985 3427 1142 3482 sunt!
1185 3427 1228 3478 0
1279 3441 1370 3490 os,
1409 3425 1554 3496 quod
1602 3441 1688 3482 res
1723 3427 1936 3480 divinas
1980 3425 2127 3480 velut

540 3522 666 3576 tuba
691 3563 706 3586 ,
756 3519 883 3576 Jesu
917 3519 1064 3576 Nave
1095 3521 1238 3576 tubis
1266 3533 1464 3574 sonora
1497 3520 1692 3588 magis,
1725 3518 1998 3586 innotuit;
2028 3533 2125 3589 per

538 3614 684 3682 quod
715 3613 1036 3683 sacrilegum
1069 3611 1278 3668 Christi
1313 3611 1553 3666 hostium
1585 3610 1980 3667 munimentum
2013 3611 2124 3666 dis-

533 3705 776 3775 iectum,
833 3713 887 3760 et
915 3704 1070 3760 avita
1121 3712 1379 3772 rectaque
1411 3703 1574 3769 lltles,
1606 3705 1763 3774 quasi
1810 3719 1948 3759 nova
1994 3718 2123 3775 pro-

534 3797 822 3851 missionis
849 3805 1027 3862 terra,
1058 3796 1317 3851 universo
1346 3796 1530 3852 lsraeli
1566 3796 1658 3852 Dei
1692 3797 1744 3851 in
1782 3807 1984 3852 sortem
2014 3796 2126 3852 dis-

541 3889 744 3944 tributa
801 3889 914 3943 est!
953 3889 997 3944 Ο
1027 3886 1320 3943 .Davidicae
1371 3888 1588 3945 virtutis
1647 3900 1703 3944 et
1744 3890 2027 3944 aemulator
2069 3898 2126 3944 et

535 3979 863 4035 successori
895 3977 966 4034 Ut
993 3978 1263 4033 enimille
1287 3977 1464 4048 lapide
1495 3976 1802 4034 Coliathum
1833 3979 2122 4049 percussit,

537 4070 619 4126 sic
644 4079 700 4125 et
729 4080 784 4125 tu
822 4070 1095 4126 haereseos
1126 4079 1606 4140 propugnatorem,
1651 4067 1816 4124 Verbi
1850 4069 2122 4124 incarnati

538 4160 810 4230 imagines
837 4158 1231 4224 dill'amantem,
1252 4159 1497 4229 angulari
1522 4160 1699 4229 lapide
1729 4159 1781 4214 id
1811 4169 1894 4214 est
1919 4159 2120 4215 Christi

539 4269 672 4309 vero
725 4267 983 4321 corpore,
1031 4252 1402 4328 prostravisti.
1454 4248 1500 4306 0
1538 4251 1758 4307 Mosaici
1806 4252 1907 4307 zeli
1940 4261 2010 4308 et
2042 4267 2126 4308 re-

537 4345 763 4418 gimiuis
790 4346 1035 4402 imitator
1082 4357 1245 4417 atque
1275 4344 1480 4402 haeresi
1516 4360 1697 4400 annon
1724 4344 1868 4400 enim
1900 4354 1954 4400 tu
1981 4345 2120 4415 ipse,

539 4447 599 4493 ut
624 4447 676 4494 et
719 4439 840 4505 ille,
883 4448 1178 4509 antequam
1209 4439 1452 4507 regimen
1485 4437 1698 4505 abires,
1730 4453 1793 4493 ea
1823 4451 1946 4508 qua:
1979 4439 2123 4510 regi-

535 4531 700 4585 miuis
770 4540 931 4597 sunt,
1000 4528 1316 4600 erplevisti;
1383 4537 1638 4584 vexatum
1701 4537 2122 4599 gementemque

536 4622 633 4678 Dei
695 4621 951 4694 populum
1003 4623 1270 4687 visitaus,
1321 4623 1671 4691 animamque
1721 4635 1821 4692 pro
1864 4621 2121 4678 universa

534 4714 779 4770 Ecclesia
811 4729 1020 4784 ponens
1043 4755 1056 4781 ,
1086 4714 1249 4784 prius
1292 4715 1512 4784 quidem
1533 4755 1549 4779 ,
1585 4723 1645 4767 ut
1689 4712 1814 4779 ille,
1847 4715 1899 4768 in
1937 4713 2118 4785 fugam

536 4797 789 4870 versus;
812 4807 1157 4877 postmodum
1193 4821 1484 4872 reversus,
1531 4807 1716 4861 divino
1769 4815 1828 4859 ut
1867 4805 1954 4860 ille
1991 4823 2120 4861 ora-

534 4900 696 4963 culo,
756 4900 1128 4969 dominicique
1179 4897 1366 4971 gregis
1423 4899 1730 4968 principatu
1791 4899 2122 4954 condecora-

537 4995 667 5050 tus?
700 4992 766 5062 0,
798 4993 890 5063 qui
931 4992 1118 5048 Eliaco
1149 4987 1424 5048 sacriﬁcio
1464 4992 1738 5047 sacratius
1770 4990 1879 5046 Deo
1923 4992 2125 5046 obtuli-

534 5089 636 5154 sti;
671 5098 726 5142 et
777 5101 920 5152 non,
963 5096 1022 5140 ut
1073 5085 1202 5152 ille,
1255 5085 1520 5141 ducentos
1563 5083 1650 5138 vel
1697 5083 2125 5154 quadringentos

532 5178 873 5234 confusionis
897 5177 1218 5233 sacerdotes
1266 5174 1551 5243 mactasti,
1582 5175 1677 5230 sed
1710 5174 1941 5244 vigesies
1978 5175 2125 5230 mille

532 5281 587 5325 et
603 5272 838 5338 amplius
869 5286 996 5327 vera
1019 5269 1342 5326 confusione
1361 5269 1555 5338 dignos
1575 5269 1892 5323 sacerdotes
1914 5267 1984 5339 (ι)
2021 5268 2121 5322 im-

533 5362 822 5433 pedivisti,
880 5363 1256 5434 obstitistique
1295 5377 1362 5417 ne
1399 5362 1564 5430 impie
1607 5361 1796 5416 sacris.
1827 5358 2119 5431 fungeren-

603 5564 669 5634 (t)
711 5559 989 5634 Quotquot
1024 5557 1271 5634 scilicet,
1303 5557 1357 5610 in
1390 5553 1873 5634 lcouomatjtorum
1923 5553 2118 5622 impie-

2155 4849 2202 4909 D

2233 1928 2574 1998 θρασύτητος
2595 1929 2850 1998 δαίμονα,
2873 1929 3024 1991 ὅστις
3064 1930 3178 1992 τοῖς
3231 1927 3526 1982 πλουτοῦσι
3560 1930 3658 2001 τὴν
3691 1931 3808 2002 dpr-

2229 2017 2328 2089 τὴν
2350 2017 2665 2086 ἐπιφύεται,
2683 2017 2771 2070 διὰ
2792 2015 3295 2087 ταπεινοφροσύνης
3314 2032 3373 2068 τε
3399 2017 3494 2069 καὶ
3518 2019 3808 2088 πραότητος

2229 2108 2750 2178 καταγωνισάμενος
2777 2106 3105 2178 προστίθησι
3127 2109 3238 2169 τοῖς
3262 2105 3472 2170 λοιποῖς
3499 2106 3665 2160 αὑτοῦ
3691 2125 3806 2160 κατ-

2227 2201 2514 2272 ορθώμασι
2545 2239 2560 2265 ,
2592 2201 2686 2254 κα)⁵
2714 2199 2776 2253 τὸ
2801 2198 2946 2254 κατὰ
2977 2197 3086 2252 τῶν
3117 2198 3382 2270 ὀλεθρίων
3404 2199 3614 2254 τούτων
3639 2199 3806 2254 παθῶν

2235 2297 2576 2365 νικητήριον.
2616 2291 2932 2348 Κὰντεῦθεν
2981 2291 3171 2346 λοιπὸν
3203 2291 3342 2363 πρὸς
3391 2296 3496 2362 τὴν
3537 2295 3804 2363 μακαρῖαν

2230 2389 2326 2441 καὶ¹
2371 2387 2626 2458 ἀείμονον
2670 2387 2766 2440 καὶ
2812 2386 3024 2456 ἀμείνω
3081 2384 3234 2454 λῆξιν
3297 2388 3634 2456 μεταχωρεζ,
3680 2385 3804 2456 μετὰ

2236 2480 2535 2552 μαρτύρων
2575 2481 2604 2533 ὀ
2651 2478 2888 2550 Χριστοῦ
2937 2479 3177 2548 μάρτυρ,
3237 2477 3334 2530 σὺν
3384 2479 3805 2549 πατριάρχαιςό

2235 2573 2592 2642 Πατριάρχης
2621 2611 2635 2638 ,
2693 2570 2833 2640 μετά
2894 2568 3125 2623 δικαίων
3163 2568 3258 2622 καὶ
3305 2569 3571 2637 ἀσκητῶν
3617 2574 3646 2623 ὀ
3692 2571 3802 2639 περὶ

2241 2663 2423 2717 πάντα
2451 2664 2658 2726 τέλειος
2696 2661 3135 2731 καταλεγόμενος
3155 2702 3170 2724 ,
3198 2661 3352 2725 τέλος
3377 2701 3395 2725 ,
3440 2662 3527 2734 τῷ
3549 2660 3802 2732 προσώπῳ

2232 2755 2478 2828 Χριστοῦ
2514 2755 2890 2826 ὀπτανόμενος
2915 2794 2930 2820 ,
2957 2755 3104 2824 ὑπὲρ
3147 2754 3212 2808 οῦ
3246 2754 3482 2827 μυρίους
3519 2756 3616 2810 καὶ
3654 2755 3801 2823 μεγά-

2232 2846 2356 2910 λους
2393 2846 2672 2917 ὑπήνεγκε
2698 2844 2896 2907 πόνους
2919 2884 2933 2909 ,
2973 2843 3269 2899 ἀπολαύων
3297 2845 3400 2913 τῆς
3429 2845 3600 2899 αὑτοῦ
3627 2845 3802 2918 ὡραιό-

2231 2938 2516 3009 τητοςκαὶ
2549 2935 2888 3006 γλυκύτητος
2933 2935 3054 2990 ἀντὶ
3083 2937 3184 3006 τῆς
3233 2937 3440 3006 πικρᾶς
3460 2937 3554 2989 καὶ
3573 2934 3800 3004 ἀλγεινῆς

2233 3035 2342 3090 τῶν
2377 3032 2631 3107 βασάνων
2673 3031 2764 3088 πεί
2771 3048 2892 3104 ρας.

2301 3241 2392 3314 ιη’.
2430 3239 2610 3314 ,Ἄλλη
2651 3231 2696 3293 ὦ
2735 3238 2889 3310 ἅρμα
2914 3237 3080 3304 θεῖον,
3121 3238 3212 3294 τὸν
3240 3237 3376 3292 Θεὸν
3409 3236 3727 3312 ἡνιοχοῦντά
3750 3253 3796 3290 σε

2230 3333 2417 3406 φέρον,
2453 3333 2523 3386 δι’
2571 3325 2632 3385 οὗ
2674 3332 2731 3385 al
2786 3331 3069 3401 φάλαγγες
3105 3329 3209 3402 τῆς
3256 3333 3616 3402 μισοχρίστου
3667 3330 3795 3401 αἱρέ-

2228 3442 2370 3488 σεως
2391 3422 2818 3497 ἐτροπώθησανι
2852 3415 2923 3474 Ὦ
2958 3424 3154 3494 στόμα,
3180 3421 3242 3475 τὺ
3265 3422 3334 3476 τὰ
3365 3421 3494 3475 θεῖα
3537 3423 3793 3486 σαλπίσαν,

2225 3515 2557 3587 ὑψηλότερον
2585 3513 2696 3567 τῶν
2724 3513 2819 3566 τοῦ
2855 3513 3014 3584 Ναυὴ
3048 3513 3386 3582 σαλπίγγων,
3407 3512 3480 3566 δι’
3507 3508 3570 3568 οὗ
3591 3515 3648 3566 τὸ
3677 3511 3792 3582 ἱερό-

2228 3608 2390 3662 συλον
2425 3606 2536 3661 τῶν
2567 3606 2956 3677 χριστομὰχων
2987 3605 3261 3676 ὀχύρωμα
3291 3605 3634 3678 κατεϐλήθη,
3665 3603 3790 3671 καὶὴ

2225 3699 2460 3772 πατρῴα
2510 3697 2826 3771 ὀρθοδοξία,
2879 3700 2956 3761 ὡς
3005 3697 3142 3768 ἄλλη
3199 3714 3283 3762 τις
3316 3698 3386 3768 γῆ
3445 3698 3788 3767 ἐπαγγελίας,

2228 3794 2394 3847 παντὶ
2455 3789 2972 3861 κατεκληροδοτήοη
3001 3788 3078 3860 τῷ
3128 3787 3232 3858 νέῳ
3258 3787 3352 3841 τοῦ
3384 3788 3532 3842 Θεοῦ
3579 3785 3785 3858 Ἰσραήλί

2224 3880 2296 3938 Ὦ
2323 3885 2421 3956 τῆς
2448 3883 2542 3937 τοῦ
2571 3882 2734 3936 Δαυῒδ
2766 3881 3048 3949 ἀριστείας
3073 3881 3168 3934 καὶ
3195 3879 3414 3950 ζηλῶτα
3448 3881 3547 3935 καὶ
3574 3879 3780 3949 διάδοχιί

2241 3976 2332 4039 ὀς
2356 3976 2466 4047 γὰρ
2495 3976 2702 4038 ἐκεῖνος
2749 3973 2883 4044 λίθῳ
2911 3975 3004 4026 τὸν
3041 3973 3079 4026 Γ
3084 3972 3236 4027 ολιάθ
3289 3972 3512 4039 ἔϐαλεν,
3542 3973 3676 4028 οὕτω
3715 3969 3784 4022 καὶ

2225 4067 2390 4130 αὐτὸς
2437 4066 2530 4120 τὸν
2560 4067 2662 4136 τῆς
2708 4066 2977 4137 αἱρέσεως
3025 4065 3293 4136 πρόσολον
3326 4065 3562 4140 δοκῆσαι
3594 4065 3684 4135 τὴν
3713 4059 3783 4116 τοῦ

2225 4159 2401 4226 Λόγου
2436 4159 2713 4228 σάρκωσιν
2739 4157 2914 4228 δυσφη
2925 4156 3130 4228 μοῦντα
3149 4157 3230 4228 τῷ
3251 4158 3637 4228 ἀκρογωνιαίῳ
3660 4152 3780 4221 λίθῳ,

2227 4255 2347 4325 ἦτοι
2377 4251 2616 4324 Χριστοῦ
2649 4251 2841 4322 ἀληθεῖ
2877 4249 3095 4322 σώματι
3127 4249 3576 4321 καταϐέϐληκας.
3616 4245 3680 4302 Ὦ
3711 4243 3779 4300 τοῦ

2225 4345 2515 4408 Μωῦσέως
2561 4345 2665 4398 ⁴καὶ
2693 4345 2874 4415 ζήλου
2921 4345 3018 4397 καὶ
3059 4343 3427 4414 δημαγωγίας
3472 4341 3679 4415 μιμητά
3709 4337 3780 4394 καὶ

2211 4437 2577 4510 ικληρονόμεί
2617 4438 2652 4509 η
2676 4436 2787 4508 γὰρ
2831 4436 2953 4507 οὐχὶ
2985 4436 3080 4490 καὶ
3133 4436 3298 4501 αὐτὸς
3347 4436 3424 4501 ὡς
3462 4437 3663 4498 ἐκεῖνος
3697 4427 3778 4500 πρὸ

2228 4531 2329 4601 τῆς
2353 4530 2526 4600 ἀρχῆς
2553 4529 2624 4583 τά
2643 4530 2743 4600 τῆς
2761 4531 2936 4600 ἀρχῆς
2966 4528 3318 4594 ἐπιδέδειξαι,
3351 4527 3775 4597 ἐπισκεπτόμενος

2229 4624 2320 4679 τὸν
2355 4621 2699 4693 κακούμενον
2758 4622 2858 4676 καὶ
2910 4621 3170 4675 στένοντα
3225 4620 3514 4694 ὀρθόδοξον
3560 4619 3678 4674 λαὸν
3706 4610 3773 4668 τοῦ

2225 4715 2386 4781 Θεοῦ,
2433 4716 2528 4769 καὶ⁸
2574 4715 2673 4786 τὴν
2710 4713 2889 4784 ψυχὴν
2937 4713 3078 4784 ὑπὲρ
3139 4714 3238 4784 τῆς
3291 4714 3420 4785 ὅλης
3485 4707 3774 4781 Ἐκκλησία

2228 4808 2551 4878 προέμενον,
2583 4806 2773 4875 φυγὼν
2833 4805 2933 4876 μὲν
2979 4806 3109 4859 κατ’
3168 4808 3379 4859 ἐκεῖνον
3425 4805 3488 4860 τδ
3523 4803 3771 4875 πρότερον,

2229 4897 2576 4969 ὑποστρέψας
2603 4897 2659 4952 δέ
2687 4897 2890 4968 ὁμοίως
2922 4898 3074 4968 ὅμως
3098 4897 3334 4968 χρησμῷ
3379 4898 3476 4950 καὶ
3534 4896 3629 4965 τῆς
3657 4890 3773 4947 θείας

2233 4992 2630 5062 ποιμνιαρχίας
2661 4991 2968 5061 ἠξιωμένος
2994 5007 3009 5057 ;
3043 4987 3116 5043 Ὦ
3141 4992 3243 5062 τῆς
3283 4991 3469 5045 Ἠλίου
3518 4984 3773 5060 ἱερωτέραν

2226 5081 2420 5135 θυσίαν
2485 5079 2854 5153 προσαγαγὼν
2903 5081 3063 5151 Θεῷ,
3110 5082 3208 5136 καὶ
3252 5082 3313 5136 οὐ
3361 5080 3663 5139 διακοσίους
3702 5070 3773 5125 καὶ

2221 5175 2632 5246 τετρακοσίους,
2655 5173 2731 5238 ὡς
2750 5174 2934 5241 αὐτὸς,
2959 5174 3166 5228 ἀνελὼν
3191 5176 3359 5246 ἱερεῖς
3377 5161 3773 5244 αἰσχύνηςνάλλὰ

2213 5265 2551 5338 δισμυρίους
2571 5267 2665 5320 καὶ
2687 5265 3003 5338 περαιτέρω
3018 5270 3117 5340 τῆς
3141 5267 3311 5331 ὀντως
3337 5266 3597 5336 αἰσχύνης
3625 5257 3772 5324 ἀξίους

2222 5359 2386 5430 ἱερεῖς
2417 5359 2670 5423 κωλύσας
2702 5375 2761 5412 τε
2793 5359 2888 5414 καὶ
2921 5358 3220 5432 καθείρξας
3260 5357 3537 5413 δυσσεδῶν
3564 5345 3771 5425 ἱερᾶσθαι

2230 5553 2282 5608 in
2310 5553 2502 5607 horum
2532 5553 2744 5609 delectu
2777 5555 2883 5609 alia
2910 5554 3099 5610 haberi
3132 5553 3290 5619 ratio,
3315 5562 3369 5606 ut
3395 5565 3552 5620 supra
3579 5547 3763 5620 dictum.
3876 5613 3877 5617 η

529 5617 671 5689 tates
709 5617 978 5701 prolapsi,
1025 5630 1137 5701 jam
1197 5617 1402 5682 dictum
1453 5627 1598 5679 circa
1651 5624 1854 5701 Christi
1910 5617 2110 5701 corpus
2219 5639 2385 5701 quam
2413 5633 2469 5677 ιιι
2495 5639 2713 5701 semper
2735 5625 3078 5701 _o_r_lhodox_os
3116 5617 3287 5679 fuisse
3310 5617 3606 5701 ccustaret.
3639 5617 3764 5701 lilii.

530 5678 1316 5769 é'éiKrein'ﬁi-Bréési'in};mihi'z
1337 5678 1574 5769 quorum
1606 5678 1730 5750 cum
1756 5678 1870 5748 loca
1898 5678 2110 5769 naviter
2215 5678 2284 5748 61)
2317 5695 2454 5769 alias
2480 5678 2630 5769 _oliu_t'
2659 5678 3120 5766 publicasculpas
3144 5735 3160 5764 ,
3198 5678 3277 5750 eo,
3293 5695 3460 5766 gradu
3485 5678 3758 5747 esseutlor-

527 5763 1206 5830 ordinatis'sacerdotibus
1233 5763 1414 5822 essent
1439 5765 1740 5836 explenda,
1779 5781 1884 5822 non
1931 5765 2107 5834 potuit
2211 5767 2378 5820 tassis
2405 5763 2632 5835 indigni.
