4024 6430
270 299 403 374 ἸιΞὲΪῘ

1792 294 1990 356 VlTA.

3413 288 3552 357 126?.

268 414 772 493 ἐπαισχυνομένους
830 417 1117 492 ὁμολογεῖν
1167 417 1265 489 τὴν
1323 414 1532 487 ἀψευδῆ
1575 412 1671 468 τοῦ
1729 412 1867 468 Θεοῦ

1978 422 2081 481 tur,
2109 415 2499 470 erubescentes
2527 427 2710 469 veram
2741 411 2911 468 divini
2937 411 3096 469 Verbi
3129 411 3546 475 humanitatem.

270 514 448 584 Λόγου
475 514 778 585 σάρκωσιν,
809 513 880 568 δι’
917 508 987 585 ἧς
1018 511 1080 565 τὸ
1101 508 1457 582 ἀνθρώπινον
1473 509 1636 579 γένος
1663 507 1865 560 ἀνακε-

275 606 589 669 καίνισταιξ,
634 603 909 676 εὐκαίρως
948 602 1011 656 τὸ
1042 602 1141 673 τῆς
1189 586 1361 672 σοφῆς
1395 597 1700 672 παροιμίας
1733 599 1865 662 ἔπος

270 700 451 752 εἰπεῖν
479 714 493 729 °
546 697 747 753 Θυσίάι
793 695 1010 752 ἀσεϐῶν
1045 696 1323 768 βδέλυγμα
1365 693 1725 765 Kupltp,-xal.
1756 691 1867 764 γὰρ

271 790 608 862 παρανόμως
644 788 1058 862 προσφέρουσιν
1091 787 1285 852 αὐτάς.
1329 785 1420 857 Τῷ
1469 785 1585 840 δντι
1613 786 1722 857 γὰρ
1758 801 1865 836 πα-

272 885 507 955 ράνομοι
535 884 584 936 ot
613 881 875 949 τοιοῦτοι,
909 880 1254 953 ἐψευσμένου
1283 880 1542 951 σώματος
1567 880 1866 934 ἀντίτυπον

278 976 459 1047 σῶμα,
493 975 705 1045 ψευδῶς
732 976 819 1040 εἰς
849 974 1044 1029 θυσίαν
1080 973 1626 1046 παραλαμϐάνοντες.
1659 968 1730 1026 '0
1762 972 1865 1043 τῆς

275 1069 490 1136 Πέτρου
524 1069 696 1137 θήκης
726 1066 1064 1138 θεραπευτά,
1091 1066 1305 1121 καὶτοῦ
1338 1066 1552 1121 ἐκεῖθεν
1579 1065 1864 1135 ἀγιασμοῦ

276 1159 378 1231 τῆς
404 1159 600 1229 ἀγνίας
623 1158 1092 1232 ⁴θνησιιυροιρύλσιξῑ
1126 1155 1199 1212 Ὦ
1226 1158 1442 1214 Παῦλον
1466 1157 1718 1232 [μᾶλλον]
1739 1159 1870 1213 ἀνα-

276 1251 456 1305 πνέων
496 1250 530 1322 ἦ
560 1251 656 1304 τὸν
690 1249 833 1322 ἀέρα
861 1251 875 1305 i
908 1247 980 1304 Ὦ
1004 1251 1189 1321 πάσης
1210 1250 1364 1325 θείας
1394 1250 1491 1304 καὶ
1516 1250 1868 1322 προφητικῆς

272 1342 503 1413 Γραφῆς
558 1342 831 1410 γλῶσσαι
890 1339 964 1398 Ὦ
1022 1343 1390 1414 εὐαγγελικῆς
1454 1343 1726 1415 σαφηνίας
1772 1342 1868 1396 καὶ

267 1436 500 1507 ,χάριτος
534 1433 719 1505 βίϐλος
746 1476 762 1501 ,
811 1436 1120 1507 Γρηγορίου
1167 1437 1264 1490 καὶ
1298 1435 1585 1492 Βασιλείου
1618 1437 1716 1490 καὶ
1756 1435 1867 1489 τῶν

269 1529 402 1582 κατ’
433 1529 635 1592 αὐτοὺς
673 1527 948 1598 θεολόγων
983 1528 1312 1598 συνθεολόγε
1354 1530 1449 1585 καὶ
1482 1525 1755 1602 σύσκηνεί
1796 1528 1869 1584 Ὦ

270 1621 672 1693 ἀκτημοσύνης
725 1621 1092 1693 δυσπορίστου
1139 1623 1384 1694 κτήσεως
1417 1622 1868 1694 κτῆτορῑτοσαύ-

277 1728 380 1782 της
410 1711 521 1784 γὰρ
553 1713 648 1765 καὶ
676 1712 871 1784 ἡλίκης
906 1713 1225 1782 περιουσίας
1246 1714 1342 1767 καὶ
1370 1713 1621 1780 ἐξουσίας
1654 1716 1864 1788 κατάρ-

276 1803 402 1870 ξας,
433 1803 641 1874 γυμνὸς
668 1803 851 1873 πάσης
878 1800 1070 1874 ὑλικῆς
1100 1804 1332 1868 κτίσεως
1365 1803 1457 1860 τὸν
1488 1804 1603 1874 βίον
1626 1805 1865 1877 διῆλθες,

278 1893 366 1966 ,μὴ
395 1891 540 1964 ἔχων
578 1892 683 1946 ποῦ
714 1893 809 1946 καὶ
837 1894 998 1956 αὐτὸς
1028 1893 1344 1965 ὑποσκηνὴν
1372 1894 1741 1965 προσπαθείας
1770 1894 1869 1967 τὴν

278 1984 527 2054 ἰιεφαλὴν
565 1983 779 2041 κλῖναι·
804 1987 833 2039 ὁ
862 1985 1059 2058 πένησι
1084 1986 1498 2056 συμπενόμενος
1519 2026 1534 2052 ,
1571 1988 1667 2040 καὶ
1699 1986 1870 2053 ξένοις

284 2075 711 2147 συγξενητεὺων,
741 2076 819 2147 τῷ
855 2076 956 2149 μὲν
980 2079 1046 2150 τῇ
1076 2074 1185 2132 τῶν
1210 2078 1409 2150 χρειῶν
1428 2079 1760 2150 μεταδώσει,
1791 2080 1871 2151 τῷ

274 2164 346 2218 ’δὲ
371 2168 438 2237 τῇ
473 2167 883 2245 ἀπροσλπαθείᾳ.
1749 2198 1766 2211 π

360 2256 448 2314 ιϐ’.
483 2254 555 2313 Ὦ
581 2259 958 2331 Πατριάρχας,
1002 2259 1375 2334 Ὁμολογητάς
1404 2260 1749 2335 ὀρθοδὸξους,
1777 2264 1873 2319 καἰ

277 2354 501 2419 ζῶντας
538 2355 633 2408 καὶ
668 2354 1049 2425 μεταστάντας
1092 2357 1189 2410 καὶ
1231 2355 1492 2423 θανόντας
1525 2359 1766 2429 τιμήσας
1795 2358 1873 2423 ὡς

279 2444 559 2515 πατέρας,
593 2444 718 2498 ὅθεν
752 2441 812 2500 εὖ
843 2454 926 2500 σοι
952 2447 1287 2519 γεγένηταιι
1314 2443 1386 2503 Ὦ
1424 2450 1628 2514 παντὸς
1663 2447 1871 2520 ἀγαθοῦ

285 2537 454 2608 ἔργου
489 2538 581 2592 καὶ
610 2537 772 2606 λόγου
813 2541 1065 2608 ’ταμιεῖον
1094 2541 1127 2597 ii
1162 2541 1548 2612 καταγώγιονι
1596 2543 1873 2614 Πρόστηθι

280 2631 386 2684 atat
431 2629 525 2684 νῦν
577 2630 828 2700 συνήθως
865 2630 963 2701 τῆς
1016 2631 1254 2704 ποίμνης
1305 2650 1399 2688 σου
1427 2649 1442 2663 ο
1478 2633 1644 2707 ῥῆξον
1690 2634 1876 2705 ἱκετη-

278 2719 442 2794 ,ρίους
475 2719 662 2789 φωνὰς
701 2720 838 2792 πρὸς
870 2720 1106 2793 Χριστὸν
1134 2722 1227 2776 τὸν
1249 2722 1382 2778 Θεὸν
1407 2724 1590 2796 ἡμῶν,
1627 2724 1876 2796 ἐπισχεῖν

286 2811 404 2866 τῶν
446 2811 739 2883 βαρϐάρων
783 2812 955 2867 ὲθνῶν
991 2804 1111 2879 ’τὰς⁴
1135 2815 1392 2884 ἐφόδους,
1422 2814 1734 2883 ἀπαλλάξαι
1767 2815 1876 2870 τῶν

286 2903 723 2974 λοιμαινομένων
738 2902 929 2974 θηρῶν
951 2904 1053 2976 τὴν
1078 2898 1250 2959 ἀὑτοῦ
1290 2905 1644 2977 Ἐκκλησίαν,
1673 2894 1904 2972 ὲξελεῖί

288 2996 361 3049 τὰ
385 2993 481 3048 τοῦ
514 2994 754 3065 πονηροῦ
776 2994 1073 3064 σκάνδαλα,
1094 2997 1360 3068 ἐὐνομίαν
1379 3015 1440 3052 τε
1469 2998 1564 3052 καὶ
1592 2998 1877 3072 εὐετηρίαν

282 3084 374 3157 ’τῷ
425 3086 804 3158 Χριστωνύμῳ
843 3086 958 3159 λαῷ
1002 3089 1394 3161 δωρήσασθαι,
1428 3093 1542 3156 τοῖς
1586 3091 1879 3157 Βασιλεῦσι

286 3176 601 3248 βραϐεῦσαι
643 3177 712 3232 τά
762 3181 1058 3251 νικητήρια
1081 3220 1097 3248 ,
1129 3182 1191 3235 τὸ
1215 3181 1317 3253 τῆς
1367 3178 1680 3255 ὀρθοδοξίας
1710 3184 1876 3240 καλὸν

288 3270 687 3342 συντηρεῖσθαι
735 3270 1053 3345 ἀλώδητον,
1089 3274 1344 3345 ἀκύμονα
1388 3273 1534 3348 ζωὴν
1579 3278 1716 3331 πᾶσι
1763 3279 1878 3343 τοῖς

290 3363 514 3425 πιστοῖς
538 3360 916 3434 δωρήσεσθαι,
964 3364 1062 3419 καὶ
1090 3366 1228 3437 πρὸς
1268 3364 1485 3431 τούτοις
1525 3366 1737 3433 πάντας
1771 3367 1878 3439 ψυ-

290 3450 463 3523 χικῆς
494 3453 772 3524 σωτηρίας
809 3454 1149 3523 καταξιῶσαι
1174 3496 1190 3522 ,
1226 3457 1286 3511 ἐν
1316 3457 1468 3529 αὐτῷ
1509 3457 1734 3529 Χριστῷ
1753 3497 1770 3521 ,
1800 3456 1880 3531 τῷ

288 3546 585 3612 μονογενεῖ
604 3543 719 3615 Υίῷ
746 3545 841 3600 τοῦ
873 3545 1008 3601 Θεοῦ
1027 3548 1119 3602 καὶ
1149 3547 1289 3620 Θεῷ,
1320 3548 1439 3619 μεθ’
1459 3542 1522 3604 οὗ
1548 3549 1627 3622 τῷ
1656 3550 1881 3623 ἀνάρχῳ

289 3634 500 3706 Πατρὶ,
519 3636 618 3690 σὺν
646 3635 723 3707 τῷ
749 3639 1002 3710 παναγίῳ
1035 3641 1127 3694 καὶ
1149 3628 1401 3714 ζωοποιῷ
1432 3642 1716 3714 Πνεύματι
1737 3643 1887 3710 δόξα,

289 3725 437 3796 τιμὴ
471 3727 568 3780 καὶ
598 3727 957 3800 εὐχαριστία,
988 3730 1084 3786 νῦν
1115 3733 1208 3788 καὶ
1230 3734 1322 3789 ἀεὶ
1358 3736 1573 3803 κα“ι,είς
1604 3738 1733 3802 τοὺς
1762 3723 1917 3793 ore;

284 3817 604 3887 λευτήτους
636 3820 844 3888 αἰῶνας
868 3822 979 3880 τῶν
1013 3825 1252 3885 αίὼνων.
1300 3827 1496 3901 Ἀμήν.

1965 521 2061 579 per
2088 523 2253 579 quam
2316 522 2489 577 genus
2540 508 2839 562 humanum
2893 514 3213 562 renovatum
3251 514 3355 572 est,
3394 505 3554 575 proti-

1967 601 2109 669 teri;
2143 610 2447 671 opportune
2494 599 2780 671 prudentis
2818 599 2965 654 illius
2992 599 3266 670 proverbii
3300 612 3549 653 memor:

1970 692 2255 749 Sacriﬁcia
2318 692 2610 762 impiorum
2665 691 3001 747 abominatio
3053 690 3320 756 Domino;
3365 703 3430 745 ea
3482 689 3555 745 si-

1966 784 2186 854 quidem
2232 785 2485 854 nequiter
2517 783 2781 850 oil'erant,
2815 783 3013 854 quippe
3055 781 3339 837 falsiﬁcat'r
3359 796 3554 849 corpo-

1968 879 2048 934 ris
2076 879 2424 948 ﬁgurativum
2452 891 2651 949 corpus
2683 875 2823 931 falso
2856 877 2937 947 (ιι)
2967 876 3020 930 in
3049 874 3378 929 sacriﬁcium
3411 873 3555 929 acci-

1968 971 2205 1043 pientes.
2255 968 2300 1027 0
2336 970 2518 1025 cultor
2565 969 2800 1039 sepulcri
2833 968 3024 1022 Sancti
3055 965 3229 1032 Petri,
3272 977 3325 1020 et
3350 966 3556 1021 sancti-

1972 1064 2099 1119 tatis
2142 1062 2375 1133 indeque
2423 1062 2732 1117 emanantis
2782 1059 3123 1116 castimoniae
3173 1061 3550 1115 thesaurariel

1967 1156 2014 1215 0
2047 1158 2139 1228 qui
2192 1157 2421 1213 Paulum
2465 1156 2638 1227 magis
2682 1169 2847 1226 quam
2900 1168 3079 1209 aerem
3114 1154 3290 1224 ipsum
3341 1152 3550 1222 spiras!

1968 1251 2013 1308 0
2065 1250 2232 1306 totius
2268 1251 2468 1305 divinae
2514 1264 2579 1302 ac
2626 1248 2958 1318 propheticzc
2992 1248 3289 1317 Scriptura:
3334 1245 3553 1316 linguai

1971 1342 2016 1399 Ο
2048 1343 2387 1411 Evangelicas
2434 1340 2903 1411 interpretationis
2944 1349 2998 1394 et
3032 1340 3219 1409 gratiae
3251 1339 3390 1393 liber
3427 1354 3553 1394 cum

1971 1434 2273 1507 Gregorio,
2312 1432 2545 1500 Basilio,
2587 1441 2643 1488 et
2676 1431 2899 1502 reliquis
2932 1432 3226 1486 secundum
3256 1446 3350 1486 eos
3404 1432 3558 1487 theo-

1971 1524 2145 1595 logis,
2196 1523 2482 1594 theologus
2549 1524 2712 1578 etiam
2768 1523 2884 1593 ipse
2931 1533 2987 1577 et
3031 1521 3472 1578 contubernalis!
3510 1521 3557 1578 0

1974 1618 2314 1689 paupertatis
2343 1634 2451 1673 non
2502 1618 2571 1671 ita
2606 1617 2767 1672 facile
2808 1616 3073 1687 parahiils
3110 1616 3428 1686 possessor!
3462 1614 3558 1672 tali

1970 1712 2119 1767 enim
2165 1720 2425 1781 tantaque
2452 1709 2730 1780 opulentia
2766 1720 2823 1764 et
2868 1710 3109 1779 potentia
3154 1710 3383 1779 pollens,
3410 1709 3561 1766 omni

1977 1804 2246 1859 matcriali
2296 1804 2639 1873 possessione
2695 1811 2890 1858 exutus
2933 1803 3097 1857 vitam
3146 1802 3411 1873 excgisti,
3453 1816 3559 1857 non

1977 1896 2185 1952 habens
2220 1895 2308 1950 ubi
2351 1897 2455 1950 sub
2503 1894 2822 1950 umbraculo
2857 1892 3163 1948 aﬂ'cctionis
3186 1903 3350 1963 caput
3386 1892 3559 1947 decli-

1977 2002 2141 2062 nares
2174 2004 2190 2041 :
2225 1987 2318 2058 qui
2358 2001 2480 2042 cum
2527 1987 2816 2056 egentibus
2852 2000 2958 2039 una
3001 1971 3286 2055 egebas‘et
3323 1984 3563 2055 peregri-

1978 2080 2219 2145 nabaris,
2247 2088 2357 2134 tum
2379 2094 2558 2135 rerum
2576 2078 3017 2135 necessariarum
3043 2077 3561 2142 conuuunicatione,

1980 2181 2092 2228 tum
2126 2172 2294 2226 animi
2327 2186 2594 2240 nusquam
2623 2169 2768 2224 aiiixi
2799 2169 3071 2225 libertate.

2052 2261 2140 2319 i9.
2174 2259 2218 2316 0
2257 2262 2347 2331 qui
2381 2259 2762 2326 Patriarcbas,
2808 2258 3168 2315 Confessores
3204 2257 3560 2321 orthodoxos.

1981 2365 2039 2412 et
2092 2355 2254 2411 vivos
2298 2363 2358 2410 et
2406 2358 2724 2411 demortuos
2766 2354 2991 2424 jamque
3040 2355 3427 2421 censumptos,
3483 2352 3563 2409 uti

1981 2456 2240 2521 parentes
2276 2446 2517 2513 coluisti,
2554 2447 2698 2502 unde
2722 2446 2906 2501 fausta
2945 2445 3046 2500 tibi
3077 2448 3334 2501 evenere!
3368 2444 3411 2501 0
3442 2446 3566 2499 uni-

1982 2555 2158 2596 versae
2193 2540 2378 2608 probae
2405 2540 2743 2611 operationis
2775 2540 3151 2607 sermonisque
3173 2538 3424 2592 atrarium
3449 2536 3567 2591 sive

1984 2631 2302 2701 hospitium,
2335 2645 2521 2686 curam
2547 2646 2695 2686 nunc
2724 2645 2940 2700 quoque
2965 2645 3062 2699 pro
3097 2644 3247 2685 more
3278 2629 3352 2683 tui
3385 2628 3568 2698 gregis

1984 2723 2217 2791 habeto;
2255 2722 2527 2793 supplices
2577 2737 2740 2778 voces
2785 2723 2854 2777 ad
2906 2720 3181 2777 Christum
3242 2718 3410 2774 Deum
3462 2735 3564 2773 no-

1983 2826 2156 2872 strum
2197 2814 2489 2880 eﬂ‘undito,
2530 2823 2591 2869 ut
2622 2815 2983 2871 barbararum
3019 2812 3299 2869 nationum
3333 2800 3567 2881 impetus

1984 2918 2328 2978 compescat,
2391 2906 2692 2961 Ecclesium
2749 2921 2901 2961 suam
2973 2920 3006 2960 a
3084 2904 3569 2974 perniciosissimis

1982 3001 2142 3057 bellis
2174 3001 2467 3056 immunem
2502 3001 2726 3066 reddat,
2756 3000 2987 3070 improbi
3020 2999 3280 3054 daemonis
3309 2997 3568 3053 scandala

1906 3121 1955 3186 ρ
1985 3094 2268 3158 eradicet,
2312 3093 2550 3164 quietem
2593 3102 2648 3148 et
2693 3092 3085 3147 abundantiam
3126 3090 3439 3148 Christiano
3471 3104 3569 3157 po-

1984 3185 2111 3255 pulo
2136 3187 2421 3256 largiatur,
2473 3185 2758 3240 victoriam
2794 3183 3221 3253 imperatoribus
3258 3180 3565 3249 ministret,

1984 3280 2306 3335 orthodoxa:
2378 3278 2504 3333 ﬁdei
2566 3278 2885 3347 dignitatem
2949 3274 3173 3333 iilmsam
3248 3281 3566 3342 conservet,

1987 3370 2238 3425 ﬁdelibus
2284 3369 2539 3425 omnibus
2578 3370 2748 3423 vitam
2794 3365 3145 3438 tranquillam
3187 3364 3471 3429 concedat,
3512 3370 3571 3422 et

1986 3475 2098 3533 prae
2129 3461 2218 3517 bis
2246 3461 2496 3517 omnibus
2532 3469 2750 3516 aeternae
2781 3460 2975 3514 salutis
3015 3459 3210 3528 dignos
3246 3455 3463 3521 cﬂiciat,
3511 3455 3567 3511 in

1986 3555 2108 3627 ipso
2157 3555 2377 3611 Christo
2421 3555 2708 3625 uuigenito
2748 3554 2889 3610 Filio
2924 3555 3019 3609 Dei
3049 3562 3106 3610 et
3143 3554 3278 3619 Deo,
3302 3568 3424 3609 cum
3460 3567 3573 3623 quo

1987 3649 2107 3706 sine
2139 3650 2405 3721 principio
2452 3646 2638 3717 Patri,
2683 3658 2737 3706 et
2764 3647 3114 3705 sanctissimo
3149 3658 3313 3718 atque
3358 3645 3571 3701 viviﬁco

1989 3736 2250 3811 Spirituij,
2277 3741 2455 3813 gloria
2474 3780 2490 3808 ,
2519 3741 2716 3806 honor,
2740 3748 2801 3795 et
2827 3740 3127 3811 gratiarum
3154 3739 3316 3805 actio,
3345 3751 3490 3793 nunc
3516 3745 3573 3793 et

1984 3848 2232 3905 semper,
2267 3846 2323 3889 et
2343 3835 2394 3890 in
2420 3821 2754 3908 sempiterna
2780 3834 2981 3892 secula
3004 3833 3345 3892 saeculorum.
3372 3829 3567 3888 Amen.

1245 4146 1853 4248 ANALECTA
1928 4104 2090 4249 Ex
2164 4157 2611 4252 vanus.

1672 4501 1910 4560 CAPUT
1952 4476 2263 4562 rmnuu.‘

719 4634 1072 4703 Castimonia.
1105 4634 1389 4705 Ait-amna
1420 4649 1477 4705 in
1510 4650 1959 4721 σῃείαηεωΑι-ια
1989 4656 2043 4707 in
2085 4657 2211 4711 aula
2246 4648 2544 4727 Theophili.
2580 4656 3160 4729 Calumniaz'depuisa.

377 4776 431 4843 1.
454 4784 874 4843 Sanctissimum
898 4786 1269 4844 Patriarcbam
1295 4788 1648 4858 Methodium,
1666 4792 1889 4850 natione
1919 4799 1966 4856 D
1994 4798 2169 4868 pitoro
2207 4800 2556 4857 sanctissimo
2586 4800 2923 4863 Patrlarchre
2956 4801 3219 4870 crimina,
3247 4798 3481 4860 Romam
3505 4801 3574 4862 ad

294 4878 579 4947 Siculum,
604 4885 660 4933 et
696 4877 987 4952 Syracusis
1012 4889 1198 4936 natum
1233 4880 1664 4953 educatumque,
1696 4899 1761 4938 ac
1785 4900 1884 4940 va-

304 4968 412 5025 riis
428 4969 675 5025 scientiis
703 4979 759 5025 et
784 4971 1054 5041 piissimis
1098 4971 1342 5028 moribus
1364 4973 1674 5029 institutum
1692 4975 1883 5041 fuisse,

301 5074 376 5115 ac
417 5062 538 5116 dein
573 5060 1043 5132 Constantinopoli
1085 5063 1249 5118 vitam
1281 5067 1639 5122 monasticam
1671 5070 1883 5140 egisse,

299 5167 377 5209 ex
410 5152 560 5209 Actis
578 5153 690 5223 iam
716 5154 859 5209 datis
890 5164 1126 5210 constat.
1156 5156 1359 5212 ibidem
1398 5156 1889 5232 etiamjinter'pras—

300 5242 498 5311 cipuos
523 5245 673 5302 vires
696 5245 941 5300 habitum
958 5245 1285 5316 colligimus,
1304 5262 1370 5303 ex
1390 5251 1709 5319 compendio
1724 5251 1893 5308 histo-

299 5333 512 5389 riarum
542 5335 758 5406 Georgii
788 5335 1042 5403 Cedreni,
1068 5339 1122 5394 in
1160 5354 1267 5410 quo
1292 5355 1416 5411 pag.
1441 5340 1546 5397 558
1577 5342 1597 5413 (
1628 5357 1750 5397 nam
1781 5344 1891 5399 uti-

300 5437 432 5480 mur
464 5427 701 5483 editione
732 5427 1025 5500 Luparzea)
1049 5430 1249 5487 dicitur
1280 5433 1403 5511 θοι
1432 5432 1696 5490 intentata
1727 5435 1891 5493 Nice-

376 5582 462 5654 (u)
484 5579 625 5655 Cum
675 5585 821 5641 enim
860 5585 1070 5655 Corpus
1092 5584 1324 5654 Christi,
1350 5597 1410 5643 ut
1441 5588 1494 5642 in
1531 5588 1692 5644 Missa
1729 5590 1890 5649 οσα-

303 5663 421 5718 tur,
471 5654 638 5726 ﬁgura
689 5656 761 5710 sit
798 5657 879 5711 sui
918 5654 1125 5726 ipsius,
1158 5668 1213 5710 ut
1256 5659 1308 5712 in
1339 5672 1504 5713 cruce
1534 5659 1739 5726 oblati;
1782 5676 1885 5715 non

301 5732 489 5797 potest
542 5725 614 5780 ibi
657 5726 840 5783 verius
875 5725 1109 5797 corpus,
1144 5741 1305 5797 quam
1345 5729 1432 5784 hic
1473 5726 1693 5797 oli‘crri;
1730 5731 1887 5786 adeo.

1991 4884 2192 4959 Papam
2218 4888 2440 4946 missus.
2478 4908 2498 4944 ι
2531 4889 2730 4946 Fuerat
2751 4901 2974 4947 sanctus
2995 4890 3352 4962 Nicepltoms,
3386 4892 3576 4950 Domi-

1992 4978 2111 5034 nica
2139 4979 2364 5036 Pascbae
2387 4997 2529 5037 anno
2553 4982 2679 5050 806,
2705 4983 3011 5053 patriarcha
3048 4984 3331 5043 ordinatus
3350 5005 3365 5041 :
3383 5001 3571 5043 verum

1992 5087 2166 5143 usque
2192 5075 2261 5128 ad
2301 5090 2502 5130 annum
2539 5076 2640 5132 8H
2685 5079 2992 5147 prohibitus
3029 5078 3131 5133 fuit
3176 5095 3206 5134 a
3262 5078 3571 5148 Nicephoro

1994 5164 2356 5233 imperatore,
2405 5169 2696 5238 quominus
2744 5172 3031 5242 synodicae
3076 5172 3288 5227 litteras
3335 5170 3574 5229 mitteret

1992 5253 2220 5310 Romam
2251 5258 2394 5327 quod
2420 5260 2564 5313 dicto
2583 5258 2914 5329 imperatore
2939 5263 3045 5316 vita
3080 5260 3267 5317 functo
3290 5262 3570 5332 prteStltit.

1991 5348 2172 5416 primo
2221 5363 2367 5407 anno
2415 5350 2695 5408 Michaelis
2745 5355 3100 5411 successoris.
3149 5353 3286 5410 Num
3332 5365 3462 5412 tunc
3502 5357 3571 5415 ad

1995 5435 2228 5495 Leonem
2258 5439 2319 5496 lli
2353 5457 2546 5514 papam
2594 5444 2768 5500 dictas
2797 5444 3009 5503 litteras
3057 5446 3346 5519 Synodicas
3386 5446 3573 5506 tulerit

1989 5606 2100 5720 ﬁt;
2121 5594 2468 5721 ιὲιὲἐιέἔιιῇἲῳιί
2488 5598 2568 5656 sic
2595 5607 2807 5670 errant,
2830 5601 2948 5658 veri
2973 5601 3211 5659 nominis
3236 5600 3568 5663 sacriﬁcium
