4024 6416
542 288 679 354 1263

528 495 1019 553 .lronomacborum
1069 495 1170 549 sub
1199 493 1381 551 Leone
1417 498 1686 564 Armeno,
1718 507 1776 553 et.
1813 500 2117 568 patriarcha

537 588 847 657 Nirephoro
898 587 1099 642 missus
1143 585 1339 653 fuerit,
1382 603 1490 643 non
1531 590 1800 645 indicatur
1846 592 1899 647 in
1936 593 2115 660 actis;

525 679 823 748 solumque
875 676 1112 742 dicitur,
1167 696 1185 729 ι
1232 677 1487 735 haeresim
1536 678 1764 734 Romam
1812 694 1874 736 se
1921 693 2117 739 contu~

536 768 685 834 lisse,
730 787 749 819 ι
797 768 1111 837 Assumpsit
1159 767 1270 823 Leo
1321 771 1588 823 Armenus
1645 769 1928 840 imperium
1975 787 2119 829 anno

528 860 661 923 815,
696 874 727 915 a
764 874 895 928 quo,
924 874 1070 913 anno
1097 859 1375 928 sequenti,
1407 868 1627 916 sanctus
1654 857 1991 932 Nicephorus
2019 876 2117 933 pa-

535 952 772 1007 triarcha
804 951 856 1004 in
885 950 1137 1008 exsilium
1167 951 1504 1020 deportatur.

604 1045 662 1100 2.
703 1043 823 1101 1am
867 1058 987 1114 qua
1032 1050 1143 1097 tum
1189 1042 1380 1099 Reum
1420 1044 1748 1114 contigerint
1780 1053 1970 1101 sancto
2006 1045 2115 1102 ble-

534 1134 740 1201 thodin,
769 1135 846 1190 sic
881 1135 1056 1204 pergit
1084 1148 1308 1189 narrare
1342 1135 1619 1191 Cetlreuus
1647 1153 1661 1190 :
1688 1155 1707 1189 ι
1740 1135 1874 1192 Eum
1908 1138 2117 1196 scilicet

532 1235 788 1280 vexatum
816 1224 997 1279 fuisse
1021 1239 1050 1278 a
1091 1224 1237 1279 malo
1262 1225 1442 1294 genio,
1475 1229 1658 1282 carnis
1686 1227 1949 1296 studioso,
1991 1230 2115 1287 sine

531 1313 936 1371 intermissione
970 1313 1089 1368 dies
1120 1321 1418 1381 noctesque
1454 1326 1580 1366 cum
1616 1313 1866 1368 titillante
1888 1353 1904 1380 ,
1937 1325 1993 1369 et
2033 1314 2112 1371 rei

530 1419 780 1469 venereae
805 1403 1105 1476 appetitum
1135 1403 1408 1458 excitante
1444 1419 1459 1458 :
1509 1401 1694 1474 itaque
1732 1404 2011 1460 ardentem
2048 1421 2111 1461 ea

528 1495 846 1569 cupiditate,
875 1509 940 1550 ac
976 1503 1187 1549 tantum
1218 1509 1326 1549 non
1354 1493 1401 1548 ei
1437 1495 1915 1562 succumbentem,
1949 1496 2112 1552 Petro

531 1585 901 1659 apostolorum
948 1586 1180 1657 principi
1226 1600 1348 1641 sesc
1382 1586 1580 1642 dedere
1628 1586 1918 1653 statuisse;
1970 1588 2110 1641 mul-

528 1680 711 1751 tisque
746 1680 812 1734 ab
856 1692 923 1734 eo
967 1679 1223 1749 precibus
1255 1678 1636 1745 contendisse,
1670 1680 1750 1734 uti
1785 1694 1848 1735 se
1887 1679 2112 1736 libidine

910 356 915 359 ,
1571 295 1630 354 S.
1676 286 2058 354 METHODII
2098 290 2604 359 PATRIARCH/E
2641 299 2749 361 σι).

534 412 760 461 sanctus
785 401 1215 471 Methodius;an
1241 404 2118 471 postea,increbrescentehazresi
2149 412 2193 469 Α
2228 407 2456 465 interitu
2513 412 2867 469 vindicandas
2917 421 3103 482 ratus,
3184 416 3288 475 hoc
3353 417 3472 477 loco
3527 423 3769 497 subjicere

3649 307 3765 379 1264

2224 500 2368 556 volui
2406 520 2419 557 :

2291 612 2808 697 ItIlICth'rrvsxetIJ,
2840 618 2933 697 ita}
2959 619 3139 697 vr.pr
3171 621 3464 697 ζ’ωηφόρῳ,

2289 682 2797 766 Ιξάιοντιιτὴνιγῆὖ,
2833 688 2932 766 atat
2966 682 3244 766 ausaausa
3271 682 3578 766 ἓδνέτξόλον,

2293 752 2537 823 Γραπτοὶ
2571 752 2844 827 {pacabat
2876 759 3090 831 δέσμιοι
3115 762 3193 833 τῷ
3222 763 3450 838 δεσμίῳ.

2301 865 2426 945 [ἔνο
2460 878 2752 945 perempto,
2784 871 3092 945 riviﬁroqtle
3120 889 3348 934 mortuo.

2295 934 2513 1021 gert-dm
2542 934 2814 1021 incolenti,
2846 934 2909 1021 ni:
2936 934 3141 1021 puriter
3167 949 3403 1021 micanti
3433 950 3638 1021 polum,

2289 1004 2560 1076 Scripsere
2590 1012 2769 1064 cincto
2802 1004 2994 1080 cilicii,
3024 1025 3074 1069 et
3099 1019 3341 1086 inscripti
3367 1004 3527 1075 notis.

2216 1114 2422 1183 Quibus
2446 1118 2536 1174 ille
2574 1123 2911 1193 respondens
2940 1126 2992 1179 in
3034 1126 3149 1182 lucc
3195 1130 3363 1185 verba
3406 1134 3721 1205 rescripsit:

2287 1233 2426 1319 ξζοῗές
2449 1238 2572 1319 ταῖς
2606 1236 2842 1319 βίβλοισι
2876 1242 3126 1319 οὐραγῶν
3159 1245 3595 1319 κᾉησιγράειεουςσ

2285 1304 2396 1387 Eat
2433 1305 2569 1387 πρὸς
2603 1304 2834 1387 ite-ctrina
2866 1304 3164 1387 σωὶρρρνως
3198 1304 3590 1387 ὲᾶτιῇξιὲὗουξξ

2287 1372 2649 1445 Προσεῗπεν’ὁ
2688 1372 2978 1447 ζώθαπτοξ
2994 1372 3081 1447 ’ὡς
3113 1372 3498 1458 σῖδνδεσρξους.

2286 1484 2432 1562 ζίἰὺηὲ
2471 1489 2704 1543 vicissim
2736 1491 3026 1560 descriptos
3061 1496 3384 1562 eiulatibus,

2284 1554 2568 1633 faciesque
2606 1577 2712 1614 non
2739 1563 2852 1615 sine
2890 1554 3046 1617 laude
3076 1554 3417 1633 compunctus
3446 1568 3593 1628 stati:

2287 1625 2522 1694 Salutat,
2555 1637 2613 1683 ut
2644 1633 2946 1686 convinctos
2976 1638 3121 1690 vivus
3162 1625 3413 1707 infossus.

528 1740 642 1830 ista
660 1770 917 1825 liberaret
953 1740 983 1824 ς’
1005 1768 1149 1824 hunc
1190 1778 1349 1825 nocte
1384 1770 1646 1834 astitisse,
1698 1784 1762 1824 ac
1800 1770 1976 1825 virilia
2008 1786 2104 1826 sua
2142 1778 2185 1835 Β
2218 1759 2261 1835 ξ
2290 1740 2355 1835 m
2395 1743 2732 1835 desertorum
2783 1742 3063 1801 bomi'mm
3129 1763 3321 1808 Versus
3380 1753 3559 1819 θυτεῖυ
3606 1770 3783 1828 τθερεε

527 1873 691 1913 manu
714 1857 903 1913 dextra
924 1865 1234 1926 tangentem
1259 1856 1567 1913 adussisse:
1589 1858 1862 1927 simulque
1907 1860 2112 1918 dixisse

527 1947 663 2002 nihil
704 1961 825 2003 esse
856 1946 1000 2016 quod
1034 1945 1090 2000 in
1122 1950 1398 2018 posterum
1452 1948 1554 2002 sibi
1594 1948 1662 2002 ab
1694 1949 1797 2003 ista
1843 1960 2114 2007 metueret

523 2040 819 2113 voluptatis
841 2041 1305 2111 concupiscentia.
1346 2058 1365 2093 ι
1399 2040 1525 2096 llaec
1555 2039 1875 2097 Cedrenus:
1904 2057 2024 2113 quia
2054 2038 2109 2101 in

523 2122 675 2188 Actis
706 2148 812 2188 non
841 2133 1201 2202 attinguntur.

595 2228 650 2280 3.
680 2225 919 2280 Eminuit
947 2224 1132 2281 Roma:
1165 2225 1337 2281 sancti
1365 2226 1536 2282 virtus
1562 2235 1617 2283 et
1646 2226 1918 2284 doctrina.
1955 2226 2111 2282 Sicut

524 2306 702 2373 autem
739 2325 997 2371 sanctum-
1017 2315 1232 2370 Petrum
1262 2317 1453 2371 habuit
1479 2318 1752 2387 pudicitiae
1782 2329 2095 2388 patronum,

525 2406 600 2462 ita
639 2418 831 2460 sancto
858 2404 1106 2460 Paschali
1136 2421 1288 2475 papae
1318 2407 1458 2483 illius
1484 2408 1784 2463 successori
1818 2410 1952 2463 adeo
1986 2424 2111 2480 gra-

523 2505 614 2554 tus
650 2496 797 2560 fuit,
829 2506 889 2551 ut
941 2511 1064 2551 eum
1112 2497 1378 2569 ablegarit
1412 2499 1478 2553 ad
1525 2499 1841 2555 Michaelem
1880 2500 2106 2557 Balbum

524 2603 666 2642 anno
687 2586 812 2655 82l,
829 2589 1297 2660 committeretque
1309 2589 1508 2644 Tomos
1531 2592 1597 2645 de
1622 2591 1726 2647 lidc
1750 2594 2102 2660 disserentes,

523 2670 837 2749 imperatori
872 2678 1097 2732 dandos.
1139 2677 1348 2733 Obtulit
1388 2695 1481 2735 eos
1512 2680 1595 2734 illi
1628 2670 1852 2737 sanctus
1888 2681 2103 2738 Metho-

524 2770 645 2829 dius
681 2769 983 2840 intrepidus
1016 2768 1140 2825 lidei
1169 2783 1572 2841 propugnator;
1610 2774 1704 2828 sed
1735 2788 1832 2843 pro
1860 2777 2100 2843 gratioso

2213 1832 2452 1888 divinum
2516 1833 2805 1903 quemdam
2892 1838 3126 1892 nectaris
3192 1855 3415 1896 succum
3471 1844 3697 1903 stillant.
3756 1867 3774 1902 ι

2213 1923 2423 1980 Similia
2465 1923 2705 1980 Manassi
2738 1925 2904 1982 etiam
2942 1927 3174 1984 Michael
3204 1929 3427 2003 Glycas,
3464 1937 3656 1992 eodem
3686 1955 3777 1994 sas-

2209 2021 2332 2076 culo
2371 2035 2448 2075 xu
2484 2022 2727 2092 scripsit,
2760 2031 2815 2078 et
2841 2022 3030 2093 phrasi
3071 2023 3355 2095 aliquanto
3392 2037 3601 2086 mutata
3629 2031 3776 2088 Joan-

2210 2127 2304 2167 nes
2337 2111 2598 2167 Zonaras.

2278 2205 2332 2259 5.
2372 2206 2444 2259 At
2479 2206 2546 2261 de
2578 2204 2839 2261 Mcthodii
2883 2205 2952 2262 ab
2986 2206 3186 2267 exsilio
3216 2208 3543 2270 liberatione
3569 2216 3669 2271 ista
3699 2212 3780 2273 ad-

2208 2298 2287 2354 dit
2324 2299 2470 2355 idem
2523 2296 2824 2356 Manasses.
2875 2320 2894 2353 ι
2960 2301 3231 2361 Ctetcrum
3298 2309 3597 2376 praclarus
3644 2311 3775 2383 pugil

2208 2389 2540 2456 Methodius,
2595 2406 2719 2447 cum
2769 2392 3069 2448 toleranter
3122 2395 3176 2451 in
3231 2396 3324 2452 illo
3379 2400 3528 2454 tristi
3569 2416 3778 2457 carcere

2207 2499 2328 2539 sese
2366 2474 2877 2555 gessisset,'dentes
2911 2487 3208 2552 amisisset,
3243 2491 3502 2547 maxillas
3534 2506 3777 2550 contusas

2210 2574 2456 2638 haberet,
2514 2575 2773 2645 omnique
2829 2592 3030 2646 genere
3086 2582 3436 2638 excruciatus
3490 2585 3565 2639 ab
3610 2586 3779 2656 impiis

2205 2666 2516 2721 hominibus
2545 2682 2641 2737 per
2676 2682 2947 2723 summam
2984 2669 3440 2728 inhumanitatem
3476 2690 3584 2731 non
3624 2678 3773 2732 aliter

2202 2766 2366 2823 esset,
2406 2767 2568 2828 atque
2606 2757 2841 2815 ferream
2903 2761 3151 2818 incudem
3220 2764 3429 2821 malleis
3488 2783 3771 2824 excusaret

522 2859 626 2916 sibi
655 2860 835 2915 debito
859 2861 1130 2930 stipendio
1154 2901 1169 2927 ,
1194 2858 1246 2915 in
1273 2864 1422 2918 Actis
1446 2864 1645 2918 dicitttr
1678 2882 1698 2916 t
1735 2867 2095 2936 septingentis

2200 2851 2598 2921 contundunt,
2663 2852 2733 2907 ad
2793 2864 3094 2908 extremum
3148 2855 3273 2913 inde
3344 2860 3585 2927 prodiit,
3637 2874 3774 2918 ortus

521 2950 696 3025 plagis
720 2961 1003 3020 exceptus,
1035 2953 1408 3024 carceralique
1453 2956 1703 3026 sepulcro
1748 2957 2029 3013 inclusus:
2073 2977 2091 3010 ι

522 3040 633 3099 imo
664 3053 719 3099 et
746 3042 849 3098 sub
884 3039 1222 3116 Theophilo,
1259 3044 1535 3103 Michaelis
1589 3047 1733 3113 lilio,
1757 3051 1860 3103 sub
1890 3065 2093 3105 annum

2205 2942 2387 2997 diurni
2421 2942 2553 2998 solis
2583 2944 2776 3011 instar,
2804 2946 3021 3002 volente
3059 2946 3285 3013 scilicet,
3314 2960 3371 3004 ut
3406 2966 3508 3021 par
3536 2962 3638 3021 est,
3664 2967 3769 3008 cre-

2198 3033 2350 3100 dere,
2394 3034 2524 3097 Deo.
2571 3037 2663 3105 qui
2697 3038 2926 3109 abyssos
2957 3039 3241 3108 perspicit,
3292 3049 3345 3096 et
3393 3041 3691 3097 Cherubim
3721 3050 3770 3098 et

520 3124 628 3194 829
655 3138 1005 3208 succedente,
1038 3139 1226 3203 eadem
1259 3140 1323 3195 de
1350 3156 1511 3196 causa
1538 3141 1738 3197 iterum
1762 3143 1951 3215 plagas
1976 3159 2100 3199 sex-
2127 3128 2170 3187 (ἶ
2205 3123 2492 3215 δςτιιριιίιη
2535 3126 2753 3195 ῘηείάθΙ»
2784 3128 3053 3200 insignem
3090 3133 3237 3199 hunc
3275 3131 3452 3189 Virmn
3474 3175 3490 3199 ,
3530 3150 3631 3191 ceu
3664 3151 3771 3189 tnu-

522 3230 708 3288 ceutas
725 3231 955 3301 accepit,
978 3242 1028 3286 et
1049 3233 1253 3288 carceri
1279 3232 1521 3289 inclusus
1545 3234 1663 3292 fuit.
1689 3236 1883 3291 Verum
1903 3252 2023 3306 quae
2045 3239 2099 3292 in

520 3320 659 3380 actis
687 3325 996 3379 tribuuntur
1020 3325 1158 3394 patri
1182 3365 1197 3389 ,
1251 3319 1600 3381 ascribuntur
1629 3330 1697 3381 ab
1735 3329 1857 3382 aliis
1887 3330 2017 3395 lilio,
2045 3341 2102 3385 et

520 3410 551 3471 a
585 3416 940 3471 Constantino
971 3412 1220 3473 ManaSse
1258 3416 1311 3471 in
1346 3415 1678 3489 Connpendio
1713 3419 1984 3475 Chronico
2025 3421 2100 3476 ita

521 3504 816 3564 narrantur
843 3526 857 3562 :
884 3504 1220 3576 Theophilus
1246 3508 1544 3580 imperator
1565 3510 1740 3565 virum
1765 3513 2103 3582 praestantis-

520 3585 1096 3656 simum'M’ethodium
1123 3641 1138 3666 ,
1173 3603 1462 3670 quamdam
1512 3602 1564 3657 in
1608 3603 1840 3658 insulam
1893 3604 2102 3674 relega-

523 3694 659 3757 tum,
695 3689 968 3762 Speluncaa
1021 3691 1308 3746 cadaveris
1356 3693 1526 3746 instar
1564 3693 1804 3761 inclusit,
1840 3705 2096 3765 tanquam

522 3783 777 3840 unionem
814 3782 866 3836 in
893 3781 1186 3846 canebam,
1214 3796 1391 3837 rosam
1421 3783 1563 3839 inter
1591 3785 1797 3855 spinas.
1828 3784 2097 3842 Praeterea

523 3874 658 3928 duos
690 3873 739 3927 ei
778 3873 1018 3928 latrones
1056 3871 1327 3943 adiunxit,
1349 3888 1576 3944 quorum
1601 3875 1774 3932 altero
1800 3877 2097 3942 exstincto,

521 3974 577 4018 et
619 3965 730 4031 jam
776 3972 1153 4020 marcescente
1196 3965 1433 4021 naturali
1466 3964 1700 4034 quadam
1746 3968 2095 4033 necessitate,

522 4055 727 4110 findunt
765 4055 915 4110 illum
948 4056 1178 4112 odorem
1210 4067 1264 4111 et
1302 4057 1623 4126 pestiferum
1648 4072 1829 4114 aerem
1860 4059 2100 4116 toleran-

527 4145 771 4199 tissimus
810 4146 1046 4202 athletas
1082 4146 1264 4200 animo
1315 4147 1435 4202 tulit
1478 4148 1812 4219 aequissimo,
1843 4162 2002 4220 quem
2032 4160 2100 4206 ne

524 4235 750 4288 adamas
778 4235 999 4305 quidem
1033 4237 1305 4292 sustinere
1335 4238 1621 4306 potuisset.
1653 4232 1807 4293 Alter
1827 4241 2099 4296 latronum

526 4326 777 4381 libertate
815 4326 1048 4382 donatus
1083 4327 1234 4383 exire
1270 4327 1468 4394 noluit,
1493 4329 1588 4384 sed
1606 4329 1755 4385 intra
1783 4331 2098 4401 speluncam

528 4415 674 4470 illam
721 4416 1073 4488 caliginosum
1115 4434 1364 4488 manens,
1418 4418 1722 4490 divinaeque
1752 4420 1967 4478 vivendi
2007 4438 2098 4477 ra-

524 4508 688 4563 tionis
717 4509 1004 4564 aemulator
1034 4507 1235 4577 factus,
1266 4511 1398 4567 solis
1448 4511 1621 4567 instar
1665 4513 1788 4567 vita:
1834 4513 2102 4585 religiosas

525 4597 707 4653 radios
732 4599 954 4667 sparsit.
980 4617 999 4649 ι
1035 4597 1159 4654 llaec
1191 4600 1490 4666 Manasses,
1510 4601 1704 4667 quibus
1725 4602 1917 4657 similia
1938 4605 2102 4657 habet

524 4684 787 4756 Zonaras,
821 4706 916 4760 per
944 4689 1106 4746 verba
1139 4704 1260 4761 quae
1293 4692 1548 4749 dedimus
1597 4709 1649 4748 vr
1697 4691 1982 4749 Februarii
2033 4693 2102 4749 ad

525 4776 707 4833 Vitam
733 4789 938 4835 sanetae
963 4779 1260 4837 Theodorus
1290 4783 1679 4854 itnperatricis,
1706 4784 1899 4838 uxoris
1924 4783 2104 4840 Theo-

524 4870 683 4942 pbili,
710 4870 739 4944 θ
770 4887 851 4927 γι.

593 4962 649 5017 4.
682 4962 838 5018 Nunc
872 4965 1150 5036 pergimus
1187 4982 1312 5022 cum
1346 4968 1625 5035 Manasse,
1654 4983 1723 5025 ac
1761 4968 1936 5039 primo
1962 4970 2102 5026 rele-

524 5057 696 5111 ritnus
721 5064 966 5110 mutuum
989 5059 1312 5128 rescriptum
1331 5069 1645 5115 sanctorum
1660 5059 2012 5131 Theophanis
2045 5070 2107 5116 et

523 5148 799 5204 Theodori
848 5148 1080 5205 fratrum
1114 5152 1132 5221 (
1165 5152 1233 5212 de
1285 5152 1484 5221 quibus
1541 5155 1808 5223 agendum
1869 5152 1974 5208 erit
2030 5152 2100 5206 27

522 5237 863 5311 Decembris)
879 5243 1168 5311 sanctique
1198 5244 1477 5319 Methodii.
1511 5242 1646 5300 Dum
1674 5245 1874 5317 adhuc,
1899 5245 2097 5315 inquit,

521 5328 831 5387 Methodius
884 5333 937 5386 in
1003 5334 1105 5405 hoc
1163 5350 1389 5389 carcere
1451 5336 1807 5401 detineretur,
1853 5336 2100 5393 homines

521 5419 623 5483 illi,
676 5434 857 5493 rerum
916 5423 1223 5480 divinarum
1260 5425 1440 5496 periti,
1474 5440 1613 5494 quos
1666 5426 1810 5481 notis
1861 5427 1911 5482 in
1947 5426 2107 5483 vultu.

517 5508 753 5566 fmdatos
804 5510 972 5568 fuisse
1021 5515 1284 5580 diximus,
1330 5531 1429 5585 per
1469 5517 1580 5571 vim
1652 5518 1825 5573 solum
1883 5526 2099 5571 vertere

514 5604 715 5669 coacti,
769 5606 1043 5674 piscatore
1115 5609 1351 5677 quodam
1413 5619 1650 5680 reperto,
1710 5611 1927 5668 litteras
1983 5612 2097 5665 viro

512 5701 665 5766 justo
690 5695 981 5765 perbreves
1017 5714 1174 5756 versu
1218 5699 1451 5758 iambico
1503 5702 1794 5773 scripsere,
1842 5718 1978 5772 quas
2028 5703 2094 5757 ab

2206 3214 2376 3267 uitam
2408 3216 2626 3280 urbem,
2658 3216 2710 3271 in
2742 3228 2931 3283 monte
2958 3219 3176 3274 sublimi
3203 3222 3505 3289 collocare,
3530 3240 3599 3279 ne
3635 3234 3771 3280 tanta

2207 3303 2402 3369 virtus,
2430 3303 2594 3361 veluti
2643 3306 2870 3363 lucerna
2897 3309 3002 3365 sub
3043 3313 3244 3378 modio,
3282 3315 3424 3369 tristi
3462 3317 3770 3385 caliginoso-

2203 3411 2309 3464 que
2335 3410 2500 3467 specu
2524 3396 2737 3466 abdita,
2767 3399 2983 3457 lateret.
3022 3396 3240 3459 Accidit
3257 3407 3401 3462 enim
3427 3418 3491 3463 ut
3513 3409 3769 3479 Theophi-

2202 3486 2287 3541 lus
2320 3488 2637 3558 imperator,
2675 3491 2992 3549 lectitandis
3023 3495 3176 3551 libris
3201 3512 3419 3569 semper
3452 3512 3770 3570 occupatus,

2200 3579 2343 3634 unde
2425 3580 2669 3640 alveolos
2717 3583 2961 3640 scientia:
2996 3585 3262 3657 tingebat,
3316 3593 3767 3662 quemadmodum

2183 3672 2317 3739 .apis
2354 3673 2540 3728 sedula
2564 3674 2632 3730 de
2680 3686 2960 3746 pratorum
2993 3677 3240 3747 ﬂoribus,
3274 3682 3328 3737 in
3359 3686 3612 3753 quaedam
3645 3699 3771 3756 gry-

2201 3765 2322 3834 phis
2351 3776 2404 3820 et
2433 3764 2765 3839 labyriutltis
2782 3766 3094 3826 consimilia
3127 3772 3421 3840 incideret,
3456 3776 3535 3832 ita
3565 3788 3626 3831 ut
3649 3778 3772 3831 dura

2200 3858 2389 3914 istbmc
2412 3862 2569 3930 quasi
2600 3860 2959 3931 decorticare,
2983 3879 3045 3918 ac
3059 3865 3292 3921 obscura
3310 3866 3596 3924 illustrare
3623 3881 3772 3923 nemo

2202 3959 2352 4005 recte
2390 3959 2596 4020 posset,
2645 3953 2860 4009 tametsi
2890 3955 2975 4010 vel
3029 3957 3273 4012 sexcenti
3309 3963 3455 4029 apud
3491 3961 3664 4032 ipsum
3693 3972 3765 4015 ese

2200 4050 2346 4109 sent,
2388 4043 2651 4099 doctrinae
2678 4042 2826 4101 fama
2854 4047 3128 4122 celebres.
3163 4049 3299 4103 Cum
3326 4050 3496 4120 igitur
3546 4053 3765 4123 impera-

2199 4132 2304 4188 tori
2332 4134 2665 4204 permolesta
2695 4137 2811 4195 hac
2839 4150 2925 4192 res
2953 4138 3261 4206 accideret,
3292 4147 3351 4195 et
3390 4141 3636 4197 animum
3665 4141 3770 4211 ejus

2201 4234 2463 4296 angeret;
2527 4227 2748 4298 quidam
2811 4243 2878 4284 ex
2943 4231 3263 4299 proceribus
3314 4242 3371 4288 et
3431 4234 3764 4291 cubiculariis

2199 4316 2492 4383 accedens,
2533 4317 2868 4375 Methodium
2933 4322 3216 4391 praedicat,
3255 4325 3517 4381 indicatis
3569 4326 3768 4382 dotibus

2203 4409 2462 4464 doctrina:
2500 4411 2903 4481 magnitudine,
2935 4415 3182 4469 scientias
3215 4417 3369 4486 copia
3397 4419 3675 4487 expedita,
3715 4424 3765 4471 et

2206 4498 2503 4556 abundanti
2554 4503 2843 4572 prudentia
2903 4504 3283 4577 sapientiaque
3340 4510 3548 4564 vertice
3583 4507 3761 4565 celum

2206 4592 2381 4663 ipsum
2414 4593 2789 4665 attingentem;
2838 4595 2957 4651 sive
2994 4596 3278 4662 divinitus,
3314 4606 3376 4652 ut
3407 4600 3513 4655 hoc
3551 4599 3763 4663 laceret,

2203 4696 2546 4754 commotus;
2573 4687 2689 4741 sive
2721 4684 3123 4743 clandestinum
3151 4704 3394 4745 amorem
3433 4691 3607 4759 alens,
3648 4705 3765 4761 erga

2205 4778 2379 4833 virum
2412 4788 2593 4834 mente
2645 4778 2953 4846 calestem,
2982 4788 3039 4834 et
3062 4778 3286 4836 numin
3311 4772 3496 4837 divino
3532 4783 3763 4852 plenum.

2137 4874 2139 4877 ’
2202 4868 2331 4925 Haec
2377 4870 2947 4939 itnperutorfaudiens,
2982 4871 3320 4927 Metlmdium
3351 4874 3421 4929 de
3448 4886 3611 4944 specu
3646 4872 3767 4928 edu-

2164 5030 2169 5037 η
2203 4969 2373 5024 ctum,
2397 4975 2496 5018 ceu
2529 4961 2784 5021 unionem
2820 4977 2851 5017 ε
2877 4965 3123 5030 cmtcha,
3153 4963 3309 5020 sidus
3337 4978 3369 5019 θ
3411 4964 3572 5031 nube,
3607 4963 3759 5018 virum

2203 5052 2529 5109 clarissimis
2569 5052 2747 5117 radiis,
2784 5053 3164 5124 mittigentem,
3197 5065 3254 5109 et
3314 5056 3569 5113 tenebras
3615 5064 3765 5124 atque

2203 5145 2495 5215 caliginem
2555 5146 2879 5216 ignorantia:
2930 5138 3346 5213 discutientem,
3401 5150 3467 5205 ad
3520 5138 3651 5204 sese
3684 5157 3765 5198 re-

2203 5246 2363 5292 vocat
2406 5245 2461 5292 et
2499 5237 2715 5295 invitat.
2752 5236 2999 5309 Cumque
3034 5249 3253 5309 gustum
3294 5240 3491 5310 linguae
3519 5234 3755 5295 methodii

2202 5330 2571 5399 percepisset,
2604 5330 2814 5386 homini
2847 5333 3123 5403 praeclaro
3165 5333 3219 5387 in
3264 5335 3414 5404 regia
3444 5330 3755 5388 domicilium

2202 5422 2480 5490 assignat;
2514 5423 2876 5491 eamdemque
2904 5433 3162 5494 tanquam
3194 5426 3391 5496 nostri
3425 5439 3538 5480 rem
3584 5419 3755 5494 pretii,

2200 5529 2582 5585 genttttamque
2626 5516 3004 5587 splendidam,
3042 5519 3375 5588 rutilantem,
3424 5518 3668 5582 lucidam,
3704 5515 3759 5570 in

2203 5608 2473 5662 thesauris
2514 5608 3007 5666 innumerabilibus
3038 5620 3091 5666 ct
3139 5612 3441 5668 inaccessis
3481 5609 3752 5673 collocatis,

2204 5712 2368 5770 atque
2393 5700 2710 5771 frequenter
2738 5702 2988 5760 assidens
3016 5703 3137 5762 Nilo
3161 5705 3236 5762 illi
3269 5704 3520 5772 auriﬂuo,
3561 5712 3614 5761 et
3641 5697 3749 5757 dub
