4024 6426
255 437 392 503 1265

1762 448 1959 508 νΙΤΑ.

3373 443 3509 508 1206

249 554 485 609 cissimis
517 555 671 626 aquis
707 556 926 627 largiter
961 557 1272 614 hauriebat.
1311 577 1331 611 ι
1371 557 1494 614 lltcc
1517 557 1820 624 lliauasses,
1851 571 1894 626 Α
1928 562 2090 615 rt-l'ert
2117 579 2130 627 ;
2161 563 2445 632 additque,
2479 561 2624 615 domi
2654 575 2765 615 sua:
2795 574 3001 615 aurum
3028 559 3078 613 in
3105 555 3320 612 sacculo
3355 574 3508 626 repi-

252 661 369 714 qua:
403 643 606 717 Glycas
637 648 855 703 brevius
887 659 1089 704 narrat.

318 736 373 792 6.
405 736 686 791 Geilrenus
730 739 898 802 addit,
933 753 960 791 a
995 739 1295 809 Theophilo
1325 739 1486 794 etiam
1519 739 1584 793 ad
1618 739 1833 809 expedi-

256 827 450 882 tionem
499 827 744 882 bellicam
803 829 1062 883 eductum
1106 847 1119 883 :
1162 849 1180 881 (
1218 829 1488 884 llevocato
1523 830 1590 884 ab
1617 831 1828 894 exsilio,

254 914 450 985 inquit,
487 917 702 987 sibique
745 917 1002 985 adjuncto
1035 931 1223 974 sancto
1257 919 1551 984 Methodio,
1581 923 1632 974 in
1663 921 1830 974 Sara-

253 1025 421 1065 cenos
472 1021 674 1068 movet.
715 1012 936 1066 Solebat
971 1013 1071 1065 hoc
1121 1013 1173 1065 iu
1215 1011 1368 1066 bellis
1397 1011 1671 1075 factitare,
1716 1013 1830 1066 sive

250 1116 361 1172 quo
389 1100 503 1168 ejus
539 1104 803 1171 sapientia
831 1104 882 1155 in
915 1102 1099 1156 multis
1132 1103 1381 1157 obscuris
1413 1113 1574 1172 atque
1601 1105 1828 1157 intrica-

258 1188 326 1247 tis
355 1192 520 1245 rebus
549 1193 886 1262 explicandis
932 1203 1202 1258 uteretur,
1249 1195 1362 1249 sive
1408 1196 1459 1248 id
1491 1210 1710 1261 cavens,
1763 1211 1831 1251 ne

259 1281 604 1336 rebellionem
655 1283 700 1338 is
746 1299 805 1338 se
849 1285 1075 1340 absente
1128 1287 1362 1356 aliquam
1395 1287 1716 1351 concitaret,
1761 1288 1830 1341 ob

257 1384 536 1426 sacrarum
583 1373 875 1440 imaginum
914 1376 1314 1432 amolitiouem.
1347 1377 1485 1430 Nam
1511 1377 1708 1432 civium
1735 1379 1826 1448 qui

256 1470 411 1514 erant
439 1464 690 1529 praecipui
725 1474 883 1530 atque
913 1481 1038 1534 erga
1076 1468 1242 1521 Deum
1277 1469 1372 1537 pii,
1401 1483 1594 1536 magno
1635 1469 1685 1521 in
1725 1470 1823 1523 ho-

259 1565 389 1604 nore
449 1553 722 1609 habebant
775 1555 1108 1611 Methodium
1149 1577 1161 1612 :
1197 1560 1379 1628 itaque
1417 1576 1541 1612 eum
1605 1569 1724 1629 post
1771 1576 1830 1614 se

256 1640 582 1710 relinquere,
623 1646 935 1715 imperatori
982 1651 1286 1706 consultum
1325 1667 1430 1704 non
1465 1653 1765 1706 videbatur.
1805 1670 1823 1701 ι

323 1730 377 1784 7.
423 1732 547 1789 Ilaec
585 1735 676 1789 ibi.
708 1736 918 1794 Mortuo
961 1743 1059 1795 sub
1103 1757 1302 1795 annum
1345 1741 1452 1796 842
1493 1741 1826 1812 Theophilo,

255 1817 400 1876 illius
426 1823 542 1892 ejus
572 1824 795 1881 Michael
824 1847 926 1884 una
960 1847 1082 1887 cum
1115 1844 1301 1887 sancta
1335 1832 1615 1890 Theodora
1654 1846 1828 1891 matre

253 1916 522 1984 regnavit.
546 1913 695 1972 Tunc
721 1938 739 1971 ι
770 1919 1011 1977 Joannes
1038 1926 1578 1993 pseudospatriarcha
1604 1928 1828 1995 ejusque
1860 1907 1901 1961 Β

252 2005 410 2071 socii,
454 2005 522 2061 de
580 2024 678 2064 suo
739 2014 1001 2080 regimine
1047 2015 1262 2083 dt‘jCCli,
1301 2018 1478 2087 inquit
1527 2017 1835 2082 Cedrenus..

251 2110 358 2150 non
390 2111 451 2152 se
501 2099 911 2168 continuerunt,
943 2104 1072 2172 quin
1116 2115 1171 2158 et
1221 2118 1410 2160 contra
1455 2122 1643 2162 sacras
1695 2110 1831 2162 ima-

250 2187 404 2256 gines
459 2189 666 2257 aliquid
715 2193 890 2246 adhuc
945 2194 1287 2259 molirentur,
1345 2206 1399 2250 et
1450 2198 1552 2263 piis
1608 2200 1828 2254 insidias

250 2287 546 2355 struerem.
590 2279 710 2346 Quo
737 2283 909 2336 etiam
968 2287 1128 2338 modo
1173 2286 1582 2357 iutegerrimuut
1626 2290 1830 2346 Metho-

249 2369 412 2422 dium.
452 2369 720 2425 calumnia
763 2375 1197 2444 circumvenire,
1255 2389 1309 2433 et
1354 2395 1495 2436 verte
1553 2382 1832 2452 religionis

249 2459 548 2514 enltoribus
593 2461 834 2519 dolorem
872 2465 1066 2520 aﬂerre
1098 2472 1274 2523 conati
1313 2480 1458 2525 sunt.
1506 2469 1614 2526 Res
1660 2486 1723 2525 ea
1757 2473 1830 2526 ita

248 2559 390 2604 acta.
436 2550 715 2606 Mulierem
774 2558 1062 2624 quamdam
1101 2558 1119 2628 (
1162 2571 1333 2614 mater
1375 2576 1436 2615 ea
1495 2561 1594 2615 fuit
1631 2562 1829 2617 Metro~

245 2639 476 2707 phanis,
526 2642 616 2710 qui
667 2653 854 2712 postea
909 2647 1162 2718 Smyrna:
1219 2651 1415 2719 prazsul
1485 2653 1657 2706 factus
1723 2653 1826 2724 est)

248 2729 422 2783 multo
453 2746 586 2786 auro
633 2735 1230 2810 pollicitationibusque
1281 2753 1596 2814 corruptam
1638 2745 1831 2797 subor.

259 2830 414 2886 nant,
446 2837 564 2892 qure
591 2826 847 2896 Augusta:
885 2839 940 2884 et
980 2831 1328 2900 imperatoris
1365 2837 1633 2889 tutoribus
1680 2837 1828 2890 ilice-

249 2921 357 2975 ret,
399 2926 429 2965 a
493 2913 766 2972 Methodio
815 2935 874 2975 se
925 2937 1044 2976 esse
1082 2936 1408 2994 stupratam.
1449 2927 1645 2982 Statim
1701 2943 1830 2995 ergo

262 3003 511 3058 terribile
537 3005 800 3075 judicium
837 3028 851 3065 :
903 3013 1150 3069 civilibus
1173 3025 1228 3070 et
1260 3019 1492 3073 sacratis
1518 3019 1829 3078 hominibus

246 3092 465 3160 cogitur
503 3097 798 3152 concilium
832 3119 845 3154 :
892 3112 1068 3156 astant
1103 3105 1200 3174 pii,
1254 3109 1528 3162 mmstitizc
1551 3119 1605 3164 et
1626 3113 1830 3169 doloris

244 3183 400 3254 pleni
431 3203 445 3241 :
481 3202 586 3241 non
635 3188 833 3244 absunt
879 3192 1057 3263 impii,
1112 3197 1347 3253 dedecus
1384 3200 1524 3254 haud
1573 3204 1827 3273 exiguum

243 3288 318 3328 ex
341 3289 404 3329 ea
437 3278 652 3333 actione
682 3281 1029 3337 conciliatum
1067 3287 1130 3340 iri
1161 3287 1373 3356 piorum
1399 3278 1560 3346 coetui
1603 3308 1830 3362 speran-

250 3374 360 3421 tes.
397 3366 668 3449 Prodennt
719 3373 1137 3432 calumniatores
1187 3380 1386 3436 animis
1447 3382 1654 3450 inﬂati,
1686 3386 1830 3457 quod

242 3459 463 3512 crimen
494 3461 550 3536 _id
583 3462 636 3515 in
669 3475 922 3534 promptu
968 3469 1170 3532 habere
1201 3475 1547 3539 probationes
1580 3475 1826 3544 fiderent,

242 3551 515 3620 producta
551 3553 602 3606 in
643 3557 878 3609 medium
914 3561 1254 3629 muliercula,
1291 3579 1411 3634 qua:
1437 3579 1502 3620 ex
1526 3568 1830 3638 composito

237 3640 521 3712 jndicibus
550 3660 665 3699 rem
703 3659 971 3705 narraret.
1011 3651 1229 3708 J—udices
1265 3672 1394 3725 ergo
1433 3668 1489 3712 et
1525 3661 1828 3729 praecipuus

242 3732 464 3788 Mantth
507 3735 676 3806 (tutor
706 3753 771 3793 ac
813 3742 1125 3798 moderator
1148 3746 1426 3803 Michaelis
1459 3750 1825 3823 imperatoris)

245 3825 392 3878 tristi
428 3826 574 3879 vultu
602 3831 862 3894 assident,
897 3832 1114 3902 indigne
1145 3833 1381 3893 ferentes
1447 3841 1606 3894 unius
1642 3841 1826 3896 homi-

240 3915 336 3969 nis
371 3917 524 3986 culpa
563 3929 762 3974 emtum
797 3922 1006 3990 piorum
1045 3925 1095 3978 in
1140 3927 1439 3994 periculum
1475 3929 1691 3985 ludibrii
1733 3945 1828 3986 ve-

245 4007 390 4062 nire.
441 4010 570 4075 Qua!
615 4012 799 4066 omnia
829 4002 1073 4070 sentiens
1133 4017 1457 4087 Methodius,
1513 4034 1572 4078 ut
1615 4034 1668 4078 et
1705 4040 1829 4094 spes

240 4097 540 4168 impiorum
575 4112 630 4157 et
675 4105 887 4171 piorum
941 4108 1322 4175 aegritudinem
1369 4114 1630 4182 aboleret,
1655 4131 1829 4188 neque

241 4189 503 4246 Ecclesiae
529 4203 672 4247 esset
704 4194 839 4266 lapis
862 4196 1177 4255 offensiOuis
1201 4242 1215 4268 ,
1251 4204 1384 4258 nihil
1420 4206 1824 4264 multitudinem

240 4283 496 4337 reveritus
529 4322 552 4349 ,ν
584 4286 744 4341 homo
776 4291 921 4343 omni
956 4295 1265 4347 reverentia
1310 4306 1477 4366 atque
1509 4300 1714 4354 honore
1744 4302 1827 4356 di-

239 4372 569 4442 gnissimus,
594 4378 646 4430 in
685 4390 976 4448 conspectu
1001 4383 1240 4438 omnium
1272 4387 1520 4454 pudenda
1555 4390 1822 4446 nudavit:

239 4477 373 4531 quae
411 4479 571 4519 nemo
599 4482 704 4521 non
738 4469 954 4524 videbat
979 4473 1169 4528 morbo
1199 4476 1432 4543 quodam
1461 4480 1819 4548 emarcuisse,

1935 651 2180 706 rieudum
2241 653 2306 708 iri
2361 653 2591 722 quadam
2651 639 3142 706 arcula'lrnmeuti
3200 649 3404 717 plena:
3453 657 3510 704 et

1935 749 2135 801 missus
2167 761 2231 801 eo
2257 747 2554 801 satellitum
2588 745 2829 815 quidam,
2859 759 3049 798 aurum
3084 742 3266 796 statim
3301 742 3505 804 attulit,
3539 789 3542 794 .

1932 841 2253 908 detectaque
2285 855 2371 893 res
2400 847 2508 893 tota
2535 848 2637 900 est.
2665 838 2945 893 Dedissent
2979 836 3327 904 ergo-dignas
3363 833 3508 889 faei-

1934 935 2085 989 noris
2112 935 2196 989 sui
2224 950 2412 1003 poenas
2439 934 2883 997 calumniatores,
2911 935 3012 987 nisi
3042 931 3368 997 Methodlus,
3398 946 3504 999 qua

1932 1032 2050 1076 erat
2081 1024 2361 1093 patientia,
2393 1039 2553 1076 uuam
2594 1022 2732 1078 hanc
2771 1023 3034 1076 ultionem
3071 1020 3332 1090 petisset,
3369 1035 3506 1089 quo-

1935 1115 2114 1168 tannis
2145 1115 2370 1170 solemni
2397 1115 2824 1169 orthodoxorum
2851 1123 3126 1169 conventu
3163 1113 3266 1168 sibi
3295 1112 3506 1178 liceret,

1935 1222 1966 1260 a
2019 1207 2364 1261 sanctissimo
2425 1206 2624 1276 templo
2680 1205 2924 1274 Deiparze
2984 1204 3380 1260 Blacheruensi
3439 1203 3507 1257 ad

1936 1297 2152 1352 Sancta:
2183 1296 2402 1367 Scythiae
2428 1299 2686 1368 templum
2713 1297 3132 1364 prarlucentihus
3166 1295 3376 1349 facibus
3402 1295 3501 1355 ire,

1932 1387 2093 1440 et'in
2149 1387 2385 1457 ipsorqu
2429 1402 2590 1440 aures
2645 1385 3057 1440 detestationem
3115 1384 3437 1437 obnuntiare
3486 1401 3500 1436 :

1933 1480 2074 1548 quod
2103 1487 2155 1532 et
2187 1492 2279 1546 per
2310 1493 2526 1531 omnem
2550 1492 2739 1530 eorum
2771 1477 2933 1530 vitam
2965 1473 3273 1528 factitatum
3305 1484 3409 1527 est.

2555 1588 2784 1644 CAPUT
2821 1589 2884 1645 ll.

1933 1710 2000 1764 In
2017 1723 2102 1780 ραι
2110 1715 2376 1765 riarclmtu
2395 1713 2662 1766 cicatrices
2680 1723 2918 1766 servium.
2940 1709 3151 1764 Festum
3172 1708 3510 1780 Orthorlroxitr

2000 1779 2322 1835 erdinalum.
2383 1781 2662 1834 Translata
2716 1798 2937 1845 corpora
2984 1790 3287 1834 sanctorum
3340 1779 3508 1833 Theo--

2005 1852 2124 1905 dort'
2157 1852 2385 1905 Studitm
2424 1862 2470 1920 et
2522 1849 2807 1914 Nirephori
2850 1850 3195 1920 patriarcha}.
3243 1850 3508 1920 Constitu-

1999 1923 2162 2003 tioues
2203 1925 2377 1977 editte.
2427 1919 2557 1975 Vua:
2607 1922 2806 1990 aliquot
2851 1919 3169 1974 sanctorum
3195 1929 3242 1974 et
3275 1919 3505 1972 homilite

1998 2002 2227 2058 scriptw.

2001 2102 2054 2157 9.
2096 2102 2384 2158 Praemissa
2421 2101 2688 2170 superiori
2724 2100 2902 2171 capite
2949 2113 3014 2154 ex
3057 2097 3328 2162 Cedreno,
3376 2097 3506 2152 licet

1931 2205 2046 2249 acta
2097 2196 2206 2249 sint
2254 2206 2538 2264 pOStquam
2582 2193 2890 2263 patriarcha
2935 2193 2988 2245 in
3043 2191 3217 2246 locum
3273 2191 3504 2260 depositi

1929 2282 2154 2337 Joannis
2187 2282 2294 2351 jam
2323 2292 2468 2338 esset
2501 2283 2786 2336 ordinatus
2818 2281 3142 2345 Methodius,
3178 2281 3507 2349 praemittere

1933 2385 2110 2431 tamen
2159 2375 2489 2430 ordinationi
2533 2375 2651 2444 ejus
2697 2374 2884 2438 malui,
2939 2384 2996 2426 ut
3047 2388 3166 2442 qua:
3210 2373 3260 2426 in
3293 2385 3508 2427 summo

1932 2469 2031 2522 illo
2062 2469 2229 2538 gradu
2275 2468 2426 2536 egit,
2476 2466 2530 2520 iu
2579 2467 2808 2519 alterum
2860 2467 2960 2518 hoc
2993 2474 3157 2532 caput
3204 2465 3508 2516 ordinatius

1932 2559 2336 2629 colligerentur.
2371 2558 2528 2612 Prius
2553 2573 2679 2626 ergo
2711 2573 2868 2627 quam
2897 2556 2986 2610 illa
3026 2559 3165 2626 apud
3194 2555 3498 2610 Cedrenum

1933 2653 2198 2721 lcgantur,
2241 2651 2378 2720 apud
2420 2649 2668 2704 eumdem
2707 2649 2969 2711 occurrit,
3003 2649 3274 2717 quomodo
3310 2656 3498 2701 sancta

1933 2739 2216 2798 Theodora
2269 2742 2582 2813 imperatrix
2621 2741 2672 2796 in
2729 2741 2908 2796 loeum
2945 2742 3141 2812 dejecti
3179 2737 3373 2794 .lanuis
3404 2741 3507 2810 (sic

1929 2850 1959 2888 a
1999 2835 2101 2902 piis
2154 2833 2351 2900 impius
2396 2834 2710 2902 vocabatur)
2743 2828 2993 2886 sanetum
3022 2841 3076 2885 et
3114 2832 3355 2885 divinmn
3385 2831 3498 2883 Me—

1932 2925 2176 2980 thodium
2205 2926 2532 2991 introduxit,
2576 2926 2665 2994 qui
2698 2926 2875 2980 adhuc
2909 2924 3267 2979 confessionis
3303 2938 3414 2977 suae
3452 2931 3508 2977 et

1929 3017 2000 3071 ob
2025 3031 2145 3070 eam
2179 3015 2390 3070 tolerati
2435 3015 2686 3084 supplicii
2714 3025 2871 3068 notas
2902 3016 2952 3069 in
2988 3031 3154 3069 carne
3196 3029 3290 3069 sua
3321 3022 3505 3082 gesta-

1930 3107 2025 3162 h'at
2055 3124 2070 3162 :
2102 3109 2353 3163 omnibus
2404 3108 2511 3176 piis
2539 3147 2554 3173 ,
2588 3106 2988 3172 sacerdotibus,
3018 3106 3172 3160 laicis
3206 3121 3267 3159 ac
3317 3119 3506 3157 mona-

1933 3193 2072 3258 chis,
2121 3205 2176 3247 et
2219 3194 2286 3248 iis
2334 3195 2498 3249 etiam
2531 3194 2620 3264 qui
2669 3193 2723 3247 in
2769 3194 3047 3248 montibus
3085 3191 3502 3254 exercebantur,

1935 3298 2148 3338 smumo
2180 3299 2301 3339 eum
2338 3285 2537 3352 gaudio
2573 3285 2690 3354 ejus
2725 3285 3155 3354 designationem
3193 3285 3504 3355 approban-

1935 3375 2098 3442 tibus,
2137 3392 2199 3430 ac
2230 3375 2522 3431 confertim
2569 3379 2623 3431 in
2672 3378 2860 3432 urbem
2891 3377 3257 3439 venientibus,
3291 3391 3510 3445 unoque

1931 3481 2026 3520 ore
2085 3468 2331 3522 haeresim
2361 3467 2817 3523 lcouoclastarum
2849 3467 3252 3522 damnantibus
3301 3477 3509 3520 :eterno

1931 3557 2295 3612 anathemate.
2334 3559 2448 3614 Hoc
2482 3558 2802 3628 prmclarum
2842 3559 3053 3613 facinus
3096 3558 3298 3627 inclyta
3329 3556 3511 3610 'lheo-

1931 3654 2068 3707 dora
2118 3662 2172 3704 et
2222 3650 2366 3705 [ilius
2408 3652 2566 3706 initio
2601 3652 2812 3720 imperii
2847 3653 2928 3705 sui
2959 3652 3277 3715 'cdiderunt,
3335 3651 3511 3719 inquit

1930 3744 2234 3799 Cedrenus.
2281 3743 2622 3798 Ceustitutus
2657 3755 2740 3796 est
2787 3759 2916 3812 ergo
2944 3745 3248 3813 patriarcha
3285 3754 3510 3797 sanctus

1931 3832 2236 3889 Metltodius
2291 3847 2434 3885 anno
2469 3831 2595 3886 8i‘2.
2641 3831 2787 3898 Quas
2837 3849 2965 3887 vero
2997 3832 3358 3887 confessionis
3397 3848 3510 3891 sua.

1932 3934 2088 3979 notas
2140 3917 2363 3978 sanctus
2413 3923 2720 3980 Methodius
2770 3926 2822 3978 in
2873 3939 3103 3994 corpore
3133 3925 3380 3992 gestarit,
3425 3924 3510 3976 bis

1933 4014 2113 4068 verbis
2153 4013 2408 4083 explanat
2458 4009 2654 4083 Glycas
2688 4036 2701 4072 :
2750 4015 2885 4081 Quia
2939 4016 3125 4080 malae,
3165 4025 3390 4084 propter
3415 4027 3507 4066 sa-

1929 4119 2147 4158 crarum
2197 4105 2492 4175 imaginum
2554 4107 3073 4176 propugnationem,
3123 4105 3510 4162 contundendo

1929 4195 2072 4250 lassa:
2095 4195 2394 4267 solutaeque
2419 4196 2639 4252 fuerunt
2665 4214 2694 4251 a
2721 4198 3044 4269 Theophila,
3075 4208 3198 4269 post
3219 4199 3506 4269 septimam

1927 4285 2194 4356 synodum
2265 4287 2689 4342 simulacrorum
2750 4291 3096 4346 eversionem
3165 4299 3504 4354 renovante;

1928 4391 2151 4432 necesse
2176 4378 2427 4442 habebat,
2459 4388 2517 4432 ut
2560 4392 2657 4435 eas
2691 4381 2835 4434 tcuni
2883 4382 3116 4449 quadam
3157 4379 3322 4436 fascia
3361 4379 3504 4434 linea

1926 4467 2209 4536 obligaret.
2249 4468 2440 4533 Unde,
2484 4485 2600 4524 mea
2657 4472 2874 4541 quidem
2929 4473 3221 4537 sententia,
3257 4488 3373 4526 mos
3425 4473 3508 4526 in-

236 4555 504 4624 omnique
549 4559 787 4614 natura];
829 4561 888 4615 vi.
911 4577 1036 4618 esse
1080 4565 1314 4634 privam.
1351 4565 1564 4624 pudore
1604 4570 1709 4626 hoc
1747 4573 1826 4628 ra.
1855 4583 1901 4642 Β
1930 4560 2118 4626 olevit,
2154 4559 2444 4630 hodieque,
2471 4561 2698 4626 durans,
2735 4573 2792 4617 ut
2819 4565 3100 4633 pontifices
3135 4565 3203 4620 ab
3231 4566 3532 4620 anteriore'

236 4656 394 4700 ctum
445 4649 689 4718 opplevit
735 4651 1157 4712 calumniatores
1205 4664 1262 4712 et
1304 4658 1466 4714 malis
1494 4662 1818 4730 gaudentes,

237 4739 367 4808 pios
419 4751 600 4795 autem
637 4742 823 4798 laetitia
875 4763 889 4799 :
934 4748 1025 4817 qui
1065 4748 1272 4816 ingenti
1322 4765 1444 4806 cum
1481 4752 1678 4821 gaudio
1714 4754 1826 4809 Ile-

236 4829 493 4884 thodium
545 4834 848 4903 cingentes,
885 4837 1198 4895 salutabant
1232 4851 1394 4913 atque
1419 4845 1825 4912 amplecteban-

234 4930 357 4986 tur,
404 4938 578 4994 neque
612 4927 887 4983 habebant
949 4934 1222 4999 quomodo
1275 4935 1542 5005 voluptati
1591 4952 1703 4994 sua:
1733 4953 1824 4994 sa-

234 5013 631 5074 tisfacerent...
667 5039 686 5072 ι

313 5105 372 5162 8.
411 5106 642 5166 Michael
689 5110 1011 5180 imperator,
1047 5114 1446 5172 intolerabilem
1490 5119 1629 5174 hanc
1671 5119 1822 5177 frau-

230 5199 367 5254 dem
417 5197 709 5267 judicans,
755 5206 950 5257 statuit
1004 5205 1375 5263 mulierculam
1428 5213 1827 5280 quaestionibus

229 5291 526 5353 adhibere.
573 5303 652 5358 ut,
687 5310 806 5364 quae
845 5295 1037 5350 fuisset
1069 5297 1172 5352 doli
1233 5302 1486 5355 nectendi
1538 5305 1700 5368 ratio,
1737 5305 1823 5358 iu-

228 5383 531 5453 telligerel.
587 5385 784 5441 Statim
831 5403 963 5460 ergo
1011 5391 1221 5460 gladius
1278 5393 1590 5463 stringitur,
1655 5395 1823 5466 virga:

230 5475 354 5545 igni
414 5478 712 5535 candentes
789 5481 1125 5550 afferuntur,
1183 5486 1583 5555 carnificesque
1644 5489 1820 5555 parati

231 5575 427 5622 astant
461 5585 475 5622 :
525 5571 726 5638 quibus
752 5571 940 5628 infelix
979 5589 1042 5629 ea
1077 5577 1389 5645 perterrita,
1428 5579 1505 5632 rei
1529 5579 1820 5634 veritatem

227 5658 426 5730 palam
469 5659 708 5729 fatetur;
751 5679 860 5733 quo
900 5676 1061 5736 pacto
1103 5677 1323 5725 structa:
1379 5671 1609 5738 insidiae,
1659 5679 1822 5742 atque

228 5765 382 5806 auro
408 5762 462 5809 et
486 5754 972 5823 pollicitationibus
998 5771 1253 5831 corrupta
1281 5771 1336 5818 et
1371 5763 1596 5834 decepta
1626 5765 1818 5830 fuerit;

231 5841 340 5912 qui
377 5845 670 5900 commenti
714 5857 1003 5915 auctores;
1051 5849 1282 5920 denique
1353 5862 1519 5908 totam
1583 5853 1816 5909 fabulam

1928 4663 2082 4724 parte
2109 4652 2277 4707 lineas
2309 4653 2506 4709 fascias
2533 4654 2781 4724 alligatas
2817 4655 3073 4710 habeant.

1998 4743 2087 4800 l0.
2118 4743 2386 4814 Vigobant.
2404 4760 2469 4799 eo
2501 4755 2747 4814 tempore
2773 4747 3238 4816 Constantinopoli
3269 4747 3508 4803 illustres

1926 4835 2150 4890 abbates
2167 4845 2221 4890 et
2237 4837 2486 4891 monachi
2511 4839 2825 4894 monasterii
2847 4841 3196 4905 studitarum,
3222 4855 3288 4895 ex
3307 4839 3503 4895 ordine

1924 4928 2328 4984 Acmmetarum
2351 4969 2366 4994 ,
2393 4945 2620 4998 quorum
2648 4931 2867 5000 plurimi
2898 4932 2970 4988 ob
2995 4947 3277 4988 sacrarum
3315 4933 3507 5002 imagi-

1925 5035 2054 5074 num
2087 5023 2490 5077 venerationem
2526 5024 2578 5076 in
2597 5024 2846 5080 exsilium
2870 5026 3041 5088 missi,
3069 5034 3161 5078 aut
3201 5025 3364 5077 vitam
3397 5023 3504 5077 lbi-

1925 5112 2046 5167 detn
2087 5123 2269 5168 sancte
2300 5115 2622 5181 liniverunt,
2655 5118 2730 5171 uti
2760 5127 2980 5172 sanctus
3021 5115 3381 5180 Theodorus;
3412 5124 3506 5168 aut

1927 5205 2048 5260 inde
2079 5206 2309 5275 regressi
2331 5218 2477 5274 sunt,
2501 5208 2577 5260 uti
2602 5208 2772 5262 sancti
2796 5206 3047 5262 Nicolaus
3072 5216 3128 5263 et
3152 5206 3500 5268 Naucratius.

1926 5297 1993 5352 de
2023 5298 2217 5366 quibus
2248 5299 2314 5352 ad
2339 5299 2479 5353 diem
2509 5300 2544 5354 ι
2576 5298 2858 5354 Februarii
2892 5300 2946 5354 in
2986 5299 3103 5354 Vita
3136 5301 3314 5354 sancti
3344 5299 3502 5354 Nico—

1925 5387 1993 5442 lai
2025 5391 2092 5443 ab
2109 5400 2331 5444 auctore
2359 5405 2571 5455 corevo;
2600 5391 2668 5444 ibi
2698 5405 2815 5459 cap.
2843 5391 3043 5445 vuista
3073 5390 3327 5460 leguntur
3351 5409 3500 5447 num.

1924 5484 2015 5540 '56.
2053 5481 2188 5537 Cum
2226 5507 2245 5535 ι
2309 5483 2478 5538 Porro
2521 5483 2852 5551 Theophilus
2895 5481 3009 5550 jam
3063 5484 3208 5540 diem
3255 5485 3500 5552 obiisset,

1925 5594 2139 5648 unoque.
2168 5577 2374 5632 tumulo
2399 5579 2624 5634 hmresis
2645 5579 2847 5648 pariter
2869 5581 3063 5634 merito
3087 5581 3502 5653 circumscripta

1925 5673 2124 5727 misere
2157 5681 2336 5735 esset;
2361 5685 2424 5726 ac
2456 5672 2658 5728 Christi
2687 5687 2876 5727 amans
2910 5688 3048 5727 uxor
3072 5673 3189 5741 ejus
3215 5674 3501 5731 Theodora

1924 5777 2046 5816 cum
2101 5761 2210 5816 tilio
2245 5760 2505 5818 Michaele
2541 5765 2826 5818 admodum
2858 5763 3078 5832 juvene,
3131 5765 3360 5822 Romani
3399 5768 3504 5823 im-

1927 5855 2060 5925 perii
2094 5869 2273 5909 arcem
2307 5857 2672 5925 suscepisset;
2710 5871 3042 5925 magnusque
3073 5857 3374 5915 Methodius
3401 5861 3503 5916 Ec-
