4024 6440
543 441 675 512 1ἳ67

1575 459 1638 522 S.
1681 457 2062 520 METHODII
2104 457 2618 520 ΡΑΤΗΙΛΗΕΗΕ
2659 455 2773 522 ορ.

3659 466 3767 537 1268

538 563 721 618 elesiae
777 564 1143 634 gubernacula
1203 566 1451 638 pontifex
1502 566 1813 635 obtineret;
1865 569 2125 624 divinitus
2155 570 2199 626 A
2234 570 2416 624 lustris
2443 585 2664 639 quoque
2707 584 2771 623 ac
2818 568 3017 623 lautitia:
3053 569 3207 639 plena
3257 571 3538 628 translatio
3577 578 3768 648 contigit

536 653 734 711 afliatis
765 655 1019 714 Patribus
1044 663 1094 714 in
1125 674 1293 714 unum
1316 661 1662 726 coeuntibus,
1695 663 1906 715 initium
1938 663 2126 716 habuit

534 744 884 803 Orthodoxiae
915 750 1228 817 celebritas,
1264 768 1385 808 cum
1421 753 1572 808 orbis
1595 751 1707 819 jam
1745 753 1877 808 lines
1917 755 2125 808 sereni-

535 849 620 895 tas
653 841 921 908 haberet,
962 845 1278 915 Christique
1322 847 1704 912 confessores,
1763 847 1908 902 velut
1955 848 2124 903 stellae

531 933 803 1002 quaedam,
828 937 1139 990 universum
1161 937 1417 993 Ecclesiae
1436 939 1836 992 firmamentum
1865 939 2126 994 illustrius

531 1037 813 1081 ornarent.
846 1027 998 1083 Tunc
1025 1029 1183 1098 plaue
1212 1030 1374 1084 etiam
1402 1031 1712 1086 communis
1744 1032 1904 1086 Pater
1936 1042 2126 1086 noster

531 1132 597 1173 ac
622 1119 824 1174 Christi
855 1119 1095 1178 lautulus
1125 1121 1486 1192 Naucratius,
1532 1125 1600 1177 ab
1635 1125 1826 1178 exsilio
1867 1124 2085 1180 rediens
2106 1164 2120 1188 ,

527 1213 677 1267 venit
703 1213 1046 1285 Byzantium,
1082 1233 1286 1287 proque
1309 1220 1673 1272 certaminum
1707 1221 1923 1286 merito,
1952 1221 2124 1275 multo

529 1320 652 1360 cum
685 1307 893 1363 honore
925 1310 993 1362 ab
1025 1311 1372 1381 impcratrice
1407 1313 1629 1382 ipsoque
1661 1313 1968 1380 patriarcha
2005 1329 2123 1368 sus-

529 1408 719 1466 ceptus
747 1399 829 1453 vir
860 1401 1116 1472 inclytus,
1148 1418 1334 1457 eorum
1371 1413 1558 1473 rogatu
1586 1414 1756 1458 sacrae
1778 1404 2005 1458 fratrum
2035 1419 2124 1460 so-

530 1493 794 1559 dalitatis,
825 1495 879 1549 in
926 1512 1091 1550 unum
1128 1507 1254 1551 tunc
1277 1507 1638 1566 congregatae,
1674 1499 1725 1551 in
1764 1498 2124 1552 venerabilis-

532 1571 673 1637 si'mo
729 1581 906 1638 Studii
962 1586 1295 1640 ittonasterio
1367 1587 1744 1655 praefecturam
1806 1587 2046 1656 suscepit
2106 1605 2118 1641 :

532 1689 697 1740 quam
732 1675 948 1744 quidem
983 1690 1212 1746 magnus
1248 1675 1566 1732 Theodorus
1613 1677 1796 1732 multis
1836 1692 2007 1747 nuper
2040 1676 2122 1730 la-

533 1765 757 1821 boribus
813 1768 1094 1823 enutrieus
1153 1769 1570 1839 adaugeusque,
1626 1772 1693 1824 ad
1755 1769 2120 1824 millenarium

535 1875 821 1914 numerum
856 1872 1178 1929 provexerat
1217 1876 1232 1915 :
1264 1871 1490 1932 eratque
1535 1879 1725 1918 rursus
1755 1877 1895 1918 novo
1935 1863 2121 1930 vigore

2229 660 2570 716 Confessoris
2599 677 2663 715 ac
2691 661 2862 714 sancti
2896 658 3073 714 Patris
3103 663 3271 717 nostri
3305 662 3590 730 Theodori,
3620 675 3672 716 at.
3702 669 3768 723 in.

2228 755 2344 808 sula
2380 753 2627 822 Principe
2663 753 2728 806 ad
2764 763 3008 807 nostrum
3043 755 3144 808 hoc
3181 759 3583 820 monasterium,
3616 762 3772 828 provi-

2229 847 2389 901 dente
2443 846 2684 914 piissima
2720 844 2962 915 Augusta
3003 861 3068 900 ac
3117 863 3315 918 magno
3363 849 3638 917 pontifice,
3670 862 3775 907 ante

2231 939 2468 992 iudicato
2540 937 2816 991 Methodio
2851 977 2865 1000 ,
2929 939 3298 1008 universeque
3354 948 3500 992 coetu
3556 939 3777 998 Ecclesiae

2226 1033 2607 1086 concurrentis
2654 1048 2668 1085 :
2703 1030 2914 1100 fuitque
2941 1031 3176 1098 gloriose
3207 1033 3486 1099 depositus
3508 1073 3521 1095 ,
3553 1033 3779 1090 vicesimo

2226 1134 2380 1180 sexto
2413 1121 2676 1188 Januarii,
2703 1122 2856 1192 juxta
2885 1122 3147 1192 inclytum
3183 1129 3344 1192 atque
3377 1121 3624 1177 divinitus
3651 1111 3784 1178 allia;

2229 1227 2340 1271 tum
2388 1215 2505 1285 ejus
2541 1215 2868 1267 avunculum
2932 1211 3236 1276 Platonem,
3269 1223 3321 1270 et
3363 1216 3646 1269 tumulatus
3679 1231 3786 1269 san-

2225 1317 2348 1363 ctus
2384 1322 2490 1360 una
2524 1321 2646 1361 cum
2684 1307 2857 1360 fratre
2888 1321 2952 1360 ac
2979 1306 3232 1374 episeopo
3267 1303 3464 1374 Joseph
3493 1348 3506 1372 ,
3547 1323 3574 1360 a
3605 1309 3786 1364 dextris

2228 1402 2293 1454 ad
2324 1399 2644 1453 orientalem
2677 1386 2884 1467 partem
2913 1399 3086 1452 sancti
3121 1398 3482 1454 Praecursoris
3515 1416 3527 1452 :
3566 1418 3583 1450 ι
3623 1400 3684 1453 ad
3715 1415 3789 1454 eu-

2220 1491 2310 1561 jus
2361 1491 2570 1545 scilicet
2603 1489 2866 1544 honorem
2923 1490 3128 1544 dictum
3179 1489 3355 1544 Studii
3417 1493 3783 1546 monasterium

2226 1583 2501 1637 conditum
2551 1590 2656 1639 est.
2711 1581 2834 1635 Fuit
2887 1592 3067 1642 autem
3113 1579 3311 1649 Joseph
3377 1582 3467 1636 ille
3525 1583 3788 1652 cpiscopus

2227 1673 2747 1739 Thessalonicensis,
2779 1683 2833 1726 et
2863 1672 3062 1727 colitur
3084 1689 3112 1727 a
3140 1673 3348 1728 Graecis
3390 1674 3454 1726 14
3481 1682 3534 1726 et
3566 1675 3628 1728 15
3652 1673 3784 1728 Julii.

2297 1771 2384 1824 15.
2422 1767 2526 1823 Sed
2562 1768 2730 1822 multo
2769 1767 2957 1836 majori
2988 1783 3109 1821 cum
3146 1783 3274 1820 cura
3312 1766 3487 1822 sancti
3530 1765 3785 1832 Methudii,

2229 1863 2367 1916 facta
2402 1873 2485 1918 est
2522 1878 2665 1917 anno
2699 1861 2808 1916 846'
2837 1861 3145 1915 Translatio
3177 1860 3352 1914 sancti
3401 1858 3683 1928 Nieephori
3717 1874 3792 1927 pa-

535 1960 782 2020 vegetum
814 1952 1016 2007 Christi
1045 1953 1174 2007 illud
1217 1953 1389 2020 ovile,
1415 1955 1582 2010 veluti
1624 1955 1838 2010 cuidam
1867 1955 2121 2024 paradiso
2153 1928 2195 1983 Β
2227 1955 2478 2009 triarchac
2503 1996 2516 2017 ,
2555 1971 2582 2008 a
2617 1954 2783 2010 citato
2819 1969 2983 2022 supra
3018 1952 3663 2021 Theophane‘sacerdote
3708 1953 3794 2004 de-

535 2044 733 2110 simile,
767 2046 962 2101 multas
997 2047 1253 2102 virtutum
1290 2064 1440 2102 rosas
1463 2064 1528 2103 ac
1551 2049 1774 2119 spiritus
1802 2047 2122 2103 suaveolen-

537 2136 666 2188 tiam
717 2147 1002 2204 aspectare
1059 2139 1363 2194 volentibus
1403 2149 1691 2208 praestans.
1738 2157 1756 2190 ι
1813 2138 1888 2190 De
1930 2145 2120 2190 sancto

533 2221 826 2284 Naucratio
885 2231 1095 2301 egimus
1145 2231 1178 2286 8
1214 2230 1362 2286 Junii
1409 2249 1423 2285 :
1465 2230 1534 2286 de
1585 2241 1776 2286 sancto
1833 2228 2123 2285 Theodoro

534 2320 804 2390 agendum
839 2323 943 2377 erit
973 2323 1038 2377 12
1068 2322 1410 2378 Novembris.

609 2413 700 2468 11.
724 2414 789 2468 At
813 2430 932 2484 quae
961 2430 992 2470 a
1029 2434 1048 2467 ε
1088 2414 1338 2472 Patribus
1367 2415 1626 2472 divinitus
1652 2417 1847 2472 amatis
1875 2417 1926 2472 in
1957 2432 2122 2471 unum

535 2507 862 2563 coeuntibus
892 2527 910 2560 ι
947 2517 1148 2563 statuta
1175 2524 1338 2578 supra
1373 2509 1694 2577 innuuntur,
1722 2510 1924 2580 optime
1954 2510 2126 2580 expli-

534 2609 733 2656 cantur
761 2601 813 2654 iu
832 2599 1093 2656 Oratione
1122 2600 1476 2672 The0phauis
1503 2604 1802 2674 presbyteri
1835 2612 1889 2658 et
1913 2619 2124 2673 praepo-

536 2693 651 2756 siti,
675 2693 743 2747 de
769 2693 961 2748 exsilio
990 2693 1163 2749 sancti
1190 2693 1482 2764 Nicephori
1511 2694 1839 2764 patriarchae
1865 2703 1915 2750 et
1947 2704 2126 2748 trans-

535 2786 742 2840 latione
778 2787 1133 2858 reliquiarum
1162 2790 1302 2859 ejus,
1331 2806 1361 2845 a
1393 2789 1550 2845 nobis
1576 2789 1860 2846 illustratis
1890 2790 1952 2844 ad
1980 2791 2122 2845 diem

538 2877 610 2932 15
652 2877 852 2944 Martii,
879 2881 967 2937 ubi
1002 2881 1327 2938 describitur
1355 2881 1663 2938 sollicitudo
1701 2891 1905 2937 sancta
1937 2881 2123 2936 Theo-

537 2973 684 3027 dorae
713 2972 1096 3041 imperatricis,
1127 2990 1226 3045 pro
1251 2976 1540 3030 concordia
1568 2983 1622 3031 et
1651 2975 1772 3030 fidei
1805 2975 2127 3030 sinceritate

533 3077 738 3121 coetum
773 3064 1218 3122 Ecclesiasticum
1251 3068 1524 3137 cogentis;
1549 3081 1579 3120 a
1607 3083 1713 3137 quo
1741 3081 1861 3122 cum
1885 3065 2126 3121 Joannes

536 3157 1002 3224 lconomachusm
1051 3159 1179 3215 sede
1225 3159 1582 3230 patriarchali
1635 3169 1786 3214 esset
1823 3158 2130 3228 depositus,

2226 2046 2430 2113 scripta
2460 2045 2543 2100 his
2575 2046 2771 2101 verbis.
2803 2065 2820 2097 ‹
2856 2046 3227 2111 Quadriennio
3259 2055 3379 2112 post
3406 2043 3789 2098 saeratissimus

2225 2137 2550 2204 Methodius,
2577 2139 2758 2194 divino
2780 2139 2936 2208 plane
2967 2138 3158 2207 spiritu
3193 2138 3482 2207 impulsus,
3508 2145 3791 2204 opportune

2227 2235 2608 2305 sapienterque
2671 2233 2910 2287 divinam
2974 2231 3378 2300 imperatricem
3463 2228 3787 2282 Theodoram

2227 2328 2539 2394 admonuit,
2580 2340 2689 2380 non
2741 2341 2863 2381 esse
2904 2341 2972 2380 ex
3009 2324 3223 2395 imperii
3277 2335 3332 2379 et
3364 2322 3692 2393 Reipublicae
3727 2320 3789 2373 di-

2227 2427 2433 2496 gnitate
2480 2423 2624 2494 quod
2677 2423 3019 2478 venerandus
3063 2430 3118 2476 et
3164 2421 3306 2476 inter
3361 2419 3700 2490 patriarchas
3743 2417 3797 2469 il-

2228 2522 2412 2577 lustris
2462 2518 2841 2588 Nicephorus,
2889 2517 2983 2588 qui
3030 2531 3130 2587 pro
3176 2516 3430 2585 gloriosae
3486 2514 3800 2580 sinceraetu

2230 2615 2354 2670 fidei
2377 2613 2693 2669 defensione
2722 2627 2751 2665 a
2777 2610 2903 2665 sede
2925 2609 3204 2679 depulsus,
3240 2608 3290 2662 in
3327 2606 3646 2676 longissimo
3675 2603 3804 2656 exsi-

2228 2705 2300 2759 lio
2348 2701 2637 2758 defunctus
2669 2709 2806 2766 erat,
2844 2699 3256 2770 negligeretur:
3303 2699 3399 2752 sed
3449 2695 3598 2750 omni
3642 2692 3801 2749 studio

2228 2801 2527 2858 curandum
2551 2812 2692 2864 esse,
2725 2806 2782 2851 ut
2814 2796 3053 2850 divinum
3084 2807 3292 2862 corpus
3323 2792 3500 2860 ipsius
3539 2792 3592 2844 in
3629 2787 3804 2843 civita-

2230 2906 2337 2948 tem
2391 2899 2780 2962 reportaretur.
2831 2886 3085 2958 Alioquin
3137 2885 3333 2955 ingrati
3393 2884 3564 2938 animi
3596 2883 3805 2942 vitium,

2231 2984 2424 3054 inquit,
2456 2999 2560 3037 non
2586 2981 2938 3043 evitabimus,
2964 2979 3008 3034 si
3036 2987 3157 3048 post
3182 2987 3412 3032 mortem
3437 2977 3609 3030 etiam
3640 2975 3801 3043 ipsum

2231 3079 2282 3133 in
2319 3077 2546 3140 exsilio,
2587 3084 2840 3144 tauquam
2867 3073 2992 3144 jure
3021 3072 3364 3136 damnatum,
3402 3067 3809 3137 reliquerimus;

2230 3170 2530 3242 praesertim
2563 3184 2688 3224 cum
2741 3183 2848 3222 non
2879 3167 3192 3238 ignoremus
3240 3178 3358 3227 eos,
3392 3162 3490 3232 qui
3527 3175 3595 3216 ex
3630 3170 3809 3228 genere

541 3269 562 3301 ‘
596 3250 922 3320 Μοίίιοάίυεν
965 3253 1047 3308 νίν
1078 3261 1134 3309 ει
1159 3254 1265 3308 vita
1294 3262 1348 3307 ει
1388 3253 1633 3308 docui”
1657 3253 1815 3308 “me
1845 3252 2128 3324 PrObamso
2156 3276 2198 3335 (ζ
2234 3277 2391 3322 erant
2431 3263 2631 3334 Joseph
2659 3303 2673 3328 ,
2713 3261 2766 3316 iu
2812 3258 3213 3316 benedictionis
3260 3264 3418 3328 parte
3458 3255 3730 3327 posuisse,
3760 3257 3810 3303 ut

536 3353 594 3398 et
624 3344 714 3413 qui
749 3360 848 3414 pro
881 3345 1112 3402 veritate
1138 3355 1192 3401 et
1224 3345 1484 3417 religione
1511 3360 1608 3415 per
1632 3345 1799 3399 multa
1829 3345 2130 3398 certamina

535 3443 594 3489 et
625 3436 844 3506 longum
883 3437 1133 3492 exsilium
1161 3437 1490 3506 pertulerat,
1519 3446 1678 3507 atque
1722 3437 1845 3490 inde
1878 3435 2046 3504 plagis
2075 3444 2130 3489 et

537 3543 764 3585 carcere
785 3530 872 3584 diu
903 3529 1182 3584 cruciatus
1208 3531 1463 3594 redierat,
1499 3530 1751 3584 omnibus
1780 3529 1831 3582 in
1863 3527 2132 3598 dignitate.

537 3618 849 3674 constitutis
887 3620 1336 3690 approbantibus,
1371 3620 1577 3676 electus
1618 3627 1738 3684 est,
1778 3619 1868 3689 qui
1916 3634 2128 3674 sacram

534 3711 740 3781 reginae
763 3713 975 3767 urbiqu
1001 3713 1186 3769 sedem
1212 3715 1505 3769 obtineret.
1536 3712 1691 3768 Tunc
1716 3712 1908 3768 Nicaeae
1932 3712 2129 3767 divini-

539 3814 629 3859 tus
660 3804 887 3860 edoctus
907 3816 1157 3861 sanctum
1188 3807 1586 3863 meumenicum
1612 3805 1900 3861 concilium
1927 3820 2127 3860 secun-

535 3895 690 3966 dum,
714 3898 859 3967 quod
882 3899 1050 3953 lren'ae
1078 3899 1441 3969 imperatricis
1461 3940 1478 3966 ,
1514 3900 1582 3954 ab
1613 3900 1729 3968 ipsa
1770 3908 2130 3968 pace‘verum

537 4005 738 4045 nomen
780 3991 1034 4047 habentis
1055 4032 1070 4056 ,
1100 4003 1154 4048 et
1201 3991 1413 4047 Tarasii
1447 3993 1672 4046 maximi
1704 3991 2129 4060 beatissimique

536 4085 863 4155 patriarchae
911 4087 1094 4141 studio
1143 4085 1480 4141 celebratum
1521 4094 1638 4149 est,
1673 4085 1868 4140 merito
1915 4086 2127 4139 firmam

536 4177 774 4234 obtinuit
824 4179 1203 4235 auctoritatem
1239 4193 1302 4233 ac
1346 4180 1548 4244 robur;
1583 4192 1703 4232 cum
1747 4191 1971 4244 omnes,
2011 4192 2131 4246 quae

537 4271 651 4328 Deo
678 4273 958 4341 aspiraute
1003 4275 1055 4328 in
1098 4274 1218 4345 ipso
1249 4275 1465 4329 decreta
1512 4273 1748 4337 fuerant,
1799 4272 2129 4342 comproba-

537 4373 678 4420 rent.
714 4365 867 4420 Tunc
900 4381 1090 4421 omnes
1123 4365 1380 4422 Ecclesiae
1421 4381 1578 4420 suum
1607 4365 1808 4436 ubique
1843 4364 2011 4419 decus
2045 4379 2131 4420 re-

535 4466 820 4527 ceperunt,
856 4470 911 4513 et
946 4458 1332 4516 venerabilium
1362 4455 1656 4530 imaginum
1687 4457 1978 4528 Splendore
2013 4455 2128 4511 fue-

529 4561 667 4605 runt
706 4550 994 4606 illustratae
1028 4569 1042 4605 :
1071 4550 1373 4622 ejectisque
1404 4551 1513 4607 illis
1553 4552 1642 4621 qui
1679 4552 1886 4606 nefarie
1923 4566 2017 4605 eas
2042 4549 2129 4604 iu-

2233 3356 2404 3427 patris
2433 3371 2561 3410 ossa
2589 3363 2710 3424 post.
2738 3351 3101 3423 quadraginta
3140 3349 3253 3404 fere
3276 3363 3455 3402 annos
3491 3363 3558 3402 ex
3593 3345 3811 3414 Egypto

2235 3452 2286 3504 in
2308 3449 2724 3505 Chananitidom
2746 3456 3127 3514 exportareut.
3151 3443 3306 3511 Quod
3331 3458 3459 3496 cum
3493 3442 3567 3495 ita
3593 3441 3687 3504 sit,
3707 3451 3810 3498 nos,

2233 3545 2322 3615 qui
2356 3559 2547 3598 smnus
2569 3542 2789 3612 pietatis
2817 3539 2933 3602 filii.
2964 3539 3168 3594 diutius
3199 3536 3402 3606 privari
3439 3535 3714 3606 patiemur
3732 3530 3810 3583 Pa-

2236 3635 2334 3690 tris
2359 3634 2505 3688 illius
2533 3631 2844 3701 praesentia,
2875 3644 2903 3682 a
2938 3644 3047 3698 quo
3087 3627 3287 3681 divinis
3315 3623 3674 3680 documentis
3695 3634 3808 3674 euu-

2235 3725 2347 3779 triti
2383 3722 2611 3779 sumus?
2652 3720 2778 3776 Haec
2829 3719 3080 3789 quidem,
3120 3717 3368 3772 omnium
3409 3731 3565 3786 quas
3594 3715 3811 3767 intuetur

2232 3815 2312 3872 sol
2337 3815 2550 3870 urbium
2594 3810 3040 3883 praestantissima
3067 3847 3082 3871 ,
3115 3815 3171 3860 et
3214 3806 3359 3874 regia
3407 3805 3616 3859 civitas
3640 3843 3656 3868 ,
3691 3798 3809 3854 Sacri

2232 3909 2385 3964 ducis
2412 3917 2575 3977 atque
2599 3904 2838 3975 pastoris
2867 3902 2947 3956 sui
2972 3899 3236 3969 reliquias
3269 3906 3501 3952 sanctas
3533 3892 3807 3952 desiderat,

2233 4013 2368 4069 quas
2398 3997 2486 4067 pie
2519 4003 2805 4050 conservet
2837 4003 2892 4046 et
2936 3991 3104 4047 colat.
3148 3988 3348 4060 Sponsi
3399 3987 3494 4042 sui
3543 3982 3809 4056 praesentia

2234 4091 2448 4146 fruatur
2471 4103 2688 4143 rursum
2713 4085 2952 4141 Ecclesia
2977 4083 3151 4151 ipsius
3177 4079 3574 4136 amantissima
3610 4097 3623 4132 :
3650 4085 3700 4130 et
3725 4087 3812 4143 quo

2231 4183 2356 4238 vivo
2405 4179 2768 4250 injustissima
2811 4173 3166 4246 Imperatoris
3213 4187 3376 4226 manu
3432 4169 3676 4241 spoliata
3707 4165 3808 4226 fuit,

2234 4276 2431 4332 mortui
2461 4287 2682 4341 corpus,
2723 4278 2998 4324 annuente
3029 4265 3272 4321 studiosa
3303 4261 3568 4318 Pastoris
3599 4259 3812 4328 [rupera-

2236 4369 2391 4430 trice,
2427 4363 2845 4433 complectatur.
2872 4359 3091 4424 Cernis,
3119 4355 3594 4428 quemadmodum
3621 4354 3704 4407 hic
3731 4362 3811 4419 po-

2233 4459 2412 4530 pulus,
2461 4456 2554 4524 qui
2598 4470 2698 4524 per
2739 4464 2791 4508 te
2837 4467 3064 4507 securus
3112 4451 3166 4505 in
3213 4465 3342 4504 vera
3377 4447 3661 4517 religione
3705 4456 3812 4496 con-

2234 4550 2488 4623 quiescit,
2526 4546 2831 4603 incredibili
2861 4543 3044 4600 studio
3074 4543 3238 4598 etiam
3271 4553 3396 4611 p05t
3439 4550 3707 4602 mortem,
3741 4547 3811 4583 v0-

536 4643 915 4707 sectabantur,
959 4644 1276 4699 sacerdotes
1306 4644 1360 4697 in
1408 4643 1488 4699 eis
1518 4657 1581 4698 ac
1615 4635 1816 4706 duces,
1861 4643 1993 4696 recti
2029 4643 2126 4697 do-
2158 4641 2204 4701 Ι)
2235 4661 2352 4702 cem
2380 4642 2496 4712 eius
2520 4642 2573 4698 in
2606 4641 2798 4711 spiritu
2834 4637 3025 4710 audire
3050 4634 3438 4705 concupiscit?
3479 4633 3646 4700 Quod
3677 4630 3721 4684 si
3751 4639 3812 4678 ta-

536 4737 739 4804 gmatis
761 4737 1012 4802 studiosi,
1045 4746 1172 4792 sunt
1199 4737 1502 4792 constituti.
1553 4754 1573 4788 ι
1618 4734 1674 4788 1η
1710 4734 1834 4789 Vita
1885 4732 2123 4798 Tarasii,

535 4831 610 4886 25
639 4830 922 4887 Februarii
951 4831 1242 4897 illustrata,
1267 4831 1335 4886 de
1365 4831 1510 4885 dicto
1540 4827 1784 4883 Concilio
1812 4827 1977 4880 latius
2006 4829 2124 4898 agi-

538 4937 647 4989 tur,
667 4933 722 4980 et
745 4925 1006 4979 memoria
1031 4935 1234 4980 sanctae
1250 4923 1424 4979 lrenae
1449 4919 1822 4991 imperatricis
1853 4920 2122 4975 recolitur

537 5019 609 5075 i5
634 5017 865 5090 Augusti
897 5036 910 5073 :
951 5018 1174 5074 haeresis
1206 5031 1338 5072 vero
1359 5013 1844 5077 lconoclastarum,
1879 5027 2000 5080 quae
2029 5012 2131 5067 sub

535 5111 926 5168 Leonelsauro
955 5119 1143 5166 exorta
1162 5151 1178 5178 ,
1207 5109 1306 5165 sub
1332 5108 1516 5163 Leone
1537 5108 1779 5162 Armeno
1806 5105 2129 5159 resuscitata

537 5205 742 5269 fuerat,
776 5210 900 5274 post
927 5219 1100 5274 annos
1132 5213 1350 5258 centqu
1375 5210 1430 5255 et
1462 5199 1652 5269 viginti
1686 5199 1841 5266 plane
1874 5197 2128 5264 dissipata

542 5297 758 5352 tandem
793 5307 900 5360 est,
953 5305 1115 5359 atque
1156 5294 1464 5348 institutum
1509 5293 1705 5346 festum
1741 5288 2090 5345 Orthodoxiae
2113 5327 2128 5352 ,

539 5406 649 5461 quo
683 5405 962 5446 sacrarum
1000 5386 1297 5457 imaginum
1340 5383 1612 5440 restitutio
1655 5381 1950 5452 quotannis
1983 5379 2127 5434 cele-

539 5485 732 5540 bratur
758 5481 1042 5537 Dominiea
1059 5481 1235 5549 prima
1260 5475 1723 5546 Quadragesimae,
1749 5473 1910 5528 ducta
1943 5472 2131 5541 praelu-

541 5574 796 5632 centibus
849 5573 1060 5628 facibus
1091 5569 1442 5639 processione
1494 5569 1562 5623 ab
1607 5567 1850 5622 Ecclesia
1888 5565 2130 5635 Deiparae

539 5667 931 5724 Blacheruensi
989 5664 1058 5718 ad
1117 5661 1557 5734 augustissimum
1637 5659 1853 5715 Sanctae
1914 5656 2131 5729 Sophim

543 5761 801 5829 templum
813 5800 828 5814 .

618 5852 708 5906 12.
746 5852 848 5905 Per
878 5853 930 5905 id
961 5861 1171 5921 tempus
1210 5853 1487 5925 religionis
1517 5857 1782 5911 restitutae
1804 5896 1817 5917 ,
1845 5861 1900 5907 ut
1935 5850 2132 5919 legitur

551 5947 598 5991 in
636 5946 800 5998 citata
841 5946 1014 6004 sancti
1046 5945 1253 6004 Nicolai
1293 5947 1520 6006 Studitac
1549 5948 1671 6006 Vita
1702 5965 1851 6005 num.
1887 5944 1976 6012 37,
2021 5963 2038 5994 ι
2070 5941 2132 5998 il-

2233 4736 2586 4795 bernaculum
2627 4734 2742 4804 ejus
2775 4741 2983 4787 tantum
3012 4730 3078 4786 ad
3115 4744 3173 4785 se
3225 4728 3463 4783 relatum
3513 4721 3809 4796 aspexerit.

2230 4844 2291 4887 se
2316 4829 2464 4884 illum
2503 4830 2680 4898 ipsum
2729 4826 3004 4896 recepisse
3033 4824 3334 4892 Spirantem
3376 4820 3750 4878 existimabit,
3773 4820 3815 4865 et

2231 4931 2492 4993 tanquam
2525 4921 2841 4976 thesaurum
2873 4919 3112 4986 aliquem
3138 4915 3624 4986 pretiOsissimum
3650 4922 3813 4966 recon-

2231 5015 2323 5071 det
2353 5023 2408 5070 et
2437 5012 2776 5070 observabit.
2825 5011 2920 5067 llis
2943 5011 3196 5081 precibus
3217 5051 3232 5076 ,
3269 5017 3324 5063 et
3347 5005 3818 5064 cohortationibus

2231 5107 2519 5162 celerrime
2538 5119 2602 5159 ac
2624 5104 2985 5160 libentissime
3010 5101 3148 5172 iucly
3161 5112 3211 5156 ta
3238 5101 3440 5156 annuit
3464 5095 3778 5169 imperatrix
3804 5107 3815 5144 :

2232 5199 2584 5268 Perspicuum
2621 5204 2706 5251 est
2745 5197 2888 5251 enim
2909 5237 2923 5261 ,
2954 5196 3154 5265 inquit,
3185 5195 3290 5248 hoc
3321 5195 3470 5263 apud
3513 5205 3710 5248 omnes
3740 5202 3813 5257 po-

2231 5301 2429 5356 steros,
2453 5300 2508 5345 et
2530 5289 2663 5344 mihi
2693 5297 2747 5344 et
2779 5288 2964 5342 liberis
2995 5287 3139 5360 meis
3157 5286 3347 5340 honori
3383 5283 3669 5339 futurum.
3709 5300 3726 5333 ι

2301 5385 2395 5448 14.
2428 5383 2583 5439 Tunc
2615 5397 2772 5438 sacer
2810 5381 3049 5436 civitatis
3083 5379 3314 5434 antistes
3335 5419 3350 5444 ,
3375 5394 3512 5432 cum
3548 5371 3821 5434 sacerdoti-

2232 5477 2333 5533 bus
2356 5487 2411 5533 et
2439 5475 2719 5530 monachis
2738 5474 3099 5541 universoque
3115 5470 3332 5541 populo,
3362 5469 3434 5523 ad
3465 5470 3650 5524 saneti
3677 5466 3820 5519 Theo-

2232 5572 2349 5627 dori
2399 5571 2657 5638 templum
2713 5567 2928 5624 accedit
2960 5582 2974 5619 :
3011 5565 3066 5620 in
3101 5580 3209 5634 quo
3255 5563 3432 5633 gratia
3476 5567 3657 5632 plenae
3694 5557 3821 5613 Reli-

2232 5665 2374 5734 quiae
2398 5663 2654 5733 jaeebaut
2676 5702 2690 5729 ,
2721 5675 2922 5730 easque
2951 5675 3077 5714 cum
3110 5659 3465 5714 veneratione
3501 5668 3559 5713 et
3589 5652 3823 5725 Iacrymis

2231 5757 2636 5828 complectens,
2670 5764 2917 5808 sanctum
2954 5763 3214 5822 tanquam
3253 5751 3539 5804 viventem
3590 5751 3671 5804 sic
3707 5745 3824 5800 alio.

2232 5858 2392 5903 cutus
2421 5856 2504 5901 est
2545 5864 2556 5898 :
2591 5845 2634 5899 0
2663 5845 2743 5899 vir
2784 5843 3122 5907 beatissime,
3161 5843 3251 5912 qui
3290 5840 3513 5896 eisdem
3553 5839 3822 5895 laboribus

2235 5950 2288 5998 et
2314 5940 2595 6009 aerumnis,
2629 5939 2826 6010 quibus
2857 5947 3078 5994 sanctus
3103 5935 3341 5992 Joannes
3371 5931 3803 6007 Chrysostomus
