4024 6430
305 387 438 453 ιεῡίι

1831 399 2024 465 νΙΤΛ.

3449 401 3593 466 12ῖο

300 503 526 561 affectus
556 519 633 569 es,
665 507 804 562 sicut
835 508 1023 562 eodem
1067 509 1341 580 religionis
1377 509 1559 564 studio
1591 517 1644 564 et
1671 509 1884 564 dicendi
1917 521 1962 571 Λ
1995 511 2116 567 ldus
2163 511 2378 578 Martii,
2438 527 2545 582 quo
2604 513 2820 583 quidem
2863 515 2948 569 die
2991 514 3041 568 in
3101 516 3356 571 exsilium
3419 519 3584 572 ctiam

301 601 552 656 libertate
577 601 906 670 praestabas;
936 603 1136 672 quique
1155 602 1363 671 pariter
1386 612 1440 656 et
1463 603 1591 657 sede
1619 602 1888 672 privatus,

301 703 369 747 et'
389 691 645 748 multatus
687 695 880 750 exsilio
905 737 919 761 ,
950 705 1002 748 et
1029 695 1245 766 triginta
1281 696 1442 750 trium
1475 711 1742 748 annorum
1776 710 1892 762 spa-

304 788 441 841 tium
494 788 730 844 extorris
775 798 885 843 tum
933 790 1106 854 vivus,
1151 799 1266 842 tum
1306 797 1553 844 mortuus
1594 790 1888 858 transegit;

306 894 452 934 nunc
489 889 539 933 te
571 880 723 934 nobis
753 881 827 933 tui
857 881 1251 936 amantissimis
1285 883 1532 946 restitue,
1564 891 1726 952 atque
1766 883 1895 936 hinc

305 972 597 1028 discedens
641 974 705 1026 ad
740 975 958 1043 prepria
1010 975 1148 1038 redi,
1187 985 1244 1027 ut
1290 984 1342 1030 te
1390 991 1530 1029 nunc
1558 1015 1573 1039 ,
1612 989 1669 1028 ut
1720 975 1894 1044 ipsum

306 1063 437 1119 olim
459 1104 475 1130 ,
509 1063 737 1132 pepulus
769 1070 842 1119 ιιιί
876 1067 1310 1121 studiosissimus
1346 1083 1465 1122 cum
1497 1069 1695 1138 gaudio
1723 1069 1897 1121 susci-

310 1157 442 1227 piat.
478 1155 598 1210 Tibi
637 1172 665 1209 a
699 1158 810 1211 Deo
837 1158 1046 1212 alienus
1076 1159 1373 1228 imperator
1400 1161 1602 1214 viventi
1637 1161 1896 1216 adversa-

313 1258 400 1301 tus
435 1257 538 1313 est,
569 1258 621 1302 et
653 1249 1054 1306 inconsiderate
1083 1252 1148 1305 ab
1176 1251 1420 1306 Ecclesia
1448 1263 1499 1306 te
1527 1254 1770 1322 depulit;
1806 1256 1899 1310 sed

313 1341 506 1410 dignas
532 1341 716 1395 furore
742 1358 841 1398 suo
876 1358 1066 1413 poenas
1099 1345 1269 1411 dedit,
1301 1347 1727 1415 miserandaque
1752 1349 1898 1402 exitu

315 1433 545 1502 imperio
568 1434 727 1488 simul
755 1447 810 1491 et
843 1437 951 1490 vita
981 1439 1227 1507 privatus
1258 1447 1361 1502 est,
1404 1427 1755 1511 audaciaeque
1788 1458 1899 1497 sua:

314 1527 494 1580 debita
523 1529 742 1594 praemia
768 1529 908 1584 tulit.
943 1531 1114 1586 llodie
1146 1533 1526 1601 imperatores,
1550 1531 1898 1603 Deopmpter

320 1635 534 1672 tuorum
567 1620 824 1690 pietatem
857 1623 1184 1690 charissimi,
1212 1633 1425 1680 mortuo
1453 1625 1750 1680 Ecclesiam
1779 1625 1902 1679 red-

315 1711 482 1775 dunt;
507 1727 690 1780 quam,
717 1714 790 1767 uti
823 1713 916 1767 ﬁlii
951 1730 1046 1785 per
1071 1715 1424 1786 Evangelium
1451 1715 1653 1784 effecti,
1686 1732 1897 1772 mecum

316 1808 681 1874 constituunt,
713 1825 819 1863 non
852 1809 1143 1866 habentem
1173 1811 1438 1866 maculam
1476 1828 1654 1883 neque
1681 1828 1898 1882 rugam,

317 1898 534 1968 qualem
604 1900 712 1953 tuis
774 1911 1021 1956 ornatam
1077 1913 1131 1956 et
1187 1903 1566 1958 conﬁrmatam
1632 1903 1900 1958 institutis

318 1991 614 2059 reliquisti.
651 1992 850 2061 ASpice
881 2001 936 2046 et
959 1993 1081 2048 vide
1107 2005 1464 2064 congregatos
1494 1995 1657 2058 ﬁlios,
1700 1995 1789 2064 qui
1835 2011 1898 2050 ex

317 2084 629 2155 propinquo
665 2096 950 2152 venerunt,
993 2103 1116 2141 cum
1169 2088 1362 2158 reliqui
1410 2089 1598 2158 procul
1649 2099 1798 2142 tuum
1834 2087 1901 2142 ad

320 2192 387 2232 se
443 2177 677 2231 reditum
730 2188 1082 2250 exspectent;
1123 2194 1261 2250 quos
1307 2189 1394 2246 tu,
1436 2181 1579 2236 velut
1609 2182 1904 2251 orphanos,

319 2267 432 2322 noli
491 2276 580 2322 tua
634 2282 927 2325 maerentes
983 2272 1230 2325 absentia
1304 2273 1637 2341 relinquere.
1699 2271 1906 2327 llabeat

317 2361 515 2417 civitas
593 2369 706 2426 tua,
764 2363 882 2418 loco
945 2365 1188 2419 muneris
1270 2365 1691 2435 pretiosissimi,
1755 2377 1907 2419 tuum

317 2454 698 2508 beatissimum
757 2456 1177 2510 tabernaculum
1203 2496 1218 2521 ,
1263 2473 1368 2525 quo
1401 2458 1571 2528 magis
1608 2473 1772 2528 quam
1807 2457 1910 2511 im-

317 2548 457 2616 perii
499 2549 854 2617 amplitudine
883 2561 1098 2616 ornata,
1130 2550 1393 2620 glorietur
1426 2560 1480 2606 et
1509 2552 1764 2622 gaudeat.

397 2638 484 2692 15.
535 2639 662 2693 ll:ec
707 2655 838 2694 voce
899 2638 1061 2695 flebili
1143 2641 1452 2710 supplicans
1504 2641 1910 2696 sacratissimus

315 2731 635 2802 patriarcha
665 2731 990 2795 Methodius,
1027 2741 1353 2788 nocturnum
1391 2732 1749 2789 Psalmorum
1780 2749 1910 2788 can-

319 2835 438 2878 tum
483 2815 542 2878 et
600 2827 888 2895 mysticum
941 2825 1275 2880 sacriﬁcium
1327 2842 1454 2881 cum
1510 2827 1708 2896 populo
1763 2826 1906 2880 ﬁdeli

316 2915 634 2985 parili-iens,
691 2916 1011 2984 praeclarum
1062 2932 1092 2972 e
1151 2918 1358 2972 tumulo
1413 2933 1614 2987 corpus
1679 2919 1906 2980 retexit,

316 3007 471 3077 quod
505 3009 836 3078 undeviginti
867 3024 1138 3064 annorum
1164 3010 1341 3080 spatio
1383 3011 1655 3082 integrum
1689 3011 1912 3067 omnino

317 3115 634 3170 purumque
675 3111 988 3168 manserat;
1020 3104 1158 3157 etin
1199 3119 1326 3158 arca
1368 3105 1436 3159 ab
1473 3105 1589 3174 ipso
1641 3105 1914 3175 composi-

1993 607 2198 673 ejcrtus
2231 605 2428 672 fuerat,
2468 615 2525 659 ut
2561 615 2788 675 utraque
2822 622 2880 662 re
2908 608 2977 662 sit
3003 609 3392 664 memorabilis.

2069 697 2156 751 t7.
2206 695 2353 752 Inter
2391 697 2528 752 alios
2586 693 2826 766 ejusdem
2895 701 3152 770 temporis
3202 701 3438 756 athletas
3485 700 3590 758 fuit

1998 801 2218 846 sanctus
2268 789 2586 846 JOannicius
2625 793 2797 848 abbas
2836 792 2888 846 in
2920 791 3203 864 Bithynia,
3255 794 3408 862 cujus
3461 795 3586 850 illu-

1999 885 2130 939 stria
2185 895 2303 938 aeta
2351 895 2406 938 et
2473 886 2779 939 certamina
2833 886 3243 955 descripserunt
3297 887 3475 942 Sabas
3534 898 3591 944 et

2001 975 2189 1031 Pctrus
2226 977 2500 1041 monachi,
2524 992 2644 1045 qu;e
2675 977 2864 1034 Grteca
2902 980 3164 1034 habemus
3189 980 3404 1050 singula
3430 981 3589 1035 valde

2000 1066 2178 1134 longa,
2220 1067 2402 1121 Romzc
2442 1078 2494 1122 et
2529 1067 2756 1123 Parisiis
2815 1070 3105 1137 acquisita,
3169 1080 3222 1125 et
3254 1073 3320 1124 ad
3381 1073 3524 1126 diem
3557 1073 3591 1127 4

2001 1161 2326 1215 Novembris
2369 1161 2710 1216 clucidanda.
2755 1161 2869 1215 Alia
2908 1163 3036 1216 item
3091 1162 3375 1228 habemus,
3417 1163 3588 1218 Meta-

2003 1253 2237 1323 phrastze
2288 1253 2524 1315 trilmta,
2583 1269 2701 1322 quae
2735 1269 2764 1307 a
2801 1253 3067 1309 Gentiauo
3135 1255 3366 1310 llerveto
3401 1255 3592 1310 Latine

2003 1346 2215 1402 reddita
2264 1346 2434 1400 edidit
2483 1345 2816 1413 Lipomanus
2877 1357 3023 1400 tomo
3069 1345 3130 1412 V,
3181 1355 3238 1402 et
3298 1349 3490 1403 Surius
3524 1349 3590 1402 ad

2005 1435 2209 1491 dictum
2243 1437 2276 1490 4
2327 1435 2668 1502 Novembris,
2703 1437 2848 1491 unde
2887 1453 2953 1491 ex
3007 1453 3236 1493 numero
3288 1439 3346 1492 51
3417 1440 3594 1510 placet

2006 1526 2296 1595 decerpere
2345 1528 2648 1597 sequentia.
2706 1547 2726 1582 ι
2802 1527 3145 1597 Theophilus
3193 1545 3260 1585 ex
3325 1531 3426 1585 hac
3480 1532 3592 1586 vita

2007 1619 2260 1684 excedit;
2290 1618 2519 1674 Michael
2541 1634 2678 1675 vero
2702 1630 2756 1676 et
2791 1619 3080 1675 Thendora
3106 1621 3397 1691 imperium
3426 1625 3598 1678 susci-

2008 1712 2181 1781 piunt.
2214 1709 2520 1766 Methodius
2555 1721 2758 1776 autem,
2786 1713 2866 1767 vir
2897 1727 3084 1768 revera
3113 1725 3500 1771 sacrosanctus
3533 1725 3589 1769 et

2009 1804 2172 1858 homo
2204 1803 2318 1869 Dei,
2350 1804 2416 1858 in
2456 1806 2629 1860 sacris
2682 1805 2982 1860 collocatur
3038 1807 3281 1861 sedibus.
3340 1806 3448 1862 Sed
3508 1807 3596 1880 (ut

2007 1896 2174 1951 semel
2208 1898 2406 1968 dicam)
2453 1913 2575 1952 cum
2624 1899 2807 1954 omnia
2858 1900 2924 1955 ab
2955 1915 3022 1956 eo
3061 1899 3290 1956 fuissent
3347 1903 3596 1956 traducta

2007 1989 2073 2043 ad
2104 1988 2459 2044 orthodoxam
2496 1990 2681 2058 ﬁdem,
2725 1993 3044 2063 sepitusque
3093 2003 3240 2049 esset
3276 1992 3452 2048 omnis
3495 1993 3599 2047 ﬁu-

2009 2092 2148 2149 ctus,
2188 2099 2251 2139 ac
2289 2085 2477 2138 sedata
2515 2093 2827 2156 tempestas,
2860 2095 2915 2141 et
2955 2102 3043 2142 res
3071 2087 3308 2157 quietae;
3341 2087 3600 2157 quaedam

2009 2173 2112 2227 alia
2151 2175 2346 2229 seditio
2381 2176 2657 2230 excitatur
2685 2193 2712 2230 a
2745 2177 2870 2246 piis,
2903 2186 2957 2233 et
2989 2193 3075 2233 res
3108 2177 3594 2234 Ecclesiteiterum

2011 2273 2168 2319 erant
2191 2265 2400 2330 divisae,
2431 2277 2591 2337 atque
2614 2268 2848 2324 redacta:
2883 2270 2936 2323 in
2961 2271 3096 2326 duas
3123 2271 3432 2340 Opittiones.
3459 2270 3603 2325 Nam

2012 2355 2103 2410 alii
2151 2358 2371 2427 quidem
2417 2359 2676 2414 volebant
2727 2362 2964 2416 retinere
3024 2361 3078 2416 in
3121 2362 3428 2417 ministerio
3481 2379 3596 2428 eos,

2012 2450 2103 2520 qui
2137 2450 2457 2521 dignitatem
2497 2451 2792 2507 sacerdotii
2829 2465 3157 2523 acceperant
3203 2455 3270 2509 ab
3313 2453 3604 2511 lconoma-

2013 2543 2152 2604 ch’is,
2192 2551 2376 2612 utpote
2425 2545 2568 2614 quod
2605 2546 2708 2600 hoc
2766 2544 2900 2600 nihil
2948 2544 3133 2615 pietati
3179 2543 3457 2600 ofﬁceret:
3509 2547 3602 2599 alii

2014 2644 2190 2691 autem
2231 2635 2472 2706 profanis
2508 2650 2695 2692 sancta
2743 2637 2958 2692 tradere
3010 2637 3296 2704 nmnibus,
3341 2635 3614 2706 putabant

2013 2730 2234 2783 omnino
2266 2743 2386 2784 esse
2443 2729 2688 2797 impium,
2741 2738 2796 2784 et
2831 2729 3055 2783 minime
3092 2729 3203 2783 Deo
3254 2739 3472 2800 gratum
3505 2743 3604 2784 nec

2014 2823 2430 2878 admittendum.
2469 2822 2708 2878 Ferebat
2739 2824 2790 2878 id
2827 2839 2992 2894 aegre,
3021 2823 3111 2893 qui
3155 2824 3264 2878 Deo
3290 2839 3414 2879 vere
3447 2823 3599 2878 vire-

2014 2912 2105 2968 bat
2133 2913 2454 2980 Methodius,
2492 2914 2906 2984 angebaturque
2938 2924 2992 2968 et
3017 2914 3362 2970 lacerabatur
3395 2913 3602 2981 corde;

2015 3008 2398 3076 putabatenim
2431 3023 2682 3079 magnum
2709 3007 2934 3062 Paulum
2970 3022 3232 3063 resonare
3267 3007 3321 3061 in
3353 3006 3602 3070 auribus,

2018 3098 2132 3154 haec
2172 3100 2559 3170 propemodum
2590 3099 2901 3170 loquentem
2938 3120 2950 3155 :
2999 3097 3216 3154 Utinam
3251 3099 3352 3154 sim
3379 3114 3409 3152 a
3445 3098 3606 3154 Chrio

320 3203 550 3257 tum,.et
580 3195 924 3250 sacerdotum
968 3197 1217 3250 manibus
1250 3197 1546 3264 sublatum,
1577 3214 1703 3252 cum
1743 3198 1909 3252 lumi-
1940 3213 1983 3270 ρ
2017 3201 2101 3247 Sto
2130 3193 2416 3247 anathema
2447 3208 2544 3262 pro
2573 3191 2833 3248 fratribus
2864 3193 3000 3249 meis
3023 3192 3321 3248 secundum
3351 3205 3602 3253 carnem.

320 3285 496 3340 nibus
533 3294 587 3340 et
628 3286 896 3356 frequenti
938 3288 1276 3344 Psahnorum
1311 3301 1497 3362 cantu,
1538 3292 1590 3347 in
1625 3293 1803 3348 navim
1846 3294 1913 3348 ad

321 3378 437 3432 hoc
465 3389 710 3447 paratam
747 3380 952 3434 illatum
982 3391 1088 3436 est.
1124 3381 1230 3436 Sed
1271 3398 1393 3437 cum
1429 3384 1627 3438 fretum
1658 3385 1910 3454 trajecis-

323 3479 436 3533 set,
477 3480 531 3525 et
563 3473 628 3524 ad
666 3473 814 3528 urbis
858 3473 1010 3528 littus
1059 3475 1568 3545 appropinquasset,
1629 3475 1725 3530 Dei
1781 3493 1913 3532 cura

323 3560 561 3616 Michael
591 3562 885 3632 imperator
926 3565 1168 3634 juvenis,
1202 3575 1256 3620 et
1285 3567 1638 3636 amplissimis
1675 3569 1916 3637 dignita-

328 3655 479 3710 tibus
512 3665 834 3726 prmstantes
867 3657 988 3722 viri,
1024 3666 1079 3712 et
1118 3657 1354 3726 patricii,
1407 3667 1462 3713 et
1516 3660 1706 3729 reliqui
1739 3660 1913 3727 cives,

328 3745 442 3801 ιπειί
494 3746 745 3816 facesque
781 3748 1039 3802 manibus
1069 3755 1341 3814 tenentes,
1378 3749 1595 3802 obviam
1624 3764 1914 3820 processe-

329 3848 464 3894 runt
495 3857 508 3893 :
541 3848 595 3894 et
620 3855 802 3894 arcam
841 3839 986 3894 illam
1015 3841 1332 3910 pretiosam,
1369 3857 1491 3896 cum
1518 3843 1622 3896 ﬁde
1650 3858 1716 3899 ac
1755 3859 1917 3900 vene-

330 3931 568 3998 ratione,
593 3933 833 3986 humeris
863 3933 977 3988 suis
1001 3932 1316 3999 subeuntes,
1343 3934 1408 3987 ad
1454 3951 1704 4005 magnam
1743 3951 1917 4008 usque

326 4032 615 4092 gestarant
675 4025 1002 4092 ecclesiam,
1041 4041 1104 4080 ex
1152 4041 1290 4096 qua,
1331 4027 1605 4098 pontiﬁcia
1652 4027 1916 4100 dignitate

324 4114 617 4185 spoliatus,
651 4118 857 4186 ejectus
889 4116 1082 4172 fixerat.

405 4209 496 4264 16.
541 4209 666 4263 Inde
704 4225 943 4276 rursum,
975 4211 1210 4266 assiduis
1241 4213 1332 4268 diu
1371 4221 1644 4283 noctuque
1676 4213 1919 4268 Psalmo-

308 4315 455 4356 Jum
493 4299 810 4354 festivormn
861 4301 1114 4356 cantibus
1145 4301 1386 4357 vicissim
1428 4313 1662 4367 utentes,
1708 4313 1761 4356 et
1791 4319 1916 4358 cum

326 4392 478 4448 omni
516 4392 782 4447 luminum
826 4407 1023 4462 genere
1077 4410 1172 4464 per
1206 4395 1436 4448 ttiediam
1494 4397 1683 4450 urbem
1741 4397 1915 4464 ipsum

329 4493 628 4552 gestantes,
667 4485 720 4538 in
760 4485 1090 4540 Sanctorum
1134 4484 1517 4554 Apostolorum
1571 4487 1767 4556 templo
1802 4487 1916 4542 col-

2021 3284 2064 3339 si
2098 3286 2257 3339 modo
2286 3285 2548 3340 steteritis
2567 3285 2874 3352 nobiscum,
2901 3295 2956 3340 et
2983 3283 3348 3339 communiter
3379 3284 3603 3354 quidem

2023 3376 2349 3431 Trinitatem
2404 3377 2918 3448 gloriﬁcaverimus.
2947 3377 3015 3432 Et
3055 3377 3142 3430 ille
3188 3377 3404 3447 quidem
3436 3377 3516 3430 sic
3541 3390 3610 3430 se

2020 3469 2290 3537 habebat;
2335 3470 2426 3525 Dei
2463 3480 2644 3526 autem
2685 3471 2895 3526 amicus
2957 3469 3302 3533 Joanuicius,
3354 3468 3603 3524 incidens

2021 3564 2074 3618 in
2103 3580 2188 3620 res
2223 3565 2359 3620 adeo
2395 3565 2720 3622 turbatas...
2749 3563 3159 3634 archiepiscopi
3193 3562 3450 3619 Methodii
3493 3560 3640 3630 jam.-

2019 3655 2294 3712 labantem
2351 3657 2633 3713 recreabat
2698 3658 3012 3713 animum...
3067 3656 3359 3712 Scribebat
3423 3665 3608 3710 autem

2021 3749 2318 3820 Methodio,
2360 3759 2418 3804 ut
2468 3750 2591 3805 illos
2647 3751 2832 3820 potius
2881 3751 3108 3805 haberet
3162 3750 3308 3804 circa
3363 3749 3614 3804 divinum

2021 3843 2375 3909 sacriﬁcium,
2406 3857 2543 3913 quos
2574 3852 2758 3898 nosset
2783 3857 2907 3898 cum
2943 3858 3008 3898 eo
3038 3842 3246 3897 sentire
3275 3841 3326 3895 in
3355 3841 3607 3910 dogmate

2021 3934 2439 3991 Orthodoxite...
2483 3935 2622 3990 Cum
2663 3933 2748 3989 hic
2800 3935 3082 3990 venissent
3134 3934 3351 3997 litterae,
3387 3931 3614 3988 divinus

2021 4027 2240 4098 quidem
2306 4027 2611 4084 Methodius
2689 4027 2979 4082 memoriae.
3029 4025 3312 4080 mandavit
3371 4039 3433 4079 ea
3489 4041 3610 4094 qua:

2021 4121 2219 4190 scripta
2253 4120 2485 4175 fuerant.
2529 4139 2547 4171 ι
2582 4117 2706 4174 Htec
2733 4119 2832 4184 ibi,
2860 4118 3114 4174 dicuntur
3143 4127 3325 4172 autem
3354 4133 3381 4171 a
3411 4128 3609 4171 sancto

2019 4210 2304 4269 Joannicio
2342 4213 2558 4282 plurimi
2600 4213 2836 4269 lueretiei
2865 4212 3154 4276 conversi;
3187 4211 3307 4265 dein
3361 4226 3512 4265 num.
3539 4211 3609 4265 5η

2022 4306 2121 4360 ista
2156 4306 2222 4360 de
2244 4315 2434 4360 sancto
2465 4304 2737 4360 Methodio
2781 4305 3068 4359 habentur.

2094 4397 2180 4451 18.
2207 4395 2408 4462 Quinto
2439 4410 2583 4450 anno
2612 4395 2822 4464 imperii
2849 4394 3147 4460 Michaelis,
3177 4394 3265 4463 qui
3300 4393 3602 4448 Ecclesium

2023 4488 2242 4558 regebat
2274 4486 2602 4549 Methodius,
2631 4501 2754 4540 cum
2793 4486 2971 4554 magni
3000 4484 3267 4538 Joannicii
3311 4485 3376 4538 ad
3419 4484 3604 4538 Domi-

327 4577 604 4632 locarunt.
659 4578 831 4632 Tanta
877 4587 1060 4633 autem
1121 4587 1241 4633 erat
1295 4579 1677 4634 concurrentis
1732 4581 1915 4650 populi
1953 4568 1993 4622 Β
2026 4597 2151 4634 ιιιιιιι
2179 4579 2461 4634 decessum
2497 4577 3355 4649 prmscivissetappropinquare,
3384 4576 3449 4630 ad
3480 4590 3605 4631 eum

328 4670 579 4724 virorum
621 4679 674 4724 et
733 4671 1092 4733 feminarum,
1166 4682 1327 4741 atque
1395 4680 1615 4726 aetatum
1671 4672 1911 4726 omnium

327 4761 646 4828 multitudo,
677 4771 736 4814 ιιι
769 4761 1044 4816 numerari
1075 4777 1179 4816 non
1231 4771 1435 4831 posset.
1481 4762 1538 4817 ln
1572 4762 1731 4816 biviis
1770 4762 1916 4817 enim

325 4863 382 4908 et
413 4855 711 4922 porticibus
745 4854 1164 4924 premebantur;
1198 4863 1253 4910 et
1289 4855 1490 4925 ubique
1525 4870 1623 4924 per
1661 4855 1767 4909 vim
1815 4855 1918 4910 sibi

324 4945 541 4999 exitum
570 4947 860 5015 parabant,
904 4947 1042 5001 adeo
1069 4956 1145 5014 ut,
1177 4948 1426 5017 quamvis
1446 4947 1666 5010 multae,
1698 4956 1922 5016 propter

329 5041 697 5108 imperatores
740 5049 794 5094 et
825 5039 1157 5104 sacerdotes,
1209 5040 1378 5094 variis
1421 5040 1758 5109 temporibus
1782 5039 1922 5094 cele-

327 5130 565 5185 britates
594 5130 927 5195 exstiterint,
961 5130 1108 5184 nulla
1159 5142 1336 5186 tamen
1364 5146 1484 5185 cum
1542 5131 1648 5187 hac
1680 5131 1942 5186 conferri

331 5227 518 5288 queat.
564 5217 820 5272 Nonnulli
855 5219 1021 5272 etiam
1071 5219 1126 5273 in
1161 5219 1243 5273 via
1285 5219 1566 5288 spiritibus
1624 5221 1921 5276 immundis

332 5310 541 5374 vexati,
585 5312 710 5366 dum
759 5311 829 5366 ab
859 5310 981 5365 aliis
1013 5312 1540 5380 comprimerentnr,
1577 5313 1921 5367 miserandas

333 5412 505 5471 atque
542 5403 838 5458 maledicas
882 5418 1044 5458 voces
1073 5403 1434 5470 emittebant;
1465 5420 1696 5474 quorum
1741 5419 1772 5459 e
1819 5420 1922 5458 nu-

333 5507 492 5550 mero
540 5495 759 5566 quidam
797 5497 867 5550 ab
914 5495 1032 5565 ipso
1085 5497 1256 5551 curati
1309 5505 1452 5550 sunt.
1515 5495 1703 5566 POpuli
1758 5496 1926 5565 igitur

333 5587 546 5655 impetu
580 5588 665 5640 vix
699 5587 924 5652 evitato,
953 5598 1204 5643 sanetum
1233 5588 1422 5643 eximii
1453 5587 1780 5656 patriarcha:
1809 5603 1924 5641 cor-

335 5691 444 5749 pus
487 5679 540 5732 in
593 5678 959 5736 celeberrimo
1003 5680 1388 5750 Apostolorum
1443 5679 1680 5750 templo,
1751 5679 1924 5735 sacris

337 5770 619 5843 mysteriis
652 5769 762 5827 Deo
791 5772 1046 5843 peractis,
1079 5771 1130 5826 in
1161 5771 1417 5842 sepulcro
1445 5785 1640 5826 recens
1665 5780 1923 5826 constru-

345 5873 454 5930 cto,
493 5860 745 5919 nianibus
797 5861 965 5934 ipsius
1018 5859 1277 5919 Metltodii
1319 5859 1679 5932 compositum
1723 5867 1825 5930 est,
1859 5875 1920 5918 ιιι

2026 4673 2193 4739 venit,
2230 4681 2286 4726 et
2339 4671 2560 4726 ultimas
2614 4685 2804 4741 preces
2849 4669 2916 4723 ab
2959 4684 3025 4724 eo
3065 4669 3239 4740 petiit.
3272 4667 3370 4724 llle
3416 4677 3602 4725 autem

2024 4764 2250 4819 maximi
2281 4762 2487 4818 faciens
2521 4761 2800 4817 conveniri
2838 4777 2868 4815 a
2898 4760 3195 4828 Methodio,
3233 4773 3520 4832 postquam
3555 4771 3611 4818 et

2023 4858 2076 4910 in
2107 4857 2323 4928 longum
2353 4867 2569 4927 tempus
2608 4873 2733 4913 cum
2780 4872 2844 4912 eo
2880 4855 3226 4927 produxisset
3274 4869 3608 4917 sermonem,

2023 4955 2076 5000 et
2107 4946 2307 5002 deinde
2328 4961 2489 5002 sacro
2508 4947 2674 5004 etetui
2701 4957 2862 5017 atque
2898 4961 3089 5002 recens
3110 4946 3286 5001 electo
3312 4947 3461 5016 gregi
3489 4961 3610 5014 quae

2025 5037 2244 5106 pietatis
2296 5045 2454 5092 erant
2509 5039 2808 5106 suasisset,
2873 5039 3088 5105 dicens,
3137 5047 3199 5092 ut
3253 5037 3610 5092 immobiliter

2024 5138 2409 5199 permanerent
2444 5129 2498 5183 in
2524 5130 2637 5185 ﬁde
2657 5130 2987 5192 orthodoxa,
3019 5143 3196 5200 neque
3226 5138 3604 5184 everterentur

2024 5236 2053 5274 a
2083 5221 2324 5290 profanis
2357 5223 2582 5278 vocibus
2618 5224 3020 5285 haereticorum,
3047 5231 3102 5277 et
3127 5222 3270 5277 inter
3295 5234 3354 5276 se
3383 5235 3612 5276 consero

2023 5323 2216 5368 varent
2249 5315 2620 5381 concordiam,
2655 5330 2830 5384 neque
2862 5315 3256 5383 blasphemiam
3291 5323 3346 5369 et
3380 5312 3611 5368 maledi-

2024 5417 2144 5458 cam
2184 5415 2467 5460 moverent
2513 5407 2566 5460 in
2609 5409 2959 5476 pontificem;
2993 5404 3274 5474 subiunxit
3311 5404 3457 5475 quod
3497 5419 3605 5458 non

2027 5495 2254 5550 multum
2286 5506 2499 5568 tempus
2525 5507 2646 5568 post
2666 5513 2822 5554 suum
2842 5497 3126 5554 decessum
3158 5498 3372 5553 viveret
3402 5495 3613 5552 Metho-

2026 5587 2166 5643 dius.
2212 5587 2328 5655 Qua
2375 5589 2428 5644 in
2478 5604 2536 5646 re
2568 5605 2672 5645 non
2725 5589 2828 5646 fuit
2869 5590 3078 5659 falsus;
3129 5590 3294 5646 tertio
3331 5591 3476 5646 enim
3523 5590 3616 5644 die

2025 5690 2311 5748 postquam
2349 5681 2465 5736 haec
2493 5682 2718 5738 dixisset
2742 5723 2758 5750 ,
2787 5681 3122 5749 Joannicius,
3157 5683 3353 5754 spiritu
3379 5683 3602 5753 quidem

2026 5769 2225 5839 migrat
2261 5770 2328 5824 ad
2360 5786 2423 5826 ea
2454 5787 2575 5842 quae
2614 5772 2894 5843 diligebat,
2928 5773 3190 5828 deductus
3229 5787 3259 5826 a
3293 5771 3464 5828 choro
3497 5785 3601 5824 au-

2027 5862 2292 5933 sclorum.
2327 5904 2345 5921 .
2381 5904 2396 5923 .
2441 5903 2456 5921 .
2497 5863 2803 5924 Methodiua
2830 5875 3033 5935 autem,
3073 5865 3169 5938 qui
3201 5864 3345 5924 inter
3374 5863 3610 5937 patriar-
