  <div class='ocr_page' id='page_1' title='image "/cluster/home/n/w/nwhite01/storage/ocr_20150623/100/coo.31924054870047/639.png"; bbox 0 0 4024 6416; ppageno 0'>
   <div class='ocr_carea' id='block_1_1' title="bbox 504 334 641 405">
    <p class='ocr_par' dir='ltr' id='par_1_1' title="bbox 504 334 641 405">
     <span class='ocr_line' id='line_1_1' title="bbox 504 334 641 405; baseline -0.015 0"><span class='ocrx_word' id='word_1_1' title='bbox 504 334 641 405; x_wconf 71' lang='grc'><strong>1271</strong></span> 
     </span>
    </p>
   </div>
   <div class='ocr_carea' id='block_1_2' title="bbox 1531 352 2705 422">
    <p class='ocr_par' dir='ltr' id='par_1_2' title="bbox 1531 352 2705 422">
     <span class='ocr_line' id='line_1_2' title="bbox 1531 352 2705 422; baseline 0.008 -9"><span class='ocrx_word' id='word_1_2' title='bbox 1531 352 1593 414; x_wconf 89' lang='lat' dir='ltr'><strong>S.</strong></span> <span class='ocrx_word' id='word_1_3' title='bbox 1633 354 2013 417; x_wconf 86' lang='lat' dir='ltr'><strong>METHODII</strong></span> <span class='ocrx_word' id='word_1_4' title='bbox 2052 357 2558 421; x_wconf 73' lang='lat' dir='ltr'><strong>PATRIARCHIE</strong></span> <span class='ocrx_word' id='word_1_5' title='bbox 2595 361 2705 422; x_wconf 89' lang='lat' dir='ltr'><strong>CP.</strong></span> 
     </span>
    </p>
   </div>
   <div class='ocr_carea' id='block_1_3' title="bbox 3605 358 3727 428">
    <p class='ocr_par' dir='ltr' id='par_1_3' title="bbox 3605 358 3727 428">
     <span class='ocr_line' id='line_1_3' title="bbox 3605 358 3727 428; baseline -0.008 0"><span class='ocrx_word' id='word_1_6' title='bbox 3605 358 3727 428; x_wconf 71' lang='lat'><strong>1272</strong></span> 
     </span>
    </p>
   </div>
   <div class='ocr_carea' id='block_1_4' title="bbox 500 458 3730 551">
    <p class='ocr_par' dir='ltr' id='par_1_4' title="bbox 500 458 3730 551">
     <span class='ocr_line' id='line_1_4' title="bbox 500 458 3730 551; baseline 0.008 -39"><span class='ocrx_word' id='word_1_7' title='bbox 500 458 632 513; x_wconf 81' lang='lat' dir='ltr'><strong>cllas</strong></span> <span class='ocrx_word' id='word_1_8' title='bbox 660 458 960 517; x_wconf 85' lang='lat' dir='ltr'><strong>clarissime</strong></span> <span class='ocrx_word' id='word_1_9' title='bbox 990 461 1177 533; x_wconf 81' lang='lat' dir='ltr'><strong>fulsit,</strong></span> <span class='ocrx_word' id='word_1_10' title='bbox 1211 465 1325 536; x_wconf 86' lang='lat' dir='ltr'><strong>ipse</strong></span> <span class='ocrx_word' id='word_1_11' title='bbox 1359 480 1611 538; x_wconf 84' lang='lat' dir='ltr'><strong>quoque,</strong></span> <span class='ocrx_word' id='word_1_12' title='bbox 1661 479 1855 526; x_wconf 88' lang='lat' dir='ltr'><strong>octavo</strong></span> <span class='ocrx_word' id='word_1_13' title='bbox 1889 486 2074 527; x_wconf 82' lang='lat' dir='ltr'><strong>mense</strong></span> <span class='ocrx_word' id='word_1_14' title='bbox 2102 476 2147 533; x_wconf 77' lang='grc' dir='ltr'><strong>Α</strong></span> <span class='ocrx_word' id='word_1_15' title='bbox 2177 472 2468 543; x_wconf 75' lang='grc' dir='ltr'><strong>Μθιιιοάίο,</strong></span> <span class='ocrx_word' id='word_1_16' title='bbox 2498 476 2553 530; x_wconf 87' lang='lat' dir='ltr'><strong>in</strong></span> <span class='ocrx_word' id='word_1_17' title='bbox 2579 490 2642 531; x_wconf 86' lang='lat' dir='ltr'><strong>ea</strong></span> <span class='ocrx_word' id='word_1_18' title='bbox 2683 474 3000 546; x_wconf 69' lang='lat' dir='ltr'><strong>scriptione.</strong></span> <span class='ocrx_word' id='word_1_19' title='bbox 3029 490 3189 546; x_wconf 81' lang='lat' dir='ltr'><strong>quam</strong></span> <span class='ocrx_word' id='word_1_20' title='bbox 3218 479 3286 534; x_wconf 90' lang='lat' dir='ltr'><strong>de</strong></span> <span class='ocrx_word' id='word_1_21' title='bbox 3324 477 3441 550; x_wconf 78' lang='lat' dir='ltr'><strong>ipsa</strong></span> <span class='ocrx_word' id='word_1_22' title='bbox 3479 478 3730 551; x_wconf 74' lang='lat' dir='ltr'><strong>hastaque</strong></span> 
     </span>
    </p>
   </div>
   <div class='ocr_carea' id='block_1_5' title="bbox 500 550 2075 633">
    <p class='ocr_par' dir='ltr' id='par_1_5' title="bbox 500 550 2075 633">
     <span class='ocr_line' id='line_1_5' title="bbox 500 550 2075 633; baseline 0.011 -30"><span class='ocrx_word' id='word_1_23' title='bbox 500 559 624 620; x_wconf 86' lang='lat' dir='ltr'><strong>post</strong></span> <span class='ocrx_word' id='word_1_24' title='bbox 674 550 817 608; x_wconf 89' lang='lat' dir='ltr'><strong>illius</strong></span> <span class='ocrx_word' id='word_1_25' title='bbox 847 554 1128 617; x_wconf 85' lang='lat' dir='ltr'><strong>decessum</strong></span> <span class='ocrx_word' id='word_1_26' title='bbox 1154 596 1183 633; x_wconf 93' lang='lat'><strong>,_</strong></span> <span class='ocrx_word' id='word_1_27' title='bbox 1210 558 1446 618; x_wconf 80' lang='lat' dir='ltr'><strong>excessit</strong></span> <span class='ocrx_word' id='word_1_28' title='bbox 1476 574 1543 619; x_wconf 81' lang='lat' dir='ltr'><strong>ex</strong></span> <span class='ocrx_word' id='word_1_29' title='bbox 1586 560 1689 632; x_wconf 78' lang='lat' dir='ltr'><strong>hac</strong></span> <span class='ocrx_word' id='word_1_30' title='bbox 1729 562 1837 629; x_wconf 85' lang='lat' dir='ltr'><strong>vita</strong></span> <span class='ocrx_word' id='word_1_31' title='bbox 1882 574 2075 633; x_wconf 84' lang='lat' dir='ltr'><strong>quarto</strong></span> 
     </span>
    </p>
   </div>
   <div class='ocr_carea' id='block_1_6' title="bbox 499 639 908 701">
    <p class='ocr_par' dir='ltr' id='par_1_6' title="bbox 499 639 908 701">
     <span class='ocr_line' id='line_1_6' title="bbox 499 639 908 701; baseline 0.012 -5"><span class='ocrx_word' id='word_1_32' title='bbox 499 641 715 697; x_wconf 89' lang='lat' dir='ltr'><strong>decimo</strong></span> <span class='ocrx_word' id='word_1_33' title='bbox 741 639 908 701; x_wconf 81' lang='lat' dir='ltr'><strong>Junii.</strong></span> 
     </span>
    </p>
   </div>
   <div class='ocr_carea' id='block_1_7' title="bbox 571 731 2075 817">
    <p class='ocr_par' dir='ltr' id='par_1_7' title="bbox 571 731 2075 817">
     <span class='ocr_line' id='line_1_7' title="bbox 571 731 2075 817; baseline 0.011 -30"><span class='ocrx_word' id='word_1_34' title='bbox 571 731 658 790; x_wconf 74' lang='grc'><strong>19.</strong></span> <span class='ocrx_word' id='word_1_35' title='bbox 688 732 955 793; x_wconf 74' lang='lat' dir='ltr'><strong>Batonius</strong></span> <span class='ocrx_word' id='word_1_36' title='bbox 983 753 1127 796; x_wconf 88' lang='lat' dir='ltr'><strong>anno</strong></span> <span class='ocrx_word' id='word_1_37' title='bbox 1153 739 1280 807; x_wconf 73' lang='lat'><strong>842,</strong></span> <span class='ocrx_word' id='word_1_38' title='bbox 1314 757 1463 797; x_wconf 88' lang='lat' dir='ltr'><strong>num.</strong></span> <span class='ocrx_word' id='word_1_39' title='bbox 1490 742 1622 799; x_wconf 63' lang='lat' dir='ltr'><strong>20H</strong></span> <span class='ocrx_word' id='word_1_40' title='bbox 1652 743 1751 811; x_wconf 80' lang='lat' dir='ltr'><strong>Qui</strong></span> <span class='ocrx_word' id='word_1_41' title='bbox 1776 744 1960 817; x_wconf 78' lang='lat' dir='ltr'><strong>igitur,</strong></span> <span class='ocrx_word' id='word_1_42' title='bbox 1992 747 2075 803; x_wconf 92' lang='lat' dir='ltr'><strong>in-</strong></span> 
     </span>
    </p>
   </div>
   <div class='ocr_carea' id='block_1_8' title="bbox 500 825 2076 905">
    <p class='ocr_par' dir='ltr' id='par_1_8' title="bbox 500 825 2076 905">
     <span class='ocr_line' id='line_1_8' title="bbox 500 825 2076 905; baseline 0.013 -29"><span class='ocrx_word' id='word_1_43' title='bbox 500 825 638 894; x_wconf 89' lang='lat' dir='ltr'><strong>quit,</strong></span> <span class='ocrx_word' id='word_1_44' title='bbox 669 835 794 896; x_wconf 90' lang='lat' dir='ltr'><strong>post</strong></span> <span class='ocrx_word' id='word_1_45' title='bbox 824 837 901 884; x_wconf 88' lang='lat' dir='ltr'><strong>tot</strong></span> <span class='ocrx_word' id='word_1_46' title='bbox 931 828 1189 887; x_wconf 73' lang='lat' dir='ltr'><strong>Ecclesia:</strong></span> <span class='ocrx_word' id='word_1_47' title='bbox 1216 832 1834 905; x_wconf 58' lang='lat' dir='ltr'><strong>Constantinopolitana</strong></span> <span class='ocrx_word' id='word_1_48' title='bbox 1861 841 2076 897; x_wconf 81' lang='lat' dir='ltr'><strong>naufra-</strong></span> 
     </span>
    </p>
   </div>
   <div class='ocr_carea' id='block_1_9' title="bbox 499 916 2074 997">
    <p class='ocr_par' dir='ltr' id='par_1_9' title="bbox 499 916 2074 997">
     <span class='ocr_line' id='line_1_9' title="bbox 499 916 2074 997; baseline 0.013 -30"><span class='ocrx_word' id='word_1_49' title='bbox 499 916 606 983; x_wconf 77' lang='lat' dir='ltr'><strong>gia,</strong></span> <span class='ocrx_word' id='word_1_50' title='bbox 639 916 758 988; x_wconf 90' lang='lat' dir='ltr'><strong>ejus</strong></span> <span class='ocrx_word' id='word_1_51' title='bbox 784 919 1018 987; x_wconf 88' lang='lat' dir='ltr'><strong>clavum,</strong></span> <span class='ocrx_word' id='word_1_52' title='bbox 1046 938 1076 978; x_wconf 90' lang='lat' dir='ltr'><strong>e</strong></span> <span class='ocrx_word' id='word_1_53' title='bbox 1107 926 1360 981; x_wconf 88' lang='lat' dir='ltr'><strong>manibus</strong></span> <span class='ocrx_word' id='word_1_54' title='bbox 1393 927 1774 992; x_wconf 68' lang='lat' dir='ltr'><strong>haereticorum</strong></span> <span class='ocrx_word' id='word_1_55' title='bbox 1805 931 2074 997; x_wconf 89' lang='lat' dir='ltr'><strong>evulsum,</strong></span> 
     </span>
    </p>
   </div>
   <div class='ocr_carea' id='block_1_10' title="bbox 503 1008 2073 1094">
    <p class='ocr_par' dir='ltr' id='par_1_10' title="bbox 503 1008 2073 1094">
     <span class='ocr_line' id='line_1_10' title="bbox 503 1008 2073 1094; baseline 0.013 -33"><span class='ocrx_word' id='word_1_56' title='bbox 503 1008 890 1065; x_wconf 84' lang='lat' dir='ltr'><strong>moderandum</strong></span> <span class='ocrx_word' id='word_1_57' title='bbox 935 1016 1172 1091; x_wconf 83' lang='lat' dir='ltr'><strong>suscepit</strong></span> <span class='ocrx_word' id='word_1_58' title='bbox 1199 1016 1509 1084; x_wconf 78' lang='lat' dir='ltr'><strong>patriarcha</strong></span> <span class='ocrx_word' id='word_1_59' title='bbox 1550 1016 1897 1092; x_wconf 79' lang='lat' dir='ltr'><strong>Methodius;</strong></span> <span class='ocrx_word' id='word_1_60' title='bbox 1933 1039 2073 1094; x_wconf 88' lang='lat' dir='ltr'><strong>quo-</strong></span> 
     </span>
    </p>
   </div>
   <div class='ocr_carea' id='block_1_11' title="bbox 504 1106 2072 1181">
    <p class='ocr_par' dir='ltr' id='par_1_11' title="bbox 504 1106 2072 1181">
     <span class='ocr_line' id='line_1_11' title="bbox 504 1106 2072 1181; baseline 0.013 -28"><span class='ocrx_word' id='word_1_61' title='bbox 504 1115 610 1170; x_wconf 92' lang='lat' dir='ltr'><strong>que</strong></span> <span class='ocrx_word' id='word_1_62' title='bbox 677 1106 993 1163; x_wconf 85' lang='lat' dir='ltr'><strong>revocandis</strong></span> <span class='ocrx_word' id='word_1_63' title='bbox 1057 1107 1125 1161; x_wconf 89' lang='lat' dir='ltr'><strong>ad</strong></span> <span class='ocrx_word' id='word_1_64' title='bbox 1174 1107 1472 1164; x_wconf 77' lang='lat' dir='ltr'><strong>Ecclesium</strong></span> <span class='ocrx_word' id='word_1_65' title='bbox 1526 1113 1691 1181; x_wconf 86' lang='lat' dir='ltr'><strong>lapsis</strong></span> <span class='ocrx_word' id='word_1_66' title='bbox 1731 1113 2072 1173; x_wconf 83' lang='lat' dir='ltr'><strong>allaboravit.</strong></span> 
     </span>
    </p>
   </div>
   <div class='ocr_carea' id='block_1_12' title="bbox 503 1193 2076 1276">
    <p class='ocr_par' dir='ltr' id='par_1_12' title="bbox 503 1193 2076 1276">
     <span class='ocr_line' id='line_1_12' title="bbox 503 1193 2076 1276; baseline 0.013 -32"><span class='ocrx_word' id='word_1_67' title='bbox 503 1193 657 1257; x_wconf 79' lang='lat' dir='ltr'><strong>Quod</strong></span> <span class='ocrx_word' id='word_1_68' title='bbox 687 1209 815 1250; x_wconf 84' lang='lat' dir='ltr'><strong>vero</strong></span> <span class='ocrx_word' id='word_1_69' title='bbox 848 1195 900 1251; x_wconf 91' lang='lat' dir='ltr'><strong>hi</strong></span> <span class='ocrx_word' id='word_1_70' title='bbox 936 1199 1304 1267; x_wconf 75' lang='lat' dir='ltr'><strong>reperirentur</strong></span> <span class='ocrx_word' id='word_1_71' title='bbox 1334 1204 1494 1259; x_wconf 84' lang='lat' dir='ltr'><strong>variae</strong></span> <span class='ocrx_word' id='word_1_72' title='bbox 1527 1203 1703 1261; x_wconf 72' lang='lat' dir='ltr'><strong>aztatis</strong></span> <span class='ocrx_word' id='word_1_73' title='bbox 1737 1206 2076 1276; x_wconf 58' lang='lat' dir='ltr'><strong>diversaeque</strong></span> 
     </span>
    </p>
   </div>
   <div class='ocr_carea' id='block_1_13' title="bbox 503 1284 2072 1370">
    <p class='ocr_par' dir='ltr' id='par_1_13' title="bbox 503 1284 2072 1370">
     <span class='ocr_line' id='line_1_13' title="bbox 503 1284 2072 1370; baseline 0.014 -34"><span class='ocrx_word' id='word_1_74' title='bbox 503 1284 829 1343; x_wconf 84' lang='lat' dir='ltr'><strong>conditionis</strong></span> <span class='ocrx_word' id='word_1_75' title='bbox 853 1327 869 1354; x_wconf 88' lang='lat'><strong>,</strong></span> <span class='ocrx_word' id='word_1_76' title='bbox 906 1303 976 1344; x_wconf 88' lang='lat' dir='ltr'><strong>ne</strong></span> <span class='ocrx_word' id='word_1_77' title='bbox 1009 1291 1316 1365; x_wconf 36' lang='lat' dir='ltr'><strong>vilesceret,</strong></span> <span class='ocrx_word' id='word_1_78' title='bbox 1346 1297 1716 1355; x_wconf 87' lang='lat' dir='ltr'><strong>ecclesiastica</strong></span> <span class='ocrx_word' id='word_1_79' title='bbox 1750 1302 2034 1370; x_wconf 85' lang='lat' dir='ltr'><strong>disciplina</strong></span> <span class='ocrx_word' id='word_1_80' title='bbox 2055 1343 2072 1370; x_wconf 91' lang='lat'><strong>,</strong></span> 
     </span>
    </p>
   </div>
   <div class='ocr_carea' id='block_1_14' title="bbox 501 1377 2075 1450">
    <p class='ocr_par' dir='ltr' id='par_1_14' title="bbox 501 1377 2075 1450">
     <span class='ocr_line' id='line_1_14' title="bbox 501 1377 2075 1450; baseline 0.015 -22"><span class='ocrx_word' id='word_1_81' title='bbox 501 1377 719 1433; x_wconf 85' lang='lat' dir='ltr'><strong>eosdem</strong></span> <span class='ocrx_word' id='word_1_82' title='bbox 751 1393 939 1438; x_wconf 88' lang='lat' dir='ltr'><strong>omnes</strong></span> <span class='ocrx_word' id='word_1_83' title='bbox 967 1383 1181 1438; x_wconf 87' lang='lat' dir='ltr'><strong>diverso</strong></span> <span class='ocrx_word' id='word_1_84' title='bbox 1221 1388 1382 1444; x_wconf 79' lang='lat' dir='ltr'><strong>modo</strong></span> <span class='ocrx_word' id='word_1_85' title='bbox 1408 1403 1651 1445; x_wconf 66' lang='lat' dir='ltr'><strong>censurae</strong></span> <span class='ocrx_word' id='word_1_86' title='bbox 1692 1391 2075 1450; x_wconf 77' lang='lat' dir='ltr'><strong>ecclesiasticae</strong></span> 
     </span>
    </p>
   </div>
   <div class='ocr_carea' id='block_1_15' title="bbox 501 1466 2075 1550">
    <p class='ocr_par' dir='ltr' id='par_1_15' title="bbox 501 1466 2075 1550">
     <span class='ocr_line' id='line_1_15' title="bbox 501 1466 2075 1550; baseline 0.015 -32"><span class='ocrx_word' id='word_1_87' title='bbox 501 1466 671 1522; x_wconf 87' lang='lat' dir='ltr'><strong>voluit</strong></span> <span class='ocrx_word' id='word_1_88' title='bbox 699 1483 819 1527; x_wconf 87' lang='lat' dir='ltr'><strong>esse</strong></span> <span class='ocrx_word' id='word_1_89' title='bbox 851 1473 1147 1544; x_wconf 79' lang='lat' dir='ltr'><strong>subjectos.</strong></span> <span class='ocrx_word' id='word_1_90' title='bbox 1182 1497 1201 1530; x_wconf 77' lang='grc' dir='ltr'><strong>ι</strong></span> <span class='ocrx_word' id='word_1_91' title='bbox 1240 1479 1314 1535; x_wconf 85' lang='lat' dir='ltr'><strong>Ea</strong></span> <span class='ocrx_word' id='word_1_92' title='bbox 1338 1482 1688 1550; x_wconf 86' lang='lat' dir='ltr'><strong>constitutio,</strong></span> <span class='ocrx_word' id='word_1_93' title='bbox 1719 1499 1839 1538; x_wconf 86' lang='lat' dir='ltr'><strong>cum</strong></span> <span class='ocrx_word' id='word_1_94' title='bbox 1867 1487 2075 1541; x_wconf 83' lang='lat' dir='ltr'><strong>oratio-</strong></span> 
     </span>
    </p>
   </div>
   <div class='ocr_carea' id='block_1_16' title="bbox 499 1557 2073 1635">
    <p class='ocr_par' dir='ltr' id='par_1_16' title="bbox 499 1557 2073 1635">
     <span class='ocr_line' id='line_1_16' title="bbox 499 1557 2073 1635; baseline 0.015 -24"><span class='ocrx_word' id='word_1_95' title='bbox 499 1557 663 1615; x_wconf 82' lang='lat' dir='ltr'><strong>nibus</strong></span> <span class='ocrx_word' id='word_1_96' title='bbox 686 1563 852 1619; x_wconf 84' lang='lat' dir='ltr'><strong>variis</strong></span> <span class='ocrx_word' id='word_1_97' title='bbox 878 1573 933 1621; x_wconf 89' lang='lat' dir='ltr'><strong>et</strong></span> <span class='ocrx_word' id='word_1_98' title='bbox 966 1566 1182 1635; x_wconf 78' lang='lat' dir='ltr'><strong>ritibus,</strong></span> <span class='ocrx_word' id='word_1_99' title='bbox 1214 1581 1393 1626; x_wconf 83' lang='lat' dir='ltr'><strong>exstat</strong></span> <span class='ocrx_word' id='word_1_100' title='bbox 1422 1572 1609 1630; x_wconf 54' lang='lat' dir='ltr'><strong>Gra‘ce</strong></span> <span class='ocrx_word' id='word_1_101' title='bbox 1635 1585 1689 1629; x_wconf 91' lang='lat' dir='ltr'><strong>et</strong></span> <span class='ocrx_word' id='word_1_102' title='bbox 1711 1574 1903 1632; x_wconf 86' lang='lat' dir='ltr'><strong>Latine</strong></span> <span class='ocrx_word' id='word_1_103' title='bbox 1927 1578 2073 1634; x_wconf 88' lang='lat' dir='ltr'><strong>edita</strong></span> 
     </span>
    </p>
   </div>
   <div class='ocr_carea' id='block_1_17' title="bbox 500 1646 2070 1732">
    <p class='ocr_par' dir='ltr' id='par_1_17' title="bbox 500 1646 2070 1732">
     <span class='ocr_line' id='line_1_17' title="bbox 500 1646 2070 1732; baseline 0.014 -31"><span class='ocrx_word' id='word_1_104' title='bbox 500 1663 531 1701; x_wconf 84' lang='lat' dir='ltr'><strong>a</strong></span> <span class='ocrx_word' id='word_1_105' title='bbox 567 1646 840 1715; x_wconf 80' lang='lat' dir='ltr'><strong>Ludovico</strong></span> <span class='ocrx_word' id='word_1_106' title='bbox 871 1653 1012 1715; x_wconf 87' lang='lat' dir='ltr'><strong>Goar</strong></span> <span class='ocrx_word' id='word_1_107' title='bbox 1055 1657 1106 1711; x_wconf 91' lang='lat' dir='ltr'><strong>in</strong></span> <span class='ocrx_word' id='word_1_108' title='bbox 1156 1659 1485 1732; x_wconf 81' lang='lat' dir='ltr'><strong>Euebologio</strong></span> <span class='ocrx_word' id='word_1_109' title='bbox 1524 1663 1641 1722; x_wconf 83' lang='lat' dir='ltr'><strong>sive</strong></span> <span class='ocrx_word' id='word_1_110' title='bbox 1674 1665 1879 1722; x_wconf 87' lang='lat' dir='ltr'><strong>Rituali</strong></span> <span class='ocrx_word' id='word_1_111' title='bbox 1915 1667 2070 1723; x_wconf 69' lang='lat' dir='ltr'><strong>Grae-</strong></span> 
     </span>
    </p>
   </div>
   <div class='ocr_carea' id='block_1_18' title="bbox 497 1746 2070 1825">
    <p class='ocr_par' dir='ltr' id='par_1_18' title="bbox 497 1746 2070 1825">
     <span class='ocr_line' id='line_1_18' title="bbox 497 1746 2070 1825; baseline 0.013 -29"><span class='ocrx_word' id='word_1_112' title='bbox 497 1748 686 1796; x_wconf 89' lang='lat' dir='ltr'><strong>corum</strong></span> <span class='ocrx_word' id='word_1_113' title='bbox 728 1756 849 1814; x_wconf 80' lang='lat' dir='ltr'><strong>pag.</strong></span> <span class='ocrx_word' id='word_1_114' title='bbox 885 1746 988 1801; x_wconf 85' lang='lat'><strong>676</strong></span> <span class='ocrx_word' id='word_1_115' title='bbox 1023 1759 1074 1802; x_wconf 89' lang='lat' dir='ltr'><strong>et</strong></span> <span class='ocrx_word' id='word_1_116' title='bbox 1106 1750 1290 1807; x_wconf 85' lang='lat' dir='ltr'><strong>decem</strong></span> <span class='ocrx_word' id='word_1_117' title='bbox 1313 1757 1664 1825; x_wconf 87' lang='lat' dir='ltr'><strong>sequentibus</strong></span> <span class='ocrx_word' id='word_1_118' title='bbox 1685 1798 1701 1823; x_wconf 88' lang='lat'><strong>,</strong></span> <span class='ocrx_word' id='word_1_119' title='bbox 1734 1759 1835 1813; x_wconf 89' lang='lat' dir='ltr'><strong>sub</strong></span> <span class='ocrx_word' id='word_1_120' title='bbox 1869 1760 1970 1818; x_wconf 89' lang='lat' dir='ltr'><strong>hoc</strong></span> <span class='ocrx_word' id='word_1_121' title='bbox 1999 1762 2070 1816; x_wconf 91' lang='lat' dir='ltr'><strong>ti-</strong></span> 
     </span>
    </p>
   </div>
   <div class='ocr_carea' id='block_1_19' title="bbox 499 1834 2069 1919">
    <p class='ocr_par' dir='ltr' id='par_1_19' title="bbox 499 1834 2069 1919">
     <span class='ocr_line' id='line_1_19' title="bbox 499 1834 2069 1919; baseline 0.017 -36"><span class='ocrx_word' id='word_1_122' title='bbox 499 1835 628 1887; x_wconf 91' lang='lat' dir='ltr'><strong>tulo.</strong></span> <span class='ocrx_word' id='word_1_123' title='bbox 688 1851 708 1887; x_wconf 75' lang='grc' dir='ltr'><strong>ι</strong></span> <span class='ocrx_word' id='word_1_124' title='bbox 763 1834 1022 1897; x_wconf 78' lang='lat' dir='ltr'><strong>Methodii</strong></span> <span class='ocrx_word' id='word_1_125' title='bbox 1074 1842 1401 1911; x_wconf 76' lang='lat' dir='ltr'><strong>patriarchae</strong></span> <span class='ocrx_word' id='word_1_126' title='bbox 1432 1847 1962 1919; x_wconf 77' lang='lat' dir='ltr'><strong>Constantinopolis,</strong></span> <span class='ocrx_word' id='word_1_127' title='bbox 2001 1853 2069 1910; x_wconf 86' lang='lat' dir='ltr'><strong>de</strong></span> 
     </span>
    </p>
   </div>
   <div class='ocr_carea' id='block_1_20' title="bbox 496 1922 2071 2010">
    <p class='ocr_par' dir='ltr' id='par_1_20' title="bbox 496 1922 2071 2010">
     <span class='ocr_line' id='line_1_20' title="bbox 496 1922 2071 2010; baseline 0.017 -34"><span class='ocrx_word' id='word_1_128' title='bbox 496 1922 565 1976; x_wconf 86' lang='lat' dir='ltr'><strong>iis</strong></span> <span class='ocrx_word' id='word_1_129' title='bbox 601 1923 691 1993; x_wconf 91' lang='lat' dir='ltr'><strong>qni</strong></span> <span class='ocrx_word' id='word_1_130' title='bbox 727 1926 1086 1999; x_wconf 80' lang='lat' dir='ltr'><strong>abnegarunt,</strong></span> <span class='ocrx_word' id='word_1_131' title='bbox 1127 1932 1425 1990; x_wconf 88' lang='lat' dir='ltr'><strong>secundum</strong></span> <span class='ocrx_word' id='word_1_132' title='bbox 1452 1938 1696 1995; x_wconf 86' lang='lat' dir='ltr'><strong>diversas</strong></span> <span class='ocrx_word' id='word_1_133' title='bbox 1722 1956 1982 2010; x_wconf 85' lang='lat' dir='ltr'><strong>personas</strong></span> <span class='ocrx_word' id='word_1_134' title='bbox 2013 1954 2071 2003; x_wconf 81' lang='lat' dir='ltr'><strong>et</strong></span> 
     </span>
    </p>
   </div>
   <div class='ocr_carea' id='block_1_21' title="bbox 491 2021 2068 2102">
    <p class='ocr_par' dir='ltr' id='par_1_21' title="bbox 491 2021 2068 2102">
     <span class='ocr_line' id='line_1_21' title="bbox 491 2021 2068 2102; baseline 0.015 -33"><span class='ocrx_word' id='word_1_135' title='bbox 491 2024 712 2083; x_wconf 70' lang='lat' dir='ltr'><strong>aetates,</strong></span> <span class='ocrx_word' id='word_1_136' title='bbox 746 2027 800 2074; x_wconf 91' lang='lat' dir='ltr'><strong>et</strong></span> <span class='ocrx_word' id='word_1_137' title='bbox 835 2021 901 2074; x_wconf 89' lang='lat' dir='ltr'><strong>ad</strong></span> <span class='ocrx_word' id='word_1_138' title='bbox 943 2022 1301 2080; x_wconf 78' lang='lat' dir='ltr'><strong>orthodoxam</strong></span> <span class='ocrx_word' id='word_1_139' title='bbox 1337 2042 1633 2102; x_wconf 84' lang='lat' dir='ltr'><strong>veramque</strong></span> <span class='ocrx_word' id='word_1_140' title='bbox 1671 2033 1832 2089; x_wconf 76' lang='lat' dir='ltr'><strong>[idem</strong></span> <span class='ocrx_word' id='word_1_141' title='bbox 1884 2051 2068 2092; x_wconf 89' lang='lat' dir='ltr'><strong>rever-</strong></span> 
     </span>
    </p>
   </div>
   <div class='ocr_carea' id='block_1_22' title="bbox 493 2109 2066 2195">
    <p class='ocr_par' dir='ltr' id='par_1_22' title="bbox 493 2109 2066 2195">
     <span class='ocr_line' id='line_1_22' title="bbox 493 2109 2066 2195; baseline 0.012 -31"><span class='ocrx_word' id='word_1_142' title='bbox 493 2116 701 2164; x_wconf 88' lang='lat' dir='ltr'><strong>tuntur.</strong></span> <span class='ocrx_word' id='word_1_143' title='bbox 734 2127 754 2162; x_wconf 78' lang='grc' dir='ltr'><strong>ι</strong></span> <span class='ocrx_word' id='word_1_144' title='bbox 792 2109 963 2185; x_wconf 86' lang='lat' dir='ltr'><strong>Hujus</strong></span> <span class='ocrx_word' id='word_1_145' title='bbox 982 2129 1109 2184; x_wconf 91' lang='lat' dir='ltr'><strong>pars</strong></span> <span class='ocrx_word' id='word_1_146' title='bbox 1131 2117 1309 2188; x_wconf 89' lang='lat' dir='ltr'><strong>aliqua</strong></span> <span class='ocrx_word' id='word_1_147' title='bbox 1330 2129 1508 2175; x_wconf 79' lang='lat' dir='ltr'><strong>exstat</strong></span> <span class='ocrx_word' id='word_1_148' title='bbox 1535 2123 1698 2177; x_wconf 89' lang='lat' dir='ltr'><strong>etiam</strong></span> <span class='ocrx_word' id='word_1_149' title='bbox 1726 2128 1866 2195; x_wconf 87' lang='lat' dir='ltr'><strong>apud</strong></span> <span class='ocrx_word' id='word_1_150' title='bbox 1885 2126 2066 2183; x_wconf 84' lang='lat' dir='ltr'><strong>Theo-</strong></span> 
     </span>
    </p>
   </div>
   <div class='ocr_carea' id='block_1_23' title="bbox 489 2196 2066 2284">
    <p class='ocr_par' dir='ltr' id='par_1_23' title="bbox 489 2196 2066 2284">
     <span class='ocr_line' id='line_1_23' title="bbox 489 2196 2066 2284; baseline 0.015 -32"><span class='ocrx_word' id='word_1_151' title='bbox 489 2196 684 2255; x_wconf 90' lang='lat' dir='ltr'><strong>dorum</strong></span> <span class='ocrx_word' id='word_1_152' title='bbox 714 2200 1128 2275; x_wconf 83' lang='lat' dir='ltr'><strong>Baisarnonem,</strong></span> <span class='ocrx_word' id='word_1_153' title='bbox 1162 2218 1216 2264; x_wconf 88' lang='lat' dir='ltr'><strong>et</strong></span> <span class='ocrx_word' id='word_1_154' title='bbox 1246 2224 1310 2266; x_wconf 85' lang='lat' dir='ltr'><strong>ex</strong></span> <span class='ocrx_word' id='word_1_155' title='bbox 1343 2225 1409 2266; x_wconf 93' lang='lat' dir='ltr'><strong>eo</strong></span> <span class='ocrx_word' id='word_1_156' title='bbox 1439 2213 1578 2284; x_wconf 87' lang='lat' dir='ltr'><strong>apud</strong></span> <span class='ocrx_word' id='word_1_157' title='bbox 1608 2215 1903 2284; x_wconf 81' lang='lat' dir='ltr'><strong>Baronium</strong></span> <span class='ocrx_word' id='word_1_158' title='bbox 1945 2217 2066 2275; x_wconf 90' lang='lat' dir='ltr'><strong>loco</strong></span> 
     </span>
    </p>
   </div>
   <div class='ocr_carea' id='block_1_24' title="bbox 487 2288 1491 2361">
    <p class='ocr_par' dir='ltr' id='par_1_24' title="bbox 487 2288 1491 2361">
     <span class='ocr_line' id='line_1_24' title="bbox 487 2288 1491 2361; baseline 0.009 -17"><span class='ocrx_word' id='word_1_159' title='bbox 487 2296 654 2361; x_wconf 65' lang='lat' dir='ltr'><strong>iupra</strong></span> <span class='ocrx_word' id='word_1_160' title='bbox 686 2293 876 2361; x_wconf 86' lang='lat' dir='ltr'><strong>relato.</strong></span> <span class='ocrx_word' id='word_1_161' title='bbox 1486 2288 1491 2297; x_wconf 84' lang='grc'><em>’</em></span> 
     </span>
    </p>
   </div>
   <div class='ocr_carea' id='block_1_25' title="bbox 557 2378 2064 2468">
    <p class='ocr_par' dir='ltr' id='par_1_25' title="bbox 557 2378 2064 2468">
     <span class='ocr_line' id='line_1_25' title="bbox 557 2378 2064 2468; baseline 0.017 -32"><span class='ocrx_word' id='word_1_162' title='bbox 557 2380 650 2441; x_wconf 75' lang='grc'><strong>20.</strong></span> <span class='ocrx_word' id='word_1_163' title='bbox 688 2380 972 2451; x_wconf 79' lang='lat' dir='ltr'><strong>Edidimns</strong></span> <span class='ocrx_word' id='word_1_164' title='bbox 1024 2407 1123 2449; x_wconf 86' lang='lat' dir='ltr'><strong>nos</strong></span> <span class='ocrx_word' id='word_1_165' title='bbox 1171 2394 1240 2449; x_wconf 88' lang='lat' dir='ltr'><strong>ad</strong></span> <span class='ocrx_word' id='word_1_166' title='bbox 1282 2396 1425 2452; x_wconf 85' lang='lat' dir='ltr'><strong>diem</strong></span> <span class='ocrx_word' id='word_1_167' title='bbox 1478 2378 1725 2468; x_wconf 78' lang='lat' dir='ltr'><strong>quintum</strong></span> <span class='ocrx_word' id='word_1_168' title='bbox 1780 2402 2064 2461; x_wconf 83' lang='lat' dir='ltr'><strong>Februarii</strong></span> 
     </span>
    </p>
   </div>
   <div class='ocr_carea' id='block_1_26' title="bbox 487 2472 2061 2551">
    <p class='ocr_par' dir='ltr' id='par_1_26' title="bbox 487 2472 2061 2551">
     <span class='ocr_line' id='line_1_26' title="bbox 487 2472 2061 2551; baseline 0.017 -26"><span class='ocrx_word' id='word_1_169' title='bbox 487 2472 729 2542; x_wconf 79' lang='lat' dir='ltr'><strong>ejusdem</strong></span> <span class='ocrx_word' id='word_1_170' title='bbox 782 2481 956 2535; x_wconf 88' lang='lat' dir='ltr'><strong>sancti</strong></span> <span class='ocrx_word' id='word_1_171' title='bbox 1017 2479 1275 2543; x_wconf 83' lang='lat' dir='ltr'><strong>Methodii</strong></span> <span class='ocrx_word' id='word_1_172' title='bbox 1326 2485 1641 2546; x_wconf 87' lang='lat' dir='ltr'><strong>Orationem</strong></span> <span class='ocrx_word' id='word_1_173' title='bbox 1697 2492 1749 2546; x_wconf 92' lang='lat' dir='ltr'><strong>in</strong></span> <span class='ocrx_word' id='word_1_174' title='bbox 1812 2504 2061 2551; x_wconf 89' lang='lat' dir='ltr'><strong>sanetum</strong></span> 
     </span>
    </p>
   </div>
   <div class='ocr_carea' id='block_1_27' title="bbox 485 2563 2064 2653">
    <p class='ocr_par' dir='ltr' id='par_1_27' title="bbox 485 2563 2064 2653">
     <span class='ocr_line' id='line_1_27' title="bbox 485 2563 2064 2653; baseline 0.016 -38"><span class='ocrx_word' id='word_1_175' title='bbox 485 2563 783 2632; x_wconf 75' lang='lat' dir='ltr'><strong>Agatham,</strong></span> <span class='ocrx_word' id='word_1_176' title='bbox 826 2569 1065 2642; x_wconf 87' lang='lat' dir='ltr'><strong>quinque</strong></span> <span class='ocrx_word' id='word_1_177' title='bbox 1099 2574 1368 2643; x_wconf 85' lang='lat' dir='ltr'><strong>capitibus</strong></span> <span class='ocrx_word' id='word_1_178' title='bbox 1418 2593 1447 2631; x_wconf 91' lang='lat' dir='ltr'><strong>a</strong></span> <span class='ocrx_word' id='word_1_179' title='bbox 1493 2581 1652 2635; x_wconf 91' lang='lat' dir='ltr'><strong>nobis</strong></span> <span class='ocrx_word' id='word_1_180' title='bbox 1682 2581 1996 2639; x_wconf 86' lang='lat' dir='ltr'><strong>distinctam</strong></span> <span class='ocrx_word' id='word_1_181' title='bbox 2044 2603 2064 2653; x_wconf 40' lang='grc' dir='ltr'><strong>ε,</strong></span> 
     </span>
    </p>
   </div>
   <div class='ocr_carea' id='block_1_28' title="bbox 485 2653 2061 2742">
    <p class='ocr_par' dir='ltr' id='par_1_28' title="bbox 485 2653 2061 2742">
     <span class='ocr_line' id='line_1_28' title="bbox 485 2653 2061 2742; baseline 0.016 -37"><span class='ocrx_word' id='word_1_182' title='bbox 485 2653 754 2712; x_wconf 80' lang='lat' dir='ltr'><strong>edidimus</strong></span> <span class='ocrx_word' id='word_1_183' title='bbox 782 2660 945 2716; x_wconf 79' lang='lat' dir='ltr'><strong>etiam</strong></span> <span class='ocrx_word' id='word_1_184' title='bbox 980 2664 1047 2718; x_wconf 87' lang='lat' dir='ltr'><strong>ad</strong></span> <span class='ocrx_word' id='word_1_185' title='bbox 1078 2665 1221 2720; x_wconf 83' lang='lat' dir='ltr'><strong>diem</strong></span> <span class='ocrx_word' id='word_1_186' title='bbox 1261 2668 1329 2723; x_wconf 75' lang='lat' dir='ltr'><strong>I2</strong></span> <span class='ocrx_word' id='word_1_187' title='bbox 1362 2668 1542 2726; x_wconf 87' lang='lat' dir='ltr'><strong>Martii</strong></span> <span class='ocrx_word' id='word_1_188' title='bbox 1573 2671 1841 2742; x_wconf 89' lang='lat' dir='ltr'><strong>duplicem</strong></span> <span class='ocrx_word' id='word_1_189' title='bbox 1887 2671 2061 2730; x_wconf 73' lang='lat' dir='ltr'><strong>Vitam</strong></span> 
     </span>
    </p>
   </div>
   <div class='ocr_carea' id='block_1_29' title="bbox 488 2748 2063 2838">
    <p class='ocr_par' dir='ltr' id='par_1_29' title="bbox 488 2748 2063 2838">
     <span class='ocr_line' id='line_1_29' title="bbox 488 2748 2063 2838; baseline 0.015 -38"><span class='ocrx_word' id='word_1_190' title='bbox 488 2749 664 2804; x_wconf 75' lang='lat' dir='ltr'><strong>sancti</strong></span> <span class='ocrx_word' id='word_1_191' title='bbox 700 2748 1078 2823; x_wconf 76' lang='lat' dir='ltr'><strong>Theophanis,</strong></span> <span class='ocrx_word' id='word_1_192' title='bbox 1113 2758 1400 2829; x_wconf 80' lang='lat' dir='ltr'><strong>hegumeni</strong></span> <span class='ocrx_word' id='word_1_193' title='bbox 1435 2774 1488 2818; x_wconf 90' lang='lat' dir='ltr'><strong>et</strong></span> <span class='ocrx_word' id='word_1_194' title='bbox 1519 2766 1852 2822; x_wconf 79' lang='lat' dir='ltr'><strong>confessoris</strong></span> <span class='ocrx_word' id='word_1_195' title='bbox 1872 2808 1888 2834; x_wconf 89' lang='lat'><strong>,</strong></span> <span class='ocrx_word' id='word_1_196' title='bbox 1916 2770 2063 2838; x_wconf 88' lang='lat' dir='ltr'><strong>prio-</strong></span> 
     </span>
    </p>
   </div>
   <div class='ocr_carea' id='block_1_30' title="bbox 489 2838 2063 2914">
    <p class='ocr_par' dir='ltr' id='par_1_30' title="bbox 489 2838 2063 2914">
     <span class='ocr_line' id='line_1_30' title="bbox 489 2838 2063 2914; baseline 0.015 -24"><span class='ocrx_word' id='word_1_197' title='bbox 489 2840 605 2901; x_wconf 78' lang='lat' dir='ltr'><strong>r‘etn</strong></span> <span class='ocrx_word' id='word_1_198' title='bbox 636 2838 856 2898; x_wconf 85' lang='lat' dir='ltr'><strong>auctore</strong></span> <span class='ocrx_word' id='word_1_199' title='bbox 886 2858 1076 2903; x_wconf 85' lang='lat' dir='ltr'><strong>sancto</strong></span> <span class='ocrx_word' id='word_1_200' title='bbox 1118 2849 1406 2909; x_wconf 86' lang='lat' dir='ltr'><strong>Theodoro</strong></span> <span class='ocrx_word' id='word_1_201' title='bbox 1443 2852 1653 2911; x_wconf 89' lang='lat' dir='ltr'><strong>Stndita</strong></span> <span class='ocrx_word' id='word_1_202' title='bbox 1690 2869 1780 2913; x_wconf 88' lang='lat' dir='ltr'><strong>aut</strong></span> <span class='ocrx_word' id='word_1_203' title='bbox 1806 2858 1911 2913; x_wconf 90' lang='lat' dir='ltr'><strong>alio</strong></span> <span class='ocrx_word' id='word_1_204' title='bbox 1949 2876 2063 2914; x_wconf 88' lang='lat' dir='ltr'><strong>rno-</strong></span> 
     </span>
    </p>
   </div>
   <div class='ocr_carea' id='block_1_31' title="bbox 485 2932 2059 3018">
    <p class='ocr_par' dir='ltr' id='par_1_31' title="bbox 485 2932 2059 3018">
     <span class='ocr_line' id='line_1_31' title="bbox 485 2932 2059 3018; baseline 0.013 -31"><span class='ocrx_word' id='word_1_205' title='bbox 485 2932 662 2987; x_wconf 84' lang='lat' dir='ltr'><strong>nacbo</strong></span> <span class='ocrx_word' id='word_1_206' title='bbox 699 2946 915 3004; x_wconf 60' lang='lat' dir='ltr'><strong>coaevo;</strong></span> <span class='ocrx_word' id='word_1_207' title='bbox 959 2939 1184 2997; x_wconf 87' lang='lat' dir='ltr'><strong>alteram</strong></span> <span class='ocrx_word' id='word_1_208' title='bbox 1221 2954 1478 3012; x_wconf 88' lang='lat' dir='ltr'><strong>auctore,</strong></span> <span class='ocrx_word' id='word_1_209' title='bbox 1523 2958 1583 3002; x_wconf 90' lang='lat' dir='ltr'><strong>ut</strong></span> <span class='ocrx_word' id='word_1_210' title='bbox 1611 2949 1843 3018; x_wconf 88' lang='lat' dir='ltr'><strong>videtur,</strong></span> <span class='ocrx_word' id='word_1_211' title='bbox 1884 2951 2059 3009; x_wconf 84' lang='lat' dir='ltr'><strong>Meta-</strong></span> 
     </span>
    </p>
   </div>
   <div class='ocr_carea' id='block_1_32' title="bbox 483 3022 2061 3112">
    <p class='ocr_par' dir='ltr' id='par_1_32' title="bbox 483 3022 2061 3112">
     <span class='ocr_line' id='line_1_32' title="bbox 483 3022 2061 3112; baseline 0.016 -35"><span class='ocrx_word' id='word_1_212' title='bbox 483 3022 705 3112; x_wconf 77' lang='lat' dir='ltr'><strong>phraste</strong></span> <span class='ocrx_word' id='word_1_213' title='bbox 765 3045 780 3084; x_wconf 91' lang='lat'><strong>:</strong></span> <span class='ocrx_word' id='word_1_214' title='bbox 835 3032 925 3101; x_wconf 89' lang='lat' dir='ltr'><strong>qui</strong></span> <span class='ocrx_word' id='word_1_215' title='bbox 973 3036 1218 3104; x_wconf 43' lang='lat' dir='ltr'><strong>num.“</strong></span> <span class='ocrx_word' id='word_1_216' title='bbox 1273 3050 1498 3095; x_wconf 83' lang='lat' dir='ltr'><strong>excusat</strong></span> <span class='ocrx_word' id='word_1_217' title='bbox 1548 3056 1629 3108; x_wconf 87' lang='lat' dir='ltr'><strong>se,</strong></span> <span class='ocrx_word' id='word_1_218' title='bbox 1689 3046 1831 3112; x_wconf 88' lang='lat' dir='ltr'><strong>quod</strong></span> <span class='ocrx_word' id='word_1_219' title='bbox 1873 3049 2061 3103; x_wconf 77' lang='lat' dir='ltr'><strong>uxoris</strong></span> 
     </span>
    </p>
   </div>
   <div class='ocr_carea' id='block_1_33' title="bbox 2177 566 3730 656">
    <p class='ocr_par' dir='ltr' id='par_1_33' title="bbox 2177 566 3730 656">
     <span class='ocr_line' id='line_1_33' title="bbox 2177 566 3730 656; baseline 0.007 -37"><span class='ocrx_word' id='word_1_220' title='bbox 2177 566 2346 636; x_wconf 84' lang='lat' dir='ltr'><strong>ipsius</strong></span> <span class='ocrx_word' id='word_1_221' title='bbox 2376 568 2486 621; x_wconf 85' lang='lat' dir='ltr'><strong>vita</strong></span> <span class='ocrx_word' id='word_1_222' title='bbox 2514 568 2838 637; x_wconf 86' lang='lat' dir='ltr'><strong>composuit.</strong></span> <span class='ocrx_word' id='word_1_223' title='bbox 2875 588 2894 621; x_wconf 82' lang='grc' dir='ltr'><strong>ι</strong></span> <span class='ocrx_word' id='word_1_224' title='bbox 2926 569 3075 627; x_wconf 80' lang='lat' dir='ltr'><strong>Hanc</strong></span> <span class='ocrx_word' id='word_1_225' title='bbox 3106 571 3457 656; x_wconf 67' lang='lat' dir='ltr'><strong>scriptionem</strong></span> <span class='ocrx_word' id='word_1_226' title='bbox 3482 572 3730 637; x_wconf 69' lang='lat' dir='ltr'><strong>hactenus</strong></span> 
     </span>
    </p>
   </div>
   <div class='ocr_carea' id='block_1_34' title="bbox 2177 659 3730 733">
    <p class='ocr_par' dir='ltr' id='par_1_34' title="bbox 2177 659 3730 733">
     <span class='ocr_line' id='line_1_34' title="bbox 2177 659 3730 733; baseline 0.007 -22"><span class='ocrx_word' id='word_1_227' title='bbox 2177 675 2284 715; x_wconf 87' lang='lat' dir='ltr'><strong>non</strong></span> <span class='ocrx_word' id='word_1_228' title='bbox 2317 660 2467 714; x_wconf 88' lang='lat' dir='ltr'><strong>licnit</strong></span> <span class='ocrx_word' id='word_1_229' title='bbox 2496 660 2701 731; x_wconf 75' lang='lat' dir='ltr'><strong>videre.</strong></span> <span class='ocrx_word' id='word_1_230' title='bbox 2737 659 2928 731; x_wconf 67' lang='lat' dir='ltr'><strong>Exstat</strong></span> <span class='ocrx_word' id='word_1_231' title='bbox 2963 662 3126 718; x_wconf 89' lang='lat' dir='ltr'><strong>etiam</strong></span> <span class='ocrx_word' id='word_1_232' title='bbox 3166 664 3312 721; x_wconf 88' lang='lat' dir='ltr'><strong>inter</strong></span> <span class='ocrx_word' id='word_1_233' title='bbox 3353 679 3513 733; x_wconf 85' lang='lat' dir='ltr'><strong>opera</strong></span> <span class='ocrx_word' id='word_1_234' title='bbox 3556 675 3730 722; x_wconf 81' lang='lat' dir='ltr'><strong>sancto</strong></span> 
     </span>
    </p>
   </div>
   <div class='ocr_carea' id='block_1_35' title="bbox 2180 748 3734 826">
    <p class='ocr_par' dir='ltr' id='par_1_35' title="bbox 2180 748 3734 826">
     <span class='ocr_line' id='line_1_35' title="bbox 2180 748 3734 826; baseline 0.008 -24"><span class='ocrx_word' id='word_1_235' title='bbox 2180 748 2430 823; x_wconf 87' lang='lat' dir='ltr'><strong>Dionysio</strong></span> <span class='ocrx_word' id='word_1_236' title='bbox 2455 751 2796 823; x_wconf 71' lang='lat' dir='ltr'><strong>Areopagitae</strong></span> <span class='ocrx_word' id='word_1_237' title='bbox 2826 755 3109 821; x_wconf 82' lang='lat' dir='ltr'><strong>attribute,</strong></span> <span class='ocrx_word' id='word_1_238' title='bbox 3140 756 3280 826; x_wconf 87' lang='lat' dir='ltr'><strong>apud</strong></span> <span class='ocrx_word' id='word_1_239' title='bbox 3307 755 3523 812; x_wconf 84' lang='lat' dir='ltr'><strong>Petrum</strong></span> <span class='ocrx_word' id='word_1_240' title='bbox 3549 755 3734 814; x_wconf 83' lang='lat' dir='ltr'><strong>Lause-</strong></span> 
     </span>
    </p>
   </div>
   <div class='ocr_carea' id='block_1_36' title="bbox 2176 842 3731 921">
    <p class='ocr_par' dir='ltr' id='par_1_36' title="bbox 2176 842 3731 921">
     <span class='ocr_line' id='line_1_36' title="bbox 2176 842 3731 921; baseline 0.003 -24"><span class='ocrx_word' id='word_1_241' title='bbox 2176 843 2306 897; x_wconf 91' lang='lat' dir='ltr'><strong>lium</strong></span> <span class='ocrx_word' id='word_1_242' title='bbox 2341 851 2398 900; x_wconf 87' lang='lat' dir='ltr'><strong>et</strong></span> <span class='ocrx_word' id='word_1_243' title='bbox 2442 842 2815 900; x_wconf 85' lang='lat' dir='ltr'><strong>Balthasarem</strong></span> <span class='ocrx_word' id='word_1_244' title='bbox 2847 844 3192 911; x_wconf 88' lang='lat' dir='ltr'><strong>Corderium,</strong></span> <span class='ocrx_word' id='word_1_245' title='bbox 3234 847 3376 902; x_wconf 89' lang='lat' dir='ltr'><strong>illius</strong></span> <span class='ocrx_word' id='word_1_246' title='bbox 3404 847 3731 921; x_wconf 76' lang='lat' dir='ltr'><strong>Martyrium,</strong></span> 
     </span>
    </p>
   </div>
   <div class='ocr_carea' id='block_1_37' title="bbox 2177 935 3732 1009">
    <p class='ocr_par' dir='ltr' id='par_1_37' title="bbox 2177 935 3732 1009">
     <span class='ocr_line' id='line_1_37' title="bbox 2177 935 3732 1009; baseline 0.006 -22"><span class='ocrx_word' id='word_1_247' title='bbox 2177 944 2402 1001; x_wconf 76' lang='lat' dir='ltr'><strong>auctore</strong></span> <span class='ocrx_word' id='word_1_248' title='bbox 2454 935 2746 1005; x_wconf 78' lang='lat' dir='ltr'><strong>Methodio,</strong></span> <span class='ocrx_word' id='word_1_249' title='bbox 2790 938 2875 990; x_wconf 88' lang='lat' dir='ltr'><strong>vel</strong></span> <span class='ocrx_word' id='word_1_250' title='bbox 2921 938 3017 1009; x_wconf 91' lang='lat' dir='ltr'><strong>(ut</strong></span> <span class='ocrx_word' id='word_1_251' title='bbox 3047 938 3180 1006; x_wconf 86' lang='lat' dir='ltr'><strong>alii)</strong></span> <span class='ocrx_word' id='word_1_252' title='bbox 3230 940 3559 997; x_wconf 79' lang='lat' dir='ltr'><strong>Metrodoro.</strong></span> <span class='ocrx_word' id='word_1_253' title='bbox 3607 940 3732 997; x_wconf 82' lang='lat' dir='ltr'><strong>Illud</strong></span> 
     </span>
    </p>
   </div>
   <div class='ocr_carea' id='block_1_38' title="bbox 2176 1027 3735 1097">
    <p class='ocr_par' dir='ltr' id='par_1_38' title="bbox 2176 1027 3735 1097">
     <span class='ocr_line' id='line_1_38' title="bbox 2176 1027 3735 1097; baseline 0.003 -15"><span class='ocrx_word' id='word_1_254' title='bbox 2176 1036 2366 1082; x_wconf 85' lang='lat' dir='ltr'><strong>sancto</strong></span> <span class='ocrx_word' id='word_1_255' title='bbox 2402 1027 2677 1088; x_wconf 78' lang='lat' dir='ltr'><strong>Methodio</strong></span> <span class='ocrx_word' id='word_1_256' title='bbox 2726 1030 3048 1097; x_wconf 76' lang='lat' dir='ltr'><strong>patriarcha:</strong></span> <span class='ocrx_word' id='word_1_257' title='bbox 3100 1030 3382 1086; x_wconf 83' lang='lat' dir='ltr'><strong>ascribunt</strong></span> <span class='ocrx_word' id='word_1_258' title='bbox 3424 1032 3735 1087; x_wconf 80' lang='lat' dir='ltr'><strong>Anastasius</strong></span> 
     </span>
    </p>
   </div>
   <div class='ocr_carea' id='block_1_39' title="bbox 2175 1117 3737 1187">
    <p class='ocr_par' dir='ltr' id='par_1_39' title="bbox 2175 1117 3737 1187">
     <span class='ocr_line' id='line_1_39' title="bbox 2175 1117 3737 1187; baseline 0.001 -14"><span class='ocrx_word' id='word_1_259' title='bbox 2175 1117 2638 1183; x_wconf 84' lang='lat' dir='ltr'><strong>bibliothecarius,</strong></span> <span class='ocrx_word' id='word_1_260' title='bbox 2667 1120 2719 1172; x_wconf 89' lang='lat' dir='ltr'><strong>in</strong></span> <span class='ocrx_word' id='word_1_261' title='bbox 2749 1119 2977 1187; x_wconf 88' lang='lat' dir='ltr'><strong>epistola</strong></span> <span class='ocrx_word' id='word_1_262' title='bbox 3009 1120 3075 1174; x_wconf 89' lang='lat' dir='ltr'><strong>ad</strong></span> <span class='ocrx_word' id='word_1_263' title='bbox 3109 1119 3365 1176; x_wconf 88' lang='lat' dir='ltr'><strong>Carolum</strong></span> <span class='ocrx_word' id='word_1_264' title='bbox 3395 1120 3657 1187; x_wconf 84' lang='lat' dir='ltr'><strong>Calvum;</strong></span> <span class='ocrx_word' id='word_1_265' title='bbox 3687 1130 3737 1176; x_wconf 89' lang='lat' dir='ltr'><strong>et</strong></span> 
     </span>
    </p>
   </div>
   <div class='ocr_carea' id='block_1_40' title="bbox 2175 1210 3736 1283">
    <p class='ocr_par' dir='ltr' id='par_1_40' title="bbox 2175 1210 3736 1283">
     <span class='ocr_line' id='line_1_40' title="bbox 2175 1210 3736 1283; baseline 0.001 -18"><span class='ocrx_word' id='word_1_266' title='bbox 2175 1210 2540 1276; x_wconf 80' lang='lat' dir='ltr'><strong>Flodoardus,</strong></span> <span class='ocrx_word' id='word_1_267' title='bbox 2574 1211 2670 1266; x_wconf 89' lang='lat' dir='ltr'><strong>lib.</strong></span> <span class='ocrx_word' id='word_1_268' title='bbox 2706 1225 2767 1265; x_wconf 84' lang='grc' dir='ltr'><strong>ιιι</strong></span> <span class='ocrx_word' id='word_1_269' title='bbox 2802 1211 3054 1267; x_wconf 74' lang='lat' dir='ltr'><strong>Historia:</strong></span> <span class='ocrx_word' id='word_1_270' title='bbox 3086 1210 3378 1267; x_wconf 79' lang='lat' dir='ltr'><strong>Remensis</strong></span> <span class='ocrx_word' id='word_1_271' title='bbox 3414 1228 3538 1283; x_wconf 90' lang='lat' dir='ltr'><strong>cap.</strong></span> <span class='ocrx_word' id='word_1_272' title='bbox 3580 1228 3736 1279; x_wconf 83' lang='lat' dir='ltr'><strong>xvm;</strong></span> 
     </span>
    </p>
   </div>
   <div class='ocr_carea' id='block_1_41' title="bbox 2174 1301 3737 1373">
    <p class='ocr_par' dir='ltr' id='par_1_41' title="bbox 2174 1301 3737 1373">
     <span class='ocr_line' id='line_1_41' title="bbox 2174 1301 3737 1373; baseline -0.001 -16"><span class='ocrx_word' id='word_1_273' title='bbox 2174 1302 2265 1357; x_wconf 92' lang='lat' dir='ltr'><strong>ubi</strong></span> <span class='ocrx_word' id='word_1_274' title='bbox 2318 1316 2608 1358; x_wconf 81' lang='lat' dir='ltr'><strong>recensens</strong></span> <span class='ocrx_word' id='word_1_275' title='bbox 2649 1301 2924 1357; x_wconf 90' lang='lat' dir='ltr'><strong>llincmari</strong></span> <span class='ocrx_word' id='word_1_276' title='bbox 2981 1303 3220 1373; x_wconf 88' lang='lat' dir='ltr'><strong>episcopi</strong></span> <span class='ocrx_word' id='word_1_277' title='bbox 3275 1305 3505 1372; x_wconf 87' lang='lat' dir='ltr'><strong>scripta,</strong></span> <span class='ocrx_word' id='word_1_278' title='bbox 3560 1304 3737 1369; x_wconf 88' lang='lat' dir='ltr'><strong>addit;</strong></span> 
     </span>
    </p>
   </div>
   <div class='ocr_carea' id='block_1_42' title="bbox 2180 1393 3742 1466">
    <p class='ocr_par' dir='ltr' id='par_1_42' title="bbox 2180 1393 3742 1466">
     <span class='ocr_line' id='line_1_42' title="bbox 2180 1393 3742 1466; baseline -0.002 -15"><span class='ocrx_word' id='word_1_279' title='bbox 2180 1413 2199 1451; x_wconf 77' lang='grc' dir='ltr'><strong>ι</strong></span> <span class='ocrx_word' id='word_1_280' title='bbox 2232 1395 2305 1449; x_wconf 91' lang='lat' dir='ltr'><strong>De</strong></span> <span class='ocrx_word' id='word_1_281' title='bbox 2324 1393 2574 1462; x_wconf 86' lang='lat' dir='ltr'><strong>passione</strong></span> <span class='ocrx_word' id='word_1_282' title='bbox 2597 1395 2768 1451; x_wconf 85' lang='lat' dir='ltr'><strong>sancti</strong></span> <span class='ocrx_word' id='word_1_283' title='bbox 2799 1395 3063 1466; x_wconf 78' lang='lat' dir='ltr'><strong>Dionysii,</strong></span> <span class='ocrx_word' id='word_1_284' title='bbox 3083 1409 3111 1447; x_wconf 89' lang='lat' dir='ltr'><strong>a</strong></span> <span class='ocrx_word' id='word_1_285' title='bbox 3138 1394 3411 1450; x_wconf 81' lang='lat' dir='ltr'><strong>Methodio</strong></span> <span class='ocrx_word' id='word_1_286' title='bbox 3435 1394 3742 1451; x_wconf 85' lang='lat' dir='ltr'><strong>Constanti-</strong></span> 
     </span>
    </p>
   </div>
   <div class='ocr_carea' id='block_1_43' title="bbox 2175 1484 3741 1557">
    <p class='ocr_par' dir='ltr' id='par_1_43' title="bbox 2175 1484 3741 1557">
     <span class='ocr_line' id='line_1_43' title="bbox 2175 1484 3741 1557; baseline 0 -16"><span class='ocrx_word' id='word_1_287' title='bbox 2175 1487 2488 1557; x_wconf 90' lang='lat' dir='ltr'><strong>nopolitano</strong></span> <span class='ocrx_word' id='word_1_288' title='bbox 2526 1484 2715 1543; x_wconf 64' lang='lat' dir='ltr'><strong>Graece</strong></span> <span class='ocrx_word' id='word_1_289' title='bbox 2743 1487 2965 1551; x_wconf 88' lang='lat' dir='ltr'><strong>dictata,</strong></span> <span class='ocrx_word' id='word_1_290' title='bbox 3000 1495 3054 1542; x_wconf 95' lang='lat' dir='ltr'><strong>et</strong></span> <span class='ocrx_word' id='word_1_291' title='bbox 3076 1484 3145 1542; x_wconf 82' lang='lat' dir='ltr'><strong>ab</strong></span> <span class='ocrx_word' id='word_1_292' title='bbox 3173 1486 3463 1542; x_wconf 84' lang='lat' dir='ltr'><strong>Anastasio</strong></span> <span class='ocrx_word' id='word_1_293' title='bbox 3489 1486 3741 1541; x_wconf 66' lang='lat' dir='ltr'><strong>Romana</strong></span> 
     </span>
    </p>
   </div>
   <div class='ocr_carea' id='block_1_44' title="bbox 2173 1577 3741 1655">
    <p class='ocr_par' dir='ltr' id='par_1_44' title="bbox 2173 1577 3741 1655">
     <span class='ocr_line' id='line_1_44' title="bbox 2173 1577 3741 1655; baseline -0.004 -20"><span class='ocrx_word' id='word_1_294' title='bbox 2173 1579 2318 1655; x_wconf 78' lang='lat' dir='ltr'><strong>sedis</strong></span> <span class='ocrx_word' id='word_1_295' title='bbox 2344 1577 2539 1634; x_wconf 88' lang='lat' dir='ltr'><strong>Latine</strong></span> <span class='ocrx_word' id='word_1_296' title='bbox 2562 1579 2787 1647; x_wconf 86' lang='lat' dir='ltr'><strong>scripta.</strong></span> <span class='ocrx_word' id='word_1_297' title='bbox 2827 1599 2846 1632; x_wconf 78' lang='grc' dir='ltr'><strong>ι</strong></span> <span class='ocrx_word' id='word_1_298' title='bbox 2880 1577 2986 1633; x_wconf 91' lang='lat' dir='ltr'><strong>Sed</strong></span> <span class='ocrx_word' id='word_1_299' title='bbox 3017 1578 3132 1633; x_wconf 83' lang='lat' dir='ltr'><strong>haec</strong></span> <span class='ocrx_word' id='word_1_300' title='bbox 3157 1579 3224 1633; x_wconf 88' lang='lat' dir='ltr'><strong>ad</strong></span> <span class='ocrx_word' id='word_1_301' title='bbox 3260 1579 3401 1632; x_wconf 90' lang='lat' dir='ltr'><strong>diem</strong></span> <span class='ocrx_word' id='word_1_302' title='bbox 3434 1577 3469 1632; x_wconf 88' lang='lat'><strong><em>9</em></strong></span> <span class='ocrx_word' id='word_1_303' title='bbox 3500 1577 3741 1631; x_wconf 88' lang='lat' dir='ltr'><strong>Octobris</strong></span> 
     </span>
    </p>
   </div>
   <div class='ocr_carea' id='block_1_45' title="bbox 2173 1665 3742 1738">
    <p class='ocr_par' dir='ltr' id='par_1_45' title="bbox 2173 1665 3742 1738">
     <span class='ocr_line' id='line_1_45' title="bbox 2173 1665 3742 1738; baseline -0.003 -14"><span class='ocrx_word' id='word_1_304' title='bbox 2173 1680 2331 1727; x_wconf 84' lang='lat' dir='ltr'><strong>erunt</strong></span> <span class='ocrx_word' id='word_1_305' title='bbox 2353 1670 2737 1726; x_wconf 80' lang='lat' dir='ltr'><strong>examinanda.</strong></span> <span class='ocrx_word' id='word_1_306' title='bbox 2759 1670 2997 1738; x_wconf 89' lang='lat' dir='ltr'><strong>Denique</strong></span> <span class='ocrx_word' id='word_1_307' title='bbox 3012 1668 3249 1725; x_wconf 76' lang='lat' dir='ltr'><strong>Iacobus</strong></span> <span class='ocrx_word' id='word_1_308' title='bbox 3266 1665 3582 1732; x_wconf 88' lang='lat' dir='ltr'><strong>Gretserus,</strong></span> <span class='ocrx_word' id='word_1_309' title='bbox 3605 1675 3742 1722; x_wconf 85' lang='lat' dir='ltr'><strong>torno</strong></span> 
     </span>
    </p>
   </div>
   <div class='ocr_carea' id='block_1_46' title="bbox 2173 1756 3741 1828">
    <p class='ocr_par' dir='ltr' id='par_1_46' title="bbox 2173 1756 3741 1828">
     <span class='ocr_line' id='line_1_46' title="bbox 2173 1756 3741 1828; baseline -0.004 -12"><span class='ocrx_word' id='word_1_310' title='bbox 2173 1765 2412 1817; x_wconf 91' lang='lat' dir='ltr'><strong>secundo</strong></span> <span class='ocrx_word' id='word_1_311' title='bbox 2446 1763 2511 1816; x_wconf 92' lang='lat' dir='ltr'><strong>de</strong></span> <span class='ocrx_word' id='word_1_312' title='bbox 2538 1760 2711 1817; x_wconf 91' lang='lat' dir='ltr'><strong>Crnce</strong></span> <span class='ocrx_word' id='word_1_313' title='bbox 2730 1801 2745 1828; x_wconf 92' lang='lat'><strong>,</strong></span> <span class='ocrx_word' id='word_1_314' title='bbox 2790 1762 2932 1815; x_wconf 90' lang='lat' dir='ltr'><strong>inter</strong></span> <span class='ocrx_word' id='word_1_315' title='bbox 2962 1759 3232 1815; x_wconf 87' lang='lat' dir='ltr'><strong>Homelias</strong></span> <span class='ocrx_word' id='word_1_316' title='bbox 3257 1761 3323 1813; x_wconf 92' lang='lat' dir='ltr'><strong>de</strong></span> <span class='ocrx_word' id='word_1_317' title='bbox 3352 1768 3543 1813; x_wconf 87' lang='lat' dir='ltr'><strong>sancta</strong></span> <span class='ocrx_word' id='word_1_318' title='bbox 3574 1756 3741 1812; x_wconf 88' lang='lat' dir='ltr'><strong>Cruce</strong></span> 
     </span>
    </p>
   </div>
   <div class='ocr_carea' id='block_1_47' title="bbox 2171 1848 3739 1922">
    <p class='ocr_par' dir='ltr' id='par_1_47' title="bbox 2171 1848 3739 1922">
     <span class='ocr_line' id='line_1_47' title="bbox 2171 1848 3739 1922; baseline -0.004 -14"><span class='ocrx_word' id='word_1_319' title='bbox 2171 1853 2341 1909; x_wconf 80' lang='lat' dir='ltr'><strong>edidit</strong></span> <span class='ocrx_word' id='word_1_320' title='bbox 2370 1853 2602 1922; x_wconf 88' lang='lat' dir='ltr'><strong>aliquam</strong></span> <span class='ocrx_word' id='word_1_321' title='bbox 2626 1850 2880 1906; x_wconf 81' lang='lat' dir='ltr'><strong>Methodii</strong></span> <span class='ocrx_word' id='word_1_322' title='bbox 2903 1851 3163 1921; x_wconf 88' lang='lat' dir='ltr'><strong>episcopi,</strong></span> <span class='ocrx_word' id='word_1_323' title='bbox 3194 1850 3259 1905; x_wconf 89' lang='lat' dir='ltr'><strong>ad</strong></span> <span class='ocrx_word' id='word_1_324' title='bbox 3287 1865 3383 1904; x_wconf 81' lang='lat' dir='ltr'><strong>eos</strong></span> <span class='ocrx_word' id='word_1_325' title='bbox 3412 1848 3505 1918; x_wconf 91' lang='lat' dir='ltr'><strong>qni</strong></span> <span class='ocrx_word' id='word_1_326' title='bbox 3536 1848 3739 1919; x_wconf 75' lang='lat' dir='ltr'><strong>dicunt,</strong></span> 
     </span>
    </p>
   </div>
   <div class='ocr_carea' id='block_1_48' title="bbox 2174 1936 3737 2014">
    <p class='ocr_par' dir='ltr' id='par_1_48' title="bbox 2174 1936 3737 2014">
     <span class='ocr_line' id='line_1_48' title="bbox 2174 1936 3737 2014; baseline -0.005 -16"><span class='ocrx_word' id='word_1_327' title='bbox 2174 1962 2194 1998; x_wconf 73' lang='grc' dir='ltr'><strong>ι</strong></span> <span class='ocrx_word' id='word_1_328' title='bbox 2235 1944 2373 2011; x_wconf 80' lang='lat' dir='ltr'><strong>Quid</strong></span> <span class='ocrx_word' id='word_1_329' title='bbox 2408 1944 2611 2014; x_wconf 79' lang='lat' dir='ltr'><strong>proluit</strong></span> <span class='ocrx_word' id='word_1_330' title='bbox 2642 1943 2796 1998; x_wconf 91' lang='lat' dir='ltr'><strong>nobis</strong></span> <span class='ocrx_word' id='word_1_331' title='bbox 2830 1938 3000 1997; x_wconf 81' lang='lat' dir='ltr'><strong>Filius</strong></span> <span class='ocrx_word' id='word_1_332' title='bbox 3035 1940 3126 1996; x_wconf 90' lang='lat' dir='ltr'><strong>Dei</strong></span> <span class='ocrx_word' id='word_1_333' title='bbox 3161 1940 3459 1995; x_wconf 77' lang='lat' dir='ltr'><strong>cruciﬁxus</strong></span> <span class='ocrx_word' id='word_1_334' title='bbox 3488 1936 3545 1994; x_wconf 86' lang='lat' dir='ltr'><strong>in</strong></span> <span class='ocrx_word' id='word_1_335' title='bbox 3573 1947 3737 2003; x_wconf 81' lang='lat' dir='ltr'><strong>terra,</strong></span> 
     </span>
    </p>
   </div>
   <div class='ocr_carea' id='block_1_49' title="bbox 2168 2031 3738 2105">
    <p class='ocr_par' dir='ltr' id='par_1_49' title="bbox 2168 2031 3738 2105">
     <span class='ocr_line' id='line_1_49' title="bbox 2168 2031 3738 2105; baseline -0.006 -12"><span class='ocrx_word' id='word_1_336' title='bbox 2168 2045 2223 2093; x_wconf 87' lang='lat' dir='ltr'><strong>et</strong></span> <span class='ocrx_word' id='word_1_337' title='bbox 2246 2037 2406 2091; x_wconf 91' lang='lat' dir='ltr'><strong>homo</strong></span> <span class='ocrx_word' id='word_1_338' title='bbox 2431 2035 2709 2091; x_wconf 83' lang='lat' dir='ltr'><strong>factus?et</strong></span> <span class='ocrx_word' id='word_1_339' title='bbox 2736 2049 2907 2105; x_wconf 89' lang='lat' dir='ltr'><strong>quare</strong></span> <span class='ocrx_word' id='word_1_340' title='bbox 2932 2034 3111 2091; x_wconf 89' lang='lat' dir='ltr'><strong>crucis</strong></span> <span class='ocrx_word' id='word_1_341' title='bbox 3137 2033 3304 2103; x_wconf 74' lang='lat' dir='ltr'><strong>ﬁgura</strong></span> <span class='ocrx_word' id='word_1_342' title='bbox 3330 2034 3441 2102; x_wconf 91' lang='lat' dir='ltr'><strong>pati</strong></span> <span class='ocrx_word' id='word_1_343' title='bbox 3466 2031 3738 2096; x_wconf 88' lang='lat' dir='ltr'><strong>sustinuit,</strong></span> 
     </span>
    </p>
   </div>
   <div class='ocr_carea' id='block_1_50' title="bbox 2166 2122 3741 2196">
    <p class='ocr_par' dir='ltr' id='par_1_50' title="bbox 2166 2122 3741 2196">
     <span class='ocr_line' id='line_1_50' title="bbox 2166 2122 3741 2196; baseline -0.004 -14"><span class='ocrx_word' id='word_1_344' title='bbox 2166 2137 2222 2182; x_wconf 89' lang='lat' dir='ltr'><strong>et</strong></span> <span class='ocrx_word' id='word_1_345' title='bbox 2257 2142 2363 2182; x_wconf 92' lang='lat' dir='ltr'><strong>non</strong></span> <span class='ocrx_word' id='word_1_346' title='bbox 2412 2124 2626 2196; x_wconf 89' lang='lat' dir='ltr'><strong>aliquod</strong></span> <span class='ocrx_word' id='word_1_347' title='bbox 2672 2126 2816 2179; x_wconf 88' lang='lat' dir='ltr'><strong>aliud</strong></span> <span class='ocrx_word' id='word_1_348' title='bbox 2859 2124 3219 2195; x_wconf 81' lang='lat' dir='ltr'><strong>supplicium?</strong></span> <span class='ocrx_word' id='word_1_349' title='bbox 3265 2132 3321 2178; x_wconf 90' lang='lat' dir='ltr'><strong>et</strong></span> <span class='ocrx_word' id='word_1_350' title='bbox 3368 2139 3494 2192; x_wconf 69' lang='lat' dir='ltr'><strong>qua:</strong></span> <span class='ocrx_word' id='word_1_351' title='bbox 3544 2122 3741 2178; x_wconf 85' lang='lat' dir='ltr'><strong>utilitas</strong></span> 
     </span>
    </p>
   </div>
   <div class='ocr_carea' id='block_1_51' title="bbox 2168 2214 3741 2285">
    <p class='ocr_par' dir='ltr' id='par_1_51' title="bbox 2168 2214 3741 2285">
     <span class='ocr_line' id='line_1_51' title="bbox 2168 2214 3741 2285; baseline -0.003 -10"><span class='ocrx_word' id='word_1_352' title='bbox 2168 2219 2384 2275; x_wconf 84' lang='lat' dir='ltr'><strong>erucis?</strong></span> <span class='ocrx_word' id='word_1_353' title='bbox 2416 2236 2435 2272; x_wconf 85' lang='grc' dir='ltr'><strong>ι</strong></span> <span class='ocrx_word' id='word_1_354' title='bbox 2467 2218 2599 2273; x_wconf 92' lang='lat' dir='ltr'><strong>Item</strong></span> <span class='ocrx_word' id='word_1_355' title='bbox 2626 2217 2785 2271; x_wconf 90' lang='lat' dir='ltr'><strong>aliam</strong></span> <span class='ocrx_word' id='word_1_356' title='bbox 2812 2216 3053 2283; x_wconf 85' lang='lat' dir='ltr'><strong>ejusdem</strong></span> <span class='ocrx_word' id='word_1_357' title='bbox 3077 2214 3360 2281; x_wconf 78' lang='lat' dir='ltr'><strong>Methodii,</strong></span> <span class='ocrx_word' id='word_1_358' title='bbox 3393 2216 3466 2270; x_wconf 88' lang='lat' dir='ltr'><strong>ad</strong></span> <span class='ocrx_word' id='word_1_359' title='bbox 3494 2230 3589 2269; x_wconf 89' lang='lat' dir='ltr'><strong>eos</strong></span> <span class='ocrx_word' id='word_1_360' title='bbox 3612 2230 3741 2285; x_wconf 87' lang='lat' dir='ltr'><strong>quos</strong></span> 
     </span>
    </p>
   </div>
   <div class='ocr_carea' id='block_1_52' title="bbox 2166 2305 3739 2379">
    <p class='ocr_par' dir='ltr' id='par_1_52' title="bbox 2166 2305 3739 2379">
     <span class='ocr_line' id='line_1_52' title="bbox 2166 2305 3739 2379; baseline -0.004 -16"><span class='ocrx_word' id='word_1_361' title='bbox 2166 2311 2328 2379; x_wconf 84' lang='lat' dir='ltr'><strong>pudet</strong></span> <span class='ocrx_word' id='word_1_362' title='bbox 2363 2308 2540 2364; x_wconf 92' lang='lat' dir='ltr'><strong>crucis</strong></span> <span class='ocrx_word' id='word_1_363' title='bbox 2569 2306 2771 2362; x_wconf 88' lang='lat' dir='ltr'><strong>Christi</strong></span> <span class='ocrx_word' id='word_1_364' title='bbox 2799 2305 2896 2377; x_wconf 85' lang='lat' dir='ltr'><strong>(I).</strong></span> <span class='ocrx_word' id='word_1_365' title='bbox 2923 2324 2941 2359; x_wconf 85' lang='grc' dir='ltr'><strong>ι</strong></span> <span class='ocrx_word' id='word_1_366' title='bbox 2964 2306 3156 2361; x_wconf 84' lang='lat' dir='ltr'><strong>Exstat</strong></span> <span class='ocrx_word' id='word_1_367' title='bbox 3176 2306 3340 2360; x_wconf 87' lang='lat' dir='ltr'><strong>etiam</strong></span> <span class='ocrx_word' id='word_1_368' title='bbox 3363 2305 3507 2371; x_wconf 89' lang='lat' dir='ltr'><strong>apud</strong></span> <span class='ocrx_word' id='word_1_369' title='bbox 3522 2305 3739 2359; x_wconf 82' lang='lat' dir='ltr'><strong>citatum</strong></span> 
     </span>
    </p>
   </div>
   <div class='ocr_carea' id='block_1_53' title="bbox 2166 2397 3740 2469">
    <p class='ocr_par' dir='ltr' id='par_1_53' title="bbox 2166 2397 3740 2469">
     <span class='ocr_line' id='line_1_53' title="bbox 2166 2397 3740 2469; baseline -0.005 -14"><span class='ocrx_word' id='word_1_370' title='bbox 2166 2401 2539 2455; x_wconf 75' lang='lat' dir='ltr'><strong>Balsamonem</strong></span> <span class='ocrx_word' id='word_1_371' title='bbox 2563 2400 2749 2455; x_wconf 89' lang='lat' dir='ltr'><strong>Canon</strong></span> <span class='ocrx_word' id='word_1_372' title='bbox 2778 2399 2842 2453; x_wconf 88' lang='lat' dir='ltr'><strong>de</strong></span> <span class='ocrx_word' id='word_1_373' title='bbox 2869 2398 3357 2469; x_wconf 76' lang='lat' dir='ltr'><strong>segregationibus,</strong></span> <span class='ocrx_word' id='word_1_374' title='bbox 3384 2397 3504 2450; x_wconf 86' lang='lat' dir='ltr'><strong>sive</strong></span> <span class='ocrx_word' id='word_1_375' title='bbox 3530 2411 3740 2450; x_wconf 57' lang='lat' dir='ltr'><strong>excom-</strong></span> 
     </span>
    </p>
   </div>
   <div class='ocr_carea' id='block_1_54' title="bbox 2165 2488 3742 2562">
    <p class='ocr_par' dir='ltr' id='par_1_54' title="bbox 2165 2488 3742 2562">
     <span class='ocr_line' id='line_1_54' title="bbox 2165 2488 3742 2562; baseline -0.006 -15"><span class='ocrx_word' id='word_1_376' title='bbox 2165 2491 2624 2548; x_wconf 87' lang='lat' dir='ltr'><strong>municationibus</strong></span> <span class='ocrx_word' id='word_1_377' title='bbox 2644 2531 2659 2555; x_wconf 88' lang='lat'><strong>,</strong></span> <span class='ocrx_word' id='word_1_378' title='bbox 2694 2499 2747 2546; x_wconf 91' lang='lat' dir='ltr'><strong>et</strong></span> <span class='ocrx_word' id='word_1_379' title='bbox 2778 2490 2996 2562; x_wconf 84' lang='lat' dir='ltr'><strong>quidem</strong></span> <span class='ocrx_word' id='word_1_380' title='bbox 3033 2489 3351 2545; x_wconf 83' lang='lat' dir='ltr'><strong>monasticis</strong></span> <span class='ocrx_word' id='word_1_381' title='bbox 3372 2529 3388 2553; x_wconf 96' lang='lat'><strong>,</strong></span> <span class='ocrx_word' id='word_1_382' title='bbox 3421 2489 3504 2544; x_wconf 88' lang='lat' dir='ltr'><strong>uti</strong></span> <span class='ocrx_word' id='word_1_383' title='bbox 3536 2488 3742 2545; x_wconf 78' lang='lat' dir='ltr'><strong>videtur</strong></span> 
     </span>
    </p>
   </div>
   <div class='ocr_carea' id='block_1_55' title="bbox 2165 2578 3741 2651">
    <p class='ocr_par' dir='ltr' id='par_1_55' title="bbox 2165 2578 3741 2651">
     <span class='ocr_line' id='line_1_55' title="bbox 2165 2578 3741 2651; baseline -0.004 -11"><span class='ocrx_word' id='word_1_384' title='bbox 2165 2599 2232 2640; x_wconf 87' lang='lat' dir='ltr'><strong>ex</strong></span> <span class='ocrx_word' id='word_1_385' title='bbox 2288 2582 2441 2645; x_wconf 86' lang='lat' dir='ltr'><strong>titulo</strong></span> <span class='ocrx_word' id='word_1_386' title='bbox 2488 2582 2686 2651; x_wconf 71' lang='lat' dir='ltr'><strong>colligi.</strong></span> <span class='ocrx_word' id='word_1_387' title='bbox 2736 2580 2848 2637; x_wconf 86' lang='lat' dir='ltr'><strong>Nec</strong></span> <span class='ocrx_word' id='word_1_388' title='bbox 2898 2580 3209 2635; x_wconf 87' lang='lat' dir='ltr'><strong>dubitamus</strong></span> <span class='ocrx_word' id='word_1_389' title='bbox 3254 2578 3385 2649; x_wconf 84' lang='lat' dir='ltr'><strong>quin</strong></span> <span class='ocrx_word' id='word_1_390' title='bbox 3420 2578 3583 2633; x_wconf 88' lang='lat' dir='ltr'><strong>varia</strong></span> <span class='ocrx_word' id='word_1_391' title='bbox 3632 2578 3741 2647; x_wconf 74' lang='lat' dir='ltr'><strong>ejus</strong></span> 
     </span>
    </p>
   </div>
   <div class='ocr_carea' id='block_1_56' title="bbox 2164 2669 3735 2733">
    <p class='ocr_par' dir='ltr' id='par_1_56' title="bbox 2164 2669 3735 2733">
     <span class='ocr_line' id='line_1_56' title="bbox 2164 2669 3735 2733; baseline -0.006 0"><span class='ocrx_word' id='word_1_392' title='bbox 2164 2685 2517 2733; x_wconf 82' lang='lat' dir='ltr'><strong>monumenta</strong></span> <span class='ocrx_word' id='word_1_393' title='bbox 2566 2677 2744 2730; x_wconf 89' lang='lat' dir='ltr'><strong>adhuc</strong></span> <span class='ocrx_word' id='word_1_394' title='bbox 2785 2673 2993 2728; x_wconf 87' lang='lat' dir='ltr'><strong>lateant</strong></span> <span class='ocrx_word' id='word_1_395' title='bbox 3039 2673 3090 2727; x_wconf 91' lang='lat' dir='ltr'><strong>in</strong></span> <span class='ocrx_word' id='word_1_396' title='bbox 3143 2671 3309 2725; x_wconf 89' lang='lat' dir='ltr'><strong>variis</strong></span> <span class='ocrx_word' id='word_1_397' title='bbox 3343 2669 3735 2726; x_wconf 88' lang='lat' dir='ltr'><strong>bibliothecis:</strong></span> 
     </span>
    </p>
   </div>
   <div class='ocr_carea' id='block_1_57' title="bbox 2162 2762 3741 2842">
    <p class='ocr_par' dir='ltr' id='par_1_57' title="bbox 2162 2762 3741 2842">
     <span class='ocr_line' id='line_1_57' title="bbox 2162 2762 3741 2842; baseline -0.007 -17"><span class='ocrx_word' id='word_1_398' title='bbox 2162 2772 2409 2842; x_wconf 78' lang='lat' dir='ltr'><strong>quaedam</strong></span> <span class='ocrx_word' id='word_1_399' title='bbox 2435 2770 2600 2825; x_wconf 87' lang='lat' dir='ltr'><strong>etiam</strong></span> <span class='ocrx_word' id='word_1_400' title='bbox 2626 2767 2929 2836; x_wconf 88' lang='lat' dir='ltr'><strong>prodierint</strong></span> <span class='ocrx_word' id='word_1_401' title='bbox 2951 2764 3053 2821; x_wconf 86' lang='lat' dir='ltr'><strong>sub</strong></span> <span class='ocrx_word' id='word_1_402' title='bbox 3086 2765 3304 2819; x_wconf 89' lang='lat' dir='ltr'><strong>nomine</strong></span> <span class='ocrx_word' id='word_1_403' title='bbox 3334 2763 3518 2818; x_wconf 86' lang='lat' dir='ltr'><strong>sancti</strong></span> <span class='ocrx_word' id='word_1_404' title='bbox 3549 2762 3741 2816; x_wconf 80' lang='lat' dir='ltr'><strong>Metho-</strong></span> 
     </span>
    </p>
   </div>
   <div class='ocr_carea' id='block_1_58' title="bbox 2163 2856 3740 2932">
    <p class='ocr_par' dir='ltr' id='par_1_58' title="bbox 2163 2856 3740 2932">
     <span class='ocr_line' id='line_1_58' title="bbox 2163 2856 3740 2932; baseline -0.007 -15"><span class='ocrx_word' id='word_1_405' title='bbox 2163 2862 2257 2928; x_wconf 89' lang='lat' dir='ltr'><strong>dii,</strong></span> <span class='ocrx_word' id='word_1_406' title='bbox 2284 2861 2518 2932; x_wconf 89' lang='lat' dir='ltr'><strong>episcopi</strong></span> <span class='ocrx_word' id='word_1_407' title='bbox 2544 2875 2609 2915; x_wconf 90' lang='lat' dir='ltr'><strong>ac</strong></span> <span class='ocrx_word' id='word_1_408' title='bbox 2632 2859 2883 2930; x_wconf 78' lang='lat' dir='ltr'><strong>martyris</strong></span> <span class='ocrx_word' id='word_1_409' title='bbox 2902 2859 2952 2912; x_wconf 93' lang='lat' dir='ltr'><strong>in</strong></span> <span class='ocrx_word' id='word_1_410' title='bbox 2970 2856 3152 2928; x_wconf 85' lang='lat' dir='ltr'><strong>Lycia,</strong></span> <span class='ocrx_word' id='word_1_411' title='bbox 3179 2871 3237 2910; x_wconf 90' lang='grc' dir='ltr'><strong>ιιι</strong></span> <span class='ocrx_word' id='word_1_412' title='bbox 3260 2870 3384 2910; x_wconf 66' lang='lat' dir='ltr'><strong>saec.</strong></span> <span class='ocrx_word' id='word_1_413' title='bbox 3413 2869 3539 2923; x_wconf 82' lang='lat' dir='ltr'><strong>quae</strong></span> <span class='ocrx_word' id='word_1_414' title='bbox 3561 2867 3740 2911; x_wconf 86' lang='lat' dir='ltr'><strong>revera</strong></span> 
     </span>
    </p>
   </div>
   <div class='ocr_carea' id='block_1_59' title="bbox 2165 2946 3739 3022">
    <p class='ocr_par' dir='ltr' id='par_1_59' title="bbox 2165 2946 3739 3022">
     <span class='ocr_line' id='line_1_59' title="bbox 2165 2946 3739 3022; baseline -0.007 -15"><span class='ocrx_word' id='word_1_415' title='bbox 2165 2950 2751 3022; x_wconf 85' lang='lat' dir='ltr'><strong>Constantinopolitani</strong></span> <span class='ocrx_word' id='word_1_416' title='bbox 2784 2950 2942 3018; x_wconf 88' lang='lat' dir='ltr'><strong>hujus</strong></span> <span class='ocrx_word' id='word_1_417' title='bbox 2971 2951 3111 3014; x_wconf 90' lang='lat' dir='ltr'><strong>sint;</strong></span> <span class='ocrx_word' id='word_1_418' title='bbox 3145 2958 3311 3017; x_wconf 88' lang='lat' dir='ltr'><strong>atque</strong></span> <span class='ocrx_word' id='word_1_419' title='bbox 3342 2946 3617 3016; x_wconf 85' lang='lat' dir='ltr'><strong>imprimis</strong></span> <span class='ocrx_word' id='word_1_420' title='bbox 3642 2959 3701 2999; x_wconf 87' lang='lat' dir='ltr'><strong>ea</strong></span> <span class='ocrx_word' id='word_1_421' title='bbox 3722 2981 3739 3007; x_wconf 89' lang='lat'><strong>,</strong></span> 
     </span>
    </p>
   </div>
   <div class='ocr_carea' id='block_1_60' title="bbox 2165 3031 3743 3111">
    <p class='ocr_par' dir='ltr' id='par_1_60' title="bbox 2165 3031 3743 3111">
     <span class='ocr_line' id='line_1_60' title="bbox 2165 3031 3743 3111; baseline -0.008 -13"><span class='ocrx_word' id='word_1_422' title='bbox 2165 3057 2324 3111; x_wconf 88' lang='lat' dir='ltr'><strong>quam</strong></span> <span class='ocrx_word' id='word_1_423' title='bbox 2366 3040 2402 3094; x_wconf 76' lang='lat'><strong>2</strong></span> <span class='ocrx_word' id='word_1_424' title='bbox 2431 3039 2717 3105; x_wconf 80' lang='lat' dir='ltr'><strong>Februarii</strong></span> <span class='ocrx_word' id='word_1_425' title='bbox 2754 3038 2983 3110; x_wconf 74' lang='lat' dir='ltr'><strong>ailegavi</strong></span> <span class='ocrx_word' id='word_1_426' title='bbox 3024 3052 3091 3092; x_wconf 81' lang='lat' dir='ltr'><strong>ex</strong></span> <span class='ocrx_word' id='word_1_427' title='bbox 3137 3035 3492 3101; x_wconf 88' lang='lat' dir='ltr'><strong>Combetisio,</strong></span> <span class='ocrx_word' id='word_1_428' title='bbox 3541 3031 3743 3088; x_wconf 87' lang='lat' dir='ltr'><strong>de.Si-.</strong></span> 
     </span>
    </p>
   </div>
   <div class='ocr_carea' id='block_1_61' title="bbox 481 3108 3745 3212">
    <p class='ocr_par' dir='ltr' id='par_1_61' title="bbox 481 3108 3745 3212">
     <span class='ocr_line' id='line_1_61' title="bbox 481 3108 3745 3212; baseline 0.001 -39"><span class='ocrx_word' id='word_1_429' title='bbox 481 3116 656 3212; x_wconf 62' lang='grc' dir='ltr'><strong>ἀθροιί</strong></span> <span class='ocrx_word' id='word_1_430' title='bbox 694 3108 1060 3212; x_wconf 76' lang='lat' dir='ltr'><strong>Theophanis,</strong></span> <span class='ocrx_word' id='word_1_431' title='bbox 1105 3126 1220 3196; x_wconf 82' lang='lat' dir='ltr'><strong>jam</strong></span> <span class='ocrx_word' id='word_1_432' title='bbox 1254 3129 1579 3185; x_wconf 86' lang='lat' dir='ltr'><strong>monacham</strong></span> <span class='ocrx_word' id='word_1_433' title='bbox 1619 3108 1839 3202; x_wconf 78' lang='lat' dir='ltr'><strong>indutae,</strong></span> <span class='ocrx_word' id='word_1_434' title='bbox 1872 3148 2055 3191; x_wconf 47' lang='lat' dir='ltr'><strong>certas</strong></span> <span class='ocrx_word' id='word_1_435' title='bbox 2085 3154 2127 3212; x_wconf 69' lang='grc' dir='ltr'><strong>ρ</strong></span> <span class='ocrx_word' id='word_1_436' title='bbox 2162 3108 2355 3188; x_wconf 81' lang='lat' dir='ltr'><strong>meone</strong></span> <span class='ocrx_word' id='word_1_437' title='bbox 2382 3139 2438 3185; x_wconf 93' lang='lat' dir='ltr'><strong>et</strong></span> <span class='ocrx_word' id='word_1_438' title='bbox 2466 3131 2619 3186; x_wconf 86' lang='lat' dir='ltr'><strong>Anna</strong></span> <span class='ocrx_word' id='word_1_439' title='bbox 2654 3128 2767 3199; x_wconf 74' lang='lat'><strong>(‘2);</strong></span> <span class='ocrx_word' id='word_1_440' title='bbox 2801 3108 3077 3201; x_wconf 77' lang='lat' dir='ltr'><strong>quamque</strong></span> <span class='ocrx_word' id='word_1_441' title='bbox 3096 3126 3396 3184; x_wconf 85' lang='lat' dir='ltr'><strong>Casimirus</strong></span> <span class='ocrx_word' id='word_1_442' title='bbox 3428 3124 3656 3196; x_wconf 83' lang='lat' dir='ltr'><strong>Oudini,</strong></span> <span class='ocrx_word' id='word_1_443' title='bbox 3690 3122 3745 3191; x_wconf 72' lang='lat' dir='ltr'><strong>in</strong></span> 
     </span>
    </p>
   </div>
   <div class='ocr_carea' id='block_1_62' title="bbox 482 3202 3747 3295">
    <p class='ocr_par' dir='ltr' id='par_1_62' title="bbox 482 3202 3747 3295">
     <span class='ocr_line' id='line_1_62' title="bbox 482 3202 3747 3295; baseline 0.001 -32"><span class='ocrx_word' id='word_1_444' title='bbox 482 3202 628 3295; x_wconf 60' lang='lat' dir='ltr'><strong>mina</strong></span> <span class='ocrx_word' id='word_1_445' title='bbox 662 3214 720 3271; x_wconf 80' lang='lat' dir='ltr'><strong>et</strong></span> <span class='ocrx_word' id='word_1_446' title='bbox 759 3209 1019 3267; x_wconf 86' lang='lat' dir='ltr'><strong>miracula</strong></span> <span class='ocrx_word' id='word_1_447' title='bbox 1062 3215 1302 3273; x_wconf 87' lang='lat' dir='ltr'><strong>scribere</strong></span> <span class='ocrx_word' id='word_1_448' title='bbox 1336 3222 1772 3289; x_wconf 68' lang='lat' dir='ltr'><strong>praetermiserit,</strong></span> <span class='ocrx_word' id='word_1_449' title='bbox 1805 3239 1871 3278; x_wconf 92' lang='lat' dir='ltr'><strong>eo</strong></span> <span class='ocrx_word' id='word_1_450' title='bbox 1916 3228 2060 3295; x_wconf 88' lang='lat' dir='ltr'><strong>quod</strong></span> <span class='ocrx_word' id='word_1_451' title='bbox 2090 3202 2127 3212; x_wconf 36' lang='lat' dir='ltr'><strong>V</strong></span> <span class='ocrx_word' id='word_1_452' title='bbox 2164 3223 2547 3294; x_wconf 87' lang='lat' dir='ltr'><strong>Supplemento</strong></span> <span class='ocrx_word' id='word_1_453' title='bbox 2594 3221 3095 3277; x_wconf 83' lang='lat' dir='ltr'><strong>Ecelesiasticorum</strong></span> <span class='ocrx_word' id='word_1_454' title='bbox 3149 3219 3512 3289; x_wconf 85' lang='lat' dir='ltr'><strong>scriptorum.</strong></span> <span class='ocrx_word' id='word_1_455' title='bbox 3555 3221 3747 3277; x_wconf 75' lang='lat' dir='ltr'><strong>metito</strong></span> 
     </span>
    </p>
   </div>
   <div class='ocr_carea' id='block_1_63' title="bbox 488 3291 2060 3385">
    <p class='ocr_par' dir='ltr' id='par_1_63' title="bbox 488 3291 2060 3385">
     <span class='ocr_line' id='line_1_63' title="bbox 488 3291 2060 3385; baseline 0.015 -36"><span class='ocrx_word' id='word_1_456' title='bbox 488 3291 806 3385; x_wconf 17' lang='lat' dir='ltr'><strong>tAPrteclaro</strong></span> <span class='ocrx_word' id='word_1_457' title='bbox 838 3302 906 3358; x_wconf 90' lang='lat' dir='ltr'><strong>ab</strong></span> <span class='ocrx_word' id='word_1_458' title='bbox 929 3304 1043 3373; x_wconf 87' lang='lat' dir='ltr'><strong>ipsa</strong></span> <span class='ocrx_word' id='word_1_459' title='bbox 1075 3303 1348 3378; x_wconf 80' lang='lat' dir='ltr'><strong>factorum</strong></span> <span class='ocrx_word' id='word_1_460' title='bbox 1378 3325 1524 3381; x_wconf 84' lang='lat' dir='ltr'><strong>pars.</strong></span> <span class='ocrx_word' id='word_1_461' title='bbox 1552 3314 1619 3367; x_wconf 89' lang='lat' dir='ltr'><strong>ad</strong></span> <span class='ocrx_word' id='word_1_462' title='bbox 1647 3291 2060 3385; x_wconf 35' lang='lat' dir='ltr'><strong>legentium&#39;uti-</strong></span> 
     </span>
    </p>
   </div>
   <div class='ocr_carea' id='block_1_64' title="bbox 482 3382 2055 3474">
    <p class='ocr_par' dir='ltr' id='par_1_64' title="bbox 482 3382 2055 3474">
     <span class='ocr_line' id='line_1_64' title="bbox 482 3382 2055 3474; baseline 0.01 -28"><span class='ocrx_word' id='word_1_463' title='bbox 482 3382 693 3452; x_wconf 67' lang='lat' dir='ltr'><strong>malem</strong></span> <span class='ocrx_word' id='word_1_464' title='bbox 733 3390 947 3462; x_wconf 74' lang='lat' dir='ltr'><strong>vulgata</strong></span> <span class='ocrx_word' id='word_1_465' title='bbox 987 3408 1248 3454; x_wconf 86' lang='lat' dir='ltr'><strong>noscatur</strong></span> <span class='ocrx_word' id='word_1_466' title='bbox 1276 3413 1307 3453; x_wconf 89' lang='lat' dir='ltr'><strong>a</strong></span> <span class='ocrx_word' id='word_1_467' title='bbox 1346 3382 2055 3474; x_wconf 55' lang='lat' dir='ltr'><strong>sanctissimapatriarcha</strong></span> 
     </span>
    </p>
   </div>
   <div class='ocr_carea' id='block_1_65' title="bbox 552 3498 2032 3587">
    <p class='ocr_par' dir='ltr' id='par_1_65' title="bbox 552 3498 2032 3587">
     <span class='ocr_line' id='line_1_65' title="bbox 552 3498 2032 3587; baseline 0.014 -33"><span class='ocrx_word' id='word_1_468' title='bbox 552 3501 634 3573; x_wconf 86' lang='lat' dir='ltr'><strong>(I)</strong></span> <span class='ocrx_word' id='word_1_469' title='bbox 662 3498 889 3573; x_wconf 78' lang='lat' dir='ltr'><strong>Exstant</strong></span> <span class='ocrx_word' id='word_1_470' title='bbox 919 3510 1081 3581; x_wconf 85' lang='lat' dir='ltr'><strong>hujus</strong></span> <span class='ocrx_word' id='word_1_471' title='bbox 1115 3504 1455 3587; x_wconf 73' lang='lat' dir='ltr'><strong>Patrologias,</strong></span> <span class='ocrx_word' id='word_1_472' title='bbox 1491 3527 1530 3571; x_wconf 92' lang='lat' dir='ltr'><strong>t.</strong></span> <span class='ocrx_word' id='word_1_473' title='bbox 1559 3518 1744 3587; x_wconf 81' lang='lat' dir='ltr'><strong>XVIII,</strong></span> <span class='ocrx_word' id='word_1_474' title='bbox 1771 3520 1874 3575; x_wconf 90' lang='lat' dir='ltr'><strong>col.</strong></span> <span class='ocrx_word' id='word_1_475' title='bbox 1905 3521 2032 3578; x_wconf 77' lang='lat'><strong>598.</strong></span> 
     </span>
    </p>
   </div>
   <div class='ocr_carea' id='block_1_66' title="bbox 2164 3313 2828 3385">
    <p class='ocr_par' dir='ltr' id='par_1_66' title="bbox 2164 3313 2828 3385">
     <span class='ocr_line' id='line_1_66' title="bbox 2164 3313 2828 3385; baseline -0.011 -12"><span class='ocrx_word' id='word_1_476' title='bbox 2164 3316 2365 3373; x_wconf 86' lang='lat' dir='ltr'><strong>seniori</strong></span> <span class='ocrx_word' id='word_1_477' title='bbox 2401 3316 2489 3377; x_wconf 78' lang='lat' dir='ltr'><strong>isti</strong></span> <span class='ocrx_word' id='word_1_478' title='bbox 2530 3313 2828 3385; x_wconf 51' lang='lat' dir='ltr'><strong>abjudicat.</strong></span> 
     </span>
    </p>
   </div>
   <div class='ocr_carea' id='block_1_67' title="bbox 2246 3514 2989 3593">
    <p class='ocr_par' dir='ltr' id='par_1_67' title="bbox 2246 3514 2989 3593">
     <span class='ocr_line' id='line_1_67' title="bbox 2246 3514 2989 3593; baseline -0.011 -17"><span class='ocrx_word' id='word_1_479' title='bbox 2246 3519 2323 3593; x_wconf 72' lang='lat'><strong>(2)</strong></span> <span class='ocrx_word' id='word_1_480' title='bbox 2359 3520 2543 3576; x_wconf 81' lang='lat' dir='ltr'><strong>Exstat</strong></span> <span class='ocrx_word' id='word_1_481' title='bbox 2570 3516 2699 3572; x_wconf 89' lang='lat' dir='ltr'><strong>ibid.</strong></span> <span class='ocrx_word' id='word_1_482' title='bbox 2730 3514 2834 3572; x_wconf 87' lang='lat' dir='ltr'><strong>col.</strong></span> <span class='ocrx_word' id='word_1_483' title='bbox 2862 3514 2989 3571; x_wconf 62' lang='lat'><strong>347.</strong></span> 
     </span>
    </p>
   </div>
   <div class='ocr_carea' id='block_1_68' title="bbox 1440 3801 2782 3935">
    <p class='ocr_par' dir='ltr' id='par_1_68' title="bbox 1440 3801 2782 3935">
     <span class='ocr_line' id='line_1_68' title="bbox 1440 3801 2782 3935; baseline 0 -20"><span class='ocrx_word' id='word_1_484' title='bbox 1440 3801 1960 3927; x_wconf 84' lang='lat' dir='ltr'><strong>SANCTI</strong></span> <span class='ocrx_word' id='word_1_485' title='bbox 2065 3802 2782 3935; x_wconf 82' lang='lat' dir='ltr'><strong>METHODII</strong></span> 
     </span>
    </p>
   </div>
   <div class='ocr_carea' id='block_1_69' title="bbox 765 4034 3447 4145">
    <p class='ocr_par' dir='ltr' id='par_1_69' title="bbox 765 4034 3447 4145">
     <span class='ocr_line' id='line_1_69' title="bbox 765 4034 3447 4145; baseline -0.003 -4"><span class='ocrx_word' id='word_1_486' title='bbox 765 4034 1297 4145; x_wconf 77' lang='lat' dir='ltr'><strong>HOMILIA</strong></span> <span class='ocrx_word' id='word_1_487' title='bbox 1370 4043 1517 4132; x_wconf 84' lang='lat' dir='ltr'><strong>DE</strong></span> <span class='ocrx_word' id='word_1_488' title='bbox 1591 4044 1971 4143; x_wconf 82' lang='lat' dir='ltr'><strong>CRUCE</strong></span> <span class='ocrx_word' id='word_1_489' title='bbox 2045 4038 2196 4135; x_wconf 86' lang='lat' dir='ltr'><strong>ET</strong></span> <span class='ocrx_word' id='word_1_490' title='bbox 2267 4040 2851 4143; x_wconf 80' lang='lat' dir='ltr'><strong>PASSIONE’</strong></span> <span class='ocrx_word' id='word_1_491' title='bbox 2915 4038 3447 4141; x_wconf 66' lang='lat' dir='ltr'><strong>CHRISTI.</strong></span> 
     </span>
    </p>
   </div>
   <div class='ocr_carea' id='block_1_70' title="bbox 1433 4232 2794 4299">
    <p class='ocr_par' dir='ltr' id='par_1_70' title="bbox 1433 4232 2794 4299">
     <span class='ocr_line' id='line_1_70' title="bbox 1433 4232 2794 4299; baseline -0.002 -13"><span class='ocrx_word' id='word_1_492' title='bbox 1433 4232 1695 4299; x_wconf 74' lang='lat' dir='ltr'><strong>(Gnmxn.</strong></span> <span class='ocrx_word' id='word_1_493' title='bbox 1714 4234 1781 4289; x_wconf 73' lang='lat' dir='ltr'><strong>de</strong></span> <span class='ocrx_word' id='word_1_494' title='bbox 1800 4238 1967 4289; x_wconf 80' lang='lat' dir='ltr'><strong>sancta</strong></span> <span class='ocrx_word' id='word_1_495' title='bbox 1991 4243 2156 4299; x_wconf 77' lang='lat' dir='ltr'><strong>cruce,</strong></span> <span class='ocrx_word' id='word_1_496' title='bbox 2181 4238 2217 4286; x_wconf 71' lang='grc' dir='ltr'>ι.</span> <span class='ocrx_word' id='word_1_497' title='bbox 2244 4235 2307 4297; x_wconf 86' lang='grc'><strong>11,</strong></span> <span class='ocrx_word' id='word_1_498' title='bbox 2333 4237 2416 4288; x_wconf 91' lang='lat' dir='ltr'><strong>ed.</strong></span> <span class='ocrx_word' id='word_1_499' title='bbox 2444 4247 2558 4286; x_wconf 86' lang='lat' dir='ltr'><strong>nov.</strong></span> <span class='ocrx_word' id='word_1_500' title='bbox 2585 4249 2634 4298; x_wconf 71' lang='grc' dir='ltr'><strong>ρ.</strong></span> <span class='ocrx_word' id='word_1_501' title='bbox 2661 4232 2794 4296; x_wconf 71' lang='grc'>401.)</span> 
     </span>
    </p>
   </div>
   <div class='ocr_carea' id='block_1_71' title="bbox 760 4373 3434 4452">
    <p class='ocr_par' dir='ltr' id='par_1_71' title="bbox 760 4373 3434 4452">
     <span class='ocr_line' id='line_1_71' title="bbox 760 4373 3434 4452; baseline -0.001 -21"><span class='ocrx_word' id='word_1_502' title='bbox 760 4377 984 4448; x_wconf 67' lang='lat' dir='ltr'><strong>(Exstat</strong></span> <span class='ocrx_word' id='word_1_503' title='bbox 1006 4382 1143 4436; x_wconf 78' lang='lat' dir='ltr'><strong>inter</strong></span> <span class='ocrx_word' id='word_1_504' title='bbox 1169 4384 1341 4451; x_wconf 76' lang='lat' dir='ltr'><strong>Opera</strong></span> <span class='ocrx_word' id='word_1_505' title='bbox 1370 4380 1434 4437; x_wconf 80' lang='lat' dir='ltr'><strong>S.</strong></span> <span class='ocrx_word' id='word_1_506' title='bbox 1473 4380 1731 4438; x_wconf 70' lang='lat' dir='ltr'><strong>Hetlrodii</strong></span> <span class='ocrx_word' id='word_1_507' title='bbox 1758 4384 2033 4452; x_wconf 76' lang='lat' dir='ltr'><strong>martyris,</strong></span> <span class='ocrx_word' id='word_1_508' title='bbox 2058 4381 2572 4452; x_wconf 72' lang='lat' dir='ltr'><strong>huim.Parrologiw</strong></span> <span class='ocrx_word' id='word_1_509' title='bbox 2635 4389 2766 4437; x_wconf 87' lang='lat' dir='ltr'><strong>tom.</strong></span> <span class='ocrx_word' id='word_1_510' title='bbox 2800 4377 2981 4445; x_wconf 81' lang='lat' dir='ltr'><strong>XVIII,</strong></span> <span class='ocrx_word' id='word_1_511' title='bbox 3015 4378 3119 4435; x_wconf 86' lang='lat' dir='ltr'><strong>col.</strong></span> <span class='ocrx_word' id='word_1_512' title='bbox 3152 4378 3257 4433; x_wconf 78' lang='lat'><strong>597</strong></span> <span class='ocrx_word' id='word_1_513' title='bbox 3291 4373 3434 4445; x_wconf 84' lang='lat' dir='ltr'><strong>seq.)</strong></span> 
     </span>
    </p>
   </div>
   <div class='ocr_carea' id='block_1_72' title="bbox 1443 4719 2781 4840">
    <p class='ocr_par' dir='ltr' id='par_1_72' title="bbox 1443 4719 2781 4840">
     <span class='ocr_line' id='line_1_72' title="bbox 1443 4719 2781 4840; baseline -0.006 0"><span class='ocrx_word' id='word_1_514' title='bbox 1443 4722 1961 4840; x_wconf 82' lang='lat' dir='ltr'><strong>SANCTI</strong></span> <span class='ocrx_word' id='word_1_515' title='bbox 2063 4719 2781 4834; x_wconf 84' lang='lat' dir='ltr'><strong>METHODII</strong></span> 
     </span>
    </p>
   </div>
   <div class='ocr_carea' id='block_1_73' title="bbox 1309 4941 2905 5017">
    <p class='ocr_par' dir='ltr' id='par_1_73' title="bbox 1309 4941 2905 5017">
     <span class='ocr_line' id='line_1_73' title="bbox 1309 4941 2905 5017; baseline -0.006 -4"><span class='ocrx_word' id='word_1_516' title='bbox 1309 4946 1843 5013; x_wconf 72' lang='lat' dir='ltr'><strong>PATRIARCHE</strong></span> <span class='ocrx_word' id='word_1_517' title='bbox 1903 4941 2905 5017; x_wconf 70' lang='grc' dir='ltr'><strong>(ΣΟΝΞΤΑΝΤΙΝΟΡΟΗΤΑΝΙἰ</strong></span> 
     </span>
    </p>
   </div>
   <div class='ocr_carea' id='block_1_74' title="bbox 1067 5122 3141 5261">
    <p class='ocr_par' dir='ltr' id='par_1_74' title="bbox 1067 5122 3141 5261">
     <span class='ocr_line' id='line_1_74' title="bbox 1067 5122 3141 5261; baseline -0.006 -39"><span class='ocrx_word' id='word_1_518' title='bbox 1067 5126 1528 5241; x_wconf 79' lang='lat' dir='ltr'><strong>ORATIO</strong></span> <span class='ocrx_word' id='word_1_519' title='bbox 1602 5128 1731 5219; x_wconf 90' lang='lat' dir='ltr'><strong>IN</strong></span> <span class='ocrx_word' id='word_1_520' title='bbox 1824 5123 2359 5216; x_wconf 82' lang='lat' dir='ltr'><strong>SANCTAM</strong></span> <span class='ocrx_word' id='word_1_521' title='bbox 2435 5122 2993 5261; x_wconf 66' lang='lat' dir='ltr'><strong>AGATHAM</strong></span> <span class='ocrx_word' id='word_1_522' title='bbox 3063 5144 3141 5241; x_wconf 57' lang='grc' dir='ltr'>ι,</span> 
     </span>
    </p>
   </div>
   <div class='ocr_carea' id='block_1_75' title="bbox 1711 5318 2499 5387">
    <p class='ocr_par' dir='ltr' id='par_1_75' title="bbox 1711 5318 2499 5387">
     <span class='ocr_line' id='line_1_75' title="bbox 1711 5318 2499 5387; baseline -0.009 -13"><span class='ocrx_word' id='word_1_523' title='bbox 1711 5322 1992 5387; x_wconf 63' lang='lat' dir='ltr'><strong>(Leonam</strong></span> <span class='ocrx_word' id='word_1_524' title='bbox 2016 5318 2147 5369; x_wconf 64' lang='lat' dir='ltr'><strong>Pan</strong></span> <span class='ocrx_word' id='word_1_525' title='bbox 2170 5318 2499 5380; x_wconf 76' lang='lat' dir='ltr'><strong>Inter-prere.)</strong></span> 
     </span>
    </p>
   </div>
   <div class='ocr_carea' id='block_1_76' title="bbox 541 5468 3728 5558">
    <p class='ocr_par' dir='ltr' id='par_1_76' title="bbox 541 5468 3728 5558">
     <span class='ocr_line' id='line_1_76' title="bbox 541 5468 3728 5558; baseline -0.008 -10"><span class='ocrx_word' id='word_1_526' title='bbox 541 5490 597 5548; x_wconf 74' lang='grc' dir='ltr'><strong>Ι.</strong></span> <span class='ocrx_word' id='word_1_527' title='bbox 641 5484 906 5557; x_wconf 78' lang='lat' dir='ltr'><strong>Quoniam</strong></span> <span class='ocrx_word' id='word_1_528' title='bbox 936 5488 1168 5558; x_wconf 72' lang='lat' dir='ltr'><strong>ipsumet</strong></span> <span class='ocrx_word' id='word_1_529' title='bbox 1199 5483 1490 5547; x_wconf 78' lang='lat' dir='ltr'><strong>admiratio</strong></span> <span class='ocrx_word' id='word_1_530' title='bbox 1514 5495 1603 5538; x_wconf 85' lang='lat' dir='ltr'><strong>me</strong></span> <span class='ocrx_word' id='word_1_531' title='bbox 1642 5480 1708 5536; x_wconf 87' lang='lat' dir='ltr'><strong>ad</strong></span> <span class='ocrx_word' id='word_1_532' title='bbox 1751 5479 2042 5535; x_wconf 82' lang='lat' dir='ltr'><strong>dicendum</strong></span> <span class='ocrx_word' id='word_1_533' title='bbox 2075 5475 2121 5531; x_wconf 91' lang='lat' dir='ltr'><strong>D</strong></span> <span class='ocrx_word' id='word_1_534' title='bbox 2149 5471 2276 5527; x_wconf 87' lang='lat' dir='ltr'><strong>dum</strong></span> <span class='ocrx_word' id='word_1_535' title='bbox 2307 5485 2396 5526; x_wconf 90' lang='lat' dir='ltr'><strong>me</strong></span> <span class='ocrx_word' id='word_1_536' title='bbox 2418 5469 2677 5540; x_wconf 64' lang='lat' dir='ltr'><strong>impellit;</strong></span> <span class='ocrx_word' id='word_1_537' title='bbox 2715 5480 2908 5527; x_wconf 87' lang='lat' dir='ltr'><strong>contra</strong></span> <span class='ocrx_word' id='word_1_538' title='bbox 2937 5486 3066 5527; x_wconf 79' lang='lat' dir='ltr'><strong>vero</strong></span> <span class='ocrx_word' id='word_1_539' title='bbox 3096 5471 3385 5541; x_wconf 82' lang='lat' dir='ltr'><strong>ipsummet</strong></span> <span class='ocrx_word' id='word_1_540' title='bbox 3409 5468 3728 5526; x_wconf 78' lang='lat' dir='ltr'><strong>desiderium</strong></span> 
     </span>
    </p>
   </div>
   <div class='ocr_carea' id='block_1_77' title="bbox 466 5569 2047 5650">
    <p class='ocr_par' dir='ltr' id='par_1_77' title="bbox 466 5569 2047 5650">
     <span class='ocr_line' id='line_1_77' title="bbox 466 5569 2047 5650; baseline -0.011 -10"><span class='ocrx_word' id='word_1_541' title='bbox 466 5580 765 5646; x_wconf 69' lang='lat' dir='ltr'><strong>excitavit;</strong></span> <span class='ocrx_word' id='word_1_542' title='bbox 786 5581 1044 5650; x_wconf 85' lang='lat' dir='ltr'><strong>quoniam</strong></span> <span class='ocrx_word' id='word_1_543' title='bbox 1073 5576 1466 5634; x_wconf 74' lang='lat' dir='ltr'><strong>voiuntasitem</strong></span> <span class='ocrx_word' id='word_1_544' title='bbox 1494 5574 1615 5644; x_wconf 86' lang='lat' dir='ltr'><strong>ipsa</strong></span> <span class='ocrx_word' id='word_1_545' title='bbox 1638 5572 1703 5629; x_wconf 86' lang='lat' dir='ltr'><strong>ad</strong></span> <span class='ocrx_word' id='word_1_546' title='bbox 1734 5569 2047 5627; x_wconf 85' lang='lat' dir='ltr'><strong>desideran-</strong></span> 
     </span>
    </p>
   </div>
   <div class='ocr_carea' id='block_1_78' title="bbox 2155 5562 3723 5635">
    <p class='ocr_par' dir='ltr' id='par_1_78' title="bbox 2155 5562 3723 5635">
     <span class='ocr_line' id='line_1_78' title="bbox 2155 5562 3723 5635; baseline -0.006 -14"><span class='ocrx_word' id='word_1_547' title='bbox 2155 5565 2287 5621; x_wconf 89' lang='lat' dir='ltr'><strong>mihi</strong></span> <span class='ocrx_word' id='word_1_548' title='bbox 2346 5564 2637 5635; x_wconf 83' lang='lat' dir='ltr'><strong>persuadet</strong></span> <span class='ocrx_word' id='word_1_549' title='bbox 2685 5574 2747 5617; x_wconf 88' lang='lat' dir='ltr'><strong>ut</strong></span> <span class='ocrx_word' id='word_1_550' title='bbox 2795 5564 3032 5623; x_wconf 87' lang='lat' dir='ltr'><strong>maxime</strong></span> <span class='ocrx_word' id='word_1_551' title='bbox 3064 5564 3223 5619; x_wconf 82' lang='lat' dir='ltr'><strong>velim</strong></span> <span class='ocrx_word' id='word_1_552' title='bbox 3280 5565 3433 5619; x_wconf 89' lang='lat' dir='ltr'><strong>vobis</strong></span> <span class='ocrx_word' id='word_1_553' title='bbox 3476 5562 3723 5619; x_wconf 85' lang='lat' dir='ltr'><strong>omnibus</strong></span> 
     </span>
    </p>
   </div>
   <div class='ocr_carea' id='block_1_79' title="bbox 545 5674 3722 5758">
    <p class='ocr_par' dir='ltr' id='par_1_79' title="bbox 545 5674 3722 5758">
     <span class='ocr_line' id='line_1_79' title="bbox 545 5674 3722 5758; baseline -0.007 -7"><span class='ocrx_word' id='word_1_554' title='bbox 545 5698 561 5717; x_wconf 82' lang='lat'><strong><em>‘</em></strong></span> <span class='ocrx_word' id='word_1_555' title='bbox 589 5695 832 5750; x_wconf 63' lang='lat' dir='ltr'><strong>Connrr.</strong></span> <span class='ocrx_word' id='word_1_556' title='bbox 884 5693 1142 5750; x_wconf 85' lang='lat' dir='ltr'><strong>Biblioth.</strong></span> <span class='ocrx_word' id='word_1_557' title='bbox 1197 5690 1444 5749; x_wconf 82' lang='lat' dir='ltr'><strong>concion.</strong></span> <span class='ocrx_word' id='word_1_558' title='bbox 1508 5699 1545 5743; x_wconf 87' lang='lat' dir='ltr'><strong>t.</strong></span> <span class='ocrx_word' id='word_1_559' title='bbox 1584 5689 1671 5755; x_wconf 73' lang='lat' dir='ltr'><strong>V&#39;I,</strong></span> <span class='ocrx_word' id='word_1_560' title='bbox 1702 5703 1756 5758; x_wconf 87' lang='lat' dir='ltr'><strong>p.</strong></span> <span class='ocrx_word' id='word_1_561' title='bbox 1805 5688 1931 5742; x_wconf 72' lang='lat'><strong>725.</strong></span> <span class='ocrx_word' id='word_1_562' title='bbox 1971 5683 2050 5743; x_wconf 87' lang='lat' dir='ltr'><strong>Ex</strong></span> <span class='ocrx_word' id='word_1_563' title='bbox 2080 5696 2185 5741; x_wconf 90' lang='lat' dir='ltr'><strong>ms.</strong></span> <span class='ocrx_word' id='word_1_564' title='bbox 2227 5680 2337 5736; x_wconf 76' lang='lat' dir='ltr'><strong>PP;</strong></span> <span class='ocrx_word' id='word_1_565' title='bbox 2379 5679 2617 5739; x_wconf 85' lang='lat' dir='ltr'><strong>Oratorii</strong></span> <span class='ocrx_word' id='word_1_566' title='bbox 2665 5679 2871 5746; x_wconf 62' lang='lat' dir='ltr'><strong>Romae,</strong></span> <span class='ocrx_word' id='word_1_567' title='bbox 2909 5680 3261 5751; x_wconf 76' lang='lat' dir='ltr'><strong>producente.</strong></span> <span class='ocrx_word' id='word_1_568' title='bbox 3321 5679 3479 5734; x_wconf 74' lang='lat' dir='ltr'><strong>Joan.</strong></span> <span class='ocrx_word' id='word_1_569' title='bbox 3525 5674 3722 5731; x_wconf 74' lang='lat' dir='ltr'><strong>Deliam.</strong></span> 
     </span>
    </p>
   </div>
   <div class='ocr_carea' id='block_1_80' title="bbox 473 5765 792 5825">
    <p class='ocr_par' dir='ltr' id='par_1_80' title="bbox 473 5765 792 5825">
     <span class='ocr_line' id='line_1_80' title="bbox 473 5765 792 5825; baseline -0.016 -1"><span class='ocrx_word' id='word_1_570' title='bbox 473 5766 544 5825; x_wconf 81' lang='lat' dir='ltr'><strong>ad</strong></span> <span class='ocrx_word' id='word_1_571' title='bbox 571 5765 604 5819; x_wconf 78' lang='grc'>5</span> <span class='ocrx_word' id='word_1_572' title='bbox 634 5765 792 5819; x_wconf 79' lang='lat' dir='ltr'><strong>Febr.</strong></span> 
     </span>
    </p>
   </div>
  </div>
