4024 6426
260 369 396 443 1273

1429 373 1719 435 ORATIO
1755 374 1839 435 IN
1882 374 1943 435 S.
1986 376 2377 437 AGATHAM.

3402 369 3537 437 1274

255 481 472 551 (Fatros
514 477 820 548 fratresque
852 485 1118 550 quotquot
1177 479 1338 536 simul
1379 479 1468 536 bic
1512 482 1749 548 adestis,
1781 496 1844 536 ac
1873 487 1921 544 Α
2022 482 2123 553 (‘5).
2157 481 2222 538 Et
2253 482 2512 553 quoniam
2555 482 2622 536 de
2648 480 2735 547 iis,
2763 494 2884 550 qum
2914 480 2981 535 ad
3013 478 3212 535 liberos
3240 479 3540 551 gignendos

254 586 422 643 prope
465 585 552 629 me
578 570 815 642 astatis),
850 579 908 625 nt
943 587 1011 628 ex
1034 587 1153 627 mea
1191 573 1571 631 taciturnitate
1602 576 1653 629 in
1678 575 1841 631 verba

255 676 600 733 prorumpam
634 662 1002 718 admiratione
1028 672 1328 732 permotus,
1366 673 1421 719 et
1460 665 1718 720 desiderii
1762 666 1841 720 si-

256 753 521 824 lentiique
576 755 677 812 mei
715 756 941 811 vinculis
998 756 1326 813 solutionem
1362 756 1638 813 inveniam
1665 801 1679 825 ,
1740 761 1845 815 hac

253 848 605 904 mettioranda
641 848 727 902 die
752 857 954 902 sancta:
981 849 1237 920 martyris
1258 847 1482 919 Agatbze
1511 850 1843 906 cruciatibus

251 947 614 1006 consecrata;
674 940 930 1009 quodque
989 954 1086 994 vos
1136 941 1403 995 attonitos
1458 940 1672 1006 reddit,
1742 940 1844 996 hoc

252 1030 504 1099 equidem
553 1045 620 1083 ex
660 1045 777 1083 mea
823 1028 907 1083 vel
956 1029 1208 1099 loquendi
1257 1030 1576 1100 impotentia
1607 1032 1842 1087 admira-

251 1121 466 1176 bundus
522 1121 769 1190 eloquar.
827 1119 967 1175 Sunt
1016 1122 1242 1193 etenim,
1283 1132 1409 1177 sunt
1446 1124 1718 1177 n0nnullm
1753 1140 1842 1179 res

251 1211 478 1268 Omnino
515 1221 710 1281 printer
764 1210 1076 1281 opinionem
1115 1204 1487 1280 admirabiles,
1533 1230 1655 1285 quae
1702 1215 1844 1270 sicut

251 1303 546 1374 aliqmtndo
587 1304 864 1360 silentium
913 1304 1158 1379 pariunt,
1215 1306 1289 1360 ita
1339 1307 1509 1361 etiam
1547 1308 1843 1375 aliquando

251 1402 552 1464 suggerunt
580 1394 891 1467 facundiam
920 1412 935 1450 :
967 1397 1112 1465 quod
1143 1406 1433 1467 utrumque
1464 1398 1608 1467 parit
1635 1400 1856 1469 magni--

249 1487 386 1542 tudo
422 1486 705 1551 miraculi,
739 1497 905 1557 atque
946 1486 1066 1558 ipsa
1106 1488 1268 1558 plane
1306 1492 1609 1559 argumenti
1651 1492 1844 1562 ampli-

248 1576 405 1633 tudo.
439 1577 554 1633 Hoc
602 1587 783 1632 autem
831 1579 1111 1649 publicum
1142 1589 1304 1650 atque
1349 1582 1673 1640 inusitatum
1716 1598 1841 1653 spc-

250 1671 526 1728 ctaculum
553 1710 569 1736 ,
601 1671 689 1727 cui
739 1672 823 1727 vel
861 1675 962 1744 ipsi
1001 1674 1147 1733 oculi
1189 1673 1393 1729 faciunt
1427 1674 1583 1731 fidem
1622 1676 1843 1748 (quippe

248 1761 411 1815 valde
446 1772 643 1830 praeter
675 1764 986 1832 opinionem
1019 1765 1133 1833 jam
1167 1766 1376 1836 pridem
1415 1766 1539 1830 fuit)
1592 1768 1842 1825 adductis

248 1847 311 1904 in
371 1849 612 1904 medium
672 1853 976 1908 rationibus
1025 1834 1302 1925 explicare
1345 1858 1695 1913 contendam.
1747 1858 1843 1914 Est
1874 1834 1916 1889 Β

246 1942 423 2008 enim,
458 1953 544 1997 est
595 1945 738 2001 sicut
768 1944 821 1998 in
860 1946 1179 2017 compositis
1231 1950 1598 2015 sermonibus,
1655 1965 1843 2006 semen

247 2033 502 2095 fecunda:
552 2038 835 2106 sapientia:
883 2028 1000 2106 ipsa
1049 2050 1446 2109 praeceptorum
1492 2042 1840 2111 observatio,

245 2126 328 2185 ita
367 2128 751 2183 miraculorum
784 2131 1050 2186 exltibitio
1071 2142 1290 2187 emanat
1321 2148 1387 2186 ex
1433 2134 1697 2205 martyrio
1719 2150 1843 2204 pro.

245 2230 378 2291 pter
411 2220 600 2289 Deum,
631 2234 796 2291 atque
818 2237 883 2279 ex
915 2224 1231 2295 virginitate
1260 2235 1317 2279 et
1343 2226 1581 2294 puritate
1617 2226 1841 2294 mentis,

244 2326 379 2382 qua:
435 2320 562 2368 sunt
609 2328 735 2368 vera
791 2312 1105 2369 divinarum
1155 2315 1416 2371 virtutum
1477 2317 1841 2375 imitamenta.

244 2402 411 2469 Quod
446 2402 613 2471 igitur
657 2403 724 2466 ad
777 2404 1170 2465 miraculorum
1222 2403 1561 2461 eﬂectionem
1610 2416 1844 2475 spectat,

243 2493 356 2546 sub
394 2491 557 2553 flriem
614 2494 770 2550 vobis
823 2494 1146 2551 edisseram.
1175 2494 1331 2551 Nunc
1375 2513 1527 2565 vero,
1557 2509 1612 2551 ut
1638 2500 1844 2568 princi-

244 2584 407 2655 pium
441 2584 700 2638 narrandi
743 2582 963 2651 faciam,
1000 2586 1173 2656 ipsum
1227 2598 1523 2659 martyrem
1561 2605 1844 2646 commen-

246 2675 427 2741 dabo;
486 2690 608 2746 quae
662 2678 906 2746 quidem,
960 2680 1036 2734 uti
1071 2679 1345 2747 dicebam,
1402 2681 1525 2737 fons
1564 2694 1648 2739 est
1683 2693 1847 2757 atque

246 2767 411 2839 origo
439 2768 827 2823 miraculorum
852 2786 868 2837 ;
899 2780 954 2825 et
984 2772 1219 2841 primum
1248 2775 1468 2842 quidem
1511 2776 1757 2842 ubinam,
1792 2788 1847 2834 et

248 2876 422 2933 quam
451 2860 522 2919 ob
538 2876 757 2923 causam
781 2866 1156 2928 convenimus,
1189 2866 1346 2934 plane
1379 2868 1698 2923 edisseram.

327 2952 384 3008 2.
416 2955 813 3010 Annivcrsaria
862 2966 1065 3019 sanctae
1094 2959 1356 3030 martyris
1397 2962 1846 3019 commemoratio

248 3048 309 3109 iu
339 3063 508 3102 unum
539 3048 687 3103 hunc
714 3048 897 3103 locum
923 3064 1025 3106 nos
1044 3067 1235 3108 omnes
1254 3053 1492 3126 collegit,
1524 3057 1849 3123 utnostis,ov

248 3140 366 3195 mei
396 3141 696 3209 auditores,
729 3141 969 3211 antiqua:
999 3143 1219 3213 quidem
1251 3148 1509 3218 martyris
1534 3157 1588 3203 et
1638 3150 1845 3219 prima-

249 3237 358 3291 ria
404 3236 627 3306 propter
673 3237 888 3307 insigne
919 3247 1226 3305 certamen,
1285 3241 1383 3296 sed
1417 3258 1546 3298 vero
1588 3245 1842 3312 recentis,

248 3343 381 3404 qua:
411 3328 568 3403 quasi
630 3344 774 3384 nunc
810 3330 1141 3386 decertando
1171 3331 1355 3391 vincat
1387 3343 1611 3405 propter
1666 3336 1844 3390 divina

248 3422 545 3484 miracula,
596 3421 793 3491 quibus
834 3423 1082 3501 quotidie
1139 3436 1459 3492 coronatur,
1510 3426 1848 3498 pulchreque

250 3516 575 3577 decoratur.
605 3514 879 3586 Martyris,
906 3530 1027 3586 quae
1054 3527 1361 3585 Opportuno
1392 3518 1612 3588 quidem
1644 3528 1849 3589 tempo-

252 3623 318 3664 re
344 3607 588 3667 ostendit
620 3607 825 3662 amoris
856 3608 1110 3662 ardorem
1147 3608 1231 3662 sui
1263 3624 1390 3675 erga
1428 3611 1616 3675 Deum,
1671 3612 1847 3666 conti-

250 3697 388 3759 nuis
409 3711 538 3752 vero
569 3695 983 3766 tempestatibus
1016 3696 1069 3751 in
1108 3713 1272 3752 manu
1320 3697 1490 3753 liabet
1554 3699 1848 3755 miraculo-

251 3806 383 3844 rum
407 3788 485 3861 (l)
516 3797 838 3859 potestatem
865 3799 920 3843 et
945 3786 1289 3844 efficientiam
1311 3804 1407 3859 pro
1428 3788 1578 3858 jnsta
1598 3806 1851 3847 remune-

254 3881 477 3939 ratione
498 3897 513 3946 ;
534 3879 977 3949 quandoquidem
1000 3888 1054 3935 et
1077 3878 1236 3934 fortis
1261 3881 1429 3934 animi
1454 3882 1851 3953 promptitudo,

251 3960 369 4045 qua
402 3975 623 4044 prazdita
655 3982 795 4038 erat,
825 3981 881 4028 et
917 3987 1144 4041 corpore
1174 3981 1397 4042 propter
1430 3972 1601 4030 Deum
1637 3975 1852 4044 penitus

253 4066 522 4125 dilectum
577 4065 910 4130 declaratur,
953 4074 1012 4118 ut
1046 4056 1384 4135 quzécunque
1415 4065 1723 4134 acciperet,
1765 4083 1852 4123 re-

256 4159 552 4213 tribueret.
589 4154 691 4209 Dat
723 4155 941 4225 quidem
969 4153 1058 4208 illa
1091 4169 1312 4224 corpus,
1342 4164 1398 4210 et
1423 4154 1636 4210 firmum
1670 4155 1854 4213 liberte

255 4249 556 4305 voluntatis
581 4247 939 4317 propositum,
972 4254 1141 4314 atque
1182 4246 1298 4302 haec
1341 4261 1371 4300 a
1406 4245 1516 4301 Deo
1559 4247 1851 4305 obﬁrmata

251 4341 413 4413 iuxta
456 4338 697 4395 divinam
752 4337 1095 4404 electionem,
1147 4339 1345 4408 recipit
1390 4349 1572 4395 autem
1615 4342 1852 4399 nominis

253 4432 590 4495 claritatem,
632 4438 688 4484 et
737 4429 943 4500 regium
972 4430 1245 4495 diadema,
1307 4429 1571 4485 illustrior
1625 4429 1847 4497 effecta,

1943 575 2236 645 pertinent,
2256 575 2504 638 memini,
2522 576 2696 644 deque
2712 574 2859 643 regio
2879 573 3185 627 diademate
3204 573 3538 628 intentionem

1944 666 2070 733 feci,
2131 667 2317 722 dicere
2365 665 2479 736 jam
2518 664 2798 734 incipiam.
2836 662 3030 718 Mulier
3060 664 3280 734 quidem
3310 674 3397 719 est
3439 678 3539 734 per

1944 757 2116 813 solam
2152 768 2435 824 naturam,
2474 772 2581 813 non
2625 756 2844 827 quidem
2883 770 2981 825 per
3020 755 3368 824 electionem,
3398 756 3539 811 sicut

1951 851 2220 919 reliquum
2250 849 2576 905 feminarum
2619 847 2782 919 273
2840 862 3041 918 genus;
3083 863 3337 917 quarum,
3378 846 3536 914 quasi

1944 943 2385 1014 prmsagientinm
2423 943 2630 1008 futura,
2664 942 3001 997 consuetudo
3025 941 3187 996 etiam
3224 940 3281 995 in
3310 938 3537 995 ludicris

1943 1036 2279 1106 puellaribus
2313 1051 2538 1107 operam
2575 1045 2743 1090 navat
2775 1035 2962 1089 liberis
2995 1033 3294 1089 educandis
3326 1047 3389 1087 ac
3439 1047 3540 1086 nu‘

1948 1127 2176 1183 triendis
2208 1144 2222 1181 :
2256 1129 2350 1182 sed
2376 1127 2558 1195 virgo,
2585 1140 2706 1196 quae
2738 1141 2805 1179 ne
2839 1125 3076 1179 ludendo
3110 1124 3329 1195 quidem
3379 1122 3535 1193 puel-

1948 1217 2088 1272 lares
2120 1218 2349 1289 ineptias
2404 1219 2698 1293 aliquando
2741 1216 2993 1288 effingere
3034 1218 3147 1271 visa
3182 1224 3286 1269 est.
3321 1213 3536 1279 Mulier,

1944 1308 2081 1374 dixi,
2111 1308 2206 1363 sed
2246 1308 2450 1373 addidi,
2485 1308 2656 1375 virgo.
2704 1306 2896 1365 Mulier
2945 1306 3162 1376 quidem
3193 1347 3208 1372 ,
3243 1312 3535 1375 propterea

1946 1402 2088 1473 quod
2117 1416 2145 1454 ει
2175 1401 2443 1472 principio
2480 1402 2547 1455 ab
2580 1403 2827 1470 sapiente
2853 1400 3025 1453 Adam
3064 1400 3207 1470 (erat
3233 1397 3377 1451 enim
3410 1407 3537 1450 tunc

1947 1509 2072 1550 vere
2093 1478 2347 1567 sapiens,
2393 1496 2592 1564 quippe
2639 1492 2877 1547 nondum
2917 1493 2967 1547 in
3017 1500 3298 1562 peccatum
3328 1490 3535 1558 lapsus)

1946 1586 2256 1658 impositum
2315 1588 2417 1643 hoc
2456 1601 2656 1644 nomen
2682 1586 2805 1651 fuit.
2834 1585 3094 1640 Scribens
3128 1584 3271 1638 enim
3301 1581 3536 1653 Moyses,

1947 1679 2186 1749 ingenue
2244 1677 2412 1733 etiam
2486 1676 2723 1731 nominis
2781 1674 3324 1742 interpretationem,
3373 1685 3536 1741 quan

1945 1770 2191 1825 Adamus
2212 1770 2444 1834 addidit,
2477 1768 2757 1832 indicavit,
2794 1767 2979 1820 dicens
3006 1783 3019 1821 :
3060 1764 3186 1818 fla-c
3218 1772 3437 1817 vocatur
3462 1761 3540 1815 vi-

1947 1874 2095 1927 rago,
2130 1858 2381 1928 quoniam
2415 1872 2480 1911 ex
2524 1857 2632 1915 viro
2663 1863 2874 1924 sumpta
2920 1863 2994 1908 est
3042 1853 3097 1919 ‘;
3137 1853 3301 1921 Virgo
3329 1860 3533 1913 autem,

1946 1950 2090 2020 quod
2122 1964 2189 2004 ex
2217 1949 2545 2003 immortalis
2593 1947 2685 2002 Dei
2720 1945 2874 2000 Verbi
2907 1945 3071 2016 (quod
3104 1942 3268 1998 etiam
3313 1950 3535 2011 propter

1948 2055 2035 2095 me
2070 2042 2122 2095 in
2151 2056 2316 2096 carne
2349 2056 2445 2095 sua
2481 2049 2710 2094 mortem
2744 2038 3005 2108 gustavit)
3042 2035 3387 2104 indivisoqne
3442 2033 3536 2087 [ὶεί

1947 2132 2086 2188 Filio
2107 2142 2230 2186 nata
2256 2141 2363 2197 est,
2395 2142 2452 2185 ιιι
2480 2130 3048 2200 loquitur'l‘beologus
3076 2127 3333 2189 Joannes,
3365 2125 3536 2192 Quot-

1946 2234 2073 2297 quot
2136 2237 2312 2279 autem
2367 2233 2669 2292 receperunt
2722 2240 2862 2284 eum,
2906 2223 3051 2275 dedit
3107 2220 3182 2274 eis
3224 2227 3538 2288 potestatem

1947 2320 2088 2389 ﬁlios
2128 2316 2224 2371 Dei
2271 2316 2456 2386 ﬁeri”,
2487 2325 2595 2369 etc.
2636 2312 2828 2366 Mulier
2855 2312 3020 2381 igitur
3052 2312 3231 2380 virgo,
3266 2323 3387 2378 qua:
3444 2322 3537 2359 vos

1948 2409 2204 2466 invitavit
2239 2410 2306 2471 ad
2360 2417 2607 2462 nostrum
2667 2405 2980 2476 religiosum
3029 2403 3284 2473 epulum,
3319 2400 3411 2454 illa
3453 2408 3542 2453 est

1949 2504 2142 2558 mulier
2173 2504 2311 2558 bene
2371 2502 2640 2570 desponsa
2675 2500 2766 2551 uni
2797 2498 2918 2551 viro
2951 2496 3171 2552 Christo
3203 2495 3245 2558 ⁸,
3273 2503 3328 2547 ιιι
3359 2493 3540 2546 verbis

1949 2604 2071 2649 utar
2117 2593 2346 2662 apostoli
2385 2592 2534 2647 Pauli
2567 2590 2875 2645 detbalami
2909 2587 3294 2656 conjunctione
3318 2603 3331 2652 ;
3355 2586 3539 2654 Virgil.

1949 2687 2035 2742 cui
2071 2688 2235 2740 etiam
2283 2686 2396 2755 ipse
2428 2684 2665 2754 coniugii
2701 2698 2909 2751 auspex
2956 2696 3061 2735 non
3103 2680 3331 2734 incussit
3383 2677 3543 2731 timo-t

1950 2794 2088 2845 rem,
2123 2787 2307 2832 utrum
2330 2776 2693 2845 deciperetur,
2724 2772 3007 2831 sicutolim
3034 2771 3169 2826 aviae
3193 2778 3391 2824 nostra:
3419 2768 3547 2822 Eva:

1949 2872 2187 2931 Satanas
2217 2884 2312 2938 per
2341 2868 2669 2922 insidiosum
2702 2873 3040 2936 serpentem.
3076 2862 3290 2927 Mulier,
3318 2875 3439 2929 qua:
3468 2874 3536 2911 ne

1947 2974 2132 3027 notem
2156 2962 2375 3033 quidem
2414 2959 2630 3017 inflicta:
2650 2958 2751 3012 sibi
2788 2974 2816 3012 a
2853 2957 3016 3012 Decio
3044 2954 3215 3010 refert
3246 2950 3543 3006 laceratio!

1948 3059 2033 3112 nis
2072 3076 2085 3111 :
2120 3057 2309 3128 Virgo,
2362 3070 2484 3125 qua:
2516 3053 2839 3109 vulneribus
2886 3066 2916 3105 a
2959 3049 3261 3117 Quintiano
3316 3044 3539 3111 affecta,

1950 3149 2274 3204 dissimulat.
2306 3147 2522 3212 Mulier,
2554 3161 2675 3218 quae
2708 3144 3118 3216 tyrannicorum
3170 3136 3395 3211 ponderi
3421 3135 3538 3190 edi»

1949 3250 2158 3297 cturum
2208 3255 2314 3295 non
2373 3254 2434 3295 se
2488 3236 2775 3302 submisit;
2830 3235 3000 3306 virgo,
3050 3248 3170 3304 qum
3221 3229 3534 3301 principum

1952 3342 2125 3388 vestro
2188 3332 2521 3402 pcrcitornm
2553 3329 2742 3385 rabido
2772 3327 2941 3383 furori
2984 3341 3089 3380 non
3123 3323 3305 3379 cessit.
3327 3319 3543 3385 Mulier,

1949 3439 2071 3492 quas
2102 3423 2155 3478 in
2190 3432 2514 3491 tempestate
2563 3420 3001 3490 imperiosiorum
3055 3417 3315 3472 fluctuum
3369 3414 3544 3467 baud-

1951 3529 2227 3583 quaquam
2249 3513 2590 3583 naufragium
2625 3511 2751 3567 fecit
2776 3530 2790 3579 ;
2820 3511 2997 3580 virgo,
3026 3526 3144 3579 qua:
3179 3509 3232 3563 in
3268 3507 3403 3563 retia
3446 3521 3542 3576 ge-

1950 3606 2192 3661 rentium
2224 3604 2590 3676 principatum
2624 3620 2731 3659 non
2764 3604 2982 3658 incidit.
3021 3602 3230 3667 Mulier,
3268 3617 3391 3670 quae
3439 3600 3545 3655 fert

1946 3698 2174 3769 justitiae
2219 3697 2402 3767 leges;
2464 3698 2640 3768 virgo,
2670 3713 2789 3767 qua:
2825 3697 3043 3767 propria
3089 3695 3331 3749 scribere
3372 3707 3535 3746 manu

1950 3806 2108 3845 suum
2140 3806 2247 3845 non
2273 3798 2493 3844 veretur
2521 3790 2852 3850 institutum.
2887 3786 3098 3851 Mulier,
3131 3801 3253 3857 quae
3281 3784 3549 3841 tumidum

1950 3881 2224 3950 superbia:
2277 3882 2485 3936 fastum
2540 3870 2887 3951 subiugavit;
2935 3881 3107 3949 virgo,
3145 3892 3266 3948 quae
3293 3875 3551 3947 martyris

1952 3989 2171 4029 cursum
2206 3983 2428 4029 strenue
2467 3973 2695 4044 peregit.
2735 3971 2947 4039 Mulier,
2975 3986 3097 4041 quae
3149 3984 3253 4024 non
3306 3982 3548 4038 purpura

1952 4067 2056 4139 (2),
2090 4068 2396 4136 locatisque
2421 4065 2657 4129 umbris,
2678 4072 2735 4120 et
2758 4064 3079 4119 velamentis
3110 4062 3286 4117 vultus
3313 4059 3547 4115 formam

1953 4158 2175 4214 mentiri
2199 4172 2353 4212 suam
2387 4172 2544 4228 passa
2572 4166 2678 4222 est,
2713 4171 2899 4226 neque
2929 4153 3361 4217 medicamentis,
3390 4160 3445 4207 et
3474 4166 3545 4215 ex

1952 4250 2077 4303 vivo
2102 4260 2330 4321 argento
2384 4248 2671 4314 confectis,
2703 4259 2883 4304 vestes
2903 4289 2919 4316 ,
2960 4261 3329 4317 manuumque
3360 4245 3538 4303 linea-

1953 4349 2136 4394 menta
2180 4340 2436 4407 inficere;
2486 4340 2582 4395 sed
2648 4340 2824 4407 virgo,
2860 4353 2984 4407 qua:
3014 4336 3363 4392 conscientia:
3399 4351 3427 4388 a
3461 4333 3545 4387 lu-~

1954 4433 2124 4497 mine,
2163 4432 2465 4502 coloreque
2515 4431 2799 4502 sanguinis
2833 4430 2948 4483 veri
2987 4428 3273 4498 divinique
3313 4426 3452 4497 Agni
3490 4434 3547 4487 et

254 4537 427 4594 quam
480 4521 528 4576 si
575 4520 718 4576 filios
760 4528 853 4574 aut
905 4520 1045 4574 filias
1097 4528 1462 4589 procreasset,
1498 4527 1663 4589 atque
1702 4518 1840 4576 adeo
1881 4532 1922 4585 [)
1951 4520 2093 4576 labia
2124 4534 2222 4574 sua
2259 4530 2314 4575 et
2342 4535 2512 4591 genas
2553 4531 2607 4575 et
2643 4520 2881 4586 linguam
2912 4518 3333 4587 purpurissabat
3379 4531 3548 4571 (ποτε

254 4613 412 4672 omni
447 4613 613 4685 prolis
648 4612 793 4669 foeda
829 4611 1113 4681 voluptate
1147 4612 1405 4682 despecta
1434 4611 1747 4669 sublimior.

333 4776 350 4807 ί
392 4772 535 4837 Gen.
563 4787 626 4838 tt,
663 4770 754 4827 25.
855 4768 1056 4825 ’-Joan.
1101 4785 1140 4838 ι,
1182 4770 1271 4825 12.
1361 4771 1382 4802 ³
1422 4767 1460 4825 lf
1501 4768 1623 4826 Cor.
1663 4787 1740 4837 xu,
1778 4771 1833 4829 2.

336 4911 417 4983 (ι)
454 4910 594 4966 llinc
619 4909 963 4983 patetimulta
990 4907 1119 4963 olim
1149 4917 1357 4983 sancta:
1379 4907 1603 4983 Agatlia:
1626 4908 1843 4961 meritis

257 4978 533 5041 accidssse
558 4982 845 5045 miracula,
874 4995 999 5034 cum
1024 4988 1221 5046 praeter
1249 4978 1300 5031 id
1342 4979 1485 5045 quod
1521 4978 1573 5030 in
1620 4993 1839 5045 repres-

256 5056 343 5110 sis
377 5051 607 5121 Etnteis
639 5050 854 5121 ignibus
887 5047 1495 5121 eluxit,_imllnmgmodo
1524 5056 1699 5102 eststet
1720 5063 1849 5103 ante

260 5125 472 5178 relatas
509 5118 977 5188 ConstantinOpoli
1015 5118 1276 5186 reliquias
1309 5119 1532 5188 factum.

339 5191 715 5262 (2)Conjicias
754 5187 901 5253 hinc,
942 5201 1110 5262 atque
1138 5204 1208 5262 est
1247 5188 1397 5242 Actis
1416 5187 1763 5262 Latinis,inbi
1796 5189 1845 5241 ei

258 5258 564 5332 exprobrat
583 5274 849 5332 tyrannus
871 5259 1015 5328 quod
1048 5259 1301 5313 servilem
1336 5274 1628 5326 personam
1657 5258 1845 5332 indue-

264 5329 365 5394 rit,
390 5346 531 5397 eam,
560 5329 666 5385 non
708 5331 951 5400 quidem,
985 5339 1042 5382 ut
1075 5344 1196 5398 quae
1229 5344 1381 5400 nunc
1402 5339 1608 5400 sanctae
1637 5329 1846 5400 umuia-

262 5403 382 5457 lem
410 5403 575 5456 vitam
606 5398 932 5470 profitentur
958 5401 1218 5468 virgines,
1256 5398 1345 5453 vili
1373 5399 1673 5470 induuntur
1694 5399 1847 5452 habi-

267 5481 356 5537 tu,
383 5474 473 5542 qui
508 5469 688 5526 tamen
717 5471 857 5541 apud
895 5470 1121 5542 virtutis
1152 5484 1308 5525 veros
1336 5469 1681 5542 estimatores
1722 5484 1853 5537 per-

268 5540 607 5597 honorificus
636 5540 759 5605 est,’
786 5543 861 5594 ita
890 5549 1002 5593 tum
1040 5540 1215 5607 palam
1269 5554 1452 5593 rerum
1484 5540 1852 5592 humanarum

262 5621 640 5683 contemptum
687 5612 820 5676 ipsis
866 5610 1206 5683 vestimentis
1237 5618 1614 5675 ostentantes;
1664 5610 1851 5663 luxum

269 5690 457 5763 tamen
490 5680 862 5763 mundumque
896 5680 1216 5763 utuliebrem
1259 5689 1594 5763 aversatam,
1633 5695 1698 5734 ac
1737 5695 1853 5734 ιιιο-

269 5750 432 5806 desto
475 5768 628 5807 usam
680 5748 905 5805 amictu.
960 5748 1387 5805 Concionatorie
1437 5750 1488 5803 id
1527 5764 1855 5819 exagcrasse

265 5821 490 5883 videtur
526 5833 747 5879 sanctus
791 5820 1102 5878 Vincentius
1150 5820 1437 5885 Ferrerius
1488 5820 1542 5875 in
1596 5820 1852 5876 serm.de

1959 4614 2278 4687 nabatque:
2313 4628 2525 4668 necnon
2572 4612 2737 4675 etiam
2787 4612 3044 4669 continua
3087 4611 3284 4666 mentis
3311 4625 3420 4669 sua:
3462 4626 3549 4667 cu-

1957 4920 2148 4962 saacta
2177 4908 2387 4978 Agatlta
2418 4924 2432 4961 :
2470 4925 2487 4957 ι
2536 4905 2770 4961 Mortuis
2804 4904 3148 4978 parentibus,
3179 4904 3405 4978 inquit,
3459 4917 3546 4957 re-

1942 4979 2160 5047 mansit
2189 4968 2364 5033 ltires
2400 4978 2545 5032 illius
2586 4979 2767 5047 magni
2805 4968 2996 5047 palatii
3046 4968 3221 5043 patris
3250 4968 3331 5028 sui
3366 4993 3380 5028 :
3426 4988 3551 5041 qua:

1954 5048 2204 5118 exemplo
2265 5047 2472 5103 Christi
2518 5044 2729 5102 dimisit
2760 5044 3023 5117 palatium
3078 5047 3251 5112 patris
3291 5055 3346 5118 et
3384 5057 3548 5118 orna-

1957 5112 2139 5174 menta
2173 5127 2228 5172 et
2267 5133 2395 5173 vasa
2436 5132 2605 5172 aurea
2648 5126 2703 5171 et
2749 5112 3031 5184 argentea,
3083 5123 3138 5168 et
3175 5112 3459 5168 restrinxit
3488 5128 3555 5166 so

1955 5188 2011 5241 iu
2045 5189 2279 5258 quadam
2314 5204 2477 5257 parva
2511 5188 2694 5258 domo2
2738 5197 2807 5258 ut
2847 5184 3075 5258 simplex
3111 5199 3344 5258 persona
3388 5201 3402 5237 :
3440 5203 3460 5235 ι
3492 5192 3549 5242 et

1954 5254 2147 5328 paucis
2197 5254 2549 5325 iutei‘jectis:
2590 5275 2609 5309 ι
2651 5255 2838 5328 Voluit
2890 5254 3040 5307 indui
3086 5254 3439 5328 pauperrime
3478 5265 3537 5307 ut

1956 5325 2223 5397 Beguina,
2266 5341 2319 5384 et
2347 5329 2511 5383 dabat
2549 5326 2938 5398 patrimonium
2987 5325 3325 5398 pauperibus
3356 5338 3549 5398 amore
3593 5382 3607 5393 ο

1955 5394 2074 5462 Dei,
2116 5410 2172 5454 et
2220 5401 2437 5453 vivebat
2485 5394 2722 5468 propriis
2770 5394 3042 5468 manibus,
3102 5395 3290 5459 Iilavit,
3325 5395 3456 5468 suit,
3491 5402 3547 5455 et

1956 5470 2152 5535 texuit,
2178 5472 2305 5539 quia
2336 5463 2513 5523 nullus
2538 5463 2717 5539 potest
2754 5467 3013 5539 continue
3051 5479 3234 5539 orare.
3276 5485 3292 5517 ι
3323 5463 3545 5539 [ποικι-

1954 5539 2116 5594 bilius
2140 5533 2290 5594 forte
2326 5533 2803 5595 Paulus-{Eminus
2846 5535 3212 5590 Sanctorius:
3254 5554 3272 5587 ι
3320 5533 3435 5587 Νυιι
3462 5536 3541 5588 si-

1955 5611 2141 5666 nuosis
2173 5612 2248 5665 uti
2299 5612 2561 5676 vestibus,
2598 5626 2701 5662 nun
2735 5621 2944 5677 gemma
2970 5606 3226 5675 capillum
3260 5606 3545 5675 insignire,

1954 5689 2049 5735 aut
2076 5692 2354 5751 unguento
2380 5680 2562 5745 linire,
2611 5680 2704 5734 sed
2740 5679 2920 5751 serico
2956 5694 2969 5729 :
3001 5678 3211 5751 autltini
3245 5677 3360 5729 velo
3392 5678 3541 5730 colo-

1953 5752 2029 5805 ris
2085 5745 2247 5821 (quod
2302 5753 2481 5806 adhuc
2538 5751 2832 5817 aspicimus
2870 5745 3113 5813 Catanzc)
3163 5748 3469 5821 obtegere:
3516 5764 3535 5797 ι

1955 5822 2043 5876 ubi
2088 5819 2269 5877 luxum
2322 5832 2583 5891 removet,
2624 5822 2958 5875 moderatum
2998 5822 3230 5875 nitorem
3285 5819 3545 5873 admittit.
