4024 6416
539 389 676 455 1275

1563 394 1623 453 S.
1664 393 2045 453 ΜΕΤΗὉΒΠ
2084 390 2590 452 ΡΑΤΒΙΑΒΕΗᾹΞ
2627 389 2737 450 CP.

3645 378 3755 445 1225

537 499 782 571 gnitione
822 512 1011 552 necem
1052 499 1134 553 Stti
1171 499 1406 553 studiosi
1444 501 1729 563 amatoris,
1756 500 1909 568 quasi
1947 515 2119 569 nuper
2146 502 2191 556 Α
2221 516 2348 555 num
2382 501 2725 566 liberumque
2749 493 3431 564 propositum-praeparata,
3453 490 3761 557 quemadmo-

536 591 802 660 sanguiue
837 591 1133 655 madentis,
1167 589 1502 656 revolvebat,
1548 584 1803 659 intusque
1832 589 2123 644 circumfe—

536 686 729 751 rebat;
761 692 818 737 ut
866 682 984 737 haec
1018 682 1155 738 stola
1190 682 1313 752 ejus
1362 681 1725 737 confessionis
1774 696 1881 736 non
1944 680 2120 735 solum

536 774 879 829 indelebilem
909 772 1080 830 ferret
1111 773 1314 829 Christi
1338 782 1536 829 nolam
1553 772 1811 843 purpurei
1837 773 2123 843 sanguinis

536 865 643 921 alte
695 865 806 933 jam
859 866 1115 932 imbibiti,
1167 867 1261 921 sed
1287 866 1448 919 etiam
1478 864 1755 934 virginalis
1796 863 2126 935 eloquentiae

536 959 825 1014 thesauros
849 959 925 1029 (5)
950 959 1360 1014 advenientibus
1383 957 1621 1026 posteris
1668 957 1944 1027 elegantes
1974 958 2122 1026 ejus-

539 1052 681 1104 modi
712 1051 923 1104 colores
948 1066 1051 1104 una
1079 1065 1200 1104 cum
1225 1064 1331 1104 non
1359 1044 1645 1104 deﬁciente
1666 1052 1963 1103 verborum
1992 1061 2122 1104 sca-

539 1142 772 1209 turigine
808 1141 1131 1209 impartiret.

606 1233 660 1284 6.
714 1231 839 1285 llaec
860 1231 1055 1299 itaque
1100 1244 1227 1285 vere
1259 1230 1423 1293 bona,
1449 1229 1645 1299 quippe
1684 1228 1777 1284 Dei
1813 1243 1942 1300 pars
1983 1228 2131 1283 exsi‘

534 1331 705 1388 stens,
729 1324 905 1377 eidem
935 1338 1135 1391 sponso
1175 1337 1296 1387 suo,
1328 1331 1382 1375 et
1414 1336 1602 1375 rursus
1634 1321 1790 1375 nobis
1822 1320 1947 1373 boni
1979 1335 2124 1374 com-

534 1411 817 1474 munione,
845 1426 951 1478 qua
988 1409 1228 1464 nominis
1262 1410 1347 1462 sui
1389 1408 1500 1462 vim
1560 1408 2137 1478 signiﬁcationemque-

439 1514 445 1521 ‘
533 1502 724 1569 refert,
757 1503 965 1570 Agatha
997 1500 1099 1573 (4),
1138 1502 1206 1555 ab
1246 1502 1362 1568 ipso
1387 1500 1646 1554 bonitatis
1674 1501 1821 1554 fonte
1843 1499 1951 1553 Deo
1991 1513 2124 1554 con-

532 1607 714 1654 cessa,
735 1593 985 1661 donoque
1013 1592 1162 1646 data.
1196 1591 1334 1658 Quid
1363 1601 1542 1645 autem
1580 1590 1754 1659 magis
1792 1590 2121 1656 beneﬁcum,

534 1699 699 1753 quam
732 1697 1001 1738 summum
1048 1681 1286 1736 bonum?
1322 1691 1376 1735 et
1404 1682 1715 1751 quidmagis
1734 1681 2123 1736 celebrandum

532 1772 751 1827 laudum
809 1773 1097 1842 praeconiis
1139 1773 1414 1843 quispiam
1458 1773 1730 1837 inveniat,
1760 1788 1920 1842 quam
1973 1773 2119 1843 Aga-

2225 589 2353 643 dum
2378 586 2538 658 Virgo
2567 597 2751 641 nostra
2807 583 3031 639 Domina
3071 577 3443 636 habitaculum
3488 577 3576 633 Dei
3601 577 3769 637 elfecta-

2222 680 2344 735 fuit.
2376 680 2458 734 Ab
2491 679 2592 733 hac
2620 677 2765 732 enim
2795 676 2908 745 ipsa
2944 682 2999 729 et
3047 672 3209 728 unica
3250 670 3479 725 Domina
3531 681 3581 725 et
3615 673 3763 743 virgi-

2225 787 2352 826 num
2372 771 2542 825 Matre
2572 769 2827 838 Deipara,
2854 774 2909 821 et
2937 764 3108 821 Matre
3135 764 3364 834 Virgine
3395 762 3505 817 hac
3539 762 3777 834 discipula

2225 863 2485 921 etancilla
2513 861 2594 934 (ut
2621 862 2695 917 ita
2736 858 2939 928 dicam)
2971 857 3215 926 Deiparae
3253 855 3389 922 lilia,
3443 854 3653 911 Domino
3683 870 3781 914 suo~

2222 966 2277 1013 et
2306 955 2437 1022 Deo,
2473 964 2527 1010 et
2552 969 2730 1008 rerum
2751 953 2995 1008 omnium
3020 949 3216 1022 Opiﬂci
3249 963 3370 1005 sese
3411 961 3649 1018 sponsam
3676 956 3769 1003 tra-

2223 1048 2353 1104 dere
2391 1046 2597 1101 didicit.

2293 1137 2350 1196 δέ
2409 1137 2622 1207 Agatha
2680 1135 2851 1206 igitur
2904 1147 3095 1187 revera
3150 1133 3317 1197 bona,
3366 1131 3560 1201 etjure
3592 1131 3771 1202 optimo

2226 1231 2336 1285 Deo
2369 1228 2678 1299 gratissima
2711 1225 2911 1287 amica,
2957 1225 3070 1277 haec
3110 1223 3339 1292 pertulit
3362 1222 3574 1291 quidem
3599 1230 3652 1274 ut
3676 1236 3775 1275 mu-

2222 1322 2323 1377 lier
2352 1306 2520 1384 esset,
2556 1328 2610 1373 et
2641 1318 2709 1373 ad
2740 1317 3035 1371 liberorum
3078 1315 3508 1385 procreationem
3547 1328 3645 1367 non
3678 1313 3775 1368 ine-

2225 1424 2350 1487 pta;
2402 1426 2593 1467 verum
2632 1420 2692 1465 ut
2746 1407 3119 1479 virginitatem
3170 1420 3327 1461 suam
3379 1405 3683 1468 custodiret,
3731 1413 3777 1458 et

2224 1504 2451 1561 summis
2504 1501 2646 1556 votis
2704 1499 3003 1568 exoptavit,
3034 1506 3088 1552 et
3123 1496 3347 1551 omnino
3376 1494 3633 1550 decrevit.
3660 1491 3775 1548 Cum

2224 1598 2389 1668 igitur
2420 1595 2630 1649 audiret
2663 1592 2922 1661 scriptum
2971 1589 3245 1660 quoddam
3280 1586 3430 1642 Decii
3462 1584 3777 1655 imperatoris

2223 1706 2320 1761 per
2352 1700 2522 1743 totam
2557 1687 2856 1740 Romanam
2886 1682 3146 1738 ditionem
3185 1682 3389 1751 passim
3419 1678 3643 1749 vulgari,
3667 1675 3776 1730 illud

2223 1783 2431 1851 A‘gatha
2462 1781 2688 1836 derisit:
2738 1791 2973 1847 cumque
3021 1774 3171 1830 velut
3218 1773 3421 1828 ostium
3477 1771 3647 1826 ventis
3673 1783 3779 1839 per-

534 1860 725 1915 tbam?
753 1862 988 1931 Agatha,
1021 1864 1176 1932 cujus
1208 1864 1421 1917 bonitas
1460 1863 1526 1916 ad
1557 1878 1777 1928 nomen,
1812 1864 1877 1916 ad
1911 1863 2117 1932 ipsam«

2225 1874 2482 1929 ﬂantibus
2536 1870 2761 1926 humani
2794 1882 3118 1924 .conseusus
3155 1868 3492 1931 obserasset,
3550 1862 3644 1931 ipsi
3689 1877 3770 1916 na-

531 1970 639 2024 que
670 1970 783 2008 rem
814 1956 1086 2024 quadrat;
1120 1956 1354 2025 Agatha,
1387 1970 1505 2025 quae
1546 1957 1710 2010 rebus
1738 1956 1998 2025 prmclare
2028 1972 2135 2028 ge--

531 2047 632 2100 stis
661 2046 860 2101 bonum
902 2064 1095 2104 nomen
1124 2065 1234 2118 prae
1280 2065 1341 2104 se
1377 2050 1504 2114 fert,
1539 2058 1594 2104 et
1648 2051 1699 2103 in
1745 2051 1861 2119 ipso
1901 2052 2120 2107 nomine

529 2136 790 2208 praeclare
812 2139 911 2193 abs
942 2153 1001 2192 se
1036 2150 1190 2201 gesta
1220 2128 1586 2208 demonstrat;
1611 2141 1843 2209 Agatba,
1878 2156 2002 2210 qua:
2032 2139 2137 2195 vel-

531 2241 635 2281 suo
682 2229 906 2283 nomine
941 2230 1131 2293 allicit,
1172 2240 1231 2284 ut
1265 2231 1331 2283 ad
1361 2245 1482 2285 sese
1521 2245 1713 2285 omnes
1752 2232 2138 2300 maximopere-

529 2329 866 2375 oceurrant:
917 2335 1038 2389 qua:
1083 2321 1252 2375 etiam
1294 2335 1407 2376 suo.
1450 2322 1701 2390 exemplo
1745 2322 1939 2389 docet,
1967 2333 2025 2377 ut
2053 2323 2137 2378 ad‘

531 2423 723 2464 verum
776 2412 977 2465 bonum
1008 2452 1024 2478 ,
1065 2413 1157 2482 qui
1197 2412 1345 2467 solus
1394 2414 1536 2468 Deus
1587 2422 1705 2480 est,
1754 2429 1945 2471 omnes
2001 2415 2122 2469 sine

533 2516 686 2557 mora
740 2517 926 2558 secum
997 2506 1348 2560 contendant.
1403 2507 1651 2577 Agathe,
1715 2522 1836 2576 qua:
1901 2507 2121 2578 signum

533 2593 727 2656 erexit,
760 2593 889 2663 quid
915 2594 981 2647 de
1016 2609 1077 2649 se
1100 2597 1381 2651 decretum
1413 2595 1623 2663 fuerat,
1656 2606 1715 2651 ut
1750 2597 1927 2664 fieret,
1957 2609 2123 2669 atque

532 2681 590 2737 in
610 2682 779 2738 lucem
820 2683 986 2749 edita,
1037 2685 1182 2755 quod
1236 2701 1334 2756 per
1381 2688 1615 2755 gratiam
1669 2688 1949 2743 decretum
1978 2697 2137 2756 erat,

531 2775 774 2844 peregit;
796 2776 1025 2845 Agatha,
1056 2792 1154 2847 per
1180 2780 1495 2833 vaticinium
1526 2780 1844 2851 parentibus
1872 2780 1950 2853 (5)
1980 2797 2124 2852 prat-

530 2869 804 2935 nuntiata,
829 2878 991 2938 atque
1020 2885 1049 2923 a
1077 2868 1185 2924 Deo
1208 2870 1276 2926 ab
1292 2882 1494 2926 aeterno
1518 2874 1867 2944 praecognita.
1885 2874 2123 2945 Agatha,

531 2974 655 3029 quae
681 2960 846 3014 etiam
873 2956 991 3015 ilius
1021 2977 1126 3017 non
1155 2962 1367 3030 refellit,
1404 2966 1493 3034 qui
1531 2966 1631 3021 hoc
1670 2967 1719 3020 ei
1777 2981 1972 3021 nomen
2018 2968 2126 3022 im-

528 3066 762 3122 posuere
786 3069 800 3107 :
835 3066 891 3107 et
918 3054 1296 3113 invocantibus
1325 3072 1527 3113 nomen
1558 3058 1880 3130 hoepraesto
1901 3070 2007 3128 est,
2032 3059 2125 3115 fa-

528 3142 746 3212 cileque
774 3146 1087 3214 respondet.

2226 1975 2361 2020 turze
2393 1968 2577 2034 pos‘tes
2620 1960 2912 2033 opposuit;
2957 1968 3013 2015 et
3047 1959 3456 2013 interminatam
3497 1952 3782 2025 propensio-

2226 2071 2346 2112 nem
2382 2057 2597 2119 animae,
2633 2064 2689 2109 et
2727 2067 2946 2122 corpus;
2984 2051 3132 2123 velut
3163 2049 3218 2104 in
3247 2046 3433 2103 medio
3463 2045 3639 2115 templi
3674 2043 3799 2099 Hie-

2228 2147 2602 2218 rosolymitani
2637 2145 2813 2199 velum
2842 2144 3078 2200 conlatae
3110 2142 3309 2197 mentis
3344 2139 3636 2210 interjecit,
3662 2135 3783 2206 quod

2224 2251 2548 2295 consensum
2580 2246 2790 2290 arceret
2810 2236 3087 2304 ;ipsaque«
3108 2231 3307 2287 mentis
3353 2228 3793 2299 contemplatione

2226 2329 2541 2400 Seraphicis
2573 2329 2829 2397 adjuncta
2857 2325 3167 2396 spiritibus,
3190 2332 3272 2377 ter
3294 2335 3560 2378 sanctum
3593 2321 3672 2375 sui
3704 2335 3788 2373 nu-

2225 2439 2349 2479 men
2375 2423 2549 2477 solum
2578 2420 2647 2474 ad
2668 2417 3095 2479 misericordiam
3116 2415 3516 2485 impetrandam
3541 2411 3787 2482 supplica-

2226 2514 2316 2569 bat
2347 2509 2721 2580 hujuscemodi
2751 2523 3022 2579 usurpans
3042 2508 3208 2562 verba
3240 2506 3429 2561 liberae
3463 2506 3795 2574 ingenueque

2226 2603 2524 2677 gratiarum
2578 2600 2809 2655 actionis
2853 2599 2994 2669 apud
3027 2597 3219 2652 Deum.
3256 2594 3336 2650 Tu
3372 2596 3617 2666 quidem,
3645 2609 3677 2649 ο
3700 2593 3791 2647 Do-

2226 2700 2391 2763 mine,
2416 2696 2741 2768 jampridem
2779 2692 2993 2748 hostem
3030 2689 3279 2760 corporis
3335 2689 3442 2744 mei
3479 2703 3640 2743 causa
3689 2684 3797 2742 bel-

2225 2790 2337 2845 lum
2370 2786 2719 2851 inferentem,
2753 2793 2806 2839 et
2823 2781 3188 2849 velutequum
3220 2780 3333 2849 ipsa
3366 2779 3616 2849 corporis
3641 2791 3797 2832 mem-

2226 2882 2322 2938 bra
2354 2878 2728 2943 adhibentem,
2760 2885 2924 2945 atque
2956 2882 3197 2929 utentem
3244 2872 3363 2941 ipsa
3396 2881 3593 2926 natura
3624 2878 3789 2926 contra

2227 2980 2505 3037 naturam,
2538 2969 2794 3039 dignatus
2842 2981 2903 3021 es
2947 2979 3032 3023 me
3059 2974 3122 3018 ut
3147 2961 3492 3033 subjugarim
3516 2970 3573 3016 et
3605 2957 3796 3015 conculo

2227 3061 2433 3126 carim;
2477 3067 2533 3113 tu
2587 3059 2714 3113 item
2761 3056 2931 3112 etiam
2986 3065 3149 3117 nunc,
3191 3066 3226 3106 ο
3261 3061 3479 3104 amator
3514 3048 3802 3112 hominum,

2227 3155 2317 3225 qui
2351 3152 2748 3207 indeficieutem
2783 3163 2963 3204 meum
2997 3161 3127 3215 erga
3157 3153 3210 3200 te
3241 3158 3487 3198 amorem
3513 3142 3673 3212 probe
3707 3154 3793 3194 no-

599 3235 655 3291 5.
694 3235 909 3291 Etenim
952 3238 1061 3294 Deo
1089 3240 1287 3312 singuli
1321 3241 1597 3297 manifesti
1625 3252 1793 3312 sunt,
1839 3253 1900 3300 ut
1937 3245 2118 3317 loqui-
2146 3230 2190 3290 α
2223 3246 2316 3312 sti,
2347 3245 2421 3299 sis
2451 3242 2585 3297 mihi
2613 3242 2664 3296 in
2702 3242 2804 3295 hoc
2834 3238 3137 3294 certamine
3180 3235 3596 3306 opitulator-;et
3623 3233 3706 3303 qui
3736 3245 3800 3284 ex.

528 3334 622 3383 tur
649 3345 801 3384 sacra
832 3331 1144 3400 Scriptura:
1170 3333 1363 3388 Omnia
1386 3336 1550 3400 nuda,
1575 3346 1621 3389 et
1640 3345 1822 3404 aperta
1846 3348 1966 3391 sunt
1992 3354 2123 3392 ocu-

525 3419 594 3473 lis
622 3419 759 3488 ejus,
787 3421 855 3473 ad
870 3437 1022 3491 quem
1049 3440 1217 3477 sermo
1250 3434 1426 3478 noster
1456 3426 1757 3494 collimat";
1784 3441 1972 3482 verum
2003 3443 2124 3483 om-

527 3512 621 3566 nia
671 3514 1006 3582 prtedelinita
1063 3526 1191 3571 sunt
1248 3533 1277 3570 a
1318 3528 1713 3595 cognoscente;
1756 3520 1871 3590 ipsa
1918 3520 2125 3576 etenim

529 3608 881 3676 praecognitio
928 3609 1300 3676 procreatoris
1331 3609 1422 3664 Dei
1450 3611 1596 3665 circa
1624 3626 1713 3666 res
1750 3612 1991 3682 singulas
2023 3626 2120 3666 co—

527 3697 1019 3769 gnitionem,quod
1060 3702 1279 3770 quidem
1325 3710 1384 3754 et
1434 3702 1701 3756 rationem
1740 3702 1904 3758 habet
1950 3703 2133 3758 divini

528 3788 767 3853 consilii,
791 3796 846 3843 et
874 3803 1196 3856 concursus,
1217 3798 1269 3844 et
1295 3800 1559 3860 praeterea
1584 3790 1798 3845 modum
1818 3792 2001 3847 liberte
2024 3808 2122 3847 vo-

528 3873 756 3934 luntati's
785 3894 971 3934 eorum
996 3920 1013 3947 ,
1048 3882 1139 3949 qui
1171 3881 1357 3935 divino
1411 3881 1588 3936 solum
1629 3880 1971 3950 beneplacito
1996 3898 2123 3953 pro—

527 3971 724 4035 creati,
752 3971 921 4027 libere
948 3972 1003 4026 in
1021 3988 1157 4042 Opus
1190 3975 1480 4042 prodeunt.
1510 3971 1919 4028 Praedestinatio
1952 3989 2080 4029 vero
2104 4014 2121 4041 ,

528 4073 833 4119 extremum
862 4080 1053 4119 eorum
1076 4066 1286 4135 lapsum
1322 4080 1427 4119 non
1464 4065 1753 4135 permittit,
1783 4066 1878 4120 sed
1913 4064 2127 4120 confert

529 4155 598 4209 ad
629 4171 775 4223 eum,
823 4158 915 4227 qui
961 4159 1401 4226 prtedestinatur,
1452 4158 1647 4211 bonam
1701 4169 1755 4212 et
1797 4172 2127 4229 propensam

527 4246 862 4305 voluntatem
909 4248 1122 4319 epilieis
1152 4250 1244 4305 Dei
1284 4265 1406 4304 cum
1459 4250 1633 4304 libero
1674 4251 1915 4304 humano
1974 4250 2126 4303 arbi-

532 4343 682 4397 trio:
723 4351 780 4397 et
811 4351 869 4395 ut
914 4343 1064 4397 onmi
1110 4343 1324 4398 ratione
1375 4343 1689 4398 beatissima
1732 4344 1878 4397 inter
1909 4357 2121 4408 omnes,

528 4441 585 4488 et
610 4432 959 4488 sanctissima
1001 4433 1226 4488 Domina
1266 4445 1449 4489 nostra
1500 4435 1682 4505 regina
1717 4434 1878 4503 Virgo
1914 4433 2129 4503 Deique

529 4537 748 4593 parens.
776 4539 804 4577 a
833 4526 1013 4580 divino
1050 4524 1251 4590 Verbo,
1283 4526 1427 4596 quod
1467 4526 1519 4580 in
1549 4542 1613 4582 ea
1647 4526 1935 4593 habitavit,
1974 4540 2122 4581 eam-

528 4628 638 4684 que
680 4614 919 4683 elliuxit,
957 4630 1025 4670 ex
1059 4619 1312 4672 omnibus
1350 4619 1601 4689 gentibus
1640 4619 1844 4675 delecta
1869 4618 2005 4685 fuit;
2045 4619 2121 4674 ita

527 4708 696 4762 etiam
742 4710 856 4764 haec
891 4710 1135 4781 ejusdem
1191 4712 1433 4781 Deiparte
1483 4711 1590 4764 lilia
1642 4721 1696 4764 et
1732 4711 1927 4767 ancilla
1971 4709 2117 4783 (quae

531 4816 676 4855 nunc
725 4798 919 4858 faustis
975 4801 1465 4858 acclamationibus
1513 4803 1803 4856 decoratur
1853 4818 1879 4855 a
1936 4804 2117 4869 nobis,

529 4908 757 4963 quaeque
782 4905 965 4949 nostra
994 4896 1290 4964 praeconia,
1325 4904 1655 4964 nostrasque
1703 4894 2003 4963 gratiarum
2025 4910 2122 4951 ac-

533 4987 706 5042 tiones
739 4987 848 5042 Deo
892 5002 988 5057 per
1035 4986 1312 5055 Virginem
1345 4987 1631 5054 Deiparam
1677 4984 1855 5055 offert)
1907 4988 2120 5053 praede-

530 5077 731 5134 stinata
763 5080 942 5135 fuerat
964 5091 1020 5135 ut
1051 5091 1258 5151 martyr
1281 5088 1424 5134 esset
1455 5088 1509 5133 et
1527 5081 1701 5133 electa
1729 5117 1743 5144 ,
1785 5087 1839 5132 et
1860 5092 1953 5147 per
1988 5078 2126 5134 divi-

603 5255 625 5286 ⁵
662 5256 825 5312 Hebr.
863 5274 936 5313 tv.
984 5260 1072 5315 l3.
1150 5260 1171 5293 ⁸
1212 5259 1408 5314 Matth.
1445 5273 1522 5324 1x,
1559 5257 1656 5313 20.

617 5403 693 5475 (‘5)
734 5407 808 5462 De
840 5418 1042 5465 sancta:
1091 5408 1317 5475 Agathaa
1364 5409 1672 5479 eloquentia
1702 5409 1830 5463 illud
1859 5418 2041 5463 exstat
2073 5411 2127 5463 in

532 5474 752 5549 Menaeis
784 5480 1060 5548 elogium:
1095 5480 1298 5536 Dill'usa
1327 5493 1414 5536 est
1454 5474 1629 5549 gratia
1664 5481 1716 5533 in
1742 5481 1900 5534 labiis
1926 5480 2054 5544 tuis,
2085 5495 2118 5535 0

534 5547 738 5621 Martyr
775 5564 825 5621 a7
858 5547 1101 5606 bonitate
1140 5566 1364 5621 nomen
1409 5547 1648 5621 indepta.
1705 5551 1920 5605 Diserte
1964 5551 2113 5604 enim

536 5616 829 5693 contftttasti
885 5631 1073 5693 aperte
1135 5616 1550 5691 impudentem,'
1583 5623 1803 5693 eloquio
1857 5621 2119 5676 divinitus

538 5686 741 5756 tradito
774 5686 1122 5756 locupletato.

583 5754 692 5878 ait).
731 5754 958 5825 Ἀγαθδς
991 5763 1190 5832 quippe
1226 5763 1425 5819 bomnn
1480 5762 1773 5835 significat,
1811 5762 1993 5834 ἀγαθὴ
2027 5760 2121 5817 bo-

541 5839 692 5881 nam.

2224 3336 2433 3393 intimis
2463 3332 2698 3403 erumpit
2723 3331 3059 3401 praecordiis,
3087 3328 3290 3384 fontem
3323 3328 3523 3395 excipe
3544 3326 3789 3396 lacryma-

2226 3445 2367 3496 rum,
2409 3443 2475 3482 ac
2502 3427 2681 3481 tribue
2714 3425 2779 3479 de
2807 3424 2924 3493 ipso
2955 3426 3119 3477 hoste
3146 3421 3276 3475 mihi
3313 3419 3613 3489 gloriosam
3651 3418 3793 3470 victo-

2223 3522 2383 3585 riam,
2412 3534 2445 3574 ο
2475 3518 2781 3572 animarum
2825 3514 3161 3584 humanique
3200 3514 3418 3584 generis
3451 3508 3801 3578 amator;qui

2222 3614 2412 3676 etiam,
2440 3612 2602 3681 quod
2625 3609 2840 3680 propria
2893 3622 3055 3693 manu
3097 3606 3612 3662 victoriosissimnm
3645 3613 3793 3658 certa-

2224 3720 2345 3759 men
2376 3718 2498 3757 cum
2537 3713 2727 3756 nostro
2770 3699 2966 3754 eodem
3022 3698 3183 3752 hoste
3221 3697 3415 3762 iniisti,
3448 3696 3605 3751 nobis
3659 3694 3803 3749 ascri-

2223 3793 2352 3849 bere
2396 3807 2460 3848 ae
2509 3792 2748 3848 tribuere
2792 3789 3183 3860 benignissime
3223 3804 3285 3844 es
3319 3789 3579 3859 dignatus
3611 3804 3626 3843 :
3653 3800 3791 3858 quam

2223 3886 2386 3940 etiam
2418 3887 2488 3941 ob
2507 3900 2754 3950 causam,
2784 3899 2817 3940 ο
2845 3882 3051 3954 peccati
3089 3895 3288 3951 expers
3317 3882 3574 3949 Domine,
3617 3881 3681 3935 de
3723 3892 3799 3933 ιιο·

2224 3986 2337 4032 stra
2358 3988 2639 4047 sumptam
2666 3991 2766 4046 pro
2799 3975 2959 4030 nobis
2991 3988 3214 4028 carnem
3250 3973 3512 4028 induisti.

2293 4068 2346 4123 7.
2373 4067 2468 4123 Illa
2498 4083 2627 4122 vero
2660 4068 2774 4122 haec
2790 4067 3068 4122 Christum
3097 4065 3454 4134 precabatur,
3489 4080 3595 4119 non
3619 4072 3674 4118 ut
3694 4076 3794 4115 cer-

2225 4169 2404 4215 tamen
2437 4160 2699 4225 evitaret,
2732 4158 2827 4213 sed
2875 4168 2934 4213 ut
2983 4157 3129 4212 vires
3174 4157 3280 4211 sibi
3330 4154 3706 4212 suﬂicerentur
3740 4151 3793 4202 ad

2225 4253 2571 4324 martyrium.
2633 4249 2963 4305 Exaudierat
2995 4247 3140 4302 enim
3190 4247 3403 4316 Agatha
3443 4244 3793 4300 mulierculam

2225 4344 2517 4416 quamdam
2556 4342 2812 4413 pessimis
2842 4341 3055 4394 artibus
3086 4338 3331 4392 deditam
3363 4350 3490 4391 cum
3527 4334 3792 4402 Quintiano

2226 4436 2292 4492 de
2322 4434 2943 4499 secommunicantem,
3001 4440 3057 4487 et
3101 4431 3309 4486 idcirco
3351 4442 3619 4499 perquam
3665 4436 3793 4494 pareo

2231 4528 2441 4583 tissima
2497 4540 2673 4596 prono
2722 4526 2775 4580 in
2812 4533 3013 4579 terram
3080 4522 3315 4594 procidit
3356 4521 3547 4585 vultu,
3594 4519 3796 4583 odioque

2227 4628 2415 4673 COIIII‘a
2463 4625 2909 4688 persecutorem,
2957 4622 3259 4683 contraque
3305 4613 3486 4683 ipsum
3520 4618 3793 4680 peccatum,

2228 4708 2441 4765 ardenti
2470 4709 2635 4763 etiam
2664 4708 2870 4763 amoris
2892 4722 3021 4780 erga
3054 4704 3221 4760 Deum
3252 4688 3493 4761 excitato
3534 4698 3795 4757 desiderio.

2227 4803 2294 4858 ad
2320 4786 2555 4856 intactos
2603 4799 2825 4855 Domini
2866 4803 3033 4871 pedes
3072 4798 3403 4861 advolvitur,
3438 4797 3586 4852 sicut
3612 4794 3674 4850 ad
3701 4786 3798 4858 eius

2230 4895 2404 4950 vestis
2454 4892 2722 4963 laciniam
2755 4892 2845 4948 illa
2892 4892 3023 4948 olim
3059 4890 3525 4947 haemorrltoissa"
3554 4908 3568 4944 ς
3596 4897 3651 4941 et
3697 4894 3797 4953 pro-

2232 4986 2453 5041 ﬂuvium
2472 4984 2691 5056 quidem
2722 5000 2828 5039 non
2861 4984 3097 5039 inhibuit
3121 4984 3247 5044 (hoc
3268 4981 3415 5036 enim
3445 4997 3555 5037 non
3580 4974 3796 5049 patieba-

2233 5091 2354 5146 tur;
2380 5079 2557 5150 potius
2580 5092 2710 5133 vero
2737 5076 2900 5146 (sicut
2919 5073 3156 5132 J‘oannes
3190 5076 3343 5145 virgo
3374 5072 3639 5129 ﬂuentum
3670 5070 3804 5123 tbcoo

2313 5409 2391 5481 (5)
2436 5408 2663 5481 luueges
2705 5416 2884 5481 negat,
2922 5407 3051 5462 hinc
3094 5403 3275 5475 sequi,
3316 5400 3583 5473 parentes
3616 5405 3797 5481 sancta!

2233 5468 2457 5551 Agatltte
2485 5468 2658 5534 fuisse
2695 5468 3029 5533 christianos
3049 5493 3078 5551 ;_
3101 5468 3461 5551 praeterquam
3489 5474 3633 5543 qporl
3658 5468 3790 5551 iden-

2224 5534 2389 5605 tidem
2422 5534 2740 5604 orationem
2793 5552 2957 5615 hanc,
3002 5534 3275 5621 principio
3315 5534 3565 5621 excepto,
3590 5534 3793 5621 proclai-

2226 5632 2331 5675 met
2387 5620 2640 5675 Methodii
2687 5634 2793 5674 non
2856 5633 3000 5679 esse,
3052 5617 3146 5689 sed
3210 5616 3475 5689 _moderni
3519 5616 3792 5689 cujuspiam

2227 5691 2539 5760 scriptoris,
2561 5705 2662 5744 nec
2684 5691 2900 5761 dignam
2934 5688 3059 5761 fide.
3082 5686 3312 5761 Praefert
3328 5685 3447 5754 ipse
3467 5683 3795 5761 vaticinium,

2229 5752 2373 5884 ἓιιὲιίι
2431 5777 2597 5884 sustié'a
2642 5775 2712 5817 ex
2740 5752 2932 5817 codice
2985 5752 3381 5814 Panormitam)
3433 5752 3663 5810 relatum
3720 5753 3793 5802 est

2334 5873 2346 5884 .
2394 5850 2448 5884 ΙΙ.
2561 5871 2574 5884 ι

2235 5831 2346 5904 §8,
2394 5850 2448 5888 ιι.
2486 5831 2574 5887 56.
