4024 6434
361 412 461 478 127

1528 428 1812 489 ORATIO
1857 429 1936 490 IN
1972 431 2041 492 Β.
2086 433 2476 492 AGATIIAM.

3487 427 3628 492 1278

355 523 512 590 logia:
547 540 612 580 ex
643 528 898 582 accubitu
937 545 1103 599 super
1133 532 1345 588 Domini
1401 535 1804 591 immaculatum
1838 551 1934 606 pe-
1965 542 2014 598 Α
2041 549 2115 603 et,
2148 549 2209 592 ut
2251 540 2428 605 decet,
2474 538 2906 594 COllil‘lanlillJl?
2939 537 3020 593 Me
3054 547 3234 592 autem
3274 538 3445 607 ipsam
3486 543 3626 596 intea

355 627 476 668 ctus
506 615 549 686 ‘)
580 616 667 670 illa
710 619 1073 690 lacrymarum
1129 623 1300 690 rivos,
1345 641 1452 694 quo
1500 627 1721 682 uberius
1762 629 1936 682 dima-

355 719 573 772 narent,
612 712 840 779 accepit.
879 711 1067 782 Surgit
1106 715 1272 784 igitur
1303 726 1424 785 post
1449 733 1672 786 precum
1709 720 1937 774 satieta-

358 807 488 864 tem,
522 800 746 868 perinde
773 817 835 857 ac
865 804 908 858 si
941 807 1425 875 accepissetdivini
1452 811 1634 864 auxilii
1655 822 1939 878 tesseram,

356 890 524 942 corde
555 891 794 957 quidem,
813 903 1070 964 certaque
1099 912 1192 966 spe
1218 899 1319 952 sibi
1348 899 1627 954 victoriam
1654 918 1749 972 per
1779 902 1936 957 fidem

362 979 685 1047 pollicetur;
721 983 952 1053 ideoque
981 987 1059 1040 sic
1091 988 1368 1054 loquitur:
1407 989 1541 1044 Ecce
1580 991 1690 1058 jam
1728 990 1936 1045 Christi

353 1071 557 1127 virtute
613 1071 824 1130 hostilis
873 1079 1112 1146 potentia
1146 1081 1198 1133 in
1263 1080 1500 1134 favillam
1535 1083 1772 1149 redacta,
1805 1097 1940 1137 con-

355 1163 592 1228 culcata,
619 1174 673 1218 et
695 1168 961 1223 exstincta
1001 1179 1086 1224 est
1115 1187 1142 1224 a
1180 1187 1298 1228 mea
1333 1175 1587 1242 pudicitia
1622 1193 1635 1228 :
1679 1177 1821 1242 quod
1857 1191 1942 1232 re-

355 1253 561 1324 liquum
583 1267 690 1323 est,
721 1260 1002 1318 conlidens
1023 1263 1192 1319 alacri
1217 1265 1404 1322 animo
1436 1266 1502 1321 ad
1538 1267 1771 1322 stadium
1810 1285 1940 1340 pro-

357 1361 597 1402 curram.

429 1460 481 1514 8.
521 1458 711 1531 Itaque
747 1479 955 1520 summa
992 1468 1188 1522 mentis
1225 1471 1526 1525 constantia
1560 1473 1624 1526 ad
1649 1453 1935 1543 tyrannum

356 1553 531 1621 pergit
561 1554 702 1609 inter
732 1556 950 1612 lictores
982 1560 1285 1616 laztabunda
1306 1601 1320 1625 ,
1356 1578 1477 1616 cum
1512 1565 1578 1618 de
1617 1567 1696 1618 sui
1724 1565 1939 1634 generis

357 1645 660 1711 nobilitate,
693 1651 1012 1720 magnisque
1049 1662 1101 1706 et
1130 1653 1318 1708 multis
1361 1670 1541 1709 rerum
1585 1656 1818 1712 fortunis
1860 1658 1938 1711 ni-

355 1735 432 1788 hil
458 1735 993 1809 planememinisset,
1035 1759 1098 1798 ac
1127 1761 1192 1799 ne
1223 1746 1390 1800 verbo
1421 1748 1660 1816 quidem,
1697 1748 1838 1816 quod
1869 1748 1936 1803 ad

357 1837 446 1876 res
471 1839 594 1880 suas
618 1829 937 1896 pertineret,
987 1834 1219 1901 prolato,
1265 1838 1358 1890 sed
1399 1839 1629 1906 simplici
1660 1839 1936 1909 expedito-

355 1929 464 1982 qvte
505 1932 691 1986 gressu
741 1926 1109 1989 praecurrebat
1133 1942 1263 1990 eos,
1295 1929 1386 1997 qui
1440 1943 1559 1982 eam
1611 1932 1881 1984 ducebant
1918 1949 1932 1986 :

356 2005 431 2058 ita
475 2018 527 2060 ut
584 2008 683 2063 hos
729 2013 945 2080 quidem
1001 2017 1138 2070 trahi
1181 2019 1358 2086 potius
1393 2019 1460 2073 ab
1492 2019 1737 2087 Agatha,
1772 2036 1938 2090 quam

357 2098 624 2164 Agatham
676 2101 743 2154 ab
786 2104 917 2171 ipsis
953 2108 1092 2161 trahi
1141 2109 1386 2164 viderent
1437 2122 1797 2178 spectatores,
1841 2115 1934 2184 qui

356 2191 445 2242 vel
487 2191 602 2258 ipsa
635 2193 918 2249 oculorum
970 2200 1088 2254 acie
1134 2199 1277 2254 illius
1315 2203 1648 2258 celeritatem
1682 2206 1937 2272 prosequi

357 2284 668 2350 nequirent.
703 2285 879 2356 Atque
924 2289 998 2354 hi,
1025 2293 1114 2360 qui
1154 2293 1435 2359 virginalis
1472 2295 1638 2348 animi
1674 2297 1938 2364 prompti-

357 2375 549 2429 tudine
579 2379 816 2445 erudiri,
847 2389 901 2433 et
935 2382 1000 2436 ad
1035 2384 1356 2452 prudentem
1395 2385 1678 2439 audaciam
1721 2387 1937 2440 incitari

359 2462 758 2520 debuissentad
793 2478 1021 2523 mortem
1056 2485 1154 2539 pro
1203 2471 1405 2526 virtute
1452 2474 1833 2542 oppetendam,
1869 2481 1943 2528 ta-

363 2569 489 2608 men
527 2569 557 2608 e
583 2560 880 2624 contrario,
912 2575 1008 2628 per
1055 2562 1293 2616 innatam
1331 2564 1788 2628 inconstantiam,
1823 2580 1944 2618 cer-

362 2657 554 2698 vorum
592 2645 765 2701 instar
791 2651 972 2704 cordis
1013 2652 1428 2720 trepidationem
1457 2656 1672 2724 penitus
1717 2655 1942 2726 impres-

364 2750 480 2790 sam
521 2737 800 2805 foventes,
848 2741 1016 2797 veloci
1069 2744 1380 2799 reversione
1423 2747 1634 2801 beatam
1675 2749 1941 2814 virginem

363 2827 550 2882 miseri
589 2829 944 2899 reliquerunt.
973 2833 1043 2886 At
1072 2834 1161 2887 illa
1193 2835 1320 2889 dum
1353 2837 1647 2902 incederet,
1673 2839 1942 2910 lacrymas

366 2919 600 2975 ubertim
632 2923 988 2992 profundens,
1023 2927 1096 2981 ita
1126 2942 1308 2982 secum
1355 2929 1422 2982 ad
1463 2944 1653 2998 preces
1678 2946 1942 2986 coniversa

363 3007 704 3079 loquebatur,
749 3029 976 3085 seseque
1007 3018 1074 3071 ad
1124 3018 1382 3088 majorem
1435 3022 1798 3074 constantiam
1856 3023 1941 3076 in-

364 3102 680 3160 ﬂammabat
711 3126 724 3162 :
757 3107 995 3164 Primum
1024 3111 1236 3181 quidem
1269 3126 1368 3181 pro
1406 3113 1655 3181 virginali
1687 3114 1942 3182 pudicitia

2041 632 2143 684 rim
2173 631 2720 694 nonanimadvertis,
2776 646 2809 684 ο
2855 639 3165 696 veterator,
3215 634 3318 685 sub
3363 633 3626 686 amatoris

2043 724 2146 776 mei
2171 723 2360 776 umbra
2387 722 2769 787 dormientem,
2802 732 2854 776 et
2889 723 2992 776 sub
3029 728 3346 775 certaminis
3373 724 3625 790 praemio-

2041 828 2270 881 rumque
2307 813 2516 869 arbitro
2535 814 2755 868 Christo
2782 814 3013 868 viriliter
3040 816 3440 878 decertantem,
3477 814 3625 869 ideo-

2039 918 2144 972 que
2168 919 2288 974 quae
2317 905 2572 974 Magister
2612 921 2765 960 meus
2791 906 2974 959 docuit
3017 915 3384 970 exercentem,
3431 915 3482 956 et
3525 921 3623 972 pro

2039 993 2244 1048 viribus
2275 995 2618 1062 expleturam
2667 997 2846 1063 reipsa
2893 1005 3227 1064 sperantem.
3274 993 3623 1048 Providebam

2040 1086 2183 1138 enim
2231 1087 2514 1141 Dominum
2566 1105 2735 1142 meum
2791 1091 2846 1142 in
2899 1098 3180 1157 conspectu
3242 1105 3355 1141 meo
3395 1105 3618 1157 semper,

2038 1178 2286 1246 quoniam
2316 1196 2348 1231 α
2373 1180 2571 1232 dextris
2596 1180 2724 1233 mihi
2743 1190 2818 1233 est
2848 1198 2911 1234 ne
2933 1197 3262 1234 commovear
3296 1181 3337 1233 ⁷.

2112 1286 2198 1339 10.
2237 1285 2386 1340 Talia
2430 1288 2662 1342 dicentis
2691 1289 2922 1356 contigit
2957 1297 3013 1340 ut
3050 1289 3102 1341 in
3143 1289 3256 1354 ipsa
3307 1301 3500 1342 cursus
3526 1300 3620 1340 ce-

2038 1375 2254 1430 leritate
2289 1377 2645 1431 calceamenti
2687 1378 2926 1446 corrigia
2967 1377 3292 1431 solveretur.
3349 1375 3624 1429 Sedulita-

2023 1475 2144 1520 .tcm
2190 1475 2368 1518 autem
2406 1467 2570 1519 etiam
2608 1482 2729 1519 cum
2779 1467 2924 1519 illam
2958 1466 3218 1535 colligare
3260 1465 3440 1529 vellet,
3502 1481 3621 1518 ma-

2040 1557 2185 1610 xime
2207 1557 2446 1610 ostendit
2476 1557 2854 1621 masculinam,
2885 1565 2938 1610 et
2975 1572 3262 1620 conversa,
3283 1567 3336 1610 et
3361 1555 3625 1609 comitan-

2043 1648 2174 1700 tium
2211 1647 2434 1700 omnino
2459 1647 2734 1701 neminem
2774 1648 2989 1713 intuita,
3029 1661 3219 1716 preces
3242 1647 3456 1716 quidem
3485 1646 3624 1700 fudit

2039 1739 2327 1819 Opil‘ltlttttll
2359 1741 2469 1794 Deo
2503 1758 2516 1794 :
2554 1739 2779 1794 Domine
2812 1741 3179 1808 omnipotens,
3213 1739 3303 1808 qui
3331 1754 3434 1792 non
3466 1738 3623 1792 dese-

2042 1833 2116 1885 ris
2141 1843 2190 1885 te
2221 1842 2488 1894 amantes,
2520 1843 2574 1887 et
2608 1835 2661 1886 in
2698 1842 2748 1886 te
2783 1848 2906 1900 spes
2943 1847 3070 1887 suas
3100 1833 3454 1894 collocantes,
3500 1839 3620 1884 esto

2040 1923 2254 1991 adjutor
2277 1939 2430 1978 meus
2470 1924 2521 1979 in
2547 1925 2717 1978 altero
2744 1925 3068 1986 certamine,
3107 1924 3246 1991 quod
3278 1923 3407 1976 mihi
3435 1922 3622 1990 parari

2032 2017 2141 2086 jam
2183 2018 2354 2080 video,
2387 2029 2440 2070 ct
2471 2019 2536 2070 ad
2563 2018 2706 2086 quod
2743 2018 3023 2085 accingor,
3083 2017 3257 2086 gratia
3301 2026 3389 2068 tua
3435 2016 3622 2082 Opltu-

2039 2109 2185 2163 lante
2215 2127 2228 2162 :
2253 2110 2404 2164 hisce
2447 2119 2650 2174 autem,
2705 2110 2795 2178 qui
2841 2123 2925 2163 me
2963 2109 3225 2176 tantisper
3263 2115 3621 2174 exceperunt,

2040 2203 2164 2256 dum
2203 2203 2289 2254 hic
2315 2202 2464 2256 licuit
2487 2203 2668 2272 quiete
2709 2217 2892 2270 agere,
2929 2215 3122 2270 meque
3150 2202 3433 2254 continere
3468 2200 3625 2263 longe

2041 2306 2070 2344 a
2103 2292 2272 2360 patria
2308 2292 2380 2361 (6)
2408 2307 2470 2346 ac
2503 2303 2722 2361 paterna
2757 2292 2914 2345 domo
2949 2301 3006 2345 ut
3053 2307 3120 2345 ne
3151 2293 3370 2343 auribus
3406 2290 3621 2357 quidem

2041 2382 2349 2450 acciperem
2375 2383 2632 2451 nuptialia
2657 2383 2936 2448 Quintiani
2968 2383 3174 2445 nuntia,
3198 2382 3517 2450 condignam
3545 2379 3625 2431 vi-

2043 2487 2158 2526 cem
2199 2473 2417 2536 reddas,
2456 2481 2507 2527 et
2529 2472 2680 2527 efﬁce
2724 2483 2782 2526 ut
2809 2488 3088 2528 sermones
3125 2473 3252 2536 mei,
3283 2487 3420 2540 quos
3447 2471 3624 2538 priva-

2045 2560 2138 2615 tim
2169 2561 2234 2617 de
2284 2570 2335 2615 te
2390 2562 2582 2627 habui,
2628 2577 2760 2617 vero
2794 2562 2926 2628 Deo,
2973 2564 3147 2630 deque
3181 2561 3458 2630 nnigenito
3488 2560 3628 2614 Filio

2045 2660 2161 2717 tuo,
2183 2659 2236 2707 et
2265 2653 2332 2706 de
2352 2655 2628 2719 castitate,
2663 2661 2717 2707 et
2766 2653 2832 2709 de
2859 2652 3090 2723 judicio,
3132 2655 3181 2708 in
3215 2668 3403 2707 eorum
3441 2652 3622 2707 cordi-

2044 2746 2145 2800 bus
2174 2755 2544 2815 perseverent.
2607 2745 2712 2801 Sed
2756 2749 3018 2816 quoniam
3080 2761 3274 2802 vereor
3319 2762 3388 2800 ne
3433 2758 3624 2798 eorum

2048 2837 2305 2891 memoria
2351 2836 2590 2907 dillluat(
2626 2853 2754 2894 ecce
2803 2840 2948 2893 enim
3003 2853 3088 2892 me
3123 2840 3336 2892 occulte
3387 2836 3622 2903 relique-

2047 2938 2173 2982 runt
2203 2929 2440 2999 omnes),
2469 2931 2717 2995 ostende,
2746 2946 2952 3001 quaso,
2991 2931 3075 2984 his
3103 2930 3253 2983 urbis
3281 2927 3470 2981 incolis
3509 2941 3626 2978 ma-

2044 3034 2207 3088 gnum
2249 3019 2476 3089 aliquod
2502 3019 2842 3074 miraculum.
2878 3020 3080 3073 Etcum
3115 3021 3227 3073 haec
3251 3019 3403 3086 virgo
3435 3017 3626 3068 fuisset

2045 3123 2286 3180 precata,
2327 3112 2472 3167 illico
2509 3112 2711 3167 sterilis
2743 3112 2860 3167 olea
2903 3120 3093 3166 exorta
3127 3119 3234 3173 est,
3261 3125 3386 3176 qua:
3409 3108 3623 3177 publica

363 3205 590 3265 propter
611 3199 886 3254 Christum
920 3217 1177 3272 sponsum
1231 3219 1408 3258 mequ
1458 3203 1758 3268 decertavi,
1803 3207 1939 3261 deli-
1968 3233 2011 3291 ο
2048 3202 2339 3273 ignominia
2385 3205 2610 3261 notabat
2659 3219 2792 3270 eos,
2838 3204 2930 3274 qui
2967 3219 3064 3274 per
3111 3201 3348 3272 speciem
3401 3197 3626 3254 honoris

365 3284 481 3338 cias
505 3291 564 3338 ut
589 3301 699 3341 rem
724 3289 1135 3344 abominandam
1167 3288 1474 3346 abominata
1496 3335 1513 3357 ,
1545 3303 1603 3346 ut
1633 3309 1701 3348 ne
1727 3296 1793 3348 de
1841 3295 1942 3348 imo

365 3377 585 3446 proviso
623 3396 716 3448 per
770 3381 1053 3438 illecebras
1097 3399 1461 3454 expugnarer.
1531 3386 1722 3456 Agesis
1775 3389 1938 3443 etiam

367 3486 537 3534 nunc,
560 3473 749 3527 adesto
778 3475 1040 3530 alacritati
1087 3477 1253 3531 animi
1298 3479 1423 3543 mei,
1452 3493 1484 3532 o
1512 3479 1826 3536 dulcissime
1867 3482 1938 3536 mi

367 3563 662 3633 canditate,
689 3567 780 3637 qui
821 3569 967 3624 solus
1013 3569 1182 3624 efﬁcis
1209 3580 1429 3640 etpotes
1461 3572 1642 3625 omnia
1676 3591 1688 3626 :
1718 3575 1942 3629 ostende

369 3670 546 3709 meam
585 3658 722 3712 hanc
750 3661 1007 3715 humilem
1051 3672 1282 3715 mentem
1313 3663 1526 3716 cunctis
1580 3653 1738 3718 rebus
1785 3666 1943 3719 terri-

369 3746 570 3803 bilibus
597 3751 968 3807 sublimiorem
995 3771 1006 3819 ;
1033 3754 1102 3806 ita
1137 3764 1194 3808 ut
1221 3755 1382 3808 etiam
1405 3758 1587 3808 animo
1618 3772 1710 3811 eas
1743 3773 1837 3824 pro
1865 3758 1944 3811 ui-

371 3838 486 3894 liilo
517 3841 746 3907 ducam,
781 3859 954 3914 neque
989 3845 1280 3915 quidquam
1314 3847 1623 3901 existimem
1670 3849 1842 3902 instar
1871 3851 1946 3904 Ie-

369 3932 456 3983 vis
493 3931 781 3987 cantilenae
847 3950 912 3989 ac
967 3937 1263 4004 strepitus,
1309 3937 1522 3992 etiamsi
1570 3939 1747 3993 decies
1797 3941 1946 3995 mille

369 4021 500 4086 sint,
534 4024 624 4090 qui
649 4040 833 4079 necem
861 4027 990 4080 mihi
1025 4027 1306 4085 intentent.

446 4113 498 4166 9.
551 4112 661 4167 Sub
688 4116 802 4169 hare
836 4120 988 4185 quasi
1021 4135 1147 4173 vero
1199 4123 1370 4176 oculis
1419 4123 1711 4190 inSpiceret
1741 4122 1948 4191 (mente

371 4204 521 4256 enim
557 4217 706 4259 certe
743 4208 1087 4280 intuebatur)
1137 4213 1344 4266 hostem
1391 4227 1570 4276 suum,
1609 4212 1784 4266 eidem
1819 4221 1945 4266 tan-

371 4310 538 4365 quam
568 4299 823 4363 przcsenti
872 4303 1221 4370 exprobravit
1253 4323 1265 4357 :
1299 4303 1417 4359 Non
1460 4305 1632 4370 vides,
1668 4305 1944 4372 inquiens,

376 4402 559 4442 meum
618 4391 877 4457 studium,
917 4409 950 4447 ο
997 4396 1244 4450 veritatis
1275 4398 1466 4459 hostis,
1502 4397 1702 4465 quique
1760 4399 1828 4451 ab
1885 4410 1947 4449 ea

379 4477 590 4534 alienus
629 4498 710 4546 es,
738 4485 960 4555 adquod
991 4489 1466 4557 contemplandum
1501 4489 1751 4541 universa
1786 4503 1949 4557 ange-

2043 3312 2164 3351 cam
2187 3295 2558 3361 'deduxerant,
2591 3295 2886 3364 timideque
2917 3293 3260 3360 aufugerunt.

2115 3387 2202 3440 ll.
2235 3385 2465 3440 Strenua
2496 3395 2677 3440 autem
2731 3387 2883 3455 virgo
2923 3401 2988 3439 ex
3033 3399 3099 3439 eo
3147 3381 3407 3437 miraculo
3452 3378 3626 3448 magis

2043 3478 2282 3532 animata
2319 3476 2540 3546 (quippe
2586 3477 2698 3546 jam
2749 3485 2996 3530 senserat
3047 3474 3318 3529 exauditis
3373 3471 3626 3540 prec-ilius

2045 3570 2286 3624 divinum
2319 3569 2421 3624 sibi
2473 3571 2665 3624 adesse
2708 3568 2954 3633 Numen,
2986 3567 3213 3636 ejusque
3253 3565 3474 3633 angelos
3532 3563 3624 3632 qui

2045 3678 2104 3717 se
2137 3673 2420 3717 tuerentur
2465 3665 2532 3716 ab
2565 3663 2814 3716 lictorum
2865 3661 3102 3730 injuriis)
3141 3661 3302 3714 corde
3353 3657 3626 3723 intrepido

2049 3772 2108 3812 se
2156 3758 2207 3810 in
2243 3756 2379 3808 viam
2430 3756 2595 3808 dedit.
2628 3753 2728 3809 Ubi
2771 3770 2898 3807 vero
2931 3753 3194 3808 Catanam
3231 3751 3631 3818 appropinqua-

2051 3850 2160 3911 bat,
2187 3862 2418 3918 magnus
2455 3847 2651 3901 civium
2713 3863 2933 3900 suorum
2974 3860 3234 3898 numerus
3295 3843 3368 3895 illi
3411 3841 3627 3894 obviam

2049 3940 2280 4008 prodiit;
2312 3950 2365 3992 et
2395 3938 2650 3992 mulieres
2683 3939 2898 4006 quidem
2936 3936 3147 4004 aliquot
3185 3935 3300 4002 ejus
3332 3935 3502 3985 vicem
3531 3930 3630 3984 do-

2051 4032 2253 4094 lebant,
2297 4031 2744 4098 aliquotetiam,
2791 4028 2991 4097 quibus
3037 4026 3404 4081 Christianum
3439 4033 3628 4092 pectus

2052 4122 2224 4191 magis
2263 4122 2540 4189 sapiebat,
2587 4121 2729 4174 inter
2764 4137 2823 4174 se
2873 4119 3052 4172 tacitis
3085 4117 3336 4170 laudidus
3371 4125 3630 4170 constan-

2053 4215 2180 4267 tiam
2219 4213 2444 4282 virginis
2470 4211 2820 4278 extollebant,
2852 4212 2994 4280 quod
3023 4209 3220 4276 impias
3243 4207 3631 4275 (7)proconsu-

2052 4303 2118 4356 lis
2160 4302 2371 4358 oblatas
2412 4305 2628 4372 nuptias
2669 4319 2735 4357 ne
2780 4304 2963 4356 auditu
3026 4301 3243 4370 quidem
3294 4300 3510 4368 dignata
3541 4311 3631 4350 es-

2051 4405 2166 4461 set;
2205 4397 2434 4465 ideoque
2477 4397 2653 4449 solum
2691 4406 2901 4449 vertere
2950 4395 3224 4462 sapienter
3278 4391 3628 4444 decrevisset.

2052 4488 2312 4542 Matronae
2367 4504 2499 4542 vero
2533 4488 2806 4556 primariae
2846 4487 3119 4548 civitatis,
3159 4484 3355 4552 quibus
3413 4490 3634 4550 propter

378 4572 554 4627 lorum
581 4589 642 4629 ac
667 4575 936 4644 justorum
963 4580 1200 4634 occurrit
1225 4581 1510 4636 multitudo
1534 4581 1943 4647 exsultantium,
1981 4580 2023 4635 D
2056 4580 2373 4645 nobilitatis,
2409 4595 2569 4649 opum
2626 4595 2690 4634 ac
2723 4579 3036 4633 divitiarum
3074 4576 3308 4637 famam,
3347 4573 3495 4626 locus
3536 4573 3631 4625 da-

453 4755 475 4787 ‘
495 4750 924 4820 Joan.'xtn,23.
1000 4755 1020 4786 "
1059 4753 1203 4809 Psal.
1226 4769 1316 4821 xv,
1347 4755 1400 4810 8.

459 4930 534 5003 (6)
559 4928 827 5003 Videntur
855 4929 1228 5003 Panormitani
1254 4947 1522 4994 asserere,
1560 4932 1824 5002 migrasse
1846 4934 1955 4997 pri-

380 5001 532 5057 mum
573 5001 862 5070 Agatham,
893 5003 1066 5054 adhuc
1096 5002 1439 5067 infantulam,
1473 5018 1593 5056 cum
1638 5001 1951 5070 parentibus

379 5073 655 5126 Panormo
682 5070 1193 5143 Catanam;ibique
1226 5073 1528 5125 adolevisse
1559 5091 1571 5124 :
1600 5077 1616 5143 (
1644 5074 1956 5143 ttnilealio-

378 5144 516 5209 quin
546 5142 943 5196 Catanensihtzs
990 5142 1060 5191 ita
1111 5143 1299 5195 fuisset
1336 5153 1480 5203 nota,
1517 5153 1577 5196 ut
1612 5142 1762 5211 apud
1788 5142 1958 5206 Quin-

385 5213 594 5266 tianum
617 5213 733 5274 ejus
775 5210 1111 5280 nobilitatem
1152 5227 1214 5264 ac
1264 5210 1718 5280 pulchritudinem
1748 5214 1954 5280 deprae-

380 5281 707 5349 dicarem?)
744 5295 808 5334 ac
834 5280 1030 5335 deinde
1065 5278 1393 5336 Panormitm
1435 5283 1499 5335 ad
1526 5283 1670 5336 lares
1703 5278 1958 5350 paternos

383 5367 684 5404 reversam.

462 5420 540 5488 (7)
573 5421 850 5489 Nusquam
885 5425 937 5476 in
975 5421 1120 5476 Actis
1147 5422 1375 5487 Latinis,
1412 5434 1470 5477 ut
1499 5423 1756 5484 diximus,
1795 5436 1949 5474 men-

385 5491 467 5543 tio
510 5505 761 5558 exiiressa
799 5496 856 5546 [it
899 5492 1073 5560 fugae:
1128 5507 1303 5560 neque
1337 5493 1402 5546 ad
1448 5493 1662 5560 nuptias
1712 5492 1951 5559 expetita

385 5560 586 5630 dicitur
619 5577 645 5612 a
676 5561 992 5628 Quintiano,
1025 5563 1115 5630 qui
1152 5577 1373 5616 uxorem
1413 5563 1664 5623 habebat,
1721 5564 1811 5614 sed
1857 5575 1954 5628 po-

386 5629 496 5682 tius
529 5630 596 5683 ad
631 5642 903 5700 stuprum,
942 5650 961 5683 (
1019 5643 1075 5685 ut
1107 5633 1195 5699 qui
1234 5642 1352 5686 erat
1397 5633 1462 5686 de
1498 5645 1692 5700 genere
1737 5631 1954 5700 ignobili

388 5707 574 5758 natus.
630 5717 725 5770 per
778 5703 878 5757 hoc
912 5710 1232 5771 personaret
1294 5704 1359 5755 ad
1421 5718 1580 5755 aures
1617 5701 1781 5768 vulgi,
1815 5702 1956 5767 quod

391 5775 582 5839 tantus
609 5783 754 5826 esset
777 5789 839 5826 ac
875 5773 1015 5836 talis,
1053 5773 1141 5839 qui
1170 5781 1353 5838 posset
1383 5772 1546 5824 etiam
1581 5771 1957 5836 spectabilium

403 5837 694 5910 subjugare
738 5857 1017 5912 personas.
1072 5837 1092 5895 ἰ
1137 5837 1364 5896 Exstant
1398 5842 1597 5912 passim
1646 5844 1784 5910 apud
1820 5843 1956 5895 scri-

2049 4943 2236 4998 plores
2266 4931 2511 5001 exempla
2539 4931 3028 5000 importunissimze
3062 4929 3308 4984 libidinis
3341 4938 3632 5001 prmloru'u

2051 4999 2440 5055 Romanorum
2471 5005 2522 5056 in
2574 4999 2986 5070 provincialium
3043 5004 3176 5054 lllias
3231 5016 3294 5053 ac
3352 4999 3632 5070 copjugcs.

2053 5073 2194 5140 Lege
2221 5075 2312 5139 qui
2335 5088 2396 5126 ea
2423 5067 2659 5142 requiris
2685 5112 2699 5135 ,
2727 5074 2868 5141 apud
2899 5071 3214 5125 Ciceronem
3257 5084 3375 5138 qua:
3404 5069 3465 5120 C.
3508 5067 3636 5142 Ver-

2057 5139 2154 5196 res,
2200 5143 2405 5195 Praetor
2441 5139 2516 5194 in'
2548 5144 2736 5196 eadem
2763 5139 2972 5194 ‘Sicilia
3025 5143 3274 5209 gesserit,
3329 5149 3382 5190 et
3436 5148 3543 5190 act.
3581 5139 3634 5202 3,

2065 5227 2184 5278 (tua:
2234 5219 2390 5265 antea
2442 5211 2750 5279 Latnpsmi,
2805 5211 3124 5263 Sanctorius
3150 5212 3428 5262 existimat
3470 5209 3635 5270 Quin-

2070 5287 2272 5334 tianum
2307 5282 2406 5334 sibi
2429 5282 2656 5348 jungere
2692 5283 3038 5333 Inatrimonio
3072 5281 3334 5345 Agatham
3370 5279 3630 5332 voluisse.

2067 5351 2169 5417 Qui
2203 5351 2364 5418 igitur
2397 5353 2568 5416 potuit
2621 5352 3045 5417 prudentissima
3087 5354 3242 5415 virgo
3269 5364 3362 5416 qu.
3402 5365 3439 5401 t.
3498 5365 3550 5400 u.
3580 5348 3636 5411 5,

2059 5432 2272 5482 optare,
2309 5431 2365 5473 ut
2393 5421 2514 5472 talis
2551 5432 2695 5475 esset
2729 5436 2864 5473 uxor
2886 5421 3166 5485 Quintiani
3199 5419 3375 5487 qualis
3409 5423 3505 5471 dea
3541 5435 3636 5470 sua

2060 5489 2264 5554 Venus,
2297 5491 2341 5543 si
2391 5492 2595 5544 sciebat
2622 5505 2743 5543 eum
2767 5506 2938 5544 uxore
2960 5505 3170 5552 carere,
3203 5505 3367 5556 seque
3403 5491 3468 5540 ad
3511 5488 3643 5555 legi-

2065 5562 2254 5612 timum
2291 5561 2596 5627 conjugium
2629 5561 2846 5626 expeti?
2871 5561 3024 5624 Quod
3064 5571 3249 5612 votum
3291 5558 3526 5626 Virginis
3561 5559 3634 5609 ita

2063 5632 2204 5682 idem
2236 5629 2557 5683 Sanctorius
2589 5631 2810 5698 exponit
2844 5649 2858 5682 :
2898 5629 3122 5699 Rogabo
3139 5628 3320 5684 Jesum
3358 5629 3638 5682 Christum

2067 5702 2350 5753 Dominum
2387 5715 2588 5760 meum,
2623 5712 2681 5753 ut
2738 5716 2877 5754 uxor
2929 5711 3016 5753 tua
3051 5703 3067 5764 (
3102 5701 3148 5753 si
3187 5701 3344 5754 thoro
3407 5702 3644 5752 fortasse

2068 5789 2126 5824 es
2159 5769 2611 5842 alligatnsltalis
2630 5771 2872 5825 moribus
2915 5781 2969 5826 et
3007 5771 3177 5842 gloria
3209 5771 3404 5827 evadat
3462 5770 3644 5839 qualis

2069 5855 2313 5893 amorum
2349 5841 2531 5910 regina
2575 5838 2778 5894 Venus.
2819 5858 2839 5891 ι
