4024 6422
476 388 617 456 12⁵19

1504 399 1573 464 S.
1610 398 1993 463 METHODII
2034 402 2546 468 PATRIARCILE
2579 404 2693 468 CP.

3613 407 3731 479 1289

475 511 569 559 tus
604 501 782 559 fuerat
820 517 848 557 a
903 506 1268 574 satellitibus,
1301 509 1369 564 ad
1399 509 1669 580 Agatham
1717 513 2060 570 salutandam
2094 521 2141 579 Α
2169 515 2663 589 Hierosolymitano
2698 518 2898 588 templo
2927 535 3080 586 usus,
3115 520 3305 581 laudes
3351 523 3461 580 Deo
3501 523 3734 586 fundebat

476 595 826 664 accedentes,
855 596 905 651 in
934 598 1121 653 osculo
1158 609 1351 656 sancto
1390 616 1509 657 eam
1541 615 1936 674 susceperunt;
1968 608 2065 662 de-

477 700 585 753 que
614 686 789 739 reditu
827 687 1116 757 gratulatat
1163 691 1404 745 animum
1451 690 1685 760 faciunt,
1719 705 1781 750 ut
1827 698 2067 752 stadium

476 789 635 833 suum
672 778 925 832 conficiat
965 780 1167 835 virtute
1219 781 1443 851 dignum
1498 801 1512 839 :
1547 794 1605 837 et
1636 800 1757 853 qua:
1800 795 1906 840 tam
1944 803 2070 842 con-

477 877 690 925 Slattler
708 871 888 936 primo
917 873 1217 927 certamine
1252 876 1533 930 servanda:
1571 875 1782 947 Sponso
1828 894 1928 934 suo
1961 881 2069 934 vir-

477 961 726 1031 ginitatis
748 962 924 1019 solum
964 967 1245 1035 tnigrando
1268 969 1534 1033 cucurrit,
1565 985 1630 1026 ac
1659 970 1913 1043 fugiendo
1942 989 2071 1044 per-

478 1053 610 1108 vicit
656 1054 904 1122 hostem;
939 1072 1083 1110 nunc
1107 1059 1186 1113 .in
1220 1060 1394 1114 altero
1430 1075 1603 1131 agone
1638 1076 1738 1131 pro
1771 1065 1890 1118 fidei
1942 1080 2073 1135 pro-

478 1143 906 1217 fcssioneusqne
942 1151 1008 1204 ad
1036 1162 1263 1206 mortem
1301 1153 1518 1210 fortiter
1539 1155 1875 1224 dimicando,
1901 1158 2073 1226 Quin-

477 1235 684 1290 tianum
747 1239 1021 1305 debellet,
1066 1256 1129 1297 ac
1196 1244 1477 1300 moriendo
1547 1246 1783 1317 gloriose
1851 1251 2067 1305 tandem

477 1332 797 1402 triumphet.
828 1334 917 1387 Illa
949 1349 1097 1401 vere,
1119 1335 1264 1392 Meas
1287 1339 1516 1408 ,inquit,
1535 1355 1659 1408 spes
1680 1342 1733 1395 in
1761 1342 1870 1396 Deo
1908 1344 2075 1398 collo-

477 1427 642 1480 cavi:
697 1425 814 1493 ejus
861 1427 990 1480 mihi
1056 1426 1228 1483 Filius
1257 1430 1404 1485 vires
1458 1430 1711 1488 sufﬁciet.
1761 1432 1892 1501 Ejus
1929 1435 2074 1493 freta

477 1516 717 1583 auxiliis,
772 1519 988 1590 tyranni
1047 1521 1246 1585 minas,
1284 1522 1550 1586 verbera,
1606 1533 1902 1589 tormenta,
1945 1543 2074 1582 cru~

478 1608 674 1671 ciatus,
719 1621 947 1665 mortem
977 1612 1211 1682 denique
1260 1616 1431 1683 ipsam
1482 1613 1877 1671 devincendatn
1912 1632 2077 1687 spero

477 1710 641 1771 atque
668 1710 816 1769 opto.

551 1794 640 1848 12.
672 1793 880 1850 Ρνωεεε
913 1810 1065 1859 vero,
1098 1796 1186 1851 ubi
1219 1797 1430 1867 accepit
1461 1797 1728 1869 Agatham
1775 1799 1841 1854 ad
1878 1800 2073 1857 urbem

2168 625 2231 665 ac
2262 623 2485 681 preces;
2516 610 2716 680 quibus
2744 625 2772 666 a
2807 612 2918 667 Deo
2947 615 3173 678 auditis,
3201 630 3269 671 ex
3293 629 3391 672 ore
3408 618 3570 687 piscis
3596 622 3735 677 vivus

2168 699 2378 769 ejectus
2406 700 2458 753 in
2506 708 2712 754 terram
2756 701 2972 769 publice
3009 704 3493 761 concionabumlns
3538 723 3725 778 magna!

2170 790 2409 845 civitatis
2433 790 2597 844 saluti
2620 791 2918 845 consuluit.
2945 790 3026 846 Tu
3053 807 3204 859 vero,
3235 794 3468 860 Agatba,
3499 810 3618 851 vere
3648 798 3734 853 tibi

2172 882 2331 952 virgo
2367 882 2716 947 bona,°bona
2757 883 2957 952 quippe
2990 886 3193 954 quibus
3226 897 3373 941 tuam
3419 889 3470 942 in
3513 892 3745 949 maximis

2171 975 2433 1030 aerumnis
2455 977 2817 1030 constantiam
2846 977 3183 1033 intuentibus
3202 1020 3217 1045 ,
3248 989 3413 1049 atque
3445 982 3745 1037 admiranti-

2173 1065 2275 1120 bus
2322 1066 2601 1134 specimen
2632 1066 3065 1120 Christianarum
3109 1069 3376 1123 virtutum
3428 1071 3650 1137 dedisti;
3680 1074 3746 1129 ita

2174 1165 2231 1212 ut
2265 1170 2442 1224 neque
2472 1154 2789 1210 divitiarum
2848 1155 3366 1226 pollicitationibus,
3415 1175 3590 1230 neque
3633 1175 3747 1229 pro-

2172 1247 2371 1316 positis
2397 1246 2724 1301 deliciarum
2758 1247 3216 1312 oblectamentis,
3268 1263 3445 1318 neque
3489 1252 3624 1306 adeo
3654 1263 3750 1307 tor-

2176 1349 2483 1396 mentorum
2517 1340 2682 1393 minis
2710 1354 2773 1393 ac
2811 1340 3094 1409 periculis,
3118 1355 3295 1411 neque
3315 1357 3444 1397 vero
3470 1342 3753 1412 imperato-

2176 1434 2254 1488 ris
2287 1431 2431 1486 Decii
2472 1430 2692 1486 decreto
2716 1432 2784 1488 de
2833 1430 3131 1487 subeundis
3158 1433 3370 1490 ultimis
3408 1437 3751 1504 cruciatibus,

2177 1523 2436 1580 dimoveri
2469 1523 2713 1593 potueris
2749 1539 2778 1577 a
2842 1524 3127 1593 proposito
3163 1523 3451 1581 servandae
3482 1525 3751 1595 virginita-

2180 1618 2269 1684 tis,
2300 1618 2533 1688 fideique
2563 1615 2907 1671 .Christianze
2961 1615 3323 1686 professione.
3378 1617 3515 1675 Eras
3569 1623 3754 1690 quippe

2180 1711 2332 1782 quasi
2359 1709 2545 1764 firmus
2576 1709 2628 1763 in
2664 1707 2852 1779 pelago
2893 1708 3183 1778 scopulus.
3217 1710 3309 1779 qui
3355 1722 3638 1766 ventorum
3668 1711 3754 1767 lla-

2183 1815 2289 1869 tus,
2323 1803 2685 1873 ingruentium
2719 1801 3022 1872 pluviarum
3056 1801 3261 1872 lapsus,
3292 1804 3636 1860 frementium
3662 1821 3756 1860 un-

478 1886 798 1953 adventare,
833 1898 891 1940 ut
925 1888 1614 1957 aliquantisperturbatam
1653 1893 1932 1949 civitatem
1956 1935 1972 1961 ,
2005 1909 2068 1950 ac
2100 1888 2144 1945 Β
2172 1900 2362 1965 durum
2408 1896 2642 1966 impetus
2670 1893 2972 1949 contemnit
3017 1894 3201 1963 pOtius
3256 1911 3437 1965 quam,
3463 1897 3636 1965 timet,
3681 1896 3754 1952 di-
3804 1878 3808 1882 θ

477 1978 783 2046 prtesertim
824 1979 1038 2035 animos
1089 1983 1620 2052 consanguineorum
1670 1986 1958 2052 mulceret,
2016 1988 2071 2043 in

476 2066 819 2135 Aphrodisia:
859 2070 1057 2125 nobilis
1087 2068 1337 2139 feminas,
1391 2075 1485 2128 sed
1540 2073 1808 2141 famosae,
1848 2074 2073 2130 domum

477 2157 755 2215 divertere
782 2160 955 2227 illam,
982 2171 1145 2231 atque
1177 2163 1737 2221 honorificentissime
1772 2166 1948 2237 excipi
1979 2168 2074 2237 ju-

475 2248 592 2314 bet,
620 2263 819 2304 cavens
869 2266 936 2305 ne
976 2251 1211 2320 aliquem
1234 2267 1303 2306 ex
1335 2254 1652 2324 propinquis
1674 2255 1791 2324 ejus
1822 2256 1949 2311 illuc
1991 2256 2075 2311 in-

480 2341 691 2397 troduci
724 2353 1018 2411 pateretur.
1054 2345 1298 2412 Qntetihi
1327 2360 1482 2401 mens
1507 2349 1674 2402 animi
1707 2359 1837 2405 tunc
1870 2351 2073 2417 inerat,

479 2434 649 2504 Virgo
698 2437 1045 2506 integerrima
1069 2476 1085 2502 ,
1127 2453 1255 2492 cum
1290 2447 1342 2494 te
1392 2439 1662 2495 inclusam
1698 2443 1990 2513 spectabas
2021 2445 2075 2500 in

481 2526 579 2582 illo
621 2527 1003 2595 Aphrodisias,
1046 2542 1353 2598 novemque
1412 2530 1859 2586 muliercularum
1918 2536 2075 2590 matri

482 2634 585 2690 per
611 2635 772 2689 quam
811 2619 1107 2686 similium,
1140 2622 1448 2691 prostihnlo
1482 2624 1685 2692 potius,
1718 2640 1880 2693 quam
1919 2626 2079 2682 nobi-

483 2710 615 2766 lium
649 2712 875 2768 honesta
901 2712 1101 2767 domo?
1152 2713 1421 2782 Quidnam
1455 2715 1641 2771 animo
1675 2716 1927 2786 virginali
1966 2733 2080 2773 meo

483 2804 747 2860 ditabaris
780 2806 831 2858 in
874 2805 1094 2861 sordido
1122 2806 1211 2860 illo
1239 2805 1532 2860 infamium
1560 2805 1816 2862 Sirenum
1851 2824 2077 2867 ccenoso

484 2897 732 2967 lupanari
784 2899 993 2966 verius,
1026 2916 1190 2969 quam
1226 2907 1458 2967 remoto,
1497 2901 1770 2972 dignoque
1808 2904 2077 2974 virginum

484 2990 780 3062 gynteceo?
808 2992 924 3047 Non
963 3009 1158 3048 vereor
1181 3033 1198 3058 ,
1232 3008 1300 3048 ne
1357 3008 1468 3048 non
1527 3003 1584 3049 tu
1621 2995 1882 3052 honestas
1918 3012 2079 3052 aures

484 3082 736 3156 profanis
790 3085 1008 3141 illarum
1066 3087 1492 3144 incantamentis
1542 3088 1922 3158 obtcraveris,
1981 3091 2079 3147 sed

485 3176 633 3235 scire
659 3193 792 3232 sane
813 3178 1008 3247 gestio.
1040 3179 1087 3233 si
1124 3179 1208 3234 fas
1238 3188 1422 3245 esset,
1475 3179 1529 3236 in
1576 3194 1842 3250 quasnam
1895 3196 2075 3237 rerum

2173 1989 2500 2059 Stringitque
2529 1985 2743 2049 fortius,
2775 2000 2937 2055 qttam
2966 1984 3073 2040 illis
3102 1986 3269 2040 cedit.

2247 2081 2337 2136 14.
2374 2080 2520 2147 Quas
2540 2079 2760 2147 quidem
2803 2076 3031 2148 Agathte
3064 2076 3293 2139 virtutes
3326 2092 3456 2132 cum
3492 2087 3635 2133 esset
3669 2076 3753 2133 ad-

2178 2174 2375 2228 mirata
2424 2171 2605 2227 omnis
2661 2169 2751 2222 illa
2817 2168 3259 2225 muliercularmn
3326 2169 3634 2236 colluvies,
3690 2169 3750 2224 ad

2177 2263 2527 2331 Quintianum
2566 2260 2744 2331 pergit
2777 2259 3124 2330 Aphrodisia,
3184 2261 3511 2329 nuntiatque
3552 2275 3670 2317 sese
3698 2276 3754 2316 ac

2179 2357 2317 2413 filias
2349 2369 2570 2425 Operam
2597 2352 2931 2423 perdidisse;
2968 2351 3290 2423 faciliusque
3310 2351 3511 2433 Etttea
3548 2368 3675 2407 saxa
3707 2353 3754 2407 in

2179 2462 2357 2503 ceram
2388 2445 2669 2508 converti,
2699 2459 2861 2513 quam
2892 2443 3118 2513 Agathte
3164 2459 3262 2498 cor
3309 2445 3362 2498 in
3398 2444 3758 2499 obstinatione

2179 2539 2561 2595 conservandae
2602 2535 2823 2593 Christo
2858 2535 3188 2604 virginitatis
3228 2535 3565 2590 obduratum
3599 2534 3757 2589 emol-

2180 2631 2266 2686 liri
2296 2629 2694 2701 aliquantulum
2737 2642 2918 2698 posse.
2965 2626 3103 2682 Tum
3164 2627 3254 2682 ille
3303 2626 3373 2681 ad
3417 2642 3582 2681 suum
3616 2625 3758 2681 citari

2182 2726 2451 2795 virginem
2497 2721 2733 2778 tribunal
2765 2721 3071 2791 jubet;qni
3132 2731 3490 2776 renascentes
3535 2721 3759 2791 pristina

2181 2817 2494 2887 cupiditatis
2522 2815 2725 2885 ineque
2750 2813 2994 2868 flammas
3027 2828 3153 2868 cum
3184 2813 3275 2867 diu
3313 2827 3412 2883 per
3442 2823 3623 2869 astnm
3653 2827 3761 2882 snp-

2180 2908 2491 2978 pressisset,
2533 2908 2714 2964 Astute
2747 2904 2964 2968 similis,
3005 2919 3167 2972 quem
3202 2917 3310 2958 non
3347 2919 3569 2974 semper
3592 2904 3755 2972 ignem

2179 3003 2247 3058 ab
2273 3000 2558 3057 horrendis
2591 2997 2834 3053 faucibus
2877 2996 3132 3066 ejaculari
3174 2994 3379 3061 ferunt,
3403 2996 3505 3052 sed
3541 2998 3759 3065 quibus-

2181 3093 2306 3149 dam
2356 3089 2658 3158 interiectis
2717 3099 3023 3157 temporum
3080 3085 3384 3141 intervallis
3454 3086 3763 3143 ebullietttes

2184 3187 2328 3241 intus
2358 3182 2612 3241 flammas
2641 3182 2734 3236 ubi
2767 3179 3066 3244 continuit,
3099 3179 3361 3249 protinus
3386 3178 3627 3248 majores
3650 3193 3763 3234 evo-

486 3269 791 3325 divinarum
825 3270 1209 3328 meditationes
1242 3272 1387 3342 ipsos
1434 3274 1659 3344 triginta
1703 3273 1821 3329 dies
1848 3284 2068 3328 noctes-
2108 3264 2152 3325 C
2186 3278 2286 3331 mit
2310 3275 2509 3345 ignitus
2551 3272 2765 3338 fluvios,
2802 3272 3103 3343 globosque
3150 3270 3476 3341 ejaculatur.
3525 3271 3615 3335 Et,
3652 3270 3765 3327 Scio

487 3375 599 3431 que
658 3360 1064 3418 sanctissimam
1135 3372 1376 3420 mentem
1431 3374 1581 3420 tuam
1639 3363 1920 3421 dellseris.
1974 3362 2085 3419 Sed

486 3453 745 3526 quoniam
772 3454 1133 3525 haec,quibns
1169 3455 1305 3509 nihil
1336 3456 1592 3512 arcanius
1625 3467 1751 3509 esse
1773 3456 1957 3521 debet,
1987 3468 2087 3510 nos

488 3546 752 3603 mortales
777 3548 846 3602 de
878 3556 931 3603 te
970 3548 1025 3602 in
1049 3549 1189 3604 ratio
1211 3548 1445 3619 degente
1481 3549 1673 3605 audire
1710 3562 1817 3604 non
1852 3547 2001 3612 licet,
2021 3546 2088 3601 li-

491 3648 614 3695 ceat
643 3640 773 3693 mihi
822 3648 975 3696 certe
1022 3656 1188 3707 nunc,
1229 3642 1436 3697 sanctis
1484 3642 1622 3697 viris
1653 3641 1747 3711 qui
1795 3641 1849 3696 in
1899 3640 2090 3712 hujus-

493 3731 641 3787 modi
679 3732 1022 3788 calamitates
1053 3733 1383 3797 inciderunt.
1439 3741 1491 3790 te
1540 3748 1887 3805 comparare.

566 3843 655 3899 l5.
707 3843 848 3912 Quid
892 3845 1093 3901 etenim
1129 3856 1181 3902 te
1206 3846 1484 3917 Virginem
1534 3846 1937 3901 sanctissimam
1986 3845 2091 3899 Da-

491 3934 603 3990 vidi
627 3952 789 4006 quam
818 3936 1154 3992 simillimam
1173 3938 1437 4007 judicem,
1469 3937 1564 4008 qui
1592 3937 1783 3994 Saulis.
1812 3938 1957 4007 regis
2004 3936 2092 3991 fu-

492 4042 674 4084 rorem
706 4028 987 4084 declinans
1021 4030 1074 4084 in
1109 4027 1348 4084 ferarum
1382 4031 1657 4100 speluncis
1689 4030 1940 4085 latitabat
1972 4031 2092 4100 qui-

494 4120 620 4176 dem
647 4161 663 4186 ,
700 4121 795 4175 sed
825 4119 1023 4176 ibidem
1054 4136 1178 4175 cum
1210 4120 1322 4175 Deo
1344 4121 1668 4191 colloquens
1690 4161 1705 4187 ,
1741 4122 1882 4178 sicut
1911 4122 1964 4176 in
1995 4137 2091 4175 au-

493 4221 654 4283 gusto
686 4220 740 4267 et
777 4212 1030 4282 religioso
1072 4214 1274 4284 templo
1313 4225 1442 4271 ante
1471 4214 1710 4272 divinam
1761 4230 1912 4269 aram
1958 4229 2087 4284 pro-

494 4314 701 4365 stratus
728 4306 832 4361 sibi
851 4319 973 4362 esse
996 4306 1281 4361 videbatur
1308 4324 1322 4370 ;
1355 4307 1445 4363 ubi
1473 4321 1665 4377 preces
1696 4305 2083 4378 lacrytnasque

494 4399 777 4464 fundebat,
808 4399 897 4455 ttbi
926 4400 1168 4456 divinum
1216 4401 1550 4470 implorabat
1582 4401 1868 4465 auxilium,
1902 4400 1990 4455 ubi
2027 4412 2088 4454 se

494 4506 562 4555 ac
587 4493 752 4549 vitam
787 4508 942 4548 suam
976 4508 1074 4562 pro
1103 4494 1320 4548 victima
1355 4494 1465 4548 Deo
1508 4492 1792 4550 offerebat.
1844 4493 1924 4548 Tu
1954 4507 2087 4549 vero

493 4586 548 4643 in
579 4586 990 4658 Aphrodisias...
1023 4587 1140 4643 haec
1177 4588 1392 4659 aliaque
1427 4590 1598 4643 multo
1620 4588 1811 4659 majori
1842 4605 1963 4644 cum
1991 4603 2085 4643 ar-

492 4677 629 4733 dore
659 4678 880 4735 Christo
908 4679 1177 4743 obtulisti,
1208 4685 1301 4750 qui
1335 4689 1390 4735 te
1432 4695 1463 4734 a
1500 4679 1607 4735 tuis
1637 4680 1929 4736 desideriis
1967 4695 2077 4734 non

493 4768 786 4829 fraudavit.
817 4769 959 4837 Quin
986 4772 1149 4826 etiam
1184 4772 1384 4827 ibidem
1440 4772 1772 4840 mancipata,
1806 4771 1985 4825 virum
2023 4769 2089 4825 il-

494 4863 606 4923 lum
623 4863 1012 4918 desideriorum
1046 4863 1319 4919 Danielem
1346 4864 1676 4931 imitabaris,
1701 4863 1797 4933 qni
1828 4863 1883 4917 in
1912 4854 2103 4919 fetido.

493 4956 712 5019 leonum
742 4955 860 5010 lacu
891 4953 1223 5011 odoriferum
1258 4955 1526 5029 orationis
1551 4956 1846 5028 thymiama
1871 4969 2090 5010 summo

492 5048 714 5105 Numini
748 5048 1447 5118 incendebat;smeruitque
1484 5049 1701 5103 tandem
1734 5048 1968 5117 septimo
1997 5046 2089 5102 die

494 5158 526 5202 tl
560 5141 760 5212 jejunis
812 5150 1020 5211 septem
1076 5142 1291 5197 leonum
1334 5139 1584 5196 faucibus
1629 5139 1921 5195 incolumis
1961 5153 2091 5193 eva-

496 5237 647 5291 dere.
680 5233 758 5289 Tu
788 5249 916 5289 vero
940 5249 1062 5289 cum
1106 5234 1251 5303 ipsos
1284 5232 1506 5303 triginta
1539 5232 1677 5296 dies,
1715 5232 1869 5302 virgo
1901 5231 2091 5300 puris-

499 5327 659 5389 sima,
702 5326 964 5383 adversus
998 5327 1187 5383 decem
1212 5327 1412 5381 letenas
1441 5327 1494 5380 in
1526 5326 1830 5381 domestico
1875 5323 1997 5379 lacu
2037 5323 2090 5376 in

499 5420 769 5474 servanda
802 5417 916 5476 Deo
944 5420 1255 5488 virginitate
1309 5421 1686 5483 decertasses,
1744 5416 1913 5471 multo
1954 5416 2096 5471 inte-

500 5513 649 5584 grior
674 5513 906 5569 evadere
958 5514 1226 5568 meruisti.
1270 5511 1455 5581 Neque
1495 5509 1908 5567 obliviscebaris
1940 5506 2093 5563 lunae

500 5606 593 5674 qui
618 5605 670 5661 in
699 5607 957 5676 abyssum
992 5605 1253 5675 dejectus,
1291 5605 1409 5675 ipso
1437 5603 1603 5673 piscis
1621 5612 1808 5659 ventre
1836 5611 2092 5673 tanquam

2188 3368 2463 3439 equidem,
2507 3365 2718 3435 inquit,
2764 3374 2818 3418 te
2847 3379 2914 3417 ex
2972 3362 3141 3417 nubili
3174 3363 3551 3433 apulentoque
3584 3375 3767 3435 genere

2186 3471 2364 3517 ortam
2393 3473 2548 3525 esse;
2606 3457 2793 3526 tuique
2824 3456 3110 3524 sanguinis
3166 3456 3525 3525 splenderent
3566 3453 3765 3525 cognati

2189 3554 2293 3618 tui.
2318 3568 2548 3623 quorum
2574 3565 2741 3621 opera
2767 3549 2821 3604 in
2854 3548 3306 3619 magnisimperii
3343 3548 3510 3604 rebus
3555 3565 3658 3603 non
3690 3561 3767 3601 se-

2190 3647 2297 3702 mel
2338 3637 2934 3707 usus'sum,_testautur
2961 3657 2975 3694 :
3006 3640 3135 3709 quid
3170 3640 3333 3710 igitur
3359 3655 3543 3695 causa:
3572 3650 3686 3704 est,
3720 3647 3775 3693 ut

2189 3737 2514 3809 posthabitis
2565 3734 2767 3789 nostris
2793 3733 2896 3787 diis
2928 3731 3188 3789 humilem
3220 3731 3666 3785 Christianorum
3699 3731 3766 3782 vi-

2190 3841 2301 3886 tam
2352 3828 2667 3883 attcillarum
2729 3826 2783 3881 in
2834 3841 3062 3889 morem,
3112 3824 3165 3878 in
3212 3824 3450 3879 obscuro
3513 3823 3682 3894 agas?
3714 3820 3769 3877 Et

2189 3922 2280 3977 illa
2306 3940 2319 3977 :
2354 3919 2518 3975 Recte
2536 3933 2621 3974 me
2649 3916 2904 3972 ancillam
2928 3924 3178 3971 autumas
3203 3930 3218 3979 ;
3248 3930 3370 3969 sum
3397 3917 3547 3970 enim
3581 3912 3771 3971 Christi

2189 4012 2286 4069 Dei
2322 4011 2423 4065 mei
2456 4008 2671 4071 ancilla,
2694 4007 3000 4062 cuiomnes
3019 4014 3218 4060 creata:
3256 4020 3367 4070 res,
3388 4006 3563 4061 velint
3594 4005 3767 4067 nolint,

2190 4101 2542 4159 famulantur.
2586 4100 2783 4156 Verum
2818 4101 2932 4153 hate
2952 4097 3195 4152 conditio
3231 4112 3337 4152 non
3373 4098 3669 4168 ingenitam
3703 4096 3771 4151 fa-

2191 4193 2358 4250 miliae
2390 4208 2523 4247 mea:
2558 4190 2901 4246 nobilitatem
2931 4187 3216 4251 obscurat,
3276 4189 3374 4242 sed
3414 4188 3655 4244 illustrat
3682 4201 3771 4241 ma-

2186 4287 2273 4358 gis
2304 4302 2319 4341 :
2359 4300 2537 4355 neque
2562 4298 2662 4353 ego
2702 4297 2788 4336 me
2842 4280 3075 4337 nobilem
3108 4291 3274 4349 atque
3319 4280 3617 4351 ingenuam
3647 4293 3771 4351 prc-

2189 4380 2458 4442 dicarem,
2488 4378 2533 4433 si
2576 4392 2694 4431 non.
2720 4375 2885 4429 unico
2909 4387 3152 4443 veroque
3178 4371 3311 4435 Deo,
3338 4370 3573 4443 ejusque
3601 4373 3771 4441 unige-

2189 4473 2306 4529 nito
2338 4470 2497 4537 Filio,
2541 4477 2691 4525 caste
2726 4468 2925 4538 pieque
2950 4466 3254 4525 servirem;
3294 4465 3389 4519 sed
3422 4465 3576 4520 vitiis
3609 4480 3669 4519 ac
3692 4477 3771 4517 vo-

2191 4561 2490 4634 luptatibus
2516 4560 2661 4628 vita),
2680 4559 2897 4629 diisque
2916 4557 3141 4625 vestris,
3173 4570 3280 4611 non
3305 4569 3435 4610 vere
3464 4555 3595 4622 diis,
3613 4567 3777 4611 essent

2192 4655 2454 4714 obnoxia.

2270 4767 2357 4823 15.
2396 4766 2523 4822 llaec
2558 4763 2693 4821 satis
2738 4763 3008 4835 intrepide
3040 4764 3184 4835 apud
3236 4754 3529 4833 prtesidem
3563 4758 3775 4833 Agathe

2197 4859 2518 4931 alloquenti,
2554 4858 2803 4927 protinus
2849 4857 3070 4913 satelles
3101 4871 3262 4911 manu
3302 4855 3573 4925 sacrilega
3624 4854 3677 4908 in
3705 4849 3772 4904 fac

2198 4954 2339 5009 ciem
2376 4952 2663 5021 colaphum
2699 4950 2973 5023 impingit,
2993 4957 3055 5005 ut
3081 4949 3233 5021 virgo
3263 4948 3468 5004 Christi
3493 4961 3623 5004 vere
3650 4946 3769 5000 bona

2192 5045 2460 5115 discipula
2494 5045 2621 5101 boni
2646 5041 2926 5114 Magistri,
2948 5042 3222 5100 similibus
3250 5041 3422 5097 initiis
3456 5037 3766 5111 martyrium

2191 5138 2846 5207 imitaretur,sponsoquo
2870 5149 2977 5191 suo
3005 5148 3209 5204 sponsa
3237 5134 3316 5204 (8)
3341 5132 3536 5188 similis
3564 5140 3771 5200 appare-

2190 5241 2294 5287 ret.
2332 5229 2378 5286 0
2409 5245 2569 5299 quam
2599 5228 2740 5285 belle
2769 5228 3178 5299 purpurissatas
3228 5236 3356 5281 tunc
3402 5224 3599 5279 dilecta
3635 5220 3770 5285 virgo

2201 5340 2369 5396 genas
2416 5324 2616 5379 dilecto
2651 5337 2755 5377 suo
2785 5318 3131 5377 ostentabat!
3170 5332 3334 5388 quam
3381 5315 3471 5387 pie
3510 5307 3771 5383 'vit‘ginali

2201 5416 2402 5471 rubore
2433 5430 2498 5471 ac
2514 5415 2713 5470 decoro
2744 5413 2916 5467 livore
2954 5421 3210 5466 ornatum
3242 5408 3447 5464 vultum
3487 5408 3540 5461 in
3589 5404 3771 5461 cmlum

2200 5506 2516 5574 extollebat,
2551 5506 2851 5575 oculosque
2878 5503 3136 5575 lat-rymis
3166 5515 3469 5571 cruoreqne
3506 5507 3768 5567 respersos

2203 5601 2268 5657 ad
2292 5598 2569 5657 Christum
2597 5600 2884 5670 dirigebat,
2917 5605 2977 5652 ut
3020 5596 3214 5651 iisdem
3248 5593 3387 5666 ipsis
3416 5602 3636 5665 propter
3664 5585 3769 5653 ejus

573 5778 650 5845 (8)
692 5779 789 5851 Qui
835 5781 1091 5835 nimirum
1123 5782 1264 5851 apud
1294 5780 1507 5838 Annam
1567 5777 1888 5837 Pontificetn
1924 5797 1943 5831 ι
1985 5791 2128 5831 unus
2205 5774 2469 5831 assistens
2539 5773 2918 5829 ministrorum
3002 5772 3152 5827 dedit
3233 5769 3493 5841 alapam,
3547 5783 3568 5818 ι
3626 5760 3770 5818 Joan-

510 5862 673 5919 xVut,
702 5848 793 5909 22.
