  <div class='ocr_page' id='page_1' title='image "/cluster/home/n/w/nwhite01/storage/ocr_20150623/100/coo.31924054870047/644.png"; bbox 0 0 4024 6478; ppageno 0'>
   <div class='ocr_carea' id='block_1_1' title="bbox 339 344 471 423">
    <p class='ocr_par' dir='ltr' id='par_1_1' title="bbox 339 344 471 423">
     <span class='ocr_line' id='line_1_1' title="bbox 339 344 471 423; baseline -0.023 0"><span class='ocrx_word' id='word_1_1' title='bbox 339 344 471 423; x_wconf 70' lang='lat'><strong>1231</strong></span> 
     </span>
    </p>
   </div>
   <div class='ocr_carea' id='block_1_2' title="bbox 1481 354 2417 421">
    <p class='ocr_par' dir='ltr' id='par_1_2' title="bbox 1481 354 2417 421">
     <span class='ocr_line' id='line_1_2' title="bbox 1481 354 2417 421; baseline 0 -1"><span class='ocrx_word' id='word_1_2' title='bbox 1481 359 1765 421; x_wconf 81' lang='lat' dir='ltr'><strong>ORATIO</strong></span> <span class='ocrx_word' id='word_1_3' title='bbox 1805 357 1887 420; x_wconf 92' lang='lat' dir='ltr'><strong>IN</strong></span> <span class='ocrx_word' id='word_1_4' title='bbox 1926 358 1988 421; x_wconf 90' lang='lat' dir='ltr'><strong>S.</strong></span> <span class='ocrx_word' id='word_1_5' title='bbox 2029 354 2417 421; x_wconf 77' lang='lat' dir='ltr'><strong>AGATHAM.</strong></span> 
     </span>
    </p>
   </div>
   <div class='ocr_carea' id='block_1_3' title="bbox 3462 348 3607 430">
    <p class='ocr_par' dir='ltr' id='par_1_3' title="bbox 3462 348 3607 430">
     <span class='ocr_line' id='line_1_3' title="bbox 3462 348 3607 430; baseline 0.014 -2"><span class='ocrx_word' id='word_1_6' title='bbox 3462 348 3607 430; x_wconf 63' lang='lat' dir='ltr'><strong>128i</strong></span> 
     </span>
    </p>
   </div>
   <div class='ocr_carea' id='block_1_4' title="bbox 341 466 3596 543">
    <p class='ocr_par' dir='ltr' id='par_1_4' title="bbox 341 466 3596 543">
     <span class='ocr_line' id='line_1_4' title="bbox 341 466 3596 543; baseline 0.002 -19"><span class='ocrx_word' id='word_1_7' title='bbox 341 484 583 526; x_wconf 88' lang='lat' dir='ltr'><strong>amorem</strong></span> <span class='ocrx_word' id='word_1_8' title='bbox 601 471 899 531; x_wconf 79' lang='lat' dir='ltr'><strong>vulneratis</strong></span> <span class='ocrx_word' id='word_1_9' title='bbox 918 474 1155 531; x_wconf 81' lang='lat' dir='ltr'><strong>divinum</strong></span> <span class='ocrx_word' id='word_1_10' title='bbox 1186 479 1370 541; x_wconf 89' lang='lat' dir='ltr'><strong>pectus</strong></span> <span class='ocrx_word' id='word_1_11' title='bbox 1390 468 1732 537; x_wconf 73' lang='lat' dir='ltr'><strong>vulneraret,</strong></span> <span class='ocrx_word' id='word_1_12' title='bbox 1752 466 1925 536; x_wconf 86' lang='lat' dir='ltr'><strong>Spon-</strong></span> <span class='ocrx_word' id='word_1_13' title='bbox 1955 475 1999 530; x_wconf 72' lang='grc' dir='ltr'>Α</span> <span class='ocrx_word' id='word_1_14' title='bbox 2032 468 2241 523; x_wconf 88' lang='lat' dir='ltr'><strong>laudem</strong></span> <span class='ocrx_word' id='word_1_15' title='bbox 2272 480 2324 524; x_wconf 89' lang='lat' dir='ltr'><strong>et</strong></span> <span class='ocrx_word' id='word_1_16' title='bbox 2350 471 2609 524; x_wconf 80' lang='lat' dir='ltr'><strong>honorem</strong></span> <span class='ocrx_word' id='word_1_17' title='bbox 2640 469 2874 526; x_wconf 85' lang='lat' dir='ltr'><strong>nominis</strong></span> <span class='ocrx_word' id='word_1_18' title='bbox 2915 470 3014 537; x_wconf 84' lang='lat' dir='ltr'><strong>tui,</strong></span> <span class='ocrx_word' id='word_1_19' title='bbox 3058 480 3112 527; x_wconf 88' lang='lat' dir='ltr'><strong>et</strong></span> <span class='ocrx_word' id='word_1_20' title='bbox 3155 472 3206 527; x_wconf 93' lang='lat' dir='ltr'><strong>in</strong></span> <span class='ocrx_word' id='word_1_21' title='bbox 3238 470 3463 543; x_wconf 92' lang='lat' dir='ltr'><strong>gloriam</strong></span> <span class='ocrx_word' id='word_1_22' title='bbox 3490 475 3596 531; x_wconf 85' lang='lat' dir='ltr'><strong>Ec-</strong></span> 
     </span>
    </p>
   </div>
   <div class='ocr_carea' id='block_1_5' title="bbox 336 558 1919 633">
    <p class='ocr_par' dir='ltr' id='par_1_5' title="bbox 336 558 1919 633">
     <span class='ocr_line' id='line_1_5' title="bbox 336 558 1919 633; baseline -0.003 -17"><span class='ocrx_word' id='word_1_23' title='bbox 336 561 493 629; x_wconf 84' lang='lat' dir='ltr'><strong>sique</strong></span> <span class='ocrx_word' id='word_1_24' title='bbox 517 576 612 617; x_wconf 90' lang='lat' dir='ltr'><strong>cor</strong></span> <span class='ocrx_word' id='word_1_25' title='bbox 642 566 960 621; x_wconf 78' lang='lat' dir='ltr'><strong>transﬁxum</strong></span> <span class='ocrx_word' id='word_1_26' title='bbox 994 564 1059 618; x_wconf 89' lang='lat' dir='ltr'><strong>ad</strong></span> <span class='ocrx_word' id='word_1_27' title='bbox 1084 561 1342 633; x_wconf 80' lang='lat' dir='ltr'><strong>majorem</strong></span> <span class='ocrx_word' id='word_1_28' title='bbox 1375 560 1457 614; x_wconf 90' lang='lat' dir='ltr'><strong>sui</strong></span> <span class='ocrx_word' id='word_1_29' title='bbox 1487 572 1726 614; x_wconf 86' lang='lat' dir='ltr'><strong>amorem</strong></span> <span class='ocrx_word' id='word_1_30' title='bbox 1753 558 1919 612; x_wconf 90' lang='lat' dir='ltr'><strong>illice-</strong></span> 
     </span>
    </p>
   </div>
   <div class='ocr_carea' id='block_1_6' title="bbox 340 655 1793 737">
    <p class='ocr_par' dir='ltr' id='par_1_6' title="bbox 340 655 1793 737">
     <span class='ocr_line' id='line_1_6' title="bbox 340 655 1793 737; baseline 0.006 -30"><span class='ocrx_word' id='word_1_31' title='bbox 340 660 424 709; x_wconf 80' lang='lat' dir='ltr'><strong>ret</strong></span> <span class='ocrx_word' id='word_1_32' title='bbox 451 664 615 725; x_wconf 87' lang='lat' dir='ltr'><strong>atque</strong></span> <span class='ocrx_word' id='word_1_33' title='bbox 636 655 1014 712; x_wconf 85' lang='lat' dir='ltr'><strong>inflammaret.</strong></span> <span class='ocrx_word' id='word_1_34' title='bbox 1787 731 1793 737; x_wconf 29' lang='grc' dir='ltr'><strong>ο</strong></span> 
     </span>
    </p>
   </div>
   <div class='ocr_carea' id='block_1_7' title="bbox 410 737 1919 819">
    <p class='ocr_par' dir='ltr' id='par_1_7' title="bbox 410 737 1919 819">
     <span class='ocr_line' id='line_1_7' title="bbox 410 737 1919 819; baseline -0.003 -22"><span class='ocrx_word' id='word_1_35' title='bbox 410 745 500 799; x_wconf 80' lang='grc'><strong>16.</strong></span> <span class='ocrx_word' id='word_1_36' title='bbox 537 745 665 801; x_wconf 86' lang='lat' dir='ltr'><strong>Post</strong></span> <span class='ocrx_word' id='word_1_37' title='bbox 699 748 863 819; x_wconf 77' lang='lat' dir='ltr'><strong>igitur</strong></span> <span class='ocrx_word' id='word_1_38' title='bbox 881 746 1213 815; x_wconf 82' lang='lat' dir='ltr'><strong>multiplices</strong></span> <span class='ocrx_word' id='word_1_39' title='bbox 1244 743 1544 798; x_wconf 89' lang='lat' dir='ltr'><strong>intentatas</strong></span> <span class='ocrx_word' id='word_1_40' title='bbox 1573 739 1798 812; x_wconf 85' lang='lat' dir='ltr'><strong>Agathae</strong></span> <span class='ocrx_word' id='word_1_41' title='bbox 1821 737 1919 793; x_wconf 86' lang='lat' dir='ltr'><strong>nti-</strong></span> 
     </span>
    </p>
   </div>
   <div class='ocr_carea' id='block_1_8' title="bbox 342 825 1923 901">
    <p class='ocr_par' dir='ltr' id='par_1_8' title="bbox 342 825 1923 901">
     <span class='ocr_line' id='line_1_8' title="bbox 342 825 1923 901; baseline -0.003 -14"><span class='ocrx_word' id='word_1_42' title='bbox 342 848 461 901; x_wconf 88' lang='lat' dir='ltr'><strong>nas,</strong></span> <span class='ocrx_word' id='word_1_43' title='bbox 489 836 555 889; x_wconf 92' lang='lat' dir='ltr'><strong>ad</strong></span> <span class='ocrx_word' id='word_1_44' title='bbox 611 825 958 892; x_wconf 87' lang='lat' dir='ltr'><strong>tenebrosum</strong></span> <span class='ocrx_word' id='word_1_45' title='bbox 1014 836 1227 891; x_wconf 83' lang='lat' dir='ltr'><strong>detrudi</strong></span> <span class='ocrx_word' id='word_1_46' title='bbox 1273 846 1554 889; x_wconf 87' lang='lat' dir='ltr'><strong>carcerem</strong></span> <span class='ocrx_word' id='word_1_47' title='bbox 1605 846 1724 886; x_wconf 87' lang='lat' dir='ltr'><strong>eam</strong></span> <span class='ocrx_word' id='word_1_48' title='bbox 1768 828 1923 899; x_wconf 88' lang='lat' dir='ltr'><strong>jubet</strong></span> 
     </span>
    </p>
   </div>
   <div class='ocr_carea' id='block_1_9' title="bbox 343 920 1917 997">
    <p class='ocr_par' dir='ltr' id='par_1_9' title="bbox 343 920 1917 997">
     <span class='ocr_line' id='line_1_9' title="bbox 343 920 1917 997; baseline -0.003 -20"><span class='ocrx_word' id='word_1_49' title='bbox 343 924 689 990; x_wconf 81' lang='lat' dir='ltr'><strong>Quintianus.</strong></span> <span class='ocrx_word' id='word_1_50' title='bbox 714 926 982 997; x_wconf 90' lang='lat' dir='ltr'><strong>Pergebat</strong></span> <span class='ocrx_word' id='word_1_51' title='bbox 1004 941 1131 980; x_wconf 86' lang='lat' dir='ltr'><strong>vero</strong></span> <span class='ocrx_word' id='word_1_52' title='bbox 1161 925 1246 979; x_wconf 86' lang='lat' dir='ltr'><strong>illa</strong></span> <span class='ocrx_word' id='word_1_53' title='bbox 1282 938 1476 993; x_wconf 88' lang='lat' dir='ltr'><strong>magno</strong></span> <span class='ocrx_word' id='word_1_54' title='bbox 1503 922 1667 976; x_wconf 90' lang='lat' dir='ltr'><strong>animi</strong></span> <span class='ocrx_word' id='word_1_55' title='bbox 1701 920 1917 990; x_wconf 88' lang='lat' dir='ltr'><strong>gaudio,</strong></span> 
     </span>
    </p>
   </div>
   <div class='ocr_carea' id='block_1_10' title="bbox 340 1009 1921 1085">
    <p class='ocr_par' dir='ltr' id='par_1_10' title="bbox 340 1009 1921 1085">
     <span class='ocr_line' id='line_1_10' title="bbox 340 1009 1921 1085; baseline -0.004 -16"><span class='ocrx_word' id='word_1_56' title='bbox 340 1015 628 1085; x_wconf 80' lang='lat' dir='ltr'><strong>vultusque</strong></span> <span class='ocrx_word' id='word_1_57' title='bbox 648 1015 831 1070; x_wconf 68' lang='lat' dir='ltr'><strong>laetitia</strong></span> <span class='ocrx_word' id='word_1_58' title='bbox 860 1032 875 1082; x_wconf 92' lang='lat'><strong>;</strong></span> <span class='ocrx_word' id='word_1_59' title='bbox 901 1025 954 1071; x_wconf 89' lang='lat' dir='ltr'><strong>et</strong></span> <span class='ocrx_word' id='word_1_60' title='bbox 991 1015 1141 1085; x_wconf 90' lang='lat' dir='ltr'><strong>quasi</strong></span> <span class='ocrx_word' id='word_1_61' title='bbox 1174 1015 1241 1068; x_wconf 85' lang='lat' dir='ltr'><strong>ad</strong></span> <span class='ocrx_word' id='word_1_62' title='bbox 1268 1013 1505 1084; x_wconf 87' lang='lat' dir='ltr'><strong>nuptiale</strong></span> <span class='ocrx_word' id='word_1_63' title='bbox 1530 1010 1746 1082; x_wconf 84' lang='lat' dir='ltr'><strong>epulum</strong></span> <span class='ocrx_word' id='word_1_64' title='bbox 1777 1009 1921 1062; x_wconf 88' lang='lat' dir='ltr'><strong>invi-</strong></span> 
     </span>
    </p>
   </div>
   <div class='ocr_carea' id='block_1_11' title="bbox 350 1102 1914 1175">
    <p class='ocr_par' dir='ltr' id='par_1_11' title="bbox 350 1102 1914 1175">
     <span class='ocr_line' id='line_1_11' title="bbox 350 1102 1914 1175; baseline -0.002 -17"><span class='ocrx_word' id='word_1_65' title='bbox 350 1114 488 1169; x_wconf 87' lang='lat' dir='ltr'><strong>tata,</strong></span> <span class='ocrx_word' id='word_1_66' title='bbox 522 1106 588 1158; x_wconf 90' lang='lat' dir='ltr'><strong>ad</strong></span> <span class='ocrx_word' id='word_1_67' title='bbox 634 1106 967 1175; x_wconf 75' lang='lat' dir='ltr'><strong>ergastulum</strong></span> <span class='ocrx_word' id='word_1_68' title='bbox 1021 1104 1170 1159; x_wconf 89' lang='lat' dir='ltr'><strong>humi</strong></span> <span class='ocrx_word' id='word_1_69' title='bbox 1221 1104 1535 1171; x_wconf 89' lang='lat' dir='ltr'><strong>depressum</strong></span> <span class='ocrx_word' id='word_1_70' title='bbox 1587 1102 1914 1155; x_wconf 85' lang='lat' dir='ltr'><strong>maturabat.</strong></span> 
     </span>
    </p>
   </div>
   <div class='ocr_carea' id='block_1_12' title="bbox 344 1191 1919 1272">
    <p class='ocr_par' dir='ltr' id='par_1_12' title="bbox 344 1191 1919 1272">
     <span class='ocr_line' id='line_1_12' title="bbox 344 1191 1919 1272; baseline -0.001 -24"><span class='ocrx_word' id='word_1_71' title='bbox 344 1193 463 1262; x_wconf 81' lang='lat' dir='ltr'><strong>Quo</strong></span> <span class='ocrx_word' id='word_1_72' title='bbox 507 1197 632 1250; x_wconf 91' lang='lat' dir='ltr'><strong>dum</strong></span> <span class='ocrx_word' id='word_1_73' title='bbox 663 1197 809 1251; x_wconf 89' lang='lat' dir='ltr'><strong>illam</strong></span> <span class='ocrx_word' id='word_1_74' title='bbox 855 1195 1118 1252; x_wconf 88' lang='lat' dir='ltr'><strong>satellites</strong></span> <span class='ocrx_word' id='word_1_75' title='bbox 1160 1208 1356 1263; x_wconf 86' lang='lat' dir='ltr'><strong>magno</strong></span> <span class='ocrx_word' id='word_1_76' title='bbox 1386 1192 1588 1272; x_wconf 74' lang='lat' dir='ltr'><strong>impetu</strong></span> <span class='ocrx_word' id='word_1_77' title='bbox 1633 1191 1919 1249; x_wconf 85' lang='lat' dir='ltr'><strong>detrudere</strong></span> 
     </span>
    </p>
   </div>
   <div class='ocr_carea' id='block_1_13' title="bbox 341 1282 1920 1353">
    <p class='ocr_par' dir='ltr' id='par_1_13' title="bbox 341 1282 1920 1353">
     <span class='ocr_line' id='line_1_13' title="bbox 341 1282 1920 1353; baseline 0 -15"><span class='ocrx_word' id='word_1_78' title='bbox 341 1287 700 1352; x_wconf 84' lang='lat' dir='ltr'><strong>conabantur,</strong></span> <span class='ocrx_word' id='word_1_79' title='bbox 766 1288 1025 1342; x_wconf 83' lang='lat' dir='ltr'><strong>divinitus</strong></span> <span class='ocrx_word' id='word_1_80' title='bbox 1076 1285 1277 1340; x_wconf 91' lang='lat' dir='ltr'><strong>factum</strong></span> <span class='ocrx_word' id='word_1_81' title='bbox 1309 1292 1425 1349; x_wconf 91' lang='lat' dir='ltr'><strong>est,</strong></span> <span class='ocrx_word' id='word_1_82' title='bbox 1462 1291 1521 1337; x_wconf 93' lang='lat' dir='ltr'><strong>ut</strong></span> <span class='ocrx_word' id='word_1_83' title='bbox 1563 1283 1730 1337; x_wconf 89' lang='lat' dir='ltr'><strong>durus</strong></span> <span class='ocrx_word' id='word_1_84' title='bbox 1782 1282 1920 1353; x_wconf 83' lang='lat' dir='ltr'><strong>lapis</strong></span> 
     </span>
    </p>
   </div>
   <div class='ocr_carea' id='block_1_14' title="bbox 341 1374 1919 1447">
    <p class='ocr_par' dir='ltr' id='par_1_14' title="bbox 341 1374 1919 1447">
     <span class='ocr_line' id='line_1_14' title="bbox 341 1374 1919 1447; baseline -0.001 -17"><span class='ocrx_word' id='word_1_85' title='bbox 341 1377 568 1446; x_wconf 76' lang='lat' dir='ltr'><strong>virginis</strong></span> <span class='ocrx_word' id='word_1_86' title='bbox 628 1378 856 1447; x_wconf 83' lang='lat' dir='ltr'><strong>pedibus</strong></span> <span class='ocrx_word' id='word_1_87' title='bbox 903 1377 1056 1447; x_wconf 87' lang='lat' dir='ltr'><strong>quasi</strong></span> <span class='ocrx_word' id='word_1_88' title='bbox 1108 1374 1524 1431; x_wconf 84' lang='lat' dir='ltr'><strong>venerabundos</strong></span> <span class='ocrx_word' id='word_1_89' title='bbox 1567 1374 1803 1437; x_wconf 86' lang='lat' dir='ltr'><strong>cederet,</strong></span> <span class='ocrx_word' id='word_1_90' title='bbox 1855 1386 1919 1429; x_wconf 89' lang='lat' dir='ltr'><strong>ac</strong></span> 
     </span>
    </p>
   </div>
   <div class='ocr_carea' id='block_1_15' title="bbox 338 1464 1920 1538">
    <p class='ocr_par' dir='ltr' id='par_1_15' title="bbox 338 1464 1920 1538">
     <span class='ocr_line' id='line_1_15' title="bbox 338 1464 1920 1538; baseline 0.001 -17"><span class='ocrx_word' id='word_1_91' title='bbox 338 1467 670 1523; x_wconf 89' lang='lat' dir='ltr'><strong>immobilem</strong></span> <span class='ocrx_word' id='word_1_92' title='bbox 718 1478 962 1523; x_wconf 87' lang='lat' dir='ltr'><strong>servaret</strong></span> <span class='ocrx_word' id='word_1_93' title='bbox 1002 1468 1311 1538; x_wconf 82' lang='lat' dir='ltr'><strong>Agatltam:</strong></span> <span class='ocrx_word' id='word_1_94' title='bbox 1357 1466 1509 1532; x_wconf 88' lang='lat' dir='ltr'><strong>cujus</strong></span> <span class='ocrx_word' id='word_1_95' title='bbox 1543 1464 1765 1535; x_wconf 76' lang='lat' dir='ltr'><strong>vestigia</strong></span> <span class='ocrx_word' id='word_1_96' title='bbox 1818 1465 1920 1523; x_wconf 82' lang='lat' dir='ltr'><strong>ibi-</strong></span> 
     </span>
    </p>
   </div>
   <div class='ocr_carea' id='block_1_16' title="bbox 334 1555 1917 1628">
    <p class='ocr_par' dir='ltr' id='par_1_16' title="bbox 334 1555 1917 1628">
     <span class='ocr_line' id='line_1_16' title="bbox 334 1555 1917 1628; baseline -0.003 -13"><span class='ocrx_word' id='word_1_97' title='bbox 334 1559 460 1615; x_wconf 74' lang='lat' dir='ltr'><strong>deut</strong></span> <span class='ocrx_word' id='word_1_98' title='bbox 518 1561 786 1628; x_wconf 89' lang='lat' dir='ltr'><strong>impressa</strong></span> <span class='ocrx_word' id='word_1_99' title='bbox 836 1573 1035 1628; x_wconf 88' lang='lat' dir='ltr'><strong>magna</strong></span> <span class='ocrx_word' id='word_1_100' title='bbox 1089 1573 1212 1612; x_wconf 92' lang='lat' dir='ltr'><strong>cum</strong></span> <span class='ocrx_word' id='word_1_101' title='bbox 1266 1556 1543 1626; x_wconf 78' lang='lat' dir='ltr'><strong>religionis</strong></span> <span class='ocrx_word' id='word_1_102' title='bbox 1571 1555 1917 1611; x_wconf 85' lang='lat' dir='ltr'><strong>observantia</strong></span> 
     </span>
    </p>
   </div>
   <div class='ocr_carea' id='block_1_17' title="bbox 330 1647 1916 1716">
    <p class='ocr_par' dir='ltr' id='par_1_17' title="bbox 330 1647 1916 1716">
     <span class='ocr_line' id='line_1_17' title="bbox 330 1647 1916 1716; baseline -0.003 -13"><span class='ocrx_word' id='word_1_103' title='bbox 330 1664 526 1703; x_wconf 88' lang='lat' dir='ltr'><strong>omnes</strong></span> <span class='ocrx_word' id='word_1_104' title='bbox 562 1648 819 1703; x_wconf 89' lang='lat' dir='ltr'><strong>mortales</strong></span> <span class='ocrx_word' id='word_1_105' title='bbox 851 1653 1217 1713; x_wconf 81' lang='lat' dir='ltr'><strong>venerantur;</strong></span> <span class='ocrx_word' id='word_1_106' title='bbox 1271 1656 1329 1700; x_wconf 91' lang='lat' dir='ltr'><strong>ut</strong></span> <span class='ocrx_word' id='word_1_107' title='bbox 1358 1660 1453 1716; x_wconf 89' lang='lat' dir='ltr'><strong>per</strong></span> <span class='ocrx_word' id='word_1_108' title='bbox 1482 1647 1587 1700; x_wconf 92' lang='lat' dir='ltr'><strong>hoc</strong></span> <span class='ocrx_word' id='word_1_109' title='bbox 1616 1647 1778 1699; x_wconf 88' lang='lat' dir='ltr'><strong>etiam</strong></span> <span class='ocrx_word' id='word_1_110' title='bbox 1816 1648 1916 1699; x_wconf 83' lang='lat' dir='ltr'><strong>nti-</strong></span> 
     </span>
    </p>
   </div>
   <div class='ocr_carea' id='block_1_18' title="bbox 332 1736 1916 1810">
    <p class='ocr_par' dir='ltr' id='par_1_18' title="bbox 332 1736 1916 1810">
     <span class='ocr_line' id='line_1_18' title="bbox 332 1736 1916 1810; baseline -0.003 -17"><span class='ocrx_word' id='word_1_111' title='bbox 332 1740 579 1794; x_wconf 85' lang='lat' dir='ltr'><strong>raculum</strong></span> <span class='ocrx_word' id='word_1_112' title='bbox 612 1740 861 1793; x_wconf 88' lang='lat' dir='ltr'><strong>Christus</strong></span> <span class='ocrx_word' id='word_1_113' title='bbox 910 1739 1010 1793; x_wconf 90' lang='lat' dir='ltr'><strong>sibi</strong></span> <span class='ocrx_word' id='word_1_114' title='bbox 1040 1738 1117 1810; x_wconf 70' lang='lat'><strong>(9)</strong></span> <span class='ocrx_word' id='word_1_115' title='bbox 1152 1738 1203 1791; x_wconf 92' lang='lat' dir='ltr'><strong>in</strong></span> <span class='ocrx_word' id='word_1_116' title='bbox 1237 1737 1432 1791; x_wconf 74' lang='lat' dir='ltr'><strong>ctelum</strong></span> <span class='ocrx_word' id='word_1_117' title='bbox 1461 1736 1703 1790; x_wconf 89' lang='lat' dir='ltr'><strong>hilariter</strong></span> <span class='ocrx_word' id='word_1_118' title='bbox 1726 1748 1916 1790; x_wconf 88' lang='lat' dir='ltr'><strong>ascen-</strong></span> 
     </span>
    </p>
   </div>
   <div class='ocr_carea' id='block_1_19' title="bbox 333 1812 1989 1900">
    <p class='ocr_par' dir='ltr' id='par_1_19' title="bbox 333 1812 1989 1900">
     <span class='ocr_line' id='line_1_19' title="bbox 333 1812 1989 1900; baseline -0.002 -14"><span class='ocrx_word' id='word_1_119' title='bbox 333 1833 507 1898; x_wconf 81' lang='lat' dir='ltr'><strong>denti,</strong></span> <span class='ocrx_word' id='word_1_120' title='bbox 535 1846 644 1886; x_wconf 88' lang='lat' dir='ltr'><strong>aca</strong></span> <span class='ocrx_word' id='word_1_121' title='bbox 673 1831 835 1886; x_wconf 89' lang='lat' dir='ltr'><strong>terris</strong></span> <span class='ocrx_word' id='word_1_122' title='bbox 860 1831 1236 1900; x_wconf 83' lang='lat' dir='ltr'><strong>triumphanti,</strong></span> <span class='ocrx_word' id='word_1_123' title='bbox 1255 1830 1521 1899; x_wconf 80' lang='lat' dir='ltr'><strong>Agatham</strong></span> <span class='ocrx_word' id='word_1_124' title='bbox 1555 1829 1786 1883; x_wconf 90' lang='lat' dir='ltr'><strong>similem</strong></span> <span class='ocrx_word' id='word_1_125' title='bbox 1823 1829 1914 1882; x_wconf 82' lang='lat' dir='ltr'><strong>de-</strong></span> <span class='ocrx_word' id='word_1_126' title='bbox 1944 1812 1989 1870; x_wconf 75' lang='grc' dir='ltr'>Β</span> 
     </span>
    </p>
   </div>
   <div class='ocr_carea' id='block_1_20' title="bbox 333 1918 1908 1988">
    <p class='ocr_par' dir='ltr' id='par_1_20' title="bbox 333 1918 1908 1988">
     <span class='ocr_line' id='line_1_20' title="bbox 333 1918 1908 1988; baseline -0.004 -10"><span class='ocrx_word' id='word_1_127' title='bbox 333 1922 610 1988; x_wconf 88' lang='lat' dir='ltr'><strong>clararet,</strong></span> <span class='ocrx_word' id='word_1_128' title='bbox 661 1921 878 1977; x_wconf 89' lang='lat' dir='ltr'><strong>etiamsi</strong></span> <span class='ocrx_word' id='word_1_129' title='bbox 924 1923 979 1977; x_wconf 86' lang='lat' dir='ltr'><strong>in</strong></span> <span class='ocrx_word' id='word_1_130' title='bbox 1032 1918 1308 1976; x_wconf 77' lang='lat' dir='ltr'><strong>carcerem</strong></span> <span class='ocrx_word' id='word_1_131' title='bbox 1368 1919 1462 1973; x_wconf 88' lang='lat' dir='ltr'><strong>illa</strong></span> <span class='ocrx_word' id='word_1_132' title='bbox 1526 1919 1908 1975; x_wconf 87' lang='lat' dir='ltr'><strong>descenderet:</strong></span> 
     </span>
    </p>
   </div>
   <div class='ocr_carea' id='block_1_21' title="bbox 331 2009 1912 2084">
    <p class='ocr_par' dir='ltr' id='par_1_21' title="bbox 331 2009 1912 2084">
     <span class='ocr_line' id='line_1_21' title="bbox 331 2009 1912 2084; baseline -0.003 -18"><span class='ocrx_word' id='word_1_133' title='bbox 331 2016 538 2084; x_wconf 90' lang='lat' dir='ltr'><strong>quippe</strong></span> <span class='ocrx_word' id='word_1_134' title='bbox 564 2029 683 2083; x_wconf 82' lang='lat' dir='ltr'><strong>qua:</strong></span> <span class='ocrx_word' id='word_1_135' title='bbox 715 2015 840 2068; x_wconf 93' lang='lat' dir='ltr'><strong>illuc</strong></span> <span class='ocrx_word' id='word_1_136' title='bbox 867 2014 1099 2084; x_wconf 79' lang='lat' dir='ltr'><strong>gloriose</strong></span> <span class='ocrx_word' id='word_1_137' title='bbox 1131 2011 1447 2075; x_wconf 89' lang='lat' dir='ltr'><strong>incedendo,</strong></span> <span class='ocrx_word' id='word_1_138' title='bbox 1480 2011 1546 2066; x_wconf 91' lang='lat' dir='ltr'><strong>de</strong></span> <span class='ocrx_word' id='word_1_139' title='bbox 1589 2009 1912 2079; x_wconf 82' lang='lat' dir='ltr'><strong>Aphrodisia</strong></span> 
     </span>
    </p>
   </div>
   <div class='ocr_carea' id='block_1_22' title="bbox 330 2096 1916 2173">
    <p class='ocr_par' dir='ltr' id='par_1_22' title="bbox 330 2096 1916 2173">
     <span class='ocr_line' id='line_1_22' title="bbox 330 2096 1916 2173; baseline -0.004 -12"><span class='ocrx_word' id='word_1_140' title='bbox 330 2108 551 2161; x_wconf 85' lang='lat' dir='ltr'><strong>devicta</strong></span> <span class='ocrx_word' id='word_1_141' title='bbox 585 2106 931 2161; x_wconf 68' lang='lat' dir='ltr'><strong>lattissitttum</strong></span> <span class='ocrx_word' id='word_1_142' title='bbox 980 2104 1317 2173; x_wconf 83' lang='lat' dir='ltr'><strong>triumphum</strong></span> <span class='ocrx_word' id='word_1_143' title='bbox 1348 2101 1554 2172; x_wconf 81' lang='lat' dir='ltr'><strong>angelis</strong></span> <span class='ocrx_word' id='word_1_144' title='bbox 1590 2111 1645 2156; x_wconf 85' lang='lat' dir='ltr'><strong>et</strong></span> <span class='ocrx_word' id='word_1_145' title='bbox 1688 2096 1916 2156; x_wconf 84' lang='lat' dir='ltr'><strong>homini-</strong></span> 
     </span>
    </p>
   </div>
   <div class='ocr_carea' id='block_1_23' title="bbox 330 2201 1687 2270">
    <p class='ocr_par' dir='ltr' id='par_1_23' title="bbox 330 2201 1687 2270">
     <span class='ocr_line' id='line_1_23' title="bbox 330 2201 1687 2270; baseline -0.004 -14"><span class='ocrx_word' id='word_1_146' title='bbox 330 2205 435 2256; x_wconf 88' lang='lat' dir='ltr'><strong>bus</strong></span> <span class='ocrx_word' id='word_1_147' title='bbox 474 2214 639 2270; x_wconf 87' lang='lat' dir='ltr'><strong>agere</strong></span> <span class='ocrx_word' id='word_1_148' title='bbox 662 2201 961 2253; x_wconf 82' lang='lat' dir='ltr'><strong>videbatur.</strong></span> <span class='ocrx_word' id='word_1_149' title='bbox 1678 2247 1687 2251; x_wconf 90' lang='lat'><strong>-</strong></span> 
     </span>
    </p>
   </div>
   <div class='ocr_carea' id='block_1_24' title="bbox 406 2284 1914 2362">
    <p class='ocr_par' dir='ltr' id='par_1_24' title="bbox 406 2284 1914 2362">
     <span class='ocr_line' id='line_1_24' title="bbox 406 2284 1914 2362; baseline -0.004 -17"><span class='ocrx_word' id='word_1_150' title='bbox 406 2293 502 2345; x_wconf 79' lang='grc'><strong>17.</strong></span> <span class='ocrx_word' id='word_1_151' title='bbox 531 2293 694 2362; x_wconf 79' lang='lat' dir='ltr'><strong>Virgo</strong></span> <span class='ocrx_word' id='word_1_152' title='bbox 717 2292 879 2361; x_wconf 91' lang='lat' dir='ltr'><strong>igitur</strong></span> <span class='ocrx_word' id='word_1_153' title='bbox 899 2289 1085 2344; x_wconf 88' lang='lat' dir='ltr'><strong>volens</strong></span> <span class='ocrx_word' id='word_1_154' title='bbox 1114 2302 1178 2343; x_wconf 89' lang='lat' dir='ltr'><strong>ac</strong></span> <span class='ocrx_word' id='word_1_155' title='bbox 1220 2287 1409 2343; x_wconf 88' lang='lat' dir='ltr'><strong>lubens</strong></span> <span class='ocrx_word' id='word_1_156' title='bbox 1440 2284 1495 2341; x_wconf 86' lang='lat' dir='ltr'><strong>in</strong></span> <span class='ocrx_word' id='word_1_157' title='bbox 1519 2294 1798 2342; x_wconf 89' lang='lat' dir='ltr'><strong>carcerem</strong></span> <span class='ocrx_word' id='word_1_158' title='bbox 1833 2284 1914 2339; x_wconf 83' lang='lat' dir='ltr'><strong>irt-</strong></span> 
     </span>
    </p>
   </div>
   <div class='ocr_carea' id='block_1_25' title="bbox 327 2374 1914 2447">
    <p class='ocr_par' dir='ltr' id='par_1_25' title="bbox 327 2374 1914 2447">
     <span class='ocr_line' id='line_1_25' title="bbox 327 2374 1914 2447; baseline -0.008 -9"><span class='ocrx_word' id='word_1_159' title='bbox 327 2383 616 2438; x_wconf 86' lang='lat' dir='ltr'><strong>cluditur:</strong></span> <span class='ocrx_word' id='word_1_160' title='bbox 656 2383 743 2433; x_wconf 93' lang='lat' dir='ltr'><strong>ubi</strong></span> <span class='ocrx_word' id='word_1_161' title='bbox 781 2390 989 2434; x_wconf 83' lang='lat' dir='ltr'><strong>noctem</strong></span> <span class='ocrx_word' id='word_1_162' title='bbox 1038 2379 1334 2432; x_wconf 80' lang='lat' dir='ltr'><strong>insomnem</strong></span> <span class='ocrx_word' id='word_1_163' title='bbox 1365 2388 1553 2445; x_wconf 89' lang='lat' dir='ltr'><strong>agens,</strong></span> <span class='ocrx_word' id='word_1_164' title='bbox 1609 2374 1914 2447; x_wconf 82' lang='lat' dir='ltr'><strong>divinarum</strong></span> 
     </span>
    </p>
   </div>
   <div class='ocr_carea' id='block_1_26' title="bbox 326 2468 1914 2542">
    <p class='ocr_par' dir='ltr' id='par_1_26' title="bbox 326 2468 1914 2542">
     <span class='ocr_line' id='line_1_26' title="bbox 326 2468 1914 2542; baseline -0.008 -12"><span class='ocrx_word' id='word_1_165' title='bbox 326 2490 519 2531; x_wconf 87' lang='lat' dir='ltr'><strong>rerum</strong></span> <span class='ocrx_word' id='word_1_166' title='bbox 552 2471 993 2542; x_wconf 83' lang='lat' dir='ltr'><strong>contemplationi</strong></span> <span class='ocrx_word' id='word_1_167' title='bbox 1029 2484 1149 2525; x_wconf 89' lang='lat' dir='ltr'><strong>cum</strong></span> <span class='ocrx_word' id='word_1_168' title='bbox 1182 2468 1437 2539; x_wconf 88' lang='lat' dir='ltr'><strong>laerymis</strong></span> <span class='ocrx_word' id='word_1_169' title='bbox 1468 2482 1688 2536; x_wconf 90' lang='lat' dir='ltr'><strong>operam</strong></span> <span class='ocrx_word' id='word_1_170' title='bbox 1723 2473 1914 2533; x_wconf 81' lang='lat' dir='ltr'><strong>naval;</strong></span> 
     </span>
    </p>
   </div>
   <div class='ocr_carea' id='block_1_27' title="bbox 324 2558 1916 2635">
    <p class='ocr_par' dir='ltr' id='par_1_27' title="bbox 324 2558 1916 2635">
     <span class='ocr_line' id='line_1_27' title="bbox 324 2558 1916 2635; baseline -0.006 -16"><span class='ocrx_word' id='word_1_171' title='bbox 324 2581 505 2635; x_wconf 88' lang='lat' dir='ltr'><strong>utque</strong></span> <span class='ocrx_word' id='word_1_172' title='bbox 562 2565 666 2619; x_wconf 88' lang='lat' dir='ltr'><strong>sibi</strong></span> <span class='ocrx_word' id='word_1_173' title='bbox 731 2563 979 2617; x_wconf 65' lang='lat' dir='ltr'><strong>caelestes</strong></span> <span class='ocrx_word' id='word_1_174' title='bbox 1036 2562 1088 2614; x_wconf 89' lang='lat' dir='ltr'><strong>itt</strong></span> <span class='ocrx_word' id='word_1_175' title='bbox 1148 2575 1321 2631; x_wconf 88' lang='lat' dir='ltr'><strong>agone</strong></span> <span class='ocrx_word' id='word_1_176' title='bbox 1372 2560 1713 2614; x_wconf 88' lang='lat' dir='ltr'><strong>cruciatuutn</strong></span> <span class='ocrx_word' id='word_1_177' title='bbox 1774 2558 1916 2611; x_wconf 88' lang='lat' dir='ltr'><strong>vires</strong></span> 
     </span>
    </p>
   </div>
   <div class='ocr_carea' id='block_1_28' title="bbox 322 2644 1915 2721">
    <p class='ocr_par' dir='ltr' id='par_1_28' title="bbox 322 2644 1915 2721">
     <span class='ocr_line' id='line_1_28' title="bbox 322 2644 1915 2721; baseline -0.005 -13"><span class='ocrx_word' id='word_1_178' title='bbox 322 2653 591 2708; x_wconf 87' lang='lat' dir='ltr'><strong>Christus</strong></span> <span class='ocrx_word' id='word_1_179' title='bbox 653 2650 911 2719; x_wconf 81' lang='lat' dir='ltr'><strong>sulliciat,</strong></span> <span class='ocrx_word' id='word_1_180' title='bbox 967 2660 1239 2721; x_wconf 89' lang='lat' dir='ltr'><strong>precatur.</strong></span> <span class='ocrx_word' id='word_1_181' title='bbox 1294 2644 1394 2702; x_wconf 69' lang='lat' dir='ltr'><strong>Vix</strong></span> <span class='ocrx_word' id='word_1_182' title='bbox 1455 2648 1915 2714; x_wconf 80' lang='lat' dir='ltr'><strong>illuxcrat,&#39;cum</strong></span> 
     </span>
    </p>
   </div>
   <div class='ocr_carea' id='block_1_29' title="bbox 320 2739 1914 2811">
    <p class='ocr_par' dir='ltr' id='par_1_29' title="bbox 320 2739 1914 2811">
     <span class='ocr_line' id='line_1_29' title="bbox 320 2739 1914 2811; baseline -0.004 -12"><span class='ocrx_word' id='word_1_183' title='bbox 320 2745 537 2799; x_wconf 82' lang='lat' dir='ltr'><strong>iterum</strong></span> <span class='ocrx_word' id='word_1_184' title='bbox 595 2743 660 2796; x_wconf 88' lang='lat' dir='ltr'><strong>ad</strong></span> <span class='ocrx_word' id='word_1_185' title='bbox 712 2740 946 2796; x_wconf 88' lang='lat' dir='ltr'><strong>tribunal</strong></span> <span class='ocrx_word' id='word_1_186' title='bbox 990 2740 1269 2806; x_wconf 81' lang='lat' dir='ltr'><strong>Quintiani</strong></span> <span class='ocrx_word' id='word_1_187' title='bbox 1328 2742 1484 2811; x_wconf 88' lang='lat' dir='ltr'><strong>virgo</strong></span> <span class='ocrx_word' id='word_1_188' title='bbox 1527 2740 1783 2795; x_wconf 81' lang='lat' dir='ltr'><strong>sistitur:</strong></span> <span class='ocrx_word' id='word_1_189' title='bbox 1825 2739 1914 2793; x_wconf 90' lang='lat' dir='ltr'><strong>ubi</strong></span> 
     </span>
    </p>
   </div>
   <div class='ocr_carea' id='block_1_30' title="bbox 317 2818 1913 2904">
    <p class='ocr_par' dir='ltr' id='par_1_30' title="bbox 317 2818 1913 2904">
     <span class='ocr_line' id='line_1_30' title="bbox 317 2818 1913 2904; baseline -0.004 -10"><span class='ocrx_word' id='word_1_190' title='bbox 317 2854 443 2894; x_wconf 89' lang='lat' dir='ltr'><strong>cum</strong></span> <span class='ocrx_word' id='word_1_191' title='bbox 479 2835 757 2892; x_wconf 83' lang='lat' dir='ltr'><strong>audacter</strong></span> <span class='ocrx_word' id='word_1_192' title='bbox 780 2848 876 2904; x_wconf 89' lang='lat' dir='ltr'><strong>pro</strong></span> <span class='ocrx_word' id='word_1_193' title='bbox 900 2834 1104 2889; x_wconf 82' lang='lat' dir='ltr'><strong>Christi</strong></span> <span class='ocrx_word' id='word_1_194' title='bbox 1142 2834 1247 2890; x_wconf 85' lang='lat' dir='ltr'><strong>fide</strong></span> <span class='ocrx_word' id='word_1_195' title='bbox 1275 2848 1340 2889; x_wconf 90' lang='lat' dir='ltr'><strong>ac</strong></span> <span class='ocrx_word' id='word_1_196' title='bbox 1374 2818 1684 2904; x_wconf 80' lang='lat' dir='ltr'><strong>virginitate</strong></span> <span class='ocrx_word' id='word_1_197' title='bbox 1716 2836 1913 2887; x_wconf 82' lang='lat' dir='ltr'><strong>tuenda</strong></span> 
     </span>
    </p>
   </div>
   <div class='ocr_carea' id='block_1_31' title="bbox 316 2923 1912 2996">
    <p class='ocr_par' dir='ltr' id='par_1_31' title="bbox 316 2923 1912 2996">
     <span class='ocr_line' id='line_1_31' title="bbox 316 2923 1912 2996; baseline -0.006 -9"><span class='ocrx_word' id='word_1_198' title='bbox 316 2947 376 2987; x_wconf 87' lang='lat' dir='ltr'><strong>se</strong></span> <span class='ocrx_word' id='word_1_199' title='bbox 400 2946 492 2985; x_wconf 91' lang='lat' dir='ltr'><strong>mo</strong></span> <span class='ocrx_word' id='word_1_200' title='bbox 516 2930 557 2983; x_wconf 91' lang='lat' dir='ltr'><strong>rl</strong></span> <span class='ocrx_word' id='word_1_201' title='bbox 589 2927 749 2983; x_wconf 89' lang='lat' dir='ltr'><strong>malle</strong></span> <span class='ocrx_word' id='word_1_202' title='bbox 782 2925 1027 2996; x_wconf 83' lang='lat' dir='ltr'><strong>professa</strong></span> <span class='ocrx_word' id='word_1_203' title='bbox 1057 2938 1222 2991; x_wconf 85' lang='lat' dir='ltr'><strong>esset,</strong></span> <span class='ocrx_word' id='word_1_204' title='bbox 1247 2925 1508 2980; x_wconf 91' lang='lat' dir='ltr'><strong>continuo</strong></span> <span class='ocrx_word' id='word_1_205' title='bbox 1536 2923 1783 2978; x_wconf 88' lang='lat' dir='ltr'><strong>manibus</strong></span> <span class='ocrx_word' id='word_1_206' title='bbox 1817 2937 1912 2994; x_wconf 83' lang='lat' dir='ltr'><strong>pe-</strong></span> 
     </span>
    </p>
   </div>
   <div class='ocr_carea' id='block_1_32' title="bbox 321 3015 1913 3088">
    <p class='ocr_par' dir='ltr' id='par_1_32' title="bbox 321 3015 1913 3088">
     <span class='ocr_line' id='line_1_32' title="bbox 321 3015 1913 3088; baseline -0.004 -12"><span class='ocrx_word' id='word_1_207' title='bbox 321 3023 607 3088; x_wconf 71' lang='lat' dir='ltr'><strong>dibusque</strong></span> <span class='ocrx_word' id='word_1_208' title='bbox 645 3015 932 3087; x_wconf 82' lang='lat' dir='ltr'><strong>colligatis,</strong></span> <span class='ocrx_word' id='word_1_209' title='bbox 968 3017 1020 3070; x_wconf 89' lang='lat' dir='ltr'><strong>in</strong></span> <span class='ocrx_word' id='word_1_210' title='bbox 1053 3025 1356 3086; x_wconf 65' lang='lat' dir='ltr'><strong>praeparato</strong></span> <span class='ocrx_word' id='word_1_211' title='bbox 1384 3015 1710 3070; x_wconf 87' lang='lat' dir='ltr'><strong>distenditur</strong></span> <span class='ocrx_word' id='word_1_212' title='bbox 1739 3029 1913 3084; x_wconf 70' lang='lat' dir='ltr'><strong>equu~</strong></span> 
     </span>
    </p>
   </div>
   <div class='ocr_carea' id='block_1_33' title="bbox 326 3108 1914 3183">
    <p class='ocr_par' dir='ltr' id='par_1_33' title="bbox 326 3108 1914 3183">
     <span class='ocr_line' id='line_1_33' title="bbox 326 3108 1914 3183; baseline -0.002 -16"><span class='ocrx_word' id='word_1_213' title='bbox 326 3114 416 3167; x_wconf 91' lang='lat' dir='ltr'><strong>leo</strong></span> <span class='ocrx_word' id='word_1_214' title='bbox 452 3130 468 3167; x_wconf 90' lang='lat'><strong>:</strong></span> <span class='ocrx_word' id='word_1_215' title='bbox 506 3110 876 3179; x_wconf 81' lang='lat' dir='ltr'><strong>expediuntur</strong></span> <span class='ocrx_word' id='word_1_216' title='bbox 927 3108 1100 3175; x_wconf 87' lang='lat' dir='ltr'><strong>faces,</strong></span> <span class='ocrx_word' id='word_1_217' title='bbox 1138 3108 1365 3183; x_wconf 87' lang='lat' dir='ltr'><strong>flagellis</strong></span> <span class='ocrx_word' id='word_1_218' title='bbox 1407 3108 1669 3177; x_wconf 84' lang='lat' dir='ltr'><strong>virginale</strong></span> <span class='ocrx_word' id='word_1_219' title='bbox 1718 3122 1914 3178; x_wconf 90' lang='lat' dir='ltr'><strong>corpus</strong></span> 
     </span>
    </p>
   </div>
   <div class='ocr_carea' id='block_1_34' title="bbox 327 3198 1914 3269">
    <p class='ocr_par' dir='ltr' id='par_1_34' title="bbox 327 3198 1914 3269">
     <span class='ocr_line' id='line_1_34' title="bbox 327 3198 1914 3269; baseline -0.004 -9"><span class='ocrx_word' id='word_1_220' title='bbox 327 3204 664 3260; x_wconf 80' lang='lat' dir='ltr'><strong>obtunditur</strong></span> <span class='ocrx_word' id='word_1_221' title='bbox 687 3218 705 3268; x_wconf 85' lang='lat'><strong>;</strong></span> <span class='ocrx_word' id='word_1_222' title='bbox 726 3200 919 3256; x_wconf 79' lang='lat' dir='ltr'><strong>deinde</strong></span> <span class='ocrx_word' id='word_1_223' title='bbox 950 3200 1143 3256; x_wconf 86' lang='lat' dir='ltr'><strong>ferreis</strong></span> <span class='ocrx_word' id='word_1_224' title='bbox 1166 3199 1381 3269; x_wconf 88' lang='lat' dir='ltr'><strong>ungulis</strong></span> <span class='ocrx_word' id='word_1_225' title='bbox 1399 3214 1463 3254; x_wconf 85' lang='lat' dir='ltr'><strong>ac</strong></span> <span class='ocrx_word' id='word_1_226' title='bbox 1493 3198 1725 3254; x_wconf 80' lang='lat' dir='ltr'><strong>lidiculis</strong></span> <span class='ocrx_word' id='word_1_227' title='bbox 1748 3200 1914 3255; x_wconf 89' lang='lat' dir='ltr'><strong>latera</strong></span> 
     </span>
    </p>
   </div>
   <div class='ocr_carea' id='block_1_35' title="bbox 326 3290 1913 3359">
    <p class='ocr_par' dir='ltr' id='par_1_35' title="bbox 326 3290 1913 3359">
     <span class='ocr_line' id='line_1_35' title="bbox 326 3290 1913 3359; baseline -0.003 -8"><span class='ocrx_word' id='word_1_228' title='bbox 326 3296 671 3352; x_wconf 84' lang='lat' dir='ltr'><strong>sulcantur:</strong></span> <span class='ocrx_word' id='word_1_229' title='bbox 722 3301 838 3347; x_wconf 89' lang='lat' dir='ltr'><strong>tum</strong></span> <span class='ocrx_word' id='word_1_230' title='bbox 888 3290 1250 3348; x_wconf 88' lang='lat' dir='ltr'><strong>candentibus</strong></span> <span class='ocrx_word' id='word_1_231' title='bbox 1309 3294 1611 3346; x_wconf 84' lang='lat' dir='ltr'><strong>aduruntur</strong></span> <span class='ocrx_word' id='word_1_232' title='bbox 1662 3293 1913 3359; x_wconf 86' lang='lat' dir='ltr'><strong>laminis;</strong></span> 
     </span>
    </p>
   </div>
   <div class='ocr_carea' id='block_1_36' title="bbox 325 3384 1918 3454">
    <p class='ocr_par' dir='ltr' id='par_1_36' title="bbox 325 3384 1918 3454">
     <span class='ocr_line' id='line_1_36' title="bbox 325 3384 1918 3454; baseline -0.003 -12"><span class='ocrx_word' id='word_1_233' title='bbox 325 3389 554 3444; x_wconf 84' lang='lat' dir='ltr'><strong>demunt</strong></span> <span class='ocrx_word' id='word_1_234' title='bbox 577 3386 666 3439; x_wconf 81' lang='lat' dir='ltr'><strong>vix</strong></span> <span class='ocrx_word' id='word_1_235' title='bbox 692 3396 866 3440; x_wconf 72' lang='lat' dir='ltr'><strong>enatae</strong></span> <span class='ocrx_word' id='word_1_236' title='bbox 897 3392 1219 3454; x_wconf 82' lang='lat' dir='ltr'><strong>torquentur</strong></span> <span class='ocrx_word' id='word_1_237' title='bbox 1248 3398 1517 3451; x_wconf 68' lang='lat' dir='ltr'><strong>mammae,</strong></span> <span class='ocrx_word' id='word_1_238' title='bbox 1551 3393 1605 3439; x_wconf 88' lang='lat' dir='ltr'><strong>et</strong></span> <span class='ocrx_word' id='word_1_239' title='bbox 1625 3384 1918 3438; x_wconf 81' lang='lat' dir='ltr'><strong>crudeliter</strong></span> 
     </span>
    </p>
   </div>
   <div class='ocr_carea' id='block_1_37' title="bbox 325 3475 1915 3546">
    <p class='ocr_par' dir='ltr' id='par_1_37' title="bbox 325 3475 1915 3546">
     <span class='ocr_line' id='line_1_37' title="bbox 325 3475 1915 3546; baseline -0.003 -12"><span class='ocrx_word' id='word_1_240' title='bbox 325 3478 696 3534; x_wconf 83' lang='lat' dir='ltr'><strong>denticulatis</strong></span> <span class='ocrx_word' id='word_1_241' title='bbox 731 3477 1024 3546; x_wconf 85' lang='lat' dir='ltr'><strong>forcipibus</strong></span> <span class='ocrx_word' id='word_1_242' title='bbox 1075 3475 1465 3545; x_wconf 86' lang='lat' dir='ltr'><strong>discerpuntur</strong></span> <span class='ocrx_word' id='word_1_243' title='bbox 1502 3492 1516 3530; x_wconf 92' lang='lat'><strong>:</strong></span> <span class='ocrx_word' id='word_1_244' title='bbox 1553 3477 1606 3530; x_wconf 91' lang='lat' dir='ltr'><strong>in</strong></span> <span class='ocrx_word' id='word_1_245' title='bbox 1639 3491 1748 3546; x_wconf 90' lang='lat' dir='ltr'><strong>quo</strong></span> <span class='ocrx_word' id='word_1_246' title='bbox 1794 3492 1915 3531; x_wconf 87' lang='lat' dir='ltr'><strong>cru-</strong></span> 
     </span>
    </p>
   </div>
   <div class='ocr_carea' id='block_1_38' title="bbox 322 3566 1917 3640">
    <p class='ocr_par' dir='ltr' id='par_1_38' title="bbox 322 3566 1917 3640">
     <span class='ocr_line' id='line_1_38' title="bbox 322 3566 1917 3640; baseline -0.004 -15"><span class='ocrx_word' id='word_1_247' title='bbox 322 3570 476 3625; x_wconf 86' lang='lat' dir='ltr'><strong>ciatu</strong></span> <span class='ocrx_word' id='word_1_248' title='bbox 507 3568 857 3640; x_wconf 85' lang='lat' dir='ltr'><strong>magnanima</strong></span> <span class='ocrx_word' id='word_1_249' title='bbox 895 3566 1048 3637; x_wconf 85' lang='lat' dir='ltr'><strong>virgo</strong></span> <span class='ocrx_word' id='word_1_250' title='bbox 1073 3566 1396 3622; x_wconf 80' lang='lat' dir='ltr'><strong>insolentem</strong></span> <span class='ocrx_word' id='word_1_251' title='bbox 1435 3567 1694 3621; x_wconf 74' lang='lat' dir='ltr'><strong>saevitiam</strong></span> <span class='ocrx_word' id='word_1_252' title='bbox 1723 3581 1917 3635; x_wconf 77' lang='lat' dir='ltr'><strong>expro-</strong></span> 
     </span>
    </p>
   </div>
   <div class='ocr_carea' id='block_1_39' title="bbox 316 3658 1919 3728">
    <p class='ocr_par' dir='ltr' id='par_1_39' title="bbox 316 3658 1919 3728">
     <span class='ocr_line' id='line_1_39' title="bbox 316 3658 1919 3728; baseline -0.002 -11"><span class='ocrx_word' id='word_1_253' title='bbox 316 3663 452 3717; x_wconf 76' lang='lat' dir='ltr'><strong>brat</strong></span> <span class='ocrx_word' id='word_1_254' title='bbox 485 3661 833 3728; x_wconf 78' lang='lat' dir='ltr'><strong>Quintiano:</strong></span> <span class='ocrx_word' id='word_1_255' title='bbox 896 3658 1221 3725; x_wconf 85' lang='lat' dir='ltr'><strong>Enimvero,</strong></span> <span class='ocrx_word' id='word_1_256' title='bbox 1280 3659 1560 3728; x_wconf 88' lang='lat' dir='ltr'><strong>inquiens,</strong></span> <span class='ocrx_word' id='word_1_257' title='bbox 1620 3659 1819 3728; x_wconf 87' lang='lat' dir='ltr'><strong>impius</strong></span> <span class='ocrx_word' id='word_1_258' title='bbox 1863 3668 1919 3714; x_wconf 90' lang='lat' dir='ltr'><strong>et</strong></span> 
     </span>
    </p>
   </div>
   <div class='ocr_carea' id='block_1_40' title="bbox 318 3752 1914 3821">
    <p class='ocr_par' dir='ltr' id='par_1_40' title="bbox 318 3752 1914 3821">
     <span class='ocr_line' id='line_1_40' title="bbox 318 3752 1914 3821; baseline -0.003 -11"><span class='ocrx_word' id='word_1_259' title='bbox 318 3754 572 3810; x_wconf 83' lang='lat' dir='ltr'><strong>crudelis</strong></span> <span class='ocrx_word' id='word_1_260' title='bbox 628 3767 710 3817; x_wconf 88' lang='lat' dir='ltr'><strong>es,</strong></span> <span class='ocrx_word' id='word_1_261' title='bbox 763 3760 971 3805; x_wconf 71' lang='lat' dir='ltr'><strong>natura:</strong></span> <span class='ocrx_word' id='word_1_262' title='bbox 1004 3752 1177 3806; x_wconf 88' lang='lat' dir='ltr'><strong>hostis</strong></span> <span class='ocrx_word' id='word_1_263' title='bbox 1228 3752 1506 3818; x_wconf 80' lang='lat' dir='ltr'><strong>humanae;</strong></span> <span class='ocrx_word' id='word_1_264' title='bbox 1561 3752 1758 3821; x_wconf 80' lang='lat' dir='ltr'><strong>quippe</strong></span> <span class='ocrx_word' id='word_1_265' title='bbox 1807 3766 1914 3806; x_wconf 92' lang='lat' dir='ltr'><strong>non</strong></span> 
     </span>
    </p>
   </div>
   <div class='ocr_carea' id='block_1_41' title="bbox 314 3842 1916 3911">
    <p class='ocr_par' dir='ltr' id='par_1_41' title="bbox 314 3842 1916 3911">
     <span class='ocr_line' id='line_1_41' title="bbox 314 3842 1916 3911; baseline -0.003 -10"><span class='ocrx_word' id='word_1_266' title='bbox 314 3845 619 3901; x_wconf 83' lang='lat' dir='ltr'><strong>erubescis</strong></span> <span class='ocrx_word' id='word_1_267' title='bbox 656 3842 922 3897; x_wconf 85' lang='lat' dir='ltr'><strong>mamillas</strong></span> <span class='ocrx_word' id='word_1_268' title='bbox 974 3843 1188 3898; x_wconf 85' lang='lat' dir='ltr'><strong>saeviter</strong></span> <span class='ocrx_word' id='word_1_269' title='bbox 1237 3843 1501 3911; x_wconf 87' lang='lat' dir='ltr'><strong>amputari</strong></span> <span class='ocrx_word' id='word_1_270' title='bbox 1544 3844 1597 3896; x_wconf 91' lang='lat' dir='ltr'><strong>in</strong></span> <span class='ocrx_word' id='word_1_271' title='bbox 1662 3843 1869 3911; x_wconf 82' lang='lat' dir='ltr'><strong>virgine</strong></span> <span class='ocrx_word' id='word_1_272' title='bbox 1900 3882 1916 3908; x_wconf 97' lang='lat'><strong>,</strong></span> 
     </span>
    </p>
   </div>
   <div class='ocr_carea' id='block_1_42' title="bbox 314 3931 1918 4006">
    <p class='ocr_par' dir='ltr' id='par_1_42' title="bbox 314 3931 1918 4006">
     <span class='ocr_line' id='line_1_42' title="bbox 314 3931 1918 4006; baseline -0.002 -18"><span class='ocrx_word' id='word_1_273' title='bbox 314 3946 459 4006; x_wconf 79' lang='lat' dir='ltr'><strong>quas</strong></span> <span class='ocrx_word' id='word_1_274' title='bbox 488 3934 681 3987; x_wconf 83' lang='lat' dir='ltr'><strong>infans</strong></span> <span class='ocrx_word' id='word_1_275' title='bbox 711 3932 905 3987; x_wconf 89' lang='lat' dir='ltr'><strong>blande</strong></span> <span class='ocrx_word' id='word_1_276' title='bbox 935 3933 987 3985; x_wconf 92' lang='lat' dir='ltr'><strong>in</strong></span> <span class='ocrx_word' id='word_1_277' title='bbox 1022 3942 1195 3986; x_wconf 88' lang='lat' dir='ltr'><strong>matre</strong></span> <span class='ocrx_word' id='word_1_278' title='bbox 1220 3931 1435 3987; x_wconf 79' lang='lat' dir='ltr'><strong>suxisti.</strong></span> <span class='ocrx_word' id='word_1_279' title='bbox 1470 3931 1575 3986; x_wconf 87' lang='lat' dir='ltr'><strong>Sed</strong></span> <span class='ocrx_word' id='word_1_280' title='bbox 1607 3945 1918 4001; x_wconf 86' lang='lat' dir='ltr'><strong>quanquam</strong></span> 
     </span>
    </p>
   </div>
   <div class='ocr_carea' id='block_1_43' title="bbox 316 4023 1918 4093">
    <p class='ocr_par' dir='ltr' id='par_1_43' title="bbox 316 4023 1918 4093">
     <span class='ocr_line' id='line_1_43' title="bbox 316 4023 1918 4093; baseline -0.002 -12"><span class='ocrx_word' id='word_1_281' title='bbox 316 4028 495 4082; x_wconf 85' lang='lat' dir='ltr'><strong>hasce</strong></span> <span class='ocrx_word' id='word_1_282' title='bbox 533 4027 779 4079; x_wconf 83' lang='lat' dir='ltr'><strong>caducas</strong></span> <span class='ocrx_word' id='word_1_283' title='bbox 838 4023 1169 4093; x_wconf 64' lang='lat' dir='ltr'><strong>pratcidisti,</strong></span> <span class='ocrx_word' id='word_1_284' title='bbox 1230 4023 1648 4091; x_wconf 84' lang='lat' dir='ltr'><strong>haudquaquam</strong></span> <span class='ocrx_word' id='word_1_285' title='bbox 1697 4023 1918 4088; x_wconf 86' lang='lat' dir='ltr'><strong>alteras,</strong></span> 
     </span>
    </p>
   </div>
   <div class='ocr_carea' id='block_1_44' title="bbox 311 4104 1919 4186">
    <p class='ocr_par' dir='ltr' id='par_1_44' title="bbox 311 4104 1919 4186">
     <span class='ocr_line' id='line_1_44' title="bbox 311 4104 1919 4186; baseline 0.002 -17"><span class='ocrx_word' id='word_1_286' title='bbox 311 4104 461 4186; x_wconf 82' lang='lat' dir='ltr'><strong>quas</strong></span> <span class='ocrx_word' id='word_1_287' title='bbox 491 4114 815 4171; x_wconf 87' lang='lat' dir='ltr'><strong>reconditas</strong></span> <span class='ocrx_word' id='word_1_288' title='bbox 847 4116 900 4168; x_wconf 90' lang='lat' dir='ltr'><strong>in</strong></span> <span class='ocrx_word' id='word_1_289' title='bbox 935 4113 1146 4182; x_wconf 89' lang='lat' dir='ltr'><strong>anima,</strong></span> <span class='ocrx_word' id='word_1_290' title='bbox 1189 4115 1256 4169; x_wconf 88' lang='lat' dir='ltr'><strong>ab</strong></span> <span class='ocrx_word' id='word_1_291' title='bbox 1285 4114 1515 4169; x_wconf 84' lang='lat' dir='ltr'><strong>infantia</strong></span> <span class='ocrx_word' id='word_1_292' title='bbox 1540 4115 1760 4170; x_wconf 83' lang='lat' dir='ltr'><strong>Christo</strong></span> <span class='ocrx_word' id='word_1_293' title='bbox 1799 4128 1919 4172; x_wconf 84' lang='lat' dir='ltr'><strong>meo</strong></span> 
     </span>
    </p>
   </div>
   <div class='ocr_carea' id='block_1_45' title="bbox 314 4206 1392 4275">
    <p class='ocr_par' dir='ltr' id='par_1_45' title="bbox 314 4206 1392 4275">
     <span class='ocr_line' id='line_1_45' title="bbox 314 4206 1392 4275; baseline 0 -14"><span class='ocrx_word' id='word_1_294' title='bbox 314 4214 687 4262; x_wconf 85' lang='lat' dir='ltr'><strong>consecratas</strong></span> <span class='ocrx_word' id='word_1_295' title='bbox 707 4219 885 4270; x_wconf 84' lang='lat' dir='ltr'><strong>servo,</strong></span> <span class='ocrx_word' id='word_1_296' title='bbox 922 4206 1123 4275; x_wconf 85' lang='lat' dir='ltr'><strong>poteris</strong></span> <span class='ocrx_word' id='word_1_297' title='bbox 1141 4206 1392 4261; x_wconf 89' lang='lat' dir='ltr'><strong>avellere.</strong></span> 
     </span>
    </p>
   </div>
   <div class='ocr_carea' id='block_1_46' title="bbox 389 4295 1917 4364">
    <p class='ocr_par' dir='ltr' id='par_1_46' title="bbox 389 4295 1917 4364">
     <span class='ocr_line' id='line_1_46' title="bbox 389 4295 1917 4364; baseline 0.001 -12"><span class='ocrx_word' id='word_1_298' title='bbox 389 4297 488 4355; x_wconf 65' lang='lat'><strong>48.</strong></span> <span class='ocrx_word' id='word_1_299' title='bbox 558 4296 869 4351; x_wconf 77' lang='lat' dir='ltr'><strong>Excanduit</strong></span> <span class='ocrx_word' id='word_1_300' title='bbox 896 4295 1244 4364; x_wconf 84' lang='lat' dir='ltr'><strong>Quintianus,</strong></span> <span class='ocrx_word' id='word_1_301' title='bbox 1280 4297 1373 4353; x_wconf 88' lang='lat' dir='ltr'><strong>ubi</strong></span> <span class='ocrx_word' id='word_1_302' title='bbox 1429 4312 1535 4352; x_wconf 91' lang='lat' dir='ltr'><strong>non</strong></span> <span class='ocrx_word' id='word_1_303' title='bbox 1571 4299 1748 4354; x_wconf 88' lang='lat' dir='ltr'><strong>adhuc</strong></span> <span class='ocrx_word' id='word_1_304' title='bbox 1783 4314 1917 4355; x_wconf 85' lang='lat' dir='ltr'><strong>con-</strong></span> 
     </span>
    </p>
   </div>
   <div class='ocr_carea' id='block_1_47' title="bbox 312 4377 1918 4459">
    <p class='ocr_par' dir='ltr' id='par_1_47' title="bbox 312 4377 1918 4459">
     <span class='ocr_line' id='line_1_47' title="bbox 312 4377 1918 4459; baseline 0.001 -13"><span class='ocrx_word' id='word_1_305' title='bbox 312 4398 591 4447; x_wconf 67' lang='lat' dir='ltr'><strong>sternatae</strong></span> <span class='ocrx_word' id='word_1_306' title='bbox 634 4387 825 4457; x_wconf 76' lang='lat' dir='ltr'><strong>puellae</strong></span> <span class='ocrx_word' id='word_1_307' title='bbox 881 4377 1194 4457; x_wconf 78' lang='lat' dir='ltr'><strong>intrepidus</strong></span> <span class='ocrx_word' id='word_1_308' title='bbox 1221 4402 1382 4444; x_wconf 86' lang='lat' dir='ltr'><strong>voces</strong></span> <span class='ocrx_word' id='word_1_309' title='bbox 1415 4402 1483 4444; x_wconf 82' lang='lat' dir='ltr'><strong>ex</strong></span> <span class='ocrx_word' id='word_1_310' title='bbox 1503 4378 1646 4445; x_wconf 77' lang='lat' dir='ltr'><strong>virili</strong></span> <span class='ocrx_word' id='word_1_311' title='bbox 1699 4401 1918 4459; x_wconf 88' lang='lat' dir='ltr'><strong>pectore</strong></span> 
     </span>
    </p>
   </div>
   <div class='ocr_carea' id='block_1_48' title="bbox 1941 3150 1988 3211">
    <p class='ocr_par' dir='ltr' id='par_1_48' title="bbox 1941 3150 1988 3211">
     <span class='ocr_line' id='line_1_48' title="bbox 1941 3150 1988 3211; baseline 0 0"><span class='ocrx_word' id='word_1_312' title='bbox 1941 3150 1988 3211; x_wconf 87' lang='lat' dir='ltr'><strong>C</strong></span> 
     </span>
    </p>
   </div>
   <div class='ocr_carea' id='block_1_49' title="bbox 2020 557 3597 630">
    <p class='ocr_par' dir='ltr' id='par_1_49' title="bbox 2020 557 3597 630">
     <span class='ocr_line' id='line_1_49' title="bbox 2020 557 3597 630; baseline 0.004 -20"><span class='ocrx_word' id='word_1_313' title='bbox 2020 557 2202 621; x_wconf 75' lang='lat' dir='ltr'><strong>clesite</strong></span> <span class='ocrx_word' id='word_1_314' title='bbox 2248 567 2372 611; x_wconf 65' lang='lat' dir='ltr'><strong>tuae.</strong></span> <span class='ocrx_word' id='word_1_315' title='bbox 2422 557 2487 611; x_wconf 81' lang='lat' dir='ltr'><strong>Et</strong></span> <span class='ocrx_word' id='word_1_316' title='bbox 2520 573 2648 614; x_wconf 85' lang='lat' dir='ltr'><strong>ecce</strong></span> <span class='ocrx_word' id='word_1_317' title='bbox 2681 560 2781 613; x_wconf 89' lang='lat' dir='ltr'><strong>sub</strong></span> <span class='ocrx_word' id='word_1_318' title='bbox 2837 560 3025 615; x_wconf 76' lang='lat' dir='ltr'><strong>media:</strong></span> <span class='ocrx_word' id='word_1_319' title='bbox 3060 562 3238 616; x_wconf 68' lang='lat' dir='ltr'><strong>nectis</strong></span> <span class='ocrx_word' id='word_1_320' title='bbox 3295 562 3597 630; x_wconf 87' lang='lat' dir='ltr'><strong>siletttinm,</strong></span> 
     </span>
    </p>
   </div>
   <div class='ocr_carea' id='block_1_50' title="bbox 2020 644 3597 715">
    <p class='ocr_par' dir='ltr' id='par_1_50' title="bbox 2020 644 3597 715">
     <span class='ocr_line' id='line_1_50' title="bbox 2020 644 3597 715; baseline 0.006 -18"><span class='ocrx_word' id='word_1_321' title='bbox 2020 644 2164 698; x_wconf 88' lang='lat' dir='ltr'><strong>inter</strong></span> <span class='ocrx_word' id='word_1_322' title='bbox 2213 645 2331 700; x_wconf 90' lang='lat' dir='ltr'><strong>illas</strong></span> <span class='ocrx_word' id='word_1_323' title='bbox 2373 647 2590 701; x_wconf 89' lang='lat' dir='ltr'><strong>obscuri</strong></span> <span class='ocrx_word' id='word_1_324' title='bbox 2647 650 2887 703; x_wconf 91' lang='lat' dir='ltr'><strong>carceris</strong></span> <span class='ocrx_word' id='word_1_325' title='bbox 2944 651 3234 715; x_wconf 87' lang='lat' dir='ltr'><strong>tenebras,</strong></span> <span class='ocrx_word' id='word_1_326' title='bbox 3290 654 3597 706; x_wconf 87' lang='lat' dir='ltr'><strong>veneranda</strong></span> 
     </span>
    </p>
   </div>
   <div class='ocr_carea' id='block_1_51' title="bbox 2020 735 3596 811">
    <p class='ocr_par' dir='ltr' id='par_1_51' title="bbox 2020 735 3596 811">
     <span class='ocr_line' id='line_1_51' title="bbox 2020 735 3596 811; baseline 0.005 -22"><span class='ocrx_word' id='word_1_327' title='bbox 2020 735 2203 805; x_wconf 77' lang='lat' dir='ltr'><strong>Specie</strong></span> <span class='ocrx_word' id='word_1_328' title='bbox 2226 736 2441 804; x_wconf 85' lang='lat' dir='ltr'><strong>quidam</strong></span> <span class='ocrx_word' id='word_1_329' title='bbox 2476 752 2642 793; x_wconf 82' lang='lat' dir='ltr'><strong>senex</strong></span> <span class='ocrx_word' id='word_1_330' title='bbox 2669 738 2849 809; x_wconf 82' lang='lat' dir='ltr'><strong>(quem</strong></span> <span class='ocrx_word' id='word_1_331' title='bbox 2882 755 3016 808; x_wconf 90' lang='lat' dir='ltr'><strong>puer</strong></span> <span class='ocrx_word' id='word_1_332' title='bbox 3034 742 3278 810; x_wconf 61' lang='lat' dir='ltr'><strong>prasibat,</strong></span> <span class='ocrx_word' id='word_1_333' title='bbox 3313 740 3596 811; x_wconf 80' lang='lat' dir='ltr'><strong>facemque</strong></span> 
     </span>
    </p>
   </div>
   <div class='ocr_carea' id='block_1_52' title="bbox 2019 824 3593 900">
    <p class='ocr_par' dir='ltr' id='par_1_52' title="bbox 2019 824 3593 900">
     <span class='ocr_line' id='line_1_52' title="bbox 2019 824 3593 900; baseline 0.004 -22"><span class='ocrx_word' id='word_1_334' title='bbox 2019 824 2371 896; x_wconf 66' lang='lat' dir='ltr'><strong>praeferebat)</strong></span> <span class='ocrx_word' id='word_1_335' title='bbox 2400 827 2598 897; x_wconf 89' lang='lat' dir='ltr'><strong>illeque</strong></span> <span class='ocrx_word' id='word_1_336' title='bbox 2619 844 2678 883; x_wconf 90' lang='lat' dir='ltr'><strong>se</strong></span> <span class='ocrx_word' id='word_1_337' title='bbox 2698 831 3026 900; x_wconf 88' lang='lat' dir='ltr'><strong>chirurgiam</strong></span> <span class='ocrx_word' id='word_1_338' title='bbox 3050 831 3249 885; x_wconf 86' lang='lat' dir='ltr'><strong>callere</strong></span> <span class='ocrx_word' id='word_1_339' title='bbox 3271 831 3593 897; x_wconf 74' lang='lat' dir='ltr'><strong>afﬁrmabat,</strong></span> 
     </span>
    </p>
   </div>
   <div class='ocr_carea' id='block_1_53' title="bbox 2021 916 3591 989">
    <p class='ocr_par' dir='ltr' id='par_1_53' title="bbox 2021 916 3591 989">
     <span class='ocr_line' id='line_1_53' title="bbox 2021 916 3591 989; baseline 0.004 -22"><span class='ocrx_word' id='word_1_340' title='bbox 2021 928 2083 969; x_wconf 91' lang='lat' dir='ltr'><strong>ac</strong></span> <span class='ocrx_word' id='word_1_341' title='bbox 2134 916 2486 984; x_wconf 83' lang='lat' dir='ltr'><strong>pollicebatur</strong></span> <span class='ocrx_word' id='word_1_342' title='bbox 2556 918 2772 974; x_wconf 89' lang='lat' dir='ltr'><strong>avulsas</strong></span> <span class='ocrx_word' id='word_1_343' title='bbox 2840 918 3106 974; x_wconf 87' lang='lat' dir='ltr'><strong>mantillas</strong></span> <span class='ocrx_word' id='word_1_344' title='bbox 3173 921 3351 973; x_wconf 88' lang='lat' dir='ltr'><strong>curari</strong></span> <span class='ocrx_word' id='word_1_345' title='bbox 3414 932 3591 989; x_wconf 86' lang='lat' dir='ltr'><strong>posse.</strong></span> 
     </span>
    </p>
   </div>
   <div class='ocr_carea' id='block_1_54' title="bbox 2020 1004 3591 1077">
    <p class='ocr_par' dir='ltr' id='par_1_54' title="bbox 2020 1004 3591 1077">
     <span class='ocr_line' id='line_1_54' title="bbox 2020 1004 3591 1077; baseline 0.001 -18"><span class='ocrx_word' id='word_1_346' title='bbox 2020 1004 2154 1059; x_wconf 88' lang='lat' dir='ltr'><strong>Tum</strong></span> <span class='ocrx_word' id='word_1_347' title='bbox 2188 1006 2314 1060; x_wconf 90' lang='lat' dir='ltr'><strong>illa:</strong></span> <span class='ocrx_word' id='word_1_348' title='bbox 2349 1007 2740 1062; x_wconf 85' lang='lat' dir='ltr'><strong>Medicamenta</strong></span> <span class='ocrx_word' id='word_1_349' title='bbox 2771 1011 3372 1077; x_wconf 85' lang='lat' dir='ltr'><strong>equidetn,venerande</strong></span> <span class='ocrx_word' id='word_1_350' title='bbox 3404 1022 3591 1076; x_wconf 78' lang='lat' dir='ltr'><strong>senex,</strong></span> 
     </span>
    </p>
   </div>
   <div class='ocr_carea' id='block_1_55' title="bbox 2019 1097 3591 1167">
    <p class='ocr_par' dir='ltr' id='par_1_55' title="bbox 2019 1097 3591 1167">
     <span class='ocr_line' id='line_1_55' title="bbox 2019 1097 3591 1167; baseline 0 -17"><span class='ocrx_word' id='word_1_351' title='bbox 2019 1097 2231 1164; x_wconf 89' lang='lat' dir='ltr'><strong>corpori</strong></span> <span class='ocrx_word' id='word_1_352' title='bbox 2265 1112 2384 1151; x_wconf 90' lang='lat' dir='ltr'><strong>meo</strong></span> <span class='ocrx_word' id='word_1_353' title='bbox 2411 1113 2683 1167; x_wconf 86' lang='lat' dir='ltr'><strong>nunquam</strong></span> <span class='ocrx_word' id='word_1_354' title='bbox 2708 1100 2965 1167; x_wconf 81' lang='lat' dir='ltr'><strong>exhibui;</strong></span> <span class='ocrx_word' id='word_1_355' title='bbox 2990 1100 3085 1154; x_wconf 89' lang='lat' dir='ltr'><strong>sed</strong></span> <span class='ocrx_word' id='word_1_356' title='bbox 3113 1099 3283 1154; x_wconf 88' lang='lat' dir='ltr'><strong>habeo</strong></span> <span class='ocrx_word' id='word_1_357' title='bbox 3307 1098 3591 1153; x_wconf 89' lang='lat' dir='ltr'><strong>Dominum</strong></span> 
     </span>
    </p>
   </div>
   <div class='ocr_carea' id='block_1_56' title="bbox 2020 1186 3589 1261">
    <p class='ocr_par' dir='ltr' id='par_1_56' title="bbox 2020 1186 3589 1261">
     <span class='ocr_line' id='line_1_56' title="bbox 2020 1186 3589 1261; baseline 0.002 -21"><span class='ocrx_word' id='word_1_358' title='bbox 2020 1202 2196 1241; x_wconf 87' lang='lat' dir='ltr'><strong>meum</strong></span> <span class='ocrx_word' id='word_1_359' title='bbox 2223 1186 2408 1242; x_wconf 77' lang='lat' dir='ltr'><strong>Jesutn</strong></span> <span class='ocrx_word' id='word_1_360' title='bbox 2444 1188 2741 1255; x_wconf 86' lang='lat' dir='ltr'><strong>Christum,</strong></span> <span class='ocrx_word' id='word_1_361' title='bbox 2776 1193 2865 1261; x_wconf 90' lang='lat' dir='ltr'><strong>qui</strong></span> <span class='ocrx_word' id='word_1_362' title='bbox 2889 1194 3048 1246; x_wconf 88' lang='lat' dir='ltr'><strong>unico</strong></span> <span class='ocrx_word' id='word_1_363' title='bbox 3081 1204 3238 1258; x_wconf 89' lang='lat' dir='ltr'><strong>ttutu,</strong></span> <span class='ocrx_word' id='word_1_364' title='bbox 3267 1192 3314 1245; x_wconf 91' lang='lat' dir='ltr'><strong>si</strong></span> <span class='ocrx_word' id='word_1_365' title='bbox 3342 1191 3589 1257; x_wconf 88' lang='lat' dir='ltr'><strong>voluerit,</strong></span> 
     </span>
    </p>
   </div>
   <div class='ocr_carea' id='block_1_57' title="bbox 2018 1280 3592 1354">
    <p class='ocr_par' dir='ltr' id='par_1_57' title="bbox 2018 1280 3592 1354">
     <span class='ocr_line' id='line_1_57' title="bbox 2018 1280 3592 1354; baseline 0.003 -23"><span class='ocrx_word' id='word_1_366' title='bbox 2018 1291 2105 1332; x_wconf 90' lang='lat' dir='ltr'><strong>me</strong></span> <span class='ocrx_word' id='word_1_367' title='bbox 2153 1280 2390 1335; x_wconf 87' lang='lat' dir='ltr'><strong>curabit.</strong></span> <span class='ocrx_word' id='word_1_368' title='bbox 2451 1280 2518 1334; x_wconf 85' lang='lat' dir='ltr'><strong>Et</strong></span> <span class='ocrx_word' id='word_1_369' title='bbox 2572 1288 2691 1351; x_wconf 81' lang='lat' dir='ltr'><strong>ego,</strong></span> <span class='ocrx_word' id='word_1_370' title='bbox 2729 1283 2900 1352; x_wconf 89' lang='lat' dir='ltr'><strong>inquit</strong></span> <span class='ocrx_word' id='word_1_371' title='bbox 2942 1299 3128 1347; x_wconf 79' lang='lat' dir='ltr'><strong>senes,</strong></span> <span class='ocrx_word' id='word_1_372' title='bbox 3171 1284 3446 1352; x_wconf 82' lang='lat' dir='ltr'><strong>apostolus</strong></span> <span class='ocrx_word' id='word_1_373' title='bbox 3475 1282 3592 1354; x_wconf 84' lang='lat' dir='ltr'><strong>ejus</strong></span> 
     </span>
    </p>
   </div>
   <div class='ocr_carea' id='block_1_58' title="bbox 2019 1370 3298 1439">
    <p class='ocr_par' dir='ltr' id='par_1_58' title="bbox 2019 1370 3298 1439">
     <span class='ocr_line' id='line_1_58' title="bbox 2019 1370 3298 1439; baseline 0.004 -15"><span class='ocrx_word' id='word_1_374' title='bbox 2019 1384 2137 1424; x_wconf 89' lang='lat' dir='ltr'><strong>sum</strong></span> <span class='ocrx_word' id='word_1_375' title='bbox 2166 1378 2255 1436; x_wconf 90' lang='lat' dir='ltr'><strong>;et</strong></span> <span class='ocrx_word' id='word_1_376' title='bbox 2281 1370 2335 1423; x_wconf 90' lang='lat' dir='ltr'><strong>in</strong></span> <span class='ocrx_word' id='word_1_377' title='bbox 2356 1372 2575 1425; x_wconf 91' lang='lat' dir='ltr'><strong>nomine</strong></span> <span class='ocrx_word' id='word_1_378' title='bbox 2601 1372 2717 1439; x_wconf 87' lang='lat' dir='ltr'><strong>ejus</strong></span> <span class='ocrx_word' id='word_1_379' title='bbox 2753 1376 2873 1427; x_wconf 85' lang='lat' dir='ltr'><strong>veni</strong></span> <span class='ocrx_word' id='word_1_380' title='bbox 2900 1383 2956 1427; x_wconf 93' lang='lat' dir='ltr'><strong>ut</strong></span> <span class='ocrx_word' id='word_1_381' title='bbox 2985 1385 3169 1428; x_wconf 88' lang='lat' dir='ltr'><strong>curata</strong></span> <span class='ocrx_word' id='word_1_382' title='bbox 3203 1375 3298 1429; x_wconf 86' lang='lat' dir='ltr'><strong>sis.</strong></span> 
     </span>
    </p>
   </div>
   <div class='ocr_carea' id='block_1_59' title="bbox 2048 1458 3593 1533">
    <p class='ocr_par' dir='ltr' id='par_1_59' title="bbox 2048 1458 3593 1533">
     <span class='ocr_line' id='line_1_59' title="bbox 2048 1458 3593 1533; baseline 0.004 -20"><span class='ocrx_word' id='word_1_383' title='bbox 2048 1476 2055 1479; x_wconf 93' lang='grc'>·</span> <span class='ocrx_word' id='word_1_384' title='bbox 2095 1458 2180 1515; x_wconf 76' lang='grc'><strong>19.</strong></span> <span class='ocrx_word' id='word_1_385' title='bbox 2217 1460 2324 1515; x_wconf 84' lang='lat' dir='ltr'><strong>Sed</strong></span> <span class='ocrx_word' id='word_1_386' title='bbox 2358 1462 2486 1530; x_wconf 83' lang='lat' dir='ltr'><strong>quid</strong></span> <span class='ocrx_word' id='word_1_387' title='bbox 2504 1477 2606 1532; x_wconf 85' lang='lat' dir='ltr'><strong>ego</strong></span> <span class='ocrx_word' id='word_1_388' title='bbox 2636 1463 2689 1517; x_wconf 91' lang='lat' dir='ltr'><strong>in</strong></span> <span class='ocrx_word' id='word_1_389' title='bbox 2727 1464 2828 1517; x_wconf 91' lang='lat' dir='ltr'><strong>hoc</strong></span> <span class='ocrx_word' id='word_1_390' title='bbox 2858 1465 3133 1533; x_wconf 85' lang='lat' dir='ltr'><strong>ergastulo</strong></span> <span class='ocrx_word' id='word_1_391' title='bbox 3157 1479 3361 1518; x_wconf 89' lang='lat' dir='ltr'><strong>moram</strong></span> <span class='ocrx_word' id='word_1_392' title='bbox 3396 1463 3593 1519; x_wconf 68' lang='lat' dir='ltr'><strong>traho?</strong></span> 
     </span>
    </p>
   </div>
   <div class='ocr_carea' id='block_1_60' title="bbox 2017 1549 3588 1610">
    <p class='ocr_par' dir='ltr' id='par_1_60' title="bbox 2017 1549 3588 1610">
     <span class='ocr_line' id='line_1_60' title="bbox 2017 1549 3588 1610; baseline 0.002 -4"><span class='ocrx_word' id='word_1_393' title='bbox 2017 1549 2234 1606; x_wconf 71' lang='lat' dir='ltr'><strong>Iamdiu</strong></span> <span class='ocrx_word' id='word_1_394' title='bbox 2287 1552 2418 1608; x_wconf 89' lang='lat' dir='ltr'><strong>illud</strong></span> <span class='ocrx_word' id='word_1_395' title='bbox 2457 1552 2765 1610; x_wconf 36' lang='lat' dir='ltr'><strong>Catanensé’</strong></span> <span class='ocrx_word' id='word_1_396' title='bbox 2795 1557 3069 1609; x_wconf 88' lang='lat' dir='ltr'><strong>theatrum</strong></span> <span class='ocrx_word' id='word_1_397' title='bbox 3106 1557 3217 1610; x_wconf 92' lang='lat' dir='ltr'><strong>suis</strong></span> <span class='ocrx_word' id='word_1_398' title='bbox 3251 1555 3405 1610; x_wconf 88' lang='lat' dir='ltr'><strong>elatis</strong></span> <span class='ocrx_word' id='word_1_399' title='bbox 3434 1555 3588 1610; x_wconf 84' lang='lat' dir='ltr'><strong>ﬂant-</strong></span> 
     </span>
    </p>
   </div>
   <div class='ocr_carea' id='block_1_61' title="bbox 2019 1643 3591 1717">
    <p class='ocr_par' dir='ltr' id='par_1_61' title="bbox 2019 1643 3591 1717">
     <span class='ocr_line' id='line_1_61' title="bbox 2019 1643 3591 1717; baseline 0.004 -22"><span class='ocrx_word' id='word_1_400' title='bbox 2019 1643 2123 1696; x_wconf 88' lang='lat' dir='ltr'><strong>ntis</strong></span> <span class='ocrx_word' id='word_1_401' title='bbox 2157 1657 2262 1707; x_wconf 89' lang='lat' dir='ltr'><strong>nte,</strong></span> <span class='ocrx_word' id='word_1_402' title='bbox 2285 1656 2488 1713; x_wconf 88' lang='lat' dir='ltr'><strong>vosque</strong></span> <span class='ocrx_word' id='word_1_403' title='bbox 2516 1660 2705 1699; x_wconf 89' lang='lat' dir='ltr'><strong>omnes</strong></span> <span class='ocrx_word' id='word_1_404' title='bbox 2749 1646 2997 1712; x_wconf 86' lang='lat' dir='ltr'><strong>advocat,</strong></span> <span class='ocrx_word' id='word_1_405' title='bbox 3022 1649 3321 1716; x_wconf 84' lang='lat' dir='ltr'><strong>animisque</strong></span> <span class='ocrx_word' id='word_1_406' title='bbox 3352 1661 3591 1717; x_wconf 62' lang='lat' dir='ltr'><strong>praesen-</strong></span> 
     </span>
    </p>
   </div>
   <div class='ocr_carea' id='block_1_62' title="bbox 2020 1734 3588 1809">
    <p class='ocr_par' dir='ltr' id='par_1_62' title="bbox 2020 1734 3588 1809">
     <span class='ocr_line' id='line_1_62' title="bbox 2020 1734 3588 1809; baseline 0.004 -22"><span class='ocrx_word' id='word_1_407' title='bbox 2020 1734 2162 1789; x_wconf 87' lang='lat' dir='ltr'><strong>tibus</strong></span> <span class='ocrx_word' id='word_1_408' title='bbox 2189 1736 2498 1804; x_wconf 86' lang='lat' dir='ltr'><strong>spectaculo</strong></span> <span class='ocrx_word' id='word_1_409' title='bbox 2527 1737 2723 1790; x_wconf 89' lang='lat' dir='ltr'><strong>ibidem</strong></span> <span class='ocrx_word' id='word_1_410' title='bbox 2745 1737 3052 1793; x_wconf 67' lang='lat' dir='ltr'><strong>exhibendo</strong></span> <span class='ocrx_word' id='word_1_411' title='bbox 3076 1754 3174 1793; x_wconf 89' lang='lat' dir='ltr'><strong>nos</strong></span> <span class='ocrx_word' id='word_1_412' title='bbox 3203 1750 3382 1794; x_wconf 87' lang='lat' dir='ltr'><strong>astare</strong></span> <span class='ocrx_word' id='word_1_413' title='bbox 3412 1738 3588 1809; x_wconf 86' lang='lat' dir='ltr'><strong>jubet,</strong></span> 
     </span>
    </p>
   </div>
   <div class='ocr_carea' id='block_1_63' title="bbox 2016 1817 3589 1899">
    <p class='ocr_par' dir='ltr' id='par_1_63' title="bbox 2016 1817 3589 1899">
     <span class='ocr_line' id='line_1_63' title="bbox 2016 1817 3589 1899; baseline 0.004 -20"><span class='ocrx_word' id='word_1_414' title='bbox 2016 1826 2104 1880; x_wconf 91' lang='lat' dir='ltr'><strong>ubi</strong></span> <span class='ocrx_word' id='word_1_415' title='bbox 2135 1842 2297 1898; x_wconf 88' lang='lat' dir='ltr'><strong>super</strong></span> <span class='ocrx_word' id='word_1_416' title='bbox 2321 1820 2658 1883; x_wconf 80' lang='lat' dir='ltr'><strong>llatnntantes</strong></span> <span class='ocrx_word' id='word_1_417' title='bbox 2685 1817 2968 1894; x_wconf 73' lang='lat' dir='ltr'><strong>carbones,</strong></span> <span class='ocrx_word' id='word_1_418' title='bbox 3020 1829 3293 1899; x_wconf 88' lang='lat' dir='ltr'><strong>ignitaque</strong></span> <span class='ocrx_word' id='word_1_419' title='bbox 3327 1830 3589 1885; x_wconf 85' lang='lat' dir='ltr'><strong>testarum</strong></span> 
     </span>
    </p>
   </div>
   <div class='ocr_carea' id='block_1_64' title="bbox 2016 1918 3587 1991">
    <p class='ocr_par' dir='ltr' id='par_1_64' title="bbox 2016 1918 3587 1991">
     <span class='ocr_line' id='line_1_64' title="bbox 2016 1918 3587 1991; baseline 0.003 -18"><span class='ocrx_word' id='word_1_420' title='bbox 2016 1918 2316 1989; x_wconf 86' lang='lat' dir='ltr'><strong>fragmenta</strong></span> <span class='ocrx_word' id='word_1_421' title='bbox 2365 1922 2712 1975; x_wconf 89' lang='lat' dir='ltr'><strong>tenerriutum</strong></span> <span class='ocrx_word' id='word_1_422' title='bbox 2747 1921 2975 1991; x_wconf 89' lang='lat' dir='ltr'><strong>virginis</strong></span> <span class='ocrx_word' id='word_1_423' title='bbox 3024 1936 3221 1990; x_wconf 88' lang='lat' dir='ltr'><strong>corpus</strong></span> <span class='ocrx_word' id='word_1_424' title='bbox 3267 1922 3587 1978; x_wconf 87' lang='lat' dir='ltr'><strong>collocatur.</strong></span> 
     </span>
    </p>
   </div>
   <div class='ocr_carea' id='block_1_65' title="bbox 2015 2008 3588 2084">
    <p class='ocr_par' dir='ltr' id='par_1_65' title="bbox 2015 2008 3588 2084">
     <span class='ocr_line' id='line_1_65' title="bbox 2015 2008 3588 2084; baseline 0.004 -21"><span class='ocrx_word' id='word_1_425' title='bbox 2015 2008 2188 2081; x_wconf 82' lang='lat' dir='ltr'><strong>Atque</strong></span> <span class='ocrx_word' id='word_1_426' title='bbox 2212 2024 2356 2066; x_wconf 89' lang='lat' dir='ltr'><strong>nunc</strong></span> <span class='ocrx_word' id='word_1_427' title='bbox 2382 2012 2497 2067; x_wconf 80' lang='lat' dir='ltr'><strong>ha:c</strong></span> <span class='ocrx_word' id='word_1_428' title='bbox 2517 2013 2695 2067; x_wconf 90' lang='lat' dir='ltr'><strong>lectuli</strong></span> <span class='ocrx_word' id='word_1_429' title='bbox 2727 2015 2937 2084; x_wconf 89' lang='lat' dir='ltr'><strong>species</strong></span> <span class='ocrx_word' id='word_1_430' title='bbox 2964 2015 3052 2069; x_wconf 90' lang='lat' dir='ltr'><strong>illa</strong></span> <span class='ocrx_word' id='word_1_431' title='bbox 3070 2016 3201 2071; x_wconf 91' lang='lat' dir='ltr'><strong>tttihi</strong></span> <span class='ocrx_word' id='word_1_432' title='bbox 3218 2016 3430 2070; x_wconf 88' lang='lat' dir='ltr'><strong>videtur</strong></span> <span class='ocrx_word' id='word_1_433' title='bbox 3446 2029 3588 2080; x_wconf 86' lang='lat' dir='ltr'><strong>esse,</strong></span> 
     </span>
    </p>
   </div>
   <div class='ocr_carea' id='block_1_66' title="bbox 2015 2099 3592 2175">
    <p class='ocr_par' dir='ltr' id='par_1_66' title="bbox 2015 2099 3592 2175">
     <span class='ocr_line' id='line_1_66' title="bbox 2015 2099 3592 2175; baseline 0.004 -23"><span class='ocrx_word' id='word_1_434' title='bbox 2015 2113 2176 2168; x_wconf 85' lang='lat' dir='ltr'><strong>quant</strong></span> <span class='ocrx_word' id='word_1_435' title='bbox 2201 2099 2442 2169; x_wconf 90' lang='lat' dir='ltr'><strong>Sponsus</strong></span> <span class='ocrx_word' id='word_1_436' title='bbox 2464 2102 2485 2133; x_wconf 79' lang='lat'><strong>’</strong></span> <span class='ocrx_word' id='word_1_437' title='bbox 2505 2103 2823 2158; x_wconf 75' lang='lat' dir='ltr'><strong>describens</strong></span> <span class='ocrx_word' id='word_1_438' title='bbox 2852 2119 2883 2158; x_wconf 91' lang='lat' dir='ltr'><strong>a</strong></span> <span class='ocrx_word' id='word_1_439' title='bbox 2912 2103 3135 2160; x_wconf 84' lang='lat' dir='ltr'><strong>ﬂoribus</strong></span> <span class='ocrx_word' id='word_1_440' title='bbox 3166 2107 3592 2175; x_wconf 86' lang='lat' dir='ltr'><strong>commendavit,</strong></span> 
     </span>
    </p>
   </div>
   <div class='ocr_carea' id='block_1_67' title="bbox 2016 2182 3590 2265">
    <p class='ocr_par' dir='ltr' id='par_1_67' title="bbox 2016 2182 3590 2265">
     <span class='ocr_line' id='line_1_67' title="bbox 2016 2182 3590 2265; baseline 0.005 -23"><span class='ocrx_word' id='word_1_441' title='bbox 2016 2190 2102 2242; x_wconf 82' lang='lat' dir='ltr'><strong>cui</strong></span> <span class='ocrx_word' id='word_1_442' title='bbox 2136 2204 2234 2244; x_wconf 91' lang='lat' dir='ltr'><strong>nec</strong></span> <span class='ocrx_word' id='word_1_443' title='bbox 2262 2206 2542 2260; x_wconf 69' lang='lat' dir='ltr'><strong>purpureae</strong></span> <span class='ocrx_word' id='word_1_444' title='bbox 2569 2182 2705 2246; x_wconf 72' lang='lat' dir='ltr'><strong>rosae</strong></span> <span class='ocrx_word' id='word_1_445' title='bbox 2742 2194 2938 2247; x_wconf 87' lang='lat' dir='ltr'><strong>desunt</strong></span> <span class='ocrx_word' id='word_1_446' title='bbox 2968 2195 3254 2250; x_wconf 86' lang='lat' dir='ltr'><strong>candentis</strong></span> <span class='ocrx_word' id='word_1_447' title='bbox 3290 2196 3453 2265; x_wconf 84' lang='lat' dir='ltr'><strong>ignis,</strong></span> <span class='ocrx_word' id='word_1_448' title='bbox 3489 2209 3590 2250; x_wconf 88' lang='lat' dir='ltr'><strong>nec</strong></span> 
     </span>
    </p>
   </div>
   <div class='ocr_carea' id='block_1_68' title="bbox 2016 2281 3589 2356">
    <p class='ocr_par' dir='ltr' id='par_1_68' title="bbox 2016 2281 3589 2356">
     <span class='ocr_line' id='line_1_68' title="bbox 2016 2281 3589 2356; baseline 0.004 -21"><span class='ocrx_word' id='word_1_449' title='bbox 2016 2281 2126 2335; x_wconf 90' lang='lat' dir='ltr'><strong>lilia</strong></span> <span class='ocrx_word' id='word_1_450' title='bbox 2187 2285 2435 2352; x_wconf 85' lang='lat' dir='ltr'><strong>corporis</strong></span> <span class='ocrx_word' id='word_1_451' title='bbox 2518 2286 2819 2354; x_wconf 81' lang='lat' dir='ltr'><strong>virginalis.</strong></span> <span class='ocrx_word' id='word_1_452' title='bbox 2906 2284 3353 2356; x_wconf 78' lang='lat' dir='ltr'><strong>Corttplectantur</strong></span> <span class='ocrx_word' id='word_1_453' title='bbox 3423 2287 3589 2355; x_wconf 78' lang='lat' dir='ltr'><strong>igitur</strong></span> 
     </span>
    </p>
   </div>
   <div class='ocr_carea' id='block_1_69' title="bbox 2017 2372 3591 2446">
    <p class='ocr_par' dir='ltr' id='par_1_69' title="bbox 2017 2372 3591 2446">
     <span class='ocr_line' id='line_1_69' title="bbox 2017 2372 3591 2446; baseline 0.003 -20"><span class='ocrx_word' id='word_1_454' title='bbox 2017 2372 2169 2442; x_wconf 91' lang='lat' dir='ltr'><strong>ignes</strong></span> <span class='ocrx_word' id='word_1_455' title='bbox 2206 2376 2367 2439; x_wconf 89' lang='lat' dir='ltr'><strong>rosei,</strong></span> <span class='ocrx_word' id='word_1_456' title='bbox 2390 2382 2549 2443; x_wconf 87' lang='lat' dir='ltr'><strong>atque</strong></span> <span class='ocrx_word' id='word_1_457' title='bbox 2582 2376 2824 2431; x_wconf 88' lang='lat' dir='ltr'><strong>lambant</strong></span> <span class='ocrx_word' id='word_1_458' title='bbox 2849 2376 3048 2446; x_wconf 90' lang='lat' dir='ltr'><strong>potius,</strong></span> <span class='ocrx_word' id='word_1_459' title='bbox 3072 2393 3236 2446; x_wconf 90' lang='lat' dir='ltr'><strong>quam</strong></span> <span class='ocrx_word' id='word_1_460' title='bbox 3264 2380 3493 2433; x_wconf 88' lang='lat' dir='ltr'><strong>adurant</strong></span> <span class='ocrx_word' id='word_1_461' title='bbox 3519 2379 3591 2432; x_wconf 82' lang='lat' dir='ltr'><strong>ll-</strong></span> 
     </span>
    </p>
   </div>
   <div class='ocr_carea' id='block_1_70' title="bbox 2014 2464 3593 2543">
    <p class='ocr_par' dir='ltr' id='par_1_70' title="bbox 2014 2464 3593 2543">
     <span class='ocr_line' id='line_1_70' title="bbox 2014 2464 3593 2543; baseline 0.006 -28"><span class='ocrx_word' id='word_1_462' title='bbox 2014 2464 2148 2543; x_wconf 79' lang='lat' dir='ltr'><strong>liuttt</strong></span> <span class='ocrx_word' id='word_1_463' title='bbox 2175 2465 2434 2533; x_wconf 84' lang='lat' dir='ltr'><strong>virginale</strong></span> <span class='ocrx_word' id='word_1_464' title='bbox 2461 2482 2477 2527; x_wconf 83' lang='lat'><strong>;</strong></span> <span class='ocrx_word' id='word_1_465' title='bbox 2512 2467 2965 2536; x_wconf 85' lang='lat' dir='ltr'><strong>complectantur,</strong></span> <span class='ocrx_word' id='word_1_466' title='bbox 3002 2470 3243 2537; x_wconf 90' lang='lat' dir='ltr'><strong>inquam,</strong></span> <span class='ocrx_word' id='word_1_467' title='bbox 3277 2485 3452 2539; x_wconf 87' lang='lat' dir='ltr'><strong>neque</strong></span> <span class='ocrx_word' id='word_1_468' title='bbox 3480 2470 3593 2541; x_wconf 83' lang='lat' dir='ltr'><strong>spi-</strong></span> 
     </span>
    </p>
   </div>
   <div class='ocr_carea' id='block_1_71' title="bbox 2018 2554 3594 2631">
    <p class='ocr_par' dir='ltr' id='par_1_71' title="bbox 2018 2554 3594 2631">
     <span class='ocr_line' id='line_1_71' title="bbox 2018 2554 3594 2631; baseline 0.005 -25"><span class='ocrx_word' id='word_1_469' title='bbox 2018 2554 2102 2607; x_wconf 90' lang='lat' dir='ltr'><strong>nis</strong></span> <span class='ocrx_word' id='word_1_470' title='bbox 2135 2555 2248 2610; x_wconf 85' lang='lat' dir='ltr'><strong>suis</strong></span> <span class='ocrx_word' id='word_1_471' title='bbox 2302 2556 2599 2610; x_wconf 81' lang='lat' dir='ltr'><strong>dilacerent</strong></span> <span class='ocrx_word' id='word_1_472' title='bbox 2630 2575 2644 2611; x_wconf 92' lang='lat'><strong>:</strong></span> <span class='ocrx_word' id='word_1_473' title='bbox 2686 2558 2895 2623; x_wconf 87' lang='lat' dir='ltr'><strong>ardeat,</strong></span> <span class='ocrx_word' id='word_1_474' title='bbox 2931 2568 2988 2612; x_wconf 96' lang='lat' dir='ltr'><strong>ut</strong></span> <span class='ocrx_word' id='word_1_475' title='bbox 3025 2558 3193 2624; x_wconf 90' lang='lat' dir='ltr'><strong>lubet,</strong></span> <span class='ocrx_word' id='word_1_476' title='bbox 3231 2561 3371 2631; x_wconf 84' lang='lat' dir='ltr'><strong>ignis</strong></span> <span class='ocrx_word' id='word_1_477' title='bbox 3397 2561 3448 2614; x_wconf 92' lang='lat' dir='ltr'><strong>itt</strong></span> <span class='ocrx_word' id='word_1_478' title='bbox 3483 2561 3594 2628; x_wconf 83' lang='lat' dir='ltr'><strong>spi-</strong></span> 
     </span>
    </p>
   </div>
   <div class='ocr_carea' id='block_1_72' title="bbox 2018 2647 3592 2719">
    <p class='ocr_par' dir='ltr' id='par_1_72' title="bbox 2018 2647 3592 2719">
     <span class='ocr_line' id='line_1_72' title="bbox 2018 2647 3592 2719; baseline 0.004 -20"><span class='ocrx_word' id='word_1_479' title='bbox 2018 2647 2123 2710; x_wconf 90' lang='lat' dir='ltr'><strong>nis,</strong></span> <span class='ocrx_word' id='word_1_480' title='bbox 2143 2649 2286 2701; x_wconf 79' lang='lat' dir='ltr'><strong>sicut</strong></span> <span class='ocrx_word' id='word_1_481' title='bbox 2308 2648 2359 2701; x_wconf 89' lang='lat' dir='ltr'><strong>itt</strong></span> <span class='ocrx_word' id='word_1_482' title='bbox 2386 2649 2522 2703; x_wconf 89' lang='lat' dir='ltr'><strong>rubo</strong></span> <span class='ocrx_word' id='word_1_483' title='bbox 2543 2648 2587 2679; x_wconf 81' lang='grc'><strong>¹⁰</strong></span> <span class='ocrx_word' id='word_1_484' title='bbox 2622 2649 2892 2715; x_wconf 81' lang='lat' dir='ltr'><strong>illosaieo;</strong></span> <span class='ocrx_word' id='word_1_485' title='bbox 2922 2661 2976 2705; x_wconf 89' lang='lat' dir='ltr'><strong>et</strong></span> <span class='ocrx_word' id='word_1_486' title='bbox 2997 2651 3044 2706; x_wconf 87' lang='lat' dir='ltr'><strong>si</strong></span> <span class='ocrx_word' id='word_1_487' title='bbox 3078 2654 3401 2708; x_wconf 71' lang='lat' dir='ltr'><strong>comburere</strong></span> <span class='ocrx_word' id='word_1_488' title='bbox 3423 2666 3592 2719; x_wconf 75' lang='lat' dir='ltr'><strong>:ttltztl,</strong></span> 
     </span>
    </p>
   </div>
   <div class='ocr_carea' id='block_1_73' title="bbox 2017 2741 3592 2813">
    <p class='ocr_par' dir='ltr' id='par_1_73' title="bbox 2017 2741 3592 2813">
     <span class='ocr_line' id='line_1_73' title="bbox 2017 2741 3592 2813; baseline 0.007 -22"><span class='ocrx_word' id='word_1_489' title='bbox 2017 2752 2143 2792; x_wconf 90' lang='lat' dir='ltr'><strong>suas</strong></span> <span class='ocrx_word' id='word_1_490' title='bbox 2165 2741 2448 2792; x_wconf 84' lang='lat' dir='ltr'><strong>comburat</strong></span> <span class='ocrx_word' id='word_1_491' title='bbox 2475 2741 2684 2807; x_wconf 86' lang='lat' dir='ltr'><strong>spinas,</strong></span> <span class='ocrx_word' id='word_1_492' title='bbox 2704 2743 2811 2805; x_wconf 37' lang='lat' dir='ltr'><strong>sed.</strong></span> <span class='ocrx_word' id='word_1_493' title='bbox 2838 2743 2954 2797; x_wconf 88' lang='lat' dir='ltr'><strong>lilio</strong></span> <span class='ocrx_word' id='word_1_494' title='bbox 2982 2755 3169 2813; x_wconf 88' lang='lat' dir='ltr'><strong>parcat</strong></span> <span class='ocrx_word' id='word_1_495' title='bbox 3193 2745 3592 2802; x_wconf 74' lang='lat' dir='ltr'><strong>candidissima:</strong></span> 
     </span>
    </p>
   </div>
   <div class='ocr_carea' id='block_1_74' title="bbox 2018 2829 3593 2903">
    <p class='ocr_par' dir='ltr' id='par_1_74' title="bbox 2018 2829 3593 2903">
     <span class='ocr_line' id='line_1_74' title="bbox 2018 2829 3593 2903; baseline 0.006 -21"><span class='ocrx_word' id='word_1_496' title='bbox 2018 2829 2364 2901; x_wconf 83' lang='lat' dir='ltr'><strong>virginitatis.</strong></span> <span class='ocrx_word' id='word_1_497' title='bbox 2403 2829 2554 2885; x_wconf 82' lang='lat' dir='ltr'><strong>Jacet</strong></span> <span class='ocrx_word' id='word_1_498' title='bbox 2584 2835 2730 2886; x_wconf 89' lang='lat' dir='ltr'><strong>enim</strong></span> <span class='ocrx_word' id='word_1_499' title='bbox 2765 2835 3013 2903; x_wconf 81' lang='lat' dir='ltr'><strong>Agatha,</strong></span> <span class='ocrx_word' id='word_1_500' title='bbox 3045 2851 3110 2890; x_wconf 87' lang='lat' dir='ltr'><strong>ac</strong></span> <span class='ocrx_word' id='word_1_501' title='bbox 3144 2836 3379 2889; x_wconf 86' lang='lat' dir='ltr'><strong>vallatur</strong></span> <span class='ocrx_word' id='word_1_502' title='bbox 3432 2837 3593 2890; x_wconf 77' lang='lat' dir='ltr'><strong>llam-</strong></span> 
     </span>
    </p>
   </div>
   <div class='ocr_carea' id='block_1_75' title="bbox 2017 2919 3597 2997">
    <p class='ocr_par' dir='ltr' id='par_1_75' title="bbox 2017 2919 3597 2997">
     <span class='ocr_line' id='line_1_75' title="bbox 2017 2919 3597 2997; baseline 0.007 -26"><span class='ocrx_word' id='word_1_503' title='bbox 2017 2920 2142 2982; x_wconf 87' lang='lat' dir='ltr'><strong>mis,</strong></span> <span class='ocrx_word' id='word_1_504' title='bbox 2178 2919 2322 2973; x_wconf 87' lang='lat' dir='ltr'><strong>sicut</strong></span> <span class='ocrx_word' id='word_1_505' title='bbox 2353 2922 2526 2990; x_wconf 89' lang='lat' dir='ltr'><strong>spinis</strong></span> <span class='ocrx_word' id='word_1_506' title='bbox 2550 2922 2743 2977; x_wconf 88' lang='lat' dir='ltr'><strong>lilium.</strong></span> <span class='ocrx_word' id='word_1_507' title='bbox 2773 2923 3010 2978; x_wconf 82' lang='lat' dir='ltr'><strong>Meretur</strong></span> <span class='ocrx_word' id='word_1_508' title='bbox 3036 2927 3197 2996; x_wconf 90' lang='lat' dir='ltr'><strong>hujus</strong></span> <span class='ocrx_word' id='word_1_509' title='bbox 3226 2929 3432 2997; x_wconf 65' lang='lat' dir='ltr'><strong>praemii</strong></span> <span class='ocrx_word' id='word_1_510' title='bbox 3457 2943 3597 2997; x_wconf 80' lang='lat' dir='ltr'><strong>pra:-</strong></span> 
     </span>
    </p>
   </div>
   <div class='ocr_carea' id='block_1_76' title="bbox 1999 3011 3593 3085">
    <p class='ocr_par' dir='ltr' id='par_1_76' title="bbox 1999 3011 3593 3085">
     <span class='ocr_line' id='line_1_76' title="bbox 1999 3011 3593 3085; baseline 0.006 -20"><span class='ocrx_word' id='word_1_511' title='bbox 1999 3011 2315 3081; x_wconf 68' lang='lat' dir='ltr'><strong>‘rogativam</strong></span> <span class='ocrx_word' id='word_1_512' title='bbox 2348 3023 2533 3066; x_wconf 89' lang='lat' dir='ltr'><strong>votum</strong></span> <span class='ocrx_word' id='word_1_513' title='bbox 2566 3014 2915 3085; x_wconf 85' lang='lat' dir='ltr'><strong>virginitatis,</strong></span> <span class='ocrx_word' id='word_1_514' title='bbox 2949 3018 3014 3070; x_wconf 89' lang='lat' dir='ltr'><strong>ab</strong></span> <span class='ocrx_word' id='word_1_515' title='bbox 3046 3017 3273 3072; x_wconf 85' lang='lat' dir='ltr'><strong>infantia</strong></span> <span class='ocrx_word' id='word_1_516' title='bbox 3304 3019 3416 3074; x_wconf 85' lang='lat' dir='ltr'><strong>Deo</strong></span> <span class='ocrx_word' id='word_1_517' title='bbox 3454 3034 3593 3075; x_wconf 81' lang='lat' dir='ltr'><strong>nun-</strong></span> 
     </span>
    </p>
   </div>
   <div class='ocr_carea' id='block_1_77' title="bbox 2018 3104 3197 3168">
    <p class='ocr_par' dir='ltr' id='par_1_77' title="bbox 2018 3104 3197 3168">
     <span class='ocr_line' id='line_1_77' title="bbox 2018 3104 3197 3168; baseline 0.006 -12"><span class='ocrx_word' id='word_1_518' title='bbox 2018 3113 2290 3168; x_wconf 89' lang='lat' dir='ltr'><strong>cupattttn,</strong></span> <span class='ocrx_word' id='word_1_519' title='bbox 2320 3111 2374 3157; x_wconf 86' lang='lat' dir='ltr'><strong>ct</strong></span> <span class='ocrx_word' id='word_1_520' title='bbox 2411 3104 2614 3159; x_wconf 90' lang='lat' dir='ltr'><strong>illibato</strong></span> <span class='ocrx_word' id='word_1_521' title='bbox 2640 3109 2870 3162; x_wconf 89' lang='lat' dir='ltr'><strong>candore</strong></span> <span class='ocrx_word' id='word_1_522' title='bbox 2900 3119 3197 3163; x_wconf 88' lang='lat' dir='ltr'><strong>servatum.</strong></span> 
     </span>
    </p>
   </div>
   <div class='ocr_carea' id='block_1_78' title="bbox 2087 3192 3601 3271">
    <p class='ocr_par' dir='ltr' id='par_1_78' title="bbox 2087 3192 3601 3271">
     <span class='ocr_line' id='line_1_78' title="bbox 2087 3192 3601 3271; baseline 0.009 -23"><span class='ocrx_word' id='word_1_523' title='bbox 2087 3193 2179 3248; x_wconf 74' lang='grc'><strong>20.</strong></span> <span class='ocrx_word' id='word_1_524' title='bbox 2214 3192 2314 3249; x_wconf 74' lang='lat' dir='ltr'><strong>Vix</strong></span> <span class='ocrx_word' id='word_1_525' title='bbox 2369 3197 2530 3266; x_wconf 79' lang='lat' dir='ltr'><strong>igitur</strong></span> <span class='ocrx_word' id='word_1_526' title='bbox 2562 3197 2769 3266; x_wconf 82' lang='lat' dir='ltr'><strong>Agatlta</strong></span> <span class='ocrx_word' id='word_1_527' title='bbox 2821 3198 2971 3268; x_wconf 88' lang='lat' dir='ltr'><strong>ignes</strong></span> <span class='ocrx_word' id='word_1_528' title='bbox 3004 3202 3279 3271; x_wconf 82' lang='lat' dir='ltr'><strong>tetigerat,</strong></span> <span class='ocrx_word' id='word_1_529' title='bbox 3308 3217 3432 3257; x_wconf 87' lang='lat' dir='ltr'><strong>cum</strong></span> <span class='ocrx_word' id='word_1_530' title='bbox 3463 3218 3601 3261; x_wconf 80' lang='lat' dir='ltr'><strong>ecce</strong></span> 
     </span>
    </p>
   </div>
   <div class='ocr_carea' id='block_1_79' title="bbox 2016 3285 3592 3357">
    <p class='ocr_par' dir='ltr' id='par_1_79' title="bbox 2016 3285 3592 3357">
     <span class='ocr_line' id='line_1_79' title="bbox 2016 3285 3592 3357; baseline 0.01 -20"><span class='ocrx_word' id='word_1_531' title='bbox 2016 3285 2192 3354; x_wconf 85' lang='lat' dir='ltr'><strong>patria</strong></span> <span class='ocrx_word' id='word_1_532' title='bbox 2229 3287 2419 3353; x_wconf 89' lang='lat' dir='ltr'><strong>tellus,</strong></span> <span class='ocrx_word' id='word_1_533' title='bbox 2475 3288 2597 3341; x_wconf 80' lang='lat' dir='ltr'><strong>tilia:</strong></span> <span class='ocrx_word' id='word_1_534' title='bbox 2646 3305 2757 3344; x_wconf 64' lang='lat' dir='ltr'><strong>sua:</strong></span> <span class='ocrx_word' id='word_1_535' title='bbox 2789 3292 2962 3345; x_wconf 86' lang='lat' dir='ltr'><strong>vicem</strong></span> <span class='ocrx_word' id='word_1_536' title='bbox 3005 3296 3298 3357; x_wconf 86' lang='lat' dir='ltr'><strong>miserata,</strong></span> <span class='ocrx_word' id='word_1_537' title='bbox 3353 3296 3592 3352; x_wconf 87' lang='lat' dir='ltr'><strong>funditus</strong></span> 
     </span>
    </p>
   </div>
   <div class='ocr_carea' id='block_1_80' title="bbox 2016 3380 3593 3458">
    <p class='ocr_par' dir='ltr' id='par_1_80' title="bbox 2016 3380 3593 3458">
     <span class='ocr_line' id='line_1_80' title="bbox 2016 3380 3593 3458; baseline 0.007 -26"><span class='ocrx_word' id='word_1_538' title='bbox 2016 3380 2342 3433; x_wconf 84' lang='lat' dir='ltr'><strong>contremuit</strong></span> <span class='ocrx_word' id='word_1_539' title='bbox 2376 3391 2472 3448; x_wconf 87' lang='lat' dir='ltr'><strong>;et</strong></span> <span class='ocrx_word' id='word_1_540' title='bbox 2497 3383 2652 3450; x_wconf 87' lang='lat' dir='ltr'><strong>quasi</strong></span> <span class='ocrx_word' id='word_1_541' title='bbox 2693 3394 2938 3438; x_wconf 86' lang='lat' dir='ltr'><strong>tnatcrtto</strong></span> <span class='ocrx_word' id='word_1_542' title='bbox 2973 3400 3136 3440; x_wconf 84' lang='lat' dir='ltr'><strong>sensu</strong></span> <span class='ocrx_word' id='word_1_543' title='bbox 3170 3389 3396 3458; x_wconf 66' lang='lat' dir='ltr'><strong>prmdita</strong></span> <span class='ocrx_word' id='word_1_544' title='bbox 3424 3397 3593 3458; x_wconf 84' lang='lat' dir='ltr'><strong>esset,</strong></span> 
     </span>
    </p>
   </div>
   <div class='ocr_carea' id='block_1_81' title="bbox 2019 3469 3593 3549">
    <p class='ocr_par' dir='ltr' id='par_1_81' title="bbox 2019 3469 3593 3549">
     <span class='ocr_line' id='line_1_81' title="bbox 2019 3469 3593 3549; baseline 0.01 -28"><span class='ocrx_word' id='word_1_545' title='bbox 2019 3469 2225 3535; x_wconf 88' lang='lat' dir='ltr'><strong>apertis</strong></span> <span class='ocrx_word' id='word_1_546' title='bbox 2282 3484 2411 3523; x_wconf 59' lang='lat' dir='ltr'><strong>non‘</strong></span> <span class='ocrx_word' id='word_1_547' title='bbox 2441 3486 2547 3525; x_wconf 90' lang='lat' dir='ltr'><strong>uno</strong></span> <span class='ocrx_word' id='word_1_548' title='bbox 2577 3473 2629 3525; x_wconf 88' lang='lat' dir='ltr'><strong>itt</strong></span> <span class='ocrx_word' id='word_1_549' title='bbox 2666 3471 2782 3526; x_wconf 90' lang='lat' dir='ltr'><strong>loco</strong></span> <span class='ocrx_word' id='word_1_550' title='bbox 2829 3473 3112 3541; x_wconf 86' lang='lat' dir='ltr'><strong>faucibus,</strong></span> <span class='ocrx_word' id='word_1_551' title='bbox 3155 3492 3251 3532; x_wconf 88' lang='lat' dir='ltr'><strong>ore</strong></span> <span class='ocrx_word' id='word_1_552' title='bbox 3310 3481 3593 3549; x_wconf 85' lang='lat' dir='ltr'><strong>multiplici</strong></span> 
     </span>
    </p>
   </div>
   <div class='ocr_carea' id='block_1_82' title="bbox 2017 3558 3597 3637">
    <p class='ocr_par' dir='ltr' id='par_1_82' title="bbox 2017 3558 3597 3637">
     <span class='ocr_line' id='line_1_82' title="bbox 2017 3558 3597 3637; baseline 0.01 -26"><span class='ocrx_word' id='word_1_553' title='bbox 2017 3558 2360 3614; x_wconf 72' lang='lat' dir='ltr'><strong>exclamabat</strong></span> <span class='ocrx_word' id='word_1_554' title='bbox 2382 3601 2396 3627; x_wconf 95' lang='lat'><strong>,</strong></span> <span class='ocrx_word' id='word_1_555' title='bbox 2420 3564 2690 3631; x_wconf 81' lang='lat' dir='ltr'><strong>clareque</strong></span> <span class='ocrx_word' id='word_1_556' title='bbox 2723 3567 3028 3619; x_wconf 86' lang='lat' dir='ltr'><strong>testabatur</strong></span> <span class='ocrx_word' id='word_1_557' title='bbox 3053 3609 3067 3633; x_wconf 91' lang='lat'><strong>,</strong></span> <span class='ocrx_word' id='word_1_558' title='bbox 3093 3583 3253 3637; x_wconf 82' lang='lat' dir='ltr'><strong>quant</strong></span> <span class='ocrx_word' id='word_1_559' title='bbox 3288 3573 3597 3626; x_wconf 87' lang='lat' dir='ltr'><strong>vehemen-</strong></span> 
     </span>
    </p>
   </div>
   <div class='ocr_carea' id='block_1_83' title="bbox 2020 3652 3595 3735">
    <p class='ocr_par' dir='ltr' id='par_1_83' title="bbox 2020 3652 3595 3735">
     <span class='ocr_line' id='line_1_83' title="bbox 2020 3652 3595 3735; baseline 0.01 -31"><span class='ocrx_word' id='word_1_560' title='bbox 2020 3660 2101 3705; x_wconf 86' lang='lat' dir='ltr'><strong>ter</strong></span> <span class='ocrx_word' id='word_1_561' title='bbox 2152 3652 2381 3719; x_wconf 85' lang='lat' dir='ltr'><strong>duleret,</strong></span> <span class='ocrx_word' id='word_1_562' title='bbox 2437 3669 2710 3724; x_wconf 85' lang='lat' dir='ltr'><strong>quamque</strong></span> <span class='ocrx_word' id='word_1_563' title='bbox 2760 3656 2909 3735; x_wconf 28' lang='lat' dir='ltr'><strong>jtt‘ste</strong></span> <span class='ocrx_word' id='word_1_564' title='bbox 2950 3659 3226 3728; x_wconf 87' lang='lat' dir='ltr'><strong>indignum</strong></span> <span class='ocrx_word' id='word_1_565' title='bbox 3268 3663 3595 3734; x_wconf 86' lang='lat' dir='ltr'><strong>crudeleqtte</strong></span> 
     </span>
    </p>
   </div>
   <div class='ocr_carea' id='block_1_84' title="bbox 2016 3736 3598 3823">
    <p class='ocr_par' dir='ltr' id='par_1_84' title="bbox 2016 3736 3598 3823">
     <span class='ocr_line' id='line_1_84' title="bbox 2016 3736 3598 3823; baseline 0.009 -28"><span class='ocrx_word' id='word_1_566' title='bbox 2016 3743 2148 3798; x_wconf 90' lang='lat' dir='ltr'><strong>illud</strong></span> <span class='ocrx_word' id='word_1_567' title='bbox 2185 3746 2557 3813; x_wconf 87' lang='lat' dir='ltr'><strong>spectaculum</strong></span> <span class='ocrx_word' id='word_1_568' title='bbox 2594 3736 2998 3818; x_wconf 79' lang='lat' dir='ltr'><strong>detestaretur;</strong></span> <span class='ocrx_word' id='word_1_569' title='bbox 3060 3751 3117 3805; x_wconf 89' lang='lat' dir='ltr'><strong>itt</strong></span> <span class='ocrx_word' id='word_1_570' title='bbox 3147 3768 3264 3806; x_wconf 88' lang='lat' dir='ltr'><strong>eam</strong></span> <span class='ocrx_word' id='word_1_571' title='bbox 3302 3756 3461 3823; x_wconf 88' lang='lat' dir='ltr'><strong>plane</strong></span> <span class='ocrx_word' id='word_1_572' title='bbox 3510 3771 3598 3810; x_wconf 84' lang='lat' dir='ltr'><strong>ra-</strong></span> 
     </span>
    </p>
   </div>
   <div class='ocr_carea' id='block_1_85' title="bbox 2016 3837 3597 3905">
    <p class='ocr_par' dir='ltr' id='par_1_85' title="bbox 2016 3837 3597 3905">
     <span class='ocr_line' id='line_1_85' title="bbox 2016 3837 3597 3905; baseline 0.006 -17"><span class='ocrx_word' id='word_1_573' title='bbox 2016 3837 2243 3900; x_wconf 79' lang='lat' dir='ltr'><strong>tionem,</strong></span> <span class='ocrx_word' id='word_1_574' title='bbox 2269 3852 2371 3905; x_wconf 89' lang='lat' dir='ltr'><strong>qua</strong></span> <span class='ocrx_word' id='word_1_575' title='bbox 2403 3852 2583 3891; x_wconf 88' lang='lat' dir='ltr'><strong>rerum</strong></span> <span class='ocrx_word' id='word_1_576' title='bbox 2612 3841 2859 3893; x_wconf 90' lang='lat' dir='ltr'><strong>omnium</strong></span> <span class='ocrx_word' id='word_1_577' title='bbox 2908 3843 3193 3898; x_wconf 86' lang='lat' dir='ltr'><strong>conditore</strong></span> <span class='ocrx_word' id='word_1_578' title='bbox 3245 3844 3357 3899; x_wconf 90' lang='lat' dir='ltr'><strong>Deo</strong></span> <span class='ocrx_word' id='word_1_579' title='bbox 3391 3847 3443 3899; x_wconf 88' lang='lat' dir='ltr'><strong>itt</strong></span> <span class='ocrx_word' id='word_1_580' title='bbox 3470 3862 3597 3900; x_wconf 88' lang='lat' dir='ltr'><strong>cru-</strong></span> 
     </span>
    </p>
   </div>
   <div class='ocr_carea' id='block_1_86' title="bbox 2018 3930 3593 4004">
    <p class='ocr_par' dir='ltr' id='par_1_86' title="bbox 2018 3930 3593 4004">
     <span class='ocr_line' id='line_1_86' title="bbox 2018 3930 3593 4004; baseline 0.005 -20"><span class='ocrx_word' id='word_1_581' title='bbox 2018 3943 2136 3984; x_wconf 88' lang='lat' dir='ltr'><strong>cent</strong></span> <span class='ocrx_word' id='word_1_582' title='bbox 2165 3940 2310 3992; x_wconf 90' lang='lat' dir='ltr'><strong>acto,</strong></span> <span class='ocrx_word' id='word_1_583' title='bbox 2344 3930 2658 3984; x_wconf 88' lang='lat' dir='ltr'><strong>universum</strong></span> <span class='ocrx_word' id='word_1_584' title='bbox 2685 3936 3017 3987; x_wconf 88' lang='lat' dir='ltr'><strong>contremuit</strong></span> <span class='ocrx_word' id='word_1_585' title='bbox 3058 3945 3214 3990; x_wconf 87' lang='lat' dir='ltr'><strong>terrae</strong></span> <span class='ocrx_word' id='word_1_586' title='bbox 3242 3937 3593 4004; x_wconf 85' lang='lat' dir='ltr'><strong>eletnentum,</strong></span> 
     </span>
    </p>
   </div>
   <div class='ocr_carea' id='block_1_87' title="bbox 2019 4015 3597 4092">
    <p class='ocr_par' dir='ltr' id='par_1_87' title="bbox 2019 4015 3597 4092">
     <span class='ocr_line' id='line_1_87' title="bbox 2019 4015 3597 4092; baseline 0.005 -19"><span class='ocrx_word' id='word_1_587' title='bbox 2019 4018 2257 4073; x_wconf 87' lang='lat' dir='ltr'><strong>immane</strong></span> <span class='ocrx_word' id='word_1_588' title='bbox 2300 4015 2607 4071; x_wconf 63' lang='lat' dir='ltr'><strong>Iudaeorum</strong></span> <span class='ocrx_word' id='word_1_589' title='bbox 2662 4020 2860 4085; x_wconf 89' lang='lat' dir='ltr'><strong>scelus,</strong></span> <span class='ocrx_word' id='word_1_590' title='bbox 2895 4023 3228 4092; x_wconf 88' lang='lat' dir='ltr'><strong>impiumque</strong></span> <span class='ocrx_word' id='word_1_591' title='bbox 3263 4024 3414 4079; x_wconf 84' lang='lat' dir='ltr'><strong>nefas</strong></span> <span class='ocrx_word' id='word_1_592' title='bbox 3451 4024 3597 4081; x_wconf 82' lang='lat' dir='ltr'><strong>ferre</strong></span> 
     </span>
    </p>
   </div>
   <div class='ocr_carea' id='block_1_88' title="bbox 2020 4107 3595 4170">
    <p class='ocr_par' dir='ltr' id='par_1_88' title="bbox 2020 4107 3595 4170">
     <span class='ocr_line' id='line_1_88' title="bbox 2020 4107 3595 4170; baseline 0.005 -7"><span class='ocrx_word' id='word_1_593' title='bbox 2020 4124 2126 4164; x_wconf 91' lang='lat' dir='ltr'><strong>non</strong></span> <span class='ocrx_word' id='word_1_594' title='bbox 2164 4110 2368 4165; x_wconf 88' lang='lat' dir='ltr'><strong>valens.</strong></span> <span class='ocrx_word' id='word_1_595' title='bbox 2419 4107 2634 4165; x_wconf 88' lang='lat' dir='ltr'><strong>Liceret</strong></span> <span class='ocrx_word' id='word_1_596' title='bbox 2669 4110 2901 4166; x_wconf 86' lang='lat' dir='ltr'><strong>fortasse</strong></span> <span class='ocrx_word' id='word_1_597' title='bbox 2934 4112 3206 4168; x_wconf 88' lang='lat' dir='ltr'><strong>allirmare</strong></span> <span class='ocrx_word' id='word_1_598' title='bbox 3240 4112 3595 4170; x_wconf 86' lang='lat' dir='ltr'><strong>Catanensetn</strong></span> 
     </span>
    </p>
   </div>
   <div class='ocr_carea' id='block_1_89' title="bbox 2022 4203 3595 4276">
    <p class='ocr_par' dir='ltr' id='par_1_89' title="bbox 2022 4203 3595 4276">
     <span class='ocr_line' id='line_1_89' title="bbox 2022 4203 3595 4276; baseline 0.004 -20"><span class='ocrx_word' id='word_1_599' title='bbox 2022 4203 2271 4257; x_wconf 89' lang='lat' dir='ltr'><strong>tellurem</strong></span> <span class='ocrx_word' id='word_1_600' title='bbox 2308 4204 2362 4257; x_wconf 89' lang='lat' dir='ltr'><strong>id</strong></span> <span class='ocrx_word' id='word_1_601' title='bbox 2397 4205 2655 4274; x_wconf 86' lang='lat' dir='ltr'><strong>temporis</strong></span> <span class='ocrx_word' id='word_1_602' title='bbox 2679 4205 2832 4275; x_wconf 87' lang='lat' dir='ltr'><strong>quasi</strong></span> <span class='ocrx_word' id='word_1_603' title='bbox 2860 4204 3214 4260; x_wconf 88' lang='lat' dir='ltr'><strong>Iudihundam</strong></span> <span class='ocrx_word' id='word_1_604' title='bbox 3268 4209 3595 4276; x_wconf 84' lang='lat' dir='ltr'><strong>exsultasse,</strong></span> 
     </span>
    </p>
   </div>
   <div class='ocr_carea' id='block_1_90' title="bbox 2020 4296 3607 4370">
    <p class='ocr_par' dir='ltr' id='par_1_90' title="bbox 2020 4296 3607 4370">
     <span class='ocr_line' id='line_1_90' title="bbox 2020 4296 3607 4370; baseline 0.003 -19"><span class='ocrx_word' id='word_1_605' title='bbox 2020 4296 2359 4367; x_wconf 86' lang='lat' dir='ltr'><strong>choreasque</strong></span> <span class='ocrx_word' id='word_1_606' title='bbox 2380 4297 2621 4362; x_wconf 81' lang='lat' dir='ltr'><strong>duxisse,</strong></span> <span class='ocrx_word' id='word_1_607' title='bbox 2644 4299 2787 4367; x_wconf 88' lang='lat' dir='ltr'><strong>quod</strong></span> <span class='ocrx_word' id='word_1_608' title='bbox 2819 4300 2870 4352; x_wconf 89' lang='lat' dir='ltr'><strong>itt</strong></span> <span class='ocrx_word' id='word_1_609' title='bbox 2893 4299 3094 4355; x_wconf 89' lang='lat' dir='ltr'><strong>lectulo</strong></span> <span class='ocrx_word' id='word_1_610' title='bbox 3126 4299 3218 4353; x_wconf 92' lang='lat' dir='ltr'><strong>illo</strong></span> <span class='ocrx_word' id='word_1_611' title='bbox 3245 4300 3414 4368; x_wconf 83' lang='lat' dir='ltr'><strong>ignito</strong></span> <span class='ocrx_word' id='word_1_612' title='bbox 3440 4302 3607 4370; x_wconf 84' lang='lat' dir='ltr'><strong>quasi-</strong></span> 
     </span>
    </p>
   </div>
   <div class='ocr_carea' id='block_1_91' title="bbox 2010 4388 3609 4465">
    <p class='ocr_par' dir='ltr' id='par_1_91' title="bbox 2010 4388 3609 4465">
     <span class='ocr_line' id='line_1_91' title="bbox 2010 4388 3609 4465; baseline 0.004 -23"><span class='ocrx_word' id='word_1_613' title='bbox 2010 4389 2075 4442; x_wconf 78' lang='lat' dir='ltr'><strong>in</strong></span> <span class='ocrx_word' id='word_1_614' title='bbox 2109 4388 2304 4465; x_wconf 84' lang='lat' dir='ltr'><strong>geniali</strong></span> <span class='ocrx_word' id='word_1_615' title='bbox 2334 4389 2599 4456; x_wconf 88' lang='lat' dir='ltr'><strong>thalamo,</strong></span> <span class='ocrx_word' id='word_1_616' title='bbox 2640 4389 2805 4443; x_wconf 88' lang='lat' dir='ltr'><strong>filiam</strong></span> <span class='ocrx_word' id='word_1_617' title='bbox 2828 4405 2981 4444; x_wconf 89' lang='lat' dir='ltr'><strong>suam</strong></span> <span class='ocrx_word' id='word_1_618' title='bbox 3018 4391 3282 4461; x_wconf 82' lang='lat' dir='ltr'><strong>Agatham</strong></span> <span class='ocrx_word' id='word_1_619' title='bbox 3306 4392 3415 4462; x_wconf 90' lang='lat' dir='ltr'><strong>jam</strong></span> <span class='ocrx_word' id='word_1_620' title='bbox 3440 4393 3609 4448; x_wconf 77' lang='lat' dir='ltr'><strong>Chri-</strong></span> 
     </span>
    </p>
   </div>
   <div class='ocr_carea' id='block_1_92' title="bbox 308 4476 3604 4553">
    <p class='ocr_par' dir='ltr' id='par_1_92' title="bbox 308 4476 3604 4553">
     <span class='ocr_line' id='line_1_92' title="bbox 308 4476 3604 4553; baseline 0 -16"><span class='ocrx_word' id='word_1_621' title='bbox 308 4480 674 4552; x_wconf 75' lang='lat' dir='ltr'><strong>prodeuntes</strong></span> <span class='ocrx_word' id='word_1_622' title='bbox 695 4478 921 4548; x_wconf 84' lang='lat' dir='ltr'><strong>accepit.</strong></span> <span class='ocrx_word' id='word_1_623' title='bbox 940 4476 1013 4532; x_wconf 84' lang='lat' dir='ltr'><strong>Et</strong></span> <span class='ocrx_word' id='word_1_624' title='bbox 1038 4493 1108 4534; x_wconf 86' lang='lat' dir='ltr'><strong>ne</strong></span> <span class='ocrx_word' id='word_1_625' title='bbox 1140 4492 1202 4536; x_wconf 78' lang='lat' dir='ltr'><strong>se</strong></span> <span class='ocrx_word' id='word_1_626' title='bbox 1228 4480 1427 4535; x_wconf 81' lang='lat' dir='ltr'><strong>victum</strong></span> <span class='ocrx_word' id='word_1_627' title='bbox 1458 4477 1742 4548; x_wconf 83' lang='lat' dir='ltr'><strong>fateretur,</strong></span> <span class='ocrx_word' id='word_1_628' title='bbox 1770 4485 1918 4553; x_wconf 86' lang='lat' dir='ltr'><strong>Aga-</strong></span> <span class='ocrx_word' id='word_1_629' title='bbox 1949 4488 1995 4547; x_wconf 84' lang='grc' dir='ltr'><strong>ι)</strong></span> <span class='ocrx_word' id='word_1_630' title='bbox 2024 4481 2094 4537; x_wconf 89' lang='lat' dir='ltr'><strong>sti</strong></span> <span class='ocrx_word' id='word_1_631' title='bbox 2116 4495 2374 4551; x_wconf 88' lang='lat' dir='ltr'><strong>sponsam</strong></span> <span class='ocrx_word' id='word_1_632' title='bbox 2400 4481 2609 4535; x_wconf 91' lang='lat' dir='ltr'><strong>videret</strong></span> <span class='ocrx_word' id='word_1_633' title='bbox 2631 4480 2975 4548; x_wconf 86' lang='lat' dir='ltr'><strong>collocatam,</strong></span> <span class='ocrx_word' id='word_1_634' title='bbox 2996 4497 3222 4551; x_wconf 89' lang='lat' dir='ltr'><strong>sperans</strong></span> <span class='ocrx_word' id='word_1_635' title='bbox 3242 4483 3307 4537; x_wconf 89' lang='lat' dir='ltr'><strong>de</strong></span> <span class='ocrx_word' id='word_1_636' title='bbox 3333 4482 3604 4551; x_wconf 86' lang='lat' dir='ltr'><strong>sanguine</strong></span> 
     </span>
    </p>
   </div>
   <div class='ocr_carea' id='block_1_93' title="bbox 312 4571 1919 4643">
    <p class='ocr_par' dir='ltr' id='par_1_93' title="bbox 312 4571 1919 4643">
     <span class='ocr_line' id='line_1_93' title="bbox 312 4571 1919 4643; baseline 0 -14"><span class='ocrx_word' id='word_1_637' title='bbox 312 4576 474 4629; x_wconf 80' lang='lat' dir='ltr'><strong>thum</strong></span> <span class='ocrx_word' id='word_1_638' title='bbox 507 4574 567 4627; x_wconf 89' lang='lat' dir='ltr'><strong>in</strong></span> <span class='ocrx_word' id='word_1_639' title='bbox 600 4583 880 4626; x_wconf 82' lang='lat' dir='ltr'><strong>carcerem</strong></span> <span class='ocrx_word' id='word_1_640' title='bbox 916 4572 1098 4626; x_wconf 85' lang='lat' dir='ltr'><strong>reduci</strong></span> <span class='ocrx_word' id='word_1_641' title='bbox 1144 4571 1331 4642; x_wconf 86' lang='lat' dir='ltr'><strong>jubet,</strong></span> <span class='ocrx_word' id='word_1_642' title='bbox 1363 4572 1784 4643; x_wconf 79' lang='lat' dir='ltr'><strong>custodibusque</strong></span> <span class='ocrx_word' id='word_1_643' title='bbox 1810 4575 1919 4630; x_wconf 87' lang='lat' dir='ltr'><strong>edi-</strong></span> 
     </span>
    </p>
   </div>
   <div class='ocr_carea' id='block_1_94' title="bbox 309 4663 1918 4738">
    <p class='ocr_par' dir='ltr' id='par_1_94' title="bbox 309 4663 1918 4738">
     <span class='ocr_line' id='line_1_94' title="bbox 309 4663 1918 4738; baseline 0.001 -16"><span class='ocrx_word' id='word_1_644' title='bbox 309 4669 412 4732; x_wconf 86' lang='lat' dir='ltr'><strong>eit,</strong></span> <span class='ocrx_word' id='word_1_645' title='bbox 448 4674 516 4720; x_wconf 91' lang='lat' dir='ltr'><strong>ut</strong></span> <span class='ocrx_word' id='word_1_646' title='bbox 546 4663 906 4719; x_wconf 78' lang='lat' dir='ltr'><strong>continenter</strong></span> <span class='ocrx_word' id='word_1_647' title='bbox 959 4665 1202 4733; x_wconf 75' lang='lat' dir='ltr'><strong>vigilem,</strong></span> <span class='ocrx_word' id='word_1_648' title='bbox 1253 4679 1321 4720; x_wconf 90' lang='lat' dir='ltr'><strong>ne</strong></span> <span class='ocrx_word' id='word_1_649' title='bbox 1351 4665 1475 4734; x_wconf 86' lang='lat' dir='ltr'><strong>quis</strong></span> <span class='ocrx_word' id='word_1_650' title='bbox 1516 4680 1548 4721; x_wconf 89' lang='lat' dir='ltr'><strong>e</strong></span> <span class='ocrx_word' id='word_1_651' title='bbox 1599 4668 1918 4738; x_wconf 80' lang='lat' dir='ltr'><strong>propinquis</strong></span> 
     </span>
    </p>
   </div>
   <div class='ocr_carea' id='block_1_95' title="bbox 306 4755 1915 4828">
    <p class='ocr_par' dir='ltr' id='par_1_95' title="bbox 306 4755 1915 4828">
     <span class='ocr_line' id='line_1_95' title="bbox 306 4755 1915 4828; baseline -0.001 -13"><span class='ocrx_word' id='word_1_652' title='bbox 306 4759 657 4828; x_wconf 45' lang='lat' dir='ltr'><strong>‘ehirurgum</strong></span> <span class='ocrx_word' id='word_1_653' title='bbox 691 4755 997 4822; x_wconf 86' lang='lat' dir='ltr'><strong>submittat,</strong></span> <span class='ocrx_word' id='word_1_654' title='bbox 1026 4768 1132 4811; x_wconf 86' lang='lat' dir='ltr'><strong>neu</strong></span> <span class='ocrx_word' id='word_1_655' title='bbox 1155 4756 1336 4812; x_wconf 88' lang='lat' dir='ltr'><strong>cibum</strong></span> <span class='ocrx_word' id='word_1_656' title='bbox 1370 4766 1669 4827; x_wconf 86' lang='lat' dir='ltr'><strong>potumque</strong></span> <span class='ocrx_word' id='word_1_657' title='bbox 1697 4757 1915 4814; x_wconf 83' lang='lat' dir='ltr'><strong>clancu-</strong></span> 
     </span>
    </p>
   </div>
   <div class='ocr_carea' id='block_1_96' title="bbox 304 4846 1916 4925">
    <p class='ocr_par' dir='ltr' id='par_1_96' title="bbox 304 4846 1916 4925">
     <span class='ocr_line' id='line_1_96' title="bbox 304 4846 1916 4925; baseline 0.001 -19"><span class='ocrx_word' id='word_1_658' title='bbox 304 4851 428 4907; x_wconf 75' lang='lat' dir='ltr'><strong>lum</strong></span> <span class='ocrx_word' id='word_1_659' title='bbox 479 4849 698 4904; x_wconf 85' lang='lat' dir='ltr'><strong>audeat</strong></span> <span class='ocrx_word' id='word_1_660' title='bbox 747 4848 1082 4903; x_wconf 84' lang='lat' dir='ltr'><strong>ministrare.</strong></span> <span class='ocrx_word' id='word_1_661' title='bbox 1123 4846 1200 4903; x_wconf 87' lang='lat' dir='ltr'><strong>lbi</strong></span> <span class='ocrx_word' id='word_1_662' title='bbox 1231 4849 1388 4919; x_wconf 88' lang='lat' dir='ltr'><strong>virgo</strong></span> <span class='ocrx_word' id='word_1_663' title='bbox 1442 4848 1689 4925; x_wconf 83' lang='lat' dir='ltr'><strong>inclusa,</strong></span> <span class='ocrx_word' id='word_1_664' title='bbox 1744 4852 1916 4907; x_wconf 87' lang='lat' dir='ltr'><strong>sacris</strong></span> 
     </span>
    </p>
   </div>
   <div class='ocr_carea' id='block_1_97' title="bbox 304 4937 1922 5007">
    <p class='ocr_par' dir='ltr' id='par_1_97' title="bbox 304 4937 1922 5007">
     <span class='ocr_line' id='line_1_97' title="bbox 304 4937 1922 5007; baseline 0.001 -9"><span class='ocrx_word' id='word_1_665' title='bbox 304 4944 539 4999; x_wconf 84' lang='lat' dir='ltr'><strong>intenta</strong></span> <span class='ocrx_word' id='word_1_666' title='bbox 597 4937 891 5007; x_wconf 86' lang='lat' dir='ltr'><strong>precibus,</strong></span> <span class='ocrx_word' id='word_1_667' title='bbox 962 4939 1334 5007; x_wconf 75' lang='lat' dir='ltr'><strong>hujuscemodi</strong></span> <span class='ocrx_word' id='word_1_668' title='bbox 1396 4942 1579 4995; x_wconf 88' lang='lat' dir='ltr'><strong>verbis</strong></span> <span class='ocrx_word' id='word_1_669' title='bbox 1648 4939 1922 5001; x_wconf 90' lang='lat' dir='ltr'><strong>Christum</strong></span> 
     </span>
    </p>
   </div>
   <div class='ocr_carea' id='block_1_98' title="bbox 2022 4572 3601 4645">
    <p class='ocr_par' dir='ltr' id='par_1_98' title="bbox 2022 4572 3601 4645">
     <span class='ocr_line' id='line_1_98' title="bbox 2022 4572 3601 4645; baseline -0.001 -16"><span class='ocrx_word' id='word_1_670' title='bbox 2022 4576 2148 4630; x_wconf 79' lang='lat' dir='ltr'><strong>lilite</strong></span> <span class='ocrx_word' id='word_1_671' title='bbox 2206 4574 2473 4645; x_wconf 84' lang='lat' dir='ltr'><strong>martyrio</strong></span> <span class='ocrx_word' id='word_1_672' title='bbox 2526 4572 2742 4631; x_wconf 84' lang='lat' dir='ltr'><strong>fortiter</strong></span> <span class='ocrx_word' id='word_1_673' title='bbox 2788 4582 3207 4639; x_wconf 84' lang='lat' dir='ltr'><strong>consummato,</strong></span> <span class='ocrx_word' id='word_1_674' title='bbox 3265 4575 3601 4630; x_wconf 86' lang='lat' dir='ltr'><strong>uberrimam</strong></span> 
     </span>
    </p>
   </div>
   <div class='ocr_carea' id='block_1_99' title="bbox 2022 4663 3617 4735">
    <p class='ocr_par' dir='ltr' id='par_1_99' title="bbox 2022 4663 3617 4735">
     <span class='ocr_line' id='line_1_99' title="bbox 2022 4663 3617 4735; baseline -0.001 -15"><span class='ocrx_word' id='word_1_675' title='bbox 2022 4675 2279 4734; x_wconf 90' lang='lat' dir='ltr'><strong>nepotum</strong></span> <span class='ocrx_word' id='word_1_676' title='bbox 2323 4671 2560 4733; x_wconf 84' lang='lat' dir='ltr'><strong>segetem</strong></span> <span class='ocrx_word' id='word_1_677' title='bbox 2618 4666 2685 4719; x_wconf 90' lang='lat' dir='ltr'><strong>ad</strong></span> <span class='ocrx_word' id='word_1_678' title='bbox 2741 4663 3108 4735; x_wconf 90' lang='lat' dir='ltr'><strong>evattgelicam</strong></span> <span class='ocrx_word' id='word_1_679' title='bbox 3146 4665 3319 4719; x_wconf 79' lang='lat' dir='ltr'><strong>lucem</strong></span> <span class='ocrx_word' id='word_1_680' title='bbox 3355 4665 3617 4720; x_wconf 70' lang='lat' dir='ltr'><strong>nascitu-</strong></span> 
     </span>
    </p>
   </div>
   <div class='ocr_carea' id='block_1_100' title="bbox 2025 4755 3615 4827">
    <p class='ocr_par' dir='ltr' id='par_1_100' title="bbox 2025 4755 3615 4827">
     <span class='ocr_line' id='line_1_100' title="bbox 2025 4755 3615 4827; baseline 0.001 -15"><span class='ocrx_word' id='word_1_681' title='bbox 2025 4772 2162 4812; x_wconf 87' lang='lat' dir='ltr'><strong>rant.</strong></span> <span class='ocrx_word' id='word_1_682' title='bbox 2192 4755 2332 4812; x_wconf 70' lang='lat' dir='ltr'><strong>Vere</strong></span> <span class='ocrx_word' id='word_1_683' title='bbox 2369 4756 2567 4811; x_wconf 89' lang='lat' dir='ltr'><strong>etenim</strong></span> <span class='ocrx_word' id='word_1_684' title='bbox 2597 4756 2689 4811; x_wconf 88' lang='lat' dir='ltr'><strong>ille</strong></span> <span class='ocrx_word' id='word_1_685' title='bbox 2719 4757 2922 4812; x_wconf 89' lang='lat' dir='ltr'><strong>invitus</strong></span> <span class='ocrx_word' id='word_1_686' title='bbox 2951 4755 3247 4825; x_wconf 86' lang='lat' dir='ltr'><strong>fatebatur,</strong></span> <span class='ocrx_word' id='word_1_687' title='bbox 3282 4758 3615 4827; x_wconf 74' lang='lat' dir='ltr'><strong>sanguinem</strong></span> 
     </span>
    </p>
   </div>
   <div class='ocr_carea' id='block_1_101' title="bbox 2020 4848 3618 4920">
    <p class='ocr_par' dir='ltr' id='par_1_101' title="bbox 2020 4848 3618 4920">
     <span class='ocr_line' id='line_1_101' title="bbox 2020 4848 3618 4920; baseline 0.001 -17"><span class='ocrx_word' id='word_1_688' title='bbox 2020 4858 2318 4920; x_wconf 85' lang='lat' dir='ltr'><strong>martyrum</strong></span> <span class='ocrx_word' id='word_1_689' title='bbox 2368 4862 2488 4905; x_wconf 84' lang='lat' dir='ltr'><strong>esse</strong></span> <span class='ocrx_word' id='word_1_690' title='bbox 2543 4863 2726 4905; x_wconf 87' lang='lat' dir='ltr'><strong>semen</strong></span> <span class='ocrx_word' id='word_1_691' title='bbox 2775 4848 3234 4905; x_wconf 88' lang='lat' dir='ltr'><strong>Christianorum.</strong></span> <span class='ocrx_word' id='word_1_692' title='bbox 3273 4848 3380 4905; x_wconf 90' lang='lat' dir='ltr'><strong>Sed</strong></span> <span class='ocrx_word' id='word_1_693' title='bbox 3433 4848 3618 4905; x_wconf 66' lang='lat' dir='ltr'><strong>multo</strong></span> 
     </span>
    </p>
   </div>
   <div class='ocr_carea' id='block_1_102' title="bbox 2020 4940 3597 5015">
    <p class='ocr_par' dir='ltr' id='par_1_102' title="bbox 2020 4940 3597 5015">
     <span class='ocr_line' id='line_1_102' title="bbox 2020 4940 3597 5015; baseline -0.001 -18"><span class='ocrx_word' id='word_1_694' title='bbox 2020 4944 2224 5015; x_wconf 86' lang='lat' dir='ltr'><strong>certius</strong></span> <span class='ocrx_word' id='word_1_695' title='bbox 2254 4942 2507 5013; x_wconf 92' lang='lat' dir='ltr'><strong>equidem</strong></span> <span class='ocrx_word' id='word_1_696' title='bbox 2530 4956 2751 5008; x_wconf 87' lang='lat' dir='ltr'><strong>censeo,</strong></span> <span class='ocrx_word' id='word_1_697' title='bbox 2786 4943 3032 4997; x_wconf 87' lang='lat' dir='ltr'><strong>eamdem</strong></span> <span class='ocrx_word' id='word_1_698' title='bbox 3084 4953 3244 4998; x_wconf 87' lang='lat' dir='ltr'><strong>terrae</strong></span> <span class='ocrx_word' id='word_1_699' title='bbox 3284 4940 3597 4998; x_wconf 85' lang='lat' dir='ltr'><strong>concussio-</strong></span> 
     </span>
    </p>
   </div>
   <div class='ocr_carea' id='block_1_103' title="bbox 305 5030 1928 5106">
    <p class='ocr_par' dir='ltr' id='par_1_103' title="bbox 305 5030 1928 5106">
     <span class='ocr_line' id='line_1_103' title="bbox 305 5030 1928 5106; baseline 0.001 -14"><span class='ocrx_word' id='word_1_700' title='bbox 305 5034 759 5105; x_wconf 77' lang='lat' dir='ltr'><strong>alloquebatur:</strong></span> <span class='ocrx_word' id='word_1_701' title='bbox 790 5030 836 5088; x_wconf 87' lang='lat'><strong>0</strong></span> <span class='ocrx_word' id='word_1_702' title='bbox 864 5032 953 5103; x_wconf 84' lang='lat' dir='ltr'><strong>qui</strong></span> <span class='ocrx_word' id='word_1_703' title='bbox 984 5047 1112 5088; x_wconf 88' lang='lat' dir='ltr'><strong>vere</strong></span> <span class='ocrx_word' id='word_1_704' title='bbox 1136 5032 1378 5103; x_wconf 84' lang='lat' dir='ltr'><strong>Sponsus</strong></span> <span class='ocrx_word' id='word_1_705' title='bbox 1403 5038 1730 5106; x_wconf 89' lang='lat' dir='ltr'><strong>sanguinum</strong></span> <span class='ocrx_word' id='word_1_706' title='bbox 1751 5036 1779 5069; x_wconf 76' lang='grc'>⁸</span> <span class='ocrx_word' id='word_1_707' title='bbox 1804 5037 1928 5106; x_wconf 90' lang='lat' dir='ltr'><strong>jure</strong></span> 
     </span>
    </p>
   </div>
   <div class='ocr_carea' id='block_1_104' title="bbox 305 5125 1925 5201">
    <p class='ocr_par' dir='ltr' id='par_1_104' title="bbox 305 5125 1925 5201">
     <span class='ocr_line' id='line_1_104' title="bbox 305 5125 1925 5201; baseline 0.001 -17"><span class='ocrx_word' id='word_1_708' title='bbox 305 5143 471 5184; x_wconf 82' lang='lat' dir='ltr'><strong>nunc</strong></span> <span class='ocrx_word' id='word_1_709' title='bbox 508 5125 629 5182; x_wconf 90' lang='lat' dir='ltr'><strong>dici</strong></span> <span class='ocrx_word' id='word_1_710' title='bbox 664 5136 816 5195; x_wconf 87' lang='lat' dir='ltr'><strong>p0tes</strong></span> <span class='ocrx_word' id='word_1_711' title='bbox 841 5164 856 5192; x_wconf 91' lang='lat'><strong>,</strong></span> <span class='ocrx_word' id='word_1_712' title='bbox 885 5127 1090 5195; x_wconf 83' lang='lat' dir='ltr'><strong>gratias</strong></span> <span class='ocrx_word' id='word_1_713' title='bbox 1133 5126 1230 5182; x_wconf 89' lang='lat' dir='ltr'><strong>tibi</strong></span> <span class='ocrx_word' id='word_1_714' title='bbox 1267 5142 1369 5197; x_wconf 89' lang='lat' dir='ltr'><strong>ago</strong></span> <span class='ocrx_word' id='word_1_715' title='bbox 1400 5128 1758 5197; x_wconf 87' lang='lat' dir='ltr'><strong>immortales,</strong></span> <span class='ocrx_word' id='word_1_716' title='bbox 1781 5130 1925 5201; x_wconf 89' lang='lat' dir='ltr'><strong>quod</strong></span> 
     </span>
    </p>
   </div>
   <div class='ocr_carea' id='block_1_105' title="bbox 300 5216 1924 5291">
    <p class='ocr_par' dir='ltr' id='par_1_105' title="bbox 300 5216 1924 5291">
     <span class='ocr_line' id='line_1_105' title="bbox 300 5216 1924 5291; baseline 0.001 -18"><span class='ocrx_word' id='word_1_717' title='bbox 300 5232 415 5291; x_wconf 78' lang='lat' dir='ltr'><strong>per</strong></span> <span class='ocrx_word' id='word_1_718' title='bbox 443 5216 765 5289; x_wconf 84' lang='lat' dir='ltr'><strong>potentiam</strong></span> <span class='ocrx_word' id='word_1_719' title='bbox 799 5225 944 5270; x_wconf 85' lang='lat' dir='ltr'><strong>tuam</strong></span> <span class='ocrx_word' id='word_1_720' title='bbox 993 5231 1080 5272; x_wconf 92' lang='lat' dir='ltr'><strong>me</strong></span> <span class='ocrx_word' id='word_1_721' title='bbox 1108 5218 1444 5288; x_wconf 85' lang='lat' dir='ltr'><strong>superiorem</strong></span> <span class='ocrx_word' id='word_1_722' title='bbox 1481 5221 1767 5275; x_wconf 89' lang='lat' dir='ltr'><strong>tormentis</strong></span> <span class='ocrx_word' id='word_1_723' title='bbox 1792 5218 1924 5276; x_wconf 67' lang='lat' dir='ltr'><strong>elle-</strong></span> 
     </span>
    </p>
   </div>
   <div class='ocr_carea' id='block_1_106' title="bbox 302 5307 1922 5380">
    <p class='ocr_par' dir='ltr' id='par_1_106' title="bbox 302 5307 1922 5380">
     <span class='ocr_line' id='line_1_106' title="bbox 302 5307 1922 5380; baseline -0.002 -12"><span class='ocrx_word' id='word_1_724' title='bbox 302 5311 463 5368; x_wconf 78' lang='lat' dir='ltr'><strong>eisti.</strong></span> <span class='ocrx_word' id='word_1_725' title='bbox 498 5307 768 5377; x_wconf 81' lang='lat' dir='ltr'><strong>Suscipe,</strong></span> <span class='ocrx_word' id='word_1_726' title='bbox 799 5320 1006 5377; x_wconf 84' lang='lat' dir='ltr'><strong>quaeso,</strong></span> <span class='ocrx_word' id='word_1_727' title='bbox 1044 5308 1208 5364; x_wconf 80' lang='lat' dir='ltr'><strong>hosce</strong></span> <span class='ocrx_word' id='word_1_728' title='bbox 1237 5310 1478 5380; x_wconf 76' lang='lat' dir='ltr'><strong>pectoris</strong></span> <span class='ocrx_word' id='word_1_729' title='bbox 1539 5310 1818 5366; x_wconf 88' lang='lat' dir='ltr'><strong>cruciatus</strong></span> <span class='ocrx_word' id='word_1_730' title='bbox 1869 5311 1922 5365; x_wconf 89' lang='lat' dir='ltr'><strong>in</strong></span> 
     </span>
    </p>
   </div>
   <div class='ocr_carea' id='block_1_107' title="bbox 1407 5460 2123 5532">
    <p class='ocr_par' dir='ltr' id='par_1_107' title="bbox 1407 5460 2123 5532">
     <span class='ocr_line' id='line_1_107' title="bbox 1407 5460 2123 5532; baseline -0.001 -15"><span class='ocrx_word' id='word_1_731' title='bbox 1407 5461 1453 5494; x_wconf 79' lang='grc'><strong>¹⁶</strong></span> <span class='ocrx_word' id='word_1_732' title='bbox 1491 5460 1664 5520; x_wconf 77' lang='lat' dir='ltr'><strong>Exod.</strong></span> <span class='ocrx_word' id='word_1_733' title='bbox 1711 5479 1792 5532; x_wconf 90' lang='lat' dir='ltr'><strong>ttt,</strong></span> <span class='ocrx_word' id='word_1_734' title='bbox 1835 5461 1890 5518; x_wconf 76' lang='grc'><strong>2.</strong></span> <span class='ocrx_word' id='word_1_735' title='bbox 2098 5483 2123 5493; x_wconf 54' lang='grc' dir='ltr'><strong>λ</strong></span> 
     </span>
    </p>
   </div>
   <div class='ocr_carea' id='block_1_108' title="bbox 2018 5034 3611 5105">
    <p class='ocr_par' dir='ltr' id='par_1_108' title="bbox 2018 5034 3611 5105">
     <span class='ocr_line' id='line_1_108' title="bbox 2018 5034 3611 5105; baseline 0 -18"><span class='ocrx_word' id='word_1_736' title='bbox 2018 5048 2145 5088; x_wconf 91' lang='lat' dir='ltr'><strong>nent</strong></span> <span class='ocrx_word' id='word_1_737' title='bbox 2170 5049 2276 5088; x_wconf 92' lang='lat' dir='ltr'><strong>non</strong></span> <span class='ocrx_word' id='word_1_738' title='bbox 2312 5035 2380 5089; x_wconf 84' lang='lat' dir='ltr'><strong>ab</strong></span> <span class='ocrx_word' id='word_1_739' title='bbox 2424 5050 2551 5089; x_wconf 90' lang='lat' dir='ltr'><strong>acre</strong></span> <span class='ocrx_word' id='word_1_740' title='bbox 2599 5035 2650 5088; x_wconf 93' lang='lat' dir='ltr'><strong>itt</strong></span> <span class='ocrx_word' id='word_1_741' title='bbox 2689 5035 2807 5105; x_wconf 89' lang='lat' dir='ltr'><strong>ejus</strong></span> <span class='ocrx_word' id='word_1_742' title='bbox 2840 5034 3141 5093; x_wconf 83' lang='lat' dir='ltr'><strong>visceribus</strong></span> <span class='ocrx_word' id='word_1_743' title='bbox 3164 5034 3427 5088; x_wconf 88' lang='lat' dir='ltr'><strong>violenter</strong></span> <span class='ocrx_word' id='word_1_744' title='bbox 3466 5047 3611 5088; x_wconf 58' lang='lat' dir='ltr'><strong>conv</strong></span> 
     </span>
    </p>
   </div>
   <div class='ocr_carea' id='block_1_109' title="bbox 2023 5123 3610 5197">
    <p class='ocr_par' dir='ltr' id='par_1_109' title="bbox 2023 5123 3610 5197">
     <span class='ocr_line' id='line_1_109' title="bbox 2023 5123 3610 5197; baseline -0.003 -17"><span class='ocrx_word' id='word_1_745' title='bbox 2023 5123 2195 5193; x_wconf 82' lang='lat' dir='ltr'><strong>cluso,</strong></span> <span class='ocrx_word' id='word_1_746' title='bbox 2223 5141 2397 5197; x_wconf 90' lang='lat' dir='ltr'><strong>neque</strong></span> <span class='ocrx_word' id='word_1_747' title='bbox 2416 5127 2573 5195; x_wconf 83' lang='lat' dir='ltr'><strong>aquis</strong></span> <span class='ocrx_word' id='word_1_748' title='bbox 2602 5129 2670 5181; x_wconf 89' lang='lat' dir='ltr'><strong>ab</strong></span> <span class='ocrx_word' id='word_1_749' title='bbox 2692 5127 2885 5182; x_wconf 84' lang='lat' dir='ltr'><strong>iisdem</strong></span> <span class='ocrx_word' id='word_1_750' title='bbox 2906 5127 3223 5197; x_wconf 65' lang='lat' dir='ltr'><strong>praecordiis</strong></span> <span class='ocrx_word' id='word_1_751' title='bbox 3249 5138 3610 5195; x_wconf 30' lang='lat' dir='ltr'><strong>perrumpens</strong></span> 
     </span>
    </p>
   </div>
   <div class='ocr_carea' id='block_1_110' title="bbox 2025 5213 3616 5286">
    <p class='ocr_par' dir='ltr' id='par_1_110' title="bbox 2025 5213 3616 5286">
     <span class='ocr_line' id='line_1_110' title="bbox 2025 5213 3616 5286; baseline -0.004 -14"><span class='ocrx_word' id='word_1_752' title='bbox 2025 5217 2168 5273; x_wconf 88' lang='lat' dir='ltr'><strong>tibus</strong></span> <span class='ocrx_word' id='word_1_753' title='bbox 2192 5218 2361 5273; x_wconf 86' lang='lat' dir='ltr'><strong>fuisse</strong></span> <span class='ocrx_word' id='word_1_754' title='bbox 2391 5217 2592 5272; x_wconf 85' lang='lat' dir='ltr'><strong>factam</strong></span> <span class='ocrx_word' id='word_1_755' title='bbox 2622 5258 2639 5283; x_wconf 95' lang='lat'><strong>,</strong></span> <span class='ocrx_word' id='word_1_756' title='bbox 2694 5218 2791 5272; x_wconf 88' lang='lat' dir='ltr'><strong>sed</strong></span> <span class='ocrx_word' id='word_1_757' title='bbox 2821 5231 2948 5271; x_wconf 87' lang='lat' dir='ltr'><strong>vero</strong></span> <span class='ocrx_word' id='word_1_758' title='bbox 2995 5218 3063 5272; x_wconf 88' lang='lat' dir='ltr'><strong>ab</strong></span> <span class='ocrx_word' id='word_1_759' title='bbox 3101 5215 3310 5286; x_wconf 84' lang='lat' dir='ltr'><strong>angelis</strong></span> <span class='ocrx_word' id='word_1_760' title='bbox 3365 5215 3434 5270; x_wconf 92' lang='lat' dir='ltr'><strong>de</strong></span> <span class='ocrx_word' id='word_1_761' title='bbox 3462 5213 3616 5269; x_wconf 66' lang='lat' dir='ltr'><strong>coelo</strong></span> 
     </span>
    </p>
   </div>
   <div class='ocr_carea' id='block_1_111' title="bbox 2025 5307 3606 5382">
    <p class='ocr_par' dir='ltr' id='par_1_111' title="bbox 2025 5307 3606 5382">
     <span class='ocr_line' id='line_1_111' title="bbox 2025 5307 3606 5382; baseline -0.004 -17"><span class='ocrx_word' id='word_1_762' title='bbox 2025 5310 2502 5377; x_wconf 86' lang='lat' dir='ltr'><strong>descendentibus,</strong></span> <span class='ocrx_word' id='word_1_763' title='bbox 2548 5309 2746 5382; x_wconf 89' lang='lat' dir='ltr'><strong>quibus</strong></span> <span class='ocrx_word' id='word_1_764' title='bbox 2795 5307 3065 5363; x_wconf 86' lang='lat' dir='ltr'><strong>familiare</strong></span> <span class='ocrx_word' id='word_1_765' title='bbox 3096 5318 3179 5362; x_wconf 89' lang='lat' dir='ltr'><strong>est</strong></span> <span class='ocrx_word' id='word_1_766' title='bbox 3235 5318 3434 5361; x_wconf 85' lang='lat' dir='ltr'><strong>terram</strong></span> <span class='ocrx_word' id='word_1_767' title='bbox 3468 5320 3606 5377; x_wconf 89' lang='lat' dir='ltr'><strong>qua-</strong></span> 
     </span>
    </p>
   </div>
   <div class='ocr_carea' id='block_1_112' title="bbox 382 5458 1330 5530">
    <p class='ocr_par' dir='ltr' id='par_1_112' title="bbox 382 5458 1330 5530">
     <span class='ocr_line' id='line_1_112' title="bbox 382 5458 1330 5530; baseline 0.003 -15"><span class='ocrx_word' id='word_1_768' title='bbox 382 5466 407 5499; x_wconf 76' lang='grc'>⁸</span> <span class='ocrx_word' id='word_1_769' title='bbox 441 5460 639 5525; x_wconf 77' lang='lat' dir='ltr'><strong>Exod.</strong></span> <span class='ocrx_word' id='word_1_770' title='bbox 665 5474 741 5529; x_wconf 84' lang='lat' dir='ltr'><strong>tv,</strong></span> <span class='ocrx_word' id='word_1_771' title='bbox 770 5458 868 5516; x_wconf 71' lang='lat'><strong>25.</strong></span> <span class='ocrx_word' id='word_1_772' title='bbox 941 5460 962 5492; x_wconf 81' lang='lat'>&#39;</span> <span class='ocrx_word' id='word_1_773' title='bbox 1002 5458 1161 5519; x_wconf 83' lang='lat' dir='ltr'><strong>Cant.</strong></span> <span class='ocrx_word' id='word_1_774' title='bbox 1179 5476 1220 5530; x_wconf 80' lang='grc' dir='ltr'><strong>ι,</strong></span> <span class='ocrx_word' id='word_1_775' title='bbox 1241 5461 1330 5518; x_wconf 76' lang='grc'><strong>15.</strong></span> 
     </span>
    </p>
   </div>
   <div class='ocr_carea' id='block_1_113' title="bbox 2026 5578 3613 5687">
    <p class='ocr_par' dir='ltr' id='par_1_113' title="bbox 2026 5578 3613 5687">
     <span class='ocr_line' id='line_1_113' title="bbox 2026 5578 3613 5687; baseline 0.001 -19"><span class='ocrx_word' id='word_1_776' title='bbox 2026 5613 2292 5674; x_wconf 89' lang='lat' dir='ltr'><strong>Baronius</strong></span> <span class='ocrx_word' id='word_1_777' title='bbox 2320 5626 2358 5676; x_wconf 93' lang='lat' dir='ltr'><strong>t.</strong></span> <span class='ocrx_word' id='word_1_778' title='bbox 2392 5616 2410 5670; x_wconf 95' lang='grc' dir='ltr'><strong>Ι</strong></span> <span class='ocrx_word' id='word_1_779' title='bbox 2462 5616 2664 5672; x_wconf 81' lang='lat' dir='ltr'><strong>Annal.</strong></span> <span class='ocrx_word' id='word_1_780' title='bbox 2690 5617 2757 5671; x_wconf 88' lang='lat' dir='ltr'><strong>ad</strong></span> <span class='ocrx_word' id='word_1_781' title='bbox 2785 5632 2875 5674; x_wconf 90' lang='lat' dir='ltr'><strong>an.</strong></span> <span class='ocrx_word' id='word_1_782' title='bbox 2908 5616 3038 5675; x_wconf 90' lang='lat' dir='ltr'><strong>Chr.</strong></span> <span class='ocrx_word' id='word_1_783' title='bbox 3070 5618 3161 5687; x_wconf 72' lang='grc' dir='ltr'><strong>δι,</strong></span> <span class='ocrx_word' id='word_1_784' title='bbox 3187 5634 3277 5675; x_wconf 90' lang='lat' dir='ltr'><strong>nu.</strong></span> <span class='ocrx_word' id='word_1_785' title='bbox 3298 5578 3425 5671; x_wconf 50' lang='lat' dir='ltr'><strong>Q52.</strong></span> <span class='ocrx_word' id='word_1_786' title='bbox 3449 5629 3613 5686; x_wconf 71' lang='lat' dir='ltr'><strong>seqq,</strong></span> 
     </span>
    </p>
   </div>
   <div class='ocr_carea' id='block_1_114' title="bbox 2027 5688 2821 5758">
    <p class='ocr_par' dir='ltr' id='par_1_114' title="bbox 2027 5688 2821 5758">
     <span class='ocr_line' id='line_1_114' title="bbox 2027 5688 2821 5758; baseline 0 -16"><span class='ocrx_word' id='word_1_787' title='bbox 2027 5698 2083 5743; x_wconf 86' lang='lat' dir='ltr'><strong>et</strong></span> <span class='ocrx_word' id='word_1_788' title='bbox 2112 5690 2316 5758; x_wconf 78' lang='lat' dir='ltr'><strong>passim</strong></span> <span class='ocrx_word' id='word_1_789' title='bbox 2362 5688 2455 5743; x_wconf 87' lang='lat' dir='ltr'><strong>alii</strong></span> <span class='ocrx_word' id='word_1_790' title='bbox 2485 5688 2821 5758; x_wconf 73' lang='lat' dir='ltr'><strong>Scriptores.</strong></span> 
     </span>
    </p>
   </div>
   <div class='ocr_carea' id='block_1_115' title="bbox 388 5603 1917 5688">
    <p class='ocr_par' dir='ltr' id='par_1_115' title="bbox 388 5603 1917 5688">
     <span class='ocr_line' id='line_1_115' title="bbox 388 5603 1917 5688; baseline -0.001 -18"><span class='ocrx_word' id='word_1_791' title='bbox 388 5614 473 5688; x_wconf 75' lang='lat'><strong>(9)</strong></span> <span class='ocrx_word' id='word_1_792' title='bbox 512 5611 937 5688; x_wconf 35' lang='lat' dir='ltr'><strong>Cujusuquippe</strong></span> <span class='ocrx_word' id='word_1_793' title='bbox 974 5614 1162 5668; x_wconf 83' lang='lat' dir='ltr'><strong>ultima</strong></span> <span class='ocrx_word' id='word_1_794' title='bbox 1188 5603 1413 5685; x_wconf 81' lang='lat' dir='ltr'><strong>vestigia</strong></span> <span class='ocrx_word' id='word_1_795' title='bbox 1444 5614 1608 5668; x_wconf 86' lang='lat' dir='ltr'><strong>humo</strong></span> <span class='ocrx_word' id='word_1_796' title='bbox 1652 5615 1917 5688; x_wconf 84' lang='lat' dir='ltr'><strong>impressa</strong></span> 
     </span>
    </p>
   </div>
   <div class='ocr_carea' id='block_1_116' title="bbox 305 5682 1919 5753">
    <p class='ocr_par' dir='ltr' id='par_1_116' title="bbox 305 5682 1919 5753">
     <span class='ocr_line' id='line_1_116' title="bbox 305 5682 1919 5753; baseline -0.002 -11"><span class='ocrx_word' id='word_1_797' title='bbox 305 5691 363 5743; x_wconf 72' lang='lat' dir='ltr'><strong>“ut</strong></span> <span class='ocrx_word' id='word_1_798' title='bbox 398 5682 610 5740; x_wconf 60' lang='lat' dir='ltr'><strong>&#39;ttt&#39;ottte</strong></span> <span class='ocrx_word' id='word_1_799' title='bbox 669 5682 865 5737; x_wconf 78' lang='lat' dir='ltr'><strong>Oltvett</strong></span> <span class='ocrx_word' id='word_1_800' title='bbox 920 5685 1187 5753; x_wconf 89' lang='lat' dir='ltr'><strong>hodieque</strong></span> <span class='ocrx_word' id='word_1_801' title='bbox 1217 5682 1610 5748; x_wconf 70' lang='lat' dir='ltr'><strong>tttonstrantur,</strong></span> <span class='ocrx_word' id='word_1_802' title='bbox 1640 5695 1700 5739; x_wconf 93' lang='lat' dir='ltr'><strong>ut</strong></span> <span class='ocrx_word' id='word_1_803' title='bbox 1730 5682 1919 5753; x_wconf 40' lang='lat' dir='ltr'><strong>’plnri-</strong></span> 
     </span>
    </p>
   </div>
   <div class='ocr_carea' id='block_1_117' title="bbox 304 5753 1925 5815">
    <p class='ocr_par' dir='ltr' id='par_1_117' title="bbox 304 5753 1925 5815">
     <span class='ocr_line' id='line_1_117' title="bbox 304 5753 1925 5815; baseline -0.002 -1"><span class='ocrx_word' id='word_1_804' title='bbox 304 5760 429 5815; x_wconf 74' lang='lat' dir='ltr'><strong>bus</strong></span> <span class='ocrx_word' id='word_1_805' title='bbox 457 5753 710 5810; x_wconf 81' lang='lat' dir='ltr'><strong>Patrum</strong></span> <span class='ocrx_word' id='word_1_806' title='bbox 736 5766 802 5807; x_wconf 89' lang='lat' dir='ltr'><strong>ac</strong></span> <span class='ocrx_word' id='word_1_807' title='bbox 838 5753 1230 5809; x_wconf 85' lang='lat' dir='ltr'><strong>Historicorum</strong></span> <span class='ocrx_word' id='word_1_808' title='bbox 1266 5755 1593 5809; x_wconf 86' lang='lat' dir='ltr'><strong>testimoniis</strong></span> <span class='ocrx_word' id='word_1_809' title='bbox 1627 5760 1925 5810; x_wconf 83' lang='lat' dir='ltr'><strong>conlirntat</strong></span> 
     </span>
    </p>
   </div>
  </div>
