4024 6466
207 379 224 401 ς
303 333 442 399 1285

1439 317 1725 382 ORATIO
1763 316 1844 378 IN
1885 317 1947 378 S.
1990 314 2383 378 AGATHAM.

3440 314 3577 384 1286

302 461 490 510 sancta
542 454 863 519 spontaneo,
911 444 1078 499 honor
1127 441 1232 497 Deo
1255 480 1269 507 ,
1299 448 1345 493 et
1395 439 1583 509 patria?
1635 435 1894 490 liberatio.
1930 436 1973 494 B
2003 434 2144 488 caelo
2178 444 2431 503 terraque
2459 428 2621 486 fiebat
2667 429 2959 502 gloriosus,
2995 431 3438 491 animadvertens
3479 453 3577 490 uo-

370 543 462 599 24.
499 540 639 608 Quid
681 540 781 593 hoc
810 551 974 592 unum
1021 549 1201 589 meum
1243 547 1328 598 os,
1375 543 1604 600 meaque
1636 528 1889 583 mortalis

304 639 489 705 lingua
540 634 703 687 audet
765 629 998 698 amplius
1058 627 1245 681 laudes
1300 624 1525 694 Agathte
1584 621 1888 684 celebrare,

307 742 441 798 quas
471 741 577 780 non
615 732 832 778 centum
871 719 1190 788 angelorum
1218 732 1337 781 ora,
1370 731 1478 770 non
1517 714 1740 769 totidem
1774 724 1889 766 coe-

300 822 480 875 lestes
510 816 710 884 linguae
736 814 914 868 verbis
946 811 1254 866 volantibus
1278 810 1544 877 attingere
1568 803 1895 859 valuerunt?

298 913 416 969 'Sed
453 910 570 965 illas
603 909 750 977 ipsas
783 920 979 976 magno
1005 904 1222 959 silentio
1252 901 1569 957 cmlestibus
1594 898 1776 966 digitis
1808 896 1896 952 ille

313 1001 525 1058 caeteris
562 998 737 1068 major
774 996 1017 1066 angelus,
1049 994 1278 1062 virginis
1336 1004 1507 1060 nuper
1563 999 1749 1045 custos
1772 1029 1787 1055 ,
1822 988 1898 1041 di-

304 1103 498 1150 ‘ctante
548 1091 836 1160 descripsit
866 1090 1012 1153 Deo;
1062 1087 1473 1154 admiratusque
1519 1081 1788 1152 angelieas
1833 1094 1898 1134 ac

312 1199 483 1258 prope
539 1183 754 1237 divinas
808 1180 1075 1241 virtutes,
1144 1177 1394 1247 protinus
1450 1174 1573 1228 inde
1622 1171 1894 1226 discessit.

302 1279 473 1330 (Eerte
505 1283 564 1328 ut
604 1274 720 1343 ipse
750 1285 967 1341 quoque
999 1283 1246 1340 praesens
1286 1274 1451 1331 esset,
1486 1264 1744 1333 fieretque
1775 1278 1898 1332 par-

305 1370 488 1436 ticeps
528 1367 584 1421 in
632 1360 840 1419 deliciis
878 1361 1222 1427 coelestibus,
1255 1359 1453 1428 quibus
1486 1355 1679 1411 civitas
1724 1352 1899 1408 omnis

316 1459 558 1515 caelestis
624 1454 1053 1527 perfundebatur
1116 1452 1182 1506 ad
1252 1449 1586 1517 triumphum
1647 1445 1900 1516 martyris

317 1551 564 1606 omnium
616 1546 1001 1620 magnanimae,
1038 1557 1247 1611 suoque
1272 1541 1397 1608 jure
1424 1548 1571 1594 esset
1607 1552 1900 1617 paranym-

314 1640 456 1709 phus
485 1638 550 1691 ad
595 1637 904 1707 ingressum
944 1631 1324 1702 pulcherrima:
1358 1629 1561 1683 Christi
1597 1641 1811 1698 sponsa:
1847 1625 1900 1679 in

314 1728 625 1784 thalamum
660 1726 762 1780 sibi
807 1739 839 1779 a
871 1724 1050 1778 Matre
1099 1722 1368 1803 virginum
1415 1715 1638 1787 Virgine
1672 1716 1900 1785 Deipara

310 1830 685 1891 pratparatum
743 1834 759 1871 :

314 1914 408 1985 qui
452 1910 849 1968 certaminibus
910 1907 1336 1977 disputationum
1397 1913 1899 1972 tormentorumque

310 2005 544 2073 Agathe:
581 2016 798 2071 semper
858 2000 1213 2064 interfuerat,
1252 2013 1407 2067 aeque
1455 2012 1620 2067 supra
1660 1996 1903 2067 puellare

302 2098 598 2166 ingenium
633 2110 699 2149 ac
729 2094 896 2161 vires,
925 2093 1082 2163 quasi
1115 2093 1327 2147 auritus
1364 2091 1722 2161 oculatusque
1749 2089 1904 2144 testis

313 2188 664 2260 perceperat,
705 2185 1028 2255 singulaque
1074 2183 1501 2238 admirahuudus
1546 2187 1901 2251 spectaverat,

300 2296 438 2335 mox
474 2293 576 2348 per
615 2286 787 2331 totum
820 2274 1019 2329 coelum
1048 2273 1301 2327 victimas
1336 2279 1559 2326 caneret
1587 2270 1903 2339 virginales,

296 2372 691 2439 'invitaretque
738 2368 937 2424 beatos
989 2365 1229 2421 caelestis
1278 2363 1484 2419 militia:
1517 2363 1793 2417 exercitus
1836 2360 1905 2416 ad

298 2463 517 2521 ‘Filium
572 2461 665 2517 Dei
722 2476 785 2516 ac
842 2459 1088 2528 Deiparte
1146 2456 1388 2529 Virginis
1449 2454 1902 2521 canudandum,

303 2557 451 2627 quod
501 2554 663 2607 talem
699 2550 919 2606 fecisset
950 2550 1003 2604 in
1035 2547 1242 2604 imbelli
1274 2547 1488 2619 virgine
1521 2547 1829 2601 victoriam.

377 2643 475 2698 25.
534 2640 643 2695 Sed
684 2639 918 2694 fortasse
959 2639 1146 2693 verius
1189 2638 1316 2692 inde
1365 2636 1592 2706 angelus
1634 2634 1904 2701 discessit,

296 2735 440 2805 -quia
471 2747 601 2787 cum
626 2729 909 2801 virginalis
936 2729 1134 2784 mentis
1159 2729 1511 2799 purissimam
1538 2728 1904 2793 sanctitatem,

298 2825 777 2883 ardentissimum
811 2832 1129 2892 spontanete
1163 2821 1417 2894 martyris
1450 2836 1692 2876 amorem
1722 2836 1787 2876 ac
1815 2821 1910 2876 de-

312 2920 610 2982 siderium,
643 2916 906 2972 eximium
940 2915 995 2969 in
1024 2914 1276 2969 maximis
1307 2914 1488 2970 tenelli
1510 2915 1755 2984 corporis
1780 2929 1907 2969 cru-

302 3012 559 3067 ciatibus
616 3007 836 3063 Christo
887 3005 1113 3075 ‘Sponso
1164 3006 1467 3061 exhibitum
1523 3006 1788 3062 honorem
1840 3004 1907 3059 ab

1993 541 2118 579 vum
2147 540 2205 580 se
2232 523 2542 595 Trisagium
2567 523 2854 589 cecinisse,
2885 523 3129 594 adeoque
3160 526 3409 581 mirilicis
3430 526 3578 598 Aga-

1995 617 2100 671 thte
2163 616 2475 670 sanctitatis
2533 613 2916 685 splendoribus
2985 615 3287 684 angelicam
3348 616 3576 671 obtundi

1994 719 2253 773 mentem,
2290 707 2655 762 invisibilibus
2704 707 2805 761 alis
2856 706 2959 761 sibi
3005 707 3395 764 consulendum
3445 723 3579 764 cen-

1994 802 2122 865 suit,
2150 801 2330 871 itaque
2356 799 2603 854 sublimis
2629 797 2868 853 evanuit.

2064 892 2155 947 26.
2183 891 2288 946 Sed
2316 906 2499 960 qumso
2523 900 2597 956 te,
2624 905 2657 945 ο
2685 888 2923 944 cmlestis
2952 889 3269 959 angelorum
3300 890 3577 957 centuria,

1998 1001 2159 1038 unam
2194 982 2384 1038 saltem
2430 982 2562 1037 mihi
2615 982 2917 1052 angelicam
2969 981 3210 1051 linguam
3244 997 3307 1036 ac
3357 998 3578 1035 manum

1997 1075 2065 1129 ad
2098 1076 2262 1129 breve
2295 1074 2557 1142 temporis
2592 1073 2825 1142 spatium
2858 1072 3233 1140 accommoda,
3265 1082 3327 1126 ut
3355 1073 3581 1127 cmleste

2008 1165 2456 1236 epithalamium,
2494 1168 2636 1236 quod
2677 1180 2773 1219 vos
2818 1180 2944 1219 cum
2990 1165 3216 1233 Agathte
3258 1164 3581 1235 corpusculo

2000 1259 2052 1313 in
2105 1261 2339 1315 obscuro
2394 1258 2720 1328 sepulcralis
2762 1258 3051 1313 marmoris
3110 1259 3468 1324 condidistis,
3527 1258 3581 1312 in

2000 1351 2173 1406 lucem
2222 1348 2527 1419 proferam;
2587 1362 2869 1417 paucaque
2951 1357 3133 1402 vestra
3187 1348 3291 1419 (ut
3348 1347 3577 1417 soletis)

2000 1444 2165 1498 verba
2189 1442 2241 1496 in
2267 1457 2333 1497 eo
2364 1442 2661 1511 descripta,
2693 1455 2758 1494 ac
2796 1440 3091 1495 reconditis
3115 1441 3389 1511 mysteriis
3413 1440 3584 1495 obvo-

2001 1535 2138 1603 luta,
2174 1534 2255 1590 fas
2300 1534 2432 1588 mihi
2465 1533 2535 1588 sit
2565 1534 2893 1589 cdisserere.
2933 1532 3002 1586 Et
3040 1534 3259 1601 quidem
3313 1547 3410 1587 vos
3441 1536 3494 1586 in
3526 1547 3587 1588 re

2002 1629 2207 1700 optima
2231 1629 2299 1683 ab
2334 1626 2618 1697 virginalis
2657 1626 2856 1683 mentis
2905 1626 3197 1681 sanctitate
3226 1624 3411 1681 laudes
3438 1626 3587 1696 Agao

2007 1721 2109 1777 tlttc
2162 1720 2440 1776 celebrare
2478 1719 2791 1789 occepistis.
2834 1717 2996 1788 Virgo
3034 1716 3238 1772 etenim
3284 1718 3421 1781 haec,
3459 1731 3582 1771 cum

831 1829 1042 1870 necnon
1096 1794 1156 1869 ut
1217 1814 1360 1868 idem
1406 1824 1591 1869 custos
1636 1809 1897 1879 angelus,
1933 1783 1976 1838 Β
2008 1812 2184 1866 adhuc
2240 1809 2420 1864 infans
2468 1816 2648 1873 esset,
2684 1808 2835 1863 nullo
2886 1808 3099 1861 mortali
3153 1808 3412 1878 magistro
3458 1806 3585 1863 edo-

2008 1914 2186 1969 cente,
2240 1903 2336 1958 sed
2405 1901 2606 1971 Spiritu
2664 1911 2857 1956 sancto
2910 1900 3240 1955 intrinsecus
3292 1901 3582 1971 suadente,

2003 1999 2367 2071 virginitatem
2418 1997 2529 2052 Deo
2568 1997 2946 2064 consecravit,
3002 1995 3248 2065 adeoque
3305 2005 3418 2050 toto
3466 1997 3590 2051 vitae

2004 2091 2236 2146 decursu
2275 2086 2522 2144 excolere
2556 2091 2877 2157 satagebat,
2923 2097 2982 2141 ut
3013 2087 3174 2141 nullis
3203 2103 3325 2141 eam
3357 2088 3590 2142 saecula-

1980 2184 2156 2255 _ribus
2206 2182 2386 2247 curis,
2434 2191 2528 2236 aut
2559 2181 2891 2251 nuptialibus
2931 2180 3222 2249 colloquiis
3260 2182 3583 2246 macularit;

2006 2275 2252 2345 quinimo
2330 2289 2513 2329 rerum
2582 2274 2824 2326 onmium
2902 2284 3209 2327 creatarum
3282 2273 3589 2341 immemor,

2005 2367 2202 2423 divina:
2236 2381 2439 2420 vacans
2477 2365 2948 2435 contemplationi,
2982 2382 3103 2421 eam
3144 2367 3445 2420 reddiderit
3489 2381 3592 2433 pu-

2008 2459 2248 2528 riorem;
2283 2458 2511 2526 ideoque
2551 2458 2617 2510 ad
2656 2458 2916 2511 eximium
2953 2457 3122 2511 divini
3170 2458 3374 2512 amoris
3402 2472 3588 2512 exces-

2007 2566 2127 2607 sum
2172 2551 2509 2617 subvolarit;
2543 2558 2599 2605 et
2641 2565 2740 2620 pro
2789 2549 2983 2619 Sponsi
3020 2551 3104 2605 sui
3142 2552 3340 2605 tuenda
3385 2551 3492 2605 ﬁde
3526 2549 3594 2603 ad

2002 2642 2349 2697 cruciatuum
2403 2657 2630 2711 agonem
2688 2642 2974 2711 pervenire
3021 2643 3257 2695 maxime
3291 2640 3588 2708 exuptarit.

2008 2732 2154 2799 Quas
2199 2734 2270 2787 ob
2302 2748 2390 2787 res
2433 2730 2639 2787 factum
2672 2741 2777 2797 est,
2821 2741 2878 2786 ut
2913 2733 3032 2802 ejus
3085 2732 3406 2787 ardentibus
3449 2731 3595 2786 desi-

2008 2825 2179 2880 deriis
2208 2841 2274 2880 ex
2312 2840 2450 2895 pura
2504 2826 2772 2893 avidaque
2799 2833 2981 2879 mente
3019 2823 3466 2888 sciutillantibus,
3500 2821 3596 2876 ob-

2010 2913 2325 2970 seeundarit
2360 2913 2537 2977 Deus;
2575 2913 2792 2982 sibique
2818 2914 2994 2967 honor
3015 2921 3271 2978 atternus,
3298 2913 3591 2981 gloriosus,

2011 3004 2338 3059 immortalis
2363 3004 2742 3074 pullulaverit;
2770 3004 2994 3073 ipsaque
3023 3004 3259 3059 Ecclesia
3285 3014 3340 3058 et
3362 3004 3594 3058 candida

308 3102 528 3173 Agatha
589 3100 805 3169 publice
846 3105 1077 3153 testatus
1126 3104 1305 3161 esset,
1339 3098 1557 3153 erubuit
1599 3113 1765 3168 prope
1798 3105 1904 3151 tam
1935 3117 1981 3176 ο
2012 3107 2067 3153 et
2108 3097 2411 3153 rubicunda
2460 3096 2783 3153 mortalibus
2832 3112 2896 3153 ac
2933 3097 3249 3153 cmlestibus
3278 3096 3450 3153 oculis
3477 3108 3596 3151 cm-

312 3193 500 3249 nobile
527 3205 735 3260 corpus
760 3190 1084 3256 consistere,
1115 3204 1181 3245 eo
1214 3190 1342 3258 quia
1371 3189 1527 3260 longe
1553 3190 1783 3245 clariora
1815 3205 1912 3260 per

312 3285 445 3339 illud
499 3283 749 3338 facinora
801 3282 857 3337 in
907 3280 1070 3336 terris
1111 3279 1349 3337 edidisse
1390 3282 1658 3351 Agathatn
1706 3296 1912 3354 cogno-

309 3377 531 3442 scebat,
575 3390 735 3445 quam
766 3374 996 3446 ipsemet
1031 3389 1202 3444 purus
1231 3386 1394 3447 putus
1425 3376 1646 3445 spiritus
1678 3376 1732 3430 in
1766 3376 1910 3433 coelo

293 3477 510 3523 contra
558 3465 857 3519 draconem
889 3473 1235 3534 patraverat;
1284 3463 1514 3535 ideoque
1557 3466 1760 3521 aeriam
1805 3468 1909 3521 hu-

309 3560 463 3615 mani
522 3557 783 3627 corporis
831 3557 1067 3624 speciem
1108 3571 1312 3612 exuere
1349 3559 1674 3625 maturavit,
1722 3572 1915 3628 nempe

292 3648 498 3705 fassus
530 3662 602 3703 se
628 3661 659 3701 a
689 3646 907 3700 mortali
935 3645 1338 3701 adolescentula
1370 3646 1529 3717 longe
1563 3658 1912 3716 superatum;

289 3753 367 3798 -et
396 3744 454 3798 in
501 3754 677 3797 auras
722 3739 954 3794 evanuit
982 3740 1050 3793 ad
1083 3754 1205 3794 eum
1242 3741 1401 3811 plane
1439 3742 1679 3808 modum,
1711 3754 1818 3810 quo
1848 3740 1917 3795 ab

310 3831 488 3888 Jacub
527 3831 850 3901 patriarcha
877 3830 976 3899 1“,
1015 3846 1245 3900 quocum
1278 3831 1470 3903 similis
1498 3831 1720 3903 angelus
1745 3831 1919 3888 lucta-

304 3925 504 3989 batur,
570 3936 674 3978 nec
726 3921 876 3976 illum
924 3936 1184 3994 superare
1237 3934 1487 3993 poterat,
1539 3925 1917 3980 dimissionem

310 4014 478 4083 petiit
524 4026 732 4067 aurora
779 4015 1136 4070 ascendente.
1191 4014 1257 4069 Et
1292 4016 1420 4085 'quia
1463 4012 1577 4083 jam
1627 4015 1921 4070 laetissimas

307 4106 554 4176 Agathe
592 4104 781 4158 anima
824 4106 981 4175 quasi
1036 4106 1281 4162 coeleStis
1319 4121 1384 4163 ac
1434 4123 1590 4164 rosea
1620 4124 1820 4165 aurora
1851 4108 1920 4164 ad

310 4198 548 4254 emleste
578 4196 858 4266 fastigium
882 4196 1190 4268 soliumque
1211 4198 1397 4266 gloriae
1432 4200 1684 4257 sublimis
1730 4216 1922 4256 ascen-

308 4291 506 4355 debat,
539 4298 884 4359 exueratque
923 4290 1035 4359 jam
1075 4292 1308 4347 mortale
1343 4308 1562 4363 corpus,
1604 4295 1919 4353 indecorum

309 4382 518 4451 angelo
552 4381 847 4437 Videbatur
881 4383 934 4437 in
972 4385 1137 4439 terris
1177 4399 1386 4440 moram
1433 4386 1636 4455 facere,
1676 4399 1731 4444 et
1771 4404 1920 4443 mor-

2013 3192 2156 3262 perit
2192 3206 2474 3260 apparere.

2084 3283 2175 3337 27.
2209 3281 2382 3338 Hodie
2406 3282 2573 3352 igitur
2597 3281 2901 3338 Christiana
2926 3281 3169 3338 Ecclesia
3198 3297 3320 3337 sese
3345 3289 3596 3346 exornet,

2015 3388 2136 3429 eum
2159 3373 2270 3443 jam
2304 3389 2457 3429 suam
2492 3374 2785 3443 gloriosam
2839 3373 3124 3429 iutiuxerit
3153 3389 3447 3444 purpuram
3496 3388 3596 3444 pn-

2017 3467 2253 3522 rissimis
2303 3468 2561 3536 martyris
2612 3467 2835 3534 Agatltte
2867 3468 3201 3531 cruoribus;
3251 3476 3414 3535 atque
3463 3466 3601 3521 adeo

2017 3561 2247 3632 gaudeat
2298 3568 2355 3614 et
2403 3558 2672 3623 exsultet,
2727 3572 2998 3628 cantuque
3053 3558 3174 3629 ejus
3214 3558 3472 3614 victorias
3535 3570 3600 3612 ac

2019 3651 2354 3720 triumphos,
2404 3652 2704 3721 patriatque
2748 3653 2971 3709 Catante
3022 3651 3242 3721 dignam
3278 3650 3600 3719 gloriatione

2018 3745 2306 3814 praadicet;
2367 3745 2675 3817 orbemque.
2739 3753 3011 3799 terrarum
3088 3745 3311 3812 impleat
3376 3742 3601 3811 Agathm

2019 3835 2335 3905 Christique
2368 3835 2605 3891 nominis
2649 3836 2989 3891 celebritate.
3022 3834 3315 3889 Enimvero
3347 3849 3595 3904 qntenatn

2020 3936 2201 3984 creata
2232 3944 2318 3983 res
2353 3929 2526 4000 magis
2555 3927 2930 3982 admirabilem
2969 3928 3062 3981 Dei
3097 3926 3429 3996 potentiam,
3468 3924 3598 3994 quid

2022 4021 2197 4090 magis
2245 4019 2647 4088 praetlicahilem
2698 4017 2817 4086 ejus
2861 4016 3205 4086 sapientiam,
3254 4015 3383 4085 quid
3429 4014 3601 4083 magis

2025 4112 2315 4167 amabilem
2346 4111 2462 4181 ejus
2494 4111 2792 4166 bonitatem
2825 4110 3097 4174 ostendat,
3128 4123 3293 4178 quam
3339 4107 3389 4160 in
3425 4105 3599 4175 fragili

2023 4202 2356 4258 feminarum
2420 4199 2746 4269 corpuscqu
2793 4198 2980 4252 viriles
3032 4197 3243 4251 animos
3299 4205 3463 4264 atque
3509 4196 3604 4250 ho-

2024 4291 2203 4346 roicas
2245 4291 2475 4344 virtutes
2522 4286 2762 4342 intueri!
2802 4284 2951 4339 Inter
2994 4285 3225 4340 feminas
3254 4294 3438 4338 autem
3470 4283 3600 4355 quid

2024 4381 2289 4437 illustrius
2322 4380 2588 4444 invenias,
2623 4394 2783 4448 quam
2822 4377 3052 4433 teuellas
3084 4377 3328 4449 virgines
3363 4375 3471 4430 Deo
3504 4388 3597 4443 per

308 4472 526 4529 talibus
587 4472 768 4527 oculis
827 4473 1009 4531 adhuc
1072 4490 1195 4532 sese
1237 4473 1593 4548 conspicuum
1639 4479 1917 4535 exhibere.
1948 4442 2001 4517 θ
2027 4485 2210 4530 votum
2241 4473 2569 4553 integritatis
2594 4477 2943 4527 consecratas
2969 4470 2994 4523 ?
3030 4469 3179 4523 inter
3207 4468 3446 4538 virgines
3472 4482 3603 4524 vero

305 4564 410 4621 Vel
444 4573 612 4621 certe
668 4564 795 4619 huic
843 4567 1075 4635 angelo,
1105 4566 1334 4639 ejusque
1377 4569 1637 4643 centuriae
1667 4570 1878 4627 cmlesti
1902 4612 1919 4639 ,

306 4658 445 4713 illud
486 4672 597 4712 usu
647 4656 795 4710 venit
840 4657 908 4711 ad
954 4657 1184 4727 Agathaa
1224 4648 1561 4729 sepulcrum,
1600 4663 1744 4732 quod
1777 4664 1924 4720 binis

300 4747 443 4802 olim
499 4744 803 4812 Seraphim
830 4786 845 4811 ,
878 4745 971 4815 qui
1019 4746 1149 4801 dum
1182 4748 1369 4805 divino
1412 4749 1592 4805 Verbo
1632 4752 1920 4807 mor-talem

298 4849 552 4891 carnem
632 4843 990 4903 assumpturo
1054 4835 1360 4906 angelicum
1421 4837 1554 4893 illud
1612 4837 1921 4910 Trisagium

300 4930 721 4992 concinerent,
781 4926 1134 4998 divinamque
1192 4931 1543 4987 sanctitatem
1603 4930 1652 4987 ei
1712 4933 1920 5003 optime

296 5034 643 5090 congruere
678 5019 1140 5087 conclamarent,
1172 5028 1295 5077 sese
1321 5031 1463 5078 totos
1498 5024 1598 5079 alis
1630 5024 1914 5090 velabant,

299 5112 567 5169 sedentis
621 5110 968 5177 maiestatem
1018 5119 1074 5166 et
1126 5112 1354 5182 gloriam
1411 5115 1770 5186 contemplari
1815 5131 1917 5172 ne-

298 5213 597 5276 queuntes
622 5202 695 5254 “.
746 5200 918 5269 Hujus
946 5204 1099 5259 enim
1140 5205 1369 5277 virginis
1404 5217 1605 5263 nostra:
1642 5209 1869 5282 angelus
1892 5247 1908 5273 ,

297 5313 433 5352 cum
508 5300 747 5365 propter
802 5294 1209 5364 integerrimam
1264 5298 1636 5367 virginitatem
1688 5301 1914 5371 Agathe

300 5398 561 5445 mentem
616 5395 868 5440 sanctam
923 5385 1292 5455 declarasset,
1328 5401 1570 5447 sanctam
1618 5394 1746 5446 item
1796 5394 1913 5462 ejus

296 5482 701 5540 voluntatem,
732 5486 958 5545 propter
1006 5480 1391 5535 acerbissimos
1447 5483 1721 5537 cruciatus
1777 5483 1913 5538 hila-

294 5585 446 5629 riter
480 5582 810 5640 perpessos,
853 5569 1049 5639 quibus
1077 5562 1316 5628 'mirilice
1348 5570 1598 5629 Christus
1628 5573 1767 5631 Deus
1798 5576 1910 5632 toto

374 5735 420 5768 ιδ
469 5733 618 5790 Gen.
670 5742 849 5792 xxxii,
881 5726 973 5782 26.
1053 5727 1094 5760 ι’
1140 5686 1243 5785 lsa.
1278 5744 1347 5792 vt,
1387 5730 1515 5791 2,5.

1978 4598 1984 4603 ε
2026 4576 2151 4638 post
2176 4566 2465 4636 Deiparam
2502 4564 2775 4637 Virginem
2820 4563 2951 4633 quid
2987 4562 3362 4618 delectabilius
3393 4562 3505 4631 agit
3546 4562 3600 4614 in

2027 4666 2327 4725 stuporem,
2376 4654 2575 4725 quidve
2613 4653 2986 4710 admirabilius
3044 4652 3344 4708 Ecclesiam
3393 4649 3601 4709 Christi

2027 4749 2281 4815 delectat,
2324 4763 2486 4817 quam
2523 4749 2642 4803 haec
2678 4748 2834 4819 virgo
2864 4746 3163 4816 singularis
3203 4745 3449 4814 Agathai
3483 4759 3604 4813 quae

2030 4837 2251 4908 quidem
2290 4838 2556 4909 sapientis
2587 4838 2750 4909 Regis
2778 4838 3006 4894 consilio
3049 4839 3338 4901 obsecuta,
3374 4851 3481 4891 non
3514 4850 3605 4890 so—

2025 4929 2138 4984 lum
2161 4930 2229 4984 de
2254 4929 2514 4999 primitiis
2540 4932 2788 5001 corporis
2813 4930 2922 4994 sui,
2952 4930 3044 4984 sed
3068 4932 3233 4986 etiam
3266 4929 3334 4984 de
3360 4940 3472 4983 tota
3503 4942 3600 4981 sua

2027 5022 2332 5078 substantia
2383 5023 2758 5078 honorandum
2800 5023 2902 5077 sibi
2944 5021 3184 5077 decrevit
3232 5021 3427 5075 Deum.
3465 5021 3600 5074 Cum

2024 5114 2171 5170 enim
2203 5112 2557 5169 nobilissimis
2577 5122 2725 5169 esset
2745 5121 2864 5169 orta
2891 5112 3162 5168 natalibus
3193 5111 3246 5166 in
3280 5113 3415 5165 urbe
3443 5108 3603 5165 Cata-

2027 5204 2277 5261 nensium
2301 5242 2319 5270 ,
2352 5218 2579 5274 corpore
2621 5203 3020 5273 pulcherrima,
3063 5202 3269 5256 divitiis
3309 5200 3599 5270 opulenta,

2025 5298 2334 5366 eloquentia
2372 5297 2752 5366 sermonisque
2784 5295 2963 5365 lepore
2997 5294 3368 5361 admirabilis,
3405 5294 3603 5349 virtute

2025 5389 2326 5460 prudentia:
2356 5388 2646 5458 conspicua
2667 5428 2683 5455 ,
2717 5386 2993 5456 animique
3030 5384 3349 5440 fortitudine
3378 5384 3600 5456 praedita

2019 5480 2321 5549 singulari,
2375 5480 2490 5536 haec.
2543 5479 2756 5549 aliaque
2808 5478 3055 5547 corporis
3116 5477 3398 5546 animique
3440 5490 3604 5530 orna-

2019 5583 2202 5630 menta
2249 5572 2460 5643 singula
2492 5572 2712 5628 Christo
2745 5570 2885 5636 Deo,
2918 5568 3145 5641 ejusque
3182 5567 3374 5625 honori
3403 5575 3458 5623 et
3487 5566 3607 5636 glo-
