4024 6412
504 360 635 425 1287

1526 330 1587 407 s.
1630 328 2011 407 METHODII
2054 340 2561 404 eammeam
2602 339 2709 401 cp.

3625 324 3739 410 1238

501 472 598 527 riae
629 463 955 536 mancipavit
1005 461 1120 534 (10)
1160 478 1173 515 :
1207 458 1338 529 quin
1376 471 1439 513 se
1476 469 1691 526 quoque
1722 454 1896 522 ipsam
1932 453 2088 522 quasi
2118 464 2164 518 Α
2193 463 2467 507 mortuum
2508 469 2524 506 :
2560 465 2723 520 quem
2759 463 2885 504 mox
2918 448 3037 517 ejus
3058 449 3203 505 servi
3231 464 3407 521 neque
3437 451 3632 519 vivum,
3660 471 3741 511 nc-

515 561 750 617 nihilum
774 556 1019 625 despexit
1045 562 1267 624 propter
1285 547 1488 605 Christi
1513 546 1861 603 dilectionem
1882 565 1897 610 ς
1916 545 2092 598 conti-

506 661 802 720 nenterque
852 647 1083 701 Domino
1135 657 1233 700 suo
1285 642 1478 711 dignos
1532 640 1770 694 honores
1814 636 1879 691 ad
1923 649 2093 706 usque

504 744 631 797 vitae
658 753 914 795 occasum
954 735 1222 791 exhibuit.
1263 729 1460 786 Totum
1497 729 1600 783 hoc
1645 728 1823 797 ipsum
1863 731 2095 780 testatur

503 836 673 891 breve
726 829 1140 901 epithalamium
1194 832 1359 895 atque
1408 808 1711 892 angelicum
1771 816 2095 879 oraculum,

505 926 653 997 quod
694 940 799 979 non
847 923 915 978 ad
961 919 1210 976 inutilem
1246 917 1534 971 verbormn
1585 921 1874 977 ornatum,
1922 923 2098 979 neque

509 1017 579 1073 ad
619 1016 861 1085 speciosa
894 1011 1163 1075 encomia,
1204 1010 1299 1065 sed
1331 1008 1398 1061 ad
1430 1021 1586 1062 veras
1617 1003 1841 1074 Agatha:
1868 1002 2099 1056 virtutes

510 1108 734 1164 aeternis
787 1100 1156 1160 monumentis
1204 1097 1635 1168 consignandas,
1683 1092 1947 1149 divinitus
1999 1089 2100 1144 fuit

508 1198 843 1269 descriptum
874 1194 1031 1267 (ω’).

548 1322 575 1325 ᾖ
745 1332 887 1403 (Act.
920 1327 1165 1384 Sanctor.
1204 1324 1469 1380 Februar.
1504 1330 1542 1375 ι.
1578 1319 1619 1387 1,
1655 1335 1708 1391 p.
1735 1318 1887 1389 629.)

586 1465 679 1524 28.
712 1465 818 1521 Sed
840 1479 947 1519 non
968 1463 1405 1532 pigeatextrema
1428 1456 1668 1512 cu-lestis
1705 1452 1908 1509 oraculi
1939 1454 2102 1509 verba

514 1558 796 1630 paulisper
840 1554 1145 1625 pensitare;
1211 1557 1340 1604 sunt
1372 1549 1519 1602 enim
1560 1547 1732 1601 altera
1777 1560 1905 1614 pars
1939 1545 2102 1609 illius,

527 1651 676 1721 quod
730 1647 834 1702 sub
868 1645 1086 1700 initium
1144 1639 1427 1712 proposui.
1485 1637 1777 1691 Enimvero
1818 1635 2103 1704 Martyres,

521 1749 650 1797 dum
691 1746 962 1794 tormenta
1018 1744 1073 1789 et
1105 1735 1387 1789 cruciatus
1416 1744 1514 1801 pro
1536 1729 1759 1784 Christo
1791 1728 2104 1797 patiuntur,

2193 556 2301 612 que
2360 550 2633 596 mortuum
2674 538 2767 594 diu
2829 540 3118 607 quaesitum
3155 540 3404 597 invenire
3453 552 3741 613 potuerunt.

2195 620 2405 689 invenit
2461 626 2603 687 illico
2628 645 2750 686 eum
2798 630 3068 686 malorum
3118 633 3418 688 daemonum
3475 636 3745 705 exercitus,

2196 727 2288 795 qui
2336 724 2658 795 ﬂagitiosum
2687 724 2833 778 illam
2874 724 2995 792 ejus
3022 724 3260 778 animam
3292 726 3477 795 egredi
3509 726 3751 782 reluctan-

2199 826 2331 882 tem,
2363 822 2431 871 ex
2467 815 2729 884 voragine
2794 823 3119 879 extractam,
3163 815 3216 869 in
3277 816 3550 885 proximas
3591 816 3752 875 Etuta

2198 906 2446 962 liaunnas
2471 915 2729 976 perpetuo
2761 905 3089 960 destinatam
3118 906 3369 961 adduxit.

2268 999 2363 1054 29.
2400 1000 2599 1052 Militat
2642 997 2922 1052 enimvero
2963 1010 3061 1067 pro
3104 999 3312 1053 sanctis
3334 997 3451 1054 suis
3483 996 3639 1064 Deus,
3674 998 3756 1071 qui

2200 1093 2345 1147 sicut
2378 1087 2739 1154 Pharaonem,
2770 1090 3101 1150 lsraeliticas
3130 1091 3309 1145 tribus
3340 1097 3487 1144 terra
3516 1092 3743 1160 marique

2203 1193 2643 1256 persequentem,
2681 1183 2905 1236 tandem
2938 1182 2990 1236 in
3025 1181 3166 1237 mari
3217 1180 3405 1237 Rubro
3431 1196 3554 1237 cum
3589 1188 3749 1240 curri-

2204 1275 2306 1331 bus
2360 1285 2416 1329 et
2464 1274 2743 1344 equitibus
2799 1273 2913 1328 suis
2965 1266 3266 1328 involutum
3321 1266 3643 1341 suﬂ‘ocavit;
3694 1275 3761 1331 ita

2207 1368 2561 1437 Quintianum
2630 1379 2793 1422 neces
2851 1380 2915 1422 ac
2977 1367 3198 1436 rapinas
3247 1365 3620 1432 anhelantem,
3679 1365 3764 1439 per

2206 1458 2451 1527 ejusdem
2482 1472 2653 1528 equos
2691 1454 3000 1511 ﬂuvialibus
3046 1457 3386 1526 marinisque
3439 1460 3595 1528 aquis
3622 1458 3763 1513 abre;

2208 1562 2357 1622 ptum
2392 1549 2671 1605 demersit.
2712 1548 2757 1604 0
2808 1563 2969 1618 quam
3001 1547 3142 1604 belle
3173 1547 3563 1604 Catanensium
3593 1549 3765 1605 mulie-

2211 1657 2330 1696 rum
2361 1641 2565 1697 chorus
2588 1639 2894 1695 Marianum
2926 1640 3202 1695 canticum
3226 1641 3533 1710 usurpavit,
3561 1638 3762 1696 dicens:

2211 1730 2510 1786 Cantemus
2562 1729 2810 1801 Agathze,
2842 1731 3079 1800 gloriose
3132 1731 3274 1786 enim
3306 1730 3652 1802 magnificata
3676 1740 3767 1796 est,

522 1847 635 1887 non
658 1830 832 1886 solum
863 1829 961 1882 sibi
1001 1827 1186 1897 gloria:
1217 1838 1473 1879 coronam
1498 1829 1819 1886 contexunt,
1848 1817 2108 1874 Ecclesiae
2141 1834 2183 1888 Β
2212 1839 2309 1894 per
2336 1830 2503 1893 equos
2539 1823 2663 1894 equi
2710 1836 3059 1878 ascensorem
3088 1821 3284 1892 dejecit
3310 1823 3365 1877 in
3400 1837 3571 1878 mare.
3610 1820 3771 1877 Fortié-

521 1924 759 1989 laudem,
791 1923 1010 1990 Dcnque
1036 1924 1296 1975 honorem
1324 1916 1605 1978 exhibent,
1630 1916 1722 1969 sed
1755 1916 1940 1979 etiam,
1976 1914 2101 1967 dum

524 2020 593 2071 ad
617 2015 922 2084 exetnplnm
983 2027 1209 2067 suarum
1266 2009 1525 2062 virtutum
1569 2006 1890 2061 imitandum
1954 1991 2104 2059 cives

526 2114 828 2179 provocant
858 2120 1006 2170 suos,
1041 2104 1247 2159 eisdem
1284 2101 1538 2156 ccelestes
1569 2098 1808 2163 favores,
1835 2114 1942 2152 non
1985 2095 2104 2151 auri

528 2198 852 2268 argentique
907 2194 1104 2265 pretio,
1145 2192 1238 2247 sed
1299 2190 1505 2260 profusi
1538 2189 1820 2258 sanguinis
1851 2189 2109 2242 thesauro

528 2300 937 2360 promerentur.
1002 2284 1186 2353 Neque
1249 2298 1378 2335 vero
1442 2290 1758 2335 sanctarum
1824 2276 2109 2347 Virginum

530 2395 633 2450 pro
668 2378 890 2432 Christo
947 2376 1213 2428 trucidata
1268 2386 1522 2439 corpora,
1578 2371 1630 2423 in
1674 2368 1767 2422 vili
1832 2376 2108 2423 murmure

528 2468 795 2539 jaccntia,
842 2468 1023 2521 minus
1057 2465 1207 2518 utilia
1251 2462 1501 2533 cognatis
1533 2460 1875 2528 civibusque,
1906 2460 2114 2526 patria:-

535 2573 644 2627 que
668 2566 817 2621 sunt,
881 2556 968 2609 ubi
1006 2555 1058 2607 in
1099 2553 1264 2607 vitam
1326 2560 1614 2606 mortalem
1670 2549 1822 2603 edita
1875 2546 2112 2612 fuerunt,

538 2665 703 2720 quam
741 2647 1166 2701 fortissimorum
1213 2645 1454 2698 virorum
1500 2642 1773 2696 exercitus
1811 2655 1907 2710 pro
1939 2640 2114 2711 patria

536 2739 925 2809 pugnantium.
962 2734 1097 2800 Quis
1128 2734 1271 2787 enim
1300 2733 1366 2786 de
1394 2730 1772 2785 crudelissimo
1798 2728 2115 2794 Quintiano,

535 2832 768 2900 ejusque
795 2826 1040 2894 asseclis,
1073 2835 1180 2880 tam
1219 2825 1451 2879 subitam
1478 2822 1802 2891 facilemque
1827 2819 2116 2875 victoriam

539 2922 803 2991 consequi
850 2920 1136 2989 potuisset,
1194 2926 1389 2986 praeter
1438 2915 1662 2983 Agathe:
1691 2914 1944 2968 meritum
1973 2912 2117 2980 apud

541 3013 735 3076 Deum,
771 3011 1025 3079 illiusque
1076 3008 1370 3079 potentiam
1431 3008 1695 3060 adversus
1740 3004 1964 3061 hostes?
1997 3003 2112 3058 Tu-

542 3105 796 3160 multuati
831 3113 962 3157 sunt
992 3101 1209 3171 quidem
1240 3100 1389 3154 cives
1415 3100 1531 3168 ejus
1579 3099 1839 3153 adversus
1870 3097 2122 3164 Quintia-

2215 1913 2343 1968 tudo
2375 1928 2515 1978 mea,
2545 1923 2602 1967 et
2627 1912 2746 1968 laus
2772 1928 2891 1967 mea
2936 1913 3168 1983 Agatha,
3195 1922 3252 1968 et
3281 1911 3430 1968 facta
3462 1921 3546 1968 est
3574 1912 3694 1968 mihi
3722 1914 3770 1968 in

2217 2004 2471 2058 salutem.
2498 2002 2618 2074 Ipsa
2644 2014 2729 2060 est
2754 2018 2913 2059 soror
2944 2020 3086 2069 mea,
3114 2004 3438 2077 gloriﬁcabo
3465 2020 3607 2060 eam.
3636 2005 3763 2076 Aga-

2216 2095 2306 2149 tha
2341 2094 2512 2163 gloria
2555 2108 2696 2160 mea,
2745 2105 2800 2150 et
2834 2095 3089 2151 exaltabo
3119 2111 3261 2152 eam.
3313 2095 3466 2152 Dixit
3504 2095 3769 2154 inimicus:

2217 2184 2545 2255 Persequar,
2574 2196 2629 2240 et
2656 2186 3141 2254 comprehendam,
3171 2185 3413 2241 dividam
3457 2186 3649 2256 spolia,
3682 2185 3772 2239 im-

2219 2276 2460 2349 plebitur
2500 2276 2680 2330 anima
2714 2291 2858 2331 mea.
2912 2273 3092 2331 Flavit
3118 2277 3275 2332 furor
3302 2290 3596 2347 equorum,
3627 2285 3678 2331 et
3700 2276 3775 2331 ille

2219 2368 2536 2423 submersus
2565 2377 2652 2424 est
2683 2367 2737 2422 in
2770 2370 2927 2437 aquis
2968 2368 3409 2424 vehementibus.
3440 2367 3577 2435 Quis
3602 2367 3774 2422 similis

2219 2458 2297 2512 tui
2332 2457 2388 2511 in
2452 2456 2708 2522 fortibus,
2764 2456 2998 2527 Agatha,
3048 2455 3334 2526 magniﬁca
3382 2457 3436 2511 in
3488 2455 3773 2514 sanctitate.

2223 2547 2485 2601 terribilis
2517 2556 2679 2617 atque
2711 2546 3003 2602 laudabilis
3037 2558 3095 2601 et
3129 2546 3335 2601 faciens
3368 2545 3676 2601 mirabilia?
3711 2542 3777 2598 Tu

2222 2653 2350 2694 vere
2375 2655 2436 2694 es
2458 2639 2783 2695 Catanensis
2811 2640 3052 2695 civitatis
3068 2639 3268 2710 gloria,
3306 2648 3359 2692 tu
3385 2636 3778 2695 honoriﬁcentia

2225 2732 2404 2803 populi
2453 2731 2626 2786 nostri
2673 2749 2689 2787 :
2739 2741 2815 2797 et,
2844 2731 3014 2803 quod
3071 2731 3443 2801 virginitatem
3504 2731 3777 2794 amaveris,

2226 2823 2452 2878 tradidit
2484 2823 2744 2880 Dominus
2775 2822 3129 2891 Quintianum
3161 2822 3214 2878 in
3248 2837 3413 2879 manu
3445 2831 3559 2889 tua,
3591 2823 3782 2893 erisque

2225 2915 2504 2972 benedicta
2535 2920 2589 2972 in
2618 2926 2907 2972 aeternum.

2297 2993 2385 3062 30.
2431 3007 2585 3077 Agite
2620 3023 2785 3073 nunc,
2848 3006 3149 3071 auditores,
3191 3015 3247 3062 et
3286 3005 3353 3063 ab
3398 3006 3564 3077 aquis
3608 3004 3782 3079 gradus

2230 3100 2324 3153 flat
2354 3100 2509 3155 nobis
2552 3100 2940 3156 miraculorum
2970 3102 3193 3171 Agathte
3239 3100 3304 3155 a'd
3348 3099 3599 3157 Euneos
3634 3101 3781 3168 ignes.

542 3214 673 3251 num
719 3208 953 3263 eumque
1007 3194 1059 3246 in
1118 3190 1300 3258 fugam
1354 3197 1660 3253 verterunt,
1701 3198 1960 3259 uictuque
1995 3203 2121 3258 per-
2149 3186 2196 3247 C
2226 3190 2461 3261 Legistis
2495 3191 2762 3261 plerique,
2792 3184 2997 3259 credo,
3019 3191 3197 3248 Aitna:
3248 3206 3448 3248 nomen
3482 3193 3535 3248 in
3567 3190 3784 3261 antiquis

543 3288 755 3344 enisum
789 3301 854 3340 ex
885 3284 1019 3339 urbe
1047 3282 1320 3352 expellere
1362 3279 1682 3345 valuerunt;
1709 3282 1803 3335 scd
1850 3280 1963 3346 ille,
1992 3280 2121 3351 quia

546 3379 837 3434 incolumis
883 3392 949 3431 ex
993 3389 1181 3430 eorum
1244 3373 1495 3427 manibus
1530 3372 1723 3437 evasit,
1761 3372 1995 3425 ferocior
2036 3380 2122 3425 est

547 3468 794 3533 el'l‘uctus,
824 3466 1210 3534 cogitabatque
1244 3472 1434 3516 contra
1468 3463 1693 3532 Agatha:
1729 3473 2015 3531 cognatos,
2051 3463 2120 3517 ab

550 3575 613 3613 se
636 3566 890 3612 extorres
934 3555 1131 3616 factos,
1174 3568 1278 3621 qua
1310 3567 1459 3615 nece,
1502 3567 1607 3620 qua
1664 3552 1945 3621 suppliciis
1974 3553 2125 3606 rabi-

548 3652 679 3702 dum
712 3649 951 3701 animum
983 3655 1322 3710 exsaturare,
1356 3654 1657 3712 eorumque
1680 3646 1912 3712 pingues
1941 3659 2124 3699 rerum

552 3739 799 3792 fortunas
832 3753 935 3791 una
961 3753 1080 3791 cum
1119 3737 1347 3801 Agathae
1377 3734 1727 3804 patrimonio,
1777 3735 2126 3804 imperatoris

550 3831 751 3885 aerario
785 3828 1009 3883 inferre.
1048 3827 1169 3881 llaec
1194 3828 1394 3896 impius
1433 3825 1870 3890 machinahatur,
1905 3828 2129 3883 minime

551 3937 684 3976 vero
719 3921 1069 3990 pientissimze
1128 3916 1369 3987 Virginis
1410 3917 1669 3970 ultionem
1701 3916 1910 3971 vitavit.
1950 3917 2124 3983 Quin-

557 4015 765 4067 tianum
792 4013 940 4065 enim
970 4013 1167 4081 scapha
1197 4013 1497 4072 sedentem,
1520 4012 1645 4064 dum
1681 4010 1990 4065 Simethum
2024 4010 2127 4064 llu-

549 4105 700 4156 viutn
728 4103 952 4158 Catante
995 4102 1296 4170 proximum
1327 4100 1653 4170 trajiciebat,
1692 4101 1798 4153 duo
1825 4102 1951 4168 equi
1988 4100 2133 4155 fero-

548 4195 763 4249 cientes
789 4210 894 4261 qua
938 4193 1209 4245 morsibus
1232 4190 1283 4244 in
1327 4190 1518 4244 faciem
1548 4188 1733 4258 jactis,
1756 4204 1862 4260 qua
1891 4190 2132 4245 calcibus

551 4286 609 4340 in
662 4300 863 4354 corpus
901 4284 1076 4349 iiiisis,
1123 4282 1175 4336 in
1222 4279 1578 4351 profluentem
1633 4281 1925 4336 deturbant
1959 4282 2132 4336 semi-

2230 3282 2474 3337 historiis
2500 3293 2804 3337 nostrorum
2826 3283 3178 3353 scriptorum,
3203 3298 3325 3354 quae
3350 3285 3649 3341 etiamnum
3667 3282 3787 3353 apud

2228 3387 2327 3427 nos
2353 3372 2617 3427 habemus
2665 3390 2679 3426 :
2730 3371 2815 3427 vel
2859 3384 3009 3428 certe
3056 3373 3177 3443 ejus
3221 3375 3421 3431 montis
3472 3368 3668 3429 famam
3690 3382 3785 3429 toto

2228 3465 2362 3519 orbe
2401 3464 2809 3519 celeberrimam
2839 3464 3070 3522 audistis
3099 3484 3114 3522 :
3149 3468 3246 3522 sed
3280 3465 3521 3522 iortasse
3549 3468 3636 3522 hic
3666 3480 3783 3520 non-

2227 3556 2358 3611 nulli
2391 3558 2610 3622 adsunt,
2636 3571 2771 3625 quos
2802 3554 2984 3613 Aitnze
3013 3573 3208 3615 nomen
3243 3558 3423 3629 adhuc
3458 3558 3609 3613 latet.
3644 3555 3786 3612 Em

2230 3648 2393 3717 igitur
2416 3662 2571 3702 mons
2604 3657 2687 3702 est
2714 3648 2964 3704 excelsus
2989 3650 3229 3722 quidem,
3274 3649 3621 3723 nubibusque
3647 3648 3782 3715 longe

2234 3733 2506 3802 superatis
2533 3734 2756 3791 Catane:
2788 3739 2908 3792 urbi
2959 3737 3255 3805 impendet.
3302 3736 3457 3794 illius
3492 3739 3647 3794 dorsa
3672 3750 3779 3805 per-

2235 3826 2414 3895 petuis
2439 3825 2680 3882 albicare
2699 3827 2916 3883 nivibus
2942 3839 3233 3896 testantur,
3268 3830 3360 3900 qui
3389 3830 3459 3886 de
3482 3828 3789 3885 nostratibus

2238 3916 2304 3970 ad
2339 3914 2698 3973 Catanensem
2730 3929 2967 3988 portum,
3004 3921 3347 3990 appulerunt,
3384 3919 3677 3990 feruntque
3707 3931 3787 3988 per

2239 4007 2469 4062 declivia
2498 4009 2876 4079 frequentibus
2920 4012 3152 4067 habitari
3192 4013 3367 4084 pagis,
3401 4014 3672 4083 villisque.
3703 4009 3789 4065 Te-

2237 4107 2452 4151 stantur
2471 4099 2854 4155 etiamEtnaai
2881 4102 3103 4158 verticis
3125 4102 3238 4174 (ll)
3273 4113 3523 4160 crateres
3556 4109 3788 4174 perpetuo

2240 4189 2526 4260 fumigare,
2566 4206 2631 4245 ac
2656 4207 2885 4262 vapores
2919 4194 3109 4263 igneos
3135 4194 3466 4266 cineresque
3492 4196 3787 4265 sulphureos

2238 4284 2540 4339 eructando
2575 4284 3004 4355 circumquaque
3058 4286 3394 4357 dispergere,
3446 4302 3643 4359 magno
3687 4295 3787 4339 cum

634 4442 742 4512 (l0)
772 4441 914 4496 Hinc
951 4450 1256 4506 sumptum,
1312 4441 1465 4564 qeuod
1520 4439 1662 4505 inter
1697 4438 1799 4492 alia
1828 4439 1880 4492 in
1907 4414 2208 4501 lentius!)
2239 4440 2400 4510 tyris,
2432 4440 2624 4508 sicque
2665 4441 2863 4496 nobilis
2893 4442 3214 4507 certamine,
3264 4441 3495 4511 fusoque
3534 4442 3788 4514 sanguine,

634 4523 734 4564 stat
766 4514 1023 4564 mlarion:
1079 4509 1336 4564 Στολίζεσ
1373 4528 1417 4562 ω
1467 4510 1768 4564 σήμερονὴ
1814 4509 2130 4564 Ἐκκλησία.
2239 4511 2497 4564 nrzeclare
2542 4512 2886 4564 honestatem
2936 4527 3152 4564 sacrum
3210 4523 3515 4564 rnartvrum
3553 4517 3788 4564 chorum.

552 4509 734 4569 exstat
766 4514 1023 4566 odarion:
1079 4509 1417 4575 Στολίζεσίθω
1467 4510 1708 4581 σήμερφν
1734 4509 2130 4581 ἡ,Ἐκξιλησὶα,

555 4580 1120 4665 ςτρρφιιρίδαένδοξω)
1164 4576 1577 4665 nmmo-eiset}
1609 4576 1671 4663 ἐξ
1706 4576 1879 4665 avie»)
1911 4576 2136 4665 ’λύιὲρωγ

569 4649 806 4723 Ἀγάθὴς
840 4651 942 4721 τῆς
995 4655 1311 4723 μάρτυροςρμ
1326 4654 1505 4723 χαῖρε,
1536 4650 1740 4723 βρῶσα,
1775 4649 2034 4719 Κατάνηζ
2078 4649 2138 4702 τὸ

554 4720 844 4793 καύχημα.
865 4720 1249 4793 Iudicathodie
1266 4720 1503 4775 Ecclesia
1523 4721 1805 4793 gloriosam
1827 4735 2138 4793 purpuram,

558 4795 613 4846 in
646 4790 896 4862 Martyris
928 4792 1147 4862 Agatho:
1189 4800 1332 4845 casto
1374 4793 1626 4858 sanguine
1666 4790 1907 4853 tinctam,
1950 4790 2139 4853 Salve,

555 4860 915 4932 proclamans,
949 4860 1172 4914 Camnae
1201 4861 1469 4929 gloriatio.

634 4931 769 5002 (ω’)
805 4931 1087 5000 Reliquam
1111 4927 1249 4984 tituli
1280 4941 1512 5002 partem,
1533 4942 1654 4997 qua;
1684 4936 1768 4980 est
1784 4927 1980 4981 Patria:
2007 4927 2143 5002 libe-

561 4999 724 5066 rat'io,
752 4999 956 5055 auctor
1000 5016 1097 5070 per
1126 4999 1333 5069 septem
1383 5000 1584 5068 capita,
1628 5013 1722 5052 seu
1750 4999 2147 5070 paragraphos

561 5089 627 5125 ac
655 5075 922 5128 sectioncs
950 5067 1109 5139 plane
1142 5067 1315 5122 fusior
1340 5067 1719 5139 prcs‘equitur;
1749 5067 1802 5120 in
1828 5071 2025 5139 quibus
2050 5082 2150 5139 nec

565 5144 779 5196 (licendi
815 5136 976 5195 linem
1007 5143 1186 5193 facere
1218 5136 1457 5199 videtur,
1493 5139 1622 5206 quin
1648 5136 1825 5206 aliqua
1850 5137 1898 5191 ei
1937 5138 2152 5191 deside-

565 5218 777 5276 reu‘tur,
799 5212 853 5266 in
885 5213 954 5265 iis
972 5226 1094 5280 quae
1118 5209 1177 5264 P.
1212 5209 1251 5263 Ι.
1285 5208 1578 5263 Bollandus
1609 5209 2045 5275 reprmsentavit,
2073 5207 2149 5260 uti

566 5284 611 5335 is
643 5282 756 5349 ipse
798 5283 1022 5346 monuit,
1041 5295 1170 5334 suas
1196 5281 1415 5348 egregie
1450 5287 1741 5349 exsecutus
1783 5288 1962 5349 partes
1993 5292 2154 5331 exor-

567 5345 743 5403 ltanda
780 5363 925 5404 tanta
964 5362 1202 5417 martyre
1219 5345 1467 5418 {ac—qua:
1498 5363 1621 5402 vere
1652 5345 1912 5402 Ecclesiae
1947 5363 2153 5416 purpu-

568 5435 683 5472 ram
726 5424 1015 5473 cruoribus
1058 5425 1173 5474 suis
1227 5420 1482 5485 tinxerit,
1544 5429 1601 5471 ut
1641 5429 1832 5472 auctor
1892 5418 2154 5484 loquitur,

566 5489 770 5544 Mcnma
802 5502 1026 5543 secutus
1061 5490 1256 5558 quibus
1283 5490 1363 5542 sic
1401 5497 1660 5558 canuntt
1691 5487 2019 5551 στολιζέσθω
2056 5488 2153 5556 σή-

570 5577 737 5628 μερον
764 5561 815 5630 ἡν
842 5556 1139 5630 Ἐκχλησῖα
1167 5557 1477 5629 πορφυρίδα
1495 5556 1724 5630 Αένδοξον
1749 5559 2158 5630 καταόαςρεῖσαν

570 5626 859 5699 ἒεὰγνῷν
895 5626 1114 5699 λύτρων.
1170 5626 1409 5698 ’Λγάοής
1457 5627 1558 5697 τῆς
1603 5629 1905 5699 μάρτυρος.
1954 5626 2158 5679 Induat

572 5699 725 5750 hodie
772 5697 1015 5753 Ecclesia
1065 5697 1698 5767 gloriosanj'purpuram,
1731 5697 1975 5767 martyris
2019 5701 2159 5766 Aga-

2239 4511 2497 4583 przeclare
2542 4512 2886 4583 honestatem
2936 4527 3152 4567 sacrum
3210 4523 3515 4583 martyrum
3553 4511 3790 4575 chorum,

2239 4582 2395 4651 sciter
2418 4580 2773 4651 signiﬁcatur.

2318 4650 2433 4721 (ll)
2475 4649 2497 4700 ἒ
2534 4650 2588 4703 In
2623 4649 2804 4706 Aitnac
2835 4652 3041 4706 vertice
3087 4651 3270 4707 hiatus
3297 4652 3403 4706 duo
3448 4665 3606 4718 sunt,
3651 4649 3792 4721 inquit

2243 4717 2419 4774 Soliu.
2441 4734 2491 4772 c.
2525 4722 2612 4782 li,
2649 4731 2891 4775 crateres
2918 4721 3201 4774 nominati.
3243 4742 3262 4775 ι
3300 4722 3373 4775 Ita
3405 4732 3461 4776 et
3491 4717 3630 4777 Plin.
3665 4717 3792 4784 Ι.ἰιι,

2243 4804 2295 4861 c.
2359 4790 2413 4861 8.
2479 4789 2691 4861 Crater,
2717 4792 2838 4858 ejus
2881 4801 3031 4861 patet
3062 4791 3272 4844 artibitu
3330 4795 3631 4848 stadiorum
3661 4792 3741 4861 20.
3774 4807 3790 4839 ι

2246 4857 2445 4934 Strabo
2467 4871 2647 4934 autem
2683 4860 2719 4919 Ι.
2749 4857 2846 4934 Ivt,_
2883 4857 3135 4934 laetatur,
3186 4861 3488 4934 λαμῦἀνειν
3524 4860 3794 4934 petamus

2246 4928 2451 5004 πολλὰς
2479 4928 2548 4981 τὰ
2578 4930 2726 5004 ᾷκρ-ᾳι
2755 4928 2850 4983 τοῦ
2881 4930 3040 5004 ὅρομς
3063 4931 3152 4987 διὰ
3175 4928 3275 5003 “ci-pi
3301 4933 3474 5004 νομὴν
3504 4928 3597 4987 ’ἑοῦ
3630 4930 3792 5004 πυρὸς3

2245 5000 2374 5072 τοτὲ
2399 5001 2497 5072 μὲν
2549 4997 2798 5072 εἰς-’.ἐνκί
2828 4997 3074 5072 κρὰτήρα
3119 4997 3567 5072 συμζςερόμένου,
3621 4997 3733 5072 “ro-ti
3752 4997 3798 5072 5}

2250 5065 2600 5140 σχιζόμενου.
2626 5067 2829 5125 Hamis
2848 5065 3347 5126 έιιιιιιὶἱιιιιιεούἁνιέ
3372 5065 3575 5125 mutari
3601 5071 3662 5125 ob
3685 5065 3798 5140 ignis

2249 5142 2666 5212 grassatiouem;
2693 5142 2780 5212 qui
2802 5142 2938 5194 alias
2971 5142 3025 5192 in
3052 5142 3530 5212 amm_tolligitur
3548 5151 3797 5212 craterem.

2252 5209 2389 5280 alias
2414 5211 2464 5261 in
2491 5210 2670 5277 plures
2702 5209 2966 5263 scinditur
2990 5223 3187 5280 partes.
3214 5209 3473 5267 Testatur
3499 5225 3557 5267 et
3583 5209 3798 5280 Faseilus

2250 5278 2436 5350 plures
2478 5280 2710 5350 subinde
2764 5278 3242 5348 aperiri‘hiatus;
3316 5283 3539 5350 majoris
3594 5278 3797 5350 crateris

2248 5348 2518 5420 ambitum
2550 5350 2616 5403 ad
2637 5348 2675 5402 4
2700 5351 2866 5403 millia
2888 5363 3146 5420 passuum
3174 5360 3361 5418 patere
3385 5348 3513 5405 {alii
3538 5352 3600 5404 ad
3623 5348 3687 5420 24
3708 5355 3797 5401 ela-

2256 5417 2367 5489 dia.
2404 5418 2469 5471 Et
2497 5420 2718 5473 videtur
2746 5435 2851 5474 non
2882 5417 3098 5489 semper
3127 5417 3318 5477 eadem
3344 5436 3468 5483 esse
3499 5418 3793 5487 aniplitudo.

2256 5485 2491 5561 Inferior
2515 5498 2697 5561 crater
2725 5490 2791 5561 in,
2825 5491 2971 5559 putei
3003 5485 3394 5546 rotunditatem
3425 5485 3796 5561 angustusesw

2257 5559 2513 5629 traditur;
2544 5557 2838 5613 Horrenda
2861 5569 2987 5614 sunt
3018 5575 3139 5627 qua:
3174 5561 3243 5615 de
3281 5562 3390 5616 illis
3421 5557 3796 5629 hia'tibus‘ideut

2259 5627 2722 5695 narratFazellus
2780 5632 2944 5686 testis
2994 5623 3268 5695 oculatus,
3315 5648 3379 5685 ac
3406 5623 3709 5685 Philotheus
3740 5623 3796 5673 de

2260 5694 2573 5771 ilomodeis,
2605 5707 2660 5753 et
2700 5699 2793 5754 alii
2828 5702 2969 5771 apud
3008 5694 3322 5757 Cluverium
3356 5701 3555 5761 Sicilia
3583 5698 3791 5766 antiqua:

579 5768 681 5819 (Ine
719 5769 878 5821 castis
926 5766 1202 5821 cruoribus
1263 5769 1478 5821 tinctam
1515 5784 1532 5820 :
1573 5769 1767 5838 quibus
1807 5766 1970 5824 tanta:
2018 5780 2161 5823 tuar-
2261 5766 2300 5820 ι.
2324 5783 2362 5834 t,
2389 5781 2438 5822 c.
2480 5768 2533 5822 8.
