4024 6480
369 377 502 442 1289

1532 367 1813 430 ORATIO
1852 368 1936 428 ΙΝ
1976 369 2034 426 8ο
2080 360 2466 428 ΛΒᾹΤΗΑΜ.
2698 401 2722 440 ι

3505 359 3639 426 12ὓο

363 508 640 566 agrorum,
679 492 963 556 silvarum,
993 505 1058 546 ac
1085 485 1350 560 pecudum
1389 485 1741 542 detrimento.
1795 482 1942 539 Cou-
1975 489 2018 544 Α
2048 481 2345 536 funiculum
2367 479 2683 535 coccineum
2709 493 2772 532 ex
2800 478 3042 532 fenestra
3071 475 3266 530 Rultuli
3293 493 3617 548 ενῃίειιςιιηι,

367 589 486 658 tigit
512 600 665 651 vero,
703 583 964 640 Kalendis
991 581 1124 652 ipsis
1149 577 1432 636 Februarii
1463 577 1592 632 anni
1628 577 1934 645 insequen-

365 681 436 734 tis
459 680 630 734 beatae
657 677 886 748 Agatlue
911 673 1257 746 martyrium,
1280 679 1340 724 ut
1367 667 1636 724 diffractis
1665 667 1844 723 Eluas
1867 665 1946 719 la-

365 771 574 825 teribus
607 767 908 824 Tartareus
935 781 998 820 ac
1026 762 1350 820 faeculentus
1371 761 1532 832 ignis,
1559 757 1936 813 vehementius

364 862 526 918 solito
559 860 942 926 effervescens,
985 855 1256 926 eruperit,
1286 867 1352 908 ac
1402 850 1701 922 prmeipitis
1728 849 1940 920 spatio-

365 953 520 1022 sique
553 951 810 1006 torrentis
859 950 1033 1004 instar
1083 941 1498 1007 debacchando,
1527 940 1686 996 obvia
1715 952 1944 1008 quaeque

365 1043 694 1106 devastarit,
735 1053 1036 1105 cursusque
1077 1034 1341 1090 adversus
1381 1029 1716 1086 Catanenses
1756 1043 1944 1100 pagos,

365 1135 667 1202 urbemque
700 1132 874 1200 ipsam
907 1127 1193 1184 direxerit.

436 1224 524 1278 5f.
563 1221 700 1289 Quid
733 1219 946 1276 consilii
977 1234 1245 1290 paganam
1305 1231 1526 1294 gentem
1558 1219 1706 1274 illam
1737 1215 1946 1270 crebris

366 1326 524 1371 terra:
547 1312 994 1369 succussionibus
1025 1321 1078 1368 et
1102 1301 1318 1371 bombis
1353 1312 1828 1385 perterrefactam,
1866 1308 1948 1362 in-

361 1409 653 1476 cendiique
701 1403 1024 1476 profluentis
1067 1406 1302 1462 horrore
1360 1405 1659 1476 stupidam,
1710 1417 1776 1458 ac
1811 1415 1947 1472 pene

363 1488 734 1555 exanimatam
777 1499 987 1567 cepisse
1019 1498 1280 1570 putatis?
1309 1497 1370 1554 In
1409 1513 1470 1554 re
1518 1498 1657 1553 adeo
1711 1495 1945 1564 trepida,

362 1595 443 1648 sic
481 1592 695 1646 volente
730 1591 983 1657 Numine,
1020 1592 1074 1646 in
1120 1602 1360 1653 mentem
1391 1590 1499 1647 illis
1545 1589 1694 1645 venit
1743 1587 1949 1658 angeli-

364 1706 486 1746 cum
507 1689 788 1746 oraculum
815 1689 882 1744 ad
917 1688 1140 1759 Agathae
1164 1698 1328 1760 caput
1353 1688 1682 1760 depositum,
1713 1687 1782 1741 de
1815 1685 1952 1741 libe-

363 1783 577 1838 ratione
623 1781 812 1852 patrite
871 1782 974 1836 sibi
1027 1781 1320 1852 promissa.
1382 1781 1608 1836 Animos
1647 1779 1812 1850 igitur
1842 1776 1944 1832 sibi

365 1873 627 1928 facientes
657 1891 670 1926 :
711 1873 1078 1941 Festinemus,
1120 1873 1394 1944 inquiunt,
1423 1873 1490 1928 ad
1525 1883 1727 1927 nostra:
1759 1869 1938 1940 Virgi-

365 1965 449 2018 nis
485 1964 802 2034 sepulcrum
838 1982 851 2018 :
887 1963 1042 2032 cujus
1072 1979 1236 2036 opem
1265 1981 1410 2020 nunc
1461 1965 1697 2034 primum
1731 1961 1944 2034 publice

362 2055 740 2124 imploramus.
771 2055 930 2112 Certa
956 2057 1098 2112 enim
1145 2065 1230 2112 est
1278 2057 1332 2112 in
1367 2057 1579 2114 cmlesti
1611 2055 1732 2126 ejus
1770 2055 1948 2125 epita-

361 2146 495 2216 phio
548 2147 815 2218 descripta
889 2149 1174 2218 promissio
1210 2150 1277 2204 de
1340 2148 1532 2218 patriae
1581 2147 1946 2214 liberatione,

361 2252 542 2307 neque
579 2241 644 2293 de
673 2249 782 2294 tam
831 2255 1038 2310 magnae
1063 2237 1321 2314 martyris
1344 2240 1584 2296 efficacia
1617 2239 1944 2295 meritorum

363 2331 506 2401 apud
537 2331 728 2398 Deum,
759 2348 936 2404 neque
963 2335 1029 2388 de
1053 2349 1321 2403 prepensa
1361 2344 1565 2388 nostra:
1603 2333 1831 2402 virginis
1891 2333 1946 2385 in

363 2424 594 2494 patriam
627 2423 924 2488 voluntate,
947 2425 1353 2494 ambigendum.
1380 2425 1532 2491 Quod
1573 2423 1618 2479 si
1649 2425 1776 2478 olim
1806 2423 1948 2476 'duo-

361 2531 483 2570 rum
511 2513 879 2588 fratru'ijQ)
904 2517 1107 2569 civium
1139 2525 1450 2570 nostrorum
1486 2515 1749 2568 naturalis
1777 2513 1952 2582 pietas

361 2621 490 2678 erga
515 2617 769 2678 parentes
799 2607 971 2663 valuit
999 2607 1216 2663 .‘Etnaza
1257 2605 1508 2663 incendia
1558 2605 1849 2673 remorari,
1882 2619 1952 2658 ne

360 2715 425 2755 se.
448 2701 795 2766 devorarent,
839 2710 893 2756 et
937 2701 1064 2770 quia
1101 2700 1205 2768 piis
1247 2699 1488 2755 humeris
1518 2697 1802 2768 impositos
1829 2697 1950 2752 illos

363 2791 668 2859 auferrent,
704 2793 756 2846 in
793 2793 948 2862 cujus
966 2793 1038 2860 pii
1067 2793 1330 2846 facinoris
1355 2791 1673 2846 memoriam
1711 2786 1947 2859 majores

361 2885 538 2941 nostri
583 2884 819 2957 illis(l5)
850 2900 1040 2940 sacros
1078 2885 1317 2940 honores
1363 2883 1788 2956 impenderunt;
1821 2881 1952 2952 quid

359 2977 548 3032 facere
582 2991 683 3048 par
721 2984 806 3031 est
854 2985 1098 3032 nostram
1134 2979 1260 3032 item
1295 2978 1468 3034 civem
1499 2977 1790 3048 Agatham,
1828 2991 1952 3048 quas

362 3086 436 3126 ne
470 3069 638 3124 Deum
693 3079 958 3132 nostrum,
1006 3086 1070 3125 ac
1128 3085 1312 3126 rerum
1365 3071 1610 3126 omnium
1663 3081 1946 3140 parentem

2049 575 2137 643 qui
2180 575 2247 628 ad
2284 573 2367 628 sui
2399 581 2772 640 conspectum,
2819 580 3039 642 propter
3057 573 3223 625 vitam
3261 571 3471 626 duobus
3505 585 3630 626 tan-

2052 677 2160 718 tum
2209 663 2470 718 Israelitis
2511 671 2782 718 servatam
2827 664 3028 718 meruit
3063 673 3226 718 totam
3257 664 3374 731 ejus
3408 667 3627 718 domum

2053 752 2376 813 incolumem
2410 759 2672 813 servare?
2699 757 2886 828 Turpe
2908 757 3052 812 enim
3081 758 3243 811 fuerit
3285 759 3446 826 hujus
3473 759 3629 813 malae

2050 851 2177 905 olim
2214 851 2544 905 muliercula:
2577 851 2766 904 vittam
2821 864 2944 904 cum
2995 831 3310 903 venerando
3348 850 3630 919 virginalis

2051 948 2245 1017 Capitis
2276 945 2526 999 conferre
2566 943 2858 997 velamine.
2893 941 3220 997 indecorum
3263 943 3427 998 etiam
3473 943 3631 998 fuerit

2054 1051 2136 1093 ter
2165 1039 2425 1107 optimam
2457 1036 2727 1107 Agatbam
2755 1035 2948 1090 alienis
2975 1030 3339 1100 ornamentis,
3365 1046 3418 1090 et
3441 1051 3633 1089 emen-

2052 1129 2248 1182 dicatis
2301 1127 2440 1181 fucis
2498 1140 2791 1192 exornare,
2829 1140 2952 1180 cum
3005 1125 3121 1194 ipsa
3167 1125 3304 1180 satis
3361 1113 3636 1194 superque

2053 1220 2288 1290 propriis
2313 1219 2566 1272 laudibus
2614 1216 3280 1287 nieritisque-prazcellat.
3335 1215 3520 1271 Liceat
3554 1225 3636 1270 ω-
3689 1229 3696 1236 ·

2053 1331 2174 1368 men
2210 1314 2313 1368 hoc
2337 1310 2578 1380 Virginis
2610 1311 2856 1366 velamen
2896 1323 3056 1365 sacro
3088 1309 3364 1379 pontificis
3394 1308 3631 1362 Aarouis

2055 1405 2331 1461 thuribulo
2365 1419 2706 1471 comparare,
2737 1404 2882 1473 quod
2910 1417 3032 1457 cum
3064 1403 3152 1456 ille
3198 1403 3322 1472 igne
3367 1402 3637 1470 thurt-quo

2055 1497 2338 1566 replesset,
2365 1506 2666 1564 contraque
2690 1495 3004 1550 incendium
3026 1494 3340 1564 objecisset,
3364 1495 3632 1547 stetisset-

2053 1607 2162 1661 que
2191 1591 2332 1646 inter
2365 1597 2614 1644 mortuos
2652 1603 2714 1643 ac
2771 1587 3040 1654 viventes,
3095 1587 3360 1643 continuo
3393 1585 3641 1641 cessavit

2051 1683 2230 1754 plaga.
2268 1681 2380 1738 Hoc
2417 1681 2562 1736 enim
2601 1681 2847 1736 velamen
2885 1696 3008 1737 cum
3041 1697 3106 1736 ex
3141 1681 3370 1750 Agatluc
3430 1689 3638 1735 attactu

2052 1789 2242 1830 sacros
2266 1775 2528 1842 quosdam
2563 1775 2666 1830 sibi
2700 1773 2901 1828 odores
2936 1773 3277 1837 iiubihisset,
3313 1787 3545 1843 cumque
3577 1789 3638 1827 se

2052 1885 2116 1924 ac
2149 1869 2427 1923 dominam
2460 1869 2675 1939 ignibus
2697 1867 2967 1936 jacentem
2996 1878 3268 1923 servasset
3305 1867 3634 1923 incolumem

2055 1976 2119 2018 ac
2167 1962 2415 2027 illaesum,
2458 1961 2772 2032 huiusmodi
2813 1961 3126 2032 promeruit
3169 1960 3437 2016 adversus
3487 1961 3640 2034 ignes

2053 2056 2315 2126 potentire
2365 2057 2806 2124 praerogativam,
2866 2065 2926 2109 ut
2991 2056 3058 2109 ad
3096 2056 3178 2110 sui
3220 2056 3476 2110 intuitum
3503 2059 3636 2112 ode.-

2052 2156 2276 2214 remque
2302 2144 2556 2199 incendia
2585 2145 2768 2199 omnia
2801 2146 3258 2213 contremiscunt,
3291 2155 3458 2218 atque
3491 2149 3636 2204 illit-n

2053 2239 2358 2305 sopiantur,
2389 2238 2510 2291 sine
2543 2235 2705 2291 ullius
2738 2236 2983 2292 mortalis
3021 2238 3418 2294 internecione.

2121 2327 2212 2381 55.
2249 2326 2438 2381 Liceat
2475 2326 2641 2382 etiam
2668 2327 2762 2382 hic.
2793 2323 3089 2383 Mosaicam
3119 2344 3302 2383 arcam
3343 2341 3472 2385 ante
3501 2347 3636 2387 ocu-

2052 2419 2134 2476 los
2161 2429 2376 2475 vestros
2423 2433 2750 2488 proponere,
2802 2435 2924 2490 quae
2967 2421 3058 2475 ubi
3115 2419 3368 2477 .Iordauis
3423 2423 3636 2481 alveum

2054 2511 2404 2567 sacerdotum
2425 2512 2641 2566 invecta
2672 2512 2918 2568 humeris
2945 2513 3190 2577 intravit,
3224 2515 3638 2570 admirabundze

2055 2611 2326 2657 steterunt
2379 2617 2553 2672 aquae,
2589 2611 2646 2659 et
2682 2605 2886 2659 montis
2941 2604 3120 2660 instar
3174 2605 3636 2674 intumescebani,

2057 2711 2233 2764 neque
2267 2695 2332 2748 ad
2385 2711 2506 2749 eam
2534 2696 2822 2760 audebant
2870 2698 3156 2762 accedere,
3214 2714 3408 2767 nempe
3467 2702 3638 2756 divini

2051 2783 2306 2844 Numinis
2345 2788 2694 2858 praesentiam
2727 2797 2782 2843 et
2830 2789 3200 2859 Inajestatcm,
3245 2807 3309 2846 eo
3340 2808 3448 2862 quo
3481 2803 3639 2862 pote-

2053 2891 2180 2937 rant
2221 2882 2400 2946 modo,
2455 2883 2724 2937 reveritaa.
2773 2882 3080 2950 Spectastis
3134 2884 3333 2938 Arcam
3374 2883 3637 2940 Jordanis

2054 2991 2224 3048 aquas
2251 2976 2607 3039 dividentem,
2643 2989 2947 3044 earumque
2977 2993 3170 3032 cursus
3207 2993 3577 3035 remorantem
3607 2981 3630 3034 ?

2055 3070 2251 3136 Quaaso
2281 3085 2444 3136 nunc,
2469 3069 2670 3124 mentis
2690 3070 2865 3125 oculis
2884 3071 3180 3140 perspicite
3205 3071 3419 3128 Etuma
3454 3075 3640 3132 incen-

363 3160 667 3226 desercret,
707 3163 758 3214 in
795 3161 945 3216 vivos
993 3163 1166 3231 ignes.
1192 3169 1470 3232 testasqne
1499 3163 1800 3218 candentes
1825 3161 1949 3230 inji-
1976 3187 2020 3244 ο
2056 3163 2166 3226 dia,
2217 3162 2373 3231 quasi
2427 3161 2724 3232 liquefacta
2772 3163 2988 3219 metalla
3031 3167 3294 3220 torrentis
3329 3169 3505 3222 instar
3539 3169 3638 3225 tle-

359 3252 412 3306 ci
444 3267 602 3322 passa
628 3261 712 3308 est
732 3293 748 3318 ,
772 3261 829 3308 et
867 3267 990 3322 qua:
1013 3269 1080 3308 ne
1116 3253 1279 3309 fidem
1297 3245 1577 3311 'castitatis
1605 3253 1829 3310 Christo
1857 3269 1948 3309 se-

361 3341 474 3397 mel
523 3344 705 3398 datam
769 3343 1080 3417 frangeret,
1147 3347 1432 3403 mortalem
1483 3349 1654 3403 vitam
1717 3347 1954 3404 libenter

357 3433 541 3489 Voluit
593 3433 969 3502 profundere?
997 3437 1150 3504 Quod
1204 3439 1248 3493 si
1285 3439 1555 3509 Agatham
1593 3439 1772 3494 adhuc
1801 3453 1952 3494 mor-

360 3524 550 3588 talem,
582 3539 682 3596 pro
703 3523 923 3582 Christo
950 3524 1194 3582 comburi
1225 3538 1598 3599 exoptantem,
1631 3529 1950 3584 carnificum

359 3617 616 3673 incendia
646 3619 919 3690 attingere
942 3637 1048 3675 non
1077 3622 1374 3688 audebant,
1425 3623 1671 3694 nunquid
1703 3623 1949 3694 ejusdem

358 3711 630 3780 nolentis,
669 3728 792 3784 quae
821 3716 933 3780 jam
971 3727 1138 3783 prope
1167 3713 1448 3768 Christum
1485 3713 1696 3770 assistit
1726 3715 1952 3769 innnor-

357 3804 574 3862 talitate
613 3806 838 3872 donata,
889 3805 1125 3876 patrium
1157 3805 1356 3871 solum,
1425 3807 1616 3862 urbem
1667 3807 1946 3875 civesque,

352 3911 583 3968 suaeque
619 3897 920 3953 nativitatis
950 3897 1241 3966 palatium,
1293 3913 1356 3953 ac
1395 3911 1751 3954 sacrosancta
1801 3913 1947 3952 mar-

357 3989 501 4058 tyris
554 3999 903 4046 monumenta
964 3989 1238 4045 audebunt
1283 3990 1335 4044 hi
1406 3987 1738 4060 profluentes
1795 3990 1948 4060 ignes

245 4109 276 4148 ,·
347 4081 635 4138 obruere?
678 4080 904 4136 Minime
973 4081 1258 4138 enimvero
1328 4081 1421 4137 hic
1477 4082 1670 4155 igneus
1733 4088 1948 4137 torrens

345 4171 721 4230 Catanensem
742 4173 991 4228 tellurem
1026 4175 1284 4244 attinget,
1334 4188 1454 4244 qua:
1481 4175 1712 4244 virginis
1743 4174 1949 4229 recenti

352 4265 545 4320 adhuc
565 4279 762 4321 cruore
787 4281 1056 4336 respersa,
1077 4266 1319 4322 «validius
1340 4267 1485 4337 apud
1521 4267 1688 4322 Deum
1720 4265 1945 4332 clamat,

347 4373 523 4427 quam
550 4359 733 4414 Abelis
757 4359 1018 4430 sanguis:
1045 4359 1280 4428 ideoque
1311 4359 1447 4414 nihil
1469 4359 1628 4414 nobis
1647 4360 1946 4429 desperand-

347 4449 489 4503 dum
520 4457 626 4515 est,
666 4451 979 4506 recentibus
1005 4458 1112 4504 tam
1137 4449 1292 4506 bona:
1321 4449 1460 4506 citis
1485 4449 1714 4520 Agatha:
1737 4451 1950 4507 meritis

344 4541 854 4612 patrocinantibus.

433 4631 523 4688 '52.
578 4631 705 4690 Haec
761 4634 839 4689 illi
895 4635 1268 4707 colloquentes
1316 4635 1384 4692 ad
1434 4645 1640 4692 sancta:
1687 4637 1946 4710 martyris

345 4724 677 4795 sepulcrum
752 4724 1087 4782 festinantes
1131 4735 1452 4791 accurrunt,
1491 4742 1682 4796 preces
1717 4727 1950 4783 fundunt

345 4827 416 4875 et
447 4816 745 4890 lacrymas,
773 4818 976 4885 velum,
1009 4821 1156 4891 quod
1186 4820 1450 4892 virginale
1479 4835 1680 4892 corpus
1711 4822 1947 4892 tegebat,

340 4911 684 4977 extrahunt,
708 4912 904 4970 bacillo
921 4913 975 4969 in
993 4929 1176 4970 aerem
1199 4914 1470 4970 extollunt
1497 4930 1512 4968 :
1533 4914 1720 4983 itaque
1743 4917 1944 4976 armati

342 5003 702 5074 ﬁdentesque
723 5006 1106 5075 grassantibus
1125 5005 1400 5061 incendiis
1419 5005 1637 5060 obviam
1661 5006 1946 5076 prodeunt.

332 5093 554 5152 Mirum
589 5095 748 5152 visu:
797 5097 946 5153 illico
989 5097 1308 5168 praecipites
1343 5096 1418 5152 illi
1471 5105 1752 5153 torrentes
1777 5097 1943 5168 ignei,

287 5241 306 5248 ,
333 5187 515 5257 qtiasi
567 5188 860 5257 praesentis
903 5187 1150 5258 Virginis
1201 5190 1526 5260 potentiam,
1569 5204 1634 5245 ac
1689 5189 1948 5260 martyris

337 5274 700 5358 majestatem
749 5277 994 5344 reveriti,
1030 5294 1255 5336 cursum
1291 5282 1516 5345 sistunt,
1582 5280 1790 5334 rabiem
1848 5296 1945 5350 po-

347 5377 524 5437 nunt,
583 5369 821 5426 calorem
858 5371 1238 5443 exstinguunt.
1296 5372 1437 5441 Quid
1497 5373 1585 5430 hic
1655 5374 1944 5444 praedicem

429 5531 542 5604 (η)
574 5529 798 5604 Egimus
833 5533 901 5604 de
928 5533 1017 5590 his
1049 5532 1314 5593 fratribus
1353 5537 1448 5594 5i.
1487 5535 1613 5594 Jan.
1653 5537 1730 5592 ad
1761 5536 1944 5592 Vitam

334 5602 532 5678 sancti
554 5602 854 5678 Athanasii
879 5603 1252 5678 Methonensis
1299 5609 1537 5678 episcopi
1557 5608 1676 5673 ολ,
1695 5623 1750 5663 n.
1769 5607 1823 5662 5.
1838 5607 1942 5678 tibi

343 5692 376 5747 ς
414 5672 810 5747 Amphinonms
827 5685 878 5747 et
913 5677 1155 5744 Anapias
1196 5696 1215 5728 ι
1251 5672 1616 5747 appellantur,
1649 5672 1740 5734 hic
1770 5696 1798 5730 a
1833 5677 1936 5731 Va-

333 5744 492 5819 lqrio
519 5743 753 5819 Maximo
791 5743 1095 5819 «Anapus,»
1135 5749 1204 5802 ab
1233 5743 1356 5804 aliis
1391 5767 1411 5800 ε
1433 5743 1676 5819 Anapius
1708 5759 1766 5819 et
1791 5751 1934 5803 Ana-

327 5813 458 5886 pis.
502 5831 522 5866 ι
561 5811 891 5886 Syracusani
929 5811 1078 5872 cives
1105 5833 1233 5874 suos
1260 5819 1430 5888 fuisse
1467 5811 1642 5888 aiunt,
1681 5837 1698 5872 ί
1730 5818 1931 5875 Emon-

633 5907 906 5972 PATBOL.
957 5911 1072 5973 Gn.
1121 5912 1194 5975 C.

2057 3255 2356 3322 currentia,
2427 3267 2591 3324 atque
2643 3255 2805 3312 obvia
2863 3272 3116 3328 quaeque,
3173 3257 3336 3313 etiam
3395 3259 3640 3331 lapideo.

2059 3360 2294 3412 montes,
2324 3348 2476 3404 velut
2505 3363 2690 3404 ceram
2720 3349 3077 3406 di-ssolventia
3109 3367 3124 3406 :
3150 3367 3382 3422 quorum
3413 3356 3638 3412 ardores

2055 3454 2380 3508 cursusque,
2409 3455 2587 3510 neque
2635 3441 2884 3512 ingentes
2927 3440 3129 3509 fontes,
3177 3453 3356 3515 neque
3389 3445 3538 3502 fluvii
3571 3464 3642 3504 ex

2055 3529 2365 3600 liquefactis
2435 3531 2653 3587 nivibus
2711 3543 3090 3600 occurrentes,
3135 3538 3490 3610 exstinguere
3558 3515 3641 3594 vel

2058 3632 2208 3677 certe
2235 3623 2488 3693 mitigare
2511 3633 2829 3696 potuerunt.
2858 3624 2968 3682 Sed
3007 3627 3136 3697 quid
3168 3626 3353 3684 fontes
3382 3629 3644 3700 fluviique

2053 3713 2275 3766 valeant
2305 3712 2572 3768 adversus
2601 3724 2711 3768 tam
2741 3729 2998 3788 magnum
3026 3718 3245 3788 igneum
3294 3719 3642 3789 profluvium,

2053 3821 2178 3860 cum
2210 3796 2341 3862 illdd
2380 3807 2556 3878 ipsum
2585 3806 2794 3864 Ionium
2843 3824 2996 3866 mare
3025 3827 3154 3867 suas
3189 3817 3434 3870 comburi
3467 3833 3641 3881 aquas

2053 3898 2158 3952 olei
2199 3897 2373 3953 instar
2419 3899 2730 3968 pertulerit,
2771 3901 3002 3973 ideoque
3053 3905 3196 3960 intra
3233 3906 3486 3963 humidus
3515 3926 3644 3979 pro-

2055 3990 2362 4061 fundosque
2386 3992 2546 4048 sinus
2566 4005 2694 4048 suos
2713 3993 2891 4048 locum
2915 3992 2992 4050 illi
3022 3999 3310 4064 cont-edat,
3337 4015 3401 4055 ac
3429 4001 3642 4070 fugiens

2053 4085 2279 4156 antiqua
2342 4084 2526 4141 littora
2576 4096 2815 4153 mutare,
2868 4088 3138 4158 longeque
3193 4107 3254 4147 sc
3309 4094 3642 4150 contrahere

2052 4174 2408 4243 Oportueritl
2460 4174 2595 4229 Cum
2656 4175 2820 4247 igitur
2883 4177 3019 4233 nihil
3074 4180 3172 4234 alti
3213 4181 3638 4238 durissimorum

2051 4263 2292 4334 lapidum
2357 4275 2590 4331 lumnas,
2643 4276 2918 4337 rupesque
2971 4268 3244 4340 ingentes,
3291 4271 3424 4327 nihil
3469 4273 3639 4328 etiam

3705 4119 3721 4266 ξ

2053 4357 2335 4411 inimicum
2371 4357 2538 4412 utaris
2567 4357 2924 4421 elementum.
2979 4371 3169 4416 contra
3209 4363 3366 4433 ignes
3393 4363 3639 4420 )Etumos
3709 4393 3716 4426 ;

2051 4449 2240 4504 conari
2273 4458 2520 4516 possent,
2554 4453 2788 4520 ejusque
2835 4452 2982 4508 vires
3010 4453 3332 4522 retundere;
3378 4457 3634 4530 exiguum
3715 4453 3721 4460 ’

1978 4547 2024 4604 D
2053 4557 2190 4599 sane
2212 4543 2440 4614 virginis
2479 4544 2706 4614 Agmine
2731 4543 2977 4600 velamen
3009 4562 3038 4602 a
3067 4547 3280 4605 civibus
3313 4551 3440 4608 suis
3459 4552 3512 4607 in
3551 4568 3646 4608 su-

2053 4635 2222 4692 blime
2255 4637 2484 4701 elatum,
2523 4637 2817 4709 ventisque
2841 4640 3153 4710 expositum
3185 4641 3408 4708 (mirum
3441 4644 3640 4717 dictu).

2057 4727 2308 4796 protinus
2333 4736 2388 4780 et
2437 4726 2689 4782 incendia
2723 4729 2994 4785 εκειὶηιίι
3022 4739 3078 4786 et
3107 4731 3360 4802 rapidum
3416 4749 3640 4790 cursum

2062 4821 2344 4890 repressit.
2367 4819 2426 4874 fu
2457 4820 2616 4890 cujus
2641 4821 2892 4890 przeclari
2935 4819 3204 4882 facinoris
3231 4837 3648 4884 monumentum

2058 4911 2348 4968 fasculeuta
2389 4910 2479 4965 illa
2529 4911 2782 4968 incendia
2819 4915 2874 4968 in
2909 4916 3114 4972 arduos
3160 4913 3378 4976 montes
3413 4921 3647 4976 horren-

2060 5006 2193 5060 tium
2247 5017 2535 5072 saxorum,
2615 5016 3051 5078 exustarumque
3081 5008 3294 5080 rupium
3352 5025 3645 5076 conversa,

2055 5108 2159 5164 pro
2214 5105 2424 5151 aeterno
2497 5095 2787 5169 virginalis
2829 5097 3090 5154 victoria.-
3159 5099 3404 5172 trophao
3456 5112 3650 5158 erecta

2055 5186 2390 5252 subsistunt,
2449 5189 2917 5258 comprobantque
2970 5191 3180 5246 oraculi
3226 5191 3518 5280 veritatem
3565 5193 3636 5248 de

2053 5279 2248 5350 patriae
2299 5276 2641 5344 liberatione,
2695 5279 2766 5336 de
2819 5283 2959 5336 coelo
3017 5298 3113 5352 per
3173 5266 3396 5356 angcios
3445 5285 3638 5342 delati.

2054 5367 2226 5436 Quam
2266 5369 2434 5424 etiam
2473 5370 2542 5426 ob
2570 5385 2793 5426 causam
2820 5371 3064 5429 velamen
3117 5373 3250 5431 illud
3301 5377 3458 5447 quasi
3491 5377 3641 5450 Aga-

2055 5537 2186 5592 tiam
2227 5545 2284 5592 et
2319 5536 2599 5594 Critonem
2639 5556 2659 5589 )
2697 5539 3030 5598 nominatos.
3078 5539 3185 5598 Sed
3245 5543 3299 5598 in
3350 5541 3650 5602 Catanensi

2054 5607 2306 5680 districto
2339 5618 2491 5680 gesta
2523 5623 2613 5664 res
2644 5619 2747 5666 est.

2117 5679 2232 5750 (l3)
2260 5678 2461 5736 Strabo
2489 5681 2526 5738 l.
2555 5680 2610 5736 fi.
2653 5700 2672 5735 α
2707 5681 3264 5754 Hormnmemorinu
3299 5687 3372 5742 ita
3413 5688 3654 5754 posteri-

2048 5761 2132 5824 t_;is
2196 5759 2478 5824 munerata
2529 5761 2635 5812 est.
2673 5763 2729 5808 ut
2779 5753 3016 5824 sepulcri
3068 5756 3221 5812 locus
3263 5753 3652 5814 nominaretur

2045 5819 2536 5891 Coimus-piorum.
2587 5840 2606 5874 ›

3251 5921 3323 5982 Μ
