4024 6416
436 332 579 398 1291

1472 332 1530 391 S.
1569 331 1949 393 METIIODII
1990 334 2497 397 PATRIARClI/E
2532 336 2641 396 CP.

3587 340 3706 406 1259

448 450 556 503 tha:
590 446 845 502 vexillum
870 444 938 503 de
970 446 1095 516 igne
1122 444 1521 515 triumphantis
1546 445 1671 499 laeto
1708 446 2029 516 pepulornm
2064 455 2104 510 Α
2139 449 2339 504 ibidem
2370 447 2707 504 oﬂct'cntitllll
2759 456 3033 515 curasset,
3089 463 3330 519 suasque
3361 466 3554 519 preces
3592 473 3706 511 CIIII]

448 540 643 611 plausu
683 537 1110 602 circumfusum,
1175 537 1228 591 in
1269 552 1477 600 arcam,
1535 538 1721 607 inqua
1761 539 1868 592 dux
1916 540 2028 607 ipsa

447 632 688 688 victoriae
713 631 1050 702 quiescebat,
1102 630 1368 686 inclusum
1419 629 1541 696 fuit,
1583 641 1641 683 ut
1685 631 1875 699 majori
1907 648 2031 685 cum

448 723 797 778 veneratione
851 736 915 777 ac
957 723 1161 793 pietate
1197 724 1249 776 in
1298 724 1549 778 adversis
1600 710 1791 792 patriae
1871 727 2033 780 rebus

447 823 781 870 servaretur.

519 905 612 961 ⁸54.
648 906 693 963 O
738 906 971 971 centies,
1025 915 1079 961 et
1136 905 1338 961 millies
1401 920 1526 983 vere
1572 908 1713 962 bona
1771 908 1942 977 virgo,
1976 917 2032 963 et

444 999 681 1069 martyr!
744 998 923 1062 bona,
977 998 1223 1068 inquam,
1260 997 1450 1054 tibiae
1494 1013 1693 1067 sponso
1729 1009 1822 1056 tuo
1876 1001 2034 1056 Chri-

446 1099 570 1159 sto;
604 1091 745 1146 bona
785 1091 948 1146 etiam
982 1090 1192 1161 patriae,
1232 1090 1448 1161 tuisque
1478 1092 1711 1161 civibus,
1741 1110 1879 1164 quos
1917 1104 2027 1149 tam

359 1231 375 1245 ,
448 1179 687 1235 evidenti
748 1180 1012 1237 miraculo
1055 1182 1353 1237 incolumes
1391 1183 1669 1239 servasti!
1734 1185 1874 1241 Vere
1926 1201 2031 1241 non

447 1279 531 1326 est
563 1271 668 1326 alia
705 1272 921 1339 civitas,
969 1289 1093 1345 quae
1122 1283 1352 1345 experta
1380 1275 1453 1330 sit
1476 1287 1694 1332 sanctos
1733 1278 1882 1333 cives
1907 1293 2034 1334 suos

457 1363 529 1416 ita
564 1363 669 1419 sibi
703 1367 994 1435 propitios,
1034 1366 1177 1422 sicut
1208 1369 1476 1438 Agatham
1513 1370 1662 1437 regio
1684 1368 2030 1425 Catanensis.

454 1453 646 1524 Neque
678 1471 806 1512 vero
843 1468 952 1512 tam
982 1457 1122 1513 bona
1152 1459 1308 1531 virgo
1344 1474 1473 1531 erga
1505 1477 1635 1518 suos
1668 1470 1876 1524 tantum
1907 1478 2034 1532 pro-

451 1561 674 1615 pensam
708 1548 901 1604 habuit
934 1550 1292 1617 voluntatem,
1333 1553 1427 1608 sed
1473 1553 1527 1607 in
1569 1563 1828 1610 externos
1865 1555 2033 1610 etiam

448 1652 544 1691 sua
574 1638 836 1694 beneficia
865 1641 1043 1711 plenis
1066 1645 1325 1700 manibus
1352 1643 1588 1700 diﬂ'udit.
1619 1645 1862 1714 Quorum
1888 1639 2033 1703 fama

448 1728 692 1798 permota
738 1732 903 1789 Lueia
944 1735 1080 1806 (14),
1132 1738 1287 1806 virgo
1334 1738 1481 1793 inter
1531 1736 1907 1811 Syracusanos
1940 1755 2037 1795 no-

2136 540 2391 611 laciymis
2436 538 2773 605 miscuisset,
2833 539 3059 611 Agatha:
3109 543 3416 611 sepulcrum
3477 561 3711 617 compte-

2135 637 2357 694 ctendo.
2394 636 2589 705 pieque
2615 636 3011 703 exosculaudo,
3058 638 3111 692 in
3144 636 3315 694 levem
3352 655 3603 698 somnum
3636 646 3714 699 i..-

2136 727 2287 781 cidit.
2340 727 2519 796 Atque
2555 728 2658 781 sibi
2692 727 2879 783 videre
2912 730 3027 783 visa
3063 741 3151 784 est
3201 733 3412 786 beatam
3450 734 3712 804 Agatham

2139 818 2190 870 in
2218 818 2360 872 coelo
2392 819 2538 873 inter
2580 820 2899 889 angelorum
2931 836 2996 875 ac
3039 822 3314 892 virginum
3347 826 3548 882 choros
3579 828 3717 884 clare

2137 912 2459 980 fulgentem,
2493 914 2672 980 specie
2720 926 2885 982 super
2917 927 3111 969 omnes
3151 916 3488 985 augustiore,
3524 920 3717 973 verba-

2136 1020 2240 1073 que
2308 1003 2425 1057 brec
2475 1004 2578 1057 sibi
2633 1013 2974 1073 promentem
3037 1008 3227 1062 audire
3268 1006 3477 1063 :Lueia
3549 1010 3715 1080 virgo,

2136 1096 2295 1163 cujus
2345 1098 2633 1164 integritas
2670 1112 2755 1151 me
2784 1097 3006 1164 invitat,
3056 1108 3113 1151 ttt
3149 1108 3202 1154 te
3254 1117 3500 1156 sororem
3536 1103 3695 1173 appel

2139 1187 2265 1253 lem,
2321 1189 2449 1257 quid
2496 1204 2596 1259 per
2647 1203 2734 1243 me
2770 1189 3096 1269 a‘Christo,
3144 1194 3435 1264 utriusque
3474 1206 3718 1250 nostrum

2136 1294 2377 1349 sponso,
2423 1280 2788 1336 valetudinem
2842 1283 3004 1337 matri
3048 1293 3153 1338 tua:
3199 1285 3558 1355 dcprecaris?
3586 1285 3720 1341 Tute

2138 1373 2256 1448 ipsa
2295 1385 2516 1444 propter
2542 1375 2873 1446 virginitatis
2908 1385 3011 1430 tua!
3036 1376 3224 1431 liorem
3270 1378 3541 1439 illibatum
3577 1379 3720 1433 illam

2139 1467 2469 1536 impetrasti,
2496 1477 2553 1523 et
2585 1468 2714 1523 ecce
2738 1467 2853 1538 jam
2890 1470 3197 1525 convaluit.
3237 1469 3344 1524 Sed
3394 1482 3449 1525 et
3477 1487 3598 1541 qua:
3630 1472 3720 1526 tibi

2138 1565 2373 1612 ventura
2402 1558 2533 1622 sint,
2557 1558 2821 1622 enuntio;
2848 1572 2971 1614 nam
3002 1568 3127 1628 post
3162 1560 3410 1632 martyrii
3442 1576 3721 1628 coronam,

2138 1665 2303 1720 quam
2341 1651 2494 1708 brevi
2522 1651 2741 1717 indues,
2778 1652 2985 1709 Christi
3022 1667 3221 1724 sponsa
3267 1668 3481 1709 mecum
3519 1654 3573 1708 in
3613 1669 3723 1709 cte-

2137 1741 2329 1797 lestem
2362 1742 2660 1799 thalamum
2715 1743 3078 1823 ingredie‘ris;
3119 1755 3174 1801 et
3205 1745 3349 1809 sicut
3381 1759 3477 1815 per
3513 1759 3601 1801 me
3629 1746 3721 1801 Ca-

448 1824 716 1878 bilissima
743 1864 758 1889 ,
812 1824 1098 1899 Eutychiae
1154 1831 1367 1900 parenti
1425 1831 1721 1902 sanguinis
1792 1830 2033 1887 ﬂuxione
2071 1866 2110 1920 Β
2139 1837 2451 1893 tsncnsium
2504 1837 2698 1894 civitas
2752 1839 3062 1894 illustratur
3092 1854 3122 1894 a
3163 1839 3406 1904 Christo,
3439 1840 3515 1894 ita
3555 1854 3650 1908 per
3675 1849 3721 1891 te

447 1917 715 1973 laboranti
737 1921 1036 1989 persuasit,
1061 1931 1121 1977 ut
1153 1923 1418 1979 Catanam
1446 1925 1512 1980 ad
1555 1930 1764 1980 sanctae
1807 1925 2037 1995 virginis
2075 1917 2098 1920 ’⁷
2142 1927 2485 1998 Syracusana
2537 1940 2857 1988 exornatur.
2924 1933 3105 2003 Atque
3155 1932 3272 1988 haec
3329 1934 3510 1988 locuta
3563 1933 3723 1988 subli-

450 2012 679 2082 Agatltm
727 2014 986 2084 templum
1037 2018 1464 2087 sepulcrumque
1522 2018 1685 2074 simul
1725 2029 2031 2089 pergerent.

446 2100 691 2172 Cumque
714 2102 828 2175 jam
859 2106 947 2161 illa
977 2107 1323 2164 incruentum
1359 2111 1692 2167 sacriﬁcium
1719 2126 1817 2182 pro
1853 2122 2029 2170 matre

527 2281 637 2350 (Ml
673 2280 748 2337 De
799 2293 989 2360 sancta
1039 2284 1222 2360 Luci_a_
1255 2261 1553 2360 matrisque
1588 2289 1709 2360 ejus
1742 2293 2029 2348 curatione

448 2366 693 2421 agemus,
718 2363 773 2409 et
801 2355 1035 2424 plenius,
1068 2358 1133 2411 ad
1159 2358 1226 2411 15
1259 2355 1510 2414 Deceml).
1536 2355 1647 2431 quo
1675 2362 1892 2417 colitur.

2144 2023 2247 2076 mis
2277 2022 2432 2088 abiit,
2492 2032 2549 2079 et
2590 2022 2755 2080 Lucia
2793 2026 3174 2098 expergefacta
3224 2036 3509 2097 parentem
3542 2040 3722 2080 sanam

2142 2117 2352 2185 reperit
2374 2116 2512 2188 (15).
3380 2126 3385 2131 ⁷

2212 2294 2326 2370 (15)
2377 2294 2642 2370 Videntur
2678 2298 2857 2353 adhuc
2901 2297 3081 2370 aliqua
3122 2297 3331 2354 deesse.
3358 2297 3549 2370 Neque
3581 2299 3721 2354 inim

2146 2365 2219 2420 ita
2255 2366 2488 2437 abrupte
2514 2367 2771 2425 desinere
2793 2369 2969 2438 potuit
2993 2365 3179 2424 tantus
3199 2377 3407 2425 orator.

1260 2732 1896 2848 EJUSDEM
1989 2736 2107 2849 S.
2207 2740 2924 2857 METHODII

592 3085 599 3092 ἱ
710 2967 1450 3062 MARTYBIUM
1543 2973 1895 3111 ΒΕᾼΤΙ
1982 2975 2543 3070 DlONYSIl
2623 2980 3472 3109 AREOPAG-lTIE.

450 3168 591 3235 (Hoc
614 3164 925 3233 opusculum
953 3164 1091 3236 leges
1122 3164 1177 3217 in
1197 3167 1490 3235 appendice
1519 3164 1589 3221 ad
1623 3164 1802 3238 Opera
1833 3165 1893 3224 S.
1915 3167 2157 3241 Dionysii
2188 3169 2546 3243 Areopagitw,
2567 3172 2729 3244 hujus
2754 3144 3103 3247 Patrologite,
3131 3183 3168 3232 ι.
3201 3174 3293 3241 ιν,
3322 3175 3427 3232 col.
3456 3176 3565 3236 669
3591 3181 3729 3251 68‘.)

2708 3375 3121 3391 Ἦ

3549 3375 3715 3395 κ

986 3550 994 3559 ε
1104 3529 1644 3619 EJUSDEM
1750 3528 2367 3622 METHODII
2448 3472 3072 3629 EPISTOLA.

1506 3722 1656 3786 (Atto.
1689 3719 1958 3782 minarat.
1991 3735 2099 3774 nov.
2136 3730 2170 3773 t.
2199 3708 2335 3786 v,‘p.
2379 3723 2486 3787 ιιι,
2518 3726 2652 3788 267.)

459 3840 644 3934 sancti
673 3876 928 3933 Metltodii
958 3874 1281 3946 patriarcha;
1323 3871 1894 3946 Constatttiuopolitani
1931 3871 2043 3946 epi-

2157 3870 2265 3925 Τυῦ
2293 3870 2477 3946 ’ᾁγίου
2518 3870 2815 3946 Μεθοδίοι)
2854 3874 3223 3943 πατριάρχου
3254 3881 3729 3936 Κωνσταντινου-

526 3948 664 4003 stola
703 3949 867 4002 missa
917 3942 987 4000 ad
1033 3944 1524 4016 Hierosolymorum
1567 3942 1928 4013 patriarcltam
1954 3942 2046 3996 .de

524 4018 850 4088 depositione
879 4025 1241 4086 apostatarum
1269 4015 1631 4070 sacerdotum.

526 4225 822 4281 Extensam
861 4238 891 4278 a
921 4231 1011 4278 tua
1056 4219 1354 4276 venerabili
1390 4216 1727 4274 sublimitate
1767 4214 2042 4271 sermonis

456 4334 702 4385 manum,
734 4316 890 4373 nobis
942 4330 1039 4386 per
1086 4311 1558 4384 religiosissimum
1606 4307 1831 4363 fratrem
1865 4305 2043 4361 Silva-

370 4410 377 4416 ’
455 4428 612 4478 num,
650 4409 1028 4481 presbyterum
1067 4421 1131 4462 ac
1164 4405 1517 4469 monachum,
1555 4401 1897 4471 superiorum
1928 4411 2046 4452 om-

458 4510 609 4565 nium
643 4518 819 4574 usque
865 4502 932 4557 ad
969 4514 1068 4556 nos
1104 4498 1459 4570 synodorum,
1507 4503 1722 4567 gratam
1755 4491 2043 4563 admodum

456 4614 513 4656 et
542 4597 901 4654 orthodoxam
939 4592 1175 4649 delatam
1229 4588 1543 4659 accepimus
1597 4607 1610 4641 :
1661 4596 2041 4653 vestramque,

456 4694 524 4747 de
557 4707 665 4762 qua
699 4687 1030 4745 admonitam
1064 4684 1332 4741 voluimus
1363 4681 1666 4737 fraternam
1703 4688 1853 4733 tuam
1882 4678 2046 4748 pieta-

461 4796 590 4851 tcm,
627 4790 775 4836 recte
801 4789 855 4835 et
893 4776 1352 4834 indeelinabiliter
1394 4773 1645 4828 libratam
1680 4770 2043 4834 sententiam,

458 4873 692 4928 libenter
718 4866 1122 4933 intelleximus;
1159 4877 1355 4935 nempe
1401 4860 1547 4932 quod
1585 4858 1678 4913 Dei
1710 4858 1915 4912 auxilio
1960 4855 2044 4912 usi

458 4968 726 5021 fuerimus
753 4962 822 5018 ad
849 4957 1294 5030 consequendam
1327 4970 1513 5009 veram
1547 4968 1667 5022 quae
1691 4951 1887 5022 obtigit
1912 4965 2046 5005 con-

454 5059 701 5115 cordiam
736 5065 1020 5122 nostram;
1057 5048 1515 5123 quemadmodum
1554 5045 1762 5101 scilicet
1798 5057 1899 5099 nos
1931 5056 2046 5096 am-

456 5152 600 5221 bigui
654 5165 756 5219 vos
804 5148 1306 5216 interrogavtmus,
1345 5139 1615 5212 plenoque
1667 5151 1895 5193 assensu
1951 5149 2045 5191 vos

2221 3941 2456 4016 πόλεως
2505 3942 2803 4016 ἐπιστολὴ
2855 3941 3196 4014 πεμφυὲῖὰα
3261 3951 3413 4016 πρὸς
3468 3952 3579 4015 τὸν
3627 3966 3731 4005 πα-

2220 4011 2531 4090 τριάρχην,
2567 4011 3037 4090 Ἰεροσολύμιυὺ,
3086 4017 3187 4070 ἐπὶ
3231 4011 3578 4090 sedat/rigebat
3621 4021 3730 4074 τῶν
3798 4028 3818 4067 ‘-

2220 4082 2779 4149 ἀποστατησάντων
2812 4082 3034 4153 ἱερέων.

2220 4216 2332 4287 Τὴν
2383 4216 2709 4273 ἐκταθεῖσαν
2762 4220 2864 4290 τῆς
2911 4221 3102 4291 τιμίας
3154 4225 3594 4295 κορυφαιότητός
3642 4241 3728 4278 σου

2147 4308 2244 4361 τοῦ
2277 4306 2439 4377 λόγου
2485 4311 2644 4381 χεῖρα
2688 4310 2851 4382 ἡμῖν,
2890 4311 2980 4366 διὰ
3017 4312 3112 4366 τοῦ
3144 4314 3547 4372 εὐλαϐεστάτου
3585 4317 3727 4372 ἀδελ-

2151 4397 2253 4467 φοῦ
2317 4398 2641 4466 Σιλουανοῦ,
2701 4401 2796 4456 καὶ
2852 4403 3241 4477 πρεσϐυτέρου
3303 4409 3401 4461 καὶ
3465 4407 3725 4479 μοναχοῦ,

2151 4491 2340 4544 πασῶν
2374 4492 2481 4549 τῶν
2522 4492 2790 4548 ἀνέκαθεν
2829 4494 3025 4566 μέχρις
3056 4497 3215 4568 ἡμῶν
3250 4500 3506 4568 συνόδων,
3539 4498 3726 4555 aband-

2147 4584 2337 4639 δεκτον
2376 4586 2470 4639 καὶ
2499 4585 2753 4658 ίθύτομον
2793 4588 3131 4660 ἀπαγγέλλει
3168 4591 3447 4661 φέρουσαν
3468 4611 3481 4624 ·
3515 4595 3609 4647 καὶ
3639 4592 3726 4661 τὴν

2150 4681 2272 4733 καθ’
2299 4681 2448 4752 ἡμᾶς
2482 4680 2649 4734 αὐτοῦ
2682 4683 2812 4752 παρ’
2842 4677 2910 4755 ἦς
2936 4684 3277 4755 κεκινήμεθα
3300 4685 3617 4756 ὑπομνῆσαι
3638 4684 3726 4755 τὴν

2149 4771 2426 4844 ὑμετέραν
2457 4773 2759 4847 ἀδελφικὴν
2781 4775 3096 4831 θεοσέϐειαν
3118 4818 3133 4843 ,
3175 4776 3352 4849 ὀρθῶς
3391 4778 3489 4832 καὶ
3523 4781 3723 4849 ἀπροσ-
3762 4827 3773 4836 .

2149 4863 2347 4930 κλινῶς
2405 4866 2694 4939 κριθεῖσαν
2739 4868 3130 4939 ἀπεδεξάμεθα
3185 4869 3282 4923 καὶ
3325 4870 3724 4942 ἠγαπήσαμεν·

2147 4955 2222 5019 ὡς
2257 4956 2410 5028 παρὰ
2439 4958 2647 5029 Κυρίου
2673 4959 3123 5026 εἰσακουσθέντες
3155 4962 3212 5015 ὲν
3243 4965 3310 5033 τῇ
3340 4963 3611 5033 συμπνοίᾳ
3639 4960 3726 5028 τῆς

2148 5049 2385 5121 ἀληθοῦς
2416 5050 2548 5120 ἡμῖν
2583 5052 2964 5124 γεγενημένης
2992 5053 3251 5124 ὁμονοίας
3271 5071 3286 5086 ο
3321 5055 3514 5110 καθότι
3540 5055 3637 5108 οὐκ
3665 5047 3725 5121 ἦν

2149 5128 2354 5212 ἑτέρως
2388 5140 2512 5195 οὐδὲ
2545 5141 2806 5213 ἠλπίζετο
2839 5143 3017 5208 ἄλλως
3045 5145 3359 5217 φέρειν’καὶ
3397 5146 3558 5217 ἔχειν,
3595 5145 3626 5216 ἢ
3657 5143 3725 5204 ὡς

457 5240 819 5312 respondistis
867 5258 880 5294 :
924 5236 1209 5302 videlicet,
1259 5234 1588 5291 constitutos
1639 5246 1668 5285 a
1716 5228 1948 5285 Tarasio
1995 5237 2048 5282 et

2153 5232 2317 5303 ἡμεῖς
2359 5248 2422 5284 τε
2478 5233 2941 5304 περιτρεπόμενον.
2992 5235 3140 5303 ὑμᾶς
3185 5236 3588 5306 ἠρωτήσαμεν,
3640 5229 3725 5284 καὶ

456 5333 788 5406 Nicephoro,
812 5332 991 5390 beatis
1023 5340 1079 5388 et
1105 5328 1431 5387 orthodoxis
1464 5323 1719 5381 Patribus
1750 5323 2045 5379 fratribus-

2154 5324 2532 5394 συντιθέμενοι
2559 5325 2719 5395 ὑμεῖς
2743 5325 3118 5396 ἀπεκρίνασθε
3139 5342 3153 5358 ·
3182 5325 3421 5398 λέγομεν
3440 5326 3505 5397 δὴ
3530 5324 3590 5379 τὸ
3610 5322 3725 5383 τοὺς

455 5442 564 5497 que
605 5425 808 5483 nostris
857 5423 1276 5491 sacerdotibus,
1324 5429 1512 5493 postea
1558 5433 1587 5473 a
1634 5417 1862 5473 veritate
1899 5416 2047 5471 deci-

455 5521 611 5585 duos,
661 5528 719 5575 et
757 5530 906 5574 recta
951 5519 1039 5573 via
1072 5524 1418 5579 exerrantes,
1452 5513 1502 5568 si
1539 5510 1576 5567 ii
1607 5525 1675 5567 ex
1705 5517 1822 5565 tota
1864 5509 2045 5564 anima

454 5625 549 5666 eos
583 5610 919 5681 pcenituerit,
949 5618 1006 5665 et
1038 5605 1558 5679 inconsiderantiam
1622 5616 1774 5659 suam
1820 5601 2047 5656 damna-

453 5702 659 5769 verint,
681 5703 919 5772 vitaeque
947 5700 1251 5757 mutatione
1274 5697 1493 5769 dignam
1523 5693 1905 5768 paenitentiam
1934 5699 2042 5746 tota

455 5790 638 5852 mente
697 5802 1007 5855 susceotam
1060 5791 1593 5858 demoustraverint,
1654 5796 1709 5845 et
1764 5786 2043 5842 haereseou

2158 5416 2257 5486 μὲν
2316 5414 2426 5468 ἀπὸ
2482 5414 2760 5486 Ταρασίου
2820 5417 2914 5470 καὶ
2942 5415 3260 5489 Νικηφόρου
3305 5416 3415 5470 τῶν
3454 5412 3723 5486 μακαρίων

2155 5508 2251 5562 καὶ
2291 5505 2589 5578 ὀρθοδόξων
2620 5506 2881 5578 Πατέρων
2926 5509 3020 5563 καλ⁵
3069 5507 3314 5578 ἀδελφῶν
3349 5507 3537 5580 ἡμῶν,
3569 5501 3725 5574 ἱερεῖς

2154 5597 2615 5669 καθισταμένους,
2648 5600 3107 5670 παρασφαλέντας
3129 5600 3187 5653 δὲ
3214 5596 3611 5669 τῆς-ἀληθείας,
3637 5589 3724 5645 καὶ

2153 5691 2528 5763 ὠλισθηκότας
2563 5691 2672 5745 ἀπὺ
2703 5693 2804 5764 τῆς
2835 5693 3055 5758 εὐθείας
3091 5692 3213 5747 ὁδοῦ
3250 5690 3529 5765 ὁλοψύχως
3573 5696 3725 5759 μετα·

2153 5784 2481 5855 νοήσαντας,
2521 5783 2614 5836 καὶ
2660 5786 2757 5855 τῆς
2802 5786 3061 5851 ἀϐουὶξας
3106 5784 3335 5851 ἑαυτοὺς
3379 5790 3719 5855 καταμεμφο·
