4024 6478
312 466 448 532 1293

1382 450 1744 517 EPISTOLA
1777 443 2077 507 CONTRA
2110 440 2502 505 STUDITAS.

3439 433 3573 500 1:291

313 579 508 654 μένους
532 617 547 644 ι
580 578 649 648 τῇ
678 575 735 630 δὲ
767 572 1107 647 μεταμελείᾳ
1144 569 1243 639 τὴν
1273 567 1433 633 ἀξίαν
1472 564 1763 637 μετάνοιαν
1804 556 1900 654 ξλῃ

2008 562 2275 617 aut-tores,
2306 565 2429 603 cum
2456 550 2652 602 horum
2686 545 3048 601 abominanda
3083 546 3374 601 cacooloxia
3413 551 3583 602 attne~

308 652 504 743 γνώμῃ
534 666 1002 738 ἐνδεικνυμένους,
1035 661 1280 725 καὶτοὺς
1304 659 1413 713 τῶν
1441 659 1706 729 αἱρέσεων
1738 652 1897 731 ἑξάρ-

308 780 437 837 χους
461 763 528 833 τῇ
577 760 732 832 βδελυ
743 760 810 830 ρᾷ
838 757 1047 813 τούτων
1074 751 1370 825 κακοδοξίᾳ
1394 745 1898 820 ἀποπεμπομένους

306 854 401 909 καὶ
451 852 991 923 ἀναθεματίζοντας,
1044 849 1175 913 τοὺς
1226 847 1327 917 τῆς
1395 842 1683 905 εὐσεϐείας
1740 841 1899 910 ὅρους

307 943 709 1016 ὁμολογοῦντας
741 941 1027 1012 ἐμμένειν,
1060 940 1156 994 καὶ
1184 938 1286 1009 τὴν
1321 933 1632 1009 ὀρθοδοξίαν
1658 930 1900 986 ἀναϐοω-

312 1036 534 1105 μένους,
572 1034 647 1095 ὡς
700 1032 1000 1104 φυλάξαιεν
1046 1031 1212 1102 μέχρι
1265 1028 1497 1105 θανάτου
1530 1027 1611 1088 είς
1658 1021 1726 1075 τὰ
1773 1019 1902 1090 ἑξῆς

306 1100 514 1200 ταύτην
534 1167 548 1191 ,
581 1126 678 1180 καὶ
714 1100 1093 1199 ύπερθάνοιεν
1122 1100 1216 1184 είς
1248 1119 1329 1173 ἔτι
1359 1100 1460 1188 sit;
1491 1112 1754 1188 ἀληθείας
1774 1151 1788 1175 ,
1822 1112 1902 1174 είς

308 1220 577 1291 καύχημα
605 1219 788 1281 αὐτοῖς
809 1259 822 1283 ,
854 1218 949 1271 καί
970 1218 1048 1280 είς
1066 1209 1555 1287 ἡμέρανΧριστοῦ,
1573 1205 1781 1281 πρδςτὸ
1813 1204 1904 1275 ζῆ-

311 1329 404 1365 σαι
420 1314 532 1382 ἀμη
542 1310 717 1382 ρύτως
741 1309 837 1363 καὶ
857 1308 1247 1375 ἀτελευτήτως,
1271 1305 1496 1369 τούτους
1522 1301 1900 1368 ἀποδέξασθαι,

312 1402 411 1455 καὶ
456 1404 540 1463 εἰς
591 1402 718 1462 τοὺς
763 1398 998 1460 οἰκείους
1034 1395 1277 1467 βαθμοὺς
1306 1394 1639 1463 ἐπανάγειν,
1686 1393 1782 1446 καλ¹
1828 1391 1905 1455 ὡς

311 1491 496 1543 οἰκεῖα
529 1487 665 1559 μέλη
692 1489 759 1558 τῇ
796 1486 903 1558 ἰδίᾳ
937 1486 1179 1558 ἁρμονίᾳ
1212 1483 1493 1549 συντάξαι,
1533 1483 1628 1536 καὶ
1665 1480 1905 1552 συγκλη-

315 1580 601 1653 ρὼσασθαι
648 1583 763 1645 τοῖς
806 1597 866 1633 τε
915 1579 1098 1642 ἄλλοις
1139 1578 1314 1633 ἅπασι
1363 1577 1503 1648 μετά
1533 1576 1692 1631 τοῦτο
1733 1577 1808 1641 ὡς
1848 1579 1905 1629 ἐν

312 1673 547 1744 δευτέρᾳ
598 1672 784 1737 τάξει,
820 1674 868 1724 εί
900 1672 1220 1742 συνορῶμεν
1272 1670 1435 1724 πάλιν
1467 1670 1586 1725 καθ’
1620 1670 1678 1723 ὃν
1714 1670 1780 1725 ἂν
1815 1671 1907 1724 καὶ

314 1765 424 1818 δέοι
465 1765 652 1837 τρόπῳ
680 1765 1032 1835 χρήσασθαι·
1077 1764 1209 1836 ἄτερ
1244 1763 1402 1834 μόνον
1439 1762 1537 1816 τοῦ
1569 1764 1903 1828 τελευταίου,

288 1857 598 1911 ,τουτέστιν
627 1856 856 1927 ἐσχάτου
883 1856 978 1910 καὶ
1000 1855 1218 1925 πρώτου
1245 1855 1497 1925 ὲχηίστου
1525 1856 1625 1925 τῆς
1648 1854 1907 1927 ἀληθείας

331 1947 607 2014 Ἰωάννου,
644 1947 769 2018 μηδ’
810 1948 948 2011 ὅλως
982 1947 1202 2000 πώποτε
1247 1946 1510 2015 φανέντος
1543 1945 1901 2017 Χριστιανοῦ,

316 2039 415 2091 καὶ
443 2038 650 2111 κλήρου
690 2039 847 2107 λόγον
875 2038 975 2091 οὐκ
1013 2038 1314 2110 ἐσχηκότος
1347 2038 1457 2092 οὐδ’
1490 2038 1906 2103 ὲπεκτείναντος

318 2128 582 2184 ἁπάντων
616 2131 745 2184 τινί.
780 2130 966 2185 Ταῦτα
999 2129 1177 2202 ὀρθῶς
1203 2133 1301 2184 καὶ
1330 2130 1451 2184 λίαν
1482 2130 1665 2195 καλῶς
1707 2130 1776 2185 δι’
1803 2130 1909 2184 ὀλί-

315 2238 422 2293 γου
450 2224 756 2297 ὲκθεμένης
804 2225 904 2296 τῆς
953 2227 1231 2299 ὑμετέρας
1272 2226 1574 2297 ἀδελφικῆς
1613 2225 1908 2295 σεϐασμιό-

315 2332 506 2388 τητος,
546 2316 659 2371 ίδοὺ
692 2318 933 2389 σήμερον
974 2317 1224 2390 τριετοῦς
1267 2317 1651 2388 πληρωθέντος
1677 2317 1875 2389 χρόνου
1896 2358 1908 2382 ,

318 2410 420 2464 καὶ
467 2410 563 2463 τοῦ
604 2410 868 2480 τετάρτου
918 2409 1274 2481 ἀρξαμένου,
1309 2409 1506 2463 οὐδένα
1560 2408 1774 2480 καρπὸν
1816 2426 1914 2479 με·

2001 645 2252 716 gavcrint
2283 652 2337 696 ct
2366 639 2973 702 amthcmatizavcriut,
3013 654 3151 694 vera:
3185 639 3464 710 religionis
3494 640 3587 693 des

2002 736 2342 793 ﬁnitionibus
2404 741 2645 788 staturos
2713 745 2774 786 se
2834 731 3247 801 promittentes,
3302 739 3355 785 et
3397 731 3584 784 ortho-

2002 830 2216 885 doxiam
2240 824 2452 898 publice
2477 822 2820 894 proﬁtentes,
2847 831 2903 878 et
2927 824 3069 878 hanc
3091 837 3262 893 usque
3286 822 3353 877 ad
3375 823 3585 878 obitum

2005 924 2240 979 retinere
2269 921 2527 988 deinceps
2569 917 2952 988 promittentes
2985 916 3118 990 (imo
3149 927 3203 971 et
3229 930 3353 972 cum
3390 918 3586 987 gaudio

2004 1027 2235 1071 mortem
2284 1029 2382 1084 pro
2434 1011 3036 1079 veritate'subituros)
3093 1024 3264 1079 usque
3322 1008 3378 1063 in
3440 1008 3584 1063 diem

2000 1109 2231 1172 Christi,
2270 1118 2330 1162 ut
2376 1118 2635 1163 aeternam
2670 1105 3157 1174 incessabilcmque
3198 1104 3363 1158 vitam
3400 1116 3589 1158 conse-

2005 1212 2277 1275 quantur;
2313 1202 2435 1267 hos,
2468 1202 2719 1272 inquam,
2768 1210 3019 1268 oportere
3056 1197 3245 1266 recipi,
3288 1206 3343 1250 et
3376 1195 3428 1249 in
3463 1210 3590 1249 suas
3664 1186 3677 1238 4

2006 1274 2163 1368 sedes
2218 1295 2445 1371 reponi,
2501 1308 2564 1347 ac
2604 1292 2769 1347 veluti
2826 1289 3046 1361 propria
3092 1274 3333 1343 membra
3372 1287 3590 1357 corpori

2007 1392 2205 1461 aptari,
2231 1398 2286 1444 ct
2315 1403 2436 1443 cum
2463 1386 2607 1441 omni
2634 1384 2843 1455 reliquo
2866 1384 3012 1437 clero
3041 1382 3319 1447 colloCari,
3350 1381 3589 1437 secundo

2009 1498 2189 1543 tamen
2242 1485 2409 1548 loco,
2465 1490 2525 1536 ut
2564 1481 2824 1535 nimirum
2876 1477 3036 1533 simul
3083 1477 3466 1543 observemus,
3520 1491 3589 1530 an

2008 1578 2399 1635 convenienter
2432 1589 2489 1629 se
2532 1581 2723 1644 gerant
2750 1590 2765 1628 :
2798 1579 3022 1640 excepto
3055 1578 3263 1623 tantum
3293 1577 3591 1638 postremo,

2010 1688 2103 1727 seu
2141 1670 2331 1725 ultimo
2362 1683 2424 1723 ac
2454 1668 2633 1737 primo
2665 1664 2919 1719 veritatis
2946 1662 3324 1717 inimicissimo
3352 1660 3592 1723 Joanne,

2010 1763 2101 1835 qui
2137 1776 2412 1831 nunquam
2453 1774 2681 1830 prorsus
2724 1757 3070 1812 Christianus
3100 1753 3381 1824 apparuit,
3418 1767 3599 1822 neque

2017 1855 2068 1908 in
2098 1853 2245 1908 clero
2278 1852 2459 1907 locum
2485 1838 2700 1911 habuit,
2735 1858 2914 1915 neque
2944 1856 3142 1897 munus
3160 1840 3444 1911 quodlibet
3476 1853 3597 1908 εοεαε

2010 1947 2101 2001 sit.
2137 1942 2233 1999 llis
2268 1954 2414 1999 recte
2453 1951 2508 1996 et
2546 1938 2933 2009 pulcherrime,
2977 1936 3043 1989 ad
3089 1934 3256 1989 breve
3309 1942 3519 2001 tempus
3564 1945 3595 1984 a

2011 2048 2189 2094 vestra
2252 2036 2494 2091 fraterna
2546 2032 2904 2104 religiositate
2957 2028 3307 2092 conStitutis,
3363 2040 3431 2081 en
3489 2035 3598 2079 ter-

2014 2131 2121 2185 tius
2148 2131 2258 2199 jam
2302 2142 2477 2182 annus
2535 2124 2755 2193 elapsus
2797 2130 2901 2189 est,
2936 2131 3269 2191 quartusque
3308 2120 3590 2186 inceptus;

2016 2238 2189 2291 neque
2227 2220 2296 2274 ab
2343 2233 2406 2273 eo
2434 2215 2600 2272 ullum
2645 2212 2981 2286 paenitentia:
3023 2212 3294 2274 fructum,
3337 2209 3451 2263 sive
3500 2222 3595 2276 per

2017 2313 2276 2370 humilem
2336 2318 2682 2375 sermonem,
2731 2307 2846 2361 sive
2892 2320 2990 2375 per
3028 2304 3151 2358 vitae
3205 2300 3594 2371 asperitatem,

2014 2414 2106 2461 aut
2165 2402 2532 2461 voluntariam
2600 2398 2986 2462 solitudinem,
3062 2393 3425 2463 signiﬁcatum
3489 2392 3598 2444 ullo

318 2500 546 2564 τανοίας
604 2499 696 2553 τὸν
751 2500 843 2554 διά
900 2516 1047 2565 τινος
1103 2499 1538 2570 ταπινόφρονος
1592 2498 1783 2567 λόγου“
1820 2501 1904 2555 καὶ

2017 2499 2176 2554 modo
2208 2496 2588 2566 cognovimus,
2624 2501 2730 2547 etc.

323 2590 752 2663 σκληραγωγίας
803 2591 921 2662 βίου
965 2591 998 2661 ἢ
1048 2577 1285 2662 ἠρεμίας
1336 2589 1648 2645 ὲθελουσίου
1726 2589 2082 2657 δεικνύμενον
2122 2589 2276 2660 παρά
2359 2602 2464 2640 τινι
2500 2581 2624 2674 ⁸τῶν
2684 2581 2821 2635 ὅλων
2890 2577 3040 2651 αὐτῷ
3084 2577 3306 2631 πώποτε
3329 2572 3598 2646 ἔγνωμεν,

323 2700 384 2738 κ.
426 2698 476 2735 τ.
520 2681 578 2735 λι

432 2771 614 2844 Pergit
659 2771 961 2828 Methodius
1000 2773 1300 2844 declamare
1347 2786 1532 2830 contra
1582 2776 1873 2840 hereticos,
1907 2776 2268 2842 praecipueque
2299 2768 2916 2844 prmdictum__-Ioannem
2958 2750 3408 2831 ln‘conoclastam,
3442 2767 3497 2819 in

685 2884 698 2894 .
802 2914 807 2919 1
841 2859 993 2914 quem
1034 2843 1368 2914 Nicephorus
1409 2846 1466 2901 in
1496 2839 1864 2901 Anterrlzetico
1891 2845 1981 2913 ill,
2025 2839 2141 2912 cap.
2181 2839 2217 2899 9
2247 2839 2410 2913 supra
2438 2842 2541 2898 col.
2576 2840 2706 2907 551,
2741 2839 3023 2895 invehitur.

335 3030 3594 3065 ________________________________.__________._________.

1244 3204 1884 3327 EJUSDEM
1971 3201 2690 3316 METHODII

1052 3441 1641 3539 EPISTOLA
1713 3439 2182 3535 CONTRA
2256 3438 2876 3530 STUDITAS.

1326 3633 1476 3686 IAM.
1500 3633 1618 3697 Mn,
1647 3631 1886 3700 Spicileg.
1910 3635 2051 3685 Rom.
2086 3636 2121 3682 t.
2158 3631 2240 3693 Vl,
2275 3645 2326 3694 p.
2357 3644 2457 3681 un
2475 3630 2606 3695 seq.)

413 3941 675 4010 Sequitur
706 3940 759 3995 in
782 3939 971 3996 codice
996 3937 1128 4007 225,
1156 3939 1198 3995 l'.
1230 3938 1326 4009 45,
1361 3948 1571 3996 tractus
1603 3956 1711 3996 non
1741 3941 1815 3996 ita
1839 3957 1903 3996 ex

2008 3956 2071 3997 us
2092 3939 2363 4009 διαθήκης
2385 3935 2780 4005 ἐπιτελευτίου,
2816 3940 3126 3995 teslamenli
3163 3955 3273 4010 quo
3304 3940 3610 3998 Methodius

334 4029 433 4085 ille
467 4028 775 4093 confessor,
807 4029 1127 4098 patriarcha
1162 4027 1833 4099 Constantinopolitsnus.
1867 4031 2016 4085 circa
2053 4033 2256 4083 annum
2286 4029 2394 4082 842
2423 4027 2697 4084 catholico
2720 4027 2918 4083 robore
2944 4027 3149 4089 clarus,
3187 4039 3379 4083 contra
3416 4043 3608 4099 parum

332 4126 660 4172 reverentes
692 4116 1081 4187 patriarcbalis
1115 4117 1404 4187 dignitatis
1429 4117 1679 4173 Studitas
1711 4120 2011 4173 monachos
2044 4117 2296 4185 scripsit;
2325 4131 2485 4185 quam
2516 4115 2839 4170 sententiam
2869 4118 2923 4168 in
2948 4114 3171 4171 homilia
3200 4131 3440 4186 quoque,
3470 4118 3612 4187 jam-

334 4205 432 4259 diu
456 4204 764 4271 deperdita,
788 4203 926 4258 dixit
959 4222 972 4258 :
1013 4203 1179 4258 Ἀλλά
1210 4220 1276 4273 γε
1312 4205 1407 4260 καὶ
1430 4205 1489 4259 ὲν
1526 4204 1691 4277 ἑτέρᾳ
1716 4204 1904 4277 ὁμιλίᾳ

2010 4204 2096 4257 λιν
2137 4204 2269 4275 περὶ
2303 4203 2413 4256 τῶν
2438 4200 2623 4258 αὐτῶν
2652 4219 2824 4273 φησι·
2856 4201 2948 4274 Μὴ
2978 4198 3334 4258 συνεσθιᾶσθε
3376 4206 3610 4273 τούτοις,

344 4290 485 4363 μηδὲ
514 4290 703 4359 λέγετε
736 4290 975 4363 χαίρειν,
1013 4292 1137 4345 ἐπεὶ
1167 4292 1216 4344 εί
1242 4294 1558 4345 κοινωνεῖτε
1592 4296 1703 4356 τοῖς
1731 4293 1918 4362 ἔργοις
1948 4290 2153 4356 αὐτῶν,
2179 4292 2239 4359 ἐξ
2271 4290 2576 4358 ἀναγκαίου
2605 4290 2665 4344 δὲ
2694 4291 2789 4343 καὶ
2828 4290 2907 4362 τῷ
2947 4291 3256 4362 ἀναθέματι
3283 4309 3297 4322 ·
3327 4286 3424 4346 καὶ
3455 4293 3615 4348 τοῦτο

332 4380 399 4434 δὲ
426 4379 839 4450 ὑπομνήσομεν,
861 4378 938 4442 ὡς
967 4379 1021 4433 ετ
1048 4394 1181 4432 ποτε
1200 4378 1607 4450 ἐπιστρέψειεν,
1643 4379 1878 4432 κάκεῖνα
1906 4378 1975 4431 τὰ
2000 4379 2191 4442 κακῶς
2216 4381 2499 4453 γραφέντα
2519 4379 2580 4431 οὐ
2610 4378 2868 4431 τοσοῦτον
2902 4379 3048 4449 κατὰ
3079 4378 3189 4431 τῶν
3228 4382 3609 4453 πατριαρχῶν,

331 4467 467 4519 ὅσον
496 4464 640 4519 κατά
672 4467 769 4536 τῆς
810 4463 1164 4534 Ἐκκλησίας,
1200 4465 1403 4519 ἐκεῖνοι
1443 4464 1553 4535 γὰρ
1608 4459 1811 4538 ἦσανὴ
1864 4466 2162 4535 Ἐκκλησία
2182 4469 2230 4520 οἱ
2276 4452 2369 4520 καὶ
2401 4465 2608 4537 ταύτην
2664 4465 3040 4538 στηρίξαντες,
3096 4452 3612 4539 ἀναθεματίσουσιν,

334 4554 557 4621 ἐφεῖται
586 4553 779 4624 καιρὸς
800 4552 984 4617 αὐτοῖς
1010 4553 1329 4621 μετανοίας,
1360 4552 1475 4608 ἀλλ’
1523 4554 1622 4625 οὐχ
1676 4552 1904 4624 ίερωσύν

2053 4552 2119 4609 In
2140 4555 2275 4608 ‘nlia
2304 4570 2508 4624 quoque
2537 4552 2756 4608 [comitia
2794 4557 2858 4608 de
2889 4555 3078 4608 iisdem
3109 4553 3336 4611 Studitis
3370 4559 3443 4610 ait
3472 4572 3490 4609 :
3530 4558 3615 4614 Ne

336 4654 460 4692 cum
490 4640 555 4692 iis
582 4640 859 4709 quisquam
892 4650 1154 4705 vescatur,
1190 4656 1352 4709 neque
1377 4657 1473 4696 ave
1517 4642 1594 4695 eis
1620 4642 1801 4707 dicat;
1834 4659 1955 4696 nam
1991 4643 2037 4696 si
2070 4644 2309 4713 ipsorum
2339 4642 2547 4696 actibus
2576 4642 3111 4709 communicaveritis,
3136 4646 3431 4700 necessario
3454 4647 3617 4700 etiam

335 4726 698 4782 anathematis
735 4730 1016 4796 participes
1048 4730 1215 4785 eritis.
1252 4728 1624 4785 Verumtamen
1651 4731 1750 4785 hoc
1774 4746 1976 4801 quoque
1999 4745 2290 4796 monemus,
2326 4729 2465 4799 quod
2492 4730 2539 4783 si
2578 4746 2757 4797 nempe
2788 4730 3125 4798 resipuerint.
3181 4742 3229 4786 et
3284 4735 3475 4804 iniquis
3506 4734 3617 4791 illis

340 4812 724 4867 ntaledixerint
745 4817 956 4883 scriptis
985 4832 1089 4871 non
1114 4827 1223 4871 tam
1255 4818 1509 4872 adversus
1535 4820 1892 4887 patriarchas,
1921 4833 2081 4890 quam
2105 4828 2291 4870 contra
2323 4813 2641 4881 Ecclesium,
2671 4814 2725 4868 Iti
2746 4817 2883 4870 enim
2906 4819 3201 4873 Ecclesium
3231 4823 3618 4875 constituebant

339 4900 437 4966 qui
470 4915 587 4953 eam
628 4900 943 4969 fulciebant,
973 4913 1174 4971 tempus
1216 4904 1345 4970 ipsis
1376 4906 1448 4957 ad
1489 4905 1852 4973 paenitendum
1882 4904 2210 4968 conceditur,
2243 4920 2346 4956 non
2374 4912 2553 4957 tamen
2602 4900 2672 4957 ad
2705 4906 2875 4959 sacris
2929 4904 3277 4975 (ungendum.
3325 4907 3441 4963 lmo
3489 4924 3616 4961 vero

340 4996 541 5043 contra
575 4985 825 5051 Studitas
841 4989 1074 5060 epistola
1099 4989 1243 5046 beati
1274 4990 1537 5047 Methodii
1567 4992 1843 5063 profertur
1875 4996 1999 5049 cod.
2031 4994 2163 5057 225,
2199 4992 2348 5057 ωε,
2382 5008 2548 5062 quam
2583 5009 2686 5064 ego
2736 4995 2958 5049 nonnisi
2991 4996 3290 5051 breviatam
3331 5009 3386 5052 et
3422 5014 3616 5066 magna

344 5076 437 5131 sui
467 5084 625 5145 parte
660 5077 1001 5132 decurtatam
1036 5092 1105 5132 ex
1145 5077 1334 5135 codice
1355 5079 1464 5134 215
1492 5079 2137 5151 (quem-contractiorem
2159 5081 2331 5135 altero
2355 5079 2468 5149 jam
2498 5096 2663 5151 supra
2711 5082 2823 5136 dixi
2851 5098 2902 5152 p.
2940 5083 3124 5152 ηιμ),
3163 5085 3387 5138 recitavi
3414 5083 3614 5155 Script.

344 5171 455 5219 eet.
500 5161 663 5230 tJlll,
715 5180 771 5234 p.
810 5163 940 5219 256.
1000 5163 1099 5221 Est
1144 5175 1328 5222 autem
1379 5182 1559 5237 opera:
1608 5169 1843 5239 pretium
1896 5184 2016 5224 eam
2053 5184 2199 5225 nunc
2260 5170 2527 5239 integram
2579 5170 2669 5223 hic
2710 5169 3039 5235 describere,
3109 5172 3252 5225 nulla
3292 5179 3474 5228 tamen
3519 5174 3653 5230 ad-.

337 5251 495 5323 jeeta
525 5252 818 5308 brevitatis
857 5266 1027 5309 causa
1057 5252 1511 5323 interpretatione
1545 5255 1765 5314 Latina.
1802 5257 1957 5325 Quod
1990 5269 2170 5313 autem
2227 5259 2490 5327 praedicto
2539 5257 2593 5312 in
2630 5255 2752 5327 loco
2798 5259 2878 5312 ait
2927 5260 3228 5316 monachus
3285 5260 3616 5330 Methodius,

345 5339 639 5408 epistolam
682 5340 825 5397 hanc
855 5341 1187 5410 patriarcha:
1209 5338 1469 5399 Methodii
1491 5343 1793 5416 legendam
1818 5360 1940 5402 esse
1976 5346 2118 5415 apud
2150 5345 2438 5410 Niconcm,
2470 5353 2619 5401 recte
2649 5359 2708 5401 se
2729 5345 2926 5414 habet;
2958 5347 3157 5402 etenim
3182 5364 3249 5403 ex
3268 5350 3458 5405 codice
3481 5351 3620 5406 Ara-

347 5425 479 5481 bico
515 5425 637 5483 Vat.
681 5427 808 5496 ΠΒ,
834 5429 974 5499 apud
1010 5444 1111 5485 nos
1145 5428 1344 5500 Script.
1371 5440 1471 5487 vet.
1508 5440 1549 5487 t.
1580 5434 1673 5503 IV,
1703 5448 1757 5505 p.
1789 5435 1911 5501 168,
1942 5442 2168 5504 apparet
2191 5447 2315 5488 eam
2341 5433 2393 5487 in
2434 5432 2658 5488 Niconis
2705 5434 2944 5504 typicum
2982 5433 3152 5491 fuisse
3180 5447 3481 5507 receptam.
3539 5440 3619 5495 En

348 5524 537 5568 autem
568 5525 626 5571 ut
657 5530 781 5573 eam
812 5519 1011 5575 recitat
1040 5518 1280 5576 Joannes
1315 5521 1602 5591 Ephesius.

425 5608 508 5663 Τὰ
542 5612 910 5697 γεγραμμένα
967 5614 1114 5668 κατὰ
1148 5614 1243 5669 τοῦ
1299 5614 1619 5689 Νικηφόρου
1662 5616 1757 5672 τοῦ
1791 5635 1900 5672 παν

2108 5616 2222 5673 Nisi
2253 5632 2315 5673 ea
2341 5634 2463 5689 quae
2494 5629 2684 5675 contra
2722 5629 2973 5675 sanctum
3010 5619 3376 5693 Nicephorum
3411 5635 3466 5679 et
3491 5626 3624 5681 bea-

350 5701 505 5757 oaiou
539 5704 635 5759 καὶ
676 5706 959 5776 Ταρασίου
985 5706 1081 5760 τοῦ
1111 5708 1443 5778 τρισολδίου,
1464 5712 1513 5764 εί
1543 5711 1617 5780 μὴ
1646 5709 1897 5781 ἁναθεμα

2040 5720 2154 5766 tmn
2183 5710 2470 5767 Tarasium
2492 5713 2800 5782 conscripta
2824 5722 2972 5782 sunt,
2996 5714 3624 5784 anathematizareritis,

354 5792 568 5864 τίσητε,
589 5796 622 5868 ἢ
654 5794 903 5869 σήμερον
929 5798 1243 5871 ἔμπροσθεν
1262 5801 1373 5855 τῶν
1392 5801 1642 5872 ἀδελφῶν
1670 5803 1763 5858 καὶ
1784 5803 1899 5857 «συλ

2040 5805 2127 5860 vel
2158 5804 2318 5861 hodie
2356 5820 2540 5860 coram
2571 5805 2837 5862 fratribus
2866 5818 2921 5862 et
2955 5782 3376 5878 comministris,
3415 5812 3498 5868 vel
3528 5813 3625 5868 de-

358 5881 716 5959 λειτουργῶν,
755 5890 896 5963 ἢείς
927 5892 1245 5969 ὡρισμένην
1293 5893 1508 5968 ἡμέραν
1539 5895 1803 5952 ἐλθόντων
1837 5897 1904 5953 αὐ

2046 5897 2196 5953 ﬁnito
2232 5897 2341 5966 dic,
2371 5898 2449 5955 eis
2482 5899 2550 5956 ad
2586 5913 2682 5957 vos
2733 5900 3165 5972 ingredientibus
3196 5914 3363 5975 atque
3392 5905 3624 5963 audicn~
