4024 6480
1636 293 1668 307 '5

349 396 519 487 1297
1522 424 1890 486 EPISTOLA
1928 427 2226 488 CONTRA
2261 424 2658 486 STUDITAS.
3508 416 3653 481 1293

337 534 479 589 οὐκ
509 532 674 587 αὑτὸν
717 533 949 601 ἐκεῖνον,
1001 533 1075 605 μὴ
1110 533 1341 603 γένοιτο,
1396 535 1532 590 ἀλλὰ
1574 537 1642 590 τὰ
1674 540 1926 609 συγγράμ

2066 537 2261 592 litanos
2288 539 2492 605 scripta
2528 547 2672 604 sunt,
2709 552 2812 593 non
2849 536 2995 592 illum
3035 535 3212 606 ipsum
3274 532 3639 597 Theodorum,

341 644 551 697 ματα,
584 623 673 680 οἷα
707 627 770 698 δὴ
804 629 899 681 καὶ
929 630 957 681 ὁ
993 627 1326 700 Θεοδώριτος
1351 628 1423 682 τὰ
1469 629 1635 683 αὑτοῦ
1681 630 1775 683 καὶ
1810 630 1930 684 άλλε

2068 631 2231 697 absit,
2255 634 2348 685 sed
2388 631 2784 685 commentaria
2812 628 3273 700 quemadmodum
3325 641 3421 681 sua
3457 625 3642 679 Theo-

335 720 522 783 τινὲς
547 718 616 773 τὰ
646 719 788 774 κατὰ
819 720 1460 796 συναρπαγὴνμλεχθέντα
1490 721 1522 792 ἢ
1555 720 1838 792 γραφέντα
1867 721 1924 776 αἰ

2071 728 2326 793 dorelus,
2362 736 2418 782 et
2476 728 2722 783 nonnulli
2762 728 2874 796 alii,
2936 727 3082 782 circa
3145 739 3264 794 quae
3322 722 3649 792 quacunque

333 812 492 875 τοῖς
518 811 913 881 πεποιήκασιν.
959 809 1086 865 Ἐὰν
1108 805 1203 866 οὖν
1241 809 1338 882 μὴ,
1374 811 1450 876 ὡς
1472 810 1710 882 ἔφημεν,
1745 811 1841 866 καὶ
1872 808 1922 866 οἶ

2066 831 2227 871 causa
2247 817 2455 887 abrepti
2479 816 2781 883 dictarunt,
2810 817 3080 873 fecerunt.
3107 816 3164 870 Si
3200 815 3392 886 igitur,
3420 822 3478 866 ut
3512 813 3648 867 dix’-

206 974 224 985 ι
338 918 452 957 τοι
487 903 556 956 τὰ
577 902 720 956 κατὰ
735 904 945 959 τούτων
969 904 1081 958 τῶν
1133 903 1451 977 εἰρημένων
1481 903 1656 971 ἁγίων
1682 904 1795 958 ἁναι

2066 921 2207 971 mus,
2248 906 2316 961 iis
2358 921 2480 976 quae
2534 906 2826 961 adversum
2875 905 2990 975 jam
3048 904 3362 959 nominatos
3425 911 3649 956 sanctos

337 994 607 1061 τίσαιεν,
627 996 822 1067 εῐησαν
840 997 934 1050 καὶ¹
961 997 1119 1051 αὐτοὶ
1139 998 1248 1051 ἀπὸ
1264 995 1360 1050 τοῦ
1394 996 1633 1068 Πατρὸς,
1666 996 1763 1050 καὶ
1794 994 1926 1049 Υίοῦ

2063 996 2390 1051 concinnata
2422 1006 2569 1065 sunt,
2604 999 2903 1056 anathema
2965 1012 3070 1051 non
3126 996 3386 1060 dixerint,
3446 986 3556 1047 sint
3597 1002 3650 1046 et

338 1087 469 1140 καὶ
499 1086 594 1141 τοῦ
627 1087 789 1158 ἁγίου
834 1083 1158 1160 Πνεύματος
1191 1087 1445 1159 ἀνάθεμα
1494 1088 1591 1143 καὶ
1648 1087 1927 1159 κατάθεμα

2064 1089 2165 1159 ipsi
2199 1104 2231 1143 a
2264 1090 2424 1146 Patre
2462 1101 2517 1146 et
2543 1090 2684 1148 Filio
2710 1098 2764 1148 et
2787 1091 2996 1160 Spiritu
3041 1098 3236 1145 sancto
3268 1087 3644 1143 analhemaet

340 1178 614 1250 [ALLA'L
651 1180 718 1234 de
743 1178 1034 1245 Hethodio,
1065 1196 1119 1251 p.
1149 1178 1267 1251 94].

805 1180 1034 1245 ethodio,
1065 1196 1119 1251 p.
1149 1178 1267 1251 94].
2061 1182 2394 1240 catathema.

433 1268 560 1321 Καὶ
575 1268 678 1323 οὐκ
708 1270 867 1324 αὐτοὶ
891 1270 1070 1342 μόνοι,
1097 1269 1352 1325 ἀλλὰκαὶ
1388 1271 1505 1326 ὅσοι
1537 1268 1817 1347 πείθονται
1855 1270 1959 1325 αὐ-

2141 1273 2330 1345 Neque
2375 1274 2552 1332 solum
2588 1274 2687 1342 illi,
2726 1277 2820 1330 sed
2855 1273 3021 1328 etiam
3053 1273 3369 1343 quicunque
3397 1284 3639 1325 consen-

339 1360 490 1424 τοῖς
513 1361 607 1415 καὶ
647 1362 1089 1433 συναρπάζονται
1116 1362 1213 1416 καὶ
1242 1364 1324 1426 είς
1353 1362 1578 1435 φιλικὴν
1609 1363 1796 1427 αὐτοῖς
1824 1364 1928 1435 ὀμη

2066 1371 2207 1426 tiunt
2230 1383 2357 1424 cum
2393 1367 2461 1422 iis
2488 1381 2553 1422 ac
2572 1380 2695 1423 sese
2724 1365 2902 1436 abripi
2954 1365 3257 1436 patiuntur,
3298 1373 3355 1419 et
3405 1362 3644 1417 amicitia

343 1452 634 1524 ρεύονται
653 1454 870 1525 ὁμιλίαν
903 1455 936 1527 ἢ
971 1455 1282 1522 συναυλίαν,
1342 1455 1439 1510 καὶ
1497 1449 1646 1510 οὗτοι
1698 1455 1809 1511 ἀπὸ
1836 1455 1932 1510 τού

2063 1461 2436 1530 familiarique
2467 1457 2865 1515 consuetudine
2919 1455 3353 1528 coniunguntur,
3407 1453 3583 1508 aversi
3617 1467 3645 1505 a

338 1558 485 1597 των
519 1544 809 1616 κατάθεμα
855 1545 1125 1612 εστωσαν,
1177 1545 1288 1601 ἀπὸ
1319 1544 1416 1600 τοῦ
1448 1545 1689 1618 Χριστοῦ
1733 1546 1812 1616 τῷ
1843 1545 1927 1600 δια

2181 1553 2285 1606 isto
2325 1558 2381 1605 et
2419 1547 2640 1604 diabolo
2686 1547 2892 1617 devoti,
2952 1546 3247 1601 anathema
3301 1553 3483 1599 sunto.
3544 1541 3648 1609 Qui
3760 1540 3770 1547 “

341 1629 523 1702 σόλῳ
549 1631 802 1703 ἀνάθεμα
834 1646 848 1661 '
902 1633 1101 1697 αὐτοὺς
1134 1634 1244 1705 γάρ
1298 1634 1620 1701 πατοῦντες,
1657 1635 1824 1707 ἤγουν
1872 1637 1930 1689 ετ

2062 1643 2208 1699 enim
2256 1640 2362 1696 illis
2409 1639 2705 1703 obediunt,
2748 1639 2892 1707 quod
2938 1637 3072 1707 ipsis
3111 1637 3162 1690 in
3218 1635 3516 1706 perniciem
3560 1648 3649 1688 ce-

340 1723 577 1787 αὐτοὺς
609 1722 906 1793 βαίνοντες,
944 1722 1195 1779 τουτέστι
1244 1727 1311 1796 τῇ
1337 1724 1546 1780 τούτων
1604 1726 1801 1799 γνώμῃ
1864 1729 1929 1780 ἐπ

2150 1772 2164 1794 ,
2199 1739 2253 1785 et
2282 1730 2372 1800 qui
2408 1728 2534 1784 illos
2562 1736 2867 1799 sequuntur
2888 1729 3004 1783 sive
3030 1729 3331 1783 secundum
3353 1741 3450 1781 eos
3471 1726 3654 1795 ingre-
3725 1748 3730 1759 ~

343 1814 730 1885 σρειδόμενοι,
765 1816 860 1870 ἐπὶ
902 1815 981 1887 τῷ
1003 1815 1210 1870 τούτων
1231 1816 1575 1888 καταθέματι
1626 1816 1865 1888 βαίνοιεν
1911 1835 1932 1872 c

2066 1824 2310 1888 diuntur,
2342 1822 2396 1876 id
2428 1829 2535 1887 est,
2561 1820 2739 1876 eidem
2771 1818 3063 1876 sententia:
3110 1817 3316 1874 addicti
3371 1824 3520 1883 sunt,
3555 1829 3648 1871 eo-

350 1907 697 1978 πειθόμενοι
740 1907 927 1973 αὐτοῖς
954 1911 1034 1974 είς
1064 1909 1318 1981 ἀνάθεμα
1345 1926 1360 1941 ·
1393 1910 1454 1964 οὐ
1489 1908 1676 1982 θαῦμα
1705 1910 1765 1965 δὲ
1797 1910 1939 1967 τοῦτι

2065 1915 2186 1970 dem
2218 1912 2566 1969 anathemate
2620 1911 2909 1967 feriantur.
2973 1910 3088 1967 Nec
3139 1910 3363 1975 mirum,
3401 1917 3498 1963 eos
3553 1905 3646 1977 qui

342 1998 442 2053 ὅτι
473 2000 612 2063 τοὺς
640 2000 851 2065 αἰτίους
882 2001 983 2072 τῆς
1013 1999 1293 2065 ἀπωλείας
1330 2001 1441 2055 τῶν
1482 2000 1826 2071 πειθομένων
1860 2002 1931 2058 αὕη

2065 2006 2179 2063 suis
2212 2005 2496 2075 discipulis
2548 2003 2705 2059 exitii
2759 2012 3016 2061 auctores
3064 2003 3358 2066 exsistunt,
3421 2015 3452 2055 a
3491 1998 3648 2054 nobis

342 2090 480 2153 τοῖς
520 2089 872 2161 καταθέματι
916 2090 1300 2163 ὐπεϐάλομεν·
1350 2091 1560 2145 δίκαιον
1600 2091 1659 2144 δὲ
1708 2091 1928 2163 νομίσαι

2066 2097 2548 2163 anathematizari;
2596 2096 2707 2152 imo
2740 2080 2967 2153 credere
3013 2097 3170 2153 decet
3203 2094 3503 2151 secundum
3558 2090 3646 2147 di-

340 2176 440 2234 ὂτι
461 2180 633 2252 θεῖκῇ
657 2199 716 2235 τε
731 2183 825 2237 καὶ
843 2182 1181 2256 άποστολικῇ
1212 2184 1395 2256 κρίσει
1417 2182 1577 2237 τοῦτο
1599 2185 1801 2256 πεποιή
1814 2185 1929 2256 μεθ‹

2065 2174 2249 2245 vinum
2288 2187 2765 2259 apostolicumque
2807 2187 3087 2245 decretum
3114 2186 3217 2242 hoc
3272 2198 3375 2240 nos
3425 2181 3642 2247 fecisse,

344 2270 489 2325 καθ’
524 2272 839 2346 ὑπερϐολὴν
859 2275 959 2346 τῆς
985 2274 1260 2347 ἁμαρτίας
1289 2276 1409 2347 ἦτοι
1465 2274 1568 2347 τὴν
1617 2274 1801 2329 αἰτίαν
1852 2278 1933 2347 τῆς

2061 2293 2129 2335 ex
2158 2277 2491 2334 abundantia
2546 2278 2759 2349 peccati
2812 2278 2899 2334 vel
2946 2292 3110 2334 causa
3154 2275 3366 2348 peccati
3404 2282 3460 2329 et
3506 2273 3646 2344 judi-

346 2362 657 2434 ἁμαρτίας
706 2365 801 2419 καὶ
835 2366 1117 2437 κρίνοντες
1149 2367 1247 2421 καὶ
1299 2364 1579 2439 ὁρίζοντες
1606 2367 1704 2420 καὶ
1756 2365 1930 2437 ὀνομά

2059 2378 2251 2425 cantes
2283 2375 2336 2423 et
2372 2374 2682 2423 statuentes
2731 2374 2789 2422 et
2827 2367 3202 2439 designantes.
3234 2361 3375 2417 Hinc
3422 2359 3643 2416 Christo

344 2453 563 2520 ζοντες
590 2472 605 2487 ’
635 2456 715 2527 τῷ
743 2458 963 2530 Χριστῷ
988 2458 1245 2514 ἐντεῦθεν
1263 2457 1614 2531 εὐχαριστία.
2063 2460 2275 2531 gratiae.
2370 2526 2385 2539 ε
3030 2458 3037 2469 ’

390 2544 398 2550 ’
431 2552 771 2622 Sequuntur
799 2557 852 2610 in
878 2556 1028 2612 calce
1057 2557 1220 2627 hujus
1255 2556 1524 2628 epistolae,
1563 2565 1751 2627 utpote
1783 2557 2082 2629 synodicae,
2116 2560 2549 2616 acclamationes
2583 2574 2681 2615 seu
2723 2559 2918 2615 faustae
2959 2558 3306 2629 precntiones
3335 2569 3434 2626 pro
3468 2553 3642 2621 impe-

353 2641 684 2709 ratorihus,
713 2643 884 2710 clero,
909 2643 1129 2714 populo,
1152 2644 1291 2700 urbe
1321 2644 1499 2716 regia,
1537 2659 1602 2700 ac
1633 2645 1897 2701 universo
1923 2646 2176 2717 imperio.
2202 2649 2283 2705 Ex
2335 2649 2518 2705 libello
2550 2648 2779 2705 Joannis
2811 2645 3030 2717 Ephesii
3065 2652 3323 2714 excerpta
3356 2643 3641 2697 hactenus.

350 2735 436 2791 De
475 2732 707 2790 Tarasii
738 2744 919 2792 autem
957 2752 1021 2792 ac
1051 2737 1369 2809 Nicephoro
1396 2737 1749 2808 patriarchis,
1782 2753 1812 2793 a
1848 2740 2047 2809 quibus
2082 2753 2188 2795 non
2217 2747 2366 2794 recte
2396 2739 2635 2794 schisma
2668 2737 2797 2793 fecit.
2829 2736 3149 2791 Theodorus
3181 2731 3419 2793 Studita,
3466 2734 3646 2785 exstat

354 2823 679 2892 perspicua
711 2824 943 2879 historia
975 2826 1140 2880 etiam
1174 2825 1228 2879 in
1254 2826 1443 2882 codice
1477 2823 1601 2879 Vat.
1636 2825 1801 2891 H37,
1826 2826 1914 2881 ubi
1943 2824 2250 2883 Methodius
2286 2827 2353 2880 ad
2382 2826 2630 2882 Studitas
2654 2825 2904 2881 scribens
2922 2823 2995 2878 sit
3020 2818 3340 2877 concludit:
3372 2818 3445 2871 Σὺ
3475 2830 3645 2887 μονα-

344 2910 448 2982 χδς
478 2905 568 2974 εἷ’,
607 2911 701 2965 καὶ
724 2912 825 2965 οὐκ
853 2911 1034 2978 ἔξεστί
1076 2930 1160 2993 σοι⁹
1193 2913 1469 2979 ἐξετάζειν
1500 2913 1569 2967 τὰ
1600 2913 1711 2967 τῶν
1760 2914 1973 2986 ἱερέων,
2015 2913 2130 2969 ἀλλ’
2159 2912 2570 2968 ὑποτάσσεσθαί
2612 2929 2674 2965 σε
2710 2911 2843 2983 χρὴ,
2884 2910 2980 2965 καὶ
3024 2910 3125 2979 οὐχ
3154 2906 3487 2960 ὑποτάσσειν
3520 2899 3644 2956 οὐδὲ

354 2998 659 3063 ἐξετάζειν
695 3000 918 3065 αὐτούς.
954 3001 1030 3056 Tu
1066 2992 1355 3056 monachus
1391 3017 1466 3067 es,
1504 3016 1667 3071 neque
1701 3001 1797 3055 tibi
1835 3001 1943 3056 licet

2054 3002 2305 3082 mtiﬁcum
2337 3012 2457 3058 acta
2493 3001 2561 3056 ad
2597 3002 2857 3071 trutinam
2906 3011 3189 3062 revocare;
3222 3011 3346 3048 nam
3377 2992 3643 3062 subjectus

358 3089 580 3191 iis‘esse
612 3091 787 3159 debes,
824 3107 929 3146 non
947 3094 1154 3147 eosdem
1180 3090 1438 3160 subjicere
1462 3091 1537 3146 vel
1576 3093 1640 3145 de
1672 3091 1799 3161 ipsis
1823 3092 2219 3162 inquisitionem
2244 3092 2543 3146 instituere.

361 3238 493 3298 εἷπε
521 3246 707 3300 πάντα
736 3246 832 3300 καὶ
854 3245 1060 3370 ἔγραῒε
1085 3246 1229 3301 κατὰ
1253 3244 1363 3301 τῶν
1390 3245 1561 3313 ἁγίων
1600 3244 1950 3327 πατριαρχῷν

362 3315 658 3370 Ταοασίου
681 3316 776 3370 καὶ
800 3317 986 3370 Νικηω
1027 3334 1142 3370 nou.
1170 3318 1272 3370 οὐκ
1297 3316 1363 3370 ἂν
1394 3319 1474 3370 εἰς
1508 3317 1795 3370 κοινωνίαν
1827 3333 1950 3368 του-

2059 3246 2220 3300 dorus
2244 3254 2431 3299 cuncta
2454 3243 2819 3312 improbassel,
2841 3257 2957 3307 quae
2985 3242 3042 3296 in
3062 3250 3272 3296 sanctos
3306 3240 3639 3307 patriarchas

2062 3316 2203 3370 dicto
2220 3317 2479 3370 scrintove
2510 3315 2731 3370 iecerat.
2773 3313 3053 3367 Tarasium
3076 3320 3232 3370 atque
3251 3309 3634 3370 Nicephorum,

362 3315 658 3388 Ταρασίου
681 3316 776 3388 καὶ
800 3317 849 3369 Ν
856 3309 1142 3388 ιᾼκήφόρου,
1170 3318 1272 3371 οὐκ
1297 3316 1363 3370 ἂν
1394 3309 1474 3380 εἷς
1508 3309 1951 3388 κοινωνίανξτοῦ-

2044 3316 2203 3370 dicto
2220 3317 2479 3383 scriptove
2500 3309 2731 3388 jecerat,
2773 3313 3053 3388 Tarasium
3076 3320 3238 3388 atque
3251 3309 3633 3380 Nicephorum,

371 3383 468 3441 τον
489 3384 818 3459 ἑδεχόμεθα.
854 3383 976 3442 Νἱέί
1003 3383 1140 3442 enim
1175 3397 1345 3443 vester
1377 3389 1558 3442 beatus
1593 3386 1755 3442 Pater
1787 3384 1955 3440 Theo-
2064 3402 2334 3458 nunquam
2367 3383 2581 3440 eum’ad
2612 3384 3027 3441 communionem
3069 3383 3460 3453 recepissemuc.
