4024 6416
570 384 587 447 1
600 385 703 449 307

1602 388 1661 448 S.
1705 388 2083 451 METIIODII
2127 394 2633 455 PATRLtRCiLE
2674 400 2782 459 CP.

3632 411 3790 478 '1308

561 512 709 560 suae,
751 498 1046 551 secundum
1097 497 1558 567 septuagesimum
1612 500 1830 552 tertium
1880 518 2139 559 canonent

2247 510 2623 592 :ttpoatgéasw;
2664 513 3049 583 ηὐτομόλησαν
3087 519 3224 588 πρὸς
3272 518 3372 589 τὴν
3423 521 3661 592 ἄρνησιν,
3698 528 3793 581 ἐπι-

563 584 745 643 Basilii
790 590 1058 643 dicentem
1096 608 1110 643 :
1159 608 1178 641 ι
1227 588 1328 656 Qui
1376 589 1565 644 salutis
1609 594 1930 659 mysterium
1967 604 2145 653 trans-

560 694 782 746 gressus
803 678 1078 734 Christum
1105 682 1403 749 negaverit,
1437 683 1586 736 omni
1615 685 1736 739 vitae
1759 700 1871 739 sua:
1903 697 2145 756 tempore

562 765 802 822 ﬂentium
847 770 1098 825 ordinem
1149 780 1336 827 tenere
1372 773 1566 836 debet,
1616 782 1671 828 et
1716 777 2142 849 exomologesim

564 858 763 923 facere,
807 869 1049 928 tempore
1077 873 1204 913 vero
1230 875 1337 930 quo
1378 860 1484 914 vita
1533 862 1781 927 excedit,
1819 864 2011 921 divina:
2037 867 2145 922 cle-

565 952 783 1004 mentite
819 951 921 1004 ﬁde
946 953 1011 1003 ad
1047 961 1235 1005 sancta
1273 953 1527 1023 mysteria
1563 951 1893 1010 admittitur.
1935 976 1953 1009 ι

2247 585 2587 668 στρέψαντας
2628 604 2728 669 μὲν
2778 607 3007 669 τούτους
3054 585 3354 680 δεχόμεθα·
3412 585 3517 665 τῶν
3545 585 3616 667 ’δὲ
3650 585 3792 670 νθείων

2253 690 2570 761 μυστηρίων
2604 695 2665 745 οὐ
2705 697 3245 767 μεταλαμϐάνουσιν,
3278 704 3325 755 εί
3361 703 3435 774 μὴ
3472 698 3628 770 μ’όνον
3660 707 3711 758 ἐν
3732 708 3793 777 τῷ

2247 780 2390 834 τέλει
2430 785 2530 852 τῆς
2562 782 2710 856 ζωῆς
2763 788 2942 843 αὐτῶν
2970 832 2986 856 ,
3020 792 3163 845 κατὰ
3205 792 3297 846 τὸν
3343 791 3422 862 ογ⁹
3469 796 3661 849 κανόνα
3718 800 3794 852 τοῦ

2252 872 2489 941 μεγάλου
2542 875 2830 934 Βασιλείου
2855 922 2871 948 ,
2904 882 2997 935 τὸν
3044 882 3294 952 λέγοντα’
3333 904 3351 937 ι
3393 887 3452 940 Ὀ
3477 887 3567 940 τὸν
3596 889 3797 958 Χριστὸν

2248 962 2630 1035 ἀρνησάμενος
2663 971 2756 1023 καὶ
2788 973 3045 1043 παραϐὰς
3086 975 3146 1028 τὸ
3173 977 3273 1045 τῆς
3315 977 3586 1050 σωτηρίας
3620 982 3797 1050 posti;-

568 1041 1276 1141 plain-5‘)ﬁd‘iﬂATtE)XP€th
1302 1046 1400 1141 τῆς
1425 1044 1569 1115 ζωῆς
1603 1044 1771 1141 quem?
1836 1048 2189 1118 προσκλαίειν
2257 1053 2501 1124 ὀφείλει,
2559 1062 2655 1114 καὶ
2714 1041 3178 1133 ἐξομολογεῖσθαι,
3327 1067 3385 1121 si
3570 1041 3799 1141 καιρῷίῖι

563 1134 804 1187 ὲκὸαίνει
834 1134 927 1188 τοῦ
961 1134 1077 1206 βίου
1112 1136 1207 1190 τοῦ
1236 1137 1577 1207 ἁγιάσματος
1612 1137 1931 1210 ἀξιούμενος
1962 1143 2140 1198 πίστει
2178 1147 2280 1218 τῆς
2311 1149 2407 1204 τοῦ
2442 1152 2577 1207 Θεοῦ
2609 1155 3079 1229 φιλανθρωπίας.»

566 1253 845 1313 Orationes
871 1260 1257 1325 propitiatorio:
1290 1276 1382 1321 pro
1404 1277 1462 1313 eo
1490 1263 1578 1323 qui
1601 1271 1713 1327 post
1747 1262 2145 1332 ubuegationem

953 1332 1020 1383 ad
1056 1346 1233 1382 verum
1260 1332 1417 1398 [idem
1450 1333 1750 1385 revertitur.

1046 1441 1330 1497 Dominum
1363 1461 1653 1511 precemur.

639 1552 826 1609 Justus
847 1572 927 1620 rs,
959 1557 1203 1621 Domine,
1231 1566 1284 1611 et
1313 1570 1456 1611 recta
1488 1559 1689 1627 judicia
1724 1569 1832 1617 tua.
1860 1562 1975 1616 Non
2003 1563 2145 1617 enim

531 1650 860 1701 ‘secondnm
895 1640 1113 1717 peccata
1158 1661 1343 1705 nostra
1394 1651 1568 1705 fet-isti
1617 1654 1802 1717 nobis,
1841 1668 2014 1723 neque
2060 1669 2146 1709 se-

566 1740 799 1792 cundum
824 1740 1137 1809 iniquitates
1165 1756 1380 1796 nostras
1412 1742 1706 1797 retribuisti
1741 1744 1931 1811 nobis;
1957 1761 2142 1799 verum

2249 1273 2436 1351 Εὑχα)
2472 1278 2850 1351 uocantum
2883 1279 3018 1344 (23).
3061 1284 3210 1349 πρὸς
3238 1283 3345 1335 τὸν
3369 1284 3472 1337 ἀπ’
3516 1284 3799 1351 ἀρνήσεως

2321 1344 2759 1415 ἐπιστρέφοντα
2794 1352 2943 1417 πρὸς
2973 1344 3423 1421 τὴίάληθινὴν
3456 1344 3567 1423 (24)
3599 1344 3799 1411 πίστινξ

2679 1461 2788 1515 Τοῦ
2818 1463 3041 1530 Κυρίου
3087 1463 3411 1534 δεηθῶμεν.
3438 1524 3449 1533 ,

2324 1568 2557 1633 Δίκαιος
2573 1569 2642 1635 εἶ,
2677 1573 2847 1645 Κύριε
2870 1617 2883 1637 ,
2916 1578 3010 1631 καὶ
3040 1578 3220 1643 εὑοείς
3253 1581 3309 1633 αἱ
3355 1582 3568 1649 κρίσεις
3604 1600 3709 1639 σου.
3743 1585 3801 1637 Οὐ

2253 1658 2362 1729 γὰρ
2407 1662 2549 1715 κατὰ
2593 1663 2690 1726 τὰς
2732 1666 2961 1736 ἀνομίας
3010 1669 3167 1740 ἡμῶν
3211 1672 3476 1735 ἐποίησας
3513 1676 3660 1742 ἡμῖν,
3705 1675 3804 1729 οὐδὲ

2255 1750 2396 1802 κατὰ
2427 1750 2522 1813 τὰς
2573 1753 2805 1821 ἀνομίας
2837 1756 2995 1824 ἡμῶν
3028 1759 3417 1824 ἁνταπέδωκας
3459 1763 3613 1830 ἡμῖν.
3668 1763 3804 1817 Ἀλλὰ

567 1834 818 1886 mandata
850 1841 934 1885 tua
983 1836 1350 1904 transgressi,
1405 1836 1596 1888 mortis
1639 1838 1960 1890 sententiam
2005 1836 2139 1908 justc

2256 1857 2330 1891 πα
2340 1841 2605 1910 ραὸάντες
2622 1844 2716 1907 τὰς
2733 1846 2952 1910 ἐντολάς
2973 1865 3087 1912 σου,
3113 1850 3341 1915 ἑαυτοὺς
3369 1852 3806 1923 παραδεδώκαμεν

1618 2017 1849 2073 vanus
1892 2018 2276 2075 LECTIONES
2322 2020 2408 2075 ET
2441 2010 2700 2107 none,“

569 2173 747 2296 “(23)
768 2174 975 2255 .Ebzai
1000 2171 1397 2243 ἱίασθητικαί.
1424 2174 1950 2246 Ctyptofcrratense,
1990 2176 2125 2248 εὐχὴ

620 2262 817 2296 ασαου.

620 2262 817 2315 ασμου.

565 2385 686 2437 dem
722 2383 1043 2453 auctoritate
1083 2382 1441 2453 doctrinaque
1490 2399 1587 2436 sua
1625 2383 1884 2453 Singulari
1936 2384 2139 2436 conﬁr-

568 2462 675 2506 met
703 2460 935 2507 tractatu
994 2452 1068 2506 De
1096 2454 1326 2522 primatu
1362 2452 1720 2520 Lugdunensi,
1780 2470 1900 2522 pag.
1951 2454 2057 2508 495
2085 2462 2139 2508 et

566 2539 683 2592 seq.
715 2522 904 2589 Quoad
959 2524 1132 2589 ipsam
1167 2538 1296 2576 vero
1344 2524 1749 2593 constitutionis
1787 2525 2050 2593 originem
2085 2533 2140 2577 et

566 2608 823 2651 causam.
879 2593 1185 2649 communis
1244 2609 1302 2647 ea
1369 2592 1467 2646 fuit
1524 2592 2137 2660 antiquorumPatrum

566 2664 787 2728 scriptis
822 2662 1033 2716 ﬁrmata
1075 2677 1250 2725 mens,
1280 2674 1333 2717 et
1365 2678 1557 2717 Sensus
1590 2662 1657 2715 ab
1686 2665 1941 2718 omnibus
1973 2679 2135 2718 rece-

568 2744 713 2802 ptus,
746 2731 946 2785 nullum
980 2748 1099 2785 esse
1122 2734 1297 2802 quoad
1340 2734 1591 2785 virtutem
1625 2734 1924 2801 proﬁcuum
1954 2749 2138 2789 sacra-

567 2814 807 2857 men'um
859 2803 999 2870 quod
1057 2818 1178 2856 cum
1226 2803 1558 2857 inﬁdelitatis
1626 2805 1925 2870 pra-sertim
1982 2802 2137 2859 obice

565 2876 953 2940 susciperetur.
985 2872 1143 2927 Unde
1177 2890 1296 2926 cum
1323 2890 1475 2928 sacra
1511 2873 1826 2927 chrismatis
1875 2874 2167 2929 unctione.

568 2943 806 3012 Spiritus
860 2942 1037 2996 sancti
1096 2943 1481 3011 plenitudinem
1525 2943 1719 2996 animm
1765 2943 2025 3009 conferri,
2082 2953 2137 2999 οι

565 3008 707 3067 ve'rae
729 3013 847 3065 ﬁdei
882 3028 977 3079 per
1011 3008 1128 3067 eam
1157 3014 1525 3067 testimonium
1555 3008 2130 3082 reddiconspicerent:

564 3099 630 3139 ex
656 3085 882 3155 adverso
904 3098 1163 3155 veronon
1197 3098 1351 3149 posse
1388 3084 1529 3136 illam
1572 3083 1835 3155 proﬁteri,
1870 3087 1962 3155 qui
1993 3100 2049 3140 se
2079 3084 2132 3141 in

568 3153 809 3209 Ecclesia
847 3151 1068 3218 subjicit
1126 3155 1381 3206 hatretico
1418 3150 1678 3221 pontiﬁci,
1718 3150 2135 3223 cnjtts'errores

566 3234 749 3276 mente
787 3224 1154 3292 amplectitur,
1191 3232 1282 3275 aut
1312 3224 1498 3276 saltent
1535 3226 1774 3277 exterius
1807 3223 2131 3292 profitetur:

566 3295 872 3347 unctionem
902 3303 1183 3363 propterea
1220 3293 1382 3358 illius,
1415 3293 1619 3345 nullum
1646 3295 1696 3345 in
1741 3296 1920 3348 anima
1955 3296 2141 3363 gratia:

566 3362 842 3427 cﬁ‘cctum,
873 3362 1076 3433 nullum
1123 3363 1362 3431 Spiritus
1392 3364 1566 3416 sancti
1608 3364 1805 3416 donum
1868 3365 2140 3433 intulisse,

567 3434 765 3487 merito
806 3432 1197 3501 praedicabant.
1231 3433 1365 3487 llinc
1395 3433 1707 3500 frequentes
1744 3434 1959 3487 il'orum
2015 3451 2141 3488 sen-

564 3505 765 3568 tt-ntitr,
798 3504 993 3572 quibus
1030 3502 1293 3571 Spiritum
1337 3513 1587 3556 sanctum
1627 3504 1675 3554 iu
1725 3506 2144 3559 conﬁrmatione

565 3573 631 3625 ab
660 3572 931 3625 haereticis
973 3576 1039 3625 ad
1088 3575 1222 3626 alios
1253 3573 1503 3626 deriVare
1539 3590 1642 3625 non
1682 3590 1861 3640 posse,
1908 3590 2005 3627 nec
2043 3578 2142 3629 d0-

565 3644 707 3705 nari,
740 3643 834 3711 qui
863 3659 967 3696 non
989 3644 1295 3706 haberetur,
1336 3646 1386 3695 in
1426 3643 1664 3696 Ecclesia
1692 3646 1960 3712 quondam
1990 3659 2142 3697 reso-

568 3714 769 3764 nabant
801 3728 814 3764 :
853 3712 1039 3782 sicque
1070 3714 1364 3779 prudenter
1416 3726 1701 3777 (teperunt
1729 3714 1979 3781 propulsa
2022 3717 2141 3767 inli-

566 3782 808 3845 dclttate,
891 3785 1275 3851 suscipientem
1358 3784 1424 3836 ad
1485 3784 1820 3850 paenitentia:
1904 3786 2139 3838 studium

567 3865 897 3920 provoCare,
931 3854 1202 3907 ferventes
1230 3860 1284 3904 ct
1323 3852 1565 3920 publicas
1600 3854 1663 3905 ad
1702 3854 1866 3907 Deum
1898 3868 2016 3920 pro
2051 3855 2141 3908 illo

567 3937 756 3987 preces
809 3920 1054 3986 fundere,
1099 3932 1154 3976 et
1205 3924 1450 3989 repetitis
1485 3923 1919 3977 conﬁrmationis
1972 3941 2142 3980 caere-

566 3994 789 4063 moniis,
850 3992 1283 4049 conﬁrmationis
1366 3994 1536 4060 ipsius
1604 3992 1895 4056 defectum,
1953 3998 2142 4063 gratia:

567 4062 822 4116 nimirum
859 4065 1163 4118 absentiam
1221 4065 1491 4132 supplere,
1534 4066 1689 4116 litlt-m
1740 4062 2054 4131 protestari,
2090 4080 2142 4119 ct

565 4137 629 4185 ad
661 4147 781 4186 eam
816 4136 1076 4189 audacius
1101 4135 1495 4188 enunttaudam
1530 4134 1770 4200 Spiritus
1810 4138 1984 4187 sancti
2041 4141 2136 4189 ad-

563 4215 785 4275 ventum
829 4204 1148 4275 eﬁlagitare,
1180 4215 1233 4258 et
1282 4205 1519 4272 denique
1567 4212 1618 4256 ut
1655 4221 1777 4257 cum
1824 4221 2139 4260 sanctorum

564 4273 854 4327 Doctorum
885 4273 1036 4330 turba
1066 4275 1278 4343 loquar,
1299 4275 1634 4328 inﬁdelitatis
1661 4276 1884 4331 crimen.
1912 4287 2140 4344 ctquam

564 4358 749 4416 secum
781 4347 1253 4401 traxeratruinatn
1286 4357 1339 4399 et
1364 4347 1688 4416 perniciem,
1715 4345 1952 4412 Spiritus
1974 4349 2140 4401 divini

564 4415 1110 4482 sanetilicationibus,
1192 4430 1287 4483 per
1368 4416 1705 4477 unctionem,
1775 4417 1854 4468 vel
1929 4426 2142 4472 'ntanus

566 4485 970 4558 itttpOSiliOttell't
1025 4500 1401 4558 compensare.
1465 4487 1732 4558 Deinceps
1785 4497 1963 4539 autem
2013 4504 2137 4542 cum

567 4557 688 4610 ﬁdei
720 4557 972 4611 desertor
1001 4574 1094 4625 per
1118 4556 1325 4627 lapsum
1371 4560 1423 4611 in
1464 4556 1739 4621 haeresim,
1776 4567 1868 4608 aut
1899 4557 1950 4607 in
1994 4558 2141 4611 nefa-

567 4628 702 4679 riam
738 4640 941 4682 sectam
969 4644 1320 4693 consensum,
1365 4628 1523 4681 ﬁdem
1554 4643 1714 4695 quam
1750 4628 1801 4679 in
1846 4629 2141 4681 conﬁrma-

568 4700 713 4768 tione
783 4700 1184 4765 prazdicantlam
1229 4698 1783 4768 propugnandamque
1820 4698 1993 4768 modis
2028 4714 2141 4751 om-

569 4767 726 4820 nibus
762 4769 1033 4834 pollicitus
1077 4767 1272 4831 l'uerat,
1305 4770 1674 4833 donatumque
1723 4768 1825 4820 sibi
1876 4767 2138 4836 Spiritum

567 4847 814 4889 sanctum
840 4838 1079 4904 abjiciat,
1114 4839 1420 4902 conculcet,
1444 4838 1791 4904 exstinguat:
1820 4847 1874 4889 ιιι
1910 4850 1962 4891 et
1996 4841 2138 4893 illam

568 4917 815 4970 renovet,
847 4918 900 4961 et
938 4907 1029 4961 Dei
1062 4909 1323 4976 Spiritum
1363 4908 1413 4960 in
1452 4922 1511 4962 se
1543 4917 1777 4971 revocet,
1810 4910 1964 4975 quasi
2006 4928 2141 4964 con-

567 4979 933 5049 tirmationem
963 4978 1103 5047 (qua:
1135 4988 1315 5032 tamen
1372 4978 1551 5030 denuo
1585 4979 1753 5044 repeti
1792 4978 2003 5049 nequit)
2046 4996 2142 5034 ex-

565 5058 836 5116 posceret,
857 5048 973 5115 ejus
1002 5050 1153 5117 signa
1174 5049 1639 5117 czcrcmoniasque
1658 5048 1932 5116 suscipit:
1961 5048 2014 5102 et
2039 5051 2140 5105 hoc

566 5129 722 5186 pacto
776 5122 1212 5175 conﬁrmationis
1247 5120 1499 5188 gratiam,
1537 5127 1591 5174 et
1643 5117 1928 5179 effectum,
1987 5124 2137 5185 ptius

567 5190 903 5255 tit-perditum
933 5191 984 5245 in
1025 5206 1248 5246 suorum
1294 5190 1492 5243 animis
1525 5202 1811 5257 reparare,
1858 5189 2141 5242 orientalis

567 5258 803 5313 lict-lesia
850 5262 1144 5316 adinvenit.
1187 5261 1301 5314 Non
1337 5261 1406 5313 ita
1445 5268 1620 5313 tamen
1646 5264 1703 5309 ut
1746 5271 2012 5311 assertum
2047 5277 2140 5315 vc-

569 5334 680 5394 litn,
711 5332 869 5383 ritum
891 5333 1034 5386 hunc
1051 5349 1114 5386 ex
1142 5347 1200 5385 se
1226 5334 1552 5399 propriaque
1576 5330 1795 5399 virtute,
1829 5344 1986 5395 posse
2004 5346 2140 5399 opus

566 5406 673 5449 tam
699 5399 926 5454 sublime
948 5412 1003 5455 et
1025 5398 1253 5457 arduum
1278 5402 1462 5471 (quale
1484 5401 1638 5453 estin
1659 5398 1840 5471 anima
1868 5398 2140 5466 reparatio

567 5471 753 5542 gratia:
807 5487 905 5539 pro
944 5474 1105 5527 solito
1136 5481 1604 5542 sacramentorum
1638 5470 1826 5522 virtuti
1862 5471 2131 5542 connexa)

567 5538 864 5611 producere
894 5558 907 5593 :
945 5543 1073 5611 quid
1107 5556 1339 5610 namque
1367 5541 1431 5592 ad
1483 5542 1709 5611 gratiam
1747 5538 2135 5594 restituendam

568 5610 911 5675 imbecillius,
964 5610 1292 5665 cairetttonia
1346 5610 1660 5662 humanitus
1715 5612 2028 5674 admvcnta,
2084 5621 2140 5665 et

568 5678 808 5731 ithtituta
828 5681 850 5731 ’ἶ
868 5681 973 5736 Sed
998 5683 1139 5749 quod
1162 5683 1241 5733 vel
1268 5679 1520 5733 Ecclesia:
1539 5682 1812 5745 precibus,
1842 5682 1920 5734 vel
1953 5698 2135 5735 sucer~

568 5750 709 5800 dotis
748 5752 980 5815 meritis,
1016 5754 1099 5804 \el
1139 5752 1382 5802 conversi
1415 5752 1736 5815 humilitate,
1776 5753 1857 5805 vel
1896 5753 2131 5814 tandem,

569 5827 628 5867 ut
653 5826 823 5870 satius
847 5820 1046 5882 dicam,
1069 5819 1398 5885 puniitcntiac
1425 5818 1585 5873 simul
1633 5837 1846 5891 semper
1865 5822 2132 5889 adjuncta:

2309 2181 2423 2251 (2i)
2459 2182 2576 2250 Τὴν
2602 2176 2901 2249 ἀληθινὴν
2922 2223 2938 2247 ,
2972 2184 3109 2238 idem
3138 2186 3235 2255 τὴν
3264 2187 3563 2257 ἡμετέραν.

2250 2399 2298 2436 vr
2327 2391 2381 2437 et
2424 2383 2665 2450 potentia
2700 2382 3036 2439 inﬁdelitatis
3059 2384 3307 2441 defectus
3348 2387 3535 2442 omnis
3565 2389 3802 2444 resarcia-

2249 2463 2364 2526 tur,
2421 2451 2804 2521 sanctitasque
2850 2464 3044 2526 etmcta
3085 2470 3182 2525 per
3226 2454 3694 2526 conﬁrmationem
3725 2462 3802 2513 ad.

2244 2522 2740 2596 vettiens,lrursutn
2772 2522 3154 2596 per'iterattjm
3187 2525 3323 2596 ejus-
3350 2528 3524 2580 ritum
3559 2529 3799 2584 conceda-

2245 2602 2331 2646 tttr
2364 2611 2377 2645 :
2417 2593 2536 2661 qui,
2573 2593 2699 2661 quia
2776 2593 3251 2661 conﬁrmationem
3332 2596 3604 2657 imitatur,
3656 2607 3705 2651 et
3746 2600 3797 2650 ad

2243 2660 2679 2717 conﬁrmationis
2730 2660 2983 2719 eﬂ'ectum
3041 2666 3401 2731 reparandum
3464 2666 3676 2731 tendit,
3744 2667 3797 2723 ad

2244 2748 2363 2804 eam
2408 2733 2713 2804 pertinere,
2736 2748 2804 2787 ex
2845 2735 3056 2804 sanctis
3086 2733 3344 2791 Patribus
3375 2740 3574 2804 potest
3604 2737 3757 2791 asseri
3784 2755 3796 2791 :

2246 2803 2376 2873 quia
2403 2816 2530 2873 vero
2572 2802 2907 2873 poenitentia:
2939 2804 3352 2869 demissionem,
3391 2802 3450 2859 et
3498 2804 3800 2862 inﬁdelitatis

2246 2871 2649 2927 confessionem
2674 2872 2990 2942 adjunctam
3030 2875 3215 2942 habet,
3252 2885 3308 2929 et
3334 2875 3398 2927 ad
3426 2890 3547 2929 eam
3581 2890 3609 2929 a
3645 2885 3798 2930 mente

2245 2942 2641 2995 obliterandam
2676 2953 2957 3009 operatur,
2985 2958 3134 3005 mere
3180 2945 3650 3000 reconciliativum
3689 2959 3793 3000 esse

2246 3013 2503 3082 proﬁteor
2557 3028 2571 3065 :
2618 3012 2763 3081 quod
2828 3023 2884 3068 et
2947 3013 3261 3072 observatio
3297 3029 3539 3084 sequens
3598 3014 3800 3070 mande.

2243 3092 2374 3138 Stat.

2317 3151 2460 3207 Sane
2488 3152 2629 3207 hanc
2654 3166 2776 3207 esse
2803 3167 2992 3207 sanam
3028 3163 3310 3223 tutamque
3340 3155 3657 3211 Gratcorum
3690 3155 3794 3223 opi-

2245 3225 2461 3276 nionem
2493 3223 2810 3277 nullatenus
2851 3233 2935 3277 est
2965 3224 3324 3290 diﬁitendum,
3380 3226 3472 3278 ubi
3528 3241 3588 3280 se
3624 3225 3800 3280 Justini

2243 3294 2504 3365 doctrina:
2548 3307 2823 3365 sequaces
2869 3293 3291 3362 proﬁtebuntur,
3339 3297 3691 3365 eamdemque
3720 3296 3804 3348 La-

2244 3364 2340 3435 tini
2373 3364 2553 3417 volent
2575 3364 2996 3435 esseprobatam
3028 3372 3091 3435 et,
3122 3364 3496 3435 acceptam.ls
3521 3381 3676 3435 porro
3702 3379 3800 3419 cum

2245 3432 2295 3485 in
2366 3432 2812 3499 respnnsionibus
2866 3434 2932 3488 ad
2989 3432 3344 3499 orthodoxos,
3419 3432 3546 3489 cum
3607 3435 3800 3489 sibimet

2241 3513 2434 3571 ([llil‘Sl.
2468 3502 2554 3567 Μ,
2602 3501 2896 3572 objecisset
2951 3503 3274 3572 baptismum
3321 3505 3699 3565 haereticorum
3727 3518 3796 3555 ve-

2244 3570 2324 3626 lttt
2365 3573 2557 3625 falsum
2619 3570 2684 3624 et?
2739 3570 3103 3627 frustraneutn
3141 3588 3245 3627 nou
3308 3588 3435 3629 esse
3496 3575 3796 3635 iterandum,

2242 3644 2558 3713 ordinisqne
2597 3642 2664 3696 ab
2709 3644 2915 3697 eisdem
2945 3643 3169 3713 accepti
3198 3642 3448 3697 stabilem
3505 3658 3798 3713 permanere

2249 3712 2727 3781 inaugurationem
2766 3730 2778 3764 :
2831 3712 2987 3781 quasi
3040 3712 3476 3769 conﬁrmationis
3514 3712 3795 3768 utntiuuetu

2244 3785 2419 3834 denuo
2450 3783 2749 3835 adhibitam
2803 3783 3102 3852 sugillaret,
3146 3784 3211 3836 de
3254 3784 3344 3837 illa
3403 3794 3549 3839 tacet
3592 3787 3644 3838 in
3678 3796 3813 3852 qua».

2249 3855 2444 3916 stione,
2478 3854 2528 3904 itt
2565 3866 2825 3919 responso
2862 3867 2990 3905 vero
3014 3851 3083 3905 de
3112 3853 3399 3921 baptismo,
3430 3866 3486 3908 et
3513 3851 3796 3916 chrismate,

2245 3923 2578 3975 dubietatem
2639 3937 2855 3976 omnem
2920 3922 3192 3989 depellere
3250 3922 3477 3989 nititur,
3531 3935 3585 3979 et
3649 3924 3796 3988 bapti-

2246 3994 2347 4043 snti
2406 3992 2625 4061 quidem
2673 3992 2740 4045 ab
2786 3992 3077 4062 haereticis
3130 3993 3366 4062 suscepti
3426 4010 3655 4059 naevum,
3715 4008 3796 4045 un-

2244 4066 2425 4129 guenti
2454 4063 2627 4115 sancti
2651 4061 2905 4115 unctione
2930 4062 3120 4114 scribit
3149 4061 3384 4131 abstergi
3409 4081 3424 4129 ;
3455 4062 3792 4117 ordinationis

2248 4147 2398 4195 vero,
2428 4146 2548 4201 quae
2583 4147 2768 4182 manus
2795 4131 3125 4198 impositioue
3154 4132 3457 4199 perlicitnr,
3490 4143 3544 4187 et
3576 4144 3794 4195 estvera,

2248 4203 2485 4268 perfecta
2553 4215 2922 4269 germanoque
2982 4201 3309 4271 χειροτονία,
3366 4206 3473 4256 alia
3535 4219 3638 4257 non
3688 4203 3795 4255 adeo

2246 4271 2463 4324 laudata
2499 4271 2583 4323 vel
2618 4273 2665 4321 in
2697 4272 2873 4339 pretio
2906 4271 3088 4324 habita
3120 4288 3216 4324 ceu
3248 4272 3524 4338 inferiori,
3567 4285 3622 4325 ut
3650 4274 3791 4339 pomi.

2256 4342 2471 4394 tentiali
2499 4342 2581 4395 vel
2613 4342 2802 4394 saltem
2845 4342 3200 4394 caerimoniali
3257 4358 3448 4396 "ianus
3501 4345 3792 4401 adnwtioue,

2246 4410 2583 4481 χειροθεσίᾳ,
2618 4412 2791 4482 labem
2828 4411 2938 4463 tolli
2968 4413 3121 4465 docet
3147 4428 3173 4482 γε
3208 4412 3315 4463 Τοῦ
3351 4412 3724 4482 βαπτίσματος
3746 4411 3792 4461 τὸ

2250 4480 2473 4560 σφάλμα
2497 4480 2807 4560 διορθοῦται
2846 4482 2928 4560 τῇ*
2967 4480 3360 4560 ἐπιχρίσειςτοῧ
3401 4480 3790 4560 ἀχίουξᾼξμύρορ,

2178 4544 2218 4596 D
2248 4544 2344 4620 τῆς
2373 4544 2431 4604 δ’ὲ.
2481 4544 2820 4622 χειροτονίας
2991 4544 3304 4622 γείβοθεσίᾳ
3324 4567 3339 4582 ’
3396 4544 3490 4605 καὶ
3522 4544 3669 4606 οὐδέν
3701 4544 3791 4603 ’τῶν

2248 4623 2417 4694 παλαι
2450 4620 2602 4693 μένει
2658 4620 2852 4694 ἄλυτον
2909 4638 2944 4694 :_
2986 4620 3466 4694 ltitittiltiIJeorum
3511 4640 3627 4694 qua:
3668 4634 3792 4694 alueo

2244 4690 2481 4761 fuerunt,
2540 4702 2773 4745 remanet
2835 4691 3172 4744 inabolitum.
3230 4690 3791 4760 Supertest'ttaque,ri

2244 4764 2376 4814 nihil
2405 4763 2660 4815 abolitum
2718 4773 2816 4823 est,
2863 4763 3191 4828 baptismum
3246 4765 3818 4829 contirmationemque-

2241 4834 2548 4901 setttperilli
2583 4833 2799 4884 solitam
2832 4833 3071 4901 adjungi,
3109 4834 3251 4886 sicut
3274 4843 3328 4885 et
3356 4835 3566 4887 ordinis
3588 4842 3791 4902 potesta-
3844 4844 3853 4851 ·

2244 4915 2348 4956 tem
2395 4905 2445 4955 in
2479 4904 2771 4972 baptizata,
2808 4906 2949 4955 etab
2996 4904 3266 4957 haereticis
3301 4904 3560 4957 ordinato
3611 4908 3785 4958 salvam

2242 4988 2295 5027 et
2326 4971 2591 5042 integram
2630 4974 2873 5040 reperiri.
2906 4971 3077 5040 Hujus
3112 4984 3293 5026 autem
3322 4975 3651 5042 χειροτονία,
3694 4985 3780 5024 nou

2241 5046 2346 5097 alia
2411 5045 2758 5117 χειροτονίᾳ,-
2800 5046 2894 5097 sed
2944 5053 3155 5117 tantum
3182 5114 3191 5117 Α
3217 5042 3556 5117 χειροθεσίᾳλ
3584 5044 3787 5117 (cujus;

2244 5113 2570 5181 praecedenti
2598 5114 2890 5166 discrimen
2929 5113 3056 5166 alibi
3076 5113 3566 5182 subindicaviuius)
3596 5113 3787 5182 Cori-igi-

2244 5179 2327 5237 tur
2359 5203 2371 5238 :
2406 5186 2593 5253 quidni
2621 5200 2754 5251 ergo
2786 5194 2844 5255 ut
2877 5194 2931 5237 et
2959 5183 3021 5255 τὸ
3048 5182 3231 5255 ,πάλαι
3270 5182 3445 5254 μῦρον
3499 5179 3633 5254 μένῃ
3678 5179 3788 5236 ἄλυ-

2238 5271 2355 5316 τον,
2387 5268 2443 5306 ιιι
2466 5256 2747 5321 antiquutn
2782 5254 2902 5307 dico
2942 5254 3182 5307 chrisma
3214 5260 3270 5307 et
3306 5268 3427 5321 ejus
3485 5267 3665 5307 unctto
3703 5264 3788 5303 non

2242 5329 2311 5377 sit
2336 5326 2508 5389 irrita,
2541 5326 2737 5387 sive,'a
2768 5323 3043 5378 catholico
3070 5325 3189 5378 sive
3229 5327 3296 5378 ab
3325 5324 3587 5378 haeretico
3611 5326 3676 5377 sit
3713 5333 3789 5372 ac-

2240 5406 2416 5462 cepta,
2450 5399 2554 5448 alia
2578 5395 2743 5449 simili
2773 5394 3030 5465 unctione
3066 5409 3217 5448 tuere
3250 5394 3630 5465 pmnitentiali,
3666 5395 3787 5461 prio-

2244 5468 2432 5533 risque
2456 5466 2847 5528 emettdatrice,
2885 5464 2931 5519 si
2978 5465 3124 5517 nulla
3173 5464 3397 5519 omnino
3450 5476 3608 5532 prout
3650 5473 3787 5527 supra

2238 5536 2589 5605 exposuimus
2605 5536 2892 5606 habeatur,
2919 5535 3000 5588 vel
3024 5538 3368 5606 renovatrice
3383 5544 3438 5587 et
3456 5534 3784 5606 reparatrice.

2240 5612 2284 5661 si
2318 5604 2630 5659 catholicus
2659 5605 2906 5658 minister
2941 5620 3061 5659 eam
3109 5604 3418 5674 perfecerit,
3460 5618 3565 5658 non
3612 5604 3787 5674 poterit

2239 5681 2416 5731 denuo
2446 5687 2666 5746 propter
2718 5676 2981 5731 Ecclesiae
3027 5673 3365 5745 propositum
3403 5684 3456 5730 et
3499 5686 3700 5742 preces,
3740 5673 3787 5718 el

2238 5749 2371 5816 lapsi
2397 5748 2773 5818 paenitentiam
2807 5748 3156 5816 exsuscitari,
3179 5759 3233 5803 et
3264 5747 3320 5803 in
3345 5747 3577 5819 priorem
3610 5750 3785 5799 statum

2239 5819 2464 5873 reduci?
