4024 6412
280 371 415 442 1309

1298 384 1396 444 DE
1438 386 1711 457 IIS'QUI
1758 388 2304 464 ADNEGARUNT,
2347 394 2506 455 ETC.

3401 401 3532 464 1310

275 487 352 558 τῷ
375 485 613 558 θανάτῳ.
644 486 818 555 Αὐτὸς
847 490 954 565 γὰρ
982 493 1058 557 ὡς
1081 491 1459 568 εὔσπλαγχνος
1487 503 1765 573 Δεσπότης
1784 543 1798 565 ,
1828 504 1847 556 ί

1963 504 2314 564 incurrimus.
2363 507 2480 577 Ipse
2535 524 2764 578 namque
2815 520 2867 563 ut
2919 512 3181 584 benignus
3235 497 3533 580 Dominus,

275 577 431 643 εἰδὼς
474 578 576 651 τὴν
607 585 998 654 καταστροφὴν
1036 586 1196 658 ἡμῶν
1243 590 1328 645 ὅτι
1361 592 1614 664 πονηρὰ,
1648 595 1742 649 καὶ
1777 596 1858 649 ὅτι

273 669 537 724 κατέπιεν
566 672 729 742 ἡμᾶς
775 674 1004 746 ἰσχύσας
1046 678 1076 731 6
1119 674 1386 748 θάνατος,
1432 683 1860 756 σπλαγχνισθεὶς

272 759 360 851 ἐφ’
392 761 562 832 ἡμᾶς,
594 763 766 818 σῶσαι
799 767 1100 840 εὐδόκησας
1129 771 1190 825 τὸ
1219 774 1311 828 σὸν
1345 774 1570 847 πλάσμα
1589 818 1602 842 ,
1641 781 1859 851 μορφήν

271 850 467 906 δούλου
486 852 688 922 λαϐὼν,
714 859 809 913 καὶ
835 858 913 931 τῷ
934 860 1150 936 θανάτῳ
1174 866 1521 936 συμπλακεὶς
1545 850 1858 927 ἀνεκαλέσω

269 945 370 1015 τὴν
399 945 498 1017 σὴν
519 949 726 1017 είκόνα,
768 951 1146 1028 ἐλευθερώσας
1189 960 1336 1030 ήμᾶς
1364 961 1465 1033 τῆς
1490 962 1736 1030 ἐξουσίας
1762 966 1857 1020 τοῦ

272 1034 530 1107 Θανάτου,
562 1042 658 1096 καὶ
700 1044 979 1116 ὁδηγήσας
1028 1050 1176 1120 ἡμᾶς
1210 1053 1290 1116 είς
1329 1052 1446 1109 ὁδὸν
1478 1056 1755 1126 σωτηρίας
1788 1062 1853 1129 τῇ

268 1130 632 1204 ἁναγεννήσει
654 1136 750 1191 τοῦ
783 1139 940 1208 ἁγίου
973 1158 1069 1195 σου
1101 1144 1441 1213 Πνεύματος,
1470 1149 1565 1202 καὶ
1589 1150 1856 1215 σωθέντες

265 1223 336 1292 τῇ
365 1225 431 1293 σῇ
473 1224 688 1296 χάριτι,
733 1229 1081 1303 ἀνυμνοῦμεν
1109 1233 1209 1305 τὴν
1240 1237 1559 1307 οἰκονομίαν
1587 1256 1679 1292 σου
1708 1282 1723 1304 ,
1761 1242 1854 1295 καὶ

190 1332 199 1341 ’
264 1315 501 1388 δεόμεθα
523 1359 537 1382 ,
568 1323 663 1375 καὶ
696 1324 1043 1397 ἱκετεύομεν,
1076 1329 1171 1384 καὶ
1200 1331 1634 1403 παρακαλοῦμεν
1672 1334 1731 1385 ἐν
1786 1337 1852 1406 τῇ

262 1408 499 1482 δευτέρᾳ
528 1428 622 1467 σου
651 1417 960 1489 παρουσίᾳ,
995 1420 1120 1474 καθ’
1150 1421 1219 1492 ἦν
1254 1422 1471 1499 μέλλεις
1501 1428 1685 1495 κρῖναι
1720 1426 1856 1489 ζῶν-

262 1517 381 1587 τας
419 1506 513 1557 καὶ
560 1508 819 1577 νεκροὺς,
858 1511 956 1564 καὶ
1002 1511 1302 1567 ἀποδοῦναι
1339 1516 1555 1586 ἑκάστῳ
1603 1518 1746 1571 κατά
1787 1519 1854 1573 τὰ

261 1590 406 1662 ἔργα
446 1595 635 1650 αὐτοῦ.
667 1598 955 1672 Μνήσθητι
983 1601 1077 1656 τοῦ
1105 1603 1289 1668 ἐλέους
1325 1624 1418 1659 σου
1440 1649 1453 1673 ,
1493 1608 1576 1661 ὅτι
1610 1610 1719 1663 ἀπὸ
1757 1609 1851 1663 τοῦ

259 1683 465 1749 αἰῶνός
492 1688 610 1740 ἐστι
632 1731 646 1755 ,
676 1688 771 1742 καὶ
826 1691 1216 1765 ὑπερϐέϐηκας
1244 1694 1313 1749 τὰ
1342 1696 1667 1769 ἀνθρώπινα
1694 1699 1851 1771 ήμῶν

259 1775 619 1845 πταίσματα,
651 1780 746 1833 καὶ
777 1780 883 1853 πλη
894 1784 1250 1857 μμελήματαο
1286 1788 1383 1841 καὶ
1403 1790 1687 1861 παράσχου
1719 1793 1849 1861 ἡμῖν

262 1864 497 1936 ἱλασμὸν
537 1870 653 1933 τοῖς
697 1871 1041 1942 αἰτουμένοις
1073 1893 1132 1929 σε
1153 1916 1168 1942 ,
1202 1878 1298 1931 καὶ
1344 1884 1703 1952 συγχώρησον
1742 1885 1850 1936 πᾶν

259 1957 625 2030 παράπτωμα
662 1962 914 2018 ἑκούσιόν
936 1983 996 2020 τε
1032 1968 1123 2021 καὶ
1155 1968 1432 2037 ἀκούσιον,
1467 1970 1525 2025 ὲν
1551 1972 1751 2040 γνώσει
1790 1991 1849 2027 τε

258 2051 361 2104 καὶ
393 2049 606 2122 ἀγνοίᾳ..
639 2053 715 2107 Οὐ
744 2054 856 2126 γάρ
883 2058 1032 2111 ἐστιν
1058 2057 1366 2130 ἄνθρωπος,
1400 2060 1459 2126 ὃς
1500 2062 1728 2131 ζήσεται
1756 2067 1851 2120 καὶ

255 2139 364 2210 οὐχ
410 2140 741 2214 ἁμαρτήσει,
770 2146 890 2201 οὐδὲ
937 2148 1031 2202 ἐὰν
1063 2150 1163 2221 μία
1202 2153 1385 2222 ήμέρα
1426 2155 1649 2226 γένηται
1679 2159 1708 2210 6
1737 2157 1851 2229 βίος

254 2230 432 2287 αὑτοῦ
464 2233 561 2287 ἐπὶ
581 2235 681 2305 τῆς
710 2240 833 2309 γῆς.
867 2239 963 2303 Τίς
994 2241 1103 2314 γὰρ
1134 2245 1472 2316 καυχήσεται
1506 2249 1679 2320 ἁγνὴν
1703 2248 1849 2321 ἔχειν

252 2322 371 2414 τὴν
412 2325 642 2395 καρδίαν
677 2328 883 2396 αὐτοῦ;
914 2331 949 2403 ἢ
992 2333 1079 2396 τίς
1120 2337 1562 2409 παρρησιάσεται
1606 2341 1850 2414 καθαρὸς

256 2412 535 2485 ὑπάρχειν
564 2418 674 2472 ἀπὸ
702 2421 1017 2492 ἀμαρτίας;
1062 2427 1263 2491 πάντες
1297 2431 1405 2500 γὰρ
1437 2412 1768 2504 ἡμάρτομεν
1792 2437 1851 2491 ὲν

253 2504 449 2597 λδγοις
483 2509 578 2563 καὶ
604 2510 787 2582 ἔργοις
813 2513 1047 2570 ἐνώπιόν
1080 2532 1215 2582 σου,
1242 2522 1339 2574 καὶ
1373 2524 1716 2595 στερούμεθα
1750 2529 1847 2597 τῆς

256 2596 368 2665 σῆς
405 2596 601 2670 δόξης,
637 2601 952 2670 ἐλπίζοντες
995 2606 1455 2680 δικαιωθήσεσθαι
1498 2615 1591 2668 ἐπὶ
1624 2618 1719 2670 τοῦ
1751 2596 1847 2686 φο-

253 2687 429 2758 6εροῦ
464 2691 561 2745 καὶ
598 2693 829 2763 φρικτοῦ
863 2694 1110 2767 βήματός
1152 2717 1276 2765 σου,
1318 2704 1411 2756 καὶ
1449 2704 1551 2758 οὐκ
1582 2706 1642 2770 ἐξ
1672 2707 1850 2777 ἔργων

251 2777 637 2851 δικαιοσύνης.
664 2783 740 2836 Οὐ
767 2784 876 2856 γὰρ
907 2786 1251 2858 ἐποιήσαμεν
1288 2808 1340 2844 τι
1371 2792 1579 2859 ἀγαθὸν
1626 2797 1718 2849 ἐπὶ
1748 2797 1849 2867 τῆς

255 2868 370 2936 γῆς
390 2907 405 2931 ,
435 2867 551 2923 ἀλλ’
585 2872 651 2924 ἐκ
681 2871 917 2936 πίστεως
945 2874 1180 2946 ἀληθοῦς
1203 2919 1218 2943 ,
1254 2880 1346 2932 καὶ
1384 2884 1484 2951 τῆς
1514 2883 1594 2944 είς
1627 2883 1684 2934 σὲ
1715 2883 1847 2952 ὁμο-

253 2957 476 3027 λογίας.
504 2960 577 3014 Τὸ
602 2961 712 3033 γὰρ
734 2964 1060 3033 ἐπίστασθαί
1081 2984 1161 3033 σε,
1185 2969 1477 3043 ὁλόκληρος
1507 2972 1844 3044 δικαιοσύνη·

253 3050 364 3104 καὶ
384 3052 446 3104 τὸ
483 3052 682 3107 ειδέναι
714 3072 807 3108 σου
838 3058 900 3110 τὸ
944 3060 1173 3130 κράτος,
1204 3061 1329 3131 ῥίζα
1368 3064 1692 3127 ἀθανασίας.
1741 3068 1848 3120 Καὶ

1961 597 2140 653 exitus
2184 600 2358 654 nostri
2400 600 2512 653 visa
2545 600 2777 667 malitia,
2810 602 3185 660 misericordia
3224 622 3387 676 super
3437 623 3536 661 nos

1963 700 2173 754 motus.
2210 705 2276 747 eo
2309 693 2453 761 quod
2494 693 2827 748 invalescens
2856 695 3142 752 adversum
3191 714 3289 754 nos
3330 699 3533 755 lethum

1961 796 2060 836 nos
2092 783 2464 855 subjugasset,
2509 789 2814 840 creaturam
2860 797 3011 842 tuam
3047 791 3319 845 redimere
3348 792 3536 847 decre-

1959 875 2107 938 visti,
2142 884 2197 929 et
2232 877 2371 930 servi
2414 876 2587 931 forma
2622 890 2843 949 accepta
2867 925 2882 950 ,
2912 899 3035 938 cum
3068 891 3244 939 morte
3275 895 3533 953 congres-

1959 985 2051 1025 sus
2079 972 2365 1042 imaginem
2401 983 2545 1027 tuam
2580 974 2633 1026 in
2667 976 2823 1030 nobis
2870 979 3135 1045 reparasti
3163 1019 3178 1043 ,
3217 988 3535 1046 propterea--

1958 1077 2062 1130 que
2090 1076 2117 1113 a
2153 1063 2343 1118 mortis
2387 1074 2655 1132 potestate
2689 1066 2905 1134 erepti,
2955 1076 3009 1122 et
3060 1068 3112 1121 in
3159 1067 3303 1121 viam
3343 1066 3535 1122 salutis

1956 1155 2129 1209 sancti
2160 1153 2397 1223 Spiritus
2429 1156 2838 1223 regeneratione
2864 1159 3100 1225 deducti,
3133 1159 3416 1229 gratiaque
3445 1167 3534 1212 tua

1956 1246 2168 1311 salvati,
2200 1246 2553 1315 providentiae
2579 1259 2681 1303 tua:
2703 1250 3113 1317 dispositionem
3138 1249 3485 1305 celebramus
3516 1268 3531 1305 :

1957 1353 2318 1406 rogamusque
2339 1377 2353 1401 ,
2388 1332 2756 1407 supplicamus
2778 1381 2792 1403 ,
2841 1350 2896 1395 et
2944 1343 3295 1397 obsecramus
3321 1382 3337 1408 ,
3368 1351 3428 1395 ut
3452 1341 3527 1394 -in

1956 1428 2192 1484 secundo
2223 1438 2312 1481 tuo
2342 1430 2598 1493 adventu,
2631 1445 2738 1499 quo
2764 1432 2915 1487 vivos
2947 1442 3002 1486 et
3042 1443 3287 1487 mortuos
3320 1432 3533 1501 judica-

1957 1530 2106 1574 turus
2136 1536 2219 1587 es,
2260 1529 2314 1576 et
2358 1520 2647 1591 unicuique
2693 1524 2989 1578 secundum
3023 1538 3190 1594 opera
3222 1539 3317 1579 sua
3348 1524 3534 1579 reddi-

1956 1622 2129 1678 turus,
2159 1611 2547 1666 misericordia:
2582 1624 2686 1668 tuae
2711 1656 2725 1680 ,
2758 1630 2876 1684 quae
2905 1630 2935 1669 a
2971 1616 3169 1670 saeculo
3200 1625 3307 1680 est,
3342 1616 3535 1669 memi-

1955 1706 2137 1758 neris:
2172 1712 2226 1758 et
2254 1704 2377 1771 quia
2410 1706 2643 1760 humana
2674 1719 2858 1761 nostra
2899 1707 3096 1762 delicta
3129 1708 3310 1762 minus
3340 1708 3533 1761 obser-

1956 1807 2080 1861 ttas,
2112 1798 2600 1851 reconciliationem
2651 1800 2958 1868 petentibus
2990 1799 3251 1864 concede,
3284 1807 3339 1853 et
3371 1813 3533 1854 omne

1953 1888 2204 1943 delictum
2255 1901 2610 1958 spontaneum
2665 1901 2719 1946 et
2787 1891 3248 1958 involuutarium,
3291 1890 3533 1946 scienter

1953 1982 2034 2034 vel
2064 1983 2381 2052 ignoranter
2410 1985 2784 2045 commissum.
2817 1984 3085 2039 c0ndona.
3122 1981 3241 2037 Non
3268 1985 3411 2037 enim
3449 1993 3531 2037 est

1953 2071 2113 2127 homo
2159 2074 2247 2141 qui
2290 2073 2433 2128 vivat
2484 2084 2538 2129 et
2575 2091 2678 2129 non
2721 2084 2946 2144 peccet,
2980 2074 3197 2130 etiamsi
3229 2074 3389 2128 unius
3422 2072 3533 2131 dici

1951 2163 2021 2217 sit
2064 2162 2175 2216 vita
2209 2162 2325 2231 ejus
2370 2180 2533 2231 super
2564 2174 2784 2219 terram.
2819 2165 2951 2233 Quis
2995 2167 3140 2221 enim
3174 2167 3434 2220 mundum
3469 2178 3529 2221 se

1952 2269 2047 2308 cor
2075 2255 2280 2310 habere
2313 2257 2669 2326 gloriabitur?
2720 2270 2813 2312 aut
2839 2260 2959 2328 quis
2994 2273 3052 2313 se
3083 2272 3119 2317 a
3155 2267 3381 2328 peccato
3422 2259 3529 2313 im-

1953 2360 2169 2400 munem
2198 2362 2319 2400 esse
2351 2348 2627 2416 proferet?
2654 2347 2789 2403 Ecce
2817 2364 3007 2403 omnes
3051 2349 3232 2404 verbis
3261 2359 3313 2404 et
3346 2349 3531 2417 operi-

1953 2436 2053 2491 bus
2079 2452 2259 2491 coram
2288 2448 2338 2490 te
2362 2455 2670 2507 peccamus,
2700 2451 2753 2493 et
2780 2440 2953 2510 gratia
2982 2450 3069 2493 tua
3094 2441 3271 2495 orbati
3300 2455 3488 2495 sumus
3514 2462 3529 2496 :

1952 2537 2005 2582 et
2040 2529 2092 2582 in
2126 2531 2366 2584 timendo
2404 2534 2787 2602 lrcmeudnque
2817 2541 2912 2586 tuo
2948 2532 3201 2586 tribunali
3241 2532 3531 2602 iustificari

1951 2634 2265 2689 speramus,
2318 2638 2425 2674 non
2469 2638 2532 2675 ex
2580 2623 2807 2688 iustitia:
2851 2624 3145 2691 operibus,
3198 2623 3329 2676 nihil
3386 2622 3529 2676 enim

1952 2711 2074 2762 Ιιυιιί
2129 2727 2293 2779 super
2341 2722 2537 2764 terram
2589 2714 2817 2782 egimus,
2873 2713 2966 2767 sed
3013 2726 3081 2766 ex
3132 2727 3257 2767 vera
3300 2712 3427 2777 ﬁde,
3477 2722 3534 2767 et

1951 2803 2184 2857 noiniuis
2233 2803 2306 2857 tui
2346 2804 2711 2859 confessione.
2753 2804 2905 2858 Scire
2938 2818 3172 2873 namque
3205 2812 3255 2856 te
3286 2803 3525 2871 perfecta

1943 2894 2151 2960 justitia
2184 2904 2288 2958 est,
2315 2904 2370 2949 et
2395 2911 2752 2963 cognoscere,
2788 2896 2983 2960 virtus,
3013 2905 3067 2951 et
3097 2894 3528 2951 immortalitatis

1953 2987 2126 3040 radix.
2181 2985 2395 3042 Scimus
2425 2988 2643 3056 itaque,
2704 2989 3044 3057 profitemur,
3100 2996 3155 3041 et
3208 2987 3525 3050 credimus,

1950 3078 2071 3143 quia
2113 3091 2143 3130 e
2173 3077 2338 3131 nihilo
2361 3078 2426 3130 ad
2457 3092 2579 3131 esse
2614 3091 2710 3130 nos
2740 3076 3033 3140 adduxisti,
3066 3076 3230 3144 lapsis
3269 3075 3529 3127 misertus
3626 3094 3627 3097 η

249 3142 510 3214 οἴδαμεν,
543 3146 636 3200 καὶ
673 3146 1072 3221 ὁμολογοῦμεν,
1114 3154 1206 3206 καὶ
1257 3155 1612 3225 πιστεύομεν,
1657 3158 1737 3210 ὅτι
1782 3161 1845 3212 σὺ

1952 3184 2024 3228 es.
2058 3179 2345 3237 peccantes
2381 3168 2644 3236 tolerasti,
2680 3178 2733 3223 et
2777 3183 2805 3221 a
2858 3179 3031 3222 morte
3065 3168 3357 3221 revocasti.
3401 3164 3531 3218 Pro-

251 3229 368 3288 516
401 3236 465 3291 ὲκ
494 3236 589 3290 τοῦ
625 3237 701 3309 μὴ
734 3237 884 3302 ὄντος
916 3242 997 3306 είς
1035 3243 1095 3296 τὸ
1129 3239 1270 3298 εἶναι
1303 3247 1646 3316 παραγαγὼν
1674 3251 1844 3319 ἡμᾶς,

252 3328 367 3382 καὶ.
390 3330 814 3400 παραπεσόντας
837 3333 1025 3398 ἐλεῶν,
1070 3337 1165 3390 καὶ
1194 3337 1613 3409 ἁμαρτάνοντας
1641 3341 1846 3410 φέρων,

251 3418 359 3473 καὶ
386 3421 448 3473 ἑκ
480 3419 713 3476 θανάτου
763 3423 1221 3495 ζωοποιούμενος.
1249 3428 1496 3500 Δεόμεθά
1524 3447 1640 3497 σου,
1675 3432 1847 3503 Κύριε

251 3511 285 3563 6
319 3508 452 3600 θεὸς
472 3512 655 3582 ήμῶν,
685 3515 768 3567 δτι
799 3532 903 3586 περ
942 3515 1008 3570 ἂν
1038 3518 1359 3589 ἡμάρτομεν
1385 3519 1615 3600 ἐνώπιόν
1642 3540 1735 3575 σου
1772 3524 1847 3587 ὡς

254 3599 449 3671 σάρκα
476 3601 793 3673 φοροῦντες,
821 3605 916 3659 καὶ
943 3605 1032 3659 τὸν
1059 3607 1265 3678 κόσμον
1304 3609 1494 3662 τοῦτον
1524 3609 1803 3674 οἰκοῦντες
1826 3650 1841 3674 ,

253 3694 361 3748 καὶ
382 3694 667 3752 ἀσθένειαν
699 3701 1098 3771 περικείμενοι,
1130 3702 1240 3756 εἴτε
1270 3703 1474 3773 ἔργοις,
1503 3703 1612 3757 εἴτε
1642 3704 1840 3774 λόγοις,

252 3784 377 3839 εἴτε
424 3786 631 3860 ὲνθυμή
642 3806 827 3860 μασιν,
861 3791 1026 3855 αὐτὸς
1051 3792 1127 3855 ὡς
1156 3793 1380 3861 ἀγαθὸς,
1407 3794 1501 3847 καὶ
1533 3794 1843 3864 φιλάνθρω-

253 3893 369 3940 πος
393 3919 407 3943 ,
436 3871 536 3932 καὶ
566 3880 812 3953 ἐλεήμων
843 3883 1119 3954 Δεσπότης
1141 3925 1154 3948 ,
1186 3885 1312 3948 ἄνες
1336 3925 1350 3950 ,
1386 3884 1524 3955 ἄφες
1549 3925 1564 3951 ,
1611 3886 1806 3956 πάριδε
1829 3927 1844 3951 ,

251 3970 360 4024 καὶ
405 3971 761 4044 συγχώρησον
803 3974 871 4029 τὰ
902 3976 1329 4046 παραπτώματα
1362 3978 1519 4049 ἡμῶν
1550 3981 1664 4042 τοῖς
1715 3982 1849 4051 ὁμο-

250 4061 485 4131 λογοῦσι
507 4100 521 4125 ,
557 4067 652 4118 καὶ⁹
696 4064 774 4136 μὴ
816 4065 1061 4139 λογήσῃ,
1097 4068 1233 4138 μηδὲ
1267 4069 1517 4142 εἰσέλθῃς
1551 4072 1633 4134 είς
1664 4071 1846 4141 κρίσιν

253 4154 406 4223 μετά
438 4153 546 4207 τῶν
573 4154 775 4211 δούλων
804 4175 920 4224 σου,
954 4160 1035 4212 ὅτι
1072 4160 1133 4212 οὐ
1162 4159 1583 4232 δικαιωθήσεται
1613 4161 1843 4215 ἐνώπιόν

252 4259 360 4297 σου
396 4245 505 4309 πᾶς
536 4246 666 4312 ζῶν.
704 4249 830 4303 Ὅτι
879 4250 943 4304 σὺ
988 4245 1042 4303 εἷ
1085 4251 1246 4321 μόνος
1285 4251 1706 4322 ἀναμάρτητος,
1748 4254 1843 4306 καὶ

1951 3269 2130 3324 pterea
2159 3272 2407 3327 rogamus
2434 3267 2509 3323 te,
2539 3256 2682 3312 Deus
2712 3267 2919 3322 noster,
2956 3266 3013 3311 ut
3045 3256 3404 3326 quodcunque
3435 3269 3530 3309 co-

1950 3364 2064 3401 ram
2097 3357 2147 3402 te
2177 3350 2399 3415 malum,
2434 3365 2531 3404 ceu
2565 3364 2732 3405 carne
2760 3351 2963 3415 onusti,
2992 3359 3046 3405 et
3079 3349 3132 3403 in
3171 3348 3369 3402 mundo
3405 3361 3529 3400 ver-

1950 3443 2074 3508 sati,
2107 3442 2218 3496 sive
2250 3443 2505 3512 operibus
2528 3484 2542 3507 ,
2571 3444 2686 3498 sive
2720 3444 2929 3506 verbis,
2969 3444 3084 3497 sive
3114 3442 3278 3495 etiam
3313 3439 3527 3509 cogita-

1951 3534 2187 3588 tionibus
2219 3536 2655 3604 perpetravimus
2675 3577 2688 3598 ,
2716 3536 2830 3605 ipse
2860 3546 2917 3589 nt
2945 3536 3142 3599 bonus,
3167 3545 3223 3589 et
3249 3535 3528 3588 hominum

1936 3634 2182 3695 amator,
2217 3634 2273 3680 et
2309 3627 2622 3682 misericors
2661 3627 2919 3682 Dominus
2948 3627 3181 3688 relaxes,
3217 3624 3530 3689 condones,

1950 3726 2005 3769 et
2030 3716 2296 3772 remittas.
2324 3715 2493 3772 l’arce
2521 3718 2676 3773 nobis
2698 3718 2895 3774 delicta
2923 3717 3330 3782 conﬁtentibus,
3358 3729 3535 3785 neque

1954 3805 2253 3874 recogites,
2288 3816 2383 3859 aut
2429 3807 2482 3860 in
2516 3806 2778 3874 iudicium
2810 3823 2932 3861 cum
2972 3807 3146 3862 servis
3184 3806 3292 3860 tuis
3328 3805 3529 3867 intres,

1952 3893 2076 3958 quia
2116 3908 2219 3947 non
2247 3891 2639 3962 justifieabitur
2660 3910 2842 3950 coram
2871 3905 2922 3949 te
2944 3895 3124 3949 omnis
3160 3880 3367 3947 vivens.
3391 3892 3531 3958 Quia

1927 3994 2006 4037 .tu
2036 3985 2184 4041 solus
2202 3987 2318 4041 sine
2348 4000 2569 4056 peccato
2618 3988 2826 4052 GXistis,
2852 3999 2904 4042 et
2928 3987 3252 4056 pceuitentes
3277 3984 3532 4053 suscipis,

1950 4084 2002 4128 et
2034 4076 2132 4131 tibi
2169 4078 2395 4146 gloriam
2430 4079 2740 4145 referimus,
2766 4078 2940 4144 Patri,
2977 4090 3030 4133 et
3065 4077 3227 4141 Filio,
3251 4084 3307 4131 et
3340 4083 3531 4129 sancto

1953 4164 2180 4234 Spiritui
2227 4186 2241 4222 ι
2301 4184 2444 4223 nunc
2478 4178 2533 4222 et
2576 4182 2814 4236 semper,
2856 4178 2910 4222 et
2959 4169 3010 4222 in
3057 4166 3258 4223 saecula
3305 4164 3531 4221 saeculo-

1953 4272 2093 4311 rum.
2126 4259 2320 4312 Amen.

248 4340 551 4413 δεχόμενος
578 4345 705 4409 τοὺς
727 4347 1143 4417 μετανοοῦντας,
1167 4350 1262 4403 καὶ
1288 4349 1370 4402 σοὶ
1391 4348 1489 4421 τὴν
1519 4348 1677 4416 δόξαν
1744 4351 2171 4425 ἀναπέμπομεν·
2222 4355 2301 4425 τῷ
2350 4356 2563 4425 Πατρὶ,
2636 4356 2731 4408 καὶ
2802 4353 2881 4423 τῷ
2916 4352 3069 4425 Υίῷ,
3115 4352 3211 4407 καὶ
3258 4350 3338 4422 τῷ
3387 4348 3530 4420 ἁγίῳ

248 4435 569 4508 Πνεύματι·
622 4437 717 4493 νῦν
756 4441 859 4494 καὶ
904 4441 1029 4505 ἀεὶ,
1060 4442 1153 4494 καὶ
1199 4441 1278 4503 εἰς
1315 4442 1442 4504 τοὺς
1474 4439 1680 4504 αἰῶνας
1724 4442 1832 4494 τῶν
1871 4444 2105 4498 αἰώνων.
2153 4446 2351 4516 Ἀμήν.

781 4574 947 4644 Εὐχὴ
979 4573 1149 4643 ἑτέρα
1181 4574 1317 4646 (‘25).

332 4686 597 4751 Δέσποτα,
625 4687 799 4760 Κύριε
822 4688 992 4753 ὁΘεὸς
1020 4688 1198 4759 ἡμῶν,
1221 4690 1248 4741 6
1268 4689 1365 4751 τὰς
1392 4689 1541 4754 κλεῖς
1565 4689 1843 4761 βασιλείας

210 4794 358 4831 ,σου
406 4778 603 4851 Πέτρῳ
629 4778 709 4850 τῷ
742 4781 1027 4852 κορυφαίῳ
1063 4780 1170 4834 τῶν
1212 4781 1531 4835 ἀποστόλων
1566 4799 1842 4853 κατεμπι-

250 4867 517 4933 στεύσας,
549 4872 644 4923 καὶ
691 4871 975 4943 ἐπ’.αὐτῷ
1016 4872 1114 4943 τὴν
1161 4872 1324 4942 ἁγίαν
1357 4890 1450 4926 σου
1511 4874 1841 4946 Ἐκκλησίαν

247 4961 656 5032 οἰκοδομήσας,
690 4962 785 5016 καὶ
820 4962 946 5026 δοὺς
986 4961 1137 5032 αὐτῷ
1188 4961 1442 5027 ἐξουσίαν
1483 4962 1573 5017 διὰ
1602 4964 1702 5034 τῆς
1742 4966 1841 5036 σῆς

248 5053 501 5124 χάριτος,
531 5053 636 5128 τοῦ⁸
657 5055 880 5127 δεσμεῖν
929 5057 1024 5111 καὶ
1042 5057 1192 5110 λύειν
1216 5056 1284 5110 τὰ
1325 5057 1420 5109 ἐπὶ
1442 5057 1543 5128 τῆς
1566 5057 1707 5127 γῆςι,
1739 5059 1842 5111 ἐπ-

251 5146 496 5200 άκουσον
544 5124 639 5200 καί
684 5124 842 5218 ήμῶν
886 5149 998 5201 τῶν
1028 5147 1264 5215 ἀναξίων
1290 5124 1744 5220 ἐπικαλουμένων
1780 5166 1839 5202 σε

248 5236 354 5293 νῦν
396 5239 489 5293 ἐπὶ
525 5239 752 5310 ἱλασμὸν
776 5238 871 5293 τοῦ
918 5240 1182 5311 παρόντος
1209 5240 1398 5294 δούλου
1434 5257 1550 5307 σου,
1582 5229 1677 5294 καὶ
1706 5240 1838 5294 θαυ-

254 5328 549 5401 μάστωσον
572 5331 641 5385 τὰ
662 5332 785 5403 ὲλέη
816 5349 909 5386 σου
941 5332 1030 5386 ἐπ’
1057 5332 1242 5399 αὐτὸν,
1273 5335 1301 5387 6
1324 5332 1512 5397 σώζων
1537 5334 1660 5397 τοὺς
1687 5333 1840 5387 ἐλπί-

2567 4585 2685 4636 Alia
2733 4584 2920 4652 oratio.

2023 4691 2355 4765 Dominator,
2392 4691 2617 4748 Domine
2655 4695 2793 4751 Deus
2844 4706 3051 4761 noster,
3101 4697 3218 4766 qui,
3260 4696 3416 4766 regni
3452 4696 3533 4752 tui

1948 4785 2192 4841 clavibus
2222 4786 2383 4841 Petro
2427 4789 2796 4858 apostolorum
2835 4798 3052 4845 tuorum
3085 4790 3372 4863 coryphteo
3405 4803 3531 4846 cre-

1948 4878 2096 4941 ditis,
2122 4890 2427 4954 sanctaque.
2453 4889 2541 4935 tua
2567 4880 2803 4936 Ecclesia
2834 4898 2999 4951 super
3025 4898 3147 4938 eum
3167 4882 3456 4951 aediﬁcata,
3479 4883 3530 4938 ei

1945 4970 2119 5039 gratia
2164 4979 2253 5024 tua
2285 4981 2606 5041 potestatem
2639 4973 2839 5043 ligandi
2884 4984 3049 5044 atque
3080 4972 3326 5029 solvendi
3365 4986 3531 5042 super

1947 5071 2148 5116 terram
2188 5065 2502 5120 contulisti:
2539 5066 2788 5136 indignos
2815 5081 2917 5122 nos
2951 5076 3003 5121 te
3034 5081 3178 5121 nunc
3212 5066 3530 5121 invocantes

1947 5166 2047 5221 pro
2077 5155 2359 5222 praesentis
2394 5157 2535 5211 servi
2574 5157 2648 5210 tui
2680 5156 3120 5211 reconciliatione
3158 5155 3386 5222 exaudi;
3421 5155 3527 5208 mi-

1950 5242 2099 5295 rilica
2127 5243 2531 5301 misericordias
2561 5258 2677 5300 tuas
2699 5260 2886 5300 versus
2914 5245 3089 5309 illum,
3121 5245 3211 5315 qui
3242 5254 3535 5314 sperantes
3609 5254 3615 5261 '

1948 5333 2001 5388 in
2031 5342 2083 5389 te
2109 5333 2307 5390 salvas.
2337 5335 2417 5390 Tu
2446 5337 2589 5391 enim
2627 5336 2998 5406 deiloquorum
3032 5324 3410 5405 prophetarum
3435 5349 3541 5390 ore.

1344 5506 1572 5562 VARle
1606 5506 1993 5566 LECTIONES
2031 5509 2119 5567 ET
2158 5510 2393 5600 ΝῼΤἉΕ.

335 5664 642 5737 (25)Εὺχὴ
673 5666 864 5737 ἑτέρα.
919 5667 1128 5724 Titulus
1175 5670 1424 5723 secundae
1475 5655 1739 5725 orationis
1776 5672 1826 5723 iu

257 5733 971 5807 giyp‘t'ol’erratensi'codice
1005 5738 1346 5793 Bcssarionis
1375 5749 1455 5794 est
1482 5740 1784 5807 huiusmodi
1813 5757 1825 5793 :

258 5802 405 5876 Εὖχὴ
451 5806 583 5880 άλλη
625 5810 701 5873 είς
732 5808 957 5880 ἱλασμὸν
994 5809 1131 5879 μετά
1158 5810 1218 5862 τὸ
1245 5810 1417 5864 εἰπεῖν
1455 5802 1666 5881 ψαλμὸν
1698 5828 1827 5863 πεν-

1927 5672 2225 5740 τηκοστὸν,
2260 5673 2582 5741 τριακοστὸν
2620 5672 2850 5743 ἕϐδομον
2875 5714 2888 5735 .
2917 5675 3013 5727 καὶ
3065 5673 3359 5728 ἑκατοστὸν
3393 5673 3499 5725 85'5-

1927 5758 2105 5811 τερον.
2139 5743 2261 5795 Alia
2281 5744 2450 5797 oratio
2474 5744 2542 5797 ad
2566 5744 3043 5799 rccmrcilialioncm
3064 5748 3134 5797 di.
3155 5750 3219 5797 tis
3248 5763 3295 5809 1.,
3327 5758 3508 5798 sust.

1928 5826 1980 5865 et
2006 5827 2080 5867 cu
2116 5814 2357 5883 psalmis.
