4024 6412
575 370 707 438 ι311

1607 374 1669 434 8.
1712 374 2096 435 METHODII
2138 376 2646 436 PATRIARCIL'E
2685 378 2797 438 ΟΡ.

3701 384 3805 450 1312

572 485 803 541 dixisti:
854 483 1235 540 Convertimim’
1273 482 1342 537 ad
1388 497 1488 550 me,
1529 492 1576 537 et
1627 499 1720 553 ego
1768 492 2043 536 convertar
2093 499 2150 536 aa

2267 486 2461 548 ζοντας
2494 486 2586 538 ἐπὶ
2613 487 2691 540 σέ.
2724 486 2797 539 Σὺ
2833 485 2942 557 γὰρ
2974 481 3158 553 εἶπας,
3191 487 3392 560 Κύριε,
3423 487 3511 550 δ,ιά
3532 488 3631 543 τῶν
3657 491 3806 562 θεοφο-

571 596 659 635 υοσ
684 581 701 610 ¹
726 596 742 646 ;
764 587 816 634 et
840 595 855 631 :
889 577 1011 634 Non
1039 578 1212 632 uolens
1240 576 1359 631 volo
1394 585 1611 631 mortem
1641 576 1954 645 peccatoris,
1980 577 2069 630 sed
2100 588 2154 630 ut

572 680 907 726 convertatur
921 680 967 725 et
991 673 1126 725 vivat
1147 669 1320 739 '.lpse
1343 669 1528 739 igitur,
1554 668 1804 734 Domine,
1831 678 2154 738 praesentem

566 778 785 819 servum
819 774 967 818 tuum
993 778 1022 816 a
1051 762 1137 817 via
1161 762 1367 817 erroris
1396 763 1478 817 sui
1527 770 1918 826 revertentem,
1959 770 2015 816 et
2043 777 2074 815 a
2105 769 2158 816 te

566 856 1069 913 reconciliationem
1109 864 1528 926 exposcentem,
1563 868 1631 910 ne
1664 854 1890 923 abjicias
1915 895 1930 921 ,
1963 854 2057 910 sed
2102 854 2155 909 in

564 947 942 1003 misericordia
987 946 1192 1013 visita,
1236 954 1292 1002 et
1334 946 1387 1001 in
1438 945 1892 1001 miserationibus
1936 959 2151 1001 revoca.

565 1037 708 1105 Quia
730 1047 785 1094 tu
819 1054 879 1095 es
923 1037 1067 1096 Deus
1089 1079 1107 1106 ,
1141 1038 1286 1095 Deus
1313 1036 1727 1110 poenitentium,
1761 1046 1817 1094 et
1841 1037 1909 1092 ad
1939 1046 1993 1092 te
2023 1051 2158 1093 con-

565 1140 850 1183 versorum
878 1125 1154 1194 Salvator,
1183 1136 1238 1183 et
1264 1127 1363 1182 tibi
1389 1125 1617 1196 gloriam
1641 1124 1955 1193 referimus,
1981 1123 2154 1192 Patri,

564 1228 621 1275 et
658 1219 831 1286 Filio,
872 1231 928 1275 et
957 1230 1149 1276 sancto
1181 1220 1434 1290 Spiritui,
1474 1234 1621 1276 nunc
1651 1229 1706 1277 et
1737 1234 1972 1290 semper,
2014 1227 2071 1275 et
2101 1218 2155 1275 in

562 1312 761 1371 uacula
794 1312 1142 1370 seculorum.
1177 1314 1373 1368 Amen.

2266 592 2363 646 pou
2372 576 2551 647 μένων
2573 577 2801 648 χειλέων
2822 578 2931 632 τῶν
2951 580 3252 651 προφητῶν
3273 598 3388 634 σουο
3420 582 3808 655 Ἐπιστραφῆτε

2259 669 2411 736 πρός
2438 686 2534 739 με,
2567 670 2667 725 καὶ
2697 670 3227 743 ἐπιστραφήσομαι
3254 672 3407 743 πρὸς
3434 673 3600 743 ὑμᾶς’
3633 678 3716 731 καὶ
3741 682 3804 733 τέο

2263 764 2348 815 Oi)
2393 763 2643 833 θελήσει
2684 765 2839 821 θέλω
2879 767 2989 822 τὸν
3021 767 3288 822 θάνατον
3318 767 3426 823 τοῦ
3455 768 3776 839 ἀμαρτωλοῦ
3795 813 3808 839 ,

2258 854 2336 920 ὡς
2370 854 2437 908 τὸ
2462 856 2827 927 ἐπιστρέψαι
2849 860 2948 913 καὶ
2973 857 3151 929 ζῆσαι
3167 861 3375 916 αὐτόν.
3405 861 3574 925 Αὐτὸς
3598 862 3699 929 οὖν,
3717 865 3811 933 φιλ-

2259 945 2543 1016 άνθρωπε,
2593 948 2691 1002 καὶ
2729 949 2822 1004 τὸν
2859 951 3111 1023 παρόντα
3144 950 3344 1007 δοῦλόν
3388 970 3482 1007 σου
3536 954 3599 1008 ἐκ
3641 954 3812 1029 πλάνης

2263 1035 2388 1091 ὁδοῦ
2420 1036 2587 1092 αὐτοῦ
2619 1038 3031 1112 ἐπιστρέφοντα
3051 1083 3069 1110 ,
3095 1043 3194 1098 καὶ
3223 1042 3548 1116 αἰτούμενον
3577 1046 3714 1117 παρά
3738 1049 3811 1102 σοῦ

2268 1125 2520 1198 ἱλασμὸν,
2554 1129 2631 1201 μὴ
2671 1131 3066 1205 ἀποστραφῇς,
3099 1134 3216 1188 ἀλλ’
3250 1135 3312 1190 ἐν
3344 1135 3488 1190 ἐλέει
3520 1136 3809 1210 ἐπίσκεψαι,

2265 1218 2360 1273 καὶ
2389 1219 2448 1273 ἐν
2476 1221 2786 1294 οίκτιρμοῖς
2829 1225 3189 1282 ἀνακάλεσαι.
3225 1216 3447 1282 Ὅτισὺ
3499 1222 3549 1282 εἰ
3595 1229 3624 1284 ό
3669 1229 3811 1297 Θεὸς,

2262 1308 2399 1373 Θεὸς
2428 1308 2538 1366 τῶν
2578 1315 3012 1385 μετανοούντων,
3036 1315 3134 1373 καὶ
3166 1315 3279 1373 τῶν
3320 1317 3461 1392 πρὸς
3496 1318 3558 1373 σὲ
3603 1316 3813 1393 ἐπιστρε-

564 1407 780 1477 φόντων
825 1408 1040 1481 Σωτὴρ,
1075 1408 1173 1462 καὶ
1215 1409 1300 1463 σοὶ
1329 1406 1429 1480 τὴν
1453 1407 1614 1476 δόξαν
1651 1406 2080 1478 ἀναπέμπομενο
2108 1402 2190 1476 τῷ
2228 1404 2410 1478 Πατρὶ
2433 1448 2449 1475 ,
2482 1408 2579 1463 καὶ
2603 1408 2683 1482 τῷ
2713 1410 2851 1478 Υίῷ,
2878 1415 2973 1467 καὶ
3017 1411 3093 1483 τῷ
3133 1412 3276 1485 ἁγίῳ
3300 1412 3606 1486 Πνεύματι·
3637 1414 3723 1470 νῦν
3745 1416 3815 1470 tta'.

563 1505 676 1568 ἀεὶ,
714 1504 810 1558 καὶ
842 1504 924 1568 είς
944 1504 1077 1569 τοὺς
1107 1504 1311 1569 αἰῶνας
1332 1504 1443 1558 τῶν
1469 1501 1705 1559 αἰώνων.
1751 1504 1949 1575 Ἀμήνε

1171 1621 1293 1677 Atia
1329 1621 1536 1677 Oratio.

1055 1719 1343 1791 Dominam
1375 1751 1670 1806 precemur.

634 1847 863 1905 Domine
893 1848 1059 1917 Deus,
1078 1852 1319 1905 omnium
1344 1852 1593 1907 conditor
1619 1861 1674 1906 et
1698 1850 1977 1917 Dominus,
2000 1850 2155 1906 boni-

562 1942 692 1997 tatis
723 1940 844 1997 fons
870 1981 885 2005 ,
920 1942 1166 1996 onmium
1213 1942 1493 1998 hominum
1539 1953 1595 1998 et
1636 1942 1872 1998 maxime
1911 1941 2152 1998 ﬁdelium

560 2030 747 2097 Pater,
780 2033 871 2102 qui
899 2024 1174 2089 hominem
1207 2032 1413 2088 diaboli
1465 2033 1786 2089 seductione
1809 2074 1824 2101 ,
1875 2033 1930 2088 in
1968 2033 2152 2104 perdi-

562 2124 726 2181 tionis
758 2126 1075 2196 errorisqne
1109 2125 1441 2194 profundum
1462 2126 1782 2183 demersum
1815 2143 1923 2184 non
1956 2130 2154 2197 despe-

559 2218 686 2272 xisti
715 2259 729 2282 ,
763 2221 859 2275 sed
898 2234 1025 2276 eum
1068 2235 1167 2291 per
1197 2221 1464 2291 unigeniti
1496 2204 1617 2277 Filii
1660 2223 1738 2278 tui
1774 2232 1832 2277 et
1858 2222 1950 2278 Dei
1982 2222 2154 2279 nostri

558 2300 1354 2385 incarnationemrequisitum
1394 2323 1451 2371 et
1499 2326 1775 2372 servatum
1812 2317 1879 2372 ad
1920 2316 2153 2387 teipsum

556 2405 850 2471 reduxisti,
884 2405 1019 2474 ipse,
1046 2406 1277 2476 benigne
1295 2406 1770 2474 Domine,servum
1794 2418 1943 2464 tuum
1969 2411 2153 2475 istum,

558 2497 847 2552 rationalis
871 2498 1029 2553 ovilis
1054 2498 1255 2555 Christi
1282 2502 1359 2555 tui
1391 2515 1549 2556 ovem
1577 2501 1926 2556 inimicorum
1958 2502 2157 2572 impio-

559 2602 679 2641 rum
733 2589 1054 2656 captivitate
1096 2589 1436 2659 redemptam
1490 2589 1745 2661 respice:
1800 2600 1857 2646 et
1900 2592 2154 2661 quamvis

559 2677 749 2746 puerili
784 2678 1022 2744 inScitia,
1060 2688 1151 2734 aut
1190 2681 1472 2751 tyrannica
1518 2681 1564 2735 vi
1597 2696 1777 2736 mores
1808 2696 1996 2738 eorum
2028 2683 2154 2738 iuti-

557 2778 704 2824 tatus
734 2769 898 2826 fuerit
924 2810 940 2835 ,
987 2787 1133 2827 nunc
1176 2783 1358 2829 tamen
1394 2772 1581 2843 populi
1630 2774 1706 2828 tui
1740 2775 2154 2847 congregationi

556 2861 775 2915 restitui
830 2862 1127 2932 permitte;
1168 2864 1370 2918 virtute
1402 2874 1457 2919 et
1490 2865 1810 2934 operatione
1855 2867 2028 2922 sancti
2080 2867 2154 2921 tui

558 2953 796 3023 Spiritus
830 2966 1067 3011 mentem
1101 2955 1219 3025 ejus
1246 2957 1471 3025 irradia,
1504 2969 1559 3012 ut
1582 2958 1843 3014 salutaris
1865 2960 2156 3029 baptisma-

561 3045 629 3098 tis
660 3046 892 3098 scintilla
938 3047 986 3099 in
1019 3046 1136 3115 ejus
1170 3049 1350 3101 anima
1392 3048 1637 3103 insidens
1682 3061 1735 3104 et
1774 3050 1985 3113 relicta,
2020 3066 2151 3105 aura

2786 1622 2959 1695 Εὐχὴ
2999 1609 3172 1695 έτέρα
3198 1624 3337 1699 (se).

2697 1734 2810 1791 Τοῦ
2855 1739 3079 1806 Κυρίου
3102 1737 3431 1811 denarium.

2326 1848 2503 1920 Κύριε
2546 1850 2576 1904 ό
2605 1849 2739 1915 Θεὸς
2761 1892 2776 1919 ,
2808 1853 2838 1906 ό
2870 1851 2981 1907 τῶν
3014 1853 3275 1913 ἀπάντων
3302 1854 3576 1927 πόιητὴς,
3606 1855 3694 1912 καὶ
3735 1859 3814 1911 Δι-

2259 1940 2499 2012 σπότης,
2546 1942 2579 2015 ἡ
2621 1942 2773 2021 πηγὴ
2806 1944 2906 2016 τῆς
2935 1944 3277 2017 ἀγαθότητος
3305 1986 3322 2015 ,
3351 1947 3381 2000 ό
3406 1946 3604 2017 Πατὴρ
3632 1946 3814 2004 πάντων

2255 2032 2585 2105 ἀνθρώπων,
2629 2035 2869 2107 μάλιστα
2912 2036 3144 2104 πιστῶν,
3179 2039 3208 2092 ό
3248 2036 3326 2110 μὴ
3356 2036 3606 2111 παριδὼν
3634 2037 3715 2093 τὸν
3738 2038 3815 2093 ἄν·

2258 2125 2479 2196 θρωπον
2508 2127 2575 2180 ἐκ
2614 2128 2715 2198 τῆς
2760 2126 2856 2181 τοῦ
2887 2127 3140 2184 διαϐόλου
3172 2129 3520 2203 πανουργίας
3568 2130 3647 2196 είς
3688 2129 3812 2201 βυθὸν

2257 2217 2539 2283 ἀπωλείας
2613 2219 2709 2273 καὶ
2740 2218 2954 2292 πλάνης
2985 2220 3391 2293 κατενεχθέντα
3419 2261 3437 2289 ,
3470 2221 3608 2277 ἀλλά
3633 2221 3713 2276 διὰ
3735 2220 3814 2290 τῆς

2258 2311 2531 2384 σωτηρίου
2570 2313 3045 2386 ἐνανθρωπήσεως
3076 2312 3173 2368 τοῦ
3222 2313 3554 2387 μονογενοῦς
3582 2331 3671 2370 σου
3709 2312 3812 2369 Υίοῦ

2257 2401 2354 2455 καὶ
2390 2400 2527 2455 Θεοῦ
2560 2404 2591 2472 ἡ
2602 2402 2720 2473 μῶν
2750 2403 2941 2458 τοῦτον
2986 2404 3345 2476 ἀναζητήσας
3369 2407 3469 2460 καὶ
3510 2405 3686 2469 σώσας
3706 2446 3721 2470 ,
3742 2404 3813 2459 καὶ

2259 2493 2398 2566 πρὸς
2448 2495 2642 2549 ἑαυτὸν
2703 2495 3094 2568 ἐπαναγαγὼν,
3129 2497 3317 2565 αὐτὸς,
3366 2497 3617 2553 Δέσποτα
3661 2496 3811 2569 φιλάν-

2258 2586 2480 2659 θρωπε,
2526 2588 2622 2642 καὶ
2665 2588 2735 2642 τὰ
2762 2588 2859 2643 νῦν
2904 2588 3200 2660 metator:
3250 2591 3346 2645 ἐπὶ
3386 2591 3481 2669 τὸν
3524 2590 3702 2645 δοῦλόν
3742 2607 3811 2643 σου

2255 2682 2470 2747 τοῦτον,
2508 2683 2786 2756 πρόϐατον
2814 2686 2914 2755 τῆς
2943 2685 3175 2756 λογικῆς
3221 2685 3467 2757 ποίμνης
3495 2684 3590 2739 τοῦ
3617 2681 3811 2755 Χριστοῦ

2260 2793 2354 2829 σου
2390 2776 2709 2848 ὑπάρχοντα
2734 2819 2749 2842 ,
2781 2776 2841 2830 ὃν
2873 2774 3168 2847 ἐλυτρώσω
3200 2777 3301 2848 τῆς
3341 2776 3713 2849 αἰχμαλωσίας
3730 2775 3811 2829 τῶν

2259 2866 2439 2921 ἀθέων
2466 2867 2699 2940 ἐχθρῶν.
2732 2868 2869 2922 Μεθ’
2897 2861 2974 2922 ὧν
3002 2867 3199 2940 ἀγνοίᾳ
3224 2868 3459 2939 παιδικῇ
3483 2868 3517 2939 ἦ
3543 2868 3630 2939 βίᾳ
3654 2883 3815 2938 τυραν-

2257 2962 2407 3031 νικῇ,
2431 2960 2503 3014 τὰ
2531 2960 2626 3029 τῆς
2662 2960 2890 3013 ἐκείνων
2921 2960 3133 3032 πλάνης
3160 2960 3266 3033 ἤθη
3313 2961 3639 3033 μετήρχετο’
3666 2957 3746 3011 νῦν
3771 2955 3816 3010 δὲ

2258 3052 2611 3123 κατηξίωσας
2647 3053 2811 3106 αὐτὸν
2852 3055 2917 3123 τῇ
2978 3052 3073 3106 τοῦ
3113 3053 3248 3108 λαοῦ
3285 3070 3381 3107 σου
3435 3052 3675 3122 πολιτείᾳ
3718 3064 3815 3103 συν-

556 3139 747 3205 gratia:
789 3140 1047 3194 ventilata
1087 3141 1415 3208 spiritaliter
1446 3156 1667 3197 rursum
1708 3143 2066 3207 accendatur,
2097 3153 2150 3198 et

2256 3145 2547 3216 ενωθῆναι,
2581 3144 2929 3214 καταύγασον
2952 3145 3118 3199 αὐτοῦ
3148 3144 3247 3217 τὴν
3276 3145 3524 3200 διάνοιαν
3544 3146 3608 3217 τῇ
3627 3141 3816 3212 δυνάμει

556 3227 881 3296 impressum
916 3230 966 3285 ei
1004 3231 1266 3299 sigillum,
1304 3232 1358 3287 in
1396 3233 1513 3301 ejus
1568 3237 1733 3290 corde
1768 3244 1823 3289 et
1858 3235 2147 3304 cogitatio-

556 3321 719 3374 nibus
739 3361 755 3388 ,
785 3336 883 3391 per
913 3324 1098 3378 crucis
1126 3322 1334 3377 Christi
1361 3310 1435 3377 tui
1461 3325 1848 3395 signationem,
1876 3342 1973 3394 per
1999 3342 2148 3396 spem

556 3413 611 3465 in
650 3422 721 3478 te,
749 3422 804 3467 et
836 3414 1084 3470 veritatis
1111 3416 1444 3484 agnitionem
1468 3457 1483 3481 ,
1520 3417 1831 3472 evidentius
1862 3424 2148 3488 appareat,

553 3514 615 3557 ut
644 3514 693 3556 te
729 3506 901 3561 solum
928 3522 1112 3561 verum
1142 3516 1195 3561 et
1220 3506 1458 3573 Patrem,
1486 3519 1542 3563 et
1578 3509 1919 3579 unigenitum
1950 3510 2148 3565 Filium

556 3607 707 3651 lttnnt
755 3597 1043 3653 Dominum
1077 3609 1321 3655 nostrum
1358 3600 1545 3656 Jesum
1587 3600 1906 3668 Christum,
1943 3612 1994 3657 et
2020 3618 2147 3657 san-

553 3700 702 3745 ctum
734 3700 883 3744 tuum
912 3691 1173 3759 Spiritum
1204 3705 1485 3764 agnoscat,
1508 3705 1561 3750 et
1588 3706 1900 3750 veneretur.
1934 3693 2150 3751 δαμείω

461 3837 464 3839 Α
559 3792 665 3835 lttzc
711 3784 996 3838 catholicae
1048 3795 1102 3839 et
1148 3786 1464 3853 apostolica:
1514 3786 1774 3842 Ecclesiae
1827 3788 1976 3841 illum
2021 3805 2149 3842 con-

548 3876 735 3948 jnage,
797 3880 1015 3950 gentilis
1072 3880 1252 3935 omnis
1310 3880 1611 3950 impietatis
1678 3882 1841 3934 ritum
1906 3881 1975 3934 ab
2030 3881 2150 3950 ejus

553 3982 747 4025 ntcnte-
770 3975 1059 4040 absterge,
1112 3973 1166 4026 in
1205 3972 1477 4028 mandatis
1516 3981 1572 4029 et
1615 3973 1903 4043 prasccptis
1940 3974 2047 4028 tuis
2089 3983 2145 4025 ut

555 4063 715 4129 digne
738 4063 1018 4127 ambulet,
1058 4063 1206 4117 illum
1250 4064 1449 4135 dirige,
1482 4074 1537 4117 et
1568 4073 1889 4134 sanctorum
1927 4074 2145 4119 tuorum

555 4156 944 4223 nysteriorum
980 4156 1294 4211 intlenmata
1326 4157 1639 4226 sumptione
1680 4156 1903 4225 dignum
1942 4155 2143 4221 redde,

552 4258 599 4295 et
641 4245 693 4299 in
745 4246 923 4302 futura
969 4249 1077 4302 vita
1128 4248 1371 4303 caelestis
1420 4248 1573 4319 regni
1620 4247 1943 4317 participem
1997 4248 2149 4302 illum

552 4342 803 4395 ostende.
838 4339 979 4406 Quia
1009 4351 1062 4394 tu
1100 4357 1157 4395 es
1193 4342 1332 4395 Deus
1358 4350 1564 4406 noster,
1595 4339 1736 4395 Deus
1766 4340 2058 4395 miserentli
2092 4352 2148 4395 et

554 4433 798 4487 salvandi
834 4450 846 4486 :
879 4444 930 4509 ct
960 4433 1054 4487 tihi
1080 4434 1307 4503 gloriam
1335 4433 1656 4488 referimus:
1684 4431 1830 4485 Patri
1857 4472 1872 4496 ,
1900 4444 1953 4486 et
1983 4433 2140 4499 Filio,

2257 3238 2352 3292 καὶ
2400 3238 2654 3309 ἐνεργείᾳ
2694 3237 2792 3291 τοῦ
2832 3238 2992 3307 ἁγίου
3039 3254 3134 3291 σου
3189 3236 3556 3305 Πνεύματος,
3585 3234 3716 3289 ὥστε
3742 3229 3816 3287 τδν

2252 3331 2682 3401 ἐναποκείμενον
2718 3332 2783 3401 τῇ
2818 3329 2966 3401 ψυχῇ
3018 3329 3186 3385 αὐτοῦ
3223 3328 3505 3402 σπινθῆρα
3550 3326 3640 3382 τοῦ
3667 3341 3813 3394 σωτη-

2255 3424 2482 3496 ριώδους
2512 3423 2892 3493 βαπτίσματος
2917 3462 2932 3487 ,
2964 3425 3088 3486 ταῖς
3111 3422 3311 3495 αὔραις
3348 3422 3456 3494 τῆς
3482 3421 3696 3495 χάριτος
3719 3433 3814 3489 νοη-

2251 3517 2361 3580 τῶς
2388 3516 2480 3581 ἐξα
2494 3517 2692 3585 φθῆναι
2711 3556 2726 3582 ,
2756 3517 2855 3571 καὶ
2897 3516 2988 3570 τὸν
3018 3515 3466 3587 ἐνσημανθεῖσαν
3493 3513 3637 3586 αὑτῷ
3665 3527 3806 3583 σφρα-

2252 3609 2376 3677 γῖδα
2413 3607 2801 3679 ἐκτυπώτερον
2846 3606 3235 3678 ἐπιφαίνεσθαι
3267 3607 3382 3678 (27)
3438 3609 3499 3660 ἐν
3543 3608 3606 3676 τῇ
3654 3600 3811 3673 καρδίᾳ

2251 3699 2447 3766 αὐτοῦ,
2481 3701 2574 3754 καὶ
2614 3702 2729 3764 τοῖς
2777 3701 3064 3771 λογισμοῖς
3109 3699 3197 3754 διὰ
3230 3700 3332 3769 τῆς
3366 3698 3718 3770 σημειώσεως
3741 3690 3810 3745 τοῦ

2253 3789 2489 3859 σταυροῦ
2526 3790 2618 3845 τοῦ
2644 3789 2886 3861 Χριστοῦ
2914 3807 3031 3856 σου,
3059 3792 3160 3859 τὴν
3191 3791 3271 3853 εἰς
3306 3791 3367 3843 σὲ
3393 3789 3607 3852 ἐλπίδα,
3634 3787 3720 3840 καὶ
3737 3782 3809 3850 τὴν

2251 3885 2350 3954 τῆς
2382 3882 2643 3953 ἀληθείας
2673 3884 2973 3953 ἐπίγνωσιν
3003 3884 3092 3937 ἵνα
3138 3882 3412 3955 γινώσκῃ,
3449 3884 3543 3937 καὶ
3573 3875 3807 3950 apportavi,

2252 3994 2313 4029 σε
2355 3975 2447 4029 τὸν
2492 3976 2654 4047 μόνον
2689 3975 2943 4045 ἀληθινὸν
2977 3975 3132 4041 Θεὸν,
3186 3976 3284 4029 καὶ
3320 3975 3547 4045 Πατέρα
3573 4014 3587 4037 ,
3619 3969 3707 4025 καὶ
3742 3965 3808 4018 τὸν

2253 4060 2517 4137 μονογενῆ
2565 4082 2658 4119 σου
2692 4065 2823 4119 Υίὸν
2865 4065 2957 4120 τδν
3011 4066 3217 4137 Κύριον
3266 4065 3427 4136 ἡμῶν
3467 4063 3671 4137 Ἰησοῦν
3704 4061 3807 4127 Χρι·

2251 4156 2394 4223 στὸν,
2444 4158 2539 4209 καὶ
2570 4156 2631 4210 τὸ
2682 4153 2911 4225 Πνεῦμά
2938 4171 3032 4208 σου
3076 4154 3137 4207 τὸ
3171 4153 3353 4222 ἅγιον.
3407 4154 3653 4208 ’Ἐνωσον
3681 4146 3806 4201 αὑτὸν

2249 4252 2314 4321 τῇ
2350 4248 2482 4321 ἁγίᾳ
2527 4265 2620 4301 σου
2665 4247 2929 4319 καθολικῇ
2966 4248 3063 4302 καὶ
3105 4247 3447 4318 ἀποστολικῇ
3513 4241 3802 4311 Ἐκκλησίᾳι

2249 4343 2561 4413 ἀπόστησον
2601 4344 2665 4396 ἐκ
2701 4342 2804 4412 τῆς
2847 4340 3014 4397 αὐτοῦ
3049 4340 3293 4403 διανοίας
3343 4341 3531 4393 πᾶσαν
3563 4333 3805 4404 συνήθειαν

2262 4432 2485 4501 ἐθνικῆς
2534 4432 2862 4501 ἀθεότητος,
2913 4435 3008 4487 καὶ
3048 4430 3382 4486 κατεύθυνον
3429 4430 3591 4485 αὐτὸν
3632 4428 3685 4479 ἐν
3717 4422 3803 4480 ταῖς

552 4538 604 4577 et
652 4527 877 4594 Spiritui
924 4538 1153 4591 sancto,
1195 4542 1336 4581 nunc
1378 4534 1430 4580 et
1457 4541 1692 4596 semper,
1749 4537 1803 4579 et
1855 4526 1907 4579 in
1950 4530 2145 4583 su'cnla

2256 4526 2505 4589 ἐντολαῖς
2547 4543 2642 4579 σου
2723 4525 2820 4580 καὶ
2852 4528 2963 4590 τοῖς
3002 4522 3395 4598 προστάγμασι
3427 4539 3523 4575 σου
3560 4518 3710 4583 ἀξίως

554 4619 898 4672 εωριιιοτυηι.
931 4620 1127 4675 Amen.

643 4789 659 4820 ‘
690 4789 922 4851 Zachar.
958 4811 998 4859 ι,
1028 4796 1080 4849 5.
1159 4798 1178 4826 ²
1219 4796 1418 4850 Εῑειειι.
1454 4814 1648 4861 xxviii,
1689 4798 1776 4849 Η.

2262 4620 2559 4692 ρεύεσθσυι,
2609 4618 2845 4689 “ai-1?];
2900 4616 3008 4671 τῶν
3062 4615 3349 4688 σωτηρίων
3393 4631 3486 4668 σου
3541 4603 3802 4684 μυστηρίων

1651 4955 1882 5011 VARI/IS
1925 4944 2436 5015 LEC'l‘lONES'ET
2478 4960 2713 5019 norant.

625 5113 738 5187 (9.6)
765 5116 937 5186 Εὐχή
963 5112 1156 5186 ἑτέρα.
1205 5115 1422 5187 Titulus
1458 5116 1628 5170 tertiae
1663 5118 1928 5172 orationis
1961 5118 2011 5172 in
2047 5134 2139 5173 co-
2175 5136 2188 5142 ·

555 5186 683 5259 deut
715 5186 970 5256 Cryptof.
1036 5198 1119 5259 est
1163 5186 1361 5258 εΕὐχὴ
1409 5187 1545 5259 πρὸς
1601 5189 1967 5259 Χριστιανοὺς
2031 5190 2139 5241 ὑπ-

553 5254 822 5331 αχθέντας
850 5259 1047 5331 ἐθνικῇ
1068 5258 1267 5329 πλάνῃ,
1285 5254 1725 5331 ἐπιστρέψαντρς
1744 5257 1800 5331 δέ
1821 5262 1886 5328 τῇ
1905 5260 2139 5331 Ἐπικλη-

556 5332 672 5400 ait},
691 5328 786 5379 καὶ⁵
815 5329 906 5400 τοῦ
927 5326 1061 5383 Θεοῦ
1096 5326 1602 5400 προσδραμοῦντας.
1635 5326 1826 5391 Oratio
1848 5326 1942 5396 pro
1965 5326 2142 5384 Chris-

555 5398 716 5449 tiam‘s
750 5398 1024 5467 gentilium
1069 5398 1373 5453 sedttctioné
1415 5400 1695 5452 subactis:
1736 5403 1803 5452 ad
1849 5400 2137 5454 Ecclesiam

556 5482 673 5539 pero
710 5471 953 5539 reuersis,
986 5481 1032 5523 et
1062 5472 1132 5524 ad
1167 5470 1332 5524 Deum
1375 5470 1822 5539 confugientibus.
1851 5471 2028 5539 Atque
2070 5471 2145 5525 ita

553 5536 706 5605 juxta
737 5538 883 5593 illius
926 5556 1027 5595 ms.
1065 5552 1332 5603 nmntem,
1380 5536 1559 5593 oratio
1587 5541 1687 5593 ista
1738 5556 1842 5595 non
1881 5536 1983 5595 nisi
2020 5540 2144 5594 ﬁdei

557 5607 885 5663 Christianus
914 5612 1231 5665 desertores
1274 5610 1492 5678 respicit
1527 5628 1539 5662 :
1573 5612 1715 5663 unde
1746 5622 1799 5665 et
1838 5612 1925 5665 illa
1956 5613 2145 5666 eadem

561 5678 766 5739 oratio,
793 5680 893 5733 sub
908 5680 1098 5736 eodem
1126 5681 1304 5744 titulo,
1337 5682 1386 5734 in
1417 5682 1524 5737 alio
1549 5697 1648 5737 tns.
1670 5681 1967 5738 Barherino
1994 5696 2144 5735 num.

563 5746 963 5818 88,__i_nsignito,
997 5751 1287 5818 reperitur.

639 5815 750 5884 (27)
774 5815 1075 5884 Σφραγιδίὶ
1092 5819 1500 5888 ἐκτυπώτερω·
1515 5823 1951 5891 ἑπιραιίἐσθαι.
1978 5822 2148 5889 Quam

2246 5131 2398 5176 recta
2433 5120 2599 5176 fuerit
2650 5125 2717 5176 de
2750 5118 3190 5175 conﬁrmationis
3222 5116 3542 5174 charactere
3585 5110 3798 5171 Methodii

2245 5193 2547 5258 sententia,
2576 5193 2711 5248 satis
2733 5190 2882 5246 clare
2906 5190 3153 5244 indicant
3187 5192 3300 5245 haec
3328 5193 3491 5243 verba
3521 5207 3535 5242 :
3562 5202 3651 5258 per
3670 5185 3802 5238 haere-

2245 5263 2345 5335 sim
2396 5263 2678 5335 nimirum,
2732 5260 3006 5335 unctionis
3043 5262 3093 5313 in
3142 5261 3413 5335 baptismo
3451 5264 3796 5335 receptaret}

2246 5332 2413 5386 deleri
2443 5333 2704 5401 sigillum,
2760 5332 2855 5387 sed
2911 5329 3187 5385 obiuscari
3225 5340 3457 5401 tantum,
3488 5337 3544 5401 et
3567 5329 3706 5395 quasi
3747 5333 3797 5372 ex

2246 5410 2401 5486 parte
2437 5400 2720 5486 obliterari
2752 5411 3105 5486 :_eapropter
3144 5410 3267 5486 orat
3300 5400 3543 5486 Ecclesia
3570 5401 3798 5486 ἐνσημξις

2256 5473 2442 5527 θεῖσαν
2480 5473 2759 5544 σφραγίδσι
2786 5469 3173 5544 ἐκτυπώτερον
3196 5469 3607 5544 ἐπιφαίνεσθαι,
3635 5475 3685 5517 ut
3725 5469 3800 5544 tmf

2254 5539 2506 5611 pressiuf
2526 5539 2804 5597 character
2833 5539 3132 5611 expressius
3171 5549 3425 5610 appareat
3453 5555 3473 5594 :
3506 5539 3556 5593 itl
3586 5545 3678 5598 est,
3718 5542 3797 5611 uoti

2258 5610 2465 5667 tantum
2499 5630 2584 5669 res
2610 5610 2974 5679 sacramenti,
3022 5611 3119 5667 sed
3147 5614 3266 5681 ejus
3293 5611 3467 5665 virtus
3500 5626 3513 5661 :
3552 5623 3646 5681 non
3677 5610 3798 5681 actui}

2258 5685 2416 5757 primi
2451 5668 2764 5757 impressio,
2792 5685 2886 5739 sed
2914 5668 3071 5757 actus
3107 5668 3341 5757 secundi
3364 5678 3670 5757 expressio;

2259 5748 2545 5808 nimirtnn'
2573 5755 2791 5809 illibatae
2839 5754 3055 5824 publica
3108 5751 3401 5824 professio,
3439 5748 3655 5805 cunt-tis
3696 5748 3796 5794 nata

2263 5828 2355 5877 liat
2395 5836 2447 5879 et
2481 5824 2789 5879 manifesta.
