4024 6468
494 367 633 434 1315

1531 358 1590 417 S.
1628 355 2007 415 METHODII
2050 355 2557 415 PATRIARCILE
2597 356 2707 417 (ΖΡ.

3649 365 3762 437 1316

492 496 644 540 trram
675 480 932 551 originali
972 493 1070 534 nos
1102 468 1484 533 maledicfione
1521 475 1800 529 libri-atus.
1824 473 1887 524 ad
1922 474 2085 524 vitam

2196 472 2282 525 διὰ
2311 472 2405 525 τοῦ
2442 474 2682 543 σταυροῦ
2712 491 2805 529 σου
2835 476 2935 547 τῆς
2962 478 3300 551 προγονικῆς
3338 480 3590 550 κατάρας
3633 484 3767 537 ἐλευ-

490 579 705 633 beatam
733 573 1001 630 reduxisti
1025 591 1039 640 ;
1059 570 1384 642 quidixisti,
1408 569 1665 639 gaudium
1697 570 1749 621 in
1775 568 1915 622 caelo
1937 567 2079 631 fieri,

490 684 657 726 causa
718 666 1027 739 peccatoris
1074 663 1239 718 unius
1279 660 1659 732 paenitentiam
1695 662 1951 727 agentis:
1999 676 2085 714 re-

493 771 708 831 t-eptam
745 774 888 813 nunc
915 756 1239 813 rationalem
1278 753 1573 816 ovicnlatn,
1606 754 1755 823 prius
1792 753 2080 821 perditam,

494 853 647 925 gregi
705 861 797 906 tuo
833 859 1089 914 annecte,
1124 858 1179 903 et
1221 862 1449 917 rapaces
1485 846 1641 915 lupos
1672 846 1740 899 ab
1771 860 1833 900 ea
1884 844 2083 914 cffnga,

493 955 548 1000 et
583 960 750 1001 cruce
785 954 877 998 tua
915 931 1178 996 vallatum
1216 940 1392 1005 illum,
1428 947 1483 993 et
1514 938 1808 995 venerandi
1851 939 2088 992 nominis

496 1039 594 1104 tui,
628 1052 793 1106 super
821 1051 918 1091 nos
943 1049 1135 1091 servos
1163 1042 1282 1089 tuos
1305 1033 1566 1095 invocati,
1595 1031 1766 1102 gloria
1790 1041 2109 1109 artnalmn,_

494 1140 776 1200 serpentes
812 1139 866 1184 et
903 1126 1223 1198 scorpiones
1278 1126 1492 1181 calcare
1532 1125 1794 1179 concede.
1830 1122 1907 1177 Tu
1941 1123 2086 1178 enim

493 1235 555 1275 es
593 1220 742 1274 Deus
794 1229 1006 1284 noster,
1059 1219 1202 1273 Deus
1236 1216 1531 1272 miserendi
1582 1225 1635 1270 et
1690 1216 1939 1270 salvandi
1979 1233 1992 1269 :
2035 1227 2091 1272 et

496 1311 596 1365 tibi
672 1309 900 1381 gloriam
944 1309 1257 1372 referimus,
1290 1323 1413 1363 cum
1453 1306 1707 1377 principii
1738 1317 1966 1376 experte
2000 1318 2091 1362 tuo

498 1401 686 1466 Patre,
724 1411 779 1456 et
810 1416 931 1456 cum
969 1400 1346 1466 sanctissimo,
1381 1408 1437 1454 et
1462 1399 1631 1467 bono,
1661 1410 1717 1454 et
1759 1400 1975 1457 vivifico
2000 1410 2092 1456 tuo

496 1494 739 1563 Spiritu,
767 1508 912 1548 nunc
939 1502 994 1548 et
1030 1507 1274 1564 semper,
1320 1501 1376 1549 et
1407 1493 1458 1546 in
1505 1492 1705 1547 sarcula
1740 1494 2088 1549 srrculorum.

497 1591 696 1642 Amen.

2189 561 2442 632 Οερὼσας
2483 564 2655 633 ἡμᾶς,
2698 566 2961 636 καὶπρὸς
3019 568 3119 636 τὴν
3157 569 3438 639 μακαρίαν
3501 570 3649 642 ζωὴν
3684 575 3769 629 ἑπ-

2189 653 2515 721 ανα-ίαγὼν,
2553 655 2582 707 ὁ
2626 650 2803 708 εἰπὼν
2837 656 3087 724 γίνεσθαι
3121 660 3299 729 χαρὰν
3331 663 3387 715 ὲν
3434 662 3655 734 οὐρανῷ
3698 668 3769 737 ἐφ’

2189 747 2268 798 ἑνὶ
2314 744 2629 817 ἁμαρτωλῷ
2664 748 3059 817 μετανοοῦντι*
3122 751 3418 824 πρόσδεξαι
3476 758 3573 808 καὶ
3604 756 3695 811 νῦν
3723 762 3773 815 τὸ

2190 840 2467 902 ἀπολωλός
2499 857 2592 892 σου
2622 840 2896 912 πρόϐατον
2930 842 3171 912 λογικὸν,
3198 846 3292 899 καί
3320 850 3385 918 τῇ
3423 849 3636 921 ποίμνῃ
3658 852 3771 907 σύν-

2190 932 2348 1000 αψον,
2389 934 2485 986 καὶ
2525 935 2653 995 τοὺς
2699 934 3070 1005 ἁρπάσαντας
3096 936 3299 1002 λύκους
3330 939 3427 992 ἀπ’
3458 940 3629 994 αὐτοῦ
3652 943 3774 997 ἀπο.

2193 1024 2459 1093 σὸὅησονο
2501 1024 2735 1089 ἀξίωσον
2774 1028 2941 1081 αὑτὸν
2988 1032 3187 1084 πατεῖν
3231 1033 3415 1086 ἐπάνω
3469 1032 3651 1102 ὄψεων
3694 1040 3773 1091 καὶ

2194 1118 2474 1190 σκορπίων
2504 1118 2876 1190 τειχιζόμενον
2903 1120 2982 1190 τῷ
3007 1121 3228 1193 σταυρῷ
3254 1140 3370 1188 σου,
3401 1126 3505 1178 καὶ
3527 1128 3775 1197 φρουρού-

2198 1229 2358 1282 μενον
2401 1214 2467 1282 τῇ
2507 1211 2632 1282 δόξῃ
2686 1211 2780 1264 τοῦ
2817 1213 3202 1284 προσκυνητοῦ
3241 1231 3335 1269 σου
3376 1215 3650 1286 ὀνόματος
3692 1221 3772 1272 τοῦ

2194 1304 2634 1374 ὲπικεκλημένου
2666 1305 2751 1373 ἐφ’
2780 1306 2913 1375 ἡμῖν
2942 1309 3055 1369 τοῖς
3078 1306 3288 1370 δούλοις
3331 1324 3453 1362 σου.
3487 1309 3563 1363 Σὺ
3596 1304 3699 1382 γὰρ
3733 1308 3775 1364 εἷ

2194 1397 2222 1448 ὁ
2261 1396 2395 1459 Θεὸς
2436 1395 2628 1467 ἡμῶν,
2662 1395 2795 1460 Θεὸς
2833 1396 2927 1450 τοῦ
2972 1398 3145 1452 ἐλεεῖν
3175 1399 3271 1452 καὶ
3304 1398 3541 1467 σώζειν,
3586 1405 3678 1456 καὶ
3706 1406 3774 1457 σοὶ

2194 1487 2293 1558 τὴν
2323 1487 2481 1553 δόξαν
2511 1488 2917 1558 ἀναπέμπομεν
2940 1507 2953 1519 ·
2982 1490 3079 1543 σὺν
3107 1490 3186 1562 τῷ
3213 1492 3440 1563 ἁνάρχῳ
3471 1510 3569 1546 σου
3599 1495 3772 1565 Πατρί,

2197 1579 2291 1630 καὶ
2346 1577 2424 1648 τῷ
2473 1579 2762 1650 παναγίῳ,
2818 1580 2915 1632 καὶ
2967 1580 3198 1653 ἀγαθῷ,
3246 1585 3340 1641 καὶ
3386 1583 3643 1656 ζωοποιῷ
3695 1604 3770 1641 σου

2198 1671 2514 1741 Πνεύματι·
2568 1670 2663 1724 νῦν
2701 1673 2796 1725 καὶ
2851 1673 2961 1738 ἀεὶ,
2997 1675 3091 1726 καὶ
3126 1676 3205 1737 εἰς
3242 1675 3370 1741 τοὺς
3426 1676 3640 1742 αἰῶνας
3685 1679 3772 1734 τῶν

2200 1761 2438 1816 αἰώνων.
2481 1763 2680 1833 Ἀμήν.

574 1852 636 1905 Ει
674 1854 912 1905 oratione
968 1850 1261 1919 completa,
1311 1866 1466 1903 sacro
1527 1861 1795 1918 unguento
1853 1858 2088 1915 accepto,

2270 1854 2380 1907 Kal
2408 1854 2560 1923 μετὰ
2593 1854 2709 1921 τὴν
2748 1854 2965 1925 εὐχὴν,
3004 1856 3208 1910 λαϐὼν
3240 1858 3308 1913 τὸ
3351 1857 3533 1928 ἅγιον
3571 1861 3770 1930 μῦρον,

496 1944 783 1997 secundum
836 1942 1228 2009 bap:izatorum
1275 1942 1711 1995 consuetudinem
1744 1939 1894 1992 illum
1936 1941 2095 1992 inun-

496 2038 591 2105 gil,
632 2034 805 2087 erucis
832 2034 984 2102 signa
1043 2048 1308 2097 expresso,
1344 2031 1396 2083 in
1450 2029 1645 2097 front’e,
1698 2040 1744 2083 et
1798 2030 1989 2088 oculis,
2045 2037 2092 2082 et

497 2127 735 2189 naribus,
765 2139 810 2177 et
871 2141 984 2185 ore,
1017 2135 1064 2177 el
1099 2120 1307 2175 duabus
1357 2122 1597 2182 auribus,
1656 2130 1702 2171 et
1740 2118 2001 2182 manibus,
2046 2126 2093 2169 et

498 2226 726 2277 vertare,
780 2226 827 2269 el
864 2215 1119 2285 scapulis,
1184 2224 1231 2267 et
1288 2215 1546 2282 gentibus,
1580 2212 1804 2264 dicens:
1844 2210 2091 2279 Sigillum

499 2309 623 2361 horti
678 2306 918 2376 Spiritus
955 2306 1152 2360 sancti.
1199 2304 1262 2357 Et
1302 2305 1548 2356 unctione
1574 2302 1835 2371 perfecta,
1872 2317 2093 2368 sequen-

501 2412 601 2454 tem
634 2399 925 2452 orationem
958 2413 1117 2466 super
1146 2408 1302 2465 caput
1341 2396 1453 2463 ejus
1488 2395 1698 2447 recitat.

995 2699 1277 2754 Dominum
1307 2715 1603 2769 precemur.

576 2813 826 2877 Domine,
880 2813 1020 2867 Deus
1063 2814 1432 2882 omnipotens,
1474 2813 1565 2881 qui
1622 2826 1718 2881 per
1758 2810 2090 2865 sanctissimi

503 2908 580 2959 tui
617 2905 858 2981 Spiritus
892 2906 1231 2971 missionem,
1275 2904 1454 2973 gratia
1506 2903 1805 2971 discipulos
1849 2912 1972 2960 tuos
2007 2917 2094 2956 re-

500 2999 737 3068 plevisti,
793 3013 1009 3051 servum
1055 2998 1221 3051 etiam
1268 3005 1418 3050 tuum
1455 2997 1601 3051 hunc
1654 2996 1725 3050 ab
1766 2996 1972 3051 erroris
2004 2995 2092 3049 via

503 3100 840 3157 νενωειιιιιιιι,
870 3100 926 3145 et
956 3093 1021 3145 ad
1065 3090 1225 3147 fidem
1280 3098 1428 3144 tuam
1469 3090 1778 3155 reductum,
1820 3099 1876 3144 et
1915 3089 2089 3144 sancti

2195 1948 2350 2015 χρίει
2383 1946 2574 2001 αὑτὸν
2612 1946 2765 2001 κατὰ
2790 1947 2908 2016 τὴν
2945 1948 3122 2012 τάξιν
3147 1948 3270 2002 τῶν
3293 1951 3769 2021 βαπτιζομένων,

2195 2038 2385 2092 ποιῶν
2423 2038 2692 2108 σταυροῦ
2719 2040 2936 2105 τύπον,
2976 2040 3080 2094 ἐπι
3110 2058 3175 2096 τε
3214 2042 3322 2097 τοῦ
3350 2043 3656 2113 μετώπου,
3688 2048 3769 2097 καί

2195 2126 2314 2181 τῶν
2376 2126 2740 2198 ὀφθαλμῶν,
2796 2130 2894 2182 καὶ
2956 2129 3079 2183 τῶν
3124 2131 3492 2200 μυκτήρων,
3542 2134 3637 2187 καί
3682 2134 3769 2188 τοῦ

2195 2222 2498 2291 στόματος
2517 2260 2531 2283 ,
2577 2220 2675 2275 καὶ
2707 2220 2825 2275 τῶν
2856 2221 2967 2276 δύο
3006 2220 3217 2285 ὠτίων,
3260 2224 3363 2279 καὶ
3391 2224 3516 2278 τῶν
3543 2226 3769 2295 χειρῶν,

2194 2313 2425 2367 καὶτοῦ
2461 2312 2764 2382 στήθους,
2794 2313 2893 2368 καὶ
2934 2314 3054 2369 τῶν
3075 2316 3498 2386 μεταφρένων,
3540 2319 3633 2371 καί
3676 2317 3768 2370 τῶν

2198 2404 2501 2473 γονάτων,
2579 2403 2774 2472 λέγων
2811 2420 2825 2435 ·
2880 2406 3126 2476 Σφραγὶς
3194 2406 3410 2476 δωρεᾶς
3486 2407 3768 2479 Πνεύματικ

2198 2497 2381 2564 ἁγίου.
2410 2497 2516 2551 Kal
2544 2496 2695 2565 μετὰ
2723 2496 2837 2563 τὴν
2857 2498 3067 2567 κρίσιν
3094 2496 3259 2568 λέγει
3285 2498 3405 2569 τὴν
3432 2500 3627 2569 εὐχὴν
3652 2501 3765 2553 ταύ-

2197 2605 2339 2655 την,
2372 2587 2575 2641 ἐπάνω
2604 2585 2713 2656 τῆς
2738 2587 3015 2657 κεφαλῆς
3043 2589 3258 2645 αὐτοῦ.

2629 2702 2739 2757 Τοῦ
2774 2704 2995 2772 Κυρίου
3033 2703 3357 2775 δεηθῶμεν.

2269 2815 2467 2885 Κύριε,
2519 2816 2548 2868 ὁ
2601 2815 2735 2880 Θεὸς
2773 2820 2802 2869 ὁ
2851 2820 3283 2891 παντοκράτωρ,
3337 2821 3367 2874 ὁ
3402 2820 3495 2874 διὰ
3531 2822 3626 2892 τῆς
3654 2821 3766 2874 ἀπε-

2199 2907 2395 2976 στολῆς
2428 2905 2523 2959 τοῦ
2572 2906 2845 2975 παναγίου
2903 2923 3000 2960 σου
3045 2907 3399 2979 Πνεύματος,
3435 2907 3655 2979 χάριτος
3683 2909 3765 2978 Ep-

2198 3001 2412 3069 πλήσας
2452 2999 2580 3061 τοὺς
2615 2997 2866 3069 μαθητὰς
2888 3038 2903 3064 ,
2946 3000 3043 3054 καί
3091 2999 3277 3054 δοῦλόν
3315 3016 3415 3054 σου
3446 3000 3633 3055 τοῦτον
3662 3001 3764 3052 ἐπι-

2200 3090 2443 3160 στρέψας
2479 3093 2545 3144 ὲκ
2568 3091 2667 3160 τῆς
2702 3090 3131 3162 πεπλανημένης
3161 3091 3304 3158 ὀδοῦ,
3332 3094 3430 3147 καὶ
3462 3095 3543 3156 εἰς
3572 3093 3661 3164 τὴν
3682 3091 3761 3162 σὴν

502 3186 577 3237 ιιιί
612 3184 849 3252 Spiritus
901 3182 1199 3253 fragrantia
1243 3196 1336 3253 per
1379 3182 1542 3252 hujus
1575 3184 1835 3253 unguenti
1865 3183 2088 3237 unctio-

2196 3184 2381 3237 πίστιν
2415 3183 2824 3254 καθοδηγήσας,
2858 3185 2953 3237 καὶ
2982 3185 3083 3255 τῆς
3112 3184 3346 3250 εὐωδίας
3378 3185 3476 3240 τοῦ
3507 3186 3653 3254 ἁγίου
3686 3201 3760 3236 σου

502 3293 625 3331 nem
664 3278 888 3347 dignum
938 3277 1209 3337 habitum,
1239 3276 1292 3330 in
1342 3286 1433 3330 tua
1482 3278 1775 3332 sanctitate
1823 3276 2039 3330 custodi
2074 3293 2087 3329 :
2126 3282 2127 3285 ‘

501 3371 568 3424 da
600 3370 649 3424 ei
677 3372 977 3425 secundum
1014 3367 1353 3424 voluntatem
1391 3378 1540 3423 tuam
1571 3368 1878 3435 ambulare,
1910 3369 2092 3423 illum-

500 3476 608 3529 que
630 3461 929 3515 tremendis
961 3460 1068 3516 tuis
1095 3459 1373 3532 mysteriis
1396 3457 1528 3523 frui,
1547 3469 1601 3511 et
1633 3468 1842 3512 rectam
1868 3452 2086 3527 semper

501 3554 558 3608 iu
613 3561 665 3606 te
694 3551 853 3607 fidem
886 3562 1224 3616 servantem,
1266 3566 1492 3621 regnum
1534 3554 1758 3607 caeleste
1788 3549 2090 3619 promereri

444 3642 469 3675 ί
500 3643 765 3707 concede,
802 3645 977 3715 gratia
1021 3644 1221 3699 Christi
1250 3644 1347 3707 tui,
1379 3658 1501 3698 cum
1527 3658 1636 3714 qtto
1665 3643 1858 3713 gloria,
1892 3644 2091 3709 honor,

501 3746 557 3792 et
607 3736 862 3792 aduratio
909 3737 1005 3792 tibi
1059 3737 1316 3793 convenit
1373 3751 1550 3790 :cum
1607 3737 1981 3802 sanctissimo,
2041 3746 2098 3790 et

501 3816 674 3893 bono,
709 3840 762 3884 et
811 3829 1030 3884 vivifico
1078 3837 1170 3884 tuo
1202 3813 1408 3898 Spiritu
1442 3867 1455 3891 ,
1502 3843 1645 3882 nunc
1681 3839 1735 3883 et
1768 3843 2014 3898 semper,
2041 3839 2096 3883 et

502 3924 556 3978 in
587 3924 787 3978 sazcula
818 3924 1166 3977 saeculorum.
1202 3927 1397 3975 Amen.

2202 3276 2523 3346 Πνεύματος
2550 3276 2639 3329 διὰ
2663 3279 2763 3348 τῆς
2797 3275 2890 3330 τοῦ
2928 3276 3105 3348 μύρου
3141 3278 3336 3332 τούτου
3366 3279 3599 3350 χρίσεως
3625 3275 3759 3341 ἀξιὼ-

2202 3386 2333 3432 σας,
2363 3368 2598 3438 φύλαξον
2628 3369 2796 3423 αὑτὸν
2827 3371 2885 3423 ὲν
2934 3369 3013 3440 τῷ
3065 3369 3145 3441 σῷ
3192 3371 3459 3442 ἁγιασμῷ
3482 3414 3496 3436 ,
3530 3370 3615 3433 δὸς
3640 3366 3759 3436 αὐτῷ

2203 3463 2345 3517 κατὰ
2393 3462 2455 3516 τὸ
2485 3462 2701 3533 θέλημά
2751 3479 2845 3516 σου
2901 3462 3265 3533 πορεύεσθαι,
3316 3466 3415 3519 καὶ
3455 3463 3756 3528 καταξίωσον

2201 3558 2369 3611 αὐτὸν
2422 3557 2522 3610 σὺν
2583 3560 2715 3629 ἡμῖν
2764 3559 2823 3610 ὲν
2868 3557 3168 3612 ἀπολαύσει
3203 3558 3468 3626 γενέσθαι
3519 3558 3610 3612 καὶ
3670 3553 3757 3608 τῶν

2202 3649 2446 3720 φρικτῶν
2476 3666 2570 3702 σου
2606 3649 2925 3720 μυστηρίων
2944 3689 2960 3715 ,
2991 3649 3086 3703 καί
3116 3653 3441 3722 τηρήσαντα
3484 3650 3581 3723 τὴν
3608 3650 3679 3712 εἰς
3709 3644 3754 3697 σὲ

2202 3742 2387 3795 πίστιν
2423 3741 2593 3813 ὀρθὴν
2613 3782 2630 3809 ,
2663 3741 2885 3806 ἐπάξιον
2917 3743 3152 3812 φανῆναι
3194 3742 3291 3795 καὶ
3330 3742 3432 3813 τῆς
3466 3736 3754 3811 ὲπουρανίυυ

2204 3849 2300 3886 σου
2339 3832 2644 3903 βασιλείας,
2694 3832 2784 3887 διὰ
2805 3833 2914 3903 τῆς
2964 3834 3189 3904 χάριτος
3226 3833 3321 3887 τοῦ
3375 3831 3609 3907 Χριστοῦ
3646 3845 3750 3890 σου,

2206 3922 2326 3995 μεθ’
2368 3917 2430 3979 οὗ
2472 3940 2555 3977 σοι
2596 3925 2800 3995 πρέπει
2852 3924 3005 3991 δόξα,
3052 3923 3209 3994 τιμὴ,
3255 3924 3353 3978 καὶ
3393 3921 3750 3997 προσκύνησιςι

501 4019 601 4073 σὺν
623 4018 702 4089 τῷ
726 4018 1004 4090 παναγίῳ,
1033 4018 1126 4072 καὶ
1156 4015 1372 4087 ἀγαθῷ,
1402 4014 1494 4068 καὶ
1516 4013 1767 4086 ζωοποιῷ
1798 4032 1891 4068 σου
1922 4013 2202 4085 Πνεύματι
2223 4031 2238 4047 ·
2265 4015 2363 4070 νῦν
2395 4018 2490 4071 καὶ
2550 4017 2658 4084 ἀεὶ,
2696 4018 2789 4072 καὶ
2852 4019 2934 4082 εἰς
2995 4017 3124 4080 τοὺς
3184 4008 3393 4082 αἰῶνας
3424 4017 3531 4102 τιῖιν
3553 4014 3747 4070 αἰώνων.

512 4113 710 4184 Ἀμήν.

574 4206 782 4262 Gloria.
820 4205 887 4260 Et
921 4219 1083 4259 nunc.
1117 4201 1183 4256 Et
1207 4203 1266 4272 ﬁt
1291 4202 1560 4257 dimissio.

455 4293 465 4306 ‘
504 4321 695 4377 Oratio
722 4336 814 4390 pro
838 4320 965 4388 ﬁdei
1002 4336 1033 4373 (ι
1070 4318 1297 4388 pueritia
1334 4317 1623 4390 desertore,
1666 4317 1979 4390 paganismo
2013 4314 2094 4367 ni-

573 4387 1028 4461 miruiu'seipsum
1073 4387 1408 4459 inquinante,
1449 4399 1498 4441 et
1550 4389 1618 4440 ad
1667 4387 1966 4441 Ecclesiam
2009 4400 2092 4438 re-

570 4481 737 4518 uerso.

577 4564 808 4637 Domine
838 4580 985 4635 Deus
1013 4587 1221 4643 noster,
1263 4577 1446 4642 Pater,
1478 4587 1583 4631 etc.

576 4761 864 4817 Sacerdos.
897 4759 1008 4814 Pax
1035 4759 1317 4814 omnibus.
1360 4768 1367 4777 '

579 4856 874 4911 Diaconus.
902 4851 1093 4920 Capita
1121 4861 1307 4905 vestra
1338 4850 1588 4915 Domino.

992 4962 1255 5018 Sacerdos
1280 4963 1595 5016 orationem.

575 5085 656 5141 'l‘u
699 5082 791 5154 qui
825 5080 996 5136 caelos
1026 5077 1326 5139 inclinasti,
1360 5084 1413 5130 et
1441 5076 1508 5129 ad
1542 5071 1772 5126 salutem
1808 5070 2092 5124 hominum

503 5174 860 5240 descendisti,
895 5173 985 5243 qui
1022 5186 1122 5242 per
1144 5169 1441 5240 pretiosam
1468 5177 1688 5221 crucem
1725 5171 1874 5216 tuaru
1911 5178 1939 5214 a
1973 5176 2096 5215 tua-

505 5270 705 5324 Iedicto
735 5276 791 5321 et
828 5264 1183 5333 corruptione
1222 5277 1321 5315 nos
1351 5256 1627 5319 liberasti,
1659 5264 1715 5310 et
1738 5257 1803 5309 ad
1830 5263 2091 5308 aeternam

502 5363 830 5428 beatamque
908 5357 1076 5411 vitam
1145 5349 1641 5420 adduxistizlpse,
1701 5346 2095 5401 humanissime

506 5450 756 5511 Domine,
792 5449 891 5515 qui
922 5445 1137 5508 dixisti;
1158 5445 1283 5512 quia
1307 5440 1562 5512 gaudium
1596 5437 1654 5491 fil
1700 5436 1755 5490 in
1783 5434 1921 5489 coelo
1966 5449 2097 5504 pro-

505 5551 627 5607 pter
693 5553 857 5590 unum
922 5544 1269 5604 peccatorem
1344 5529 1724 5603 paenitentiam
1805 5538 2094 5596 agentem,

506 5630 727 5697 suscipe
753 5629 1018 5696 perditam
1059 5640 1214 5680 ovem
1246 5633 1393 5677 tuam
1433 5619 1498 5675 ad
1533 5630 1584 5673 te
1630 5634 1775 5673 nunc
1811 5626 2097 5673 reverten-

508 5734 649 5785 tem,
692 5732 746 5773 et
794 5721 1183 5789 benignitatem
1226 5726 1371 5773 tuam
1427 5716 1799 5783 requirentem
1847 5724 1901 5768 et
1949 5714 2097 5767 velut

511 5815 816 5870 auitnarum
877 5823 1190 5867 nostrarum
1237 5819 1446 5879 pastor,
1498 5807 1781 5862 liberatam
1839 5808 1986 5862 illam
2043 5816 2096 5860 et

2126 4498 2173 4554 Β

2521 4198 2678 4268 Δόξα.
2709 4200 2821 4255 Καὶ
2847 4199 2962 4254 νῦν.
2993 4199 3101 4254 Kal
3131 4200 3464 4267 ἀπόλυσις.

2200 4308 2370 4379 Εὺχὴ
2397 4308 2496 4364 ἐπὶ
2519 4310 2856 4366 ἀποστάντι
2895 4311 2966 4365 ἐκ
2981 4311 3290 4375 παιδόθεν,
3321 4311 3517 4381 ἤγουν
3542 4306 3743 4379 pag-Ly."-

2591 4393 2771 4436 σαν-τι
2791 4419 2806 4446 ,
2846 4383 2944 4437 καί
2979 4383 3398 4451 μετανοοῦντι.

2271 4557 2449 4628 Κύριε
2480 4561 2507 4612 ὁ
2541 4557 2675 4620 Θεὸς
2713 4558 2905 4630 ἡμῶν,
2939 4561 2967 4612 ὁ
3018 4559 3417 4633 παντοκράτωρ
3440 4601 3454 4624 ,
3487 4562 3513 4614 ὁ
3551 4554 3740 4620 ﬂetis.

2200 4667 2253 4704 κ.
2290 4666 2342 4702 τ.
2379 4648 2431 4701 λ.

2284 4743 2341 4794 '0
2376 4742 2589 4809 ἱερεύς.
2628 4741 2836 4815 Εἰρήνη
2876 4743 3065 4798 πᾶσιν.

2288 4831 2350 4886 '0
2379 4831 2663 4899 διάκονος
2715 4833 2827 4898 Τὰς
2854 4833 3098 4903 κεφαλὰς
3125 4833 3279 4906 ὑμῶν
3307 4833 3387 4908 τῷ
3416 4832 3615 4906 Κυρίῳ.

2686 4945 2749 4999 '0
2778 4945 2972 5015 ἱερεὺς
3002 4946 3118 5017 τὴν
3148 4948 3363 5019 εὐχήν.

2285 5057 2347 5115 Ὀ
2396 5057 2587 5121 κλίνας
2623 5058 2924 5132 οὐρανοὺς,
2974 5060 3069 5114 καὶ
3118 5063 3363 5127 καταϐὰς
3403 5064 3494 5117 ἐπὶ
3540 5050 3738 5125 σωτηρίᾳ

2199 5151 2297 5206 τοῦ
2349 5152 2542 5222 γένους
2581 5151 2691 5207 τῶν
2743 5151 3088 5224 ἀνθρώπων,
3143 5156 3171 5208 ὀ
3205 5155 3292 5209 διὰ
3323 5156 3419 5210 τοῦ
3463 5153 3627 5223 τιμίου
3665 5158 3734 5197 σου

2205 5245 2444 5318 σταυροῦ
2472 5245 2573 5316 τῆς
2605 5246 2852 5317 κατάρας
2876 5246 2973 5301 καὶ
3002 5247 3105 5315 τῆς
3134 5248 3342 5318 φθορᾶς
3370 5242 3735 5320 λυτρωσάμενος

2202 5339 2386 5410 ἡμᾶς,
2425 5339 2522 5393 καὶ
2577 5338 2717 5410 πρὸς
2747 5338 2846 5409 τὴν
2909 5338 3137 5393 αἰωνίαν
3181 5341 3277 5394 καὶ⁵
3322 5341 3584 5412 μακαρίαν
3621 5327 3732 5395 ζωὴν

2206 5426 2604 5500 ὲπαναγαγώνο
2654 5432 2839 5495 αὐτὸς,
2884 5431 3236 5504 φιλάνθρωπε
3286 5435 3490 5506 Κύριε,
3522 5419 3730 5486 ὁείπὼΨ

2202 5526 2285 5579 ὅτι
2330 5525 2543 5595 μεγάλη
2575 5524 2724 5595 χαρὰ
2756 5526 2971 5594 γίνεται
3002 5528 3060 5579 ὲν
3101 5528 3319 5600 οὐρανῷ
3355 5530 3449 5581 ἐπὶ
3488 5524 3559 5578 ἑνὶ
3590 5520 3728 5586 ista?

2155 5638 2165 5646 ·
2202 5617 2361 5688 τωλῷ
2386 5617 2797 5687 ὲπιστρέφοντν
2832 5617 3127 5688 πρόσδεξαι
3150 5619 3212 5672 τὸ
3247 5619 3518 5679 ἀπολωλός
3533 5626 3610 5667 σου
3632 5601 3729 5672 “96'

2206 5710 2391 5772 ϐατον,
2420 5710 2513 5762 καὶ
2541 5708 2636 5761 νῦν
2655 5707 2794 5779 πρὸς
2822 5708 2883 5762 σὲ
2909 5709 3001 5763 τὸν
3029 5710 3163 5764 Θεὸν
3187 5710 3344 5782 ἡμῶν
3371 5703 3721 5776 ἐπιστρέφοντα,

2206 5803 2302 5856 καὶ
2334 5801 2434 5872 τὴν
2468 5799 2566 5870 σὴν
2590 5800 2958 5871 ἐπιζητοῦντα
2986 5801 3418 5874 εὐσπλαγχνίαν,
3449 5798 3531 5856 καὶ
3549 5792 3610 5854 ὡς
3632 5796 3723 5839 που
