4024 6426
290 308 423 374 1.317
466 391 479 401 ε

1312 308 1408 367 DE
1450 310 1553 368 IIS
1591 310 1724 379 QUI
1764 307 2301 379 ADNEGARUNT,
2344 306 2501 365 ETC.

3404 309 3537 375 1328

292 424 400 496 μὴν
449 422 558 475 τῶν
600 420 788 489 ψυχῶν
846 420 1000 490 ἡμῶν
1047 419 1207 483 καλὸς
1237 420 1394 473 τοῦτο
1427 419 1734 485 διασώσας,
1771 420 1864 473 καὶ

1974 429 2206 487 ereptam
2263 428 2573 471 sanctarum
2639 427 2692 471 et
2741 418 3082 472 rationalium
3133 428 3346 475 tuarum
3411 427 3537 481 m-ili

289 513 605 585 ῥυσάμενος·
631 513 832 566 ἐνωσον
862 514 927 583 τῇ
981 513 1113 583 ἁγίᾳ
1159 512 1359 582 ποίμνῃ
1404 512 1514 564 τῶν
1561 511 1732 579 ἁγίων
1772 513 1867 564 καὶ

285 604 522 673 λογικῶν
552 620 645 656 σου
681 603 976 674 προϐάτων
998 645 1010 669 ,
1061 604 1238 666 διδοὺς
1266 602 1415 673 αὐτῷ
1443 603 1531 657 διὰ
1573 605 1674 672 τῆς
1707 603 1862 675 χάρι-

282 713 378 761 τος
408 698 502 749 καὶ
536 697 935 766 ἐπιφοιτήσεως
973 695 1068 749 τοῦ
1115 698 1378 765 παναγίου
1421 712 1512 749 σου
1552 696 1867 766 Πνεῦμα-τος

283 788 514 858 δύναμιν
560 788 654 842 καὶ
688 789 842 856 ἰσχὺν
883 787 1024 841 κατὰ
1070 787 1166 841 τοῦ
1212 787 1409 858 ἐχθροῦ
1438 805 1451 818 ·
1497 788 1638 840 ὥστε
1674 791 1865 840 πατεῖν

282 882 382 933 ἐπὶ
416 881 595 934 πᾶσαν
619 878 717 948 τὴν
748 878 976 948 δύναμιν
999 878 1185 943 αὐτοῦ,
1215 879 1309 931 καὶ
1335 879 1643 947 συντρίϐειν
1671 880 1861 950 αὐτὴν,

283 974 380 1026 καὶ
414 972 748 1041 τειχίζεσθαι
775 974 841 1042 τῇ
883 971 1011 1044 δόξῃ
1041 972 1133 1024 καὶ
1162 975 1242 1042 τῇ·
1267 972 1449 1043 χάριτι
1473 971 1565 1024 τοῦ
1594 972 1860 1039 παναγίου

284 1081 381 1116 σου
434 1064 738 1132 ὀνόματος,
788 1061 881 1114 τοῦ
930 1061 1360 1132 ἐπικεκλημένου
1415 1062 1500 1129 ἐφ’
1555 1062 1702 1131 ἡμᾶς
1739 1061 1865 1123 τοὺς

283 1154 643 1225 ἁμαρτωλοὺς
676 1152 892 1214 οἰκέτας
925 1169 1040 1206 σου.
1080 1154 1152 1206 Σὺ
1188 1154 1297 1223 γὰρ
1328 1148 1379 1205 εἴ
1405 1153 1433 1203 ὁ
1464 1152 1597 1215 Θεὸς
1625 1152 1804 1221 ἡμῶν,
1836 1154 1865 1205 6

281 1245 417 1308 Θεὸς
447 1242 541 1296 τοῦ
576 1244 767 1307 ἐλεεῖν,
804 1242 898 1295 καὶ
934 1240 1148 1308 σώζειν,
1183 1245 1277 1295 καὶ
1307 1242 1391 1295 σοὶ
1424 1241 1521 1312 τὴν
1550 1241 1707 1306 δόξαν
1738 1241 1866 1296 ἁνα-

1970 511 2254 578 eonjunge.
2303 509 2373 562 Da
2415 510 2487 562 illi
2522 523 2619 577 per
2654 510 2883 579 gratiam
2928 521 2982 564 et
3030 512 3318 567 adventum
3366 520 3540 571 sancti

1969 602 2043 655 tui
2081 600 2319 669 Spiritus
2349 602 2614 655 adversus
2658 602 2887 679 hostem,
2939 604 3194 658 virtutem
3254 614 3309 660 et
3341 608 3537 662 robur:

1971 703 2027 746 ut
2061 702 2390 760 potestatem
2422 706 2637 745 omnem
2679 691 2954 746 inimicam
2991 694 3210 764 dejiciat
3239 705 3293 751 et
3321 710 3493 751 concu

1969 793 2054 837 cet
2099 802 2110 835 :
2159 793 2212 837 et
2261 784 2433 836 sancti
2470 782 2546 836 tui
2596 782 2832 851 Spiritus
2879 798 3041 854 super
3086 800 3184 841 nos
3231 795 3512 857 peceatOre

1971 889 2159 928 servos
2189 884 2313 928 tuos
2342 874 2574 927 invocati
2604 874 2772 944 gloria
2801 885 2855 929 et
2882 879 3055 945 gratia
3079 878 3539 934 e’rcumvalletur.

1974 966 2053 1019 Tn
2094 967 2237 1020 enim
2295 981 2354 1020 es
2391 965 2531 1020 Deus
2571 978 2774 1030 noster,
2814 967 2957 1024 Dens
3008 969 3301 1025 miserendi
3345 981 3400 1024 et
3429 970 3540 1025 sal-

1975 1058 2156 1122 vanili,
2193 1068 2245 1110 et
2278 1057 2372 1110 tibi
2409 1056 2636 1127 gloriam
2674 1060 2964 1113 referimus
2995 1058 3202 1126 :Patri,
3229 1069 3284 1115 et
3307 1060 3467 1126 Filio,
3489 1072 3543 1117 et

1971 1160 2160 1202 sancto
2213 1148 2435 1217 Spiritui
2480 1167 2493 1202 :
2542 1164 2686 1204 mine
2749 1161 2805 1204 et
2861 1166 3099 1221 semper,
3153 1154 3291 1208 etin
3344 1156 3541 1209 swcnla

1971 1242 2309 1294 smculorum.
2349 1240 2535 1295 Amen.

285 1338 620 1406 πέμπομεν·
664 1334 740 1403 τῷ
788 1334 995 1406 Πατρὶ,
1032 1336 1126 1388 καὶ
1162 1334 1239 1405 τῷ
1289 1334 1424 1405 Υἱῷ,
1497 1334 1592 1388 καὶ
1638 1332 1717 1403 τῷ
1786 1331 1927 1402 ἁγίῳ
1967 1331 2282 1401 Πνεῦματιο
2325 1328 2419 1382 νῦν
2470 1332 2563 1382 καὶ
2609 1329 2719 1393 ἀεὶ,
2761 1330 2853 1383 καὶ
2899 1334 2980 1391 εἰς
3011 1334 3136 1396 τοὺς
3188 1332 3391 1397 αἰῶνας
3437 1330 3543 1387 τῶι

280 1426 518 1481 αἰώνων.
565 1427 620 1479 Ἀ
630 1429 757 1496 μήν.

358 1538 466 1590 Καὶ
502 1538 649 1608 χρίει
683 1538 867 1588 αὑτὸν
910 1540 941 1589 ό
974 1537 1164 1603 Ιερεὺς
1216 1539 1282 1590 τό
1330 1538 1501 1608 ἅγιον
1518 1537 1735 1607 μῦρον,
1762 1536 1863 1591 καί

278 1607 442 1676 ,Ιέγει
473 1607 587 1673 τὴν
616 1608 808 1674 εὐχὴν
833 1608 1058 1677 ταύτην
1084 1625 1096 1636 ·
1234 1668 1242 1672 _

357 1721 554 1791 Κύριε,
605 1721 633 1772 6
681 1719 812 1783 Θεὸς
849 1719 1008 1789 ἡμῶν
1043 1722 1070 1774 6
1110 1722 1524 1793 παντοκράτωρ,
1557 1724 1583 1774 ό
1607 1722 1667 1774 τὸ
1705 1720 1861 1789 ἆγιόν

281 1831 385 1867 σου
420 1812 644 1882 Πνεῦμα
694 1811 1194 1881 καταπεμψάμενος
1242 1814 1335 1865 ἐπὶ
1362 1815 1488 1877 τοὺς
1529 1813 1717 1881 ἁγίους
1765 1827 1859 1864 σου

281 1904 620 1966 ἀποστόλους
667 1904 763 1956 καὶ
802 1903 901 1973 τῆς
952 1903 1119 1957 αὐτοῦ
1168 1904 1448 1973 δυνάμεως
1509 1907 1603 1958 καὶ
1644 1905 1866 1975 χάριτος

284 1996 577 2066 ἐμπλήσας
618 1994 834 2058 αὐτοὺς,
870 1995 898 2046 6
926 1994 1129 2047 καὶτὸν
1174 1994 1359 2048 δοῦλόν
1425 2013 1540 2059 σου,
1575 1997 1667 2049 τὸν
1695 1997 1862 2061 δεῖνα,

281 2087 354 2141 ἐκ
387 2087 611 2149 σκότους
643 2086 737 2138 καὶ
770 2086 834 2137 ἐκ
878 2084 1085 2156 πλάνης
1118 2084 1475 2156 ἐπιστρέψας,
1505 2088 1598 2140 καὶ
1636 2087 1769 2157 πρὸς
1800 2089 1861 2141 τὸ

283 2177 604 2248 θαυμαστόν
636 2193 731 2228 σου
782 2176 876 2229 καὶ
931 2174 1100 2228 ἀΐδιον
1136 2175 1250 2242 φῶς
1286 2176 1594 2246 ὁδηγήσας,
1648 2181 1741 2230 καὶ
1790 2179 1867 2250 τῷ

282 2268 466 2339 πιστῷ
494 2286 585 2321 σου
609 2267 742 2338 λαῷ,
778 2269 872 2322 καὶ
902 2272 967 2338 τῇ
1010 2268 1140 2339 ἁγίᾳ
1174 2285 1266 2321 σου
1308 2268 1607 2340 Ἐκκλησία
1633 2280 1868 2339 συγκατκ

282 2360 607 2432 αριθμήσας
628 2399 641 2423 ,
677 2364 771 2412 καὶ
807 2360 1152 2423 καταξιώσας
1195 2358 1357 2412 αὑτὸν
1390 2362 1486 2429 τῆς
1516 2360 1743 2423 εὐωδίας
1774 2362 1869 2415 καὶ

280 2451 384 2505 τοῦ
419 2452 574 2519 ἁγίου
601 2468 692 2503 σου
726 2451 1040 2519 Πνεύματος
1068 2467 1081 2481 ’
1118 2450 1301 2515 αὐτὸς,
1341 2451 1606 2513 Δέσποτα,
1636 2452 1868 2520 φύλαξον

284 2543 454 2595 αὐτὸν
483 2543 541 2594 ἐν
583 2541 660 2611 τῷ
709 2541 786 2611 σῷ
825 2539 1114 2610 ἁγιασμῷ,
1148 2540 1427 2605 ἀνάδε.ξον
1474 2541 1641 2594 αὐτὸν
1679 2541 1869 2605 σκεῦος

282 2631 555 2701 ἐκλογῆς,
597 2633 655 2684 ἐν
695 2633 920 2702 ἀρεταῖς
963 2631 1384 2701 κατακόσμησον
1422 2631 1606 2710 αυτόν.
1640 2632 1747 2685 Καὶ
1783 2632 1870 2694 δὸς

283 2724 441 2796 αὐτῷ
485 2725 716 2778 πάντοτε
756 2724 898 2777 κατὰ
939 2723 999 2777 τὸ
1030 2723 1243 2792 θέλημά
1265 2740 1356 2776 σου
1404 2723 1748 2793 πορεύεσθαι,
1778 2725 1870 2778 καὶ

286 2814 632 2882 καταξίωσον
678 2814 839 2867 αὐτὸν
892 2815 988 2867 σὺν
1032 2798 1164 2883 ἡ“μῖν
1199 2815 1254 2865 ἐν
1282 2812 1582 2866 ἀπολαύσει
1616 2813 1870 2881 γενέσθαι

284 2909 391 2979 τῆς
428 2905 749 2978 ἐπουρανίου
798 2923 889 2958 σου
924 2906 1017 2958 καὶ
1059 2906 1249 2975 νοερᾶς
1285 2904 1587 2976 τραπέζης,
1636 2906 1730 2959 καὶ
1771 2924 1865 2975 με·

285 2995 550 3052 ταλαὸεἰν
581 2996 690 3049 τῶν
738 2994 910 3063 ἁγίων
933 3035 946 3059 ,
982 2995 1076 3047 καὶ
1110 2993 1415 3065 ἀχρὰντων,
1466 2997 1561 3048 καὶ
1591 2993 1871 3060 ζωοποιῶν

2036 1535 2104 1619 Et
2133 1540 2277 1609 ungit
2333 1553 2448 1590 eum
2498 1539 2743 1593 sacerdos
2794 1539 3091 1606 chrismate,
3156 1554 3202 1597 et
3241 1544 3367 1597 dicit
3409 1546 3548 1601 hanc

1967 1620 2252 1662 orationem
2279 1623 2298 1661 ἔ

2036 1721 2286 1787 Domine,
2324 1721 2465 1776 Dens
2522 1732 2708 1777 noster
2751 1722 3114 1792 omnipotens,
3154 1725 3244 1793 qui
3294 1737 3541 1781 sanctum

1968 1812 2233 1882 Spiritum
2269 1822 2417 1867 tuum
2464 1813 2515 1867 in
2547 1822 2764 1868 sanctos
2794 1814 3064 1883 apostolos
3091 1826 3209 1871 tuos
3244 1817 3457 1881 misisti,
3487 1829 3543 1877 et

1967 1903 2085 1972 ejus
2125 1903 2327 1957 virtute
2361 1913 2414 1957 et
2447 1904 2618 1973 gratia
2668 1902 2795 1956 illos
2832 1904 3049 1970 replesti
3096 1925 3109 1958 ~.
3144 1907 3234 1973 qui
3271 1916 3322 1959 et
3368 1905 3542 1961 famu-

1969 1993 2075 2045 lum
2116 2002 2261 2046 tuum
2309 1990 2373 2046 N.
2410 2009 2439 2047 e
2478 1993 2736 2057 tenebris,
2778 2002 2831 2047 et
2890 2007 3075 2049 errore
3115 1998 3449 2062 convertisti,
3488 2008 3543 2053 et

1970 2083 2021 2136 in
2058 2083 2382 2137 admirabile
2405 2094 2459 2138 et
2482 2092 2740 2139 :cternum
2774 2084 2957 2141 lumen
2990 2095 3137 2139 tuum
3188 2087 3337 2141 illum
3374 2092 3547 2145 (Ιειίιιε,

1968 2184 2112 2227 ctum
2172 2174 2313 2243 ﬁdeli
2372 2175 2571 2243 pepulo
2619 2187 2730 2239 tuo,
2784 2186 2839 2231 et
2895 2188 3096 2231 sancta:
3142 2178 3400 2234 Ecclesim
3437 2191 3541 2236 tme

1969 2266 2297 2334 aggregasti,
2336 2276 2391 2321 et
2419 2268 2638 2321 tandem
2670 2268 2819 2321 illum
2856 2269 3026 2323 sancti
3058 2270 3132 2323 tui
3165 2272 3401 2338 Spiritus
3434 2271 3540 2323 fra-

1970 2357 2178 2423 grantia
2242 2358 2459 2427 dignum
2514 2357 2738 2412 cﬂecisti
2789 2343 2805 2411 ξ
2861 2360 2992 2427 ipse,
3055 2359 3297 2426 Domine,
3333 2364 3541 2415 συείοξί

1974 2448 2123 2501 illum
2162 2450 2214 2502 in
2250 2450 2617 2503 sanctimonia
2654 2458 2768 2514 tua,
2798 2465 2894 2503 vas
2924 2452 3205 2505 electionis
3243 2452 3387 2506 illum
3422 2468 3543 2507 esse

1973 2537 2283 2603 manifesta,
2317 2549 2373 2595 et
2423 2541 2713 2595 virtutibus
2747 2555 2973 2595 exorna.
3009 2542 3083 2595 Da
3120 2541 3194 2595 illi
3235 2558 3448 2610 semper
3490 2545 3543 2596 in

1971 2628 2249 2684 voluntate
2291 2641 2378 2685 tua
2419 2624 2742 2687 ambulare:
2781 2640 2835 2687 et
2864 2647 2985 2687 eum
3024 2630 3302 2688 nobiseum
3343 2650 3541 2704 snper-

1975 2721 2216 2774 cwlestis
2246 2730 2299 2774 ct
2330 2722 2717 2777 intellectualis
2746 2733 2849 2778 tua:
2885 2739 3083 2778 mensa:
3118 2714 3391 2779 l'ruitionis
3421 2742 3544 2793 par-

1976 2811 2187 2881 ticipem
2225 2826 2347 2868 esse
2374 2813 2614 2869 coitcede
2649 2832 2664 2868 :
2712 2823 2767 2870 et
2801 2826 3134 2881 sanctorum,
3173 2816 3548 2872 immaculato-

1975 2917 2120 2965 rum,
2151 2904 2885 2975 viviﬁcorumquenuigeniti
2907 2908 3027 2961 Filii
3054 2908 3153 2972 tui,
3173 2907 3386 2962 Domini
3416 2926 3546 2963 vero

1974 3002 2029 3044 et
2059 2990 2175 3054 Dei,
2214 3004 2268 3046 et
2297 2993 2601 3049 Salvatoris
2648 2996 2816 3050 nostri
2847 2994 2974 3051 .Iesu
2999 2994 3203 3051 Christi
3237 3014 3550 3053 sacramen-

290 3087 611 3158 μυστηρίων
643 3085 737 3139 τοῦ
772 3084 1099 3155 μονογενοῦς
1132 3101 1226 3137 σου
1262 3084 1414 3149 Υἰοῦ,
1449 3086 1651 3156 Κυρίου
1688 3086 1743 3139 δὲ
1777 3085 1866 3140 καὶ

1978 3092 2153 3135 torum
2178 3098 2297 3138 esse
2326 3098 2638 3139 consortem
2665 3104 2679 3140 :
2714 3098 2770 3139 ut
2795 3087 2936 3141 bono
2953 3089 3250 3142 certamine
3272 3102 3547 3157 superato,

286 3176 454 3243 Θεοῦ,
488 3178 581 3231 καὶ
612 3175 867 3246 Σωτῆρος
927 3174 1084 3245 ἡμῶν
1148 3173 1304 3246 Ιησοῦ
1348 3175 1620 3245 Χριστοῦ·
1651 3175 1736 3228 ἵνα
1780 3176 1870 3228 τὸν

289 3268 459 3322 καλὸν
506 3265 692 3335 ἀγῶνα
744 3266 1191 3334 ἀγωνισάμενος,
1238 3264 1452 3318 καὶτὸν
1493 3265 1634 3318 θεῖον
1671 3265 1867 3335 δρόμον

286 3359 538 3423 τελέσας,
569 3360 664 3412 καί⁵
703 3358 796 3411 νῦν
832 3359 911 3419 εἰς
957 3357 1017 3410 σὲ
1049 3357 1233 3410 πίστιν
1265 3356 1561 3426 όρΟοδόξως
1586 3359 1832 3429 τηρήσας
1854 3399 1868 3425 ,

291 3450 437 3524 τύχῃ
459 3448 554 3503 τοῦ
586 3449 855 3518 στεφάνου
893 3448 997 3518 τῆς
1020 3448 1198 3519 δόξης,
1226 3449 1317 3500 καὶ
1340 3447 1445 3500 τῶν
1472 3447 1705 3502 αἰωνίων
1732 3449 1865 3518 ἁγα-

293 3541 441 3606 θῶν,
472 3535 547 3595 ὧν
563 3540 889 3611 ἡτοίμασας,
921 3542 949 3594 6
980 3540 1133 3605 Θεὸς,
1157 3543 1270 3602 τοῖς
1284 3538 1541 3607 ἀγαπῶσι
1571 3557 1653 3606 σε,
1686 3540 1868 3612 χάριτι

294 3633 393 3687 τοῦ
416 3630 653 3703 Χριστοῦ
686 3648 778 3685 σου
799 3672 813 3695 ,
848 3630 969 3701 μεθ’
996 3625 1058 3685 οῦ
1089 3648 1169 3684 σοι
1209 3631 1408 3702 πρέπει
1434 3629 1560 3694 δόξα
1581 3669 1596 3693 ,
1624 3631 1758 3702 τιμὴ
1782 3633 1875 3685 καὶ

294 3724 673 3797 προσκύνησις
694 3768 709 3792 ,
738 3728 819 3789 εἰς
848 3729 975 3788 τοὺς
1015 3724 1220 3787 αἰῶνας
1248 3722 1356 3776 τῶν
1399 3722 1630 3777 αἰώνων.
1680 3724 1874 3795 ’Δμήν.

1977 3180 2031 3225 et
2066 3171 2250 3227 divino
2295 3189 2456 3229 cursu
2491 3175 2761 3239 absoluto,
2797 3176 3008 3245 (ideque
3041 3178 3092 3231 in
3129 3187 3178 3230 te
3230 3194 3352 3232 eum
3401 3192 3549 3234 recto

1979 3277 2140 3317 sensu
2194 3279 2431 3329 servata,
2478 3281 2736 3321 coronam
2794 3268 2998 3338 gloriae,
3042 3277 3097 3322 et
3128 3278 3326 3323 teterna
3385 3269 3544 3333 bona,

1979 3366 2101 3420 qua:
2126 3353 2474 3416 diligentibus
2498 3365 2549 3409 te
2577 3357 2917 3426 praeparasti,
2948 3369 3348 3426 consequatur:
3373 3362 3548 3429 gratia

1979 3442 2185 3497 Christi
2221 3446 2319 3510 tui,
2350 3461 2474 3499 eum
2504 3462 2609 3517 quo
2653 3450 2906 3502 convenit
2933 3450 3027 3502 tibi
3056 3449 3246 3520 gloria,
3273 3452 3467 3517 honor,
3496 3461 3551 3506 et

1978 3535 2219 3589 adoratio
2248 3536 2299 3589 in
2330 3538 2524 3591 szeeula
2558 3539 2899 3594 saeculorum.
2934 3540 3126 3594 Amen.

375 3820 664 3890 ﬂuensque
694 3818 938 3875 Ollicium
967 3833 1063 3889 pro
1092 3817 1513 3883 reconciliandis
1542 3818 1813 3873 hatreticis
1843 3833 1906 3872 ex
1943 3819 2006 3873 D.
2045 3821 2304 3876 Methodii
2336 3824 2558 3895 regulis,
2590 3833 2644 3879 et
2673 3824 3012 3881 orationibus
3047 3826 3362 3891 conﬂatum,
3391 3842 3552 3899 prout

294 3906 353 3961 in
391 3907 622 3962 diversis
643 3905 1047 3975 exemplaribus
1071 3903 1446 3973 reperiebatur
1478 3914 1764 3961 exaratum
1800 3905 2136 3975 inspeximus
2165 3923 2180 3963 :
2209 3912 2594 3981 exemplarque
2628 3928 2793 3966 unum
2820 3929 2939 3967 cum
2970 3913 3100 3977 alio,
3137 3929 3241 3982 qua
3277 3918 3552 3983 potuimus

297 3995 405 4049 nde
435 3993 814 4069 et~diligentia,
849 3991 1199 4048 contulimus.
1229 3989 1399 4047 Oﬂ‘ert
1432 4005 1492 4046 se
1526 4000 1706 4045 tamen
1747 3992 1916 4058 aliud,
1943 3994 2152 4049 diversa
2186 3997 2395 4051 ratione
2419 4000 2800 4066 compositum,
2830 4008 2884 4054 et
2914 4009 2970 4051 ut
3000 4001 3323 4068 praecedenti
3355 4002 3546 4056 admo-

297 4083 426 4136 dum
488 4082 704 4144 simile,
769 4082 872 4135 hoc
923 4079 1043 4135 loco
1099 4079 1491 4149 reponendum.
1559 4078 1960 4134 Fidelissinmm
2028 4098 2153 4136 vero
2203 4083 2320 4151 ejus
2374 4085 2653 4153 exemplar
2703 4100 2734 4140 e
2787 4086 3287 4155 Cryptoferratensi
3353 4088 3551 4142 Bessa-

296 4167 471 4223 rionis
497 4166 568 4221 M.
608 4167 953 4229 translatum,
987 4165 1209 4235 praefert
1243 4167 1296 4218 in
1343 4165 1499 4219 titulo
1540 4166 1935 4231 testimonium,
1972 4184 2031 4223 se
2079 4185 2141 4223 ex
2180 4169 2509 4241 Euchologio
2548 4173 2899 4241 patriarchali
2953 4174 3296 4242 desumptum
3351 4174 3546 4241 fuisse,

297 4264 465 4324 atque
501 4256 645 4320 ideo,
682 4254 828 4309 velut
861 4252 1313 4325 probatissimum
1347 4252 1687 4322 subiicimus,
1728 4270 1848 4307 mox
1886 4256 2144 4326 deinceps
2168 4273 2290 4313 cum
2323 4260 2727 4329 exemplaribus
2759 4261 2879 4315 aliis
2909 4261 2973 4316 de
3001 4262 3168 4317 verbo
3191 4264 3258 4318 ad
3299 4263 3547 4327 verbum,

294 4342 711 4399 conferendum.
2751 4356 2757 4361 ~

307 4457 404 4531 Ἐξ
433 4456 541 4531 τοῦ
566 4457 940 4531 βὺχολογίου
960 4455 1069 4531 τοῦ
1090 4453 1518 4531 πατριαρχικοῦ
1550 4451 1683 4525 (51),
1716 4454 1866 4531 ὅπως

1984 4455 2071 4531 Ea;
2111 4458 2433 4531 Euchologio
2461 4460 2827 4531 patriarcltali,
2861 4477 2964 4530 qua
2994 4463 3202 4515 ratione
3236 4478 3301 4516 ex
3327 4459 3546 4517 lurresi-

365 4526 464 4579 δεῖ
511 4523 793 4601 δέχεσθαι
815 4523 984 4601 ’τοὺς
1005 4526 1156 4601 -ὰίτὸ
1178 4523 1485 4601 -αίρέοςεων
1511 4523 1866 4601 ⁸μετερχομέ-

2051 4529 2167 4601 (gis,
2228 4533 2283 4601 in
2339 4523 2575 4584 sanctam
2624 4530 2717 4584 Dei
2764 4523 3077 4584 catliolicam
3121 4545 3165 4584 et
3207 4532 3546 4601 apostolicam

362 4613 514 4671 γους
749 4597 889 4666 ἁγίᾳ
927 4594 1207 4671 seipse?)
1255 4593 1548 4662 καθολικῇ
1591 4594 1692 4647 καὶ
1720 4595 1866 4649 ἀπο-

2052 4597 2343 4653 Ecclesiam
2382 4602 2720 4671 remigrantes
2765 4602 3030 4669 suscipere
3077 4593 3334 4670 oporteat.

367 4664 625 4734 στολικῇ
661 4664 989 4734 Ἐκκζιησίᾳ
1023 4665 1155 4735 (5‘2).

381 4779 697 4851 Ἀρειανοίις
769 4779 867 4850 μὲν
958 4778 1053 4831 καὶ
1124 4776 1557 4840 Μακεδονιανοὺς
1586 4819 1601 4841 ,
1703 4778 1866 4846 ἤγουν

2042 4778 2276 4832 Arianos
2306 4776 2549 4846 quidem.
2575 4788 2629 4832 et
2655 4776 3089 4845 Macedonianos,
3112 4778 3285 4832 sancti
3318 4778 3553 4846 Spiritus

295 4869 815 4939 Πνευματομάχους,
854 4860 950 4921 κάι
1003 4866 1426 4928 Σαϐϐατιανοὺς,
1459 4866 1721 4939 λέγοντας
1751 4868 1866 4920 ἐαυ·

1974 4871 2231 4923 nimirum
2257 4871 2462 4932 hostes.
2496 4878 2551 4925 et
2575 4870 2960 4937 Sabbatianos,
3000 4871 3245 4927 dicentes
3272 4888 3331 4926 se
3354 4888 3544 4941 puros,

290 4961 425 5024 τοὺς
472 4960 770 5029 καθαροὺς,
833 4957 1529 5028 Τεσσαρεσκαιδεκατίτας,
1562 4958 1729 5028 ἧγουν
1774 4958 1866 5010 Τε⁴

1974 4959 2601 5028 Tessarescaedeeatitas,
2652 4961 3176 5029 Quartodecimanos
3218 4979 3434 5033 nempe,
3490 4971 3547 5017 et

294 5047 577 5120 τραδίτας,
625 5049 718 5103 καὶ
779 5046 1277 5117 Ἀπολλιναριστὰς,
1333 5045 1599 5116 δεχόμεθα
1638 5046 1866 5110 διδόντας

1974 5049 2411 5117 Apollinaristas,
2436 5066 2559 5107 eum
2587 5052 2838 5107 dederint
2870 5052 3104 5117 libellos,
3147 5059 3203 5107 et
3227 5052 3546 5106 anathema-

1332 5162 1339 5167 ’
1386 5196 1624 5254 vanus
1664 5196 2047 5254 LECTIONES
2084 5198 2170 5253 ET
2208 5196 2444 5255 norm.

1977 5352 2169 5407 ultimo
2200 5354 2418 5409 desunt.
3536 5374 3539 5379 '

2047 5424 2160 5495 (32)
2189 5418 2301 5479 Καὶ
2327 5425 2707 5495 ἀποστολικῇ
2740 5426 3090 5493 Ἐκκλησία.
3125 5425 3301 5495 Βρείει
3331 5435 3385 5479 et
3410 5434 3552 5495 gnar-

1974 5492 2224 5565 berinum
2285 5496 2457 5551 sancti
2509 5492 2701 5551 Marci"
2736 5496 3003 5551 subvertit
3042 5492 3045 5493 ⁷
3076 5492 3550 5565 σφραγιζομένους

1974 5562 2440 5684 ιΞῑίὲἑέμένους
2471 5565 2549 5638 τῷ
2580 5566 2721 5637 ἁγίῳ
2770 5566 2929 5638 μύρῳ
2979 5575 2994 5617 t
3030 5562 3193 5622 verba
3238 5562 3406 5621 relata
3451 5566 3550 5640 τῷ,

2035 5649 2262 5703 χομευα.

375 5356 671 5429 (Simian
687 5356 1043 5429 81510191401}
1061 5354 1511 5429 :zgrpragxtxoﬁ.
1532 5353 1733 5429 Desunt
1752 5355 1871 5429 haec

302 5424 408 5503 tria
442 5424 706 5503 verba'in
760 5424 954 5503 Regiis
988 5435 1043 5480 et
1099 5424 1397 5503 Barberjno
1449 5425 1625 5503 sancti
1674 5424 1863 5503 Marci.

305 5498 643 5561 Aliudlvero,
672 5498 798 5552 item
827 5493 1183 5550 Barbermum
1220 5494 1385 5549 habet
1430 5493 1768 5548 solummodo
1814 5493 1867 5547 in

304 5565 460 5622 titulo
497 5583 512 5637 ι
562 5566 712 5637 Εὺχὴ
758 5565 867 5619 ἀπὸ
921 5564 1186 5637 αἰρέσεως
1237 5562 1711 5637 ἐπιστρεφόντωνὲ
1746 5562 1870 5637 Post

307 5648 471 5705 quam
500 5631 810 5690 immediate
833 5631 1082 5705 sequitur
1115 5635 1288 5688 oratio
1316 5652 1331 5705 ι
1358 5634 1428 5705 7'0
1456 5631 1585 5705 Θεὸς
1613 5634 1640 5683 ὁ
1674 5632 1868 5705 Σωτὴρ

309 5703 503 5777 ἦμῶν·
532 5714 694 5775 atque
731 5709 804 5760 ita
846 5704 1040 5774 regulie
1080 5717 1271 5761 omnes
1317 5704 1404 5758 hic
1449 5703 1636 5770 positze
1673 5703 1724 5755 in
1768 5704 1868 5755 hoc
