4024 6408
303 347 442 415 13:25

1332 342 1428 405 DE
1470 343 1575 403 IIS
1613 338 1749 403 OUl
1790 325 2334 403 ABNEGARUNT,
2374 327 2535 389 ETC.

3437 321 3572 391 1326

377 466 439 515 '0
486 464 619 525 θεος
674 468 702 516 6
736 464 912 534 μέγας
968 422 1062 517 καὶ
1119 458 1536 534 μεγαλώνυμος,
1574 456 1601 507 6
1652 452 1713 505 τὸ
1742 450 1872 522 πρὶν

2062 442 2202 498 Deus
2251 457 2479 511 magnus
2512 452 2567 495 et
2595 439 2791 495 excelsi
2845 438 3119 504 nominis,
3173 437 3264 510 qui
3317 447 3569 492 tenebras

295 555 493 615 σκότος
527 554 769 622 φωτίσας
810 553 888 625 τῷ
943 554 1087 625 λόγῳ
1106 552 1198 606 τοῦ
1236 549 1506 621 στόματός
1544 564 1638 600 σου
1666 564 1681 577 ο
1737 547 1766 597 6
1791 544 1881 596 τὸν

300 632 567 717 μονογενῆ
608 663 701 700 σου
729 646 858 699 Υἱὸν
899 645 1286 711 ἐξαποστείλας
1318 646 1397 706 είς
1444 641 1536 694 τὸν
1565 640 1773 707 κόσμον
1801 640 1881 701 είς

301 737 534 808 ἱλασμὸν
580 737 689 791 τῶν
745 738 1032 810 ἁμαρτιῶν
1082 737 1276 809 ήμῶνο
1333 738 1361 789 6
1422 734 1734 802 καθήμενος
1791 732 1884 785 ἐπὶ

296 828 409 881 τῶν
440 828 747 899 Χερουϐὶμ,
773 830 869 882 καὶ
911 827 1296 899 ὃεδοξασμένος
1333 825 1440 880 ὑπὸ
1461 826 1570 879 τῶν
1597 822 1847 894 Σεραφίμ
1868 836 1882 851 ⁵

377 921 487 973 πᾶν
515 921 646 990 γόνυ
676 922 922 992 κάμπτει
950 921 1057 975 τῶν
1099 921 1467 995 ἐπουρανίων,
1496 919 1592 973 καὶ
1622 915 1884 986 ἐπιγείων

300 1012 396 1065 καὶ
425 1012 818 1084 καταχθονίων,
846 1014 940 1068 καὶ
972 1015 1127 1068 πᾶσα
1155 1013 1377 1082 γλῶσσα
1402 1010 1880 1083 ἐξομολογήσεται.

297 1104 533 1158 Βασιλεῦ
562 1105 671 1159 τῶν
697 1104 932 1172 αἰώνων,
963 1109 991 1160 6
1017 1105 1350 1173 ὲπισυνάξας
1372 1105 1433 1160 τὸ
1461 1101 1884 1171 πεπλανημένον

299 1196 579 1269 πρόϐατον
602 1199 681 1261 είς
711 1198 810 1269 τὴν
843 1198 1079 1270 ποίμνην
1103 1197 1198 1251 τοῦ
1231 1197 1483 1268 Σωτῆρος
1506 1195 1667 1266 ἡμῶν
1709 1191 1883 1261 Ἰησοῦ

294 1288 544 1359 Χριστοῦ
574 1307 587 1320 ·
626 1292 654 1342 6
697 1291 1050 1361 ἐπιστρέφων
1080 1289 1409 1361 ἁμαρτωλὸν
1432 1291 1497 1342 ὲκ
1526 1286 1737 1356 πλάνης
1762 1285 1883 1339 όδοῦ

296 1382 493 1437 αὐτοῦ·
520 1382 682 1447 αὐτὸς
705 1383 1031 1454 ἑπίστρεψον
1057 1386 1152 1439 καὶ
1187 1386 1280 1437 τὸν
1311 1382 1498 1436 δοῦλόν
1529 1397 1623 1435 σου
1659 1379 1768 1433 ἀπὸ
1790 1378 1883 1432 τοῦ

302 1478 530 1542 σκότους
557 1476 652 1529 τοῦ
707 1475 1115 1545 Ἀντικειμένου
1147 1475 1284 1548 πρὸς
1307 1474 1370 1528 τὸ
1413 1474 1530 1545 φῶς
1556 1473 1618 1526 τὸ
1643 1473 1882 1537 αἰώνιον,

299 1567 640 1632 ἀνακαλέσας
670 1561 833 1621 αὑτὸν
858 1569 967 1622 ἀπὸ
1018 1567 1118 1637 τῆς
1149 1567 1358 1638 πλάνης
1389 1564 1485 1620 τοῦ
1523 1563 1772 1618 διαϐόλου
1806 1564 1885 1627 εἰς

296 1662 399 1733 τὴν
432 1661 766 1730 θεογνωσεαν
796 1660 889 1713 τοῦ
933 1660 1258 1730 μονογενοῦς
1286 1676 1381 1713 σου
1407 1659 1559 1724 Υίοῦ,
1587 1658 1886 1730 ἐδραίωσον

296 1751 469 1805 αὐτοῦ
505 1753 605 1824 τὴν
648 1752 881 1825 καρδίαν
921 1751 982 1804 ὲν
1023 1751 1228 1815 πίστει,
1286 1752 1344 1803 ὲν
1377 1750 1567 1822 ἀγάπῃ
1620 1748 1713 1802 τοῦ
1747 1749 1885 1820 Χρι-

1972 534 2247 605 pristinas
2280 533 2394 587 oris
2454 531 2529 585 tui
2585 533 2749 585 verbo
2772 529 3114 592 illuminasti,
3144 529 3237 600 qui
3276 531 3342 584 ad
3375 545 3569 600 pecca-

1988 637 2167 682 torum
2230 624 2670 696 propitiatiunem
2713 622 3051 694 unigenitum
3082 622 3280 677 Filium
3330 632 3480 678 tuum
3520 626 3570 677 in

1988 727 2188 773 terram
2219 716 2436 780 misisti,
2479 716 2572 785 qui
2601 715 2759 770 sedes
2791 731 2954 784 super
2974 714 3290 778 Chcrnbim,
3316 725 3373 771 et
3412 732 3441 770 a
3473 718 3571 772 Se-

1995 809 2206 877 raphim
2238 807 2604 876 gloriﬁraris;
2638 806 2725 861 cui
2751 822 2913 862 omne
2955 822 3096 878 genu
3129 805 3367 862 ﬂectitur
3402 809 3564 864 cmic-

1989 904 2176 965 stium,
2206 902 2565 965 terrestrium,
2597 910 2652 955 et
2688 900 3049 963 inl'ernorum,
3094 911 3147 955 ιιι
3174 902 3354 955 omnis
3387 902 3568 974 lingua

1989 994 2361 1051 conﬁtebitur.
2400 994 2514 1047 ltex
2552 994 2878 1049 saeculorum
2916 993 3008 1063 qui
3031 1005 3307 1050 errantem
3331 1010 3487 1051 ovem
3516 997 3569 1047 iu

1991 1087 2294 1143 Salvatoris
2327 1088 2494 1143 nostri
2525 1084 2656 1147 Iesu
2686 1084 2891 1143 Christi
2924 1088 3067 1143 ovile
3099 1103 3437 1161 congregas;
3478 1091 3570 1159 (ιιί
3636 1102 3649 1115 ’

1986 1193 2330 1253 peccatorem
2365 1198 2390 1237 a
2427 1183 2511 1237 via
2539 1182 2745 1237 erroris
2771 1182 2888 1251 ejus
2914 1185 3118 1239 avertis
3153 1199 3169 1237 :
3207 1185 3322 1254 ipse
3356 1199 3574 1255 quoque

1987 1289 2207 1329 servum
2237 1283 2386 1327 tuum
2438 1272 2507 1326 ab
2554 1272 2858 1327 adversarii
2912 1273 3153 1329 tenebris
3191 1275 3260 1330 ad
3307 1286 3570 1331 aeternum

1990 1368 2168 1431 lumen
2222 1373 2503 1428 converte,
2545 1374 2598 1420 et
2634 1366 2703 1419 ab
2763 1379 2952 1420 errore
2978 1366 3175 1422 diaboli
3227 1367 3295 1421 ad
3332 1368 3571 1422 divinam

1988 1460 2253 1529 unigeniti
2308 1457 2431 1513 Filii
2474 1458 2551 1512 tui
2580 1457 2946 1528 cognitionem
2990 1474 3206 1514 revoca.
3257 1459 3367 1515 Cor
3429 1461 3576 1515 illius

1989 1556 2041 1609 in
2076 1555 2199 1617 ﬁde,
2226 1562 2279 1609 et
2315 1555 2367 1608 in
2401 1551 2695 1608 dilectione
2728 1549 2931 1607 Christi
2976 1554 3049 1608 tui
3084 1554 3346 1609 conﬁrma
3381 1571 3395 1607 :
3451 1571 3577 1624 pur-

1988 1657 2095 1701 tem
2137 1646 2211 1699 illi
2262 1656 2315 1701 et
2347 1656 2550 1701 sortem
2579 1645 2630 1699 in
2666 1643 2904 1700 Ecclesia
2942 1654 3029 1699 tua
3063 1646 3282 1717 largire.
3320 1647 3400 1702 Tu
3427 1648 3572 1703 enim

1988 1759 2048 1798 es
2074 1743 2216 1797 Deus
2247 1751 2456 1805 noster,
2495 1750 2648 1797 extra
2680 1751 2730 1794 te
2758 1739 2924 1794 alium
2959 1756 3063 1797 non
3114 1741 3374 1798 novimus
3428 1759 3443 1794 :
3472 1757 3576 1798 no-

299 1844 432 1898 στοῦ
473 1818 592 1901 σου.
638 1818 850 1917 Μερίδα
882 1845 979 1897 καὶ
1035 1844 1236 1914 κλῆρον
1274 1818 1435 1914 αύτῴή
1466 1818 1693 1914 χάρισαι
1729 1818 1883 1910 ὲνήτῇ

1995 1850 2115 1889 men
2142 1842 2292 1888 tuum
2328 1833 2668 1897 invocamus,
2697 1842 2754 1887 ut
2782 1832 2988 1905 iugiter
3018 1844 3072 1889 et
3100 1834 3168 1888 ab
3210 1835 3468 1891 omnibus
3502 1837 3578 1891 sis

316 1935 619 2007 Ἐκκλησία
648 1952 743 1989 σου
762 1952 777 1965 ·
827 1935 891 1988 σὺ
923 1934 1034 2006 γὰρ
1065 1929 1114 1988 εἷ
1141 1937 1169 1988 ὁ
1206 1932 1339 1996 Θεὸς
1371 1932 1551 2009 ἡμῶν,
1603 1932 1758 1995 ἐκτός
1788 1948 1883 1984 σου

300 2025 463 2079 ἄλλον
501 2026 602 2079 οὐκ
646 2025 889 2096 οἴδαμεν.
924 2026 999 2078 Τὸ
1041 2024 1216 2095 ὄνομα
1258 2016 1351 2078 σου
1403 2023 1767 2095 ὀνομάζομεν,
1796 2022 1885 2076 ἵνα

302 2119 560 2185 πάντοτε,
602 2120 699 2174 καὶ
728 2119 818 2173 διὰ
859 2119 1078 2173 πάντων
1129 2120 1248 2190 εἴης
1282 2116 1650 2188 εὐλογημένος
1695 2117 1723 2168 6
1752 2114 1884 2179 Θεὸς

1996 1926 2317 1983 benedictus
2346 1924 2485 1980 Deus
2517 1934 2723 1988 noster,
2759 1934 2813 1980 ct
2871 1925 3185 1993 unlgeuitus
3218 1923 3392 1982 Filius
3430 1937 3576 1991 tuus,

1991 2010 2055 2076 et
2080 2019 2316 2089 Spiritus
2352 2028 2476 2075 tuus
2517 2029 2787 2075 sanctus:
2829 2034 2976 2075 nunc
3044 2031 3098 2074 et
3132 2034 3374 2090 semper,
3420 2030 3475 2076 et
3525 2024 3577 2076 in

1995 2112 2190 2175 saecula
2226 2113 2570 2168 saeculorum.

300 2211 485 2281 ἡμῶν,
520 2212 619 2266 καὶ
641 2214 667 2265 6
701 2213 999 2283 μονογενής
1033 2227 1133 2293 σου.
1154 2210 1307 2275 Υἱὸς,
1332 2211 1428 2263 καὶ
1462 2211 1532 2269 ⁸τὸ
1599 2207 1827 2278 Πνεῦμά
1848 2224 1941 2261 σου
1978 2206 2037 2259 τὸ
2066 2205 2245 2274 ἅγιον,
2276 2264 2281 2269 _
2314 2203 2432 2275 νῦν,
2459 2204 2552 2257 καὶ
2594 2204 2704 2269 ἀεὶ,
2761 2203 2855 2258 καὶ
2902 2207 2982 2269 ei;
3040 2206 3167 2270 τοὺς
3217 2208 3423 2273 αἰῶνας
3470 2208 3580 2264 τῶν

298 2328 336 2361 α
344 2328 355 2361 ί
364 2326 535 2362 ωνων.

376 2426 531 2479 Μετά
577 2426 635 2479 δὲ
662 2425 745 2489 τὸ,
788 2425 995 2496 Ἀμήν,
1044 2424 1367 2494 σφραγίζων
1417 2421 1580 2477 αὐτὸν
1622 2414 1889 2476 ἀπολύει·

303 2521 404 2574 καὶ
426 2518 612 2573 λοιπὸν
640 2521 668 2572 6
696 2518 1109 2589 ἀναθεματίσας
1137 2518 1353 2587 γίνεται
1383 2516 1752 2591 Χριστιανός·
1795 2510 1894 2568 εἶτ’

305 2609 400 2667 οὖν
427 2612 701 2682 λογίζεται
732 2612 810 2676 ὡς
840 2611 1170 2683 Χριστιανὸς
1216 2611 1572 2677 ἀὸἀπτιστος,
1616 2603 1705 2664 οἷα
1731 2608 1897 2680 τυχόν

305 2708 416 2759 εἰσι
444 2705 555 2761 τῶν
582 2704 927 2775 Χριστιανῶν
956 2704 1023 2758 τὰ
1062 2705 1251 2759 παιδία
1281 2704 1350 2758 τά
1380 2703 1646 2774 μέλλοντα
1699 2700 1895 2772 βαπτί-

306 2798 500 2864 ζεσθαι
523 2816 537 2832 ο
572 2802 636 2869 τῇ
665 2799 724 2853 δὲ
751 2797 880 2869 ἑξῆς
902 2798 1089 2870 ἡμέρᾳ
1119 2797 1543 2867 συναριθμεῖται
1585 2797 1699 2859 τοῖς
1754 2809 1890 2847 κατ-

308 2889 640 2961 ηχουμένοις
667 2904 680 2920 ’
707 2888 1078 2959 ἀποδυόμενον
1095 2888 1204 2959 γὰρ
1228 2886 1389 2941 αὐτὸν
1409 2885 1504 2938 καὶ
1522 2882 1897 2953 ἀπολυόμενον

268 2976 273 2985 ’
307 2984 521 3052 εἰσάγει
550 2985 578 3037 6
609 2983 815 3053 ἱερεὺς,
850 2982 944 3036 καὶ
978 2981 1193 3053 ἵστησιν
1225 2979 1439 3034 ἔνδοθεν
1471 2976 1566 3033 τοῦ
1606 2980 1736 3032 ναοῦ
1790 2993 1897 3029 πυ·-

307 3072 420 3125 λῶν
446 3073 586 3126 κατά
607 3072 895 3138 ἀνατολὰς,
921 3074 1016 3126 καὶ
1044 3071 1300 3141 ἐκφυσῶν
1329 3070 1483 3142 αὑτῷ
1506 3068 1689 3142 τρίτον
1722 3085 1898 3140 σφρα-

308 3164 454 3232 γίζει
488 3165 549 3217 τὸ
586 3165 850 3236 μέτωπον
868 3164 1058 3229 αὑτοῦ,
1088 3166 1183 3219 καὶ
1205 3165 1266 3218 τὸ
1297 3162 1496 3235 στῆθος
1521 3179 1534 3192 ·
1560 3164 1657 3217 καὶ
1680 3162 1894 3225 ἐπιθεὶς

309 3257 412 3327 τὴν
441 3258 601 3327 χεῖρα
628 3255 794 3310 αὐτοῦ
827 3259 892 3327 τῇ
916 3257 1149 3328 κεφαλῇ,
1177 3257 1328 3325 λέγει
1348 3257 1448 3327 τὴν
1475 3255 1642 3326 εὐχὴν
1664 3253 1892 3325 ταύτηνο

397 3391 521 3445 Ἐπὶ
556 3393 632 3463 τῷ
662 3391 888 3486 ὀνόματί
912 3408 1034 3460 σου,
1067 3391 1266 3463 Κύριε.

386 3617 497 3671 Καὶ
520 3617 658 3688 μετὰ
683 3618 766 3683 τὸ,
807 3617 1014 3690 Ἀμὴν,
1044 3615 1365 3690 σφραγίζων
1397 3613 1644 3681 ἀπολύει,
1675 3616 1768 3668 καὶ
1797 3614 1895 3688 τὴν

312 3706 577 3761 ἐπιοῦσαν
625 3707 987 3777 ὲξορκίζεται.
1047 3708 1217 3762 Πάλιν
1275 3706 1387 3777 γάρ
1418 3706 1606 3761 τοῦτον
1659 3707 1814 3776 ἄγων
1870 3709 1899 3760 6

314 3800 496 3867 ἱερεὺς
528 3801 608 3864 είς
634 3802 727 3855 τὸν
753 3798 882 3855 ναὸν
912 3803 1137 3874 ὲμφυσᾷ
1169 3803 1351 3873 τρίτον
1378 3802 1460 3864 είς
1493 3799 1554 3853 τὸ
1580 3800 1892 3872 πρόσωπον,

314 3892 411 3945 καὶ
441 3892 509 3944 τὰ
539 3886 654 3946 ὦτα
717 3891 907 3958 αὑτοῦ,
964 3895 1056 3947 καὶ
1103 3894 1372 3963 ἐπιλέγων
1410 3892 1520 3947 τῶν
1551 3892 1895 3966 ὲξορκισμῶν

315 3986 414 4046 τὰς
442 3983 631 4054 εὐχὰς,
687 3982 845 4048 αὖθις
876 3985 1169 4057 σφραγίζει
1205 3987 1303 4040 καὶ
1330 3984 1557 4040 ἀπολύει
1578 4002 1593 4018 ο
1628 3984 1722 4039 καὶ
1753 3983 1896 4038 οὕτω

314 4076 480 4131 πάλιν
503 4075 937 4148 κατηχούμενος,
968 4074 1069 4131 εἶτ’
1104 4073 1199 4132 οὖν
1228 4077 1616 4149 διδασκόμενος
1661 4079 1899 4149 χρονίζει

315 4154 405 4231 εἰς’
425 4167 521 4240 τὴν
549 4168 870 4239 ἐκκλησίαν,
906 4170 1000 4224 καὶ
1030 4171 1301 4242 ἀκροᾶται
1332 4160 1440 4225 τῶν
1470 4170 1725 4243 Γραφῶν.
1762 4165 1898 4222 Εἶτα

316 4258 656 4331 τελουμένων
681 4260 904 4314 πάντων
928 4261 1039 4314 τῶν
1072 4261 1166 4315 ἐπὶ
1194 4259 1273 4332 τῷ
1317 4259 1658 4331 βαπτίσματι
1691 4277 1899 4336 νενομι·
1940 4318 1943 4321 μ

321 4352 536 4425 σμένων
561 4395 576 4421 ,
607 4352 854 4420 ἀξιοῦται
884 4355 983 4425 τῆς
1008 4354 1158 4418 θείας
1189 4354 1520 4425 γεννήσεως.

2070 2419 2134 2474 Ει
2174 2433 2457 2489 responso,
2488 2419 2674 2487 Amen,
2708 2420 2983 2490 signatum
3029 2421 3255 2476 dimittit
3296 2424 3573 2479 sacerdos.

1999 2513 2118 2568 Mox
2148 2514 2262 2584 ipse
2284 2513 2575 2569 haereticus
2618 2514 3090 2570 anathematizans
3114 2514 3176 2568 ﬁt
3203 2513 3573 2580 Christianus,

1999 2605 2189 2669 iit-est,
2225 2614 2511 2677 reputatur
2542 2615 2601 2661 ut
2642 2604 2990 2661 Christianus
3035 2606 3274 2661 nondum
3338 2607 3579 2676 baptiza-

2000 2708 2086 2752 tus
2116 2715 2129 2754 ε
2161 2699 2352 2768 quales
2399 2698 2573 2755 solent
2610 2698 3048 2755 Christianorum
3093 2699 3248 2769 pueri
3275 2699 3453 2754 adhuc
3481 2701 3581 2755 ba-

1996 2792 2253 2863 ptizamli.
2301 2790 2562 2863 Sequenti
2602 2802 2783 2849 autem
2834 2792 2921 2849 die
2950 2793 3363 2859 catechumenis
3408 2808 3585 2847 annm

2000 2894 2260 2941 moratur.
2292 2885 2524 2941 Exutum
2550 2885 2696 2942 enim
2731 2885 2902 2951 illum,
2935 2894 2991 2940 et
3050 2885 3277 2955 pedibus
3322 2888 3581 2941 nudatum

2001 2978 2228 3045 inducit,
2262 2986 2318 3033 et
2357 2979 2496 3032 intra
2522 2978 2709 3047 templi
2758 2977 2905 3033 fores
2938 2979 3005 3032 ad
3051 2977 3332 3033 Orientem
3394 2980 3585 3032 statuit

1998 3068 2253 3122 sacerdos
2282 3084 2297 3132 ;
2330 3077 2386 3123 et
2415 3077 2499 3123 ter
2525 3067 2579 3121 in
2605 3067 2800 3123 faciem
2830 3076 2883 3122 et
2914 3076 3100 3136 pectus
3122 3066 3239 3132 ejus
3266 3066 3581 3131 exsumans,

2001 3159 2394 3228 imponensque
2439 3158 2557 3229 ejus
2625 3158 2791 3229 capiti
2842 3173 3085 3225 manum,
3125 3158 3261 3212 dicit
3291 3158 3430 3212 hanc
3458 3174 3584 3211 ora-

2002 3252 2228 3305 tionem:

2068 3388 2125 3442 ln
2161 3398 2253 3444 tuo
2302 3387 2545 3454 nomine,
2590 3385 2834 3469 Domine,
2879 3395 2988 3442 etc.
3019 3385 3368 3455 (Habeturiu
3396 3385 3587 3444 Oﬂicio

2001 3479 2066 3534 de
2088 3479 2400 3550 baptismo.)

1946 3682 1947 3687 η
1990 3688 1997 3695 _
2078 3616 2143 3670 Et
2172 3631 2455 3686 responso,
2485 3627 2670 3681 Amen,
2716 3618 2988 3688 signatum
3029 3633 3190 3675 cruce
3216 3620 3487 3675 dimittit:
3532 3630 3588 3675 et

2006 3711 2254 3780 sequenti
2283 3709 2370 3766 die
2395 3710 2733 3766 exorcismos
2757 3712 3091 3782 aggreditur.
3120 3711 3324 3767 lterum
3349 3727 3586 3781 namquu

2006 3800 2059 3853 in
2097 3790 2354 3870 templum
2395 3798 2545 3854 illum
2589 3803 2845 3857 sacerdos
2884 3802 3112 3868 inducit,
3143 3812 3200 3858 et
3229 3803 3284 3858 in
3312 3803 3511 3860 faciem
3534 3815 3589 3859 rt

2006 3891 2057 3944 in
2089 3907 2250 3947 aures
2280 3892 2399 3964 ejus
2428 3890 2678 3951 exsuﬂlut
2706 3895 3287 3964 :exorcismorumqnc
3307 3897 3588 3952 orationes

2006 3983 2300 4057 subjungit,
2323 4002 2624 4058 rursusque
2654 4003 2815 4043 cruce
2843 3988 3113 4057 signatum
3137 3989 3385 4044 dimittit.
3408 3988 3586 4059 Atque

2004 4078 2075 4131 ita
2116 4077 2375 4149 deinceps
2413 4089 2473 4132 ut
2523 4080 2953 4136 catechumenos
3005 4096 3103 4136 seu
3154 4082 3481 4145 instructus,
3532 4082 3585 4135 in

2003 4169 2232 4225 ecclesia
2273 4172 2552 4240 morandi,
2592 4180 2647 4226 et
2691 4171 3009 4240 Scripturas
3037 4173 3292 4227 audiendi
3328 4172 3418 4242 jus
3444 4173 3589 4227 obti-

2005 4272 2116 4316 net.
2172 4261 2383 4316 Deinde
2432 4263 2692 4332 perfectis
2740 4264 2994 4320 omnibus
3045 4265 3191 4320 circa
3255 4263 3585 4334 baptismum

2002 4355 2271 4409 ordinatis
2287 4361 2316 4420 ',
2346 4354 2526 4410 divina
2558 4356 2969 4427 regeneratione
2997 4358 3194 4427 dignus
3225 4357 3478 4416 habetur.
