4024 6434
361 454 496 516 1:133
1740 450 2195 514 ORATIONES-
3485 434 3621 500 1334

1816 775 1860 834 Ν
1870 775 1977 835 OT
1986 774 2141 835 ΙΤΙΑ
2159 821 2172 835 .

1579 966 1833 1043 (Legum,
1863 965 1950 1015 Or.
1973 963 2156 1017 Christ.
2182 972 2197 1013 t
2225 964 2239 1015 l
2268 979 2314 1026 p.
2344 964 2479 1023 593.)

425 1157 643 1227 Synodo
677 1160 1312 1234 Constantinopolitanm,
1338 1178 1458 1233 quae
1489 1173 1610 1232 post
1632 1160 1807 1216 sancti
1843 1159 2028 1229 lgnatii
2065 1159 2271 1211 obitum
2301 1158 2371 1212 ob
2406 1159 2656 1213 letium
2683 1161 2990 1212 restitutmn
3019 1168 3208 1214 coacta
3234 1168 3318 1214 est
3346 1199 3361 1221 .
3399 1157 3618 1214 aﬁuisse

352 1255 406 1298 et
446 1246 843 1317 subscripsisse
890 1251 1084 1321 legitur
1125 1250 1393 1321 Georgius
1442 1250 1802 1314 Nicomediae,
1834 1249 1941 1300 Γεω

2031 1247 2111 1299 ίου
2151 1245 2524 1317 Νικομηδείας
2548 1287 2561 1311 ,
2598 1244 2873 1317 Γεὼργιος
2915 1245 3311 1317 Νικομηδείας.
3349 1244 3614 1316 Sic-pro-

354 1333 497 1399 fecto
529 1335 839 1404 legendum,
877 1356 981 1393 non
1016 1348 1073 1393 ut
1115 1339 1426 1394 llarduiuus
1454 1340 1506 1393 iu
1539 1339 1777 1392 editione
1808 1335 2165 1391 Conciliorum
2195 1333 2520 1404 Γρηγορὶου,
2568 1330 2841 1403 Gregorio.
2876 1332 3073 1387 Pltotio
3113 1333 3368 1386 nimirum
3421 1336 3617 1387 arctis-

352 1422 490 1476 sima
524 1424 850 1493 conjunctus
885 1428 1289 1483 necessitudine
1316 1437 1434 1482 erat
1473 1425 1726 1495 Georgius
1765 1423 2207 1482 Nicomediensia,
2238 1436 2395 1490 quem
2431 1421 2605 1489 prima
2654 1422 2799 1487 vice,
2839 1435 2941 1489 qua
2978 1420 3607 1489 Constantinopolitanat,

351 1514 498 1569 sedis
525 1528 747 1581 compos
785 1512 916 1581 fuit,
958 1531 1023 1569 ex
1057 1531 1263 1585 magnae
1289 1515 1534 1570 ecclesiae
1574 1512 2029 1581 Chartopbylace,
2064 1509 2330 1579 Bithyniae
2376 1508 2655 1577 metropoli
2696 1508 3045 1576 imposuerat.
3089 1508 3144 1560 ld
3194 1508 3340 1576 quod
3381 1508 3606 1564 Photius

352 1599 467 1667 ipse
499 1608 730 1654 testatur
764 1602 925 1670 epist.
957 1600 1048 1664 24,
1090 1617 1252 1671 quam
1290 1604 1355 1656 ad
1386 1604 1562 1670 ipsum
1597 1600 1815 1669 scripsit
1862 1599 1941 1650 Γεε

2027 1598 2123 1668 γίῳ
2160 1595 2534 1669 μητροπολιτῃ
2580 1588 2985 1666 Νικομηδεὶαζ,
3014 1591 3235 1663 Georgio
3288 1592 3616 1649 Nicomedia:

353 1688 720 1754 metropolitw.‘
748 1688 897 1743 Alias
920 1704 1135 1758 quoque
1162 1688 1235 1743 illi
1276 1688 1536 1759 epistolas
1567 1687 1734 1749 dedit,
1755 1700 1876 1755 qua:
1893 1694 2112 1739 exstant
2143 1685 2303 1739 hodie
2331 1703 2345 1738 :
2382 1700 2447 1739 ac
2472 1685 2653 1739 missis
2686 1684 2829 1748 aliis,
2859 1682 3021 1754 epist.
3053 1682 3175 1757 1‘26,
3212 1698 3335 1752 quae
3367 1682 3605 1739 Ensche-

355 1776 500 1829 moui
545 1774 810 1831 Caesarea:
845 1786 897 1831 et
940 1778 1114 1832 eidem
1168 1773 1389 1847 Georgio
1445 1774 1773 1830 Nicomediae
1812 1774 2149 1851 inscribitur,
2201 1773 2365 1828 veluti
2425 1766 2485 1827 se
2540 1770 2837 1842 Byzantina
2883 1770 3012 1826 sede
3052 1769 3308 1841 ejectum,
3359 1771 3434 1824 ita
3494 1772 3614 1827 illos

351 1879 593 1933 quoque,
634 1874 693 1919 ut
737 1881 833 1935 par
877 1877 1035 1931 erat,
1073 1867 1277 1938 lguatio
1335 1868 1588 1921 thronum
1637 1881 1793 1922 sumn
1852 1862 2145 1930 recipiente
2190 1861 2394 1932 ejectos
2419 1860 2713 1932 signiﬁcat.
2752 1858 2973 1914 Illorum
3019 1859 3381 1914 constantiam
3418 1861 3635 1951 laudat.

352 1971 511 2030 atque
545 1958 795 2018 ﬁduciam
850 1966 901 2018 in
938 1964 1101 2019 Deum
1164 1965 1424 2021 adversus
1468 1966 1733 2020 malorum
1777 1963 2143 2035 ingruentium
2195 1970 2569 2031 tempestatem
2597 2003 2611 2027 ,
2661 1976 2822 2031 quant
2866 1960 3173 2031 tyrannidis
3242 1957 3610 2013 intensionem

350 2070 548 2110 vocare
582 2072 687 2111 non
722 2058 929 2112 dubitat
962 2059 1286 2115 vaferrimus
1325 2061 1626 2127 simulator,
1675 2058 1791 2129 ipse
1847 2073 2017 2126 nuper
2047 2055 2362 2128 Byzantina:
2412 2055 2671 2110 Ecclesia:
2704 2066 2967 2127 tyrannus
2992 2099 3006 2123 ,
3060 2055 3155 2108 τὸν
3188 2050 3438 2125 χειμῶνα
3496 2049 3607 2104 τῶν

351 2144 536 2198 κακῶν
590 2147 684 2201 καὶ
714 2147 812 2217 τῆς
832 2149 1148 2219 τυραννίδος
1177 2150 1574 2220 ἐκτεινόμενον.
1609 2148 1940 2204 Nicometliel

2015 2164 2077 2201 un
2108 2149 2289 2217 itaque
2317 2145 2498 2201 sedem
2535 2144 2808 2215 Gecrgius
2833 2145 3039 2216 lgnatio
3074 2145 3334 2200 defuncto
3366 2141 3604 2212 repetiit.

352 2231 521 2302 llnjus
569 2235 753 2302 utique
801 2246 929 2289 sunt
983 2235 1227 2297 Humilia:
1274 2236 1488 2308 Georgii
1523 2235 1868 2298 Nicomediae,
1925 2250 2060 2304 quas
2104 2233 2461 2289 Combelisius
2494 2232 2681 2288 Grmce
2735 2231 3036 2303 Latineque
3079 2232 3354 2303 evulgavit
3390 2240 3518 2284 tum.
3584 2229 3602 2282 ι

348 2318 503 2375 Auct.
543 2320 682 2375 Bibl.
720 2319 838 2377 PP.
887 2322 1082 2385 ϐτιεε..
1120 2339 1223 2377 non
1257 2325 1545 2379 anterioris
1593 2325 1683 2394 qui
1721 2333 1964 2394 tempore
1997 2321 2228 2377 lleraclii
2261 2320 2390 2392 imp.
2423 2328 2478 2376 'e‘t
2533 2319 2750 2393 Georgii
2802 2320 2994 2375 Pisida:
3046 2321 3348 2382 claruerit,
3392 2329 3448 2372 ut
3498 2318 3615 2371 viro

350 2407 668 2464 doctissimo
714 2411 886 2465 visum
925 2422 1029 2468 est.
1066 2412 1201 2467 Vide
1235 2413 1401 2467 Leon.
1441 2412 1605 2467 Allat.
1653 2410 1897 2466 Diatriba
1936 2410 2000 2464 de
2033 2408 2271 2478 Georgii:
2298 2447 2312 2472 ,
2363 2423 2485 2478 pag.
2530 2407 2657 2463 3l5.
2704 2408 2969 2475 Georgius
3020 2405 3353 2463 Nicomediae
3403 2414 3608 2459 metro-

351 2499 514 2567 polita
559 2502 699 2571 apud
732 2502 1107 2558 doctissimum
1127 2505 1374 2562 abbatem
1409 2505 1687 2561 Nicolaum
1740 2503 2072 2573 Papadopoli
2129 2499 2364 2553 Prwnot.
2419 2508 2645 2567 mystag.
2693 2514 2835 2567 resp.
2890 2497 2944 2562 6,
2995 2507 3129 2552 sect.
3193 2496 3241 2549 7.
3306 2494 3378 2550 De
3422 2495 3614 2563 proba-

350 2586 583 2643 tionibus
602 2590 834 2655 testium,
864 2608 917 2644 n.
952 2591 1005 2655 5,
1040 2607 1069 2646 a
1099 2591 1353 2651 Matthmo
1374 2590 1643 2650 monacho
1674 2595 1874 2649 citatus
1905 2589 2188 2647 ferturlib.
2217 2588 2293 2643 De
2325 2587 2700 2641 traditionibus
2733 2587 3100 2642 ecclesiasticis
3130 2587 3212 2639 tit.
3247 2583 3321 2639 De
3341 2582 3613 2650 judicibua

353 2687 546 2726 coma.
1257 2722 1263 2726 Α
1376 2705 1383 2713 ·
2068 2716 2071 2719 ι
2124 2694 2131 2703 ⁴

402 2970 1843 3003 *ΨΜ-.ᾠέ-
1904 2991 3600 3005 W-_mm

744 3150 1359 3293 ΓΕΩΡΙἾΟΥ,
1406 3170 2306 3285 ΜΗΤΡΟΠΟΛΙΤΟΥ
2376 3147 3196 3325 ΝΙΚῴΜΗΔΕΙΑΣ,

1639 3446 2351 3665 ΛΟΓΟικ

550 4055 561 4062 ο
656 3922 1209 4061 GEORGII,
1283 3922 2193 4068 METROPOLITAE
2273 3923 3292 4031 NICOMEDIENSIS,

1488 4160 2450 4361 ORATIONES.

1669 4710 2291 4833 MONITUM.

414 4956 564 5022 Quod
594 4956 719 5011 olim
756 4954 1147 5025 parturiebam,
1187 4963 1245 5007 ut
1281 4951 1464 5008 Maria:
1491 4953 1667 5008 sacris
1696 4966 1794 5022 pro
1830 4951 2093 5008 concione
2119 4951 2516 5021 laudatoribus,
2555 4954 2791 5024 amplam
2834 4955 2886 5010 in
2919 4953 3157 5029 Georgio
3196 4955 3597 5015 Nicomedienai

337 5044 590 5101 oll'errem
621 5045 742 5116 ejus
771 5043 1050 5101 laudandae
1078 5052 1335 5112 segetem,
1379 5042 1536 5096 modo
1567 5041 1812 5109 tandem,
1851 5041 1962 5096 Deo
1992 5039 2134 5095 votis
2167 5051 2470 5115 annuente,
2509 5042 2774 5112 produco.
2831 5041 3262 5100 Praeclarissima
3291 5042 3459 5101 olfero
3514 5046 3611 5103 de-

340 5133 610 5190 votissimi
643 5133 828 5188 Mariae
861 5131 1160 5187 laudatoris
1188 5130 1542 5195 ineamdem,
1573 5129 1805 5200 ejusque
1837 5130 2138 5200 praesertim
2180 5130 2427 5199 exordia,
2480 5146 2547 5187 ac
2599 5129 2910 5197 infantiam,
2951 5144 3344 5201 monumenta;
3384 5144 3444 5188 ut
3482 5134 3618 5202 nihil

338 5226 443 5280 hoc
463 5235 787 5295 argumento
821 5223 1139 5294 praeclarius
1183 5221 1349 5284 forte,
1381 5229 1474 5274 aut
1503 5220 1735 5275 ediderit
1765 5228 1976 5276 vetusta
2009 5229 2166 5285 tetas,
2221 5230 2317 5277 aut
2353 5236 2516 5287 nova,
2544 5232 2841 5291 nostraque
2896 5223 3116 5279 viderit.
3167 5223 3313 5296 Scio,
3343 5242 3465 5281 cum
3496 5227 3621 5285 aliis

341 5312 457 5369 fore
488 5310 835 5368 admirationi
878 5310 1005 5382 styli
1037 5313 1268 5364 nitorem
1304 5323 1370 5364 ac
1403 5307 1727 5364 elocutionis
1751 5307 2013 5380 gratiam,
2056 5310 2100 5364 si
2130 5310 2291 5365 modo
2316 5310 2517 5381 ipsum,
2550 5310 2744 5380 lector,
2770 5311 3065 5383 Georgium
3092 5315 3231 5385 apml
3268 5314 3465 5386 ipsum,
3493 5316 3618 5375 tibi-

340 5418 449 5469 que
479 5419 579 5474 per
612 5418 673 5458 se
701 5403 1049 5473 loquentem,
1071 5400 1223 5454 adire
1257 5399 1452 5470 possis.
1484 5396 1634 5467 Nihil
1668 5400 1814 5455 enim
1849 5390 2024 5455 meam
2057 5388 2244 5455 moror
2273 5399 2604 5466 versionem,
2633 5416 2796 5469 quam
2826 5402 2930 5458 etsi
2984 5419 3094 5460 non
3139 5406 3332 5462 malam
3381 5411 3603 5464 omnino

339 5496 526 5553 facere
567 5496 776 5562 studui,
815 5495 956 5548 haud
991 5502 1171 5547 tamen
1208 5491 1450 5562 polliceri
1486 5492 1687 5563 possim
1715 5492 2019 5547 absolutam
2047 5480 2303 5548 omnibus
2349 5493 2616 5558 numeris,
2651 5501 2707 5548 et
2756 5502 2815 5549 ut
2866 5494 3043 5566 ipsum
3105 5498 3159 5552 in
3212 5513 3274 5553 ea
3323 5498 3615 5571 Georgium

341 5589 652 5645 desiderare
687 5602 791 5642 non
822 5587 1016 5657 possis.
1048 5582 1326 5656 Epocham
1355 5585 1469 5656 ipse
1498 5583 1717 5656 Georgii
1746 5584 2043 5655 plurimum
2096 5586 2394 5656 desidero;
2430 5586 2648 5643 tametsi
2686 5587 2753 5642 ad
2796 5586 3032 5644 Heraclil
3080 5599 3321 5662 tempora
3375 5593 3617 5651 referen-

340 5678 465 5734 dam
499 5678 752 5743 suadent,
788 5691 906 5745 quae
938 5674 1013 5729 illi
1046 5678 1110 5730 ac
1130 5673 1365 5745 Georgio
1396 5672 1592 5729 Pisidae
1619 5674 1672 5727 in
1708 5672 1830 5729 aliis
1876 5673 2111 5744 aliisque
2164 5673 2461 5749 codicibus
2490 5675 2681 5732 eadem
2736 5675 3004 5748 inscripta
3055 5688 3312 5747 exstent;
3351 5692 3608 5749 tanquam

344 5782 486 5823 unus
506 5767 764 5834 idemque
826 5774 1017 5819 auctor
1049 5773 1269 5819 exstat:
1296 5777 1459 5833 quam
1505 5759 1877 5817 diﬂicultatem
1920 5777 2021 5817 suo
2049 5763 2134 5817 vir
2179 5763 2535 5821 doctissimus
2587 5761 2699 5822 Leo
2738 5764 2974 5825 Allatius
3025 5782 3179 5825 more
3209 5768 3529 5838 illusuabit,
3560 5781 3619 5825 ut
3660 5758 3667 5764 ’

338 5854 663 5925 quandoque
697 5868 848 5908 suam
876 5852 941 5906 de
971 5850 1228 5922 Georgiis
1268 5850 1702 5933 lucubrationem
1724 5848 1865 5921 juris
1900 5850 2097 5919 publici
2146 5849 2333 5908 faciat.
