4024 6428
271 429 408 496 1337

1260 432 1341 494 IN
1381 430 1967 492 CONCEP‘TIONEM
2002 433 2108 493 SS.
2151 431 2532 493 DEIPARE.

3417 427 3566 495 1338

269 542 584 612 Hujusmodi
609 545 752 598 enim
784 542 999 612 est,qui
1033 543 1288 611 praesenti
1357 542 1706 598 solemnitate
1760 543 1912 599 hctus
1951 545 2257 614 explicatur
2303 545 2580 614 splendor,
2615 542 2806 613 sicque
2852 541 3045 613 jugetn
3091 540 3296 614 magis,
3334 541 3464 611 quin
3498 552 3554 596 et

267 635 470 689 clarius
495 634 804 699 micantem,
833 649 900 688 ex
939 635 1154 701 iisquae
1188 632 1360 686 oculis
1383 632 1676 702 conspicua
1699 642 1850 698 sunt,
1892 632 2160 704 fulgoreut
2194 635 2464 690 immittit.

338 729 591 798 Σήμερον
641 727 752 796 γὰρ
795 727 896 796 τῆς
928 725 1138 795 ένοητῆς
1188 725 1422 795 νεφέλης
1482 723 1864 794 ὲφαπλοῢσθαι

2039 727 2174 781 Cum
2206 727 2349 782 enim
2380 727 2643 797 spiritalis
2675 726 2838 781 hodie
2879 727 3052 780 ntthes
3089 724 3350 795 explicari
3404 722 3563 777 claro

269 818 706 892 κηρυττομένης,
764 817 949 871 αἰτοῦ
1001 815 1197 869 ἀδύτου
1263 817 1362 886 μὲν
1410 816 1588 884 φωτδς
1655 832 1858 886 προαν-

274 912 490 982 ίσχουσι
529 912 610 972 είς
649 909 742 962 τὸν
776 909 980 979 κόσμον
998 908 1240 972 ἀκτῖνες,
1262 908 1324 960 τὸ
1359 907 1643 978 κρατῆσαν
1663 906 1721 958 δὲ
1759 907 1858 976 τῆς

266 1004 464 1068 ἀθεΐας
517 1000 922 1072 ἁπομειοῦσθαι
981 1002 1076 1053 καὶ
1149 998 1558 1053 ἀπελαύνεσθαι
1624 999 1856 1071 ἄρχεται

270 1100 485 1164 σκότος.
522 1100 772 1172 Σήμερον
815 1101 917 1170 τῆς
959 1097 1052 1151 τοῦ
1084 1097 1268 1151 θεῖκού
1307 1097 1669 1167 σκηνώματος
1711 1098 1860 1149 οἰκο-

267 1193 443 1263 δομῆς
475 1190 844 1262 μηνυομένης,
870 1191 919 1244 οἱ
961 1191 1064 1261 τῆς
1116 1189 1404 1252 εὐσεϐείας
1443 1189 1543 1259 μὲν
1594 1189 1851 1257 καταπή-

267 1303 496 1356 γνυνται
525 1285 786 1356 θεμέλιοι,
839 1286 903 1337 ἐκ
937 1283 1152 1355 βάθρων
1215 1283 1273 1336 δὲ
1330 1283 1397 1336 τά
1452 1283 1550 1352 τῆς
1585 1279 1847 1344 ἀσεϐείας

266 1379 612 1452 ὀχυρώματα
669 1378 1045 1433 κατασείεται.
1111 1377 1361 1446 Σήμερον
1411 1375 1512 1445 τῆς
1567 1371 1863 1444 βασιλικῆς

266 1471 713 1543 ὲξυφαινομένης
796 1469 1160 1540 ἁλουργίδος,
1240 1470 1274 1538 ή
1372 1466 1469 1520 τοῦ
1551 1465 1660 1518 τῶν
1725 1464 1864 1518 ὅλων

266 1564 555 1627 Βασιλέως
581 1560 1128 1634 προκαταγγέλλεται
1159 1557 1392 1628 ἐνδημία
1417 1574 1430 1586 ·
1465 1557 1520 1610 αἱ
1543 1555 1654 1609 τῶν
1687 1557 1856 1608 ὲκπε-

268 1656 406 1710 πολε
416 1656 685 1726 μωμένων
730 1652 1038 1724 ἀνθρώπων
1095 1650 1622 1722 προῦπογράφονται
1688 1647 1864 1700 ὑπαλ-

1968 819 2120 873 vocis
2181 819 2456 888 praeconio
2508 819 2787 883 refertur,
2835 818 2950 888 jam
3006 817 3229 888 quidem
3287 817 3552 880 luminis,

1967 911 2109 980 quod
2173 909 2343 964 nescit
2376 923 2657 974 occasum,
2731 908 2866 962 radii
2903 909 3103 961 mundo
3161 906 3552 975 prveoriuulur,

1969 1017 2198 1072 qumque
2242 1003 2505 1056 hactenus
2553 1001 2909 1073 obtinuerant
2951 999 3249 1070 impietatis
3289 997 3552 1062 tenebrae,

1972 1095 2391 1149 diminutionem-
2415 1095 2693 1165 accipiunt
2753 1109 2816 1148 ac
2871 1093 3154 1163 fugantur.
3214 1092 3553 1146 Anuuutiata

1969 1202 2114 1241 nunc
2147 1186 2248 1241 diei
2307 1186 2639 1240 tabernaculi
2673 1185 2838 1240 divini
2893 1184 3295 1249 essu-actione,
3335 1182 3557 1251 pietatis

1969 1279 2188 1348 quidem
2222 1278 2577 1331 fundamenta
2609 1276 2821 1330 firmius
2851 1275 3225 1340 stabiliunlur,
3261 1275 3556 1344 impietatis

1969 1384 2104 1425 vero
2146 1370 2482 1425 munitiones
2526 1370 2745 1438 penitus
2777 1369 3184 1424 convelluulur.
3217 1368 3355 1422 Cum
3391 1369 3554 1421 hodie

1971 1463 2176 1517 texitur
2209 1463 2356 1530 regia
2400 1471 2662 1531 purpura,
2708 1460 2928 1516 futurus
2973 1463 3258 1515 nuntiatur
3306 1463 3551 1514 omnium

1964 1554 2130 1622 Regis
2159 1555 2426 1610 adventus
2453 1571 2470 1621 ;
2504 1555 2804 1620 hominum,
2835 1555 2926 1625 qui
2962 1555 3168 1608 inimici
3199 1565 3379 1618 erant,
3413 1569 3555 1622 pra:-

1969 1649 2054 1703 vie
2077 1648 2450 1703 reconciliatio
2468 1649 2715 1703 sancitur
2740 1665 2756 1715 ;
2829 1657 3030 1717 tropaea
3054 1649 3316 1702 adversus
3345 1648 3560 1702 hostem

267 1747 442 1814 λαγαί
478 1744 592 1818 [ίσ.
629 1742 995 1815 καταλλαγαί]
1020 1759 1034 1773 ·
1066 1743 1136 1795 τὰ
1166 1739 1312 1795 κατά
1337 1739 1432 1792 τοῦ
1484 1737 1867 1809 πολεμήτορος

1977 1735 2227 1805 erigenda
2278 1745 2544 1804 occupato
2590 1735 2958 1790 celebrantur.
3012 1733 3290 1790 llodierna
3364 1734 3559 1803 praeli-

267 1839 455 1893 αὐτῶν
513 1839 990 1909 προαναφωνεῖται
1037 1835 1302 1906 τρόπαια.
1351 1832 1600 1902 Σήμερον
1669 1831 1704 1900 ή
1742 1827 1867 1899 ῥίζα

1977 1830 2153 1884 ctione
2193 1829 2392 1882 radicis
2423 1828 2688 1882 bonorum
2733 1828 2786 1881 in
2822 1826 2997 1880 sterili
3040 1827 3333 1880 nascitura:
3375 1833 3553 1887 utero,

263 1934 386 1987 τῶν
414 1931 639 2001 ἀγαθῶν
695 1933 754 1985 ἐν
811 1931 1048 2001 ἀκάρπῳ
1103 1924 1595 2000 προαγορευομένη
1632 1923 1870 1994 φύεσθαι

265 2028 452 2100 νηδύϊ,
491 2026 591 2098 τὴν
628 2025 1108 2096 ἀποξηρανθεῖσαν
1161 2021 1324 2093 ἡμῶν
1353 2022 1421 2092 τῇ
1462 2018 1635 2090 κακίᾳ
1682 2017 1868 2088 φύσιν,

267 2119 506 2189 νεοθαλῆ
530 2119 630 2189 τῆς
677 2117 963 2180 εὐσεϐείας
989 2115 1254 2184 ἀναφύειν
1279 2111 1590 2184 προμηνύει
1626 2110 1871 2182 βλαστήο

271 2230 453 2286 ματα.
504 2211 754 2281 Σήμερον
793 2210 826 2280 ή
865 2208 1176 2271 ἀδιόδευτος
1226 2205 1324 2260 τοῦ
1373 2204 1638 2274 βασιλέως
1665 2201 1870 2274 ἐρειδο-

272 2303 419 2376 μένη
448 2302 616 2374 πύλη,
650 2299 816 2354 αὐτοῦ
845 2301 946 2371 μὲν
990 2303 1058 2370 τῇ
1089 2299 1234 2370 ὑπὲρ
1272 2296 1485 2352 ἔννοιαν
1536 2293 1873 2366 προετοιμά-

269 2400 436 2462 ςεται
468 2395 662 2466 διόδῳο
692 2396 827 2466 ήμῖν
857 2394 914 2447 δὲ
972 2391 1242 2464 βασίμους
1281 2391 1384 2454 τὰς
1409 2390 1700 2461 οὐρανίους
1729 2403 1870 2458 προ-

263 2488 685 2552 κατασκευάζει
716 2486 915 2548 πύλας.
963 2485 1216 2557 Σήμερον
1261 2482 1447 2552 ἄγονοι
1489 2480 1737 2551 πατέρες
1771 2480 1875 2550 τῆς

271 2583 579 2652 πολυγόνου
607 2581 718 2635 τῶν
772 2578 997 2649 ἀγαθῶν
1027 2576 1296 2649 ἀφθονίας
1326 2575 1426 2648 τήν
1475 2573 1660 2629 αἰτίαν
1705 2571 1876 2640 εὐαγ-

267 2675 620 2748 γελιζόμενοι
663 2673 898 2737 τίκτειν,
944 2672 1110 2724 παντὶ
1149 2668 1230 2742 τῷ
1262 2667 1411 2737 γένει
1447 2665 1544 2737 τὴν
1579 2663 1674 2718 τοῦ
1710 2662 1878 2718 πλούο

267 2785 376 2823 του
410 2765 911 2840 προευτρεπίζουσι
955 2762 1201 2836 μέθεξιν.
1239 2759 1383 2815 Ἀλλ’
1410 2759 1488 2824 ὡς
1534 2756 1875 2828 δεδοξασμέ-

271 2878 373 2915 νον
418 2862 479 2915 τὸ
508 2861 720 2914 τούτων
748 2862 830 2923 είς
860 2857 1062 2920 αἰῶνας
1105 2851 1616 2926 συμπαρατείνεται
1666 2849 1879 2921 μνημό-

276 2955 475 3009 συνονῑ
518 2954 595 3018 ὼς
626 2951 994 3025 ἀναφαίρετον
1045 2949 1229 3005 αὐτῶν
1273 2945 1521 3018 διαμένει
1566 2943 1629 2997 τὸ
1676 2941 1874 3006 κλέοςι

270 3047 360 3110 ὥς
411 3045 665 3120 μακαρία
693 3045 794 3116 μὲν
820 3044 856 3115 ή
883 3040 1108 3114 ἐκλογὴ,
1146 3037 1494 3112 μακαριστὸν
1521 3036 1582 3093 δὲ
1609 3035 1790 3090 αὐτῶν
1813 3033 1880 3088 τὸ

271 3143 342 3194 ὲν
376 3139 603 3213 ἀρεταῖς
631 3136 944 3207 εὐδόκιμον,
973 3133 1042 3189 δι’
1065 3127 1128 3190 οὗ
1158 3132 1258 3188 καὶ
1278 3131 1338 3185 τὸ
1373 3128 1666 3200 ἑκλεγῆναι
1692 3127 1878 3192 αὐτοῖς

275 3231 685 3305 προσεγένετοί
718 3229 908 3301 Τούτῳ
929 3227 1042 3300 γὰρ
1065 3226 1324 3290 ἁπάντων
1349 3224 1730 3296 κρατήσαντες
1747 3223 1875 3292 ὁμο-

273 3325 438 3395 φυῶν
489 3322 870 3396 προαιρέσεως
922 3318 1292 3392 μεγαλοφυῒᾳ,
1339 3318 1408 3388 τῇ
1463 3315 1588 3369 κατ’
1643 3311 1879 3382 ἐκλογὴν

272 3417 644 3491 χαρισμάτων
670 3413 1094 3485 ὑπερανέόησαν
1141 3406 1614 3481 μεγαλοπρεπείᾳ.
1647 3406 1878 3477 Προετι-

281 3510 543 3582 μήθησαν
559 3509 671 3580 γὰρ
699 3507 904 3569 παντὸς
933 3505 1032 3560 τοῦ
1053 3505 1268 3574 γένους,
1291 3500 1482 3571 ἐπειδὴ
1515 3500 1736 3553 πάντων
1767 3495 1879 3550 τῶν

273 3604 456 3657 ὄντων
484 3603 576 3658 τὸν
604 3599 950 3672 Δημιουργδν
990 3597 1393 3671 προετίμησαν.
1426 3591 1874 3665 Προεκρίθησαν,

273 3696 476 3767 ἐπειδὴ
509 3695 607 3766 τὴν
632 3693 726 3748 τοῦ
766 3693 1037 3746 Δεσπότου
1065 3691 1165 3762 τῆς
1179 3691 1390 3752 οἰκείας
1430 3687 1578 3758 ζωῆς
1606 3682 1878 3756 προῦκρι-

274 3807 383 3843 ναν
401 3787 645 3859 ἀγάπην.
670 3783 1153 3856 Προεξελέχ’)ησαν
1171 3782 1252 3844 εἱς
1279 3777 1603 3850 μυστηρίων
1633 3776 1880 3846 λειτουρ-

273 3885 434 3953 γίαν,
467 3881 768 3952 ἐπειδήπερ
798 3877 981 3932 τάτοῦ
1015 3873 1384 3946 ὲκλεξαμένου
1417 3871 1702 3942 θελήματα
1738 3867 1878 3938 μόνα

277 3976 530 4049 πληροῦν
599 3973 687 4028 διὰ
747 3972 950 4042 παντὸς
1017 3969 1376 4041 ᾑρετίσαντοο
1459 3961 1877 4034 ὲδοξάσθησαν,

274 4071 476 4141 ἐπειδὴ
517 4069 583 4123 δι’
618 4067 837 4122 οἰκείων
892 4067 1056 4120 αὐτὸν
1100 4064 1360 4128 ἐδόξασαν
1402 4060 1612 4132 ἔργων’
1672 4061 1879 4126 ἐμεγα-

273 4161 554 4234 λύνθησαν
585 4164 651 4232 τῇ
694 4161 794 4230 τῆς
828 4159 1051 4231 χάριτος
1087 4155 1514 4227 μεγαλοδωρεᾷ,
1573 4151 1878 4222 ἐπειδήπερ

273 4258 470 4324 ἀξίους
529 4257 755 4317 ἑαυτοὺς
820 4254 920 4323 τῆς
989 4249 1250 4322 τοιαύτης
1309 4247 1582 4318 ὑποδοχῆς
1633 4261 1878 4317 προκατ-

275 4350 614 4406 εσκεύασαν.
650 4349 826 4402 Τοῦτο
869 4345 982 4416 γὰρ
1007 4343 1208 4404 αὐτοὺς
1231 4341 1341 4393 τῶν
1371 4335 1877 4408 προγεγενημένων

273 4443 542 4498 ἁπάντων
603 4438 983 4514 ὑπερετίμησε
1036 4435 1286 4489 δικαίων.
1318 4430 1494 4486 Τοῦτο
1524 4431 1726 4492 αὐτοὺς
1756 4427 1868 4482 τῶν

1977 1922 2087 1979 fore
2114 1922 2536 1994 praenuntiatur,
2572 1931 2632 1975 ut
2676 1936 2796 1990 qua:
2844 1919 2978 1974 vitio
3009 1927 3308 1974 exat-uerat
3355 1929 3546 1972 natura

1973 2016 2275 2079 hominum,
2303 2013 2535 2069 virentia
2579 2013 2797 2084 pietatis
2823 2012 3066 2083 germina
3091 2013 3375 2080 producat.
3425 2011 3564 2064 Cum

1975 2109 2132 2163 hodie
2169 2106 2350 2177 ﬁgitur
2373 2105 2538 2178 Regis
2570 2115 2747 2175 porta,
2794 2120 2892 2174 per
2919 2120 3082 2175 quam
3108 2104 3240 2158 nulli
3289 2105 3560 2160 transitus

1975 2200 2205 2271 patet‘;
2259 2199 2311 2253 ei
2359 2199 2602 2268 quidem,
2638 2197 2871 2251 mirabili
2922 2197 3154 2265 quadam
3195 2211 3259 2250 ac
3312 2195 3556 2264 cogitatu

1977 2291 2184 2358 majore
2224 2291 2460 2357 ratione,
2489 2304 2589 2360 per
2631 2305 2752 2346 eam
2809 2289 3149 2356 transitum,
3187 2297 3560 2358 praeparatur;

1976 2384 2130 2438 nobis
2151 2393 2331 2438 autem
2377 2382 2591 2450 pervias
2617 2380 2738 2437 caeli
2769 2390 2953 2449 portas
2995 2380 3195 2450 praevie
3218 2380 3402 2433 edicit.
3426 2377 3564 2433 Cum

1978 2475 2139 2531 hodie
2165 2485 2421 2544 parentes
2453 2474 2691 2542 steriles,
2724 2472 2904 2527 fausta
2940 2473 3389 2534 annuntiatiOne,
3417 2471 3566 2524 illam

1977 2570 2213 2640 genituri
2240 2579 2585 2638 promuntur,
2615 2581 2736 2637 quze
2770 2566 3034 2621 bonorqu
3097 2564 3349 2620 fecundae
3396 2563 3564 2633 largi-

1981 2662 2104 2716 tatis
2136 2675 2298 2714 causa
2331 2658 2572 2724 exsistit,
2597 2659 2858 2713 universo
2897 2652 3180 2711 hominum
3214 2653 3400 2724 generi
3425 2653 3567 2708 divi-

1979 2753 2180 2807 tiarum
2195 2749 2462 2819 ejusmodi
2482 2749 2962 2820 participationem
2977 2755 3248 2815 occupato
3267 2746 3565 2800 instruunt.

1977 2847 2152 2915 Quam
2181 2860 2310 2900 vero
2342 2858 2532 2901 eorum
2553 2842 2792 2915 gloriosa
2818 2841 2978 2911 longe
3010 2840 3064 2895 in
3111 2853 3286 2894 aevum
3314 2836 3569 2893 extendi.

1979 2948 2067 2992 tur
2101 2936 2406 2994 memoria!
2441 2935 2617 3004 Quam
2674 2949 2865 2991 eorum
2919 2938 3207 3005 permanet
3250 2929 3569 2986 inviolabile

1977 3030 2177 3086 decus!
2211 3029 2384 3097 Quam
2413 3028 2573 3086 beata
2598 3027 2820 3091 electio,
2854 3041 2920 3081 ac
2951 3025 3148 3080 merito
3202 3018 3570 3079 heatillcanda

1980 3118 2208 3197 proh'ata
2241 3139 2432 3180 eorum
2465 3123 2659 3188 virtus,
2691 3135 2789 3192 per
2818 3135 2983 3191 quam
3017 3117 3254 3172 accessit
3306 3123 3365 3169 ut
3394 3113 3571 3184 elige-

1905 3202 1950 3261 ο
1983 3218 2218 3275 rentur!
2287 3214 2424 3270 Cum
2482 3215 2627 3270 enim
2689 3227 2788 3284 per
2831 3227 2950 3266 eam
3009 3209 3297 3264 universos
3339 3203 3572 3278 gentiles

1980 3329 2110 3368 suos
2175 3309 2468 3366 voluntatis
2515 3306 2919 3379 magnificentia
2973 3309 3324 3374 superarent,
3402 3297 3571 3352 donn-

1980 3421 2102 3461 rum
2150 3417 2394 3476 quoque,
2430 3400 2727 3458 secundum
2779 3397 3096 3454 electionem
3157 3409 3220 3449 ae
3281 3391 3377 3447 Dei
3445 3406 3574 3462 pro-

1981 3498 2256 3570 positum,
2320 3494 2678 3565 amplitudine
2757 3499 3114 3561 superarunt.
3199 3483 3326 3542 Tuti
3407 3481 3576 3553 siqui-

1980 3593 2102 3649 dem
2152 3591 2337 3661 generi
2387 3590 2596 3645 honore
2654 3586 2860 3659 praelati
2915 3592 3063 3648 sunt,
3094 3580 3240 3653 quod
3293 3589 3571 3634 auctorem

1981 3687 2148 3742 rebus
2202 3684 2476 3741 universis
2517 3721 2533 3748 ,
2591 3682 2798 3736 honore
2857 3676 3244 3748 prtetulisscnt.
3329 3669 3576 3726 Potiores

1981 3780 2233 3835 omnibus
2261 3776 2432 3832 habiti
2471 3783 2625 3836 sunt,
2652 3771 2794 3842 quod
2830 3786 2927 3826 sua
2958 3771 3198 3839 ipsorum
3227 3765 3332 3819 vita
3360 3759 3576 3817 Domini

1982 3868 2308 3928 charitatetn
2344 3868 2610 3939 potiorem
2636 3866 2977 3924 habuissent.
3029 3859 3314 3916 Prteelecti
3352 3856 3578 3910 fuerunt

1985 3964 2039 4019 in
2087 3970 2560 4018 sacramentorum
2612 3957 2917 4020 ministros,
2973 3952 3116 4022 quod
3165 3953 3332 4006 vitam
3382 3957 3574 4009 totam,

1982 4059 2098 4124 ejus
2117 4059 2208 4126 qui
2225 4054 2407 4125 elegit,
2428 4052 2734 4108 voluntates
2753 4048 2900 4103 solas
2922 4047 3146 4115 implere
3206 4041 3573 4109 studuissent.

1984 4149 2139 4202 Aucti
2171 4157 2294 4202 sunt
2327 4144 2520 4217 gloria,
2560 4142 2704 4211 quod
2728 4141 2844 4196 suis
2888 4139 3064 4210 ipsum
3101 4134 3368 4206 operibus
3397 4130 3575 4201 gloria

1983 4242 2314 4298 all'ecissent.
2372 4234 2674 4306 Maguificis
2745 4232 2938 4302 gratiae
3003 4229 3163 4284 donis
3231 4222 3570 4294 magniIiCuIi

1983 4346 2130 4398 aunt,
2156 4333 2300 4403 quod
2325 4347 2383 4386 se
2417 4330 2485 4383 iis
2536 4323 2903 4396 suscipiendis
2951 4334 3194 4390 congrue
3263 4329 3571 4386 praeparas-

1984 4438 2125 4486 Sent.
2154 4427 2282 4482 ﬂare
2312 4424 2456 4480 enim
2498 4437 2661 4486 supra
2709 4431 2902 4474 omnes
2939 4417 3154 4484 priores
3193 4411 3393 4480 justos,
3451 4422 3574 4460 am-

273 4535 518 4598 ὲκείνοις
620 4528 982 4602 ὲπιθυμητῶν
1065 4524 1406 4596 κατηξίωσεν
1486 4520 1867 4576 ὲναπολαῦσαι

1987 4522 2142 4592 pliori
2203 4535 2297 4575 eos
2358 4519 2565 4572 honore
2609 4511 2962 4568 cumulavit:
3017 4506 3149 4560 fecit
3191 4505 3328 4565 lttee,
3393 4509 3452 4553 ut
3510 4499 3576 4551 iis

282 4625 640 4699 μυστηρίων·
707 4624 867 4678 τοῦτο
927 4622 1035 4675 τῶν
1102 4616 1594 4691 προφητευθέντων
1675 4616 1865 4678 αὐτοῖς

276 4721 383 4776 καὶ
433 4717 830 4788 πολυποθήτως
876 4713 1360 4786 ὲπιζητηθέντων,
1413 4710 1511 4780 τὴν
1551 4709 1652 4777 τῆς
1708 4706 1877 4761 ἐκϐά-

277 4830 426 4874 σεως
483 4811 662 4883 ἀρχὴν
738 4808 1093 4882 παραχθῆναι
1162 4804 1458 4874 πεποίηκε.
1536 4802 1637 4854 Διὰ
1709 4799 1872 4853 τοῦτο

273 4907 394 4962 τῶν
443 4903 805 4976 συμφυλετῶν
839 4901 1100 4955 ἁπάντων
1149 4897 1530 4972 προτεθέντες,
1564 4893 1660 4948 τοῦ
1693 4895 1874 4962 ἀσυγ-

279 4998 881 5072 κρίτουτετυχήκασιν
932 4994 1268 5062 ἀξιώματος.
1333 4990 1722 5059 Ἀνεπίμικτον
1759 4989 1873 5056 γὰρ

276 5095 346 5147 τὸ
409 5074 682 5162 βασίλειον
752 5089 1098 5161 τηρήσαντες
1147 5085 1327 5154 γένος,
1401 5082 1691 5136 ἀνόθευτον
1741 5078 1877 5132 αὐτὸ

281 5189 384 5241 καὶ
445 5185 921 5258 ἀπαραχάρακτον
969 5184 1092 5246 ταῖς
1155 5176 1467 5249 βασιλικαῖς
1537 5175 1876 5245 διετήρησαν

281 5282 534 5354 ἀρεταῖς.
577 5280 654 5333 Οὐ
691 5277 1091 5348 παρεσύρησαν
1150 5269 1242 5324 τοῦ
1284 5270 1386 5340 τῆς
1437 5267 1596 5335 ἀξίας
1638 5267 1883 5336 ὑπεραν-

283 5371 590 5441 εστηκότος
608 5369 748 5441 πρὸς
774 5364 1122 5438 δουλοπρεπῆ
1151 5363 1263 5416 τῶν
1287 5359 1492 5432 ἡδονῶν
1507 5357 1877 5423 ταπείνωσιν,

287 5466 408 5521 ἀλλ’
442 5465 816 5520 ἀταπείνωτον
876 5461 938 5515 τὺ
975 5454 1404 5531 μεγαλοπρεπὲς
1459 5450 1628 5508 αὐτοῦ
1673 5449 1877 5505 διασώ-

291 5561 505 5624 ζοντες,
539 5561 606 5630 τῇ
633 5554 959 5626 καταλλήλῳ
992 5552 1093 5624 μὲν
1123 5549 1290 5606 αὐτοῦ
1345 5545 1716 5618 διεδοήθησαν
1747 5545 1884 5596 ἀνα-

293 5649 551 5721 κηρύξει,
595 5650 696 5718 τὴν
732 5645 993 5701 Βασιλίδα
1047 5643 1106 5698 δὲ
1159 5641 1255 5698 τοῦ
1314 5638 1540 5708 παντὸς,
1604 5638 1679 5702 ὡς
1723 5635 1881 5693 εὐσε-

369 5875 386 5908 ¹
425 5874 626 5932 Ezeclt.
661 5886 812 5936 XLIV,
846 5869 900 5922 Ξ.

1984 4616 2088 4670 frui
2127 4612 2401 4686 mysteriis
2439 4614 2802 4664 mererentur,
2829 4617 2951 4672 quae
2982 4599 3056 4653 illi
3095 4596 3514 4652 desiderassent
3557 4605 3572 4643 :

1984 4707 2134 4773 fecit,
2173 4715 2232 4760 ut
2282 4718 2476 4759 eorum
2530 4715 2651 4770 qua:
2703 4698 3095 4766 pt-Ophetarutn
3147 4687 3386 4744 oraculis
3445 4698 3575 4753 pro-

1987 4801 2151 4855 missa
2177 4806 2382 4860 essent,
2426 4795 2704 4863 multoque
2758 4789 2991 4858 quatsita
3027 4782 3330 4847 desiderio,
3368 4777 3579 4849 primus

1984 4894 2065 4947 eis
2101 4900 2328 4947 eventus
2374 4887 2723 4943 exhiberetur
2777 4926 2789 4938 .
2837 4898 2935 4951 per
2973 4894 3093 4933 eam
3123 4918 3139 4944 ,
3181 4871 3581 4932 contribulihus

1985 4984 2254 5040 universis
2287 4980 2515 5051 praalati,
2551 4975 3034 5046 incomparabilem
3071 4967 3355 5039 dignitatis
3390 4961 3576 5019 excel-

1987 5080 2206 5134 lentiam
2231 5077 2612 5132 obtinuerunt.
2637 5071 2774 5127 Cum
2795 5070 2939 5124 enim
2969 5063 3148 5134 regale
3175 5073 3348 5128 genus
3373 5057 3580 5123 imper-

1989 5171 2216 5225 mixtum
2244 5175 2581 5231 servassent,
2611 5164 2754 5218 idem
2801 5162 2974 5231 ipsum
3018 5153 3216 5226 regalis
3247 5147 3414 5204 animi
3463 5147 3580 5198 vir-

1988 5260 2508 5322 tutibussincerum,
2522 5255 2765 5324 nihilque
2783 5253 3150 5305 adulteratuut
3174 5239 3578 5298 custodierunt.

1989 5351 2136 5406 Nihil
2166 5349 2236 5405 ab
2251 5345 2538 5405 excellenti
2561 5346 2830 5415 dignitate
2849 5341 2917 5395 ad
2940 5335 3198 5394 servilem
3227 5335 3574 5400 voluptatum

1990 5443 2382 5515 abjeetionem,
2401 5441 2686 5497 sinistrum
2715 5453 2773 5492 se
2816 5436 2900 5505 agi
2927 5431 3076 5504 passi
3103 5437 3231 5485 sunt
3256 5443 3273 5494 ;
3297 5424 3430 5496 quin
3460 5421 3580 5489 ejus

1991 5537 2454 5609 magnificentiam
2497 5532 2880 5589 indiminntam
2935 5532 3262 5586 servantes,
3313 5517 3432 5588 ejus
3483 5529 3584 5582 pa-

1993 5631 2127 5691 riter
2161 5644 2403 5702 congruo
2439 5624 2709 5686 celebrari
2736 5620 3035 5696 precantia,
3079 5612 3433 5683 universique
3464 5605 3578 5664 Re-
