4024 6422
348 449 477 520 1341

268 710 273 715 .
348 658 598 729 ριουσίας
625 659 981 724 ἀνατιθέντες
1000 661 1144 731 Θεῷ,
1173 662 1592 733 ὑπερετέθησαν
1632 665 1736 718 τῶν
1780 683 1922 737 καρ-

343 749 772 819 ποςορηςάντων
839 751 1099 804 ἁπάντων
1187 756 1254 823 τῇ
1342 754 1725 825 μεγαλοψυχίᾳ
1810 756 1921 808 τῶν

341 842 794 912 προσαγομένων.
832 843 1176 912 Προσέςρερε
1203 844 1332 916 γὰρ,
1388 849 1577 917 φησὶν,
1650 847 1922 917 Ἰωιικείμ

339 931 530 990 διπλᾶ
550 932 621 987 τὰ
639 931 801 1002 δῶρα
829 935 1041 1000 αὑτοῦ,
1078 935 1274 1002 λέγων
1293 954 1304 967 -
1342 938 1535 989 Ἔστω
1573 936 1636 991 τὸ
1664 924 1778 1006 τῆξ
1813 952 1920 991 πε-

331 1026 616 1093 ριουσίας
633 1044 751 1095 μου
773 1026 958 1079 παντί
974 1026 1055 1093 τῷ
1079 1028 1228 1093 λαῷ,
1250 1030 1349 1082 καί
1389 1030 1453 1083 τὸ
1491 1029 1605 1099 τῆς
1643 1031 1919 1100 ἀφέσεως

330 1136 455 1190 μου
472 1120 668 1188 Κυρίῳ
683 1119 763 1185 τῷ
811 1117 951 1185 Θεῷ.
994 1121 1059 1172 Ὦ
1090 1120 1200 1173 τῶν
1251 1122 1667 1190 εύπροσδέκτων
1712 1123 1921 1178 τούτων

338 1212 571 1286 δὼρωνί
608 1212 654 1265 ὣ
686 1214 1071 1284 καρποφορίας
1109 1215 1168 1266 ἐν
1219 1214 1515 1286 ἀσυλήτοις
1554 1216 1920 1286 ἁποτεθείσης

340 1300 673 1372 θησαυροῖςί
703 1300 749 1355 ὢ
787 1300 1019 1355 πλούτου
1079 1302 1178 1372 τὴν
1229 1305 1503 1359 ἀκένωτεν
1543 1306 1653 1360 τῶν
1696 1304 1918 1375 ἀγαθῶν

339 1393 771 1465 θησαυρίσαντος
813 1394 1076 1463 ἀφθονίαν
1106 1397 1119 1450 ι
1156 1395 1202 1448 ὢ
1241 1397 1620 1469 προαιρέσεως
1649 1402 1713 1469 τῇ
1750 1398 1919 1469 ’δαψι-

337 1484 458 1554 λείᾳ
512 1484 620 1537 τῶν
657 1484 1141 1557 καλλιερουμένων
1198 1487 1628 1560 θαυμαζομένης
1658 1491 1671 1544 l
1700 1492 1933 1564 Ὥσπερ,

339 1576 629 1647 φησὶ,Θεῷ
662 1578 747 1631 τὰ.
774 1581 920 1633 κατὰ
979 1583 1220 1650 θεσμοὺς
1264 1580 1612 1653 διοριζόμενα
1644 1584 1917 1655 προσάγε-

341 1668 466 1721 σθαι
495 1667 728 1737 δίκαιον,
758 1669 903 1724 οὕτω
936 1671 1116 1727 καὶτὸ
1146 1673 1246 1741 τῆς
1277 1674 1601 1745 περιουσίας
1629 1675 1781 1729 ἅπαν
1835 1676 1915 1745 τῷ

338 1755 454 1826 λαῷ
483 1757 580 1811 καὶ⁹
612 1762 725 1820 τοῖς
756 1760 955 1814 ὲνδεέσι
1015 1762 1372 1833 προτίθεσθαι
1425 1764 1600 1831 ἄξιον.
1637 1765 1758 1836 Θεῷ
1806 1767 1915 1839 γὰρ

341 1850 435 1902 καὶ
468 1849 642 1904 ταῦτα
669 1849 758 1904 διὰ
790 1851 897 1905 τῶν
922 1853 1229 1924 δεχομένων
1263 1857 1656 1928 προσάγονται’
1682 1860 1777 1912 καὶ
1805 1859 1912 1923 τίς,

1340 459 1422 519 ΙΝ
1462 460 2043 524 CONCEP’I‘IONEM
2081 467 2185 541 SS.
2229 469 2600 538 DEIPARKE.

342 565 551 621 τούτων
589 565 1038 637 ὑπερϐαίνοντες.
1072 568 1276 637 μᾶλλον
1323 570 1380 623 δὲ
1429 571 1492 624 τὸ
1543 574 1654 625 πᾶν
1690 576 1787 643 τῆς
1830 590 1914 624 πε·

2026 573 2280 630 delinitur
2321 619 2334 643 ,
2386 580 2481 635 sed
2537 590 2592 635 et
2652 583 2845 636 horum
2904 582 3166 655 pleraque
3257 596 3602 653 superarem.
3698 620 3707 628 .

3473 473 3613 538 12ίέ

2028 666 2282 733 Quinimo
2331 671 2597 742 quidquid
2636 672 2949 729 divitiarum
2988 678 3205 732 abunde
3242 687 3383 743 erat,
3415 692 3605 733 conse-

2027 772 2247 815 crantcs
2288 762 2423 827 Deo,
2458 765 2730 821 universis
2754 765 3109 824 oﬂ‘erentibus
3137 782 3387 832 munera,
3427 770 3598 824 dono.

2027 868 2145 906 rum
2176 855 2582 923 inagniticentia
2611 861 2928 928 superiores
2960 870 3281 915 evaserunt.
3330 861 3598 932 Oﬂ'erebat

2024 945 2188 1008 enim,
2225 947 2418 1014 inquit,
2440 947 2686 1004 Joachim
2729 969 2950 1005 munera
2970 969 3066 1006 sua
3088 952 3349 1023 duplicia,
3384 955 3560 1008 dicens
3580 972 3598 1007 :

2023 1038 2123 1099 Sit.
2144 1041 2283 1110 quod
2312 1051 2389 1095 est
2420 1043 2759 1098 abundantia:
2806 1048 3046 1099 mewtoti
3072 1046 3308 1114 populo;
3351 1057 3400 1100 et
3454 1047 3595 1116 quod

2022 1134 2362 1199 remissionis,
2392 1133 2614 1189 Domino
2638 1135 2770 1193 Deo.
2802 1135 2846 1191 0
2868 1149 3090 1207 accepta
3120 1139 3232 1192 haec
3262 1153 3484 1192 munera
3511 1139 3526 1191 Ξ
3556 1137 3600 1192 0

2022 1227 2381 1295 primitiarum
2421 1228 2622 1282 oblatio
2657 1229 2708 1281 in
2761 1228 3167 1283 inviolabilibus
3215 1229 3483 1283 thesauris
3513 1243 3600 1281 re-

2022 1312 2231 1388 posita!
2258 1316 2302 1373 0
2327 1318 2549 1389 divitiae,
2596 1320 2973 1374 inexhaustam
3021 1321 3285 1374 bonorum
3321 1320 3594 1374 thesauri-

2020 1419 2205 1465 zantes
2237 1411 2652 1465 abundantiam!
2686 1411 2730 1466 0
2763 1412 3035 1474 voluntas,
3081 1413 3391 1467 oblatorum
3430 1412 3598 1483 largi-

2022 1514 2127 1558 tate
2181 1489 2801 1561 admirationi-habita!
2851 1504 3344 1571 Quemadmodum,
3398 1506 3596 1573 inquit,

2023 1598 2232 1666 justum
2276 1607 2385 1662 est,
2414 1607 2470 1651 ut
2494 1607 2698 1652 statuta
2739 1597 2980 1668 legitima
3011 1595 3122 1651 Deo
3155 1596 3458 1655 oll'erantur
3480 1635 3496 1662 ,
3521 1597 3595 1650 ita

2020 1705 2152 1745 sane
2185 1706 2398 1759 aequum
2436 1691 2528 1756 sit,
2585 1700 2643 1743 ut
2693 1690 2951 1760 quidquid
3006 1690 3316 1745 divitiarum
3388 1688 3598 1743 abunde

2017 1791 2121 1843 est,
2162 1781 2360 1849 populo
2420 1793 2483 1833 ac
2526 1779 2711 1849 egenis
2750 1779 3037 1834 fruendum
3090 1779 3418 1847 praebeatur.
3459 1779 3591 1832 Nam

2020 1875 2136 1927 haec
2168 1888 2406 1942 quoque,
2432 1888 2527 1942 per
2559 1888 2652 1926 eos
2673 1872 2762 1941 qui
2792 1873 3089 1942 accipiunt,
3131 1872 3238 1926 Deo
3269 1870 3591 1925 oﬂ'eruutur.

337 1934 605 2009 ὧδίκαιε,
649 1943 837 2014 νόμος,
879 1947 908 1998 ὀ
941 1919 1064 2015 τῆν’
1090 1948 1148 2001 ὲν
1196 1919 1370 2020 διπλῷ
1422 1919 1531 2003 τιῗιν
1586 1949 1777 2022 δώρων
1821 1919 1914 2005 καί

2023 1919 2136 1927 um
2170 1919 2406 1942 γ-ντ-ν,
2432 1919 2515 1942 ru
2563 1919 2651 1926 νη-
2676 1919 2762 1941 τ.»--
2793 1919 3089 1942 --ν-τ---ηι
3132 1919 3232 1926 -η
3273 1919 3591 1925 ν-ν--η--η

2019 1966 2275 2032 Quaenam
2311 1964 2453 2019 enim
2482 1979 2611 2019 vero
2640 1964 2747 2030 lex,
2782 1974 2815 2018 0
2864 1964 2947 2018 vir
2993 1963 3162 2033 juste,
3217 1964 3288 2017 ita
3327 1962 3503 2032 jubet,
3536 1971 3594 2017 ut

312 2036 739 2107 σάφαιρεμάτων
768 2040 1137 2111 προσαγωγὴν
1171 2042 1718 2113 παρακελευόμενος;
1763 2046 1915 2107 ποῖος

335 2129 393 2181 δὲ
430 2128 632 2199 θεσμὸς
684 2130 748 2184 τὸ
782 2131 1233 2203 τῆςπεριουσίας
1269 2134 1417 2189 άπαν
1460 2136 1815 2207 διανέμεσθαι
1837 2138 1915 2206 τῷ

336 2219 454 2291 λαῷ
498 2220 863 2292 προστάττει;
910 2224 1093 2294 Νόμος
1154 2224 1274 2295 μὲν,
1309 2226 1497 2296 φησὶν,
1555 2226 1754 2293 οὐδεὶς,
1794 2227 1916 2280 οὐδὲ

337 2313 541 2384 θεσμός
595 2332 680 2379 τις
724 2317 754 2368 ὁ
809 2315 983 2370 ταῦτα
1029 2320 1468 2386 καταναγκάξων
1520 2323 1734 2373 ποιεῖν’
1781 2320 1913 2390 παρ’

337 2404 518 2475 ἑαυτῷ
549 2404 607 2459 δὲ
660 2406 723 2460 τὸ
764 2406 929 2461 καλὸν
977 2408 1349 2479 ἐφευρὼν,ὡς
1404 2410 1623 2480 αἱρετὸν
1666 2410 1724 2464 ὃν
1772 2410 1912 2481 Θεῷ,

334 2497 668 2569 ἀποπληρῶ·
716 2499 916 2565 Αὑτοῦ,
971 2502 1161 2570 φησὶν,
1194 2501 1224 2554 ὁ
1255 2502 1633 2575 δεδωρημένος
1662 2504 1911 2571 πλοῦτος,

334 2588 490 2661 αὐτῷ
516 2592 614 2645 καὶ
642 2592 1009 2647 ἁντιδίδοσθαι
1043 2594 1279 2650 δίκαιον.
1323 2596 1438 2666 Τῆς
1480 2596 1644 2650 αὐτοῦ
1693 2613 1914 2668 προμη-

334 2681 491 2745 θείας
537 2683 848 2754 εὐεργεσίαι
896 2684 1286 2754 τυγχάνουσαι,
1344 2686 1914 2757 ἀντευεργετείτωσαν

333 2773 463 2837 τοὺς
483 2774 811 2845 ὁμοφύλους.
845 2776 1140 2846 Περιουσία
1169 2778 1236 2831 τὰ
1264 2777 1549 2846 δεδομένα,
1574 2781 1653 2843 είς
1691 2780 1914 2851 περιούα

300 2882 453 2919 κσιον
471 2866 764 2936 διαχείσΘω
811 2867 961 2921 λαόν.
989 2867 1163 2939 Χάρις
1193 2866 1322 2921 ὄντα
1373 2868 1698 2936 ταῦτα,αούκ
1735 2869 1912 2941 ἔργων

332 2957 582 3029 ἀμοιϐαὶ,
629 2961 742 3023 τοῖς
790 2960 1081 3032 πράγμασι
1133 2961 1199 3013 τὸ
1240 2960 1415 3031 ὄνομα
1451 2961 1785 3031 βεδαιούτωο
1812 2961 1912 3033 τὴν

330 3050 429 3105 τοῦ
476 3052 850 3124 χαρισαμένου
904 3042 1225 3123 κηρυττέτω
1269 3052 1702 3122 φιλανθρωπίαν.
1741 3054 1913 3124 Μερι-

310 3142 617 3209 ,ζέσθωσαν
644 3144 727 3207 είς
760 3143 1013 3207 πλείονας
1052 3146 1122 3199 -αί
1179 3144 1273 3197 τοῦ
1324 3144 1559 3198 πλούτου
1605 3146 1908 3215 φροντίδες,

2025 2058 2165 2113 dona
2225 2069 2389 2128 atque
2443 2058 2716 2128 primitias
2762 2058 3003 2127 duplicia
3056 2057 3300 2113 offeras?
3344 2057 3591 2126 Quonam

2014 2153 2135 2222 jure
2162 2135 2488 2221 praeceptum
2504 2151 2690 2216 babes,
2712 2161 2769 2203 ut
2790 2150 3016 2222 quiquid
3035 2151 3347 2205 divitiarum
3382 2151 3595 2204 abunde

2017 2252 2120 2308 est,
2152 2244 2203 2297 in
2250 2242 2505 2314 populum
2564 2243 2902 2297 distribuas?
2949 2242 3238 2312 Equidem,
3285 2243 3398 2309 ait,
3448 2242 3591 2296 nulla

2019 2334 2101 2389 lex
2140 2346 2241 2401 est,
2276 2349 2374 2390 nec
2405 2332 2493 2402 jus
2521 2334 2709 2399 ullum,
2759 2345 2818 2389 ut
2867 2334 2933 2388 ad
2970 2334 3085 2388 [nec
3119 2348 3281 2404 cogar
3312 2351 3326 2388 :
3366 2343 3422 2386 at
3459 2349 3585 2387 cum

2019 2427 2134 2495 ipse
2194 2443 2223 2480 a
2290 2427 2615 2496 memetipso
2676 2425 2877 2479 bonum
2939 2425 3265 2488 invenerim,
3335 2431 3590 2493 tanquam

2020 2519 2130 2573 Deo
2154 2528 2389 2589 gratum,
2424 2516 2553 2572 illud
2587 2517 2805 2587 impleo.
2846 2514 2995 2583 Ejus,
3029 2516 3230 2584 inquit,
3264 2523 3414 2579 sunt,
3451 2530 3586 2584 quas

2017 2615 2159 2667 dono
2189 2610 2371 2679 accepi
2407 2610 2657 2674 divitias;
2682 2622 2859 2678 operte
2879 2607 3113 2676 pretium
3142 2614 3221 2660 est
3249 2614 3306 2657 ut
3343 2605 3389 2659 ei
3426 2604 3590 2657 vicis-

1978 2707 2118 2759 ‘sim
2179 2704 2496 2759 reddantur.
2548 2700 2908 2755 Providentia:
2945 2699 3064 2770 ejus
3105 2696 3370 2753 beneficia
3422 2705 3591 2761 sunt;

2016 2796 2373 2851 beneﬁcentia
2413 2793 2465 2848 in
2491 2791 2828 2849 contribules
2871 2790 3244 2845 conferantur.
3287 2786 3419 2855 Quae
3461 2789 3586 2841 data

2016 2873 2160 2955 sunt,
2205 2886 2399 2959 peculii
2424 2883 2935 2949 suutabundantia;
2970 2884 3024 2936 in
3055 2880 3387 2951 peculiarem
3426 2895 3593 2950 popu-

1980 2970 1987 2977 ’
2016 2981 2124 3035 lum
2150 2977 2541 3034 diffundantur.
2569 2974 2703 3030 Cum
2732 2974 2848 3028 lucc
2874 2972 3047 3041 gratia
3073 2970 3203 3034 sint,
3243 2986 3351 3023 non
3384 2982 3594 3023 merces

1992 3068 2260 3140 cperunt,
2318 3068 2455 3139 ipsis
2497 3067 2660 3121 rebus
2697 3079 2893 3120 nomen
2946 3061 3294 3125 confirment,
3329 3076 3394 3115 ac
3422 3061 3591 3129 largi-

2016 3164 2150 3218 toris
2175 3146 2563 3230 benignitatem
2600 3155 2919 3228 praedicent.
2952 3153 3277 3209 Dividantur
3310 3154 3362 3206 iu
3401 3153 3584 3221 plures

332 3235 543 3304 μᾶλλον
580 3235 638 3290 δὲ
672 3237 734 3290 τὸ
767 3238 877 3291 πᾶν
931 3237 1098 3291 αὑτοῦ
1139 3237 1198 3304 ἐξ
1239 3237 1399 3308 ἡμῶν
1456 3236 1912 3307 ἀποφορτιζέσθω

2016 3271 2157 3311 cura:
2184 3254 2518 3317 divitiarum,
2543 3250 2671 3321 quin
2702 3248 2882 3318 potius
2912 3262 3072 3301 omne
3094 3262 3281 3301 earum
3309 3246 3521 3312 pandos
3554 3260 3584 3296 a

332 3327 521 3396 βάρος.
555 3327 914 3391 Σκεδαζέσθω
930 3328 1041 3382 τῶν
1070 3329 1442 3399 αἰσθητξρίων
1483 3329 1512 3380 ὁ
1541 3328 1650 3381 τῶν
1689 3346 1796 3399 χρη
1808 3330 1911 3399 μά-

329 3437 443 3473 των
472 3419 653 3490 ὄχλος,
687 3419 783 3475 τοῦ
832 3420 944 3475 τῶν
992 3420 1602 3490 θείων-ἀνεμποδίστως
1641 3421 1906 3492 ἀντιλαμ-

331 3511 594 3568 ϐάνεσθαι
624 3512 1003 3584 χαρισμάτιιιν.
1063 3511 1485 3566 Ἀπελαυνέσθω
1523 3511 1618 3565 τοῦ
1648 3513 1910 3583 λογισμοῦ

329 3605 394 3659 τὸ
417 3604 742 3658 ἐπισκοτοῦν
777 3605 886 3658 τῶν
920 3604 1202 3675 μεριμνῶν
1226 3605 1409 3674 νέφος,
1442 3604 1537 3658 τοῦ
1574 3606 1721 3676 μόνῳ
1740 3606 1911 3660 καθα-

334 3698 446 3771 ρῶς
472 3698 552 3768 τῷ
569 3698 762 3767 φέγγει
803 3698 904 3768 τῆς
944 3698 1216 3761 ἀπαθείας
1246 3699 1599 3763 ὲνατενίζειν.
1628 3698 1720 3769 Μὴ
1770 3700 1911 3753 καθ-

329 3791 575 3847 ελκέσθω
599 3790 661 3842 τὸ
684 3790 883 3867 πτερὸν
903 3791 1003 3861 τῆς
1039 3789 1282 3854 διανοίας
1318 3790 1429 3843 τῶν
1480 3793 1911 3862 μετεωροπόρων

331 3884 696 3954 ἰχνευμάτων,
729 3884 808 3955 τῷ
837 3883 994 3954 βάρει
1032 3882 1141 3936 τῶν
1173 3884 1458 3955 ἐπικήρων
1487 3882 1873 3955 διανοημάτων
1894 3901 1908 3914 ·

327 3976 615 4030 ἀκώλυτον
639 3975 739 4049 τὴν
767 3975 906 4046 πρὸς
930 3976 1003 4028 τὰ
1028 3976 1169 4029 άῦλα
1199 3976 1466 4029 διανυέτω
1490 3977 1650 4031 τοῦτο
1670 3977 1874 4047 πτῆσιν
1894 3997 1907 4010 ·

326 4069 685 4142 άπερίκτυπα
720 4068 790 4121 τὰ
844 4071 944 4139 τῆς
988 4067 1170 4138 ψυχῆς
1208 4062 1331 4122 ὦτα
1369 4070 1470 4123 ’τοῦ
1502 4069 1613 4123 τῶν
1662 4073 1910 4141 ματαίων

325 4164 653 4233 διαμένοντα
683 4160 964 4232 θορύϐων,
1022 4162 1123 4233 τὴν
1172 4162 1283 4215 τῶν
1331 4161 1511 4225 ἁΰλως
1540 4162 1911 4234 ἑορταζόντων

327 4253 630 4325 ὶνηχείσθω
682 4254 904 4324 φωνήνο
956 4253 1056 4323 τῆς
1086 4253 1347 4321 γλυκείας
1400 4254 1509 4306 τῶν
1553 4256 1611 4307 ὲν
1658 4255 1911 4325 οὐρανοῖς

327 4346 716 4416 ἀγαλλομένων
745 4344 1230 4416 ἀντιλαμϐανέσθω
1268 4344 1556 4414 μελῳδίας.
1591 4347 1703 4401 Καὶ
1758 4346 1902 4401 οὕτω

332 4441 433 4511 μὲν
457 4440 492 4510 ὴ
519 4437 631 4491 τῶν
652 4437 881 4492 δικαίων
909 4432 1280 4508 καρποφορὶα,
1323 4439 1419 4492 καὶ
1460 4438 1611 4509 παρὰ
1648 4440 1908 4511 τοιαύτης

331 4528 713 4605 μεγαλοφυοῦς
743 4531 1134 4601 προσαγομένη
1199 4529 1447 4602 γνώμης,
1491 4533 1590 4602 τῆς
1637 4534 1909 4605 καταλλή-

327 4627 424 4680 λου
448 4624 546 4681 τοῦ
573 4624 683 4678 τῶν
708 4623 846 4676 ὅλων
866 4622 1002 4676 Θεοῦ
1031 4622 1386 4689 καταξιοῦται
1411 4623 1704 4694 ἀποδοχῆς,

401 4721 463 4774 Ol
493 4718 550 4772 δὲ
600 4715 696 4771 τοῦ
735 4716 923 4784 γένους
974 4717 1519 4785 συμμετεσχηκότες,
1558 4719 1651 4770 καὶ
1701 4722 1759 4770 ὲν
1790 4721 1911 4782 ταῖς
1964 4744 1987 4761 κ

325 4812 591 4880 εὐσήμοις
637 4808 716 4878 τῷ
760 4808 953 4878 δικαίῳ
1008 4809 1595 4879 συγκαρποφοροῦντες
1651 4812 1909 4880 ἑορταῖς,

323 4905 392 4957 οὐ
425 4903 486 4956 τὸ
510 4903 609 4973 τῆς
632 4901 880 4969 φιλοθέου
909 4900 1317 4971 μεγαλοψυχίας
1339 4903 1506 4955 αὑτοῦ
1535 4903 1911 4974 θαυμάζοντες

324 4997 614 5066 διάπυρον,
650 4994 730 5064 τῷ
770 4994 1165 5065 ὑπερϐάλλοντι
1213 4995 1271 5048 δὲ
1319 4995 1523 5067 ταύτης
1558 4996 1912 5065 διαφθονοῦν-

325 5104 451 5150 τες,
487 5086 652 5157 έθιμά
684 5103 805 5140 τινα
846 5085 1191 5155 προτείνουσι
1224 5086 1397 5156 αὐτῷ,
1428 5087 1499 5139 τὰ
1536 5091 1910 5159 καρποφορεῖν

327 5180 749 5250 ἀπαγορεύοντα
792 5179 949 5251 Θεῷ,
999 5180 1214 5250 ἀτέκνῳ
1251 5197 1314 5232 τε
1369 5181 1484 5234 ὄντι
1529 5183 1622 5235 καὶ
1653 5182 1913 5251 ἀκάρπῳ,

325 5273 430 5341 τῆς
473 5271 569 5325 τοῦ
600 5272 792 5341 γένους
827 5273 1176 5345 στερουμένῳ
1216 5272 1505 5343 διαδοχῆς.
1542 5277 1664 5328 Οὐκ
1707 5274 1915 5339 ἔξεστι

328 5363 443 5433 γάρ
472 5382 589 5427 σοι,
622 5367 785 5436 φησι,
814 5365 1243 5435 προσενεγκεῖν
1268 5367 1340 5419 τὰ
1366 5365 1544 5434 δῶρα.
1573 5368 1775 5422 καθότι
1804 5368 1917 5420 οὐκ

328 5456 630 5524 ἐποίησας
657 5456 898 5526 σπέρμα
928 5457 999 5511 ἐν
1027 5456 1179 5523 υἱοῖς
1212 5455 1467 5524 Ἰσραήλ.
1500 5457 1657 5521 Τινὲς
1695 5457 1793 5524 μὲν
1816 5474 1919 5524 φα-

331 5562 454 5600 σινο
506 5548 629 5601 οὐκ
669 5546 878 5611 ἔξεστί
909 5561 1011 5602 σοι
1054 5546 1291 5616 πρῶτον
1340 5547 1809 5618 expavere-71871“:
1841 5548 1916 5611 ὠς

312 5705 569 5769 partem,
610 5695 754 5749 velut
794 5713 860 5752 ex
914 5698 1207 5755 abundanti
1253 5699 1438 5769 egenis
1472 5700 1746 5767 prmbeat:
1780 5699 1911 5767 offe-

332 5768 568 5840 rentibus
618 5779 793 5840 autem
849 5769 1114 5840 εὐνομίασ
1156 5781 1215 5823 ιιι
1254 5768 1401 5825 recta
1446 5771 1582 5840 lege.
1636 5786 1701 5824 ac
1757 5771 1906 5838 juxta

331 5837 477 5906 quod
513 5837 598 5892 lex
654 5836 1002 5907 dividendum
1060 5841 1271 5905 statuit,
1326 5836 1791 5907 pauca'qumdam
1843 5840 1911 5895 de

333 5907 651 5966 melioribus
679 5906 910 5965 offerant
943 5928 954 5964 :
990 5920 1043 5965 ut
1069 5912 1134 5966 sit
1165 5906 1356 5967 allusio
1385 5914 1450 5966 ad
1484 5911 1614 5965 illud
1647 5910 1783 5966 Gen.
1819 5927 1902 5977 ιιι,

2015 3349 2171 3404 nobis
2193 3346 2540 3417 abjieiamus.
2576 3342 2884 3415 Dissipetur
2916 3340 3071 3409 longe
3103 3355 3131 3391 a
3160 3337 3411 3391 sensibus
3438 3335 3589 3388 turba

2014 3440 2350 3503 divitiarum,
2395 3447 2455 3491 ut
2485 3436 2632 3490 nullo
2676 3433 3077 3502 impedimento
3113 3430 3201 3483 Dei
3235 3430 3376 3483 dona
3410 3425 3585 3494 perci-

1994 3530 2181 3605 ’piant.
2218 3530 2413 3587 Procul
2446 3530 2719 3600 abigatur,
2750 3540 2870 3595 quae
2916 3521 3117 3578 rationi
3164 3517 3403 3575 oﬂ‘undit
3437 3529 3593 3572 tene-

1992 3629 2160 3692 bras,
2198 3623 2621 3682 sollicitudinum
2649 3621 2840 3684 nubes,
2890 3626 2947 3671 ut
2989 3617 3043 3670 in
3074 3613 3247 3669 solum
3303 3626 3439 3682 pure
3486 3609 3593 3663 lul-

2015 3737 2199 3783 gorem
2233 3719 2447 3774 animus
2477 3715 2735 3771 humanis
2767 3715 2836 3767 ab
2893 3706 3276 3765 affectionibus
3310 3704 3581 3759 intendat.

2011 3811 2094 3868 Ne
2147 3811 2346 3865 mentis
2377 3809 2459 3864 ala
2519 3804 2871 3877 cogitationis
2924 3811 3270 3856 terrenorum
3319 3794 3588 3865 gravitate

2014 3903 2353 3968 detrahatur,
2400 3910 2457 3955 ut
2487 3916 2554 3952 ne
2589 3897 2839 3953 sublimia
2867 3903 3049 3962 petat;
3100 3891 3330 3977 liberum
3383 3887 3449 3939 ad
3500 3901 3588 3938 res

2014 3993 2285 4063 spiritales
2310 3989 2549 4044 volatum
2589 3987 2807 4041 habeat.
2853 3981 3059 4036 Solutze
3099 3978 3271 4033 animi
3315 3993 3475 4031 aures
3521 3978 3589 4029 ab

2013 4088 2362 4154 obstrepente
2408 4082 2647 4135 inanium
2700 4075 2930 4131 tumultu
2982 4089 3189 4135 rerum,
3236 4085 3425 4125 eorum
3472 4085 3597 4138 quae

2013 4177 2334 4253 spiritaliter
2380 4175 2727 4230 celebrantur
2778 4168 3079 4236 suscipiant
3149 4179 3381 4230 sonum;
3437 4162 3598 4216 dulce

2013 4270 2283 4324 modulata
2313 4282 2501 4323 eorum
2564 4264 2653 4333 qui
2702 4263 2754 4316 in
2812 4261 2967 4316 caelis
3029 4257 3324 4320 exsultant,
3381 4256 3593 4308 cantica

2012 4363 2335 4432 percipiant.
2367 4360 2444 4413 Ac
2482 4358 2554 4410 ita
2594 4355 2810 4424 quidem
2851 4352 3125 4421 justorum
3158 4348 3383 4412 oblatio,
3415 4363 3596 4416 exque

2012 4452 2299 4524 uiagnilica
2345 4449 2606 4518 ejusmodi
2638 4445 2880 4516 profecta
2945 4455 3145 4508 mente,
3200 4455 3496 4511 congruam
3528 4439 3597 4493 ab

2012 4545 2252 4601 omnium
2277 4541 2386 4597 Deo
2414 4540 2813 4609 susceptionem
2850 4544 3113 4590 meretur.

2085 4721 2355 4777 Caeterum
2387 4719 2481 4789 qui
2531 4715 2749 4788 generis
2798 4713 3061 4769 alliuitate
3116 4712 3433 4783 conjuncti,
3474 4711 3600 4767 illu~

2016 4813 2307 4870 strioribus
2335 4809 2771 4867 solemnitatibus
2805 4824 2910 4863 una
2939 4824 3065 4863 cum
3089 4806 3238 4876 justo
3270 4803 3597 4869 oll‘crebant,

2017 4906 2213 4960 nedum
2248 4904 2512 4974 religiosae
2544 4903 2663 4973 ejus
2692 4900 3116 4972 magnificentia:
3164 4899 3390 4952 minime
3422 4896 3598 4950 admi-

2018 4996 2119 5051 rati
2162 4996 2469 5059 fervorem,
2518 4994 2615 5049 sed
2658 4999 2711 5047 et
2766 4994 2885 5062 ejus
2915 4990 3229 5061 prmstantia
3267 4988 3320 5041 in
3371 4987 3597 5040 livorem

2018 5090 2148 5154 acti,
2184 5088 2423 5159 legitima
2456 5087 2704 5160 quadam
2753 5083 3050 5152 objiciunt,
3085 5079 3282 5150 quibus
3332 5078 3377 5132 is
3407 5076 3598 5147 prohi—

2015 5183 2239 5237 beretur
2290 5182 2400 5235 Deo
2435 5179 2670 5242 oﬂ’errc,
2718 5178 2798 5230 uti
2863 5175 3072 5231 sterilis
3107 5187 3171 5226 ac
3226 5172 3349 5226 ﬁliis
3393 5170 3597 5235 orbus,

2014 5277 2217 5345 quique
2247 5274 2465 5345 generis
2485 5272 2834 5328 successione
2862 5277 3099 5323 careret.
3154 5263 3278 5319 Non
3312 5267 3472 5326 enim,
3518 5262 3601 5317 in-

2013 5369 2153 5438 quit,
2204 5367 2301 5421 tibi
2333 5367 2451 5420 licet
2499 5364 2689 5433 oﬂ‘erre
2721 5376 2965 5423 munera,
2996 5375 3057 5413 eo
3087 5356 3228 5428 quod
3268 5373 3371 5410 non
3413 5354 3599 5423 feceris

2014 5472 2187 5510 semen
2235 5457 2292 5510 in
2346 5455 2475 5520 ﬁliis
2507 5452 2699 5507 Israel.
2751 5450 2983 5517 Quidam
3026 5459 3207 5504 tamen
3242 5447 3465 5502 codices
3497 5445 3597 5499 ba-

2018 5550 2187 5603 bent:
2226 5546 2348 5600 Non
2397 5547 2517 5599 licet
2553 5544 2645 5599 tibi
2677 5555 2730 5597 ut
2780 5544 2982 5614 primus
3034 5541 3226 5611 offeras
3255 5556 3274 5595 :
3307 5554 3417 5610 quo
3472 5553 3598 5595 eum

2021 5698 2122 5780 ’ᾎν
2156 5698 2230 5769 μὴ
2262 5697 2441 5780 ὀρθιῦς
2472 5696 2678 5780 διέλῃς,
2711 5696 2962 5780 ἥμαρτες
2975 5711 3007 5780 ο.
3027 5692 3088 5749 Si
3121 5709 3222 5780 non
3249 5701 3386 5780 recte
3416 5694 3598 5780 divise:

2019 5772 2115 5830 ris.
2145 5763 2375 5839 peccasti
2408 5785 2426 5822 :
2474 5763 2653 5837 sitque
2685 5763 2786 5821 vox
2818 5763 3069 5838 εὐνομία,
3103 5779 3209 5818 non
3247 5771 3458 5820 tantum
3490 5763 3598 5817 ἀπὸ

2019 5840 2137 5889 τοῦ.
2178 5841 2363 5889 νόμος.
2394 5854 2580 5889 verum
2600 5838 2764 5889 etiam
2825 5834 3065 5889 ἀπὸτοῦ.
3094 5835 3366 5889 νέμομαι⁹
3418 5850 3595 5889 mtuu—

2015 5837 2154 5903 τοῦ,
2178 5841 2363 5911 νόμος,
2394 5854 2580 5894 verum
2600 5838 2764 5892 etiam
2825 5837 3065 5900 ἀπὸτοῦ,
3094 5837 3332 5905 νέμομαι
3352 5850 3366 5864 ο
3418 5852 3452 5907 q

2019 5927 2182 5980 quam
2210 5912 2407 5973 desunt
2432 5908 2680 5980 exetnpla
2712 5907 2871 5978 hujus
2899 5906 3251 5977 acceptionis.
