4024 6412
530 325 669 390 1317

1670 328 1995 391 GEORGII
2038 329 2634 393 NICOMEDIENSIS

3652 331 3764 395 1348

533 440 621 493 bet
642 478 659 501 ,
691 451 854 508 quam
888 436 1131 493 fecundae
1155 437 1221 493 ad
1254 436 1463 507 prolem
1499 436 1674 493 vulva:
1710 450 2108 510 argumentum.

2217 440 2559 520 δωρημάτων
2591 441 3116 513 ἐγκατέλεξαςυὲμὲ
3147 441 3202 494 δὲ
3254 444 3323 512 τῇ
3356 441 3453 511 τῆς
3486 448 3767 515 προσφορᾶς

531 524 823 597 ἐνύϐρισας
883 524 1242 597 μικροψυχίᾳ.
1304 526 1415 580 Καὶ
1473 526 1649 581 ταῦτα
1711 529 1810 599 μὲν
1896 532 2029 601 ἡμῖν
2083 532 2145 585 ού
2186 536 2483 607 παρέργως
2545 536 2799 609 εἴρηται,
2858 537 2947 591 διὰ
3004 537 3061 591 δὲ
3108 538 3171 590 τὸ
3257 536 3429 601 δεῖξαι
3490 538 3767 607 βούλεσθαι,

532 617 905 691 προαιρέσεως
954 616 1204 686 φιλοθέου
1250 618 1469 688 μᾶλλον,
1522 619 1734 690 ἀρετῶν
1779 621 2118 696 εὐθηνούσης
2169 629 2595 698 καρποφορίαις,
2663 629 2898 698 τὴντῶν
2934 630 3363 701 ἀναφερομένων
3405 630 3629 700 ἐκλογὴν
3651 627 3771 686 εἶναι

530 714 626 766 καὶ
650 712 942 783 ἀποδοχὴν,
973 712 1006 783 ἢ
1034 713 1383 782 τεκνογονίας
1412 706 1689 786 ἀφορμήν.

601 805 711 859 Nec
757 806 808 859 id
872 806 1002 859 vitio
1036 808 1390 871 vertendum,
1443 817 1500 861 ut
1544 810 1803 864 brevitati
1838 813 2120 869 studentes

531 900 747 953 silentio
784 907 1191 967 praetereanms,
1224 915 1330 967 qua
1373 901 1655 956 Abraham
1693 904 2003 971 patriarcha
2039 921 2120 959 ra-

536 994 721 1055 tione,
769 992 998 1046 necdum
1042 992 1308 1059 susceptis
1359 992 1579 1057 liberis,
1632 1008 1864 1062 quorum
1927 980 2129 1052 fetura-

531 1094 657 1131 vera
688 1077 781 1131 Dei
815 1079 1078 1146 promissa
1107 1079 1371 1148 implenda
1403 1083 1623 1146 erant',
1648 1093 1702 1138 et
1722 1096 2118 1155 ιιι-ποιείτωο-

534 1171 604 1224 rit
633 1171 825 1233 altare,
860 1185 923 1226 ac
952 1184 1139 1240 postea
1172 1170 1428 1240 jubeatur
1458 1173 1943 1231 celebratissimum
1964 1179 2111 1235 ‘illud

536 1262 863 1317 sacrificium
895 1261 1076 1316 facere
1101 1280 1114 1316 :
1138 1262 1301 1318 Sume
1327 1265 1497 1331 enim,
1530 1269 1721 1335 inquit,
1754 1268 1880 1322 mihi
1902 1286 2111 1325 vaccam

532 1356 812 1421 Iriennem,
844 1365 891 1409 et
928 1357 1145 1409 arietem
1176 1374 1438 1412 annorum
1475 1362 1692 1426 trium“,
1730 1361 2116 1435 aliaque‘ejus-

536 1448 679 1502 modi
705 1448 932 1516 jubetur
955 1448 1214 1518 colligere
1241 1451 1307 1504 ad
1339 1450 1637 1507 holocausti
1665 1436 2007 1524 apparatum.
2031 1460 2113 1513 Ad

538 1540 654 1593 lucc
696 1539 883 1606 etiam,
919 1555 1053 1609 quas
1083 1540 1215 1608 justi
1258 1542 1398 1609 alii,
1432 1560 1538 1599 non
1575 1548 1845 1617 susceptis
1873 1550 2115 1617 prolibus

534 1632 843 1686 oblationes
878 1632 1123 1687 fecerant
1158 1651 1171 1686 :
1219 1634 1553 1689 sacrificium
1584 1638 1717 1692 illud
1745 1641 1886 1709 quod
1916 1640 2116 1697 Manue

2290 817 2401 868 Καὶ
2430 816 2752 869 καταλιπεῖν
2797 818 2857 870 ού
2906 817 3185 888 μεμπτέον
3237 814 3416 871 διὰτὸ
3458 820 3773 890 συμμετρίας

2220 906 2579 975 στοχάζεσθαι
2641 907 2732 960 τὸν
2788 907 2986 976 λόγον,
3039 909 3188 971 ὅπως
3256 924 3316 960 τε
3377 911 3407 961 ό
3459 909 3774 980 πατριάρχηξ

2229 996 2482 1068 Ἀϐραὰμ
2526 998 2634 1070 πρὸ
2680 1001 3061 1068 τεκνογονίας,
3115 1001 3183 1053 δι’
3209 996 3276 1073 ἧς
3307 999 3415 1053 ἔδει
3450 1001 3521 1053 τὰ
3556 999 3776 1070 etiam;

2216 1088 2666 1161 ἐπαγγελλόμενα
2713 1092 3092 1163 πληροῦσθαι,
3130 1093 3224 1147 καὶ
3250 1093 3639 1163 θυσιαστήριον
3666 1110 3777 1165 προ-

2218 1184 2567 1253 ῳκοδόμησε,
2615 1185 2711 1238 καὶ
2740 1186 2838 1259 τὴν
2874 1185 3162 1256 διαϐόητον
3202 1187 3422 1255 ἐκείνην
3452 1184 3590 1256 μετὰ
3625 1184 3778 1238 ταῦτα

2220 1277 2621 1344 προστάττεται
2666 1281 2841 1332 ποιεῖν
2890 1278 3108 1334 θυσίαν.
3151 1280 3309 1334 Λάϐε
3350 1295 3449 1349 μοι
3481 1279 3609 1348 γὰρ,
3643 1280 3777 1349 φησὶ,

2220 1366 2480 1437 δάμαλιν
2512 1369 2943 1437 τριετίζουσαν,
2973 1372 3071 1426 καί
3097 1373 3267 1442 κριὸν
3290 1371 3665 1440 τριετίζοντα,
3705 1372 3780 1423 καὶ

2220 1459 2324 1513 ὅσα
2374 1460 2597 1515 τοιαῦτα
2639 1462 2776 1533 πρὸς
2824 1464 3186 1534 παρασκευὴν
3238 1463 3336 1533 τῆς
3382 1460 3780 1524 ὁλοκαυτώσεως

2221 1552 2599 1623 ὲπισυλλέγειν
2624 1555 2931 1611 κελεύεται.
2962 1554 3107 1627 Πρὸς
3135 1554 3349 1618 τούτοις
3378 1554 3476 1608 καὶ
3501 1553 3608 1606 τῶν
3628 1552 3780 1606 ἄλλων

2221 1644 2445 1699 δικαίων
2475 1647 2573 1708 τὰς
2599 1648 2658 1700 ὲν
2677 1647 2908 1718 ἀπαιδίᾳ
2946 1646 3361 1718 καρποφορίας·
3388 1646 3493 1716 τήν
3516 1660 3576 1697 τε
3605 1642 3780 1697 Μανωὲ

537 1742 699 1795 supra
753 1724 1191 1795 petram-jussus
1236 1726 1507 1793 ohtulit';
1558 1744 1665 1797 quo
1725 1733 1975 1801 tandem,
2008 1751 2113 1790 una

2220 1737 2414 1793 θυσίαν
2455 1738 2549 1795 ἐπὶ
2592 1740 2693 1810 τὴν
2736 1739 2948 1809 πέτραν
2981 1737 3446 1806 τελεσιουγεῖσθαι
3475 1752 3782 1807 προσταττο-

538 1818 652 1885 ipse
682 1832 810 1871 cum
855 1818 1030 1871 sterili
1065 1816 1314 1888 conjuge,
1350 1818 1544 1877 futura:
1575 1822 1916 1880 liherationis
1945 1828 2012 1881 ab
2039 1827 2117 1881 in-

534 1907 602 1961 ΐςτι
624 1909 887 1963 unditatis
918 1910 1071 1974 vitio,
1100 1925 1209 1979 quo
1239 1912 1545 1979 tenebatur,
1582 1914 1818 1970 faustum
1862 1919 2114 1974 utmtium

532 2000 748 2067 :tccipil,
785 2009 947 2068 atque
980 2001 1244 2057 ambobus
1275 2003 1408 2057 certi
1445 2015 1671 2060 eventus
1703 2007 2117 2078 pollicitationis

531 2105 931 2161 argumentum,
958 2082 1182 2165 angelus
1205 2096 1504 2161 ascendens
1526 2112 1557 2153 e
1598 2097 1839 2166 ﬂamma,
1870 2111 2035 2172 atque
2061 2103 2114 2156 in

533 2185 731 2236 cmlum
781 2185 1002 2239 evolaus
1023 2225 1036 2249 ,
1087 2187 1331 2243 accedit.‘
1363 2187 1559 2254 Quidni
1593 2204 1743 2256 vero,
1779 2192 1871 2261 qui
1902 2208 2002 2264 pro
2029 2194 2116 2249 his

534 2273 755 2338 rixaris,
791 2290 884 2329 eas
928 2277 1106 2344 rejiris
1135 2278 1458 2345 oblationes,
1488 2296 1624 2349 quas
1660 2292 1915 2352 acceptas
1949 2299 2117 2355 opere

529 2381 592 2419 ac
620 2380 871 2420 sermone
898 2367 1054 2421 Anna
1080 2370 1423 2437 prophetissa
1465 2369 1591 2426 fecit
1615 2372 1678 2426 ⁸7
1707 2373 1993 2439 Quodnam
2027 2391 2119 2431 au-

531 2467 639 2512 tem
685 2474 751 2513 ex
794 2458 922 2513 Elia:
968 2475 1032 2514 ac
1078 2460 1490 2519 Elisaei'lumbis
1536 2479 1882 2533 progressum
1925 2483 2114 2525 semen

530 2557 807 2605 ostentare
866 2551 1076 2620 possis?
1116 2550 1154 2605 li
1203 2561 1381 2608 tamen
1435 2556 1727 2612 rationales
1755 2557 1868 2613 Deo
1911 2560 2132 2630 jugiter_

530 2656 786 2713 acceptas
813 2644 1015 2699 hostias
1037 2643 1357 2713 oll'erebant,
1382 2663 1447 2703 ac
1465 2664 1590 2703 cum
1618 2658 1827 2719 tempus
1849 2651 2112 2721 exigeret,

531 2736 697 2789 etiam
730 2748 1007 2793 cruentas.
1039 2736 1236 2806 Quidni
1270 2739 1439 2795 etiam
1468 2755 1562 2797 eos
1591 2744 1682 2813 qui
1717 2742 1868 2811 prole
1894 2756 2110 2810 carent,

529 2845 559 2881 a
612 2828 863 2896 precibus
911 2843 976 2887 ac
1020 2832 1281 2899 canticis,
1328 2832 1656 2904 jugibusque
1690 2835 1805 2899 ,Dei
1839 2837 2110 2902 laudibus,

530 2936 726 2974 arcens
770 2920 1050 2975 excludis?
1097 2922 1241 2978 Deus
1275 2925 1418 2979 enim
1483 2926 1550 2981 iis
1620 2928 1840 2997 potius,
1886 2943 2009 2984 cum
2042 2944 2108 2983 ex

528 3011 712 3064 animo
759 3013 996 3067 contrito
1048 3012 1370 3080 oﬂ‘eruntur,
1404 3032 1564 3085 quam
1607 3017 1926 3073 animalium
1957 3021 2112 3074 victi-

532 3104 633 3157 tnis
662 3105 873 3159 annuit.
910 3104 1227 3173 Enimvero,
1253 3110 1450 3165 mentis
1476 3111 1591 3179 ipse
1618 3111 1808 3167 oculos
1835 3111 2114 3177 claudens,

529 3207 722 3265 sponte
754 3198 848 3252 tibi
897 3199 1123 3255 asciscis
1147 3240 1162 3264 ,
1192 3211 1245 3253 ut
1304 3217 1370 3257 ne
1399 3202 1585 3257 videas
1612 3202 1792 3271 bona,
1838 3203 2014 3275 iisque
2045 3204 2115 3257 vi-

529 3291 721 3345 dendis
757 3306 935 3347 caecus
970 3292 1048 3359 sis
1080 3311 1094 3346 :
1123 3291 1258 3362 justi
1285 3309 1412 3349 vero
1443 3294 1617 3351 livore
1667 3307 1883 3352 tumens
1905 3338 1921 3364 ,
1961 3309 2113 3356 tuum

532 3382 702 3449 virus,
727 3394 932 3437 rectam
957 3382 1092 3454 legis
1117 3386 1558 3441 constitutionem
1581 3397 1860 3457 causatus,
1885 3391 2112 3445 evomis.

532 3475 656 3529 Non
686 3478 825 3531 enim
871 3476 1000 3541 tibi;
1039 3478 1248 3546 inquit,
1295 3480 1451 3545 licet,
1507 3490 1560 3533 ut
1619 3462 1837 3536 munera
1895 3483 2111 3552 offeras.

532 3568 801 3634 Quorsum
851 3584 954 3622 non
1006 3568 1167 3624 licet?
1220 3569 1475 3641 Nunquid
1508 3586 1610 3626 neu
1658 3575 1780 3629 licet
1814 3576 1883 3630 ob
1915 3575 2032 3646 ejus
2060 3576 2113 3631 in

534 3663 703 3715 Deum
730 3661 1176 3715 accensissimum
1209 3663 1493 3717 animum?
1524 3660 1641 3718 Non
1669 3664 1795 3722 licet
1819 3682 1930 3736 prae
1958 3669 2113 3737 capia

532 3752 860 3808 munerum?
890 3752 1041 3819 Quod
1073 3764 1292 3823 pra-stet
1325 3768 1488 3824 supra
1519 3770 1680 3825 quam
1708 3756 1826 3826 lege
1847 3761 2116 3814 constitu-

533 3859 644 3899 tum
692 3857 806 3912 est,
865 3856 1026 3916 teque
1079 3846 1347 3902 beneﬁcio
1401 3848 1688 3919 magnitice
1732 3851 1937 3905 donet?
1996 3851 2114 3906 Erit

527 3940 701 4004 enim,
749 3940 927 4007 inquit
976 3938 1098 4004 ille,
1143 3939 1281 4009 quod
1326 3956 1455 3994 mea:
1488 3941 1831 3997 abundantia:
1867 3954 1974 4011 est,
2019 3948 2117 4000 toti

528 4033 739 4102 populo.
773 4031 914 4102 Ergo
945 4042 1001 4086 et
1036 4030 1133 4086 tibi
1175 4032 1318 4098 erit,
1350 4032 1569 4101 quando
1614 4033 1729 4101 ipse
1765 4035 1984 4104 gentilis
2028 4052 2119 4106 po-

532 4125 642 4193 puli
672 4126 743 4179 tui
770 4140 897 4195 pars
927 4125 1175 4195 quaedam
1208 4140 1286 4179 es.
1315 4121 1505 4179 Nonne
1541 4138 1640 4194 par
1672 4136 1811 4192 erat,
1836 4136 1894 4181 ut
1924 4125 2041 4196 ejus
2064 4131 2117 4183 in

534 4222 705 4277 Deum
770 4227 1075 4274 creatorem
1134 4218 1436 4288 impensius
1489 4216 1715 4281 eﬂ'usam
1772 4220 2115 4277 dilectionem

529 4313 720 4367 honori
777 4314 1043 4376 haberes,
1080 4325 1144 4367 ac
1187 4326 1349 4382 quam
1411 4311 1462 4366 in
1493 4311 1893 4369 multitudinem
1929 4329 2120 4385 erogat

2221 1828 2411 1899 μένην,
2445 1829 2513 1881 δι’
2543 1824 2633 1900 ἧς,
2666 1832 2768 1901 τῆς
2798 1822 3110 1902 κρατούσης
3138 1831 3395 1892 ἀτεκνίας
3436 1828 3613 1895 λύσιν,
3641 1827 3781 1889 αὐτός

2215 1936 2276 1973 τε
2325 1923 2420 1973 καὶ
2453 1922 2881 1994 ἡ-στειρεύουσα
2925 1921 3175 1986 σύνοικος
3221 1920 3670 1989 εὐαγγελίζεται,
3702 1920 3782 1973 καὶ

2216 2011 2318 2081 τῆς
2348 2012 2629 2077 ἐκϐάσεως
2668 2013 2765 2067 τοῦ
2831 2015 3176 2085 μηνυομένου
3202 2013 3522 2084 βεϐαίωσιν,
3552 2013 3641 2065 τὸν
3676 2013 3780 2064 ἑπι-

2216 2102 2390 2157 ϐάντα
2445 2103 2543 2174 τῆς
2605 2104 2833 2174 φλογὸς,
2888 2107 2984 2159 καὶ
3022 2105 3161 2178 πρὸς
3200 2105 3435 2177 οὐρανὸν
3488 2103 3783 2159 ἀναπτάντα

2217 2197 2541 2267 κατέχουσιν
2581 2199 2835 2268 ἄγγελον.
2885 2199 3000 2270 Τῆς
3030 2199 3090 2253 δὲ
3140 2198 3478 2271 προφήτιδας
3522 2198 3622 2261 τὰς
3657 2197 3783 2267 ἔργῳ

2217 2290 2315 2344 καὶ
2340 2291 2483 2362 λόγῳ
2511 2289 2705 2355 δεκτὰς
2735 2274 3158 2363 προσαγομένας
3188 2291 3595 2363 καρποφορίας,
3633 2290 3738 2353 πῶς
3759 2292 3784 2342 ὁ

2219 2383 2350 2454 περὶ
2382 2383 2592 2438 τούτων
2615 2384 3020 2456 διαμαχόμενος
3048 2383 3150 2451 οὐκ
3184 2382 3536 2456 ἀποπέμπῃς
3571 2382 3718 2435 Ποῖον
3736 2381 3783 2433 δὲ

2216 2470 2278 2536 ἐξ
2310 2473 2513 2543 ὀσφύος
2568 2473 2752 2528 Ἦλιοῦ
2784 2474 2893 2528 καὶ
2944 2473 3254 2527 Ἐλισσαίου
3307 2472 3537 2544 σπέρμα
3566 2472 3783 2527 καθυπο-

2214 2566 2386 2632 δεῖξαι
2428 2567 2495 2621 ἂν
2540 2566 2706 2638 ἔχοις,
2757 2567 2865 2621 τῶν
2894 2566 3187 2637 ἐνδελεχῶς
3229 2567 3328 2637 μὲν
3375 2565 3785 2635 εὐπροσδέκτους

2216 2661 2604 2729 ἀναφερόντων
2625 2657 2850 2727 λογικὰς
2871 2657 2993 2729 θεῷ
3018 2657 3234 2723 θυσίας,
3256 2654 3440 2728 καιρῷ
3464 2656 3525 2710 δὲ
3546 2656 3621 2729 τῷ
3641 2672 3784 2726 προσ·

2215 2750 2535 2805 απαιτοῦντι
2569 2753 2662 2805 καὶ
2685 2751 2783 2815 τάς
2812 2750 3069 2820 ὲναίμους
3092 2766 3109 2815 ;
3134 2749 3259 2814 Πῶς
3287 2751 3349 2803 ού
3388 2751 3484 2804 καὶ
3513 2750 3620 2804 τῶν
3633 2750 3784 2820 εὐχῶν

2217 2847 2313 2900 καὶ
2340 2844 2526 2916 ὓμνων
2552 2846 2649 2899 καὶ
2670 2843 2938 2915 διηνεκῶν
2963 2842 3101 2901 Θεοῦ
3129 2842 3456 2912 δοξολογιῶν
3484 2845 3613 2908 τοὺς
3645 2845 3786 2900 ἀπαι-

2214 2940 2310 3003 δας
2355 2939 2611 3010 διείργων
2665 2937 2975 3029 ἀποκλείεις
3008 2954 3024 3004 ;
3056 2936 3283 3002 Τούτοις
3321 2937 3432 3009 γὰρ
3495 2937 3690 3030 unum
3733 2939 3787 2988 ix

2219 3006 2693 3101 συντετριμμένης
2711 3006 2892 3100 ψύχῆς
2917 3030 3374 3109 ἀναφερομένοις,
3471 3006 3591 3093 ταῖς
3610 3028 3786 3095 Caico;-

2220 3124 2366 3186 σίαις
2398 3121 2642 3175 ἐπινεύει
2661 3121 2815 3186 Θεός.
2855 3120 3018 3174 Ἀλλὰ
3040 3121 3109 3174 σὺ
3144 3121 3268 3192 μὲν,
3290 3121 3420 3185 τοὺς
3444 3120 3548 3193 τῆς
3572 3120 3786 3180 διανοίας

2217 3216 2533 3287 ὀφθαλμοὺς
2580 3214 2894 3284 ἀπομύσας,
2931 3213 3073 3268 ἑκὼν
3122 3214 3302 3283 ἑαυτῷ
3346 3213 3451 3284 τὴν
3484 3214 3595 3266 τῶν
3628 3211 3786 3266 καλῶν

2217 3309 2574 3381 δημιουργεῖς
2632 3307 2933 3378 ἀϐλεψίανο
2995 3306 3074 3378 τῷ
3111 3306 3296 3377 φθόνῳ
3325 3306 3385 3359 δὲ
3444 3298 3543 3359 τοῦ
3593 3304 3785 3359 δικαίου

2219 3401 2621 3473 περιοιδαίνων,
2671 3400 2794 3455 κατ’
2840 3398 3011 3455 αὐτοῦ
3060 3399 3153 3453 τὸν
3199 3398 3403 3453 οἰκεῖον
3449 3398 3521 3451 δι’
3547 3394 3789 3466 εὐνομίαν

2218 3493 2695 3566 προῃασιζόμενος
2739 3491 2960 3563 ἐξεμεῖς
3003 3492 3102 3547 ίόν.
3142 3494 3268 3547 Οὐκ
3294 3491 3505 3556 ἔξεστι
3538 3489 3647 3561 γάρ
3672 3502 3784 3550 σοι,

2219 3588 2377 3658 φησι,
2426 3586 2860 3656 προσενεγκεῖν
2902 3586 2977 3640 τὰ
3006 3584 3187 3654 δῶρα.
3235 3587 3337 3641 Διὰ
3368 3586 3455 3653 et;
3490 3585 3580 3638 διὰ
3609 3585 3666 3638 τὸ
3705 3582 3785 3653 τῆς

2218 3680 2511 3752 φιλοθεΐαςι
2541 3678 2709 3734 αὐτοῦ
2766 3679 3105 3751 θερμότατον
3151 3680 3253 3734 οὐκ
3315 3679 3536 3747 ἔξεστις
3570 3678 3658 3733 διὰ
3705 3676 3786 3746 τὴν

2216 3774 2330 3829 τῶν
2379 3772 2815 3846 προσαγομένων
2854 3771 3156 3841 ἀφθονίαν;
3210 3771 3350 3826 διότι
3392 3773 3479 3833 ,τὰ
3536 3770 3627 3825 τοῦ
3668 3766 3784 3823 Θεοῦ

2219 3865 2608 3937 ὑπερευνομεῖ,
2636 3861 2698 3915 σὲ
2722 3861 2780 3915 δὲ
2810 3860 3206 3931 μεγαλοψύχως
3237 3862 3560 3932 εὐεργετεῖς
3606 3861 3787 3913 Ἔσται

2217 3957 2351 4028 γὰρ,
2381 3957 2548 4027 φησὶν
2575 3954 2739 4019 αὐτὸς
2759 3992 2775 4018 ,
2824 3952 2891 4007 τὸ
2919 3951 3032 4021 τῆς
3062 3954 3421 4022 περιουσίας
3468 3972 3591 4024 μου
3632 3949 3787 4005 παντὶ

2218 4050 2299 4117 τῷ
2325 4048 2473 4114 λαῷ.
2511 4047 2724 4102 Οὐκοῦν
2751 4046 2847 4101 καὶ
2888 4045 3003 4098 σοίο
3040 4046 3209 4117 μέρος
3250 4046 3363 4117 γὰρ
3386 4042 3440 4099 εἷ
3466 4047 3564 4099 τοῦ
3601 4042 3786 4116 ὁμοφύ-

2218 4143 2314 4196 λου
2360 4141 2519 4196 λαοῢ.
2554 4142 2669 4195 Οὐκ
2701 4140 2813 4195 ἔδει
2848 4157 2908 4193 σε
2939 4139 3040 4209 τὴν
3084 4138 3468 4210 ἀκατάσχετον
3506 4140 3606 4209 μὲν
3644 4133 3785 4193 αὑτοῦ

2221 4235 2359 4306 πρὸς
2392 4234 2483 4287 τὸν
2513 4232 2858 4306 Δημιουργὸν
2890 4231 3174 4303 γεραίρειν
3218 4231 3469 4302 ἀγάπην,
3512 4232 3613 4303 τὴν
3643 4231 3715 4292 είς
3738 4227 3787 4280 τὸ

2221 4326 2428 4400 πλῆθος
2460 4325 2519 4378 δὲ
2563 4324 3051 4394 καταϐαλλομένην
3080 4322 3446 4393 ἀποδέχεσθαι
3474 4323 3670 4393 χάριν;
3695 4320 3786 4373 Οὐκ

529 4407 758 4475 gratiam
809 4404 1276 4475 beneﬁciumque,
1326 4416 1514 4476 gratus
1563 4406 1879 4477 acciperes?
1927 4407 2117 4464 Nonne

2224 4420 2332 4474 ἔδει
2356 4436 2418 4473 σε
2449 4419 2510 4472 τὸ
2540 4417 2919 4489 μεγαλόψυχον
2949 4416 3115 4470 αὐτοῦ
3151 4415 3459 4487 θαυμάζειν
3479 4456 3495 4480 ,
3534 4414 3781 4472 ἐπαινεῖν,

529 4516 629 4570 par
653 4508 770 4553 erat
793 4537 810 4562 ,
842 4508 901 4553 ut
931 4498 1276 4570 magniﬁcum
1312 4499 1430 4568 ejus
1460 4498 1701 4553 animant
1729 4500 2116 4568 demirareris,

532 4590 778 4645 laudibus
807 4588 1034 4643 etl‘erres
1054 4630 1068 4656 ,
1101 4589 1466 4658 congruisque
1490 4589 1785 4658 gratiarum
1810 4590 2117 4647 actionibus

531 4682 775 4738 vicissim
808 4681 1250 4753 prosequereris?

601 4772 803 4829 Verum
833 4775 1112 4827 enimvero
1148 4783 1202 4826 tu
1231 4773 1447 4842 quidem
1483 4772 1775 4829 excellenti
1827 4772 2011 4829 datum
2047 4773 2114 4828 il-

529 4866 634 4921 lius
670 4864 1018 4935 praestantia,
1055 4863 1183 4932 quin
1219 4863 1397 4932 potius
1457 4879 1545 4925 ea,
1587 4879 1693 4933 qua
1728 4865 1851 4917 inde
1881 4864 2118 4921 tabescis

530 4958 758 5023 invidia,
797 4968 1079 5028 gravatus,
1108 4958 1358 5011 deorsqu
1393 4956 1733 5024 deti-alteris,
1770 4956 2030 5027 vultuque
2061 4957 2115 5011 in

530 5068 732 5112 terram
763 5055 995 5127 dejecto,
1023 5054 1078 5108 in
1102 5054 1282 5109 lumen
1312 5052 1699 5123 praeclarorum
1732 5054 1869 5110 adeo
1900 5053 2114 5111 facino-

532 5164 652 5203 rum
694 5148 977 5203 intendere
1030 5148 1260 5219 nequis;
1319 5158 1373 5201 at
1415 5147 1504 5203 ille
1561 5145 1850 5203 sublimior
1906 5149 2113 5216 elatus,

528 5256 690 5310 quam
722 5252 781 5295 ut
829 5241 1090 5296 conviciis
1128 5232 1246 5295 ‘tuis
1281 5238 1418 5294 allici
1466 5241 1679 5311 possit,
1723 5255 1791 5315 ac.
1824 5240 1970 5297 velut
2003 5240 2115 5294 alto

531 5349 657 5387 aere
700 5333 908 5400 volans,
960 5334 1092 5387 nihil
1145 5334 1230 5388 his
1264 5335 1329 5391 ad
1386 5328 1669 5390 humilium
1723 5333 2116 5405 cogitationum

530 5422 886 5492 dejectionem
942 5425 1265 5489 detrahitur.
1324 5424 1473 5483 Nihil
1529 5443 1559 5481 a
1627 5425 1777 5483 celso
1837 5426 2149 5497 magniﬁci.

533 5516 697 5569 animi
737 5515 975 5579 culmine
1000 5555 1015 5580 ,
1073 5517 1125 5569 in
1163 5516 1360 5572 deiecti
1394 5518 1563 5574 animi
1610 5517 1936 5590 profundum
1981 5534 2117 5588 prte-

535 5622 662 5677 ccps
708 5609 906 5677 agitur.
945 5606 1062 5664 Non
1106 5610 1373 5666 obnititur
1409 5612 1628 5680 probris
1667 5629 1680 5666 :
1734 5625 1840 5667 non
1877 5625 2111 5682 pugnam
2156 5650 2161 5655 .

642 5774 664 5805 ⁵
704 5774 842 5828 Gen.
883 5791 982 5843 xu,
1019 5777 1074 5829 7.

1190 5779 1211 5811 ⁸
1251 5778 1389 5834 Gen.
1424 5796 1513 5847 XV,
1545 5782 1600 5838 9.
1680 5782 1699 5814 "
1736 5781 1865 5837 Jud.
1902 5795 2020 5847 xm,
2064 5781 2146 5837 l9.

2222 4514 2345 4577 ταῖς
2381 4510 2794 4582 προσηκούσαις
2823 4497 3203 4580 εὐχαριστίαις
3234 4506 3599 4577 ἁμείϐεσθαι;

2308 4774 2469 4829 Ἀλλά
2511 4774 2575 4828 σὺ
2614 4774 2719 4847 μὲν
2749 4771 2826 4840 τῷ
2857 4773 3052 4844 πλήθει
3083 4772 3193 4826 τῶν
3228 4772 3682 4843 ὑπερϐαλλόντων
3704 4770 3783 4833 αὖ·

2222 4868 2319 4922 τοῦ
2358 4868 2877 4941 πλεονεκτημάτων,
2916 4867 3122 4941 μᾶλλον
3155 4867 3248 4931 δὲ,
3287 4869 3354 4938 τῇ
3388 4866 3479 4920 διὰ
3510 4865 3678 4920 ταῦτα
3707 4862 3787 4933 βα·

2160 5020 2165 5023 _
2207 4960 2425 5048 ἓσκανίᾳ
2456 4961 2850 5034 Βαρυνόμενος,
2877 4965 2957 5026 είς
2988 4962 3093 5033 γῆν
3128 4962 3440 5031 καταφέρῃ.
3476 4960 3573 5014 καὶ⁸
3600 4955 3785 5048 πρηνὴς

2223 5053 2320 5116 ὢν,
2349 5051 2483 5123 πρὸς
2505 5052 2569 5105 τὸ
2589 5052 2706 5123 φῶς
2723 5053 2834 5106 τῶν
2863 5051 3008 5107 οὕτω
3036 5051 3307 5123 λαμπρῶν
3330 5049 3499 5105 αὑτοῦ
3531 5045 3783 5117 κατορθωε

2229 5145 2418 5215 μάτων
2456 5145 2790 5210 ὲνατενίζειν
2822 5147 3126 5217 ἀμηχανεῖς
3151 5161 3165 5174 '
3186 5202 3193 5207 ,
3211 5146 3418 5207 ἐκεῖνος
3447 5143 3531 5208 δὲ,
3563 5140 3668 5198 τῶν
3698 5136 3787 5192 σῶν

2217 5237 2553 5310 ύῂλότερος
2598 5238 2894 5311 αἰρόμενος
2943 5239 3327 5310 σκωμμάτων,
3367 5238 3462 5299 καὶ
3501 5230 3614 5296 οἷον
3651 5234 3785 5300 ἀερο·

2218 5330 2428 5402 πορῶν,
2461 5332 2523 5387 οὐ
2554 5333 2890 5405 ¹κιιιθέλιιεται
2914 5333 3129 5396 τούτοις
3158 5331 3295 5404 πρὸς
3327 5327 3685 5401 χαμαιζήλων
3710 5325 3785 5377 λοι

2217 5423 2436 5496 για-μῶν
2467 5427 2815 5481 ταπείνωσιν*
2839 5427 2900 5480 ού
2930 5426 3023 5481 τοῦ
3052 5426 3155 5498 τῆς
3179 5425 3590 5499 μεγαλοψυχίας
3618 5421 3784 5491 ὕψους,

2216 5520 2356 5590 πρὸς
2387 5519 2449 5572 τὸ
2498 5520 2598 5590 τῆς
2627 5518 2871 5590 ἀθυμίας
2894 5520 3266 5590 καταφέρεται
3296 5519 3464 5589 βάθος
3491 5537 3503 5548 -
3540 5518 3639 5573 οὐκ
3658 5516 3784 5567 ἀντι,

2215 5613 2385 5669 τείνει
2417 5613 2555 5683 πρὸς
2585 5615 2654 5666 τά
2691 5614 2897 5684 ὀνείδη-ι
2925 5615 2987 5667 οὐ
3018 5614 3351 5684 διαμάχεται
3381 5614 3521 5686 πρὸς
3548 5604 3643 5684 τὴν
3675 5604 3782 5661 ἐπί-

2226 5783 2247 5813 ε
2287 5782 2302 5836 l
2346 5780 2478 5853 Reg.
2516 5800 2554 5848 ι,
2600 5785 2672 5838 t6.
