4024 6440
264 367 281 428 1
294 364 398 427 3f)

1180 386 1207 396 ι
1262 363 1344 423 IN
1385 318 1974 422 CONCEPTIONEM
2016 361 2120 421 ss.
2163 360 2537 422 DEIPARA‘I.

3398 357 3535 422 1350

258 473 454 548 πληξιν
478 489 493 503 ⁸
512 472 580 527 οὑ
617 471 678 525 τὸ
704 471 801 541 τῆς
835 470 933 540 σῆς
969 469 1304 540 κακοηθείας
1336 469 1669 540 παράλογον,
1694 468 1837 521 εὐλό-

1957 470 2220 523 adversus
2248 469 2679 537 increpationem
2714 469 2947 524 assumit
2972 487 2988 523 :
3014 484 3119 521 non
3149 470 3400 539 malignte
3429 483 3533 524 tuze

254 584 376 637 γοις
410 565 777 637 ἀποκρούεται
792 565 922 627 ταῖς
949 564 1174 628 αἰτίαις
1211 563 1345 617 ἀλλὰ
1367 563 1429 616 τὸ
1454 562 1861 633 εὑπρόσδεκτον

254 662 361 732 μὲν
386 659 498 713 τῶν
538 657 1114 735 καρποφορουμένων,
1160 655 1225 708 τὸ
1257 654 1444 708 ἄδικον
1481 655 1542 707 δὲ
1584 654 1694 706 τῶν
1738 653 1847 706 σῶν

251 752 626 823 ἐπιπλήξεων,
652 751 752 804 ’διὰ
780 752 877 820 τῆς
911 749 1047 819 πρὸς
1071 749 1206 802 Θεὸν
1232 748 1565 818 παρίστησιν
1589 746 1847 817 οἰκειότη-

248 863 367 910 τοςο
398 846 533 917 εὐχῇ
588 845 686 913 μὲν
724 840 1041 912 ἐπιτρέπων
1074 839 1173 909 τὴν
1211 838 1313 907 τῆς
1357 836 1613 899 ἀπαιδίας
1665 837 1843 905 λύσιν,

245 937 534 1009 εὐφημίαν
562 934 618 989 δὲ
646 931 1026 1005 τῇιὲπιτεύξει
1063 930 1175 984 τῶν
1203 929 1315 983 σῶν
1351 929 1845 983 ἀντικαταλλαττόο

249 1045 416 1099 μενος
449 1024 686 1079 ὀνειδῶν.
721 1020 936 1093 Μικρὸν
969 1020 1079 1093 γὰρ
1110 1019 1338 1090 ὕστερον
1369 1019 1492 1090 ὄψει
1525 1019 1585 1073 τὸ
1614 1020 1714 1089 τῆς
1740 1018 1843 1072 αὑ-

244 1121 343 1174 τοῦ
375 1115 662 1178 εὐπαιδίας
706 1113 1090 1184 μεγαλόδωρον
1137 1111 1331 1176 κλέος·
1363 1111 1486 1181 ὄψει
1525 1111 1587 1163 τὸ
1625 1112 1684 1164 ἐν
1730 1126 1840 1187 arat-

241 1209 412 1280 τρὰσι
445 1205 611 1261 αὑτοῦ
635 1205 1074 1275 ὑπεραιρόμενον
1097 1201 1384 1273 καύχημα,
1418 1203 1516 1272 τήν
1543 1200 1841 1272 εὑκληρίαν

243 1300 353 1369 τῆς
385 1297 624 1367 φύσεωςο
652 1295 755 1365 τὴν
784 1294 894 1348 τῶν
928 1293 1106 1362 εὐχῶν
1136 1294 1540 1364 καρποφορίαν,
1576 1292 1675 1362 τὴν
1707 1310 1840 1363 μορ-

248 1392 358 1463 φὴν
384 1391 501 1463 [γρ.
530 1386 785 1459 μορφῆς]
838 1386 940 1455 τῆς
969 1384 1392 1455 ἁνθρωπότητος
1433 1383 1712 1452 εὑλογίαν,
1747 1384 1839 1437 τὸν

245 1484 483 1553 ἄφθονον
534 1480 768 1535 πλοῦτον
794 1521 810 1543 ,
852 1481 952 1546 τὴν
992 1478 1275 1546 ἀδιὰδοχον
1320 1477 1699 1547 εὐφροσύνην,
1737 1478 1834 1531 καὶ

244 1574 357 1642 τῆς
379 1574 549 1636 ὅντως
574 1570 845 1642 θυμηδίας
868 1569 1128 1640 χορηγόν.

1954 561 2151 613 mentis
2189 560 2422 614 alienam
2465 575 2495 613 ει
2536 559 2746 614 ratione
2782 558 3211 624 accusationem,
3244 561 3394 616 fuitis
3441 578 3532 614 ra-

1954 650 2098 705 tione
2142 651 2608 705 criminationibus
2659 651 2931 716 retundit,
2977 653 3068 706 sed
3109 667 3207 707 sua
3254 653 3310 706 in
3360 652 3531 706 Deum

1952 744 2385 807 necessitudine,
2424 757 2544 796 cum
2576 757 2861 797 munerum
2898 743 3201 798 oblatorum
3249 755 3527 813 acceptam

1949 841 2265 908 bonitatem,
2301 851 2413 895 tum
2462 840 2896 909 increpationum
2942 849 3152 893 tuarum
3205 837 3527 907 iujnstitiatn

1947 934 2204 994 ostendit.
2230 936 2319 1002 qui
2355 933 2610 1003 precibus
2640 933 2863 1001 quidem
2921 931 3298 985 liberationem
3326 931 3393 985 ab
3416 941 3529 985 ste-

1948 1026 2151 1081 rilitate
2198 1027 2542 1090 committat,
2581 1023 2960 1093 celebremque
3012 1022 3247 1076 nominis
3288 1020 3525 1083 famam,
3598 1084 3601 1087 _

1946 1133 2043 1187 pro
2071 1118 2136 1171 iis
2171 1116 2481 1186 opprobriis
2509 1115 2705 1184 quibus
2737 1113 3010 1183 appetiisti
3039 1152 3053 1177 ,
3086 1124 3526 1193 commutatur-ns

1943 1210 2029 1264 sit.
2073 1207 2235 1263 Brevi
2277 1208 2477 1278 quippe
2514 1206 2730 1260 visurus
2768 1220 2829 1259 es
2868 1204 3143 1274 pi-znclara:
3193 1204 3313 1272 ejus
3357 1206 3525 1273 prolis

1942 1298 2288 1369 magniﬁcum
2319 1300 2538 1353 decus:
2594 1297 2828 1361 visurus,
2861 1296 3102 1364 inquam,
3143 1309 3203 1349 es
3249 1296 3524 1350 excellen-

1942 1403 2050 1447 tem
2083 1392 2221 1461 ejus,
2258 1389 2504 1459 patribus
2535 1388 2746 1442 accensi
2773 1429 2788 1453 ,
2822 1386 3082 1456 gloriam;
3116 1397 3321 1439 natura:
3353 1388 3523 1442 felici-

1942 1493 2136 1547 tatem;
2174 1481 2505 1550 precationis
2540 1479 2808 1544 fructnm;
2845 1478 3064 1531 humani
3105 1478 3320 1545 generis
3354 1480 3521 1530 bene-

1939 1577 2236 1630 dictionem
2261 1592 2276 1642 ;
2300 1572 2642 1628 abundantes
2662 1571 2779 1625 illas
2801 1570 3056 1635 divitias;
3086 1569 3330 1623 laetitiam
3354 1584 3519 1638 quam

1939 1683 2044 1722 non
2073 1667 2280 1735 excipit
2314 1680 2550 1731 mteror;
2598 1680 2663 1719 ac
2715 1665 2832 1733 ejus
2878 1677 2999 1733 qua:
3040 1676 3165 1716 vere
3207 1671 3311 1728 est,
3354 1663 3519 1716 animi

1937 1754 2228 1828 voluptatis
2259 1757 2707 1812 conciliatricem.

325 1842 483 1897 Οὕτω
520 1842 653 1914 γοῦν
695 1842 724 1894 δ
772 1840 983 1902 δίκαιος
1029 1837 1375 1909 μεγαλοφυῖᾳ.
1417 1837 1648 1911 γνώμης
1698 1840 1834 1909 πρὸς

2009 1848 2101 1904 Sic
2137 1863 2266 1917 ergo
2300 1849 2384 1901 vir
2427 1846 2630 1914 justus,
2687 1846 2855 1901 animi
2897 1846 2987 1901 illa
3032 1846 3404 1917 magnitudine
3456 1860 3522 1898 ac

238 1938 378 2000 τοὺς
432 1934 866 2003 ἐπιπλήττοντας
922 1931 1231 1997 διατεθεὶς,
1293 1931 1509 2003 χαίρειν
1561 1949 1620 1986 τε
1671 1935 1837 1987 πᾶσιν

246 2026 496 2081 Erret-iub»
519 2029 631 2088 τοῖς
663 2024 926 2095 παροῦσι,
955 2022 1090 2093 πρὸς
1116 2023 1241 2087 τοὺς
1268 2023 1572 2094 ὑπερφυεῖς
1593 2024 1834 2091 ἀγῶνας,

247 2120 349 2173 καὶ
396 2118 505 2189 τὴν
532 2117 791 2170 ἐπίπονον
824 2116 1063 2187 ἐρημίαν
1093 2114 1408 2181 ἀποδύεται,
1448 2116 1590 2186 μήτε
1622 2115 1725 2186 τῆς
1755 2116 1835 2170 οῖ-

247 2211 385 2265 καδε
431 2209 722 2281 φροντίσας
757 2208 1137 2279 ὑποστροφῆς,
1180 2208 1319 2278 μήτε
1374 2207 1484 2260 τῶν
1527 2209 1646 2262 κατῖ
1688 2204 1836 2262 οἶκόν

245 2320 360 2361 τινι
414 2301 485 2356 τὰ
531 2301 626 2354 τοῦ
678 2296 882 2359 σκοποῦ
936 2299 1406 2371 προδιαθέμενος’
1457 2301 1595 2370 ὅπερ
1642 2301 1708 2354 ἄν
1752 2318 1837 2364 τις

247 2392 651 2465 στοχαζόμενος
671 2392 1114 2464 διασκοπήσειεν,
1141 2391 1448 2462 παράδοξόν
1474 2411 1532 2446 τε
1546 2393 1713 2464 ὁμοῦ,
1740 2392 1837 2446 καὶ

240 2485 362 2537 τῶν
403 2484 505 2554 τῆς
550 2483 767 2552 φύσεως
808 2483 1256 2553 ὑπερανεστηκὸς
1298 2484 1630 2555 ἡττημάτων
1671 2485 1838 2556 εὑρή-

244 2573 518 2652 σειενηΤί
561 2574 671 2646 γὰρ
701 2572 767 2627 ἄν
806 2590 894 2637 τις
942 2572 1065 2647 [τα.
1101 2573 1232 2646 τοῦ]
1280 2574 1694 2645 ἁποθαυμάζειν
1730 2574 1837 2647 τὴν

243 2664 530 2736 φιλοθεῖαν
580 2661 788 2728 αὑτοῦ,
844 2664 945 2716 καὶ
991 2664 1101 2719 τῶν
1155 2664 1359 2719 λοιπῶν
1398 2666 1861 2737 ἀπραγμοσύνην

242 2756 388 2828 πρὸς
402 2757 563 2809 αὑτὸν
585 2756 928 2810 ἀποτείνοιτο
938 2773 958 2829 _;
986 2756 1051 2808 Τί
1070 2756 1251 2823 τοῦτο,
1269 2757 1713 2828 θαυμασιώτατε,
1726 2759 1835 2814 τῶν

244 2847 746 2919 προγεγενημένων
780 2847 1011 2919 βουλεύῃ
1045 2848 1313 2917 δικαίων;
1356 2850 1408 2902 τί
1446 2849 1834 2922 διανοούμενος

243 2944 329 3005 είς
358 2942 518 3013 ἔργον
547 2943 805 3014 ἐκφέρεις
847 2942 909 2996 τό
956 2942 1248 3014 βούλημα;
1293 2945 1349 2997 τί
1392 2945 1460 3000 ἂν
1502 2946 1587 3017 εῖη
1630 2947 1692 3000 τὸ
1733 2945 1833 3018 τὴν

230 3036 457 3093 οἰκείαν
485 3036 815 3108 διαμερίσαν
853 3035 1075 3106 σχέσιν;
1120 3036 1173 3088 τί
1209 3037 1270 3089 τὸ
1317 3034 1415 3108 τὴν
1446 3037 1543 3108 τῆς
1582 3038 1831 3093 συνοίκου

241 3129 359 3184 καὶ.
382 3127 642 3182 κοινωνοῦ
691 3128 786 3182 τοῦ
816 3127 944 3199 βίου
992 3127 1251 3199 διατεμὸν
1287 3130 1584 3197 συνάφειαν
1615 3145 1633 3194 ;
1661 3129 1774 3201 Οὐχ
1802 3132 1833 3184 ό

244 3221 516 3289 συνδήσας
544 3221 767 3293 ταύτην,
796 3221 1053 3291 καθάπερ
1079 3223 1161 3285 είς
1185 3221 1365 3290 σάρκα
1390 3222 1543 3292 μίαν,
1569 3221 1714 3276 οὑτω
1737 3225 1831 3277 καὶ⁵

240 3318 330 3377 είς
370 3314 567 3386 βουλήν
592 3315 693 3385 τὴν
724 3314 897 3384 αὑτὴν
946 3315 1334 3385 συνήρμοσεν;
1379 3317 1477 3386 οὑχ
1522 3314 1600 3379 ὡς
1638 3317 1835 3371 ἄλυτον

242 3405 344 3460 τὸν
378 3408 457 3470 είς
489 3405 656 3476 αὑτὴν
687 3404 857 3476 ἐχρῆν
887 3404 1167 3477 διατηρεῖν
1192 3406 1299 3475 τῆς
1327 3406 1578 3477 ἑνότητος
1611 3407 1832 3476 δεσμὸν,

240 3497 393 3553 οὕτω
416 3498 511 3551 καὶ
538 3497 598 3549 τὸ
623 3497 820 3560 ταυτὸν
849 3497 947 3567 τῆς
978 3496 1201 3568 γνώμης
1231 3497 1600 3571 ᾁδιάσπαστον
1629 3499 1835 3569 φυλάτ-

242 3588 441 3643 τεσθαι
472 3589 950 3658 παρασκευάζειν;
992 3590 1096 3642 οὑκ
1126 3589 1237 3642 ἔδει
1287 3590 1426 3661 πρὸς
1456 3592 1585 3654 τοὺς
1612 3591 1834 3661 ὁμοίους

243 3679 457 3758 ταύτην
496 3681 786 3751 ἐπαλεῖψαι
822 3682 1042 3746 πόνους,
1089 3683 1197 3736 καὶ,
1228 3681 1418 3755 ὥσπερ
1449 3683 1543 3737 τοῦ
1579 3684 1795 3756 καρποῦ
1816 3725 1832 3750 ,

241 3772 394 3828 οὑτω
416 3773 511 3845 καὶ
532 3773 641 3828 τῶν
668 3773 843 3845 ἔργων
867 3774 1001 3845 αὑτῇ
1031 3775 1129 3846 τὴν
1159 3776 1453 3829 κοινωνίαν·
1474 3781 1836 3848 περιποιήσω

247 3866 409 3932 σθαι;
463 3864 605 3919 ’Δλλ’
639 3866 689 3919 εί
723 3866 818 3920 καὶ
861 3866 950 3920 διὰ
987 3867 1163 3920 ταῦτα
1204 3866 1303 3939 τὴν
1338 3868 1691 3941 ὑποστροφὴν
1734 3871 1838 3923 οὑκ

246 3958 515 4021 εὐδοκεῖς,
548 3958 638 4011 διὰ
666 3957 808 4011 δὲτὸ
838 3958 1019 4021 ἀνίαις
1063 3958 1139 4030 μὴ
1174 3959 1495 4030 περιϐαλεῖν
1540 3963 1663 4024 ταῖς
1702 3978 1834 4030 σφο-

240 4050 569 4122 δροτέραις,
619 4051 809 4121 ὲχρῆν’
855 4050 943 4103 διὰ
980 4052 1042 4105 τὸ
1075 4050 1151 4122 μὴ
1197 4051 1392 4114 ὀδύνας
1431 4053 1569 4123 αὑτῇ
1614 4052 1692 4122 τῷ
1735 4054 1837 4123 τῆς

246 4141 561 4212 ἀποδημίας
587 4141 767 4213 ἀδήλῳ
796 4140 1117 4210 προξενίσαι
1138 4158 1150 4172 ·
1188 4143 1277 4197 διὰ
1316 4143 1376 4196 τὸ
1417 4143 1602 4214 μὴ-τῷ
1638 4143 1837 4213 ἀφανεῖ

245 4242 350 4309 τῆς
380 4236 651 4300 ἀπουσίας
676 4236 904 4306 μυρίαις
924 4238 1045 4300 ταῖς
1070 4237 1543 4308 κατατρυχοὺσαις
1568 4239 1837 4303 ἐπινοίαις

246 4326 570 4397 ἐπιπλῆξαι.
615 4327 762 4381 Ἔδει
813 4326 871 4380 δὲ
906 4328 1003 4380 καὶ⁹
1051 4326 1122 4381 τὰ
1175 4329 1299 4382 κατ’
1340 4324 1491 4382 οἷκον
1539 4329 1835 4399 εὐπρεπῶς

245 4418 570 4488 διαθέμενον
596 4459 611 4482 ,
644 4417 785 4472 οὑτω
830 4417 967 4488 πρὸς
1015 4418 1084 4472 τὰ
1123 4419 1441 4490 καταθύμια
1491 4420 1831 4477 στέλλεσθαι.

1939 1941 2304 2012 generositate
2331 1939 2397 1992 ad
2430 1939 2854 2008 reprehensores
2887 1939 3114 2002 habens,
3137 1954 3260 1993 cum
3283 1952 3521 2008 praesen-

1941 2035 2082 2088 tibus
2111 2032 2364 2086 omnibus
2395 2031 2516 2085 vale
2555 2029 2793 2098 fecisset,
2827 2033 2893 2084 ad
2926 2032 3182 2101 prmelara
3232 2047 3291 2086 se
3332 2043 3519 2085 certa-

1940 2127 2109 2190 mina,
2139 2124 2458 2194 plcnamque
2486 2121 2761 2177 laboribus
2782 2123 3130 2178 solitudinem
3156 2124 3415 2193 accingit,
3446 2139 3515 2175 ne

1939 2216 1990 2270 id
2024 2216 2241 2285 quidem
2279 2215 2332 2268 in
2378 2215 2617 2268 animum
2668 2215 2930 2269 inducens
2973 2224 3031 2268 ut
3078 2223 3384 2269 revertatur
3422 2217 3520 2269 dos

1940 2324 2085 2363 mum
2114 2312 2239 2363 utVe
2289 2322 2413 2363 cum
2446 2308 2742 2363 domestico
2775 2308 2908 2371 ullo,
2939 2309 3068 2378 quid
3102 2308 3283 2363 animo
3310 2309 3520 2371 consti-

1940 2411 2112 2455 tutum
2144 2401 2238 2465 sit,
2266 2409 2393 2455 ante
2414 2401 2662 2455 conferat
2694 2417 2707 2453 :
2739 2402 2880 2470 quod
2908 2401 3087 2470 plane,
3115 2412 3173 2455 ut
3198 2403 3323 2470 quis
3346 2403 3516 2469 probe

1937 2494 2253 2575 cqujectans
2285 2494 2644 2563 perspexerit,
2666 2493 2916 2547 mirabile
2943 2493 3166 2562 pariter,
3188 2509 3253 2547 ac
3275 2494 3513 2547 humana

1937 2586 2311 2642 imbecillitate
2345 2583 2521 2652 majus
2556 2585 2846 2641 invenerit.
2897 2583 2992 2639 Sic
3031 2584 3175 2639 enim
3212 2585 3360 2653 quis,
3400 2584 3520 2652 ejus

1936 2680 2209 2733 demirans
2232 2676 2572 2746 religionem,
2608 2691 2672 2731 ac
2705 2690 2933 2730 vacuum
2960 2691 2992 2731 a
3019 2690 3149 2730 cura
3184 2676 3514 2745 reliquorum

1935 2770 2196 2835 animum,
2226 2757 2535 2823 sermonem
2576 2772 2629 2823 in
2660 2784 2783 2823 eum
2832 2768 3147 2823 intenderit.
3196 2767 3336 2835 Quid
3391 2768 3517 2829 hoc,

1935 2878 2142 2917 summa
2187 2863 2267 2915 vir
2312 2862 2695 2925 admiratione,
2731 2876 2794 2917 ac
2829 2876 2993 2931 supra
3044 2862 3255 2931 priores
3300 2861 3513 2931 justos,

1936 2953 2149 3009 consilii
2192 2954 2335 3010 inis?
2363 2954 2502 3021 Quid
2535 2965 2666 3008 vero
2695 2954 2941 3024 cogitans
2972 2953 3261 3007 consilium
3295 2954 3349 3007 in
3378 2969 3517 3023 opus

1933 3045 2131 3102 cﬁ‘ers?
2164 3045 2430 3112 Quidnam
2463 3059 2627 3113 porro
2670 3043 3024 3099 domesticam
3057 3043 3399 3097 affectionem
3433 3044 3517 3095 di-

1935 3138 2091 3193 visit?
2132 3138 2397 3205 Quidnam
2451 3137 2698 3206 conjugis
2739 3151 2803 3190 ac
2841 3136 2966 3191 vita:
3018 3138 3287 3189 rationum
3351 3135 3516 3190 socia:

1937 3230 2208 3285 vinculum
2244 3229 2519 3285 abscidit?
2544 3229 2728 3284 Nonne
2753 3229 2845 3297 qni
2871 3229 3175 3297 conjunxit,
3206 3229 3278 3282 nti
3310 3229 3362 3282 in
3391 3242 3516 3282 car-

1935 3338 2059 3378 nem
2094 3337 2280 3389 unam,
2324 3323 2397 3377 ita
2424 3323 2474 3375 in
2504 3338 2666 3377 unum
2699 3336 2915 3393 quoque
2944 3322 3232 3377 cons-ilium
3264 3336 3328 3375 ac
3359 3335 3515 3373 men-

1938 3426 2043 3471 tem
2074 3415 2595 3489 eamdem‘aptavit?
2622 3416 2812 3470 Nonne
2837 3430 2943 3484 qua
2975 3413 3191 3469 ratione
3225 3413 3517 3468 insolubile

1936 3509 2003 3562 ad
2038 3522 2156 3562 eam
2190 3521 2409 3562 servare
2439 3509 2679 3574 oportuit
2717 3508 2940 3562 unionis
2979 3506 3252 3561 vinculum
3279 3547 3293 3571 ,
3326 3506 3514 3560 eadem

1936 3599 2099 3654 etiam
2145 3597 2246 3652 fuit
2283 3599 2604 3665 cavendum,
2642 3606 2700 3651 ut
2734 3596 3001 3652 indivulsa
3053 3596 3337 3651 sententia;
3368 3594 3515 3663 ejus-

1935 3693 2058 3747 dem
2088 3693 2233 3746 ratio
2282 3700 2552 3760 perstaret
2600 3691 2924 3745 incolumis?
2951 3689 3145 3745 Nouue
3180 3704 3278 3758 par
3310 3698 3431 3741 erat
3462 3699 3518 3739 ut

1938 3785 2005 3838 ad
2037 3785 2244 3839 similes
2275 3799 2394 3839 eam
2426 3783 2647 3838 labores
2678 3784 2991 3854 inungeres,
3021 3796 3087 3835 ac
3117 3782 3259 3835 sicut
3284 3778 3515 3841 fructus,

1938 3878 2012 3932 ita
2041 3885 2095 3931 et
2128 3891 2350 3946 operum
2384 3877 2592 3930 sociam
2626 3876 2721 3929 tibi
2753 3875 3087 3930 ascisceres?
3117 3873 3211 3928 Sin
3239 3883 3421 3927 tamen
3448 3875 3518 3923 0h

1937 3968 2039 4022 ista
2071 3967 2251 4020 minus
2274 3966 2474 4036 placuit
2497 3965 2698 4038 reverti
2724 3965 2946 4018 domum
2971 3981 2991 4030 ;
3018 3973 3074 4019 at
3102 3973 3250 4018 certe
3275 3965 3521 4029 oportuit

1937 4067 1995 4112 ut
2029 4072 2099 4113 ne
2125 4058 2178 4111 in
2209 4057 2464 4126 majorem
2491 4056 2767 4110 tristitiam
2789 4070 3040 4124 cogeres;
3069 4063 3125 4107 ut
3151 4069 3218 4108 ne
3241 4068 3308 4107 ex
3334 4055 3512 4123 ignota

1936 4149 2351 4220 profectioneei
2382 4148 2688 4202 molestiam
2718 4146 2991 4213 inferres;
3019 4155 3077 4199 ut
3100 4161 3168 4201 ne
3194 4161 3258 4199 ex
3286 4148 3517 4201 obscura

1937 4238 2748 4305 absentia,~inntnnerahilium
2794 4253 2914 4294 eam
2965 4239 3355 4306 cogitationum
3399 4250 3486 4292 tor

1938 4344 2120 4390 mento
2150 4334 2471 4390 conﬁceres.
2528 4333 2671 4387 Sane
2707 4348 2834 4387 vero
2871 4332 3121 4393 decebat,
3168 4340 3228 4385 ut
3276 4347 3519 4403 congrue

1937 4427 2248 4483 domesticis
2296 4428 2455 4480 rebus
2480 4423 2928 4494 compositis,ita
2968 4423 3374 4494 proﬁciscercre
3414 4441 3518 4491 quo

246 4512 324 4566 Ἦ
363 4510 487 4565 οὐδὲ
536 4511 632 4563 τοῦ
684 4512 995 4581 περιουσίου
1042 4512 1352 4585 φροντίζεις
1402 4512 1635 4567 πλούτου
1666 4553 1681 4580 ,
1711 4515 1836 4570 οὑδὲ⁹

1940 4521 2155 4576 animus
2178 4520 2403 4574 ferebat.
2431 4518 2543 4573 Nec
2567 4532 2697 4572 vero
2724 4517 3021 4586 quidquam
3051 4531 3212 4570 curas
3236 4515 3518 4571 aliiaentcs

247 4603 386 4673 πρὸς
438 4603 538 4674 τὴν
584 4602 694 4656 τῶν
735 4603 1096 4675 ὑπαρχόντων
1142 4605 1452 4679 ἐπιστρέφῃ
1489 4607 1685 4676 κτῆσιν
1710 4648 1724 4671 ,
1762 4607 1837 4671 ὼς

245 4696 617 4759 ἁσυνδύαστος
646 4696 712 4749 σὺ
735 4697 875 4767 πρὸς
900 4697 971 4750 τὰ
997 4697 1303 4766 φαινόμενα
1332 4698 1495 4764 καλὸν,
1530 4700 1625 4752 καὶ
1657 4699 1838 4768 ἀκρά-

244 4805 413 4858 τητος
440 4789 510 4859 τῇ
542 4786 847 4859 συνεχούσῃ
868 4787 979 4841 τῶν
1008 4787 1185 4859 ήδέων
1210 4789 1463 4863 ἁνάγκῃ;
1496 4790 1637 4857 Ναὶ,
1670 4789 1839 4859 φησὶν

245 4884 274 4935 ὁ
305 4881 517 4943 δίκαιος
542 4896 556 4910 ·
587 4880 741 4933 οὐδὲν
766 4879 978 4933 τούτων
1010 4881 1197 4935 ἱκανὸν
1226 4881 1327 4951 τῆς
1362 4882 1459 4935 τοῦ
1486 4882 1623 4935 Θεοῦ
1653 4882 1837 4936 διατε-

251 4978 371 5045 μεῖν
403 4973 805 5045 προσομιλίαςο
849 4974 913 5027 οὐ
964 4973 1185 5044 φύσεως
1229 4975 1441 5045 ἑνότης
1484 4976 1585 5030 οὑκ
1618 4976 1837 5030 οἰκείων

247 5067 542 5135 συνάφειαο
575 5067 638 5118 οὑ
672 5065 909 5120 πλούτου
936 5066 1256 5136 περιουσία·
1292 5067 1355 5121 οὐ
1394 5067 1566 5137 φίλων
1596 5069 1833 5139 ἑταιρία.

243 5160 418 5214 Οὐδὲν
457 5158 488 5212 ὅ
510 5175 562 5212 τι
601 5158 713 5213 τῶν
745 5160 1044 5231 ὁρωμένων
1061 5159 1334 5233 τερπνῶν,
1371 5162 1471 5233 τῆς
1499 5161 1735 5233 ἀοράτου
1767 5179 1835 5233 με

240 5253 356 5307 τῶν
386 5252 573 5306 καλῶν
600 5253 842 5322 ἐφέσεως
867 5250 1180 5322 ἀπαγαγεῖν
1205 5249 1319 5309 οἷόν
1338 5271 1399 5307 τε
1425 5254 1492 5307 ἂν
1517 5254 1624 5324 εἴη.
1660 5254 1837 5322 Ἀγὼν

241 5338 540 5413 πρόκειται
583 5342 696 5396 τῶν
738 5343 1019 5397 ἐπιπόνων
1072 5344 1346 5414 δεήσεων,
1402 5344 1562 5416 μόνον
1603 5345 1699 5399 ἐπὶ
1736 5347 1835 5417 τὴν

243 5435 432 5506 πάλην
464 5435 675 5505 γυμνὸν
705 5434 1132 5506 ἐκκαλούμενος,
1163 5437 1414 5507 ἀφείσθω
1442 5438 1621 5491 πάντα
1647 5437 1717 5491 τὰ
1743 5439 1834 5491 τὸν

240 5526 453 5597 δρόμον
479 5526 859 5596 διατέμνοντα.
893 5528 1081 5596 Μηδὲν
1113 5530 1199 5601 εἴη
1235 5530 1302 5583 τὸ
1330 5529 1699 5602 ἐπιπροσθοῦν
1725 5531 1833 5584 τῶν

242 5618 559 5690 παρόντωνε
589 5619 687 5673 καὶ
718 5619 779 5673 τὸ
806 5618 1060 5675 σύντονον
1086 5623 1476 5693 παρακατέχον
1500 5620 1601 5694 τῆς
1628 5623 1834 5693 προθυ-

247 5711 407 5782 μίας.
440 5709 577 5763 Θεοῦ
626 5712 696 5766 τὰ
742 5711 1004 5782 δεδομένα
1036 5712 1369 5792 δωρήματα,
1416 5713 1537 5785 Θεῷ
1570 5732 1834 5788 παραχω-

242 5806 453 5879 ρείαθω
489 5808 877 5880 περιέπεσθαι.

1941 4613 2177 4677 divitias,
2220 4607 2394 4681 neque
2439 4609 2505 4664 ad
2544 4624 2607 4663 ea
2643 4624 2763 4678 quae
2811 4608 3060 4677 possides
3095 4608 3338 4661 animum
3380 4623 3517 4662 eon-

1940 4703 2131 4769 vertis,
2163 4701 2310 4755 velut
2344 4700 2473 4753 nihil
2514 4697 2672 4752 bonis
2718 4695 2893 4750 oculis
2926 4693 3189 4764 subjectis
3231 4694 3518 4759 addictus;

1940 4794 2244 4864 majoriqne
2274 4793 2456 4845 animo
2489 4804 2650 4859 quam
2677 4797 2735 4842 ιιι
2766 4788 2875 4842 ulla
2909 4787 3249 4857 voluptatum
3284 4787 3523 4843 necessi-

1942 4893 2053 4940 tate
2082 4884 2329 4954 superari
2361 4882 2575 4954 possis?
2606 4880 2791 4946 Plane,
2814 4879 2891 4934 ait
2916 4878 3001 4933 vir
3022 4880 3230 4948 justus.
3258 4880 3405 4935 Nihil
3433 4890 3521 4935 est

1939 4977 2158 5043 horum,
2190 4976 2335 5046 quod
2363 4989 2393 5028 a
2423 4975 2514 5031 Dei
2550 4973 2942 5028 consuetudine
2964 4974 3145 5043 possit
3168 4971 3466 5042 abiungere
3499 4990 3514 5026 :

1940 5082 2046 5135 non
2072 5068 2252 5121 unitas
2274 5074 2515 5132 naturae;
2545 5079 2651 5118 non
2677 5064 3103 5119 domesticorum
3132 5063 3516 5128 necessitudo;

1940 5174 2046 5212 non
2073 5159 2315 5226 ιιοιιίοεειεΔ
2342 5157 2576 5222 divitia;
2615 5157 3054 5211 nonamicorum
3083 5155 3352 5210 sodalitas
3387 5172 3402 5209 :
3442 5156 3520 5209 ni-

1941 5251 2014 5305 hil
2042 5266 2127 5306 me
2185 5264 2375 5304 eorum
2410 5264 2530 5318 quae
2554 5249 2795 5318 subjecta
2821 5247 2998 5302 oculis
3024 5245 3260 5316 placent,
3285 5245 3355 5308 ah
3381 5246 3520 5300 invi-

1938 5344 2180 5399 sibilinm
2222 5345 2487 5397 honorum
2528 5341 2806 5398 desiderio
2845 5339 3200 5396 ahstraxorit.
3230 5339 3517 5395 Certamen

1938 5439 2274 5507 propositum
2301 5429 2597 5492 estardua:
2627 5435 2913 5499 orationis,
2940 5435 3119 5488 solum
3157 5433 3225 5487 ad
3259 5448 3516 5502 pugnam.

1938 5531 2252 5598 nudumque
2291 5542 2599 5598 provocans
2642 5544 2707 5583 ac
2754 5527 3100 5595 expeditum;
3154 5526 3427 5581 facessant

1936 5638 2040 5691 qua
2087 5636 2311 5676 cursum
2353 5621 2679 5676 abscindere
2722 5620 2929 5675 valent.
2964 5618 3111 5675 Nihil
3143 5634 3329 5673 rerum
3356 5618 3541 5686 huius.

1936 5710 2120 5769 saeculi
2153 5722 2425 5778 occurset,
2451 5712 2759 5781 alacrisque
2783 5710 2952 5764 animi
2980 5711 3383 5766 contentionem
3423 5712 3539 5762 illi-5

1941 5805 2142 5875 pediat.
2181 5805 2270 5858 Dei
2301 5814 2430 5858 sunt
2454 5818 2710 5861 concessa
2737 5819 2984 5873 munera,
3011 5820 3198 5859 eorum
3226 5802 3339 5858 Deo
3364 5806 3522 5860 relin-

1945 5906 2139 5965 quatur
2169 5912 2317 5950 cura.
