4024 6422
566 345 699 412 1351

1679 339 2018 402 esonou
2059 339 2656 430 Nicoitnmsivsrs

3683 339 3798 404 1352

636 458 770 514 Novi
803 457 985 529 itaque
1013 469 1236 518 uxorem
1264 453 1480 509 Annam
1506 465 1814 522 quanquam
1842 452 2140 518 absentem,

2318 450 2448 507 οἴδα
2492 455 2675 507 τοίνυν
2711 451 2810 522 τὴν
2861 450 3108 506 σύνοικον
3159 451 3361 505 Ἅνναν
3406 451 3708 522 δμὸτροπόν
3749 472 3797 508 τε

564 553 756 609 iisdem
783 560 1027 620 perstare
1053 549 1317 614 moribus,
1347 547 1647 618 eademque
1669 546 1950 602 voluntate
1973 563 1986 600 :
2013 545 2137 600 novi

567 659 695 698 vero
722 643 900 698 etiam
946 643 1245 712 impensum
1288 642 1406 712 ejus
1451 640 1506 694 in
1547 639 1832 694 Dominum
1875 652 2136 701 amorem,

563 749 671 804 quo
687 745 754 788 et
795 734 938 787 illius
973 732 1329 802 providentia:
1362 731 1702 801 obsequitur,
1739 729 1984 800 nmisque
2019 745 2141 786 cer-

565 827 896 889 taminibus,
953 825 1214 894 congruis
1267 833 1322 879 et
1384 823 1502 893 ipsa
1566 823 1847 877 laboribus
1906 822 2138 888 intenta,

562 929 904 987 eooperatur.
931 915 1362 986 Haudquaquam
1405 915 1646 970 abscindi
1673 914 1912 983 patietur
1937 915 2002 968 ab
2027 914 2143 967 titti-

564 1012 690 1064 tatis
715 1011 976 1075 moribus,
1003 1010 1080 1063 uti
1110 1023 1282 1079 neque
1305 1008 1371 1061 ab
1395 1005 1615 1073 all‘ectu,
1639 1020 1746 1074 quo
1770 1004 2138 1076 prosequitur.

563 1101 814 1156 Servabit
845 1101 1168 1155 indivnlsam
1209 1099 1504 1154 voluntatis
1534 1099 1950 1154 consonantiam
1971 1139 1986 1160 ,
2021 1110 2142 1167 qua:

563 1193 847 1262 conjugein
886 1194 1098 1258 deceat,
1127 1192 1202 1246 uti
1236 1202 1291 1245 et
1329 1190 1636 1259 religiosam
1672 1200 1936 1244 mentem.
1975 1187 2141 1255 Magis

562 1285 760 1338 absens
807 1284 1058 1352 precibus
1111 1282 1361 1351 adjutnra
1415 1293 1537 1348 est,
1596 1298 1758 1354 quam
1809 1281 1857 1336 si
1907 1280 2139 1336 adesset.

565 1375 736 1430 Erunt
777 1375 894 1443 ejus
929 1375 1176 1430 elﬁcaces
1221 1375 1678 1444 supplicationes;
1710 1373 1993 1444 praestabit
2037 1370 2143 1428 ler-

561 1470 880 1525 ventissima
910 1469 1014 1523 ﬁde
1046 1478 1102 1522 ut
1128 1469 1495 1523 exauditionis
1518 1467 1766 1523 el'l'ectum
1799 1482 2140 1536 consequan-

564 1572 674 1616 tur.
706 1561 812 1614 Ε)εο
855 1561 1056 1630 quippe
1101 1574 1166 1614 ex
1197 1561 1438 1614 contrito
1471 1574 1564 1614 eas
1613 1559 1794 1614 animo
1834 1557 2011 1614 olIert.
2063 1557 2140 1611 Ex

562 1654 750 1707 innata
786 1669 878 1706 eas
922 1653 1262 1718 lnitniiitate,
1299 1653 1363 1706 ad
1414 1667 1536 1706 eum
1565 1652 1656 1720 qui
1695 1651 1843 1706 solus
1890 1651 2142 1707 sublimis

562 1754 668 1807 est,
717 1744 974 1813 omnique
1029 1745 1202 1813 major
1238 1744 1546 1808 intellectu,
1593 1742 1896 1798 beneﬁcum
1947 1743 2139 1805 Deum,

2241 546 2338 598 καὶ
2362 545 2746 616 ὁμογνώμονα,
2788 545 2884 597 καὶ
2928 545 3003 615 μὴ
3042 543 3330 616 παροῦσαν
3371 543 3678 613 διαμένεινο
3702 539 3802 599 οἴδα

2240 639 2296 692 δὲ
2338 640 2432 693 καὶ
2488 640 2580 692 τὸν
2611 640 2748 711 πρὸς
2778 641 2872 694 τὸν
2918 640 3198 710 Δεσπότην
3237 637 3612 709 ἀκατάσχετον
3655 639 3801 712 αὐτῆς

2243 733 2443 805 ἔρωτα,
2471 734 2536 786 δι’
2558 727 2620 788 οὐ
2652 734 2819 788 αὐτοῦ
2850 751 2911 787 τε
2938 737 3004 806 τῇ
3041 735 3273 806 προνοίᾳ
3301 733 3698 804 καθυπουργεῖ,
3724 735 3803 788 καὶ

2241 829 2355 889 τοῖς
2382 828 2536 895 ὲμοῖς
2568 827 2746 894 ἀγῶσι
2783 826 2869 880 διὰ
2899 827 3007 879 τῶν
3038 827 3306 896 καταλλήῖ
3319 845 3396 880 ων
3420 826 3606 880 πόνων
3636 844 3804 898 συνερ-

2243 920 2352 985 γεῖ.
2385 919 2498 971 Οὐκ
2537 919 2990 990 ἀπορραγήσεται
3025 920 3122 972 τοῦ
3162 920 3263 988 τῆς
3307 921 3559 982 ένώσεως
3589 921 3802 990 τρόπον,

2242 1009 2431 1082 ῶσπερ
2464 1011 2584 1064 οὐδὲ
2628 1011 2726 1081 τῆς
2761 1013 3024 1082 σχέσεως.
3060 1011 3306 1082 Τηρήσει
3351 1011 3410 1064 τὸ
3449 1015 3554 1077 τῆς
3595 1012 3804 1080 συζύγου

2242 1103 2588 1174 ὁμόγνωμον,
2628 1104 2819 1174 ὥσπερ
2861 1104 2923 1156 τὸ
2956 1102 3207 1171 φιλόθεον
3239 1103 3642 1157 ἀδιάσπαστον.
3677 1103 3804 1172 Συμ-

2245 1194 2441 1266 πράξει
2472 1194 2673 1264 μᾶλλον
2700 1193 2944 1261 ἀποῦσα,
2973 1194 3006 1264 ἢ
3045 1193 3299 1264 παροῦσα
3320 1197 3444 1257 ταῖς
3473 1197 3804 1265 προσευχαῖς.

2245 1288 2320 1339 Οὐ
2365 1287 2738 1358 διαμαρτήσει
2767 1288 2867 1357 τῆς
2898 1286 3216 1351 ἐντεύξεως·
3251 1287 3332 1350 είς
3360 1287 3604 1355 ἐπήκοον
3644 1289 3808 1338 ἀνενε-

2244 1377 2439 1450 χθῆναι
2494 1379 2571 1449 τῷ
2625 1379 2946 1451 θερμοτέρῳ
3003 1379 3205 1442 ταύτας
3262 1378 3676 1447 παρασκευάσει
3728 1377 3807 1443 τῆς

2244 1468 2501 1532 πίστεως.
2533 1467 2652 1537 Θεῷ
2682 1469 2790 1539 γάρ
2831 1469 3260 1539 ἀναφερομένας
3287 1467 3460 1531 αὐτὰς
3481 1507 3496 1529 ,
3544 1470 3612 1520 ὲκ
3643 1483 3807 1519 συντε-

2242 1561 2554 1632 τριμμένης
2609 1563 2882 1632 προσάγει
2939 1561 3142 1632 ψυχῆς.
3189 1561 3279 1627 Ἐξ
3328 1560 3581 1632 ἐμφύτου
3637 1577 3805 1614 ταπει-

2243 1649 2496 1714 νώσεως,
2534 1653 2672 1722 πρὸς
2718 1652 2810 1705 τὸν
2862 1652 3024 1722 μόνον
3083 1651 3290 1720 ὑψηλὸν
3340 1651 3440 1704 καὶ
3493 1649 3807 1722 ὑπερέχοντα

2245 1742 2422 1796 πάντα
2472 1742 2595 1796 νοῦν
2655 1743 2954 1814 εὐεργέτην
3003 1737 3326 1796 ἀναόὶὸάσει
3383 1741 3806 1819 ταύταςκἝστι

563 1853 780 1890 sursum
833 1809 1050 1903 diriget.
1110 1809 1199 1889 list
1244 1837 1388 1890 enim
1438 1835 1526 1890 ille
1572 1851 1830 1906 perquam
1881 1837 2138 1906 optimus,

2246 1834 2356 1906 γὰρ
2383 1833 2729 1906 ὐπεράγαθος
2755 1809 2936 1900 οὗτος,
2970 1835 3065 1887 καὶ
3102 1833 3210 1887 τῶν
3241 1809 3693 1903 ἐπικαλουμένῶν
3722 1835 3806 1887 aii-

563 1943 787 1996 eosque,
836 1928 926 1994 qui
969 1928 1019 1980 in
1055 1927 1287 1981 veritate
1323 1928 1610 1992 invocant,
1642 1928 1886 1982 exaudit.
1937 1926 2140 1997 Hujus-

563 2020 708 2074 modi
745 2029 870 2072 sunt
893 2018 1162 2088 jnstorum
1194 2019 1412 2073 eximia:
1435 2019 1841 2088 praerogativa;
1877 2020 1959 2074 lia
2014 2018 2138 2074 illo-

565 2127 680 2164 rum
730 2111 988 2164 virtuth
1039 2095 1489 2179 superellluentes
1541 2110 1792 2164 divitiae:
1843 2111 1987 2166 hunc
2019 2125 2138 2166 mo-

563 2204 686 2257 dum
724 2203 886 2256 liabet
937 2217 1211 2256 accensus
1243 2217 1432 2256 eorum
1478 2201 1600 2257 ﬁdei
1632 2201 1812 2256 fervor
1845 2219 1859 2256 :
1891 2201 2008 2257 bare
2039 2217 2138 2258 ea-

564 2311 682 2346 rum
725 2295 789 2347 ad
830 2293 998 2348 Deum
1045 2295 1470 2364 propinquitatis
1499 2294 1863 2350 necessitudo.
1905 2293 1996 2348 Sic
2027 2308 2140 2349 meo

561 2384 682 2437 liori
712 2398 874 2452 supra
898 2392 1025 2438 vota
1044 2385 1217 2449 exitu,
1242 2393 1491 2439 votorum
1514 2394 1795 2454 compotes
1813 2381 2136 2438 elﬁciuntur.

561 2475 656 2529 Sic
697 2477 878 2529 divino
911 2475 1131 2530 oraculo
1157 2513 1174 2538 ,
1201 2491 1328 2530 cum
1363 2491 1517 2531 suam
1547 2475 1648 2545 ipsi
1685 2476 2136 2544 benedictionem,

564 2577 678 2619 tum
711 2567 893 2620 mundi
927 2568 1209 2638 gaudium,
1241 2567 1384 2637 quod
1415 2583 1603 2623 eorum
1641 2568 1713 2622 sit
1747 2566 1983 2634 fructus,
2021 2566 2137 2623 edi-

564 2660 673 2715 turi
709 2659 1050 2715 uuntiautur.
1082 2661 1272 2730 Angeli
1303 2660 1451 2715 enim
1499 2659 1615 2714 fore
1645 2659 2050 2728 prcdixeruut,
2081 2667 2140 2714 ut

559 2752 678 2822 ejus
713 2763 837 2808 ortu
869 2753 1125 2824 gaudium
1163 2767 1228 2808 ac
1257 2753 1445 2808 betitia
1479 2752 1681 2808 mundo
1717 2752 1924 2824 pariter
1955 2751 2137 2808 orire-

563 2855 618 2898 tu
628 2859 671 2898 I'.

635 2933 950 3000 Enim-vero
979 2935 1102 2989 talia
1141 2946 1266 2991 sunt
1290 2943 1406 3002 tua,
1441 2935 1559 3009 ipso
1586 2936 1832 3006 exordio,
1867 2937 2136 3008 praeconia

559 3042 625 3081 ac
670 3027 954 3082 miracula.
999 3025 1130 3094 Qua
1177 3044 1308 3084 vero
1341 3029 1434 3084 tali
1483 3032 1656 3101 stirpe
1682 3031 1941 3101 prtedicta
1985 3045 2138 3086 esses

2245 1928 2338 1982 sint
2377 1927 2436 1979 ὲν
2481 1926 2712 1998 ἀληθεία
2753 1927 3019 1998 ὑπήκοος,
3057 1925 3298 1980 Τοιαῦτα
3335 1927 3402 1980 τά
3451 1926 3564 1978 τῶν
3607 1925 3806 1980 δικαίων

2245 2018 2654 2090 ὐπερανέχοντα
2695 2018 2797 2087 τῆς
2831 2018 3048 2087 φύσεως
3092 2017 3584 2088 πλεονεκτήματω
3617 2011 3755 2081 οὗτος
3781 2019 3806 2069 ό

2243 2110 2352 2164 τῶν
2383 2110 2593 2182 ἀρετῶν
2627 2109 2810 2165 αὐτῶν
2840 2110 3246 2183 ὐπερχεόμενος
3276 2109 3545 2174 πλοῦτος
3592 2111 3806 2165 τοιοῦτον

2243 2203 2306 2257 τὺ
2335 2204 2438 2275 τῆς
2477 2203 2718 2270 πίστεως
2746 2203 2926 2257 αὐτῶν
2952 2204 3262 2275 διάπυρον·
3293 2202 3436 2274 α’ὐτη
3461 2207 3497 2275 ἡ
3527 2205 3668 2274 πρὸς
3695 2205 3808 2258 θεὸν

2243 2297 2546 2368 ιγγύτητος
2582 2296 2762 2351 αὐτῶν
2789 2299 2825 2367 ή
2867 2296 3164 2368 οἰκειότης.
3199 2295 3358 2350 Οὕτω
3386 2296 3500 2350 τῶν
3538 2298 3806 2369 ἐπιζητου-

2249 2386 2424 2457 μένων
2465 2388 2606 2460 ὑπὲρ
2647 2387 2923 2453 ἐπίτευξιν
2975 2389 3362 2458 τυγχάνουσινο
3415 2387 3565 2444 οὕτω
3609 2404 3806 2461 χρημα-

2243 2477 2444 2549 τισμῷ,
2468 2478 2570 2550 τὴν
2595 2479 2804 2533 οίκείαν
2829 2479 2930 2551 μὲν
2962 2480 3241 2550 εὐλογίαν,
3271 2482 3366 2536 τοῦ
3399 2482 3614 2554 κόσμου
3644 2482 3699 2536 δὲ
3724 2483 3804 2536 Ou-

2247 2569 2445 2641 μηδίαν
2487 2573 2865 2644 καρποφορεῖν
2912 2572 3234 2644 μηνύονται.
3297 2575 3564 2644 Ἄγγελοι
3613 2575 3714 2647 γὰρ
3749 2577 3802 2646 τῇ

2243 2660 2448 2732 ταύτης
2488 2665 2702 2736 προόδῳ
2735 2664 2913 2736 χαρὰν
2939 2666 3034 2720 καὶ
3061 2666 3408 2740 εὐφροσύνην
3470 2683 3804 2740 συμπαραγε-

2243 2753 2432 2810 νέσθαι
2462 2758 2528 2828 τῇ
2561 2757 2736 2812 κτίσει
2767 2757 3269 2830 προκατήγγειλαν.

2323 2945 2488 3004 Ἀλλά
2513 2944 2741 3002 τοιαῦτα
2783 2946 2882 3018 μέν
2917 2959 3010 3001 σου
3067 2946 3139 3001 τὰ
3175 2947 3234 3001 ὲν
3266 2947 3578 3019 προοιμίοις
3608 2948 3697 3001 καὶ
3722 2961 3804 3017 κη-

2247 3038 2503 3112 ρύγματα
2532 3041 2628 3094 καὶ
2654 3039 2932 3111 θαύματα.
2982 3041 3077 3094 Ἐκ
3111 3039 3376 3094 τοιούτων
3405 3041 3466 3094 δὲ
3497 3039 3806 3109 ἀναϐλαστῆο

559 3119 947 3189 germinatura,
989 3135 1021 3172 ο
1074 3119 1339 3188 Deipara,
1390 3133 1690 3189 congruum
1741 3121 1973 3176 oraculo
2016 3123 2138 3177 vitae

2247 3147 2336 3184 σαι
2365 3130 2829 3203 προκηρυχθεῖσα,
2861 3130 3117 3193 Θεοτόκε,
3142 3145 3248 3184 κατ
3260 3129 3498 3200 ἀλλτιλον
3517 3131 3627 3194 τοῖς
3655 3146 3802 3199 μηνυο
3846 3159 3848 3162 ν

560 3227 874 3280 processum
909 3211 1189 3280 accepisti.
1230 3212 1398 3267 Plane
1429 3210 1576 3265 enim
1607 3227 1708 3281 par
1733 3221 1874 3278 erat,
1912 3223 1966 3266 ut
1993 3212 2140 3280 ejus-

561 3306 702 3358 modi
738 3307 962 3358 vocibus
1001 3303 1468 3374 pranuntiareris.
1533 3301 1638 3357 Par
1667 3313 1805 3369 erat,
1838 3303 2018 3359 futura
2051 3315 2139 3359 tua

560 3398 828 3468 magnalia
891 3398 1070 3452 verbis
1105 3396 1304 3451 talibus
1345 3395 1639 3467 designari.
1678 3396 1977 3467 Oportebat
2005 3413 2142 3468 pm:-

558 3489 763 3559 signari
792 3487 990 3542 talibus
1025 3487 1287 3542 svtnbolis
1313 3527 1328 3550 ,
1363 3487 1708 3558 fructumque
1737 3503 1800 3541 ac
1827 3490 2137 3556 genituram

557 3599 623 3635 ex
667 3579 933 3650 ejusmodi
985 3581 1206 3648 prodire
1253 3579 1596 3648 parentibus.
1633 3578 1930 3648 Oportebat
1980 3595 2012 3634 e
2049 3579 2138 3634 tali

562 3672 747 3726 radice
789 3671 943 3725 nasci
1003 3687 1226 3740 germen
1271 3672 1400 3726 tale.
1433 3671 1727 3740 Oportebat
1763 3687 1828 3726 ex
1871 3673 2142 3741 regalibus

558 3763 760 3834 ‘plantis
828 3777 1178 3816 succrescere
1205 3763 1408 3833 virgam
1450 3763 1706 3834 regalem.
1735 3761 2028 3831 Oportebat
2073 3778 2140 3816 ex

561 3856 826 3924 locuplete
861 3855 1060 3908 virtute
1123 3855 1376 3923 copiosas
1418 3855 1678 3908 bonorum
1713 3855 1932 3909 divitias
1954 3870 2142 3923 supr-r-

555 3948 800 4004 eﬁluere.
851 3947 1106 4013 Decebat,
1141 3957 1200 4000 ttt
1228 3947 1346 4015 ipsa
1371 3946 1588 4016 quidem
1611 3946 1797 4000 talium
1834 3949 2138 4017 parentium

557 4045 665 4097 lilia
697 4043 952 4109 audires;
1013 4051 1181 4111 utque
1217 4042 1320 4110 ipsi
1362 4040 1489 4094 talis
1530 4041 1653 4094 ﬁlia:
1682 4052 1936 4108 parentes
1964 4041 2144 4096 eﬂice-

561 4145 772 4190 rentur.
850 4133 1005 4189 S:cut
1054 4135 1198 4188 enim
1246 4133 1362 4202 ipsa
1407 4131 1669 4202 singulari
1727 4148 1837 4202 prae
1888 4136 2144 4189 omnibus

557 4228 913 4297 praerogativa
949 4227 1000 4281 in
1050 4226 1145 4280 Dei
1176 4225 1406 4281 Matrem
1439 4225 1727 4294 praeoptari
1764 4225 2042 4289 meruisti,
2065 4225 2141 4279 ita

555 4334 613 4376 et
659 4321 732 4375 illi
783 4321 1045 4390 singulari
1103 4335 1215 4388 pra:
1291 4320 1550 4374 omnibus
1586 4319 1809 4404 \bonore
1864 4318 2143 4373 consecuti

556 4424 706 4477 sunt,
739 4425 800 4466 nt
827 4411 994 4466 futuri
1021 4421 1277 4482 parentes
1306 4411 1380 4464 tui
1409 4412 1942 4478 praedestinarentur.
1968 4411 2142 4476 Quam

2245 3219 2384 3273 θεῖσι
2413 3220 2516 3291 τὴν
2556 3222 2614 3274 ιν
2644 3220 2722 3291 τῷ
2757 3221 2856 3292 βίῳ
2886 3220 3115 3289 πρόοδον
3142 3220 3396 3290 εἴληφας.
3435 3219 3588 3276 Ἔδει
3624 3219 3722 3290 γάρ
3752 3233 3800 3270 σε

2241 3313 2520 3376 τοιαύταις
2554 3312 3108 3383 προκαταγγελθῆναι
3155 3314 3386 3382 φωναῖς⁸
3420 3313 3534 3367 ἔδει
3566 3310 3798 3372 τοιούτοις

2241 3405 2311 3460 τὰ
2336 3406 2404 3460 σά
2434 3405 2858 3476 προμηνυθῆναι
2879 3405 3149 3476 μεγαλεῖα
3180 3407 3447 3478 ῥήμασιν·
3477 3405 3641 3475 ἐχρῆν
3659 3400 3800 3456 τοιού·

2241 3513 2355 3561 τοις
2393 3497 2492 3567 μέν
2538 3514 2598 3550 σε
2632 3498 3094 3568 προσημανθῆναι
3126 3487 3542 3568 συμϐόλοιςίέκ
3573 3494 3796 3563 τοιαύτης

2244 3586 2424 3657 ῥίζης,
2455 3587 2696 3642 τοιοῦτον
2726 3587 2784 3642 δὲ
2823 3588 2932 3642 τῶν
2971 3591 3520 3660 καρποφορησάντων
3549 3586 3796 3658 προελθεῖν

2243 3681 2500 3750 πατέρων
2525 3701 2538 3714 θ
2567 3680 2672 3734 εδει
2701 3681 2960 3752 τοιαύτης
3002 3682 3162 3752 ῥίζης
3187 3681 3432 3735 τοιοῦτον
3460 3679 3722 3751 ἀναφῆναι
3749 3693 3794 3729 σε

2245 3770 2491 3841 βλαστόνο
2525 3771 2636 3826 ἔδει
2680 3773 2745 3849 ἐκ
2775 3771 3072 3841 βασιλικῶν
3128 3771 3479 3844 φυτουργιῶν
3523 3774 3619 3844 τὴν
3665 3768 3792 3840 βασί-

2241 3862 2387 3916 λειόν
2444 3879 2502 3915 σε
2552 3862 2876 3932 ἀναδοθῆναι
2931 3862 3164 3933 ῥάϐδον·
3219 3862 3329 3916 ἔδει
3381 3866 3448 3917 ὲκ
3501 3861 3792 3932 περιουσίων

2243 3954 2453 4026 ἀρετῶν
2508 3954 2599 4008 τὸν
2645 3954 2876 4024 ἄφθονόν
2923 3971 2982 4006 σε
3033 3955 3142 4007 τῶν
3187 3955 3410 4022 ἀγαθῶν
3459 3954 3792 4028 ὑπερχυθῆναι

2245 4047 2495 4101 πλοῦτον·
2525 4046 2630 4099 ἔδει
2670 4063 2731 4099 σε
2769 4045 3029 4098 τοιούτων
3064 4045 3164 4116 μὲν
3199 4047 3457 4118 πατέρων
3491 4047 3791 4118 χρηματίσαι

2245 4139 2540 4210 θυγατέραο
2575 4139 2774 4201 αὐτοὺς
2800 4139 2858 4191 δὲ
2915 4137 3184 4208 θυγατρὸς
3219 4138 3482 4209 τοιαύτης
3511 4135 3790 4204 ἀναδειχθῆ-

2245 4254 2333 4290 ναι
2365 4233 2630 4303 πατέρας.
2663 4232 2773 4284 Καὶ
2798 4231 2990 4301 ὥσπερ
3013 4232 3076 4284 σὺ
3110 4231 3208 4298 τῆς
3244 4231 3466 4300 ἀπάσης
3497 4230 3709 4288 κτίσεως
3729 4226 3789 4286 είς

2245 4326 2382 4381 Θεοῦ
2414 4325 2644 4396 Μητέρα
2685 4313 3074 4392 προεξελέγης,
3104 4320 3280 4384 οὕτως
3311 4321 3470 4374 αὐτοὶ
3507 4320 3612 4372 τῶν
3643 4315 3788 4370 τεκόν-

2245 4436 2355 4472 των
2403 4417 2660 4471 ἀπάντων
2697 4416 2934 4484 πατέρες
2976 4412 3276 4483 τιμηθῆναί
3333 4428 3428 4464 σου
3479 4407 3786 4482 προωρίσθη·

555 4521 690 4578 ergo
722 4505 872 4560 omni
913 4505 1085 4575 gloria
1120 4503 1314 4571 major,
1346 4511 1509 4556 tanta:
1540 4501 1682 4556 illius
1725 4517 1868 4556 cura:
1899 4504 2140 4571 magniﬁ-

2249 4525 2372 4561 σαν.
2434 4505 2522 4566 Ὠς
2569 4501 3100 4574 ὑπερδεδοξασμένον
3152 4499 3284 4567 γοῦν
3330 4501 3392 4553 τὸ
3435 4502 3535 4570 τῆς
3572 4498 3786 4560 τοιαύτης

557 4596 784 4650 centia!
823 4595 994 4660 Quam
1044 4590 1251 4660 majora
1296 4591 1474 4655 laude,
1508 4591 1888 4644 universorum
1929 4588 2142 4642 Domini

559 4688 911 4759 providentiae
939 4684 1211 4740 mirabilia
1235 4684 1250 4737 ί
1278 4684 1451 4750 Quam
1489 4681 1760 4737 universis
1806 4679 2146 4734 desiderabi-

559 4782 701 4836 libus
725 4777 1198 4839 desiderabiliora,
1227 4790 1347 4845 qua:
1383 4789 1479 4843 per
1507 4782 1560 4828 te
1587 4774 1923 4828 advenerunt
1961 4773 2102 4828 bona
2126 4772 2139 4825 ι

559 4877 736 4944 Quam
782 4873 934 4926 beata
970 4871 1244 4938 voluptate
1267 4868 1488 4932 donati,
1523 4867 1615 4936 qui
1651 4866 1713 4919 iis
1740 4865 2006 4934 condigne
2037 4864 2142 4917 frui

564 4965 920 5024 meruerunt!
958 4961 1087 5016 Haec
1112 4963 1254 5016 enim
1282 4977 1385 5015 una
1410 4960 1628 5014 sitvera
1666 4957 1883 5025 fruitio;
1909 4956 2024 5011 haec
2061 4957 2144 5009 in«

558 5063 821 5118 deﬁciens
852 5057 1128 5126 voluptas,
1181 5054 1268 5119 iis,
1308 5054 1509 5123 quibus
1537 5061 1766 5121 praestas
1805 5051 2146 5104 mirabilibus

559 5153 824 5209 deliciari.
858 5151 963 5206 Per
997 5165 1119 5204 eam
1177 5149 1244 5202 ad
1282 5147 1413 5218 juge
1455 5144 1588 5200 illud
1637 5144 1944 5198 convivium
1983 5156 2146 5196 manu

558 5247 830 5312 ducimur,
882 5241 1245 5315 praesentique
1304 5249 1392 5294 tua
1452 5238 1636 5293 laetitia
1710 5236 1946 5291 futuram
2001 5235 2146 5290 illam

559 5338 892 5408 voluptatem
924 5335 1124 5404 przevie
1152 5333 1266 5403 jam
1298 5331 1603 5386 salutamus
1651 5342 1714 5383 ac
1737 5327 2139 5396 amplectimur.

560 5427 834 5486 Habemus
866 5437 1193 5482 memorum
1226 5424 1492 5479 bonorum
1522 5421 1740 5492 pignus,
1771 5423 1868 5488 per
1905 5425 1989 5471 tua
2021 5433 2141 5468 nin-

561 5537 692 5578 uera
724 5537 845 5592 qua
875 5535 1019 5575 nunc
1048 5519 1398 5574 exhibentur.
1432 5514 1692 5572 Praesenti
1715 5523 1804 5567 tua
1831 5511 2146 5566 laudatione

562 5614 787 5670 auribus
824 5613 1352 5677 insusurrat,aonus
1377 5607 1468 5664 ille
1509 5619 1711 5664 aeterna
1743 5605 1931 5661 latitia
1965 5601 2146 5657 exsul—

565 5706 820 5760 tantium.
849 5703 990 5759 Vera
1018 5713 1104 5759 eat
1133 5703 1208 5767 tui
1248 5716 1383 5771 ergo
1412 5711 1599 5757 nostra
1643 5697 1920 5759 laudatio;
1950 5706 2145 5749 secura

566 5808 728 5864 φειδ
770 5796 824 5850 in
849 5796 1099 5851 manibus
1124 5794 1410 5860 bonorum,
1438 5806 1556 5863 qua
1591 5799 1993 5860 exspectamus,
2017 5798 2143 5853 pos-

2242 4596 2587 4670 προμηθείας
2652 4595 2968 4666 μεγαλεῖονί
3048 4593 3124 4656 ὡς
3179 4593 3546 4664 ὐπερύμνητα
3591 4591 3655 4644 τά
3713 4585 3784 4650 τῆς

2246 4684 2504 4754 προνοίας
2549 4682 2642 4734 τοῦ
2690 4683 2800 4735 τῶν
2850 4682 2988 4735 ὅλων
3055 4681 3331 4734 Δεσπότου
3381 4677 3690 4750 θαυμάσιαι
3731 4674 3785 4734 ὡς

2245 4776 2455 4847 ἐφετῶν
2495 4775 2748 4829 ἁπάντων
2775 4775 3128 4844 ποθεινότερα
3169 4775 3236 4828 τὰ
3271 4773 3362 4826 διά
3388 4773 3483 4826 σοῦ
3516 4767 3783 4843 παραγενό-

2249 4889 2384 4942 μενα
2415 4870 2554 4923 καλά
2579 4870 2592 4922 l
2626 4869 2700 4932 ὡς
2724 4871 2988 4940 μακάριοι
3021 4868 3121 4939 τῆς
3161 4869 3554 4938 ὲντρυφήσεως
3582 4907 3595 4930 ,
3619 4865 3663 4917 οἱ
3689 4857 3785 4914 τού-

2245 4979 2352 5015 των
2383 4960 2648 5026 καταξίαν
2682 4959 3042 5013 ὲναπολαύειν
3085 4959 3371 5028 τυχόντεςῑ
3417 4959 3564 5028 Αὕτη
3617 4954 3709 5023 γάρ
3735 4946 3785 5001 ἂν

2245 5053 2332 5122 εἴη
2364 5052 2500 5122 μόνη
2521 5052 2746 5114 δικαίως
2780 5051 3115 5114 ἀπόλαυσις·
3148 5050 3289 5122 αὐτη
3316 5053 3494 5121 τρυφή
3525 5050 3664 5101 ἐστιν
3689 5040 3783 5094 d6:-

2247 5145 2508 5213 πάνητος,
2549 5145 2582 5214 ἡ
2610 5142 2718 5196 τῶν
2747 5143 2857 5196 σῶν
2883 5142 3085 5212 δηλαδὴ
3116 5143 3452 5215 ὲντρύφησις
3487 5135 3780 5212 παραδόξων.

2245 5237 2348 5289 Διά
2392 5235 2596 5307 ταύτης
2645 5235 2781 5306 πρὸς
2809 5235 2907 5305 τὴν
2953 5234 3235 5304 ἀδιάδοχον
3276 5234 3512 5305 εὐωχίαν
3558 5240 3786 5303 χειραγω-

2247 5325 2516 5397 γούμεθα,
2551 5327 2648 5380 καὶ
2680 5328 2746 5397 τῇ
2776 5324 3013 5379 ἐνταῦθά
3055 5341 3150 5379 σου
3181 5326 3512 5398 εὐφροσύνῃ,
3553 5323 3644 5393 τὴν
3681 5312 3786 5387 μέλ-

2249 5419 2448 5471 λουσαν
2479 5415 2950 5487 προασπαζὸμεθα
2994 5415 3286 5489 θυμηδίαν.
3336 5415 3576 5488 Ἔχομεν
3599 5411 3681 5466 τὸν
3705 5406 3782 5478 ιρ-

2247 5509 2470 5582 ραϐῶνα
2504 5508 2614 5563 τῶν
2665 5508 2940 5580 μενόντων
3002 5507 3230 5577 ἀγαθῶν
3252 5548 3269 5576 ,
3311 5507 3402 5563 διὰ
3455 5507 3562 5561 τῶν
3596 5501 3680 5557 νῦν
3708 5511 3782 5550 σου

2246 5602 2640 5673 παρεχομένων
2665 5600 2909 5671 δωρεῶνφ
2969 5599 3394 5672 Ἐνωτιζόμεθα,
3425 5599 3517 5653 τὸν
3551 5593 3652 5648 τῶν
3675 5587 3783 5642 αῐω·

2243 5693 2375 5754 νιως
2400 5689 2792 5760 ἅγαλλομένων
2815 5685 2969 5762 ἦχον,
3001 5689 3091 5746 διὰ
3115 5691 3216 5762 τῆς
3243 5689 3522 5762 παρούσης
3553 5701 3637 5740 σου
3662 5673 3782 5738 δοξθο

2244 5779 2454 5850 λογίας.
2520 5778 2901 5849 ’Λδιᾶψίυστον
2951 5781 3111 5853 ἡμῶν
3160 5782 3224 5836 τὸ
3278 5781 3379 5836 διὰ-
3416 5780 3473 5834 σε
3518 5773 3775 5842 καύχημα’
