4024 6426
532 401 689 466 ’1355

1664 396 1999 457 omnem
2039 378 2655 457 NICOMEDIENSIS.

3668 396 3781 463 τινα

551 512 933 570 Ι)ι·ιἸ;ιΙ’.ιιῘΟΙὶθ
984 507 1255 581 siquidem
1319 507 1922 576 miraculormn,'qnod
1976 523 2125 562 Sillll-

2236 508 2319 561 τία
2353 508 2682 580 καθέστηκε.
2715 508 3024 580 Θαυμάτων
3073 509 3182 580 γάρ
3216 506 3547 581 φανερώσει,
3597 511 3652 564 τὸ
3677 513 3783 567 θαυ-

547 621 692 661 mam
754 604 913 658 liabet
981 601 1444 664 admirationem,
1505 597 1694 653 salutis
1752 598 2127 652 universorum

547 697 868 769 mysterium
917 696 1211 752 revelatur.
1260 692 1553 763 Propterea
1586 692 1712 761 quia
1750 691 1986 745 humana
2030 704 2129 743 na-

554 800 674 844 tura
718 788 852 842 vitio
903 793 1231 851 exaruerat,
1289 799 1412 839 cum
1464 793 1708 837 emortua
1754 781 1822 835 ad
1885 780 2129 834 'fetnram

548 879 753 934 sterilis
781 878 1075 941 excitatur,
1102 886 1213 930 tum
1248 885 1438 928 natura
1476 872 1647 942 major
1670 870 1950 943 virginalis
1976 871 2131 925 iuno-

545 980 709 1023 vatnr
740 979 949 1039 partus.
1016 966 1152 1021 Vide
1200 976 1383 1019 antem
1455 972 1515 1016 nt
1573 970 1795 1016 ostensa
1843 960 2127 1025 miracula,

548 1061 871 1116 (nconomiat
922 1057 1191 1113 miraculo
1241 1064 1479 1127 praeeunt
1512 1073 1526 1109 :
1558 1054 1845 1115 nimirum,
1878 1052 2128 1123 virginali

546 1153 863 1221 coaceptui,
898 1151 1074 1206 sterili
1127 1148 1344 1203 feutinze
1397 1147 1627 1202 collatus
1660 1146 1726 1199 ad
1764 1144 1999 1199 feturam
2046 1144 2129 1197 vi-

547 1257 679 1313 gor;
723 1241 901 1311 partui
940 1255 1101 1309 supra
1137 1236 1434 1301 rationem‘,
1472 1236 1774 1289 infecunda:
1810 1234 2125 1303 parturitin;

544 1334 841 1403 cogitatum
877 1345 1095 1384 onmem
1129 1328 1407 1397 superanti
1441 1325 1817 1397 przegnationi,
1874 1324 2129 1392 inexspe-

540 1436 693 1482 ctata
738 1425 905 1496 prolis
931 1425 1119 1477 editio.
1158 1422 1366 1490 Quippe
1406 1421 1669 1474 assuescit
1719 1427 1934 1481 natura,
1969 1433 2032 1470 ex
2065 1418 2127 1469 iis

546 1535 669 1592 quze
715 1528 916 1591 pra-ter
956 1519 1416 1586 exspectationem
1454 1514 1727 1576 accidunt,
1764 1522 1823 1565 ut
1860 1527 1925 1566 ne
1964 1526 2125 1579 supra

548 1620 799 1665 naturam
853 1610 1011 1663 novis
1051 1608 1279 1677 abroget
1331 1606 1515 1661 fidem.
1569 1603 1820 1657 Nascitur
1864 1601 2025 1666 Virgo
2059 1616 2124 1653 ex

527 1702 760 1769 sterili;
816 1700 959 1757 Deus
1030 1714 1099 1757 ex
1153 1699 1374 1770 Virgine
1429 1696 1787 1768 corporaliter
1847 1696 2123 1764 gignitur;

546 1796 921 1873 ambobusque
961 1808 1158 1847 novam
1190 1793 1329 1845 Deus
1358 1798 1664 1843 creaturam
1701 1787 1939 1841 molitur.
1975 1784 2124 1839 lianc

543 1883 692 1939 enim
746 1884 902 1939 nobis
954 1882 1231 1937 hodierna:
1278 1879 1419 1934 lucis
1469 1878 1857 1949 pra-nuntiavit
1918 1877 2124 1931 ιλυιὶιῑιι.
2159 1872 2199 1929 Β

538 1975 927 2046 llancprzevie
978 1972 1329 2029 conﬁrmavit
1378 1970 1645 2026 miraculo
1673 1971 1727 2023 in
1770 1969 1935 2038 jnstis
1974 1969 2129 2025 exhi-

502 2096 507 2105 -
534 2069 684 2123 -bito.
710 2067 871 2123 ﬂanc
902 2066 1139 2136 denique
1175 2065 1583 2132 inexspectatus
1620 2062 1837 2116 illorum
1863 2072 2128 2131 occupato

546 2160 815 2216 indicavit
866 2168 1076 2231 partus,
1107 2157 1266 2228 isque
1312 2158 1447 2228 ipse,
1482 2170 1805 2211 arcanorum
1842 2156 2131 2227 mysterio-

544 2267 671 2308 rum
707 2265 774 2307 ac
825 2258 1052 2306 eventus
1102 2249 1371 2321 ejusdem,
1440 2246 1766 2318 principium
1820 2248 2129 2316 propositus

543 2352 653 2401 est.
686 2342 823 2399 Cum
859 2343 1043 2412 itaque
1093 2341 1359 2397 hodierna
1412 2339 1704 2404 festivitas,
1738 2337 2130 2393 illustrioribns

540 2437 804 2492 munibus
834 2432 1299 2499 solemnitatibus,
1340 2431 1729 2487 miraculorum
1767 2430 1820 2489 in
1855 2430 1967 2501 ipsa
1994 2444 2129 2483 con-

546 2536 949 2585 summatorum
1005 2524 1237 2590 ratione,
1287 2532 1518 2593 praeest,
1576 2522 1749 2591 iisque
1801 2536 1898 2575 ceu
1934 2520 2130 2575 funda-

548 2628 799 2676 mentum
849 2616 1121 2688 quoddam
1152 2630 1217 2670 ac
1249 2615 1470 2684 crepido
1521 2615 1816 2684 supposita,
1871 2612 2131 2683 quidquid

549 2711 607 2769 in
634 2710 739 2767 illis
772 2718 1244 2767 sacramentorum
1275 2707 1647 2778 dispensatum
1674 2716 1778 2773 est,
1812 2722 1910 2776 pro
1940 2707 2135 2759 {inula-

539 2804 723 2861 -ntenti
776 2802 1072 2859 rationein
1107 2815 1168 2856 se
1198 2798 1458 2869 colligat;
1510 2813 1610 2867 par
1653 2798 1878 2852 omnino
1931 2807 2037 2861 est,
2075 2804 2133 2851 ut

543 2908 811 2965 tanquam
840 2890 1109 2965 principio
1139 2906 1203 2946 ac
1232 2905 1415 2946 causa:
1438 2889 1814 2945 universorum
1844 2889 2132 2951 bonorum,

548 2985 965 3043 venerationem
997 2984 1045 3040 ei
1093 2983 1475 3047 adhibeamus,
1533 2979 1963 3050 impensiorique
2011 2993 2131 3030 eam

550 3077 746 3149 gaudio
794 3074 1155 3132 celebremus.
1213 3060 1381 3129 Decet.
1428 3071 1588 3142 plane
1636 3081 1695 3125 ut
1738 3069 1929 3124 salutis
1982 3070 2135 3122 initia

549 3170 757 3226 honore
787 3179 1182 3240 prosequamur
1211 3178 1227 3219 :
1254 3165 1411 3220 decet
1450 3172 1507 3219 ut
1547 3177 1669 3219 cum
1698 3159 1861 3231 justis
1893 3161 2134 3233 gauden-

550 3265 700 3319 tibus
731 3260 938 3335 pariter
978 3261 1312 3333 gaudeamus
1342 3277 1358 3315 :
1388 3260 1543 3315 decet
1579 3269 1638 3312 ut
1681 3274 1805 3313 cum
1844 3258 2027 3312 eiiusis
2081 3258 2134 3313 iu

552 3354 856 3423 gratiarum
886 3353 1155 3418 actiones,
1209 3353 1413 3422 gratias
1450 3364 1851 3420 personentus:
1888 3364 1984 3404 seu
2019 3364 2131 3403 ma-

550 3447 635 3517 gis
679 3451 916 3514 oportet,
964 3452 1024 3498 ut
1072 3440 1336 3513 quidquid
1387 3439 1655 3513 ejusmodi
1702 3438 2002 3508 gratiarum
2052 3448 2137 3494 est

553 3545 916 3603 resmnentes,
948 3530 1205 3606 tanquam
1248 3548 1349 3604 pro
1379 3533 1539 3589 bonis
1571 3531 1829 3603 propriis,
1875 3546 1939 3585 ac
1970 3531 2137 3586 bene-

554 3628 713 3691 ﬁciis.
748 3642 868 3697 quae
894 3628 1009 3684 sola
1044 3643 1172 3685 vere
1197 3626 1465 3683 beneﬁcia
1496 3633 1645 3690 sunt,
1680 3623 1999 3679 eorumdem
2028 3623 2137 3677 lar-

546 3720 715 3792 gitori
748 3729 922 3775 totum
969 3719 1354 3790 rependamus.
1382 3716 1488 3773 Per
1520 3732 1619 3773 nos
1646 3716 1938 3787 siquidem,
1970 3731 2134 3786 quam

544 3825 655 3884 per
687 3812 821 3868 alios
854 3813 1031 3884 potius
1081 3810 1380 3868 referendae
1431 3809 1565 3875 sint,
1598 3807 1667 3865 ad
1708 3823 1846 3877 quos
1898 3809 2137 3863 maxime

546 3914 764 3973 spectet
819 3905 1083 3961 donorum
1139 3903 1366 3970 fructus,
1416 3917 1646 3973 quorum
1695 3901 1786 3956 illa
1823 3914 1984 3957 causa
2031 3913 2135 3958 est.

553 3998 635 4052 Ac
670 3999 734 4052 de
763 3998 847 4052 bis
877 3997 1098 4068 quidem
1151 3996 1439 4051 hactenus.
1490 3993 1727 4064 Tempus
1764 4008 1890 4049 vero
1934 4003 2018 4049 est
2078 4004 2135 4048 ut

2236 601 2571 671 μαστὸτατον
2627 600 2881 656 ἁπάντων
2950 602 3049 674 τῆς
3097 601 3195 658 τοῦ
3269 603 3462 671 γένους
3536 604 3781 677 σωτηρίας

2232 689 2674 744 ἀνακαλύπτεται
2724 692 3042 763 μυστήριον.
3073 691 3173 746 Διὰ
3201 691 3300 763 τὴν
3346 691 3788 764 ἀποξηρανθεῖσαν

2231 786 2297 854 τῇ
2330 777 2496 853 κακίᾳ
2519 782 2681 853 φύσιν
2702 783 2878 855 ἡμῶν,
2905 785 2940 855 ἦ
2962 802 3022 837 τε
3051 782 3437 855 νενεκρωμένη
3473 783 3656 857 στείρα
3675 786 3789 857 πρδς

2232 874 2582 943 τεκνογονίαν
2614 875 3065 947 ἀναζωπυρεῖται
3086 892 3101 907 ⁸
3139 876 3236 929 καὶ
3264 877 3291 929 δ
3320 876 3647 946 παρϐενικὺς
3671 877 3790 948 ὑπὲρ

2235 966 2399 1035 φύσιν
2425 970 2835 1039 καινοτομεῖται
2864 969 3043 1033 τόκος.
3076 968 3186 1022 Καὶ
3227 969 3329 1037 δρα
3360 968 3481 1031 πῶς
3502 967 3597 1022 τοῦ
3639 986 3792 1040 παρα-

2231 1058 2386 1125 δόξου
2434 1061 2535 1132 τῆς
2594 1062 2929 1132 οἰκονομίας,
2974 1061 3275 1132 θαυμάτων
3331 1062 3621 1127 ἐπιδείξεις
3681 1066 3793 1115 καθ-

2232 1152 2530 1223 ηγοῦνται·
2563 1152 2664 1223 τῆς
2696 1153 3030 1224 παρθενικῆς
3065 1155 3335 1224 κυήσεως,
3389 1154 3423 1225 ἡ
3462 1154 3566 1224 τῆς
3604 1154 3792 1224 στείρας

2233 1244 2546 1315 νεοποίησις
2566 1262 2579 1276 ’
2614 1248 2646 1317 ἡ
2678 1247 2777 1315 τῆς
2801 1245 2999 1314 ἀγόνου
3029 1246 3348 1317 βλάστησις,
3371 1244 3468 1299 τοῦ
3498 1246 3636 1317 ὑπὲρ
3662 1246 3795 1315 λόγον

2233 1339 2395 1389 τόκου
2420 1354 2433 1367 ·
2476 1338 2508 1408 ἡ
2539 1338 2667 1406 παρ’
2712 1337 2904 1391 ἐλπίδα
2936 1337 3276 1406 τεκνογονία,
3307 1336 3406 1407 τῆς
3439 1335 3586 1404 ὑπὲρ
3614 1336 3793 1390 ἔννοιαν

2234 1428 2551 1499 κυοφορίας.
2596 1426 2865 1491 Ἐθίζεται
2910 1429 3018 1498 γὰρ
3065 1430 3176 1492 τοῖς
3224 1427 3377 1499 παρὰ
3427 1428 3793 1500 προσδοκίανή

2235 1520 2420 1589 φύσις,
2454 1523 2565 1584 τοῖς
2600 1521 2897 1593 ὑπερφυῶς
2930 1522 3008 1592 μὴ
3042 1522 3348 1575 διαπιστεῖν
3393 1521 3793 1590 καινοτομουμέο

2233 1629 2365 1678 νοις.
2406 1613 2501 1666 Ἐκ
2527 1613 2772 1683 στείρας,
2801 1614 3081 1685 Παρθένος
3103 1631 3115 1643 ·
3143 1615 3206 1666 ἐκ
3240 1611 3528 1684 Παρθένου
3558 1612 3683 1675 Θεὸς
3712 1630 3795 1666 σω-

2237 1703 2485 1770 ματικῶς
2515 1705 2895 1773 ἀποτίκτεται,
2934 1706 3029 1759 καὶ
3074 1704 3143 1759 δι’
3186 1705 3521 1777 ἀμφοτέρων
3568 1706 3794 1774 νεουργία

2234 1798 2710 1869 πραγματεύεται.
2741 1798 2963 1869 Ταύτην
2998 1796 3106 1869 γὰρ
3138 1799 3270 1867 ἡμῖν
3306 1799 3340 1869 ή
3396 1795 3646 1868 παροῦσα
3679 1814 3792 1869 προ-

2229 1889 2623 1961 ευηγγελίσατο
2657 1889 2917 1962 θυμηδία.
2955 1888 3175 1960 Ταύτην
3207 1870 3374 1960 ἐντῷ
3408 1890 3544 1960 περὶ
3585 1889 3702 1952 τοὺς
3725 1888 3789 1940 δι-

2230 1981 2420 2045 καίους
2452 1980 2865 2054 προε6ε6αίωσε
2897 1979 3136 2050 θαύματι
3159 1995 3173 2009 '
3195 1978 3403 2051 ταύτην
3421 1979 3451 2032 δ
3473 1980 3601 2049 παρ’
3631 1977 3791 2031 ἐλπίδα

2229 2072 2389 2134 τόκος
2416 2070 2665 2134 ἐκείνων,
2689 2070 2784 2123 καὶ
2803 2070 3130 2140 ἀνεκήρυξε,
3155 2070 3247 2124 xei
3269 2067 3414 2139 ἀρχὴ
3439 2067 3549 2121 τῶν
3574 2084 3630 2121 τε
3654 2068 3793 2138 ἀπορ-

2232 2162 2415 2234 ρήτων
2442 2160 2780 2231 μυστηρίων,
2813 2160 2910 2213 καὶ
2936 2159 3037 2229 τῆς
3066 2159 3271 2230 ταύτης
3306 2158 3592 2221 ἐκϐάσεως
3619 2158 3789 2228 προτέ-

2232 2250 2429 2303 θειται.
2464 2249 2674 2303 Οὐκοῦν
2704 2248 2890 2320 ἐπειδὴ
2912 2249 3022 2302 τῶν
3054 2249 3451 2321 εὐσημοτέρων
3480 2249 3664 2303 πασῶν
3691 2249 3792 2319 ἐορ-

2212 2343 2362 2407 στῶν,
2387 2344 2416 2396 ὁ
2445 2343 2687 2414 σήμερον
2706 2341 2794 2396 διὰ
2809 2341 2920 2395 τῶν
2940 2342 2999 2395 έν
3016 2343 3153 2414 αὐτῇ
3180 2342 3547 2397 τελεσθέντων
3577 2340 3790 2414 προκαθ-

2231 2436 2449 2504 ηγεῖῖαι
2492 2433 2811 2505 θαυμάτων,
2860 2433 2956 2488 καὶ¹
3000 2428 3111 2487 οἷον
3156 2432 3315 2504 βάσις
3349 2450 3435 2499 τις
3478 2434 3572 2487 καὶ
3613 2433 3789 2503 κρηπίς

2232 2527 2424 2589 αὑταῖς
2455 2524 2874 2595 ὑποτεθειμένη,
2898 2522 2959 2578 τὸ
2984 2525 3096 2577 πᾶν
3125 2523 3216 2593 ὑφ’
3255 2524 3461 2597 ἑαυτὴν
3490 2524 3600 2579 τῶν
3630 2523 3791 2591 διαφό-

2236 2635 2345 2689 ρως
2378 2615 2847 2687 οίκονομηθέντων
2886 2616 3142 2687 καθάπερ
3176 2615 3431 2688 θεμέλιός
3474 2634 3561 2681 τις
3596 2618 3786 2671 ἐπισυν-

2234 2709 2357 2778 άγει
2407 2708 2748 2781 μυστηρίων,
2780 2707 2947 2785 δεῖτὸ
2995 2707 3294 2778 σεϐάσμιον
3332 2708 3477 2781 αὐτῇ
3521 2707 3613 2762 καὶ
3655 2723 3787 2777 περι-

2234 2802 2422 2873 Χαρὲςο
2475 2801 2552 2864 ὡς
2593 2802 2736 2872 ἀρχῇ
2786 2801 2880 2854 καὶ
2931 2799 3080 2872 αἰτίᾳ
3133 2799 3240 2854 τῶν
3287 2786 3550 2856 ἀπάντων
3599 2797 3790 2868 ἀγαθῶν

2236 2892 2496 2964 ἀφοσιοῦν
2517 2911 2530 2924 ο
2567 2892 2648 2946 δεῖ
2672 2894 2741 2946 τὰ
2768 2896 2867 2965 τῆς
2900 2892 3175 2965 σωτηρίας
3205 2894 3494 2965 γεραίρειν
3522 2893 3785 2964 προοίμια·

2234 2983 2315 3037 δεῖ
2344 2987 2411 3056 τῇ
2464 2984 2572 3037 τῶν
2622 2983 2849 3038 δικαίων
2899 2982 3234 3055 συνησθῆναι
3292 2982 3577 3055 θυμηδίᾳ·
3620 2982 3692 3035 δεῖ
3734 2980 3787 3049 τῇ

2236 3076 2463 3130 ἐκείνων
2506 3075 2818 3147 συνεξᾲδειν
2849 3075 3212 3147 εὐχαριστίᾳ.
3256 3075 3478 3131 Μᾶλλον
3517 3068 3573 3129 δὲ
3616 3074 3665 3127 τὸ
3700 3072 3787 3124 πᾶν

2238 3166 2408 3236 αὐτῆς
2443 3165 2834 3231 ἀναλαϐόντας,
2861 3165 2935 3229 ὡς
2963 3164 3103 3236 ὑπὲρ
3127 3165 3365 3229 οἰκείων,
3398 3165 3618 3219 καὶτῶν
3641 3163 3786 3233 μάνων

2237 3260 2405 3324 ὅντως
2439 3259 2922 3331 εὐεργετημάτων,
2968 3258 3278 3313 ἀποδιδόναι
3321 3257 3401 3329 τῷ
3432 3258 3702 3329 εὐεργέτῃ.
3725 3252 3784 3307 Δι’

2237 3351 2399 3425 ἡμῶν
2428 3351 2537 3423 γὰρ
2580 3349 2809 3421 αὓτη,ἢ
2859 3350 2928 3403 δι’
2978 3350 3183 3422 ἑτέρων
3240 3350 3613 3422 ἀναφέρεσθαι
3642 3362 3786 3421 atpos-

2236 3445 2536 3516 οφείλεται,
2560 3446 2589 3516 ἡ
2599 3442 2717 3515 μῶν
2733 3443 2936 3514 μᾶλλον
2947 3442 3055 3497 τῶν
3073 3434 3262 3497 αἰτίων
3277 3443 3455 3515 αὐτῆς
3473 3438 3786 3496 ὲναπολαυόν-

2235 3556 2346 3591 των
2376 3537 2615 3607 δωρεῶν.
2660 3536 2824 3590 Ἀλλὰ
2862 3536 2991 3606 περὶ
3025 3536 3124 3607 μὲν
3168 3535 3374 3590 τούτων
3425 3536 3569 3590 οὕτω
3628 3531 3785 3603 καιρδς

2239 3631 2296 3686 δὲ
2324 3633 2458 3703 ἡμῖν
2513 3632 2570 3684 ἐν
2604 3631 2672 3702 τῇ
2703 3628 2813 3683 τῶν
2865 3630 3324 3698 συγκαλεσάντων
3371 3628 3598 3684 δικαίων
3636 3642 3783 3679 συνει-

2242 3722 2528 3793 λεγμένοις
2557 3721 2781 3792 εὐωχίᾳ,
2817 3722 2931 3783 τοῖς
2963 3720 3393 3792 ὑπερηδύνουσιν
3430 3718 3608 3774 αὐτῶν
3645 3718 3785 3786 Epeo-

2245 3814 2484 3885 ρηθῆναι
2513 3813 2977 3884 πλεονεκτήμασι,
3009 3813 3104 3865 καὶ
3125 3812 3270 3884 ἇπερ
3310 3812 3338 3864 ὁ
3361 3809 3646 3884 προλαόὼν
3670 3822 3783 3874 παρ-

2244 3906 2347 3975 ῆκε
2386 3904 2566 3973 λόγος,
2617 3903 2793 3963 ταῦτα
2842 3903 3378 3975 προπαραθεμένοις,
3406 3903 3515 3957 τῶν
3549 3901 3605 3966 ἐξ
3637 3896 3782 3954 αὐτῶν

2245 3995 2478 4069 ἡδίστων
2508 3994 2703 4049 ὲναπολ
2713 3994 2898 4050 αὖσαι.

554 4096 648 4165 qtti
682 4093 735 4148 in
770 4090 1186 4148 convoeantium
1228 4103 1327 4144 nos
1385 4087 1659 4157 justornm
1729 4088 2034 4158 magniﬁcis
2104 4088 2278 4160 epulis
2316 4086 2526 4143 collecti
2563 4089 2757 4154 simus,
2827 4086 3167 4142 dulcedinem
3216 4102 3436 4143 omnem
3484 4082 3780 4143 vincentibus

554 4202 746 4244 eorum
776 4182 1151 4256 prmrogativis
1174 4181 1239 4235 ad
1269 4182 1577 4237 satietatem
1601 4181 1939 4249 deliciemur,
1969 4193 2138 4254 utque
2175 4198 2238 4239 ea
2305 4191 2694 4254 proponentes,
2729 4196 2851 4252 quat
2900 4184 3151 4252 superior
3233 4183 3423 4238 omisit
3468 4196 3662 4248 sermo,
3688 4176 3779 4232 dul-

555 4277 782 4335 cissimo
815 4290 1007 4332 eorum
1041 4283 1197 4346 gustu
1235 4272 1499 4329 fruanmr.

628 4372 675 4426 is
702 4370 873 4435 enim,
919 4367 1170 4424 adductis
1201 4381 1266 4421 ac
1293 4381 1391 4437 pro
1422 4365 1563 4421 virili
1595 4364 1880 4436 explicatis
1911 4366 2133 4437 praecel-

2311 4363 2664 4437 Παραγαγὼν
2720 4365 2828 4436 γὰρ
2883 4358 3060 4432 οὗτος,
3111 4364 3208 4418 καὶ
3253 4364 3399 4419 κατὰ
3450 4365 3510 4418 τὸ
3542 4358 3775 4434 ὲγχωροῐν

555 4461 793 4518 lcutibus
823 4458 1072 4514 Jeacbim
1124 4457 1517 4529 prmrogativis,
1552 4469 1717 4526 utque
1745 4458 1797 4512 in
1834 4457 1951 4529 ipso
1979 4458 2132 4512 obla-

2239 4448 2610 4526 διάναπτύξας
2651 4455 2723 4510 τὰ
2754 4457 3164 4530 ὑπερανέχοντα
3207 4457 3467 4530 Ίωακεὶμ
3500 4452 3777 4516 πλεονεκτή-

554 4552 722 4609 tionis
767 4549 1075 4620 procinctu,
1121 4548 1375 4617 repulsus
1414 4563 1443 4600 a
1478 4548 1878 4602 contribulibns
1931 4547 2132 4601 invidia

550 4643 781 4715 percitis
813 4651 873 4697 ut
900 4656 969 4696 ne
1008 4638 1292 4711 magnifica
1334 4638 1558 4694 oli'erret
1594 4640 1756 4705 dona,
1806 4655 1995 4703 unum,
2023 4652 2132 4709 quo

551 4737 622 4791 ab
671 4749 856 4790 eorum
912 4732 1256 4802 improperiis
1307 4730 1651 4797 liberaretur,
1709 4728 2011 4799 perfugium
2065 4730 2132 4785 ad

552 4829 724 4882 Deum
755 4824 1025 4879 invenerit
1055 4841 1070 4879 :
1100 4839 1351 4894 quaenam
1393 4821 1521 4877 item
1561 4820 1679 4892 ejus
1710 4823 1764 4876 in
1801 4832 1985 4876 monte
2019 4821 2135 4876 fuc-

549 4918 624 4975 rit
656 4916 876 4972 homine
923 4914 1098 4985 major
1133 4913 1561 4985 perseverantia,
1611 4914 1932 4980 intensaque
1961 4913 2132 4975 absti-

551 5006 735 5064 nentia
761 5022 778 5075 ;
808 5020 930 5073 seu,
967 5015 1025 5061 ut
1046 5007 1235 5062 ‘verius
1266 5005 1465 5072 dicant,
1496 5004 1604 5056 vita
1639 5004 1887 5073 corporis
1911 5019 2131 5073 expers.

550 5098 709 5167 Quod
740 5099 887 5155 enim
924 5096 1103 5153 aliene
1146 5096 1354 5152 habens
1385 5109 1413 5149 a
1445 5093 1650 5148 carnali
1695 5092 2001 5158 aﬂectione,
2034 5110 2132 5147 na-

552 5200 689 5245 tum
748 5190 1025 5246 insuetum
1081 5187 1351 5258 jejunium
1414 5184 1723 5240 exercuerit
1783 5200 2129 5252 limumque,

556 5281 705 5336 velut
757 5281 940 5336 carnis
975 5290 1255 5349 expertem
1295 5279 1478 5332 dicere
1524 5276 1817 5346 compellit.
1853 5277 1985 5331 Cum
2018 5278 2133 5332 inec

553 5372 738 5442 itaque
764 5372 1011 5443 superior
1038 5371 1215 5426 oratio
1246 5370 1394 5425 brevi
1428 5369 1814 5440 StlggcsslSSEI,
1855 5370 1921 5423 ad
1956 5384 2130 5439 usque

551 5461 830 5517 oraculum
872 5459 1016 5531 quod
1051 5475 1149 5529 per
1174 5458 1425 5531 angelum
1467 5459 1670 5514 editum
1712 5469 1819 5523 est,
1857 5473 1976 5525 qua:
2005 5467 2135 5513 stmt

552 5554 789 5623 reliqua,
838 5568 903 5608 ac
937 5560 1185 5622 spectant
1217 5554 1285 5607 ad
1316 5561 1521 5606 castam
1554 5567 1618 5605 ac
1645 5550 1847 5619 justam
1884 5549 2129 5618 Annam,

553 5645 856 5701 indiscussa
901 5643 1145 5715 reliquit.
1177 5642 1293 5699 Non
1321 5641 1466 5696 velut
1494 5640 1631 5697 nihil
1663 5641 1917 5697 universe
1942 5643 2010 5697 de
2043 5642 2129 5698 illa

552 5744 900 5801 sermonibus
928 5743 1053 5800 aliis
1080 5759 1109 5798 a
1143 5744 1298 5799 nobis
1328 5742 1654 5812 explicatum
1690 5742 1781 5798 sit.
1815 5741 1873 5797 In
1902 5741 2134 5797 diversis

555 5833 737 5899 enim,
786 5844 1046 5902 quantum
1108 5833 1290 5898 licuit,
1336 5848 1400 5888 ea
1444 5832 1741 5890 dilucidaro
1786 5831 2129 5897 studuimus;

2244 4570 2411 4624 ματα,
2457 4552 2605 4614 ὅπως
2642 4567 2704 4603 τε
2740 4549 3047 4620 καλλιερῶν
3089 4550 3272 4621 φθόνῳ
3318 4550 3429 4604 τῶν
3469 4540 3776 4619 συμφυλετῶν

2239 4644 2568 4714 ἀπείργεται
2616 4640 2710 4715 τοῦ
2765 4643 2834 4696 τὰ
2896 4641 2998 4714 τῆς
3069 4640 3479 4713 μεγαλοψυχίας
3533 4635 3775 4705 ἀναφέρειν

2239 4736 2408 4807 δῶρα,
2440 4737 2535 4789 καὶ
2564 4735 2727 4819 ὅπως
2751 4735 2861 4823 τῶν
2901 4736 3032 4805 παρ’
3071 4736 3273 4805 ἑτέρων
3315 4731 3647 4804 ὀνειδισμῶν,
3679 4724 3775 4796 μίαν

2240 4828 2444 4898 ταύτην
2480 4816 2802 4899 ἀπαλλαγίξν
2848 4827 3189 4899 ὲφευρίσκει,
3222 4828 3320 4897 τὴν
3363 4829 3445 4893 είς
3475 4824 3603 4880 Θεὸν
3644 4833 3774 4874 κατα-

2241 4921 2421 4992 φυγήν
2443 4937 2458 4952 ο
2495 4920 2582 4984 τίς
2615 4937 2675 4973 τε
2720 4924 2754 4991 ἡ
2788 4921 2929 4993 ὑπὲρ
2970 4920 3257 4992 ἄνθρωπον
3307 4919 3473 4974 αὐτοῦ
3508 4921 3564 4971 ἐν
3595 4912 3665 4984 τῷ
3689 4909 3776 4977 δρει

2241 5012 2509 5083 καρτερία
2538 5012 2634 5066 καὶ
2663 5013 3036 5083 ὲπιτεταμένη
3063 5013 3248 5066 ἀσιτία
3271 5027 3285 5041 ·
3312 5011 3518 5078 μᾶλλον
3545 5000 3772 5069 δὲείπεῖν,

2240 5103 2504 5175 ἀσαρκία.
2540 5102 2613 5157 Τὸ
2640 5102 2749 5175 γὰρ
2784 5102 3069 5173 ἀλλότριον
3099 5102 3262 5155 αὐτὸν
3287 5103 3385 5172 τῆς
3412 5096 3666 5173 σαρκικῆς
3689 5091 3774 5142 δια·

2241 5192 2467 5263 τεθῆναι
2500 5193 2764 5263 σχέσεωςι
2807 5195 2902 5247 καί
2937 5192 3098 5263 ξένην
3137 5194 3238 5264 τῆς
3281 5191 3496 5262 φύσεως
3526 5189 3772 5252 διακαρτε-

2245 5290 2408 5358 ρῆσαι
2444 5286 2723 5356 νηστείαν,
2756 5286 2997 5357 ἀσαρκον
3028 5280 3170 5340 εἶναι
3210 5286 3390 5353 λέγειν
3429 5282 3603 5354 σχεδὸν
3632 5286 3772 5342 παραο

2243 5376 2521 5440 σκευάζει.
2570 5376 2928 5447 ’Υπομνήσας
2981 5373 3074 5431 οὖν
3128 5377 3305 5432 ταῦτα
3365 5376 3455 5430 διὰ
3498 5358 3771 5445 βραχέωνὸ

2241 5468 2419 5537 λόγος,
2461 5470 2624 5540 μέχρι
2646 5470 2741 5522 τοῦ
2775 5470 2843 5523 δι’
2877 5470 3111 5539 ἀγγέλου
3152 5470 3292 5540 πρδς
3320 5469 3479 5522 αὑτὸν
3520 5456 3771 5534 γενομένου

2241 5576 2344 5633 χρη
2355 5556 2652 5630 ματισμοῢ,
2690 5560 2757 5614 τὰ
2787 5558 2916 5631 ἑξῆς
2935 5577 3016 5626 τε,
3057 5560 3150 5613 καὶ
3176 5561 3241 5613 τὰ
3268 5560 3395 5632 περὶ
3419 5558 3514 5628 τῆς
3540 5552 3769 5633 σώφρονρς

2242 5651 2338 5705 καὶ
2359 5651 2576 5715 δικαίας
2592 5651 2794 5723 ’Ᾱννης
2815 5651 3118 5724 παρέλιπεν
3143 5650 3473 5717 ἀνεξέταστα
3488 5666 3500 5679 ο
3516 5646 3573 5701 ού
3590 5643 3648 5711 τῇ
3666 5632 3770 5724 καθ’

2240 5742 2364 5797 όλου
2402 5745 2513 5799 τῶν
2547 5745 2677 5816 περὶ
2700 5745 2877 5813 αὐτῆς
2900 5723 3103 5814 λόγων
3158 5742 3457 5808 ἀναπτύξει
3497 5742 3586 5813 (ἐν
3614 5723 3766 5816 tua/{-

2245 5851 2357 5905 ροις
2387 5834 2493 5906 γὰρ
2509 5815 2680 5890 ταῦτα
2705 5837 2847 5893 κατά
2871 5840 2931 5891 τὸ
2958 5838 3091 5906 ἡμῖν
3120 5838 3337 5906 ἐφικτὸν
3360 5837 3437 5889 διε
3451 5815 3762 5901 ταφήσαμενὶι
