4024 6468
294 445 426 515 1357

1355 451 1437 511 ΙΝ
1479 445 2066 510 CONCEPTIONEM
2107 448 2166 509 S.
2208 447 2453 511 ΑΝΝΕ.

3424 445 3562 509 1353

287 566 348 618 ἐν
380 562 437 615 δὲ
464 563 533 632 τῇ
581 559 834 634 παρούσῃ
878 559 1140 632 θυμηδίᾳ,
1175 558 1267 613 καὶ
1308 562 1375 631 τῇ
1420 560 1655 631 φιλοθέῳ
1699 559 1874 630 ταύτῃ

1980 557 2122 612 hami
2165 565 2344 611 tamen
2385 557 2438 610 in
2466 556 2713 625 praesenti
2760 554 2970 621 Izetitia,
3002 571 3066 612 ac
3101 555 3350 626 religioso
3382 571 3562 613 vestro

283 653 580 726 ὁμηγύρει,
629 652 901 723 οὐδαμῶς.
945 652 1037 705 Διὸ
1069 651 1175 723 χρὴ
1215 651 1312 705 καὶ
1355 652 1595 722 σήμερον
1643 650 1711 703 τὰ
1743 650 1873 721 περ)⁴

284 743 492 813 ταύτης
506 741 797 812 διεξελθεῖν
820 742 1104 814 πρότερον,
1132 739 1235 796 εἷθ’
1258 742 1404 817 ούτω
1423 741 1492 795 τά
1518 741 1876 795 ἐπιλείποντα

282 838 389 906 τῆς
431 834 743 898 ὑποθέσεως
770 835 837 889 δι’
873 835 1230 903 ἀναπτύξεως
1268 835 1449 890 αὐτῶν
1480 838 1594 899 τοῖς
1634 835 1877 889 συνειλεο

282 928 513 998 γμένοις
540 926 884 998 προσθεῖναι.
899 927 1115 999 Ὥσπερ
1142 927 1253 1001 γὰρ
1284 929 1378 984 τὸν
1409 928 1789 1001 μεγαλόψυχόν
1815 944 1875 981 τε

283 1020 448 1091 ὁμοῦ,
496 1021 592 1075 καὶ
640 1021 780 1093 πρὸς
829 1020 1111 1091 φιλοθεϊαν
1157 1022 1431 1091 διάπυρον
1460 1022 1723 1092 Ἰωακεὶμ
1767 1019 1874 1090 πρὸ

285 1112 524 1185 βραχέος
564 1115 625 1168 ἐν
663 1114 987 1186 ὑπερέχοντι
1018 1115 1227 1186 ἤγομεν
1271 1114 1535 1187 θαύματι,
1578 1114 1728 1176 ὃπως
1774 1112 1875 1182 μὲν

282 1202 428 1273 ’πρὸς
457 1202 526 1256 τὰ
546 1205 730 1258 είκαϊα
757 1203 866 1257 τῶν
905 1204 1173 1259 Ἰουδαίων
1195 1205 1296 1258 οὐκ
1325 1203 1661 1278 ἀντιδιετέθη
1687 1201 1875 1274 σκὼμε

287 1309 463 1364 ματα,
494 1293 591 1347 καὶ
617 1292 719 1364 τὴν
748 1294 957 1364 αὐθάδη
987 1295 1097 1349 τῶν
1122 1295 1494 1360 ὀνειδιζόντων
1525 1295 1627 1348 οὐκ
1647 1293 1878 1348 ἐπεστό-

287 1401 452 1457 μισεν
507 1385 861 1451 ἀλαζονείαν,
895 1386 1099 1459 μηδένα
1144 1388 1247 1457 μὲν
1293 1387 1512 1450 δεικνὺς
1564 1403 1873 1457 παρακεκι-

281 1477 492 1549 νῆσθαι
520 1478 684 1549 νόμον
719 1480 779 1533 ἐν
818 1482 935 1543 τοῖς
980 1479 1416 1550 ἀνατιθεμένοις,
1446 1480 1627 1551 φθόνῳ
1670 1480 1745 1543 δὲ,
1776 1481 1875 1549 τὴν

279 1570 702 1641 ἀπροφάσιστον
743 1572 864 1626 κατ’
886 1571 1054 1625 αὑτοῦ
1085 1571 1444 1642 ἐπινοηθῆναι
1480 1571 1680 1641 σκῆψιν
1705 1586 1718 1600 ’
1756 1570 1875 1635 πῶς

279 1662 347 1716 δὲ
370 1661 624 1733 καθάπερ
652 1662 881 1729 τούτων,
912 1661 1056 1717 οὕτω
1086 1664 1183 1716 καὶ¹
1214 1664 1326 1717 τῶν
1360 1665 1478 1719 κατ’
1521 1659 1670 1718 οἷκον
1704 1663 1879 1717 ἀπάν-

279 1771 402 1809 ⁴ιτων
431 1757 883 1826 καταφρονήσας,
909 1755 1028 1826 Θεῷ
1058 1756 1157 1826 μὲν
1189 1756 1337 1827 μόνῳ
1366 1756 1434 1808 τά
1466 1757 1594 1827 περὶ
1621 1755 1714 1810 τοῦ
1738 1755 1878 1827 πρά-

281 1863 502 1919 γματος
530 1847 866 1915 ἀνατίθεται,
898 1848 996 1919 τὴν
1025 1848 1283 1919 ὑπερφυᾶ
1306 1848 1363 1902 δὲ
1393 1848 1691 1919 καρτερίαν
1721 1849 1779 1901 ἐν
1807 1850 1871 1920 τῇ

1977 658 2266 705 conventu.
2290 646 2656 715 Quamobrem
2685 660 2898 718 oportet
2921 658 2998 713 ut,
3029 648 3266 704 breviter
3291 664 3562 715 praeenar-

1976 743 2111 798 ratis
2141 758 2260 812 quae
2290 743 2357 798 ad
2390 758 2510 798 eam
2555 750 2826 814 spectant,
2860 758 2982 813 qua:
3008 745 3313 812 argumenti
3349 744 3559 813 reliqua

1978 842 2128 900 sunt,
2174 846 2359 890 vesxro
2389 835 2649 905 deinceps
2683 836 2874 900 coetui,
2905 836 3229 907 explicanda
3269 851 3558 907 apponam.

1977 923 2446 992 Quemadmodum
2480 929 2623 982 enim
2658 928 2820 997 paulo
2847 937 2994 993 ante,
3037 927 3382 995 magniﬁcum
3417 930 3564 998 pari--

1978 1026 2063 1071 ter
2085 1016 2332 1073 Joachim
2379 1020 2644 1087 animum,
2699 1017 2923 1090 ejusque
2963 1021 3013 1074 in
3048 1018 3218 1075 Deum
3272 1034 3560 1075 accensam

1977 1107 2233 1178 pietatem
2294 1113 2528 1167 maxima
2583 1114 2818 1182 quadam
2871 1113 3234 1170 admiratione
3289 1113 3562 1182 prosecuti

1976 1216 2198 1269 smnus,
2237 1212 2294 1256 ut
2342 1203 2599 1257 nimirum
2658 1218 2764 1258 non
2820 1202 2987 1260 fuerit
3047 1215 3230 1261 motus
3283 1206 3562 1260 contrario

1978 1291 2173 1349 allecto
2223 1295 2289 1359 ad
2339 1292 2687 1360 Judteorum,
2742 1297 2939 1366 quibus
2994 1297 3369 1353 incessebatur
3421 1312 3561 1350 vana

1976 1395 2301 1452 seommata,
2336 1402 2435 1441 nec
2477 1388 2737 1442 audacem
2771 1389 3253 1459 llltpl‘0[K‘l'altllltlll
3294 1404 3561 1459 auagan-

1979 1477 2109 1530 tiam
2169 1479 2585 1546 compresserit,
2634 1479 2809 1549 palam
2841 1483 3133 1537 ostendens
3180 1482 3380 1547 nullam
3412 1498 3473 1539 se
3506 1484 3559 1535 iu

1976 1568 2179 1624 oblatis
2210 1569 2444 1625 violasse
2477 1569 2677 1641 legem,
2728 1572 2955 1641 solaque
3002 1587 3098 1628 eos
3150 1574 3376 1639 invidia,
3426 1574 3563 1631 nihil

1979 1676 2160 1716 causa:
2195 1662 2484 1718 habentem
2518 1674 2708 1718 contra
2742 1665 2917 1734 ipsum
2966 1666 3311 1736 excogitasse
3356 1667 3563 1721 calnnt-
3643 1671 3651 1678 '

1978 1754 2124 1808 niam
2161 1773 2174 1808 :
2216 1763 2273 1809 ut
2309 1757 2460 1821 item,
2495 1757 2634 1812 sicut
2668 1757 2811 1821 istis,
2845 1758 2919 1811 ita
2949 1767 3002 1813 et
3035 1759 3353 1815 domesticis
3380 1761 3563 1814 omni-

1982 1843 2083 1900 bus
2111 1845 2395 1917 neglectis,
2432 1846 2485 1901 in
2522 1847 2687 1903 Deum
2735 1848 2907 1904 solum
2946 1848 3023 1904 rei
3056 1865 3326 1905 summam
3364 1849 3565 1904 retule-

281 1938 486 2011 ἐρήμῳ
519 1937 880 1993 ἐνδείκνυται.
919 1939 1134 2010 Ὥσπερ
1161 1934 1257 1993 οὖν
1287 1938 1356 1993 τὰ
1383 1937 1481 1993 τοῦ
1521 1939 1735 1993 δικαίου
1755 1940 1878 1994 τότε

1985 1937 2074 2000 rit,
2104 1938 2409 2006 eximieque
2435 1957 2483 1992 m
2513 1939 2734 1994 rabilem
2761 1941 3224 2009 perseverantiam
3260 1941 3311 1995 in
3343 1940 3565 1997 deserto

279 2028 786 2108 διαναπτύσσοντες
813 2032 1292 2105 πλεονεκτήματα,
1324 2031 1384 2086 τὸ
1413 2032 1752 2104 ὑπερανέχον
1780 2033 1877 2087 αὑ-

279 2122 400 2177 τῶν
421 2121 832 2194 ἐθαυμάζομεν,
855 2124 1000 2179 οὕτω
1022 2126 1115 2179 καὶ
1145 2126 1215 2181 τὰ
1234 2129 1331 2197 τῆς
1348 2108 1624 2197 ὁμοζύγου
1652 2126 1873 2199 Ἀννης,

278 2214 453 2286 εἰπερ
473 2213 541 2271 ἂν
570 2214 652 2278 είς
680 2216 848 2286 μέσον
866 2215 947 2287 τῷ
962 2215 1108 2287 λόγῳ
1129 2217 1580 2289 παραγάγωμεν,
1600 2218 1877 2290 κατορθώ-

284 2327 461 2382 ματα,
494 2308 573 2382 τῷ
614 2308 943 2382 καταλλήλῳ
975 2310 1186 2374 τούτοις
1221 2309 1697 2382 συνανυψὼσωμεν
1741 2311 1876 2365 θαύ-

287 2418 449 2473 ματι.
494 2399 725 2473 Ἐπίσης
768 2401 879 2472 γὰρ
919 2402 1016 2456 καὶ
1058 2403 1198 2474 αὐτῇ
1229 2403 1291 2456 τὸ
1314 2404 1417 2474 τῆς
1464 2404 1742 2475 ὑπομονῆς
1788 2403 1878 2458 οιαὶ

282 2494 614 2565 καρτερίας,
641 2494 843 2565 μᾶλλον
873 2494 930 2548 δέ
972 2496 1302 2568 ὑπερέχοντι
1345 2496 1633 2563 δοξάζεται
1682 2498 1879 2551 πλεον-

280 2589 424 2661 εκτή
433 2606 586 2658 ματι.
604 2588 782 2649 Πολλά
797 2590 939 2644 δὲτὰ
962 2589 1513 2662 παριστῶνταστοῦτο,
1540 2592 1636 2645 καὶ
1652 2592 1732 2656 είς
1755 2592 1879 2662 δψιν

282 2682 498 2751 ἄγοντα
535 2685 648 2747 τοῖς
696 2682 1047 2754 βουλομένοις
1094 2682 1435 2755 πράγματα·
1466 2684 1526 2737 οἵ
1551 2701 1610 2737 τε
1655 2686 1765 2756 γὰρ
1807 2685 1879 2740 δι’

285 2775 546 2831 ἀτεκνίαν
579 2777 733 2848 παρὰ
773 2775 870 2830 τοῦ
901 2777 1090 2845 γένους
1124 2777 1442 2848 ὀνειδισμοὶ,
1473 2777 1567 2831 καὶ
1599 2779 1631 2849 ἡ
1681 2777 1879 2845 ἄδηλος

281 2868 387 2922 τοῦ
412 2867 608 2940 ἀνδρὸς
649 2869 933 2941 ἀποδημία
955 2885 970 2899 °
1014 2870 1151 2940 πρὸς
1177 2869 1390 2936 τούτοις
1434 2870 1531 2924 καὶ
1560 2870 1628 2923 τὰ
1667 2869 1880 2940 τολμώ-

290 2975 435 3030 μενα
479 2959 584 3030 τῆς
611 2960 877 3024 οίκέτιδος
917 2959 1257 3031 σκώμματα,
1298 2961 1393 3015 καὶ⁵
1439 2962 1495 3014 αἱ
1525 2960 1593 3015 δι’
1624 2961 1880 3015 ἀπαιδίαν

285 3051 762 3123 ἐπιφημιζόμεναι
821 3052 974 3124 παρά
1022 3054 1132 3106 τῶν
1179 3054 1543 3125 συμφυλετῶν
1590 3055 1742 3126 ἀραὶ,
1786 3055 1879 3106 καὶ

284 3141 428 3213 παρ’
481 3140 655 3212 αὐτῆς
694 3142 915 3212 ἐκείνης
952 3144 1035 3205 είς
1078 3142 1222 3214 ὀψιν,
1251 3144 1542 3215 ἀγόμεναι,
1576 3147 1671 3198 καὶ
1716 3146 1765 3198 οἳ
1811 3145 1880 3199 δι’

285 3233 657 3306 ὑπομνήσεως
698 3234 800 3304 τῆς
844 3236 1071 3288 ἐκείνων
1105 3235 1340 3308 ὀξύτερα
1372 3239 1442 3291 τὰ
1475 3237 1619 3292 κατὰ
1661 3239 1760 3307 τῆς
1798 3238 1877 3292 δι-

287 3323 459 3388 καίας
483 3324 817 3397 ἐπαφιείσης
847 3324 1000 3398 βέλη,
1027 3326 1090 3380 τὸ
1116 3325 1361 3382 τοιοῦτον
1392 3328 1872 3385 ἐπιϐεϐαιώσαιεν.

302 3417 471 3473 Ἀλλά
502 3418 602 3489 τὴν
626 3421 929 3491 καρτερίαν
958 3421 1297 3476 ἀντιτιθετσα
1326 3425 1440 3486 τοῖς
1475 3424 1880 3493 συμπίπτουσιν

288 3513 328 3583 ἡ
361 3512 531 3567 Ἀννα
558 3512 848 3583 λυπηροῖς,
892 3513 1099 3584 ἔπασχε
1137 3514 1259 3581 μὲν,
1293 3513 1372 3584 τῷ
1418 3515 1492 3586 μὴ
1538 3516 1881 3585 ἀναισθήτως

289 3597 442 3668 ἔχειν
485 3598 622 3668 πρὸς
664 3597 858 3664 ταῦτα,
893 3600 955 3653 οὐ
982 3601 1356 3656 κατεϐάλλετο
1393 3602 1450 3655 δὲ
1489 3603 1585 3657 τοῦ
1618 3605 1716 3675 τῆς
1744 3605 1878 3659 ὑπο-

296 3691 468 3762 μονῆς
499 3689 688 3761 ὓψους,
724 3691 758 3764 ἢ
791 3693 931 3764 πρὸς
967 3694 1211 3766 ἀθυμίας
1245 3697 1636 3770 ταπεινότητα,
1671 3699 1704 3771 ἢ
1741 3700 1881 3768 πρὸς

290 3782 676 3854 ἀγανάκτησιν
729 3785 838 3839 τῶν
884 3787 1302 3857 ἐπιτιθεμένων.
1354 3789 1517 3844 Ὅθεν
1575 3790 1699 3844 ούδέ
1744 3791 1881 3863 πρὸς

288 3876 420 3947 τούς
450 3875 811 3941 ὀνειδίζοντας
843 3879 1291 3949 ἀντιφθέγγεται,
1323 3882 1447 3937 οὐδὲ
1477 3884 1615 3954 πρὸς
1634 3886 1736 3955 τὴν
1763 3885 1880 3938 ἄδι-

290 3979 392 4020 κον
420 3966 602 4021 αὐτῶν
652 3968 946 4039 ἐπίπληξιν
989 3970 1463 4028 ἀντικαθίσταται.
1494 3976 1568 4029 Οὐ
1616 3976 1883 4048 φίὶονερᾶς

291 4053 436 4113 εἶναι
463 4058 615 4128 λέγει
649 4066 1029 4132 προαιρέσεως
1053 4064 1154 4134 τὴν
1187 4068 1670 4140 προφασιζομένην
1695 4069 1880 4133 αὐτοῖς

292 4152 676 4223 παρανομίαν·
729 4154 957 4225 γνώμης
1004 4156 1214 4221 οἰκείας
1265 4157 1512 4230 εὕρημα,
1550 4163 1644 4214 καὶ
1689 4162 1789 4215 οὐκ
1824 4164 1882 4215 ἐν

291 4245 900 4316 γράμμασι,κείμενον
948 4247 1011 4300 τὸ
1058 4248 1431 4319 κακούργημα
1484 4251 1644 4305 τοῦτο
1709 4269 1881 4325 προσ-

290 4336 566 4402 ονειδίζει.
610 4340 683 4391 Οὐ
717 4343 782 4411 τῇ
820 4339 915 4393 τοῦ
960 4341 1150 4409 γένους
1191 4343 1432 4415 ὑπεροχῇ
1483 4347 1877 4417 σεμνυνομένη,

290 4426 392 4479 καὶ
423 4427 500 4498 τῷ
536 4427 629 4482 τοῦ
665 4428 781 4498 βίου
829 4432 1221 4504 ἀνεπιπλάστῳ
1266 4436 1697 4507 συνεργουμένη,
1738 4439 1882 4507 παρ-

294 4519 462 4590 ρησίᾳ
496 4520 595 4589 μὲν
626 4522 809 4584 αὐτοῖς
846 4523 1232 4592 ἀντικατέστη,
1258 4526 1319 4578 τὸ
1359 4526 1533 4598 θρασὺ
1567 4527 1746 4582 δὲκαὶ
1779 4546 1884 4582 πα-

296 4612 528 4683 ράλογον
561 4616 663 4685 τῆς
694 4615 877 4668 αὐτῶν
911 4617 1284 4688 ἐγχειρήσεως
1308 4618 1603 4690 ἐξελέγχει.

364 4807 525 4860 Οὕτω
553 4806 646 4861 καὶ
666 4805 1052 4861 τοῖνκοινωνοῦ
1087 4807 1188 4877 τῆς
1230 4809 1453 4879 ἀρετῆς,
1490 4811 1583 4863 καὶ
1623 4812 1722 4882 τῆς
1751 4811 1882 4882 ὅλης

292 4897 445 4970 ζωῆς
488 4899 731 4969 ἀφανοῦς
784 4900 1095 4968 γεγονότος,
1143 4900 1204 4954 ού
1251 4899 1471 4971 περιῄει
1508 4902 1880 4974 ἀναζητοῦσα,

294 4995 391 5047 καὶ
423 4993 631 5056 πάντας
660 4993 739 5055 εἰς
768 4992 904 5047 αὐτὸ
929 4991 1088 5045 τοῦτο
1111 4993 1238 5054 τοὺς
1270 4994 1547 5061 γιωστοὺς
1583 4997 1884 5064 συγκαλού-

297 5085 472 5155 μένησ
522 5084 624 5137 οὐκ
661 5084 761 5153 ὀρη
802 5084 1055 5156 διερευνᾷ
1087 5086 1183 5138 καὶ
1211 5084 1415 5150 τόπους
1455 5087 1878 5159 ἀνυπονοήτους,

293 5178 394 5232 καὶ
428 5177 600 5231 πολὺν
635 5180 733 5248 μὲν
762 5177 855 5230 τὸν
898 5177 1132 5249 θόρυϐον
1160 5179 1216 5231 ἐν
1261 5177 1338 5249 τῷ
1372 5179 1540 5248 γένει,
1595 5181 1796 5253 πολλὴν
1824 5183 1881 5235 δὲ

292 5269 397 5340 τὴν
428 5269 774 5338 κατάγνωσιν
822 5269 966 5322 κατὰ
1000 5267 1094 5322 τοῦ
1130 5269 1613 5341 ἀποδεδημηκότος
1663 5273 1878 5345 ἐπιϐοᾷ,

293 5360 373 5424 ὡς
396 5359 678 5431 ἀλλότριόν
708 5377 762 5414 τι
800 5362 902 5430 τῆς
929 5361 1236 5426 κοινωνίας,
1277 5365 1373 5415 καὶ⁵
1401 5362 1758 5434 συμϐιώσεως
1790 5366 1882 5436 βε-

294 5452 664 5521 δουλευμένου
688 5471 703 5486 ο
739 5454 817 5517 ὡς
843 5453 1002 5524 ξένην
1029 5454 1132 5523 τῆς
1161 5455 1437 5526 προτέρας
1459 5456 1674 5518 εὐνοίας
1703 5459 1883 5511 ἐπιδε-

294 5543 587 5614 δειγμένον
631 5545 983 5617 προαίρεσιν·
1028 5542 1104 5605 ὡς
1133 5544 1403 5600 διελόντος
1439 5547 1738 5614 συνάφειαν
1782 5547 1883 5615 φύ-

297 5652 467 5701 σεως·
499 5637 577 5701 ὡς
602 5638 767 5707 νόμου
814 5637 907 5691 τοῦ
948 5636 1311 5708 συνδήσαντος
1343 5636 1694 5709 θεσπίσματα
1743 5656 1884 5710 παρ-

299 5729 527 5794 ιδόντος,
588 5731 682 5784 καὶ
736 5731 956 5783 πάντων
1002 5728 1110 5785 τῶν
1174 5731 1296 5784 κατ’
1351 5726 1498 5784 οἶκον
1531 5731 1881 5803 ύπεριδόντος

296 5819 666 5890 πραγμάτων.
725 5820 917 5874 οὐδενὶ
966 5821 1172 5873 τούτων
1225 5823 1257 5892 ή
1307 5823 1481 5876 Ἀννα
1538 5822 1598 5876 τὸ
1638 5824 1881 5894 ἄτρωτον

297 5909 515 5983 ἐπλήγη
543 5910 644 5983 τῆς
674 5912 932 5984 γνώμηςο
968 5912 1105 5966 ἀλλὰ
1140 5912 1249 5965 τῶν
1290 5913 1390 5985 μὲν
1429 5913 1773 5986 ὀνειδισμῶν,
1806 5914 1881 5979 ὡς

1977 2028 2295 2084 ostenderit.
2326 2029 2397 2085 Ut
2427 2040 2553 2087 tunc
2597 2045 2728 2100 ergo
2757 2031 3090 2102 explicantes
3137 2035 3233 2089 viri
3262 2033 3395 2103 justi
3426 2049 3566 2103 prec

1981 2121 2280 2190 rogativas,
2306 2136 2490 2177 earum
2532 2122 2914 2178 esteellentiam
2943 2139 3133 2179 smnus
3158 2124 3413 2179 demirati
3438 2142 3453 2191 ;
3483 2123 3565 2178 sic

1976 2222 2031 2265 et
2059 2211 2307 2284 conjugis
2343 2213 2537 2281 Anum,
2578 2224 2637 2268 ut
2667 2215 2718 2269 in
2752 2215 2986 2275 medium
3021 2217 3339 2271 disserendo
3386 2216 3561 2287 addu-

1976 2319 2164 2361 camus
2224 2305 2487 2371 facinora,
2539 2308 2656 2373 pari
2701 2304 3188 2363 ca'admiratione
3244 2306 3559 2365 emerentus.

1977 2396 2197 2467 IEquali
2249 2400 2394 2457 enim
2445 2401 2704 2468 patientia
2756 2409 2979 2469 praestat
3015 2416 3078 2455 ac
3107 2402 3560 2472 perseverantia;

1977 2491 2132 2560 quin,
2167 2501 2222 2546 et
2253 2492 2422 2549 vincit
2471 2491 2656 2562 gloria:
2707 2492 2947 2548 cumulo.
3009 2491 3181 2548 Porro
3232 2492 3389 2562 plura
3439 2504 3567 2548 sunt

1978 2598 2100 2653 quae
2128 2583 2232 2642 hoc
2261 2592 2530 2648 astruant,
2558 2598 2623 2639 ac
2650 2582 2796 2638 velut
2832 2583 3133 2651 subiiciunt
3161 2584 3359 2651 oculis,
3389 2595 3447 2641 ut
3473 2587 3566 2639 οιιί

1978 2676 2221 2730 animum
2258 2675 2445 2730 iubeat
2485 2676 2765 2731 adhibere.
2812 2676 3039 2748 Aerope,
3072 2693 3194 2732 eum
3235 2679 3404 2732 Amne
3437 2693 3569 2747 pen—

1981 2769 2155 2823 tilium
2200 2768 2252 2822 in
2303 2783 2423 2821 eam
2475 2767 2723 2823 convicia
2775 2769 2845 2823 ob
2878 2768 3292 2825 iniecunditatis
3348 2770 3561 2833 vitium,

1982 2873 2094 2915 tum
2126 2860 2307 2931 ignota
2348 2861 2448 2914 viri
2493 2863 2774 2925 absentia;
2819 2864 2885 2917 ad
2914 2864 3035 2919 haec
3070 2878 3199 2917 vero
3235 2875 3564 2932 praesumpta

1978 2953 2191 3009 ancilla-
2225 2954 2475 3019 dicteria,
2516 2968 2773 3024 quasque
2801 2970 2987 3008 rumor
3014 2964 3170 3008 erant
3195 2954 3405 3024 jactare
3428 2969 3566 3010 cou-

1982 3047 2211 3101 tribules
2243 3046 2555 3102 sterilitatis
2579 3047 2977 3111 exsecratione,
3003 3047 3153 3102 diras
3187 3064 3203 3101 :
3233 3049 3422 3101 eadem
3449 3048 3564 3115 ipsa

1981 3141 2174 3196 ancilla
2208 3143 2277 3196 ob
2310 3141 2496 3195 oculos
2526 3152 2785 3211 ponente,
2819 3155 2884 3195 ac
2926 3156 3120 3195 earnm
3170 3156 3568 3196 commemora-

1986 3236 2133 3288 tione
2198 3233 2618 3303 penelrabiliora
2677 3233 2729 3287 in
2783 3232 3040 3286 fetninam
3112 3233 3316 3303 justam
3384 3234 3567 3303 jaenla

1984 3328 2260 3398 iniigente.
2303 3326 2596 3383 Enimvero
2631 3342 2909 3396 opponens
2944 3330 3123 3390 Anna,
3158 3328 3243 3395 iis,
3274 3344 3392 3397 qua:
3421 3331 3568 3383 velut.

1980 3418 2216 3491 agtnine,
2258 3420 2436 3474 tristia
2467 3421 2775 3486 irruebant,
2808 3419 3191 3475 sustinentiam
3223 3421 3414 3485 animi,
3446 3420 3564 3475 alli-

1978 3512 2225 3569 ciebatnr
2276 3512 2517 3581 quidem,
2565 3520 2727 3566 utne
2779 3512 2902 3566 sine
2954 3526 3121 3567 sensu
3173 3512 3241 3566 ad
3269 3527 3334 3568 ea
3367 3514 3569 3569 habere

1981 3604 2298 3663 videretur;
2347 3604 2490 3659 haud
2536 3614 2720 3659 tamen
2753 3619 2783 3658 α
2816 3603 3037 3659 sublimi
3088 3605 3369 3674 patientia:
3416 3622 3566 3671 arte,

1981 3693 2064 3746 vel
2107 3694 2158 3746 in
2202 3691 2404 3767 defecti
2453 3693 2623 3748 animi
2664 3694 3051 3764 abjectionem,
3100 3696 3186 3750 vel
3223 3697 3278 3750 in
3321 3698 3571 3768 indigna-

1981 3785 2147 3840 tionis
2178 3796 2407 3849 motnm,
2454 3801 2552 3855 pro
2590 3786 2658 3841 iis
2687 3787 2889 3857 quith
2938 3789 3081 3844 male
3122 3789 3440 3856 habebatur,
3477 3793 3574 3845 de-

1975 3880 2119 3946 jecta
2154 3882 2272 3933 fuit.
2299 3878 2454 3935 Unde
2474 3894 2652 3947 neque
2676 3880 2879 3949 aliquid
2904 3881 3165 3936 adversus
3192 3884 3570 3940 cmniciatttes

1983 3971 2289 4037 rcSpondet,
2323 3985 2502 4040 neque
2546 3971 2812 4025 adversus
2862 3970 3120 4038 injustam
3167 3987 3356 4026 eorum
3390 3977 3573 4027 incre-

1984 4067 2255 4134 pationem
2292 4064 2543 4133 insurgit.
2583 4061 2697 4117 Non
2753 4063 2933 4116 livida:
2975 4063 3268 4119 voluntatis
3296 4066 3393 4128 ait,
3422 4068 3569 4134 quod

1983 4157 2352 4224 pra-texebant
2386 4155 2565 4210 scelus
2597 4174 2610 4209 :
2647 4170 2753 4209 non
2795 4170 2906 4211 sua:
2954 4156 3192 4226 ipsorum
3243 4159 3443 4211 mentis
3487 4159 3574 4211 in-

1984 4261 2225 4309 ventum,
2277 4262 2380 4302 nec
2417 4248 2543 4310 tale,
2574 4256 2637 4299 ut
2666 4247 2721 4299 in
2751 4246 3036 4316 Scriptura
3083 4261 3242 4301 sacra
3278 4247 3568 4313 habeatur,

1983 4339 2312 4395 maleficium
2363 4339 2679 4410 exprobrat.
2738 4339 3065 4409 Quanquam
3096 4339 3297 4394 eximia
3349 4344 3572 4410 generis

1984 4432 2267 4486 nobilitate
2324 4432 2627 4497 honestate,
2679 4446 2744 4484 ac
2791 4429 3128 4501 suﬂragattte
3175 4433 3281 4485 vita
3328 4435 3568 4493 sincera,

1984 4540 2084 4581 nec
2135 4527 2214 4581 eis
2269 4528 2526 4581 audacter
2593 4528 2834 4596 restitit,
2905 4542 3007 4583 nee
3080 4545 3270 4584 eorum
3339 4542 3573 4587 conatus

1913 4658 1955 4711 η
1987 4618 2387 4685 temeritatem,
2465 4619 2813 4690 alienamque
2860 4635 2892 4676 α
2939 4621 3154 4677 ratione
3231 4624 3569 4681 molitionem

1984 4712 2250 4780 coarguit.

2060 4800 2151 4856 Sic
2177 4803 2368 4867 etiam,
2415 4817 2536 4857 cum
2581 4803 2820 4871 virtutis,
2852 4820 2916 4861 ac
2949 4808 3116 4862 totius
3150 4808 3276 4866 vine
3306 4811 3573 4867 rationem

1983 4895 2167 4949 socius
2208 4907 2330 4948 sese
2358 4895 2703 4963 occultasset,
2737 4912 2841 4950 non
2872 4898 3124 4953 circuivit
3155 4916 3427 4972 quaerens,
3470 4919 3574 4957 no-

1986 4996 2178 5057 tosque
2210 5002 2401 5042 oumes
2432 4989 2497 5041 ad
2528 4989 2774 5043 eamdem
2799 5004 3108 5047 convocans
3138 4995 3569 5063 inquisitionem.

1986 5077 2100 5132 Non
2154 5086 2365 5134 montes
2405 5089 2708 5145 scrutatur,
2754 5096 2820 5135 ac
2857 5081 2975 5137 loca
3028 5084 3343 5154 improvisa,
3388 5087 3573 5141 suisve

1983 5170 2277 5241 gentilibus
2310 5170 2533 5226 multam
2567 5175 2928 5227 turbationem
2967 5174 3208 5244 facessit,
3242 5187 3357 5232 vtro
3388 5188 3570 5234 autem

1987 5262 2213 5316 ltttllllllll
2248 5254 2315 5318 ab
2340 5264 2583 5319 absentia
2613 5266 2844 5320 intentat
2873 5268 3106 5337 crimen,
3143 5280 3401 5339 tanquam
3436 5273 3571 5327 alie-

1986 5371 2112 5409 nmn
2166 5357 2293 5425 quid
2338 5372 2367 5410 a
2413 5357 2676 5412 societate
2722 5374 2785 5414 ac
2816 5361 3150 5416 matrimonii
3190 5362 3314 5432 jure
3355 5362 3577 5418 molitus

1985 5451 2086 5514 sit;
2113 5459 2369 5519 tanquam
2408 5450 2742 5504 voluntatem
2790 5451 2930 5509 nihil
2972 5455 3138 5523 priori
3185 5457 3574 5512 benevolentim

1985 5557 2279 5612 congruam
2310 5542 2646 5609 ostenderit;
2680 5552 2735 5596 ιιι
2771 5546 2867 5613 qui
2905 5557 3114 5601 natura:
3153 5548 3426 5602 vinculum
3459 5550 3572 5604 sol-

1982 5635 2159 5700 verit;
2197 5644 2255 5688 ut
2295 5635 2385 5704 qui
2436 5633 2571 5704 legis
2635 5636 2996 5711 astringentis
3062 5644 3199 5697 scita
3252 5643 3572 5714 neglexerit,

1984 5741 2208 5794 remque
2241 5737 2407 5781 totam
2461 5726 2789 5786 familiarem
2823 5736 3149 5805 despexerit.
3206 5736 3345 5791 Nihil
3378 5738 3574 5791 hurunt

1984 5818 2425 5874 invulnerabilem
2458 5820 2628 5872 Anum
2676 5834 2918 5880 mentem
2964 5830 3301 5897 perstrinxit.
3340 5831 3418 5883 Ac
3450 5834 3575 5898 qui-

1987 5913 2106 5967 dem
2141 5911 2344 5982 sprevit
2389 5911 2672 5982 convicia,
2732 5928 2789 5974 ut
2838 5920 3059 5976 minime
3121 5921 3410 5979 atlicicntia
3457 5924 3575 5978 atti-
