4060 6416
285 380 425 449 1365

1356 376 1438 440 ΙΝ
1478 378 2064 441 CONCEPTIONEM
2104 380 2164 440 S.
2200 376 2452 439 ANN/E.

283 486 600 555 ἐπιτιμίας·
650 486 702 541 εἴ
731 504 791 556 γε
826 486 991 556 μηδὲν
1043 486 1151 540 τῶν
1198 486 1343 540 οὕτω
1378 487 1738 559 διακειμένων
1784 488 1872 542 διὰ

1982 486 2197 543 illorum
2228 489 2318 557 qui
2351 486 2423 541 ita
2451 483 2673 550 habent,
2701 499 2796 539 ore
2828 482 3158 554 proferebat.
3206 482 3345 539 Sunt
3367 487 3575 556 quippe

287 584 559 653 στόματος
614 579 896 651 παρῆγεν;
935 579 1186 650 Ἀπρεπῆ
1226 579 1336 650 γὰρ
1382 581 1492 657 τῶν
1539 581 1872 651 μεθυόντων,

285 677 380 731 καὶ
433 673 842 745 παροινούντων
875 671 945 726 τά
988 672 1243 743 ῥήματα⁸
1293 671 1369 737 οἳ,
1402 672 1499 726 καὶ
1546 674 1759 742 σιωπᾷν
1784 672 1874 742 ὑφ’

289 764 940 836 ἑτέρωνηὲκδιαζόμενοι,
988 764 1085 818 καὶ
1122 765 1413 837 παιόμενοι
1459 766 1726 837 σφοδρῶς,
1775 766 1876 830 τὰς

290 855 528 920 ἀναιδεῖς
565 854 780 917 ὲκείνας
803 855 1071 923 ἐπαφιᾶσι
1099 850 1283 924 φωνάς
1306 872 1320 885 ·
1341 854 1742 925 παραπλησίως
1762 857 1875 919 τοῖς

288 952 488 1019 λόγοις,
518 948 614 1002 καὶ
643 947 741 1019 τὴν
767 949 1008 1020 ἄκοσμον
1043 948 1482 1020 ἐπιδεικνύμενοι
1514 950 1772 1021 θεωρίαν.
1809 952 1876 1005 ἸΙ

288 1043 369 1107 δὲ,
414 1043 468 1097 τί
526 1041 733 1097 τούτων
760 1042 1171 1114 ἀσχημονοῦσα,
1226 1045 1505 1116 τεκμήρια
1547 1046 1650 1116 τῆς
1703 1043 1875 1118 μέθης

288 1137 615 1207 ὲμπαρεῖχε;
645 1136 809 1199 Τίνας
845 1136 1118 1208 ἀπρεπεῖς
1155 1136 1303 1206 ἠφίει
1336 1139 1553 1207 φωνάςς
1577 1137 1743 1192 Ποίαν
1763 1130 1873 1190 τῶν

289 1226 714 1296 σωφρονούντων
763 1228 1113 1299 παρήμειψεν
1150 1228 1443 1295 εὑταξίαν;
1471 1222 1596 1283 Ὅτι
1629 1230 1871 1299 ἀφωνίαν

287 1317 769 1385 καταδικασθεῖσα,
818 1314 1047 1389 ἔστεργε
1081 1319 1183 1390 τὴν
1208 1320 1533 1392 ὲπιτιμίαν;
1574 1321 1658 1374 ὅτι
1687 1323 1751 1393 τῇ
1780 1321 1873 1375 s6-

287 1410 495 1482 κοσμία
516 1409 612 1463 τοῦ
650 1411 933 1482 ὁρωμένου
962 1412 1267 1484 σχήματος,
1289 1413 1391 1485 τὴν
1411 1416 1471 1468 ὲν
1497 1413 1709 1486 διανοίᾳ
1737 1432 1877 1487 παρ-

285 1503 477 1573 εδήλου
521 1503 890 1570 κατάστασιν;
927 1505 1012 1561 ὅτι
1048 1508 1176 1577 σιγῇ
1220 1509 1434 1578 συνεῖχε
1462 1506 1563 1579 τὴν
1594 1506 1741 1562 ἔνδον
1774 1509 1875 1580 τῆς

285 1594 456 1666 εὐχῆς
482 1595 866 1667 ἀναπτομένην
896 1597 1094 1668 φλόγα,
1128 1598 1222 1653 καὶ
1252 1599 1480 1670 χειλέων
1517 1600 1698 1670 μόνων
1721 1602 1876 1673 κινὴ-

286 1705 390 1750 σει,
415 1686 477 1740 τὸ
496 1687 703 1757 ταύτης
725 1688 979 1758 ἐνέφαινε
1009 1690 1308 1767 διάπυρον;
1335 1691 1496 1762 Αὐτὴ
1525 1692 1656 1762 γὰρ,
1680 1695 1873 1764 φησὶν,

281 1778 491 1834 ἐλάλει
513 1780 585 1834 ἐν
609 1779 685 1851 τῇ
719 1781 933 1850 καρδίᾳ
972 1781 1186 1852 αὐτῆς,
1226 1784 1327 1860 καὶ
1352 1786 1426 1839 τὰ
1463 1786 1642 1855 χείλη
1681 1785 1875 1855 αὐτῆς

282 1870 560 1937 ἐκινεῖτο,
598 1872 698 1926 καὶ
724 1873 897 1943 φωνὴ
929 1850 1121 1943 αὐτῆς
1142 1850 1262 1930 οὐκ
1288 1850 1584 1944 ἠκούετο.
1619 1850 1734 1932 ὸύκ
1903 1850 1947 1908 Β

283 1956 376 2015 οὖν
405 1961 545 2032 πρὸς
584 1962 683 2034 τὴν
714 1963 1015 2037 παράδοξον
1057 1965 1229 2036 αὐτῆς
1273 1966 1618 2038 ἐκπλαγῆναι
1670 1986 1870 2040 καρτε-

287 2053 448 2125 ρίαν;
494 2055 609 2111 Ούκ
640 2056 749 2111 ἔδει
803 2057 865 2110 τὸ
897 2057 1157 2120 εὐσταθὲς
1199 2059 1294 2112 τοῦ
1342 2061 1625 2131 ὁρωμένου
1665 2062 1875 2135 ταύτης

284 2148 679 2219 ἀποθαυμάσαι
724 2150 1044 2221 σχήματοςς
1087 2150 1187 2223 τὴν
1236 2151 1500 2224 ἀσίγητον
1543 2154 1604 2207 ἐν
1656 2154 1874 2228 ἀφωνία

285 2244 422 2311 πρὸς
454 2240 590 2295 Θεὸν
622 2240 844 2313 δέησινς
871 2242 969 2311 τὴν
1015 2242 1242 2314 διηνεκῆ
1282 2242 1393 2297 τῶν
1421 2244 1688 2314 ὀμμάτων
1734 2247 1873 2318 πρὸς

284 2332 514 2402 οὐρανὸν
541 2333 860 2402 ἀνάνευσιν;
889 2336 1016 2399 τοὺς
1044 2337 1109 2389 ὲκ
1142 2336 1372 2406 συνοχῆς
1400 2336 1630 2408 καρδίας
1663 2337 1873 2410 ἀλαλή-

283 2442 434 2492 τους,
467 2426 671 2498 μᾶλλον
691 2427 748 2482 δὲ
778 2430 1055 2501 ἀηχήτους
1095 2429 1468 2501 στεναγμούςς
1498 2431 1595 2484 καὶ
1620 2431 1728 2505 γὰρ
1752 2432 1874 2486 οὐδὲ

285 2515 482 2580 αὐτοὺς
510 2516 871 2583 ἐξακούεσθαι
896 2522 1156 2594 παρεῖχε·
1183 2520 1264 2574 διό
1288 2538 1449 2593 φησι’
1477 2521 1651 2590 Φωνὴ
1683 2521 1875 2592 αὐτῆς

284 2611 394 2664 οὐκ
436 2611 718 2680 ἠκούετο.
752 2614 813 2667 Οἱ
863 2613 986 2685 μὲν,
1031 2613 1142 2669 τῶν
1186 2614 1468 2686 ἐνάρθρων
1514 2615 1687 2688 αὐτὴν
1734 2618 1874 2671 ἀπο-

285 2702 528 2757 κλείουσι
557 2705 879 2775 καῖφωνῶν
901 2707 995 2760 καὶ
1024 2707 1200 2777 λόγων
1220 2723 1233 2736 ·
1264 2710 1297 2781 ή
1328 2708 1408 2775 δὲ,
1446 2710 1542 2764 καὶ
1577 2710 1677 2775 τὰς
1704 2712 1875 2786 ἀνάρ-

287 2794 446 2866 θρους
473 2799 695 2870 ἐπεῖχεν
735 2800 1044 2871 ἐνηχήσεις,
1093 2802 1369 2873 μηδεμίαν
1405 2805 1521 2869 τοῖς
1555 2804 1873 2867 σκώπτουσι

288 2887 649 2961 συγχωροῦσα
675 2890 898 2962 δοθῆναι
930 2892 1031 2964 τὴν
1057 2893 1339 2966 ἀφορμήν.

364 2980 511 3035 Ἀλλ’
551 2982 690 3053 αὑτὴ
724 2984 826 3055 μὲν
868 2968 1034 3050 οὕτω,
1063 2987 1159 3039 καὶ
1204 2987 1430 3060 τοιαύτῃ
1467 2991 1536 3061 τῇ
1581 2989 1873 3065 θαυμαστῇ

286 3073 577 3146 καρτερίᾳ,
609 3076 709 3141 τὰς
734 3076 871 3148 πρὸς
898 3077 1031 3139 Θεὸν
1061 3078 1301 3134 ἀνέτεινε
1336 3080 1549 3151 δεήσεις
1576 3099 1590 3112 ⁸
1622 3084 1683 3137 τὸ
1720 3084 1766 3138 δ’
1793 3087 1875 3150 είς

285 3166 449 3239 αὐτὴν
513 3168 763 3237 αὐθαδῶς
812 3171 1165 3225 ὲπισκῶπτον
1211 3173 1520 3246 παιδάριον,
1570 3177 1622 3230 τί
1676 3196 1870 3250 (anew;
1900 3212 1946 3274 Ο

288 3256 436 3326 Ἕως
451 3264 605 3317 πότε
618 3263 988 3333 μεθυσθήσῃ
1002 3281 1025 3332 ;_
1048 3265 1287 3333 περίελε
1311 3265 1388 3337 δὴ
1416 3266 1522 3322 τόν
1538 3265 1709 3325 οἶνόν
1731 3286 1870 3339 σου,

286 3349 381 3402 καὶ
412 3352 681 3418 πορεύου
717 3352 786 3406 ἐκ
832 3352 1165 3421 προσώπου
1215 3356 1459 3424 Κυρίου.
1513 3357 1675 3411 Ποῖον
1713 3376 1874 3430 περι-

285 3440 422 3497 ελεῖν
440 3438 593 3498 οἶνον
621 3445 761 3517 αὐτῇ
785 3445 1181 3517 προστάσσεις;
1205 3449 1300 3501 τὸν
1331 3449 1470 3520 πρὸς
1502 3450 1639 3505 Θεὸν
1677 3452 1874 3507 διάπυ-

286 3551 377 3606 ρον
421 3536 633 3606 πόθονς
683 3538 747 3592 τὸ
775 3539 1041 3609 νηφάλιον
1075 3540 1179 3612 τῆς
1221 3541 1492 3609 διανοίας;
1544 3543 1645 3615 τὴν
1687 3545 1875 3601 ἄσιτον

284 3630 617 3703 καρτερίανς
647 3630 749 3695 τάς
786 3632 852 3685 ὲκ
900 3630 1134 3704 ζεούσης
1176 3632 1361 3707 ψυχῆς
1406 3636 1878 3709 ἀναπεμπομένας

284 3717 475 3788 εὐχάς;
513 3719 619 3774 ποῦ
644 3721 701 3774 δὲ
725 3722 821 3775 καὶ
845 3720 1085 3793 πέμπεις
1110 3724 1174 3776 ὲκ
1222 3725 1516 3794 προσώπου
1547 3729 1754 3799 Κυρίου
1778 3730 1876 3802 τὴν

286 3809 351 3863 τὰ
381 3814 563 3866 πάντα
591 3813 946 3886 παριδοῦσαν,
972 3815 1068 3869 καὶ
1093 3815 1152 3869 τὸ
1178 3816 1392 3871 ἐκείνου
1419 3819 1581 3889 μόνον
1605 3822 1874 3892 ἐκζητοῦ-

289 3915 387 3955 σαν
405 3906 703 3977 πρᾴσωπον
725 3921 739 3934 ·
761 3906 861 3978 τὴν
889 3908 948 3962 ἐν
977 3908 1181 3981 καρδίᾳ
1213 3909 1305 3965 τὸν
1325 3912 1499 3983 αὐτῆς
1536 3917 1879 3986 συνῳκισμέ-

289 4009 376 4046 νον
406 3995 611 4068 ἔχουσα
663 3997 829 4055 πόθον
850 4017 865 4031 ·
893 4000 992 4072 τὴν
1026 4001 1308 4074 ἀκροατὴν
1357 4004 1520 4072 μόνον
1557 4005 1723 4061 αὑτὸν
1767 4008 1878 4063 τῶν

288 4086 506 4145 οἰκείων
546 4089 856 4161 βλέπουσαν
899 4084 1278 4164 ῥημάτων,»ὃν
1309 4095 1512 4165 μᾶλλον
1544 4098 1603 4151 ἐν
1638 4101 1752 4163 τοῖς
1779 4102 1873 4155 ὲκ-

288 4175 398 4244 τὸς,
433 4181 465 4254 ἥ
496 4181 646 4237 ἔνδον
682 4182 785 4254 τῆς
832 4182 1062 4255 σκηνῆς,
1092 4188 1206 4249 τοῖς
1247 4186 1350 4257 τῆς
1394 4186 1636 4254 διανοίας
1663 4190 1877 4261 ὄμμασι

288 4273 591 4342 προὸλέπει
615 4293 631 4342 ;

362 4363 470 4418 Καὶ
503 4365 650 4422 οὕτω
694 4363 797 4437 μὲν
846 4366 905 4420 ὲν
955 4364 1035 4437 τῷ
1065 4366 1164 4438 τῆς
1215 4369 1527 4442 προσευχῆς
1571 4372 1771 4445 καιρῷ,
1807 4377 1875 4447 τῇ

288 4452 456 4509 πάλαι
488 4457 933 4529 συνεπετέθησαν
958 4459 1013 4511 oi
1044 4457 1493 4525 ἐπισκώπτοντες
1530 4463 1728 4536 Ἀννῃ·
1761 4466 1878 4538 ἠδὲ

1978 597 2190 647 eorum,
2234 581 2323 652 qui
2371 580 2508 635 ebrii
2557 595 2620 635 ac
2680 579 2959 634 temulenti
3012 595 3043 633 a
3097 579 3225 634 vino
3270 579 3564 640 exsistunt,

1975 673 2138 728 verba
2175 674 2484 737 inhonesta,
2529 680 2584 725 ut
2615 687 2741 725 cum
2785 672 2952 727 etiam
2997 671 3088 726 alii
3120 680 3321 740 cogunt
3358 680 3562 734 tacere,

1979 782 2042 820 ac
2072 767 2269 821 acerbe
2308 765 2544 833 caedunt,
2574 764 2762 831 plenas
2812 762 3168 818 nihilominus
3217 761 3568 831 impudentiae

1980 874 2147 915 voces
2200 858 2324 914 illas
2376 859 2618 923 mittant,
2653 856 2801 912 haud
2848 871 2909 911 se
2939 855 3078 911 alios
3134 855 3569 925 exhibentes_ad

1977 953 2371 1022 Spectacnlum,
2405 967 2470 1009 ac
2498 950 2849 1008 sermonibus
2899 949 3159 1005 habeam.
3190 948 3317 1004 llaec
3356 957 3563 1010 autem,

1978 1060 2216 1112 quanam
2266 1044 2357 1098 tali
2399 1042 2735 1113 turpitudine
2767 1041 3007 1096 ostendit
3040 1056 3101 1096 se
3129 1038 3382 1095 ebriam?
3418 1038 3576 1105 Quas-

1979 1135 2265 1192 indecoras
2312 1133 2498 1189 emisit
2529 1131 2728 1187 voces?
2753 1130 2892 1198 Quid
2922 1131 2973 1187 ei
3011 1131 3076 1186 de
3107 1129 3306 1186 sobriae
3350 1127 3566 1183 taurina:

1979 1226 2375 1297 compositione
2443 1223 2731 1280 decessit?
2782 1221 2920 1277 Num
2955 1237 3022 1279 eo
3074 1221 3224 1276 ebria
3290 1220 3563 1284 videatur,

1977 1319 2122 1388 quod
2172 1316 2429 1371 damnata
2480 1325 2540 1369 ut
2584 1313 3010 1377 obmutesccrct,
3060 1311 3320 1367 indiciam
3374 1310 3565 1365 lubens

1979 1411 2203 1471 multam
2257 1403 2598 1474 susceperit?
2651 1401 2789 1456 Num
2844 1403 2972 1473 quia
3036 1402 3266 1458 visibilis
3345 1402 3564 1456 habitus

1978 1500 2287 1565 honestate,
2322 1498 2595 1551 intentam
2630 1476 2799 1551 animi
2828 1495 3274 1549 constitutionem
3306 1494 3564 1549 ostende-

1977 1593 2095 1648 ret?
2116 1591 2250 1647 Num
2280 1592 2406 1662 quia
2435 1606 2722 1647 accensam
2748 1589 2978 1644 internae
3003 1586 3269 1643 orationis
3292 1585 3578 1639 ﬂatumanr

1976 1684 2199 1742 silentio
2247 1683 2554 1750 continens,
2598 1681 2716 1738 solo
2747 1680 3016 1737 labi'orum
3050 1688 3220 1744 motu,
3256 1694 3414 1733 suum
3448 1678 3579 1747 ipsu-

1976 1777 2254 1849 proferret
2296 1776 2611 1834 fervorem?
2640 1774 2798 1843 Nam,
2850 1773 3046 1845 inquit,
3086 1771 3420 1844 Loquebatur
3451 1773 3577 1839 ipsa

1976 1872 2029 1926 in
2050 1872 2204 1927 corde
2247 1886 2366 1938 suo,
2403 1880 2451 1924 et
2481 1867 2624 1923 labia
2650 1867 2764 1937 ejus
2809 1867 3155 1922 nectebantur
3175 1904 3191 1929 ,
3224 1873 3273 1919 et
3314 1879 3418 1918 vox
3447 1863 3562 1932 ejus

1975 1979 2079 2017 non
2101 1960 2441 2016 audiebatur.
2472 1958 2665 2015 Nonne
2698 1966 2833 2028 ergo
2853 1957 3121 2027 praeclara
3149 1956 3245 2011 illa
3274 1955 3567 2011 assiduitas

1976 2064 2251 2127 stuporem
2289 2053 2588 2109 conciliare
2624 2050 2852 2107 habuit?
2891 2050 3082 2106 Nonne
3133 2047 3366 2105 visibilis
3410 2045 3564 2100 habi—

1978 2156 2064 2203 tus
2127 2158 2275 2202 recta
2331 2144 2656 2215 compositio
2705 2143 2807 2199 fuit
2868 2140 3215 2197 admirationi
3270 2137 3565 2195 habenda?

1976 2238 2165 2295 Nonne
2223 2239 2312 2293 illa
2353 2239 2408 2294 in
2465 2237 2683 2293 silentio
2734 2238 2932 2306 loquax
2989 2236 3055 2291 ad
3117 2234 3283 2289 Deum
3342 2229 3565 2285 oratiu?

1977 2332 2164 2388 Nonne
2180 2335 2259 2388 sic
2279 2332 2395 2404 jugi
2430 2330 2782 2388 contentione
2808 2339 2988 2385 crccta
3013 2327 3067 2382 in
3096 2326 3294 2382 cmlum
3318 2321 3563 2377 Iuntina?

1976 2425 2168 2482 Nonne
2199 2427 2435 2496 gemitus
2475 2441 2544 2481 ex
2595 2408 2845 2495 angustia
2879 2423 3081 2484 cordis,
3110 2420 3258 2475 nullo
3284 2432 3562 2480 sermone,

1978 2529 2034 2574 at
2066 2534 2240 2587 neque
2288 2532 2448 2584 sono,
2493 2516 2780 2591 expressi?
2830 2514 2965 2569 Nam
3002 2526 3179 2582 neque
3228 2527 3322 2567 eos
3353 2510 3566 2564 sim-bat

1979 2612 2116 2669 foris
2148 2610 2348 2666 audiri.
2380 2608 2594 2665 Idcirco
2620 2608 2699 2663 ait
2735 2627 2750 2665 :
2808 2605 2925 2662 Vox
2947 2605 3063 2675 ejus
3092 2621 3195 2660 non
3224 2603 3561 2658 audiebatur.

1976 2701 2278 2757 Prohibent
2320 2701 2419 2768 illi,
2475 2708 2536 2755 ut
2593 2714 2662 2755 ne
2710 2697 3030 2755 articulatas
3087 2710 3250 2751 voces
3303 2709 3367 2749 ac
3401 2693 3565 2747 verba

1976 2790 2139 2858 edat;
2193 2799 2252 2853 at
2299 2788 2416 2853 illa,
2478 2803 2550 2845 ne
2587 2802 2750 2858 quam
2798 2786 3172 2847 illudentibus
3220 2784 3566 2839 occasionem

1976 2886 2263 2953 praeberet,
2303 2882 2651 2939 indistinctus
2690 2881 2853 2936 etiam
2886 2895 3055 2937 sonos
3085 2877 3385 2949 premebat.

2051 2969 2145 3027 Sic
2171 2972 2455 3027 enimvero
2506 2971 2619 3037 illa,
2659 2970 2892 3026 mirabili
2923 2968 3187 3039 ejusmodi
3222 2967 3566 3025 assiduitate.

1976 3078 2166 3136 preces
2195 3063 2262 3118 ad
2309 3063 2477 3119 Deum
2514 3063 2871 3119 submittebat
2928 3080 2943 3116 :
2995 3062 3133 3129 Quid
3171 3075 3301 3116 vero
3346 3059 3414 3113 ad
3445 3074 3565 3114 cam

1977 3176 2116 3232 puer
2155 3160 2487 3231 impudentia
2524 3158 2844 3217 lacessens?
2862 3158 3169 3225 Quousque,
3193 3154 3388 3225 inquit,
3419 3152 3575 3208 ebriw

1976 3254 2123 3309 eris?
2164 3252 2330 3322 Aufer
2370 3252 2546 3309 viuum
2592 3261 2765 3314 tuum,
2810 3259 2858 3304 et
2895 3249 3025 3304 vade
3065 3265 3100 3302 a
3145 3244 3567 3318 [acie.Domiui.

1976 3347 2129 3414 Quod
2156 3361 2284 3401 vero
2312 3345 2498 3400 vinum
2522 3344 2682 3414 jubcs
2711 3343 2969 3402 auferre?
3010 3342 3145 3396 Nutu
3183 3355 3477 3397 accensum
3511 3339 3567 3393 in

1976 3440 2145 3495 Deum
2184 3437 2553 3497 desiderium?
2576 3435 2886 3492 Mentemnc
2917 3435 3196 3491 sobriam?
3221 3431 3417 3504 Jejuno
3446 3447 3572 3488 eor-

1977 3546 2109 3602 pore
2148 3529 2423 3585 assiduam
2459 3527 2819 3585 instantiam?
2845 3527 2994 3595 Quas
3027 3543 3095 3583 ex
3127 3524 3358 3582 ferventi
3386 3523 3572 3581 animo

1972 3622 2250 3681 submittit
2284 3622 2513 3693 preces?
2557 3621 2666 3677 Sed
2697 3621 2847 3676 enim
2873 3612 2983 3690 quo
3012 3629 3074 3674 et
3108 3635 3139 3675 a
3186 3616 3326 3674 facie
3356 3616 3568 3671 Domini

1977 3731 2099 3774 eam
2159 3715 2447 3784 amandas,
2496 3731 2617 3785 quae
2671 3714 2793 3771 aliis
2825 3715 3082 3771 omnibus
3134 3713 3360 3785 spretis,
3404 3726 3576 3767 unam

1981 3809 2193 3865 Domini
2227 3808 2423 3865 faciem
2466 3808 2743 3879 exquirit;
2771 3807 2858 3863 cui
2889 3822 3052 3865 suum
3083 3807 3138 3863 in
3170 3817 3395 3877 pectore
3425 3806 3571 3861 desi-

1977 3901 2190 3957 derium
2237 3901 2403 3957 ﬁxum
2467 3910 2588 3970 est;
2635 3916 2777 3970 quae,
2808 3901 3104 3956 verborum
3159 3914 3383 3956 suorum
3440 3913 3568 3953 eum

1977 3995 2247 4049 duntaxat
2303 3993 2607 4055 auditorem
2668 3994 2838 4059 videt,
2889 4006 3054 4061 quem
3116 3991 3294 4062 magis
3339 3991 3393 4046 in
3444 3990 3572 4046 aliis

1977 4097 2154 4154 extra,
2182 4101 2346 4158 quam
2378 4086 2519 4141 intra
2543 4083 2973 4152 tabernaculum,
3000 4084 3199 4142 mentis
3221 4082 3392 4142 oculis
3441 4097 3570 4154 pro-

1977 4177 2176 4249 spicit?

2047 4363 2127 4419 Ae
2165 4374 2291 4421 eum
2323 4362 2542 4433 quidem
2580 4361 2823 4429 modum,
2865 4360 3141 4428 illusores,
3177 4369 3418 4417 veterem
3449 4361 3575 4430 qui-

1979 4455 2101 4513 dem
2135 4455 2375 4522 Annam,
2411 4455 2678 4513 orationis
2714 4463 2981 4526 tempore,
3019 4469 3126 4510 una
3160 4455 3325 4512 veluti
3351 4454 3572 4526 conspi-

288 4542 382 4598 νέα
408 4551 500 4603 καὶ
559 4550 904 4621 συνετωτάτη
954 4550 1194 4617 πάντων,
1238 4551 1511 4607 δεδοικυῖα
1550 4557 1623 4628 μή
1665 4574 1718 4611 τι
1755 4558 1866 4613 τῶν

1978 4545 2213 4609 ratione,
2235 4545 2583 4615 appetierunt
2605 4562 2619 4599 :
2644 4553 2701 4600 at
2729 4559 2888 4612 nova,
2914 4545 3298 4617 universisque
3328 4544 3569 4616 pruden—

288 4637 548 4696 τοιούτων
599 4641 790 4707 πάθοι,
846 4642 947 4715 τὴν
988 4644 1186 4715 ἐκτενῆ
1251 4645 1609 4714 προσάγουσα
1659 4649 1869 4722 δέησιν,

287 4722 477 4801 ὥσπερ
508 4733 612 4805 τῆς
657 4733 861 4800 οἰκίας,
893 4733 1038 4788 οὕτω
1070 4737 1285 4791 καὶτοῦ
1330 4738 1458 4793 ναοῦ
1496 4740 1830 4807 ὑπεξίστατο
1854 4763 1867 4777 ·

286 4814 375 4868 τὸν
404 4821 821 4897 ἐρημικώτερον
844 4824 909 4878 δὲ
944 4825 1034 4879 διὰ
1061 4828 1124 4880 τὸ
1151 4827 1360 4900 ἤρεμον
1401 4829 1497 4885 τοῦ
1531 4833 1871 4903 παραδείσου

289 4913 701 4988 κκταλαμὸἀνει
741 4917 941 4990 χῶρον,
973 4921 1030 4974 ὲν
1055 4913 1100 4988 ᾧ
1123 4921 1304 4990 σοφῶς
1335 4924 1675 4994 προεσκόπει
1709 4926 1772 4979 τὸ
1798 4930 1876 4981 εἰ-

286 4997 527 5074 λικρινὲς
550 5010 690 5080 αὐτῇ
733 5010 834 5080 τῆς
871 5009 1324 5083 ἑπιιθυμουμένης
1361 5015 1873 5087 συντηρηθήσεσθαι

288 5100 625 5171 προσευχῆς.
655 5102 810 5172 Τάχα
842 5102 900 5155 δὲ
924 5103 986 5156 ού
1017 5102 1107 5157 διὰ
1130 5104 1311 5170 τοῦτο,
1348 5105 1436 5161 διὰ
1471 5105 1528 5159 δὲ
1575 5107 1675 5178 τὴν
1703 5108 1870 5173 ὅντως

286 5196 706 5267 φανερουμένην
757 5196 1040 5268 ἀλήθειαν,
1076 5198 1175 5268 τὴν
1218 5199 1350 5269 περὶ
1400 5198 1570 5271 αὐτῆς
1600 5201 1699 5272 ἤδη
1746 5219 1877 5274 προ-

286 5280 559 5366 ανεφὼνει
583 5288 671 5343 διὰ
704 5290 1047 5359 πραγμάτων
1077 5289 1324 5345 ἑκϐασιν.
1362 5290 1487 5356 Τοῖς
1519 5294 1629 5364 γὰρ
1654 5296 1715 5364 τῇ
1744 5295 1881 5366 σκιᾷ

285 5363 560 5432 δρυλεύειν
582 5380 1029 5451 διατεταγμένοις
1045 5382 1152 5434 τῶν
1173 5384 1414 5454 νομικῶν
1432 5384 1658 5454 ὲθίμων,
1681 5384 1874 5456 ὥσπερ

285 5458 354 5509 τὰ
375 5460 464 5517 διά
487 5474 874 5544 καρποφορίας
912 5474 1373 5545 καλλιερούμενα,
1407 5473 1552 5528 οὓτω
1577 5475 1675 5527 καὶ
1703 5477 1735 5543 ἡ
1762 5476 1874 5529 τῶν

286 5548 600 5641 ἀναγκαίως
642 5566 981 5637 αἰτουμένων
1026 5567 1548 5641 συμπεριεγράφετο
1590 5569 1873 5639 προσευχὴ

285 5640 357 5732 ξ’ἷδ
382 5648 515 5720 ναῷ,
547 5658 613 5712 ἐν
662 5657 838 5732 τούτῳ
880 5658 1081 5730 μᾶλλον
1127 5640 1237 5714 τῶν
1273 5659 1729 5730 ἐπιζητουμένων
1772 5661 1873 5732 τὴν

277 5726 499 5822 ςκϐασιν
524 5726 834 5819 λαμϐάνειν
866 5726 1303 5821 πιστευομένων.
1336 5726 1652 5822 Προμηνύει
1693 5726 1873 5807 τοίννν

285 5817 324 5888 +8
349 5827 443 5897 τῆἒ
476 5834 699 5908 χάριτος
729 5839 1014 5910 ἐπώνυμος
1054 5842 1222 5895 Ἄννα
1243 5883 1257 5907 ,
1280 5840 1366 5895 διᾶ
1400 5842 1496 5913 τῆς
1529 5842 1669 5897 οὕτω
1700 5860 1868 5913 προῖ-

1979 4639 2107 4703 tior,
2147 4638 2411 4693 intentam
2448 4638 2746 4709 jugemque
2780 4639 3030 4694 oblatura
3056 4641 3389 4705 orationem,
3417 4640 3497 4695 uti
3532 4657 3570 4694 α

1977 4731 2163 4798 domo,
2200 4731 2274 4785 ita
2326 4740 2380 4786 et
2409 4748 2438 4785 a
2469 4732 2669 4799 templo
2706 4732 2869 4803 longe
2907 4733 3172 4798 abscedit,
3206 4733 3457 4804 hortique
3494 4733 3571 4788 lo-

1975 4839 2125 4892 cum,
2165 4824 2236 4879 ab
2268 4824 2507 4879 humana
2535 4825 2932 4881 consuetudine
2963 4825 3339 4891 remotiorem,
3369 4825 3570 4895 quietis

1975 4932 2106 4988 ergo
2165 4917 2324 4987 petit,
2372 4917 2465 4972 ubi
2520 4916 2843 4973 desiderata:
2903 4917 3236 4987 precationis
3293 4918 3571 4972 sinceram

1976 5010 2270 5081 puritatem
2324 5010 2429 5064 sibi
2488 5019 2766 5066 servatura
2808 5011 2877 5065 iri
2933 5010 3216 5079 sapienter
3274 5009 3568 5064 admodum

1979 5103 2330 5173 praevidebat.
2364 5102 2503 5159 Fors
2528 5114 2710 5177 autem
2740 5118 2845 5158 non
2873 5117 2939 5158 ea
2963 5104 3198 5169 ratione,
3218 5103 3312 5157 sed
3344 5111 3571 5172 propter

1979 5195 2263 5251 veritatem
2298 5211 2489 5252 revera
2525 5196 2934 5258 declarandam,
2965 5195 3084 5265 ejus
3131 5194 3240 5252 iam
3291 5208 3359 5250 ex
3391 5193 3572 5263 operi-

1978 5286 2127 5340 rihus
2158 5287 2304 5342 circa
2359 5301 2420 5343 se
2475 5295 2730 5341 eventum
2775 5287 3123 5356 prmdicebat.
3158 5284 3368 5352 Quibus
3418 5285 3571 5341 cnim

1977 5379 2356 5449 pra-scriptum
2434 5388 2552 5433 erat
2610 5387 2677 5432 ut
2734 5377 2988 5448 legalium
3041 5378 3303 5433 sciturum
3365 5362 3571 5435 umbra:

1975 5473 2339 5538 deservirem,
2375 5471 2449 5527 uti
2484 5472 2763 5528 oﬁerenda
2804 5487 3033 5529 munera
3065 5486 3130 5528 ac
3177 5471 3456 5542 primitiae,
3492 5471 3567 5527 ita

1976 5576 2034 5621 et
2107 5566 2546 5622 necessariarum
2608 5580 2790 5622 rerum
2842 5581 2940 5635 per
2983 5565 3287 5621 orationem
3352 5566 3567 5634 petitio,

1980 5658 2165 5729 templi
2208 5658 2417 5714 ambitu
2449 5659 2672 5721 deﬁnita
2700 5670 2841 5728 erat,
2896 5660 2949 5716 in
2983 5675 3091 5731 quo
3134 5659 3374 5716 maxime
3414 5671 3561 5717 voto-

1980 5768 2099 5808 rum
2157 5767 2218 5807 se
2248 5760 2530 5823 compotes
2583 5751 2700 5809 fore
2745 5768 3069 5824 persuasum
3121 5753 3414 5809 habebant.
3447 5752 3569 5810 Jam

1980 5862 2107 5917 ergo
2146 5845 2482 5917 «'ngnontinis
2514 5847 2700 5918 gratia:
2743 5848 2921 5917 Anna,
2972 5863 3035 5903 ex
3093 5846 3368 5915 oratione,
3405 5859 3572 5918 quam

3428 370 3589 437 1366*

3649 4242 3661 4307 l
