4060 6424
307 373 444 440 13ῢ9

1360 390 1444 452 ΙΝ
1483 392 2068 467 CONCEPTIONEM
2122 398 2181 460 S.
2221 400 2470 463 ΑΝΝιΕ.

3431 405 3570 472 1370

300 486 520 554 ιΰλογος
555 486 663 541 τῶν
711 491 1053 564 σιγησάντων
1108 474 1375 567 ἀπολογία
1416 515 1430 530 ο
1461 500 1589 570 περὶ
1640 496 1709 574 ἧς
1734 502 1879 555 δεδο-

1999 521 2084 575 pia
2113 510 2351 577 gloriosa
2383 510 2608 565 dicenda
2634 521 2761 567 sunt
2791 526 2853 567 ac
2874 512 3205 568 enuntianda
3226 513 3279 567 in
3313 513 3567 569 universa

296 579 550 649 ξασμὶνα
583 581 642 633 ὲν
688 583 839 656 πάσῃ
888 586 1084 658 λογικῇ
1143 588 1304 658 φύσει
1344 590 1715 663 λαληθήσεται
1752 609 1766 625 '
1811 587 1879 666 ἦς

304 672 484 740 vespa).
532 673 792 745 δυνάμεις
844 677 913 731 τὰ
954 679 1219 749 μεγαλεῖα
1273 681 1735 753 διανυμνήσουσιν
1773 700 1786 713 ⁸
1813 680 1882 757 ἦς

304 763 401 834 τὴν
433 763 592 829 δόξαν
613 767 1033 837 ἀνακηρύξουσι.
1068 771 1490 839 Λαληθήσεται
1522 775 1590 827 τὸ
1639 774 1882 843 σπέρμα

305 872 422 910 σου
451 857 521 910 ἐν
550 856 661 925 ὅλῃ
698 857 773 927 τῇ
807 861 1154 931 οἰκουμένῃ.
1190 865 1261 916 Σὺ
1309 865 1408 934 μὲν
1460 867 1589 936 γὰρ,
1626 869 1813 938 φησὶν,
1838 861 1884 921 ὦ

308 945 499 1010 Ἀννα,
532 948 594 1000 ού
634 949 890 1003 τοσοῦτον
928 955 1028 1022 τῆς
1077 952 1170 1005 τοῦ
1202 953 1391 1019 γένους
1421 955 1584 1008 ἕνεκα
1604 955 1883 1026 διαδοχῆς,

305 1037 401 1088 καὶ
421 1037 521 1104 τῆς
551 1041 929 1110 καρποφορίας
953 1044 1051 1108 τῆς
1078 1043 1314 1111 φύσεως,
1333 1044 1431 1116 τὴν
1454 1046 1717 1116 ἐπίμονον
1745 1064 1887 1119 καρ-

302 1144 363 1180 τε
372 1129 513 1198 ρίαν,
533 1133 627 1184 καὶ
644 1128 1027 1205 τοὺςδι”ἐύχῆς
1052 1137 1271 1205 ἀγῶνας
1292 1139 1602 1209 καταϐάλλῃ
1629 1157 1641 1172 ·
1669 1158 1885 1209 καρπο-

305 1224 496 1291 φορεῖς
532 1223 640 1294 γάρ
669 1224 765 1295 τὴν
800 1227 908 1279 τῶν
944 1228 1161 1301 ἀρετῶν
1184 1228 1449 1298 ἀφθονίαν
1487 1231 1564 1301 τῷ
1584 1230 1732 1301 Θεῷ’
1762 1232 1888 1284 ὅσον

304 1311 502 1384 διάτὴν
519 1314 1064 1389 ὲξακουσθησομένην
1083 1323 1138 1372 ὲν
1163 1321 1240 1391 τῷ
1258 1322 1406 1388 γένει
1424 1323 1521 1390 τῆς
1542 1322 1890 1384 παιδοποιίας

305 1405 522 1476 φήμην,
550 1407 656 1460 τῶν
682 1408 903 1463 ὀνειδῶν
940 1411 1038 1480 μὲν
1063 1411 1162 1480 τῆς
1194 1413 1449 1475 ἀτεκνίας
1483 1412 1884 1483 ἀπαλλαγῆναι,

306 1498 765 1570 συναριθμεῖσθαι
814 1502 871 1555 δὲ
904 1504 1001 1556 καὶ
1051 1504 1434 1558 συλλαλεῖσθαι
1496 1507 1756 1575 μητράσι,
1793 1505 1889 1558 καὶ

303 1588 410 1656 τῆς
460 1591 713 1658 εὐλογίας
769 1595 997 1648 ἐκείνων
1029 1594 1106 1665 μὴ
1153 1596 1566 1666 ἀποκρίνεσθαι.
1617 1596 1676 1648 Ὀ
1704 1596 1760 1649 δὲ
1788 1595 1889 1665 τῆς

303 1678 546 1751 δεήσεώς
578 1696 670 1736 σου
711 1686 944 1755 καρπὸς,
973 1686 1071 1739 καὶ
1098 1688 1131 1758 ἡ
1165 1688 1265 1758 τῆς
1295 1689 1512 1757 φύσεως
1542 1686 1790 1759 εὐφορία,
1825 1688 1887 1740 οὐ

307 1774 475 1842 μόνον
509 1775 569 1828 ὲν
594 1775 673 1847 τῷ
714 1778 954 1847 Ἰσραὴλ,
986 1779 1018 1849 ἢ
1058 1781 1115 1833 ὲν
1149 1781 1263 1843 τοῖς
1305 1781 1677 1851 συμφυλέταις
1724 1781 1890 1850 λαλη-

1985 600 2232 654 rationali
2269 613 2461 654 natura
2492 619 2506 668 ;
2546 603 2703 671 cujus
2751 604 3138 661 iutelleetrices
3168 605 3398 661 virtutes
3452 622 3570 660 ma-

1986 691 2160 758 gualia
2186 693 2412 746 canticis
2439 694 2720 748 celebrant
2744 712 2758 760 ;
2784 696 2939 764 cujus
2969 697 3199 765 gloriam
3237 699 3562 765 praedicant.

1986 782 2369 837 Euuutiubilur
2398 802 2572 838 semen
2627 798 2772 842 tuum
2814 788 2868 841 in
2908 789 3147 842 universo
3187 788 3332 844 orbe.
3365 789 3445 844 Tu
3496 793 3570 845 si-

1987 876 2224 945 quidem,
2259 877 2454 946 inquit,
2491 894 2524 932 o
2570 879 2722 932 Anna
2749 921 2764 945 ,
2804 896 2908 934 non
2945 890 3050 934 tam
3088 883 3304 950 generis
3352 898 3569 937 succes-

1988 966 2216 1031 sionem,
2268 982 2332 1022 ac
2372 978 2582 1023 naturae
2640 968 2872 1025 fructum
2927 971 3197 1036 ambiens,
3231 974 3568 1029 assiduitatis

1987 1057 2130 1110 illius
2155 1062 2539 1127 constantiam,
2573 1077 2633 1116 ac
2670 1077 2889 1131 precum
2942 1063 3243 1116 certamina
3302 1064 3569 1133 impendis

1991 1150 2211 1218 (quippe
2242 1166 2361 1219 quae
2394 1152 2585 1206 uberes
2616 1152 2871 1208 virtutum
2907 1151 3116 1207 fructus
3146 1151 3342 1208 oﬂ'eras
3381 1153 3511 1226 Deo)
3546 1174 3560 1209 :

1990 1255 2149 1308 quam
2183 1251 2240 1293 ut
2265 1243 2549 1296 nasciturus
2574 1243 2741 1311 prnlis
2778 1246 2960 1298 audita
2988 1246 3040 1298 in
3068 1245 3366 1315 gentilibus
3397 1245 3566 1308 fama.

1991 1331 2058 1385 ab
2091 1333 2395 1388 sterilitatis
2444 1335 2754 1402 opprobriis
2804 1336 3049 1390 liberetis
3073 1377 3089 1402 ,
3146 1352 3244 1391 nec
3275 1339 3341 1392 ab
3380 1352 3567 1392 eorum

1992 1424 2368 1479 benedictione
2391 1426 2698 1487 excludaris
2732 1444 2745 1481 :
2792 1427 3074 1481 enimvero
3095 1467 3111 1491 ,
3150 1437 3253 1484 tua:
3281 1428 3425 1498 illius
3447 1444 3569 1484 ora-

1994 1514 2155 1568 tionis
2196 1513 2424 1579 fructus,
2456 1529 2520 1568 ac
2556 1525 2760 1567 natura:
2785 1514 3015 1568 fecunda
3047 1516 3215 1569 editio
3242 1554 3255 1577 ,
3286 1515 3481 1568 nedum
3515 1516 3567 1567 in

1993 1604 2210 1668 lsraele,
2252 1620 2314 1659 ac
2359 1604 2546 1673 gentili
2601 1614 2691 1659 tuo
2726 1604 2924 1675 populo
2952 1604 3328 1659 enuntiabitur
3357 1619 3422 1658 ac
3456 1619 3574 1657 ma-

1994 1697 2353 1765 gnilicabitur,
2387 1697 2483 1751 sed
2535 1705 2589 1751 et
2617 1698 2667 1749 in
2710 1699 2963 1751 universo
2987 1697 3119 1751 orbe
3143 1694 3377 1750 celebris
3402 1694 3569 1753 babe-

1994 1787 2140 1842 bitnr
2172 1805 2185 1841 :
2226 1788 2277 1841 in
2309 1788 2526 1857 regibus
2553 1801 2615 1841 ac
2634 1786 2990 1856 principibus,
3024 1787 3076 1840 in
3106 1786 3481 1842 sacerdotibus
3509 1800 3575 1838 ac

306 1865 539 1937 θήσεται
581 1871 675 1923 καὶ
723 1871 1211 1943 μεγαλυνθήσεται,
1242 1873 1359 1927 ἀλλ’
1379 1849 1445 1927 -ὲν
1473 1874 1568 1946 ὅλῃ
1601 1849 1892 1944 διαδοηθή-

1999 1877 2178 1946 iustis;
2230 1879 2485 1948 gentibus
2517 1877 2851 1933 diversarum
2896 1878 3235 1944 linguarum;
3275 1876 3327 1929 in
3359 1875 3577 1943 sapien-

308 1974 469 2012 σεται
498 1962 567 2031 τῇ
601 1962 894 2034 οἰκουμένῃ
929 1979 942 1994 ·
978 1965 1036 2016 ὲν
1090 1963 1371 2034 βασιλεῦσι
1420 1965 1515 2018 καὶ
1558 1964 1852 2027 δυνάσταις
1876 1979 1891 1994 ·

306 2050 372 2101 ἐν
394 2050 597 2120 ἱερεῦσι
622 2052 716 2107 καὶ
736 2053 967 2117 δικαίοις
986 2069 1002 2086 ο
1028 2055 1085 2108 ὲν
1109 2053 1521 2123 πολυγλώσσοις
1555 2054 1763 2108 ἔθνεσιν
1790 2071 1804 2086 ο
1835 2055 1894 2106 ὲν

307 2143 496 2209 σοφοῖς
523 2145 623 2205 καὶΔ
647 2144 869 2213 ἀσόφοις
891 2161 905 2176 ·
939 2144 997 2196 ὲν
1018 2144 1298 2207 τοσούτοις
1332 2144 1361 2195 ὁ
1399 2144 1491 2207 σὸς
1525 2141 1892 2212 λαληθήσεται

304 2235 527 2305 καρπός
553 2252 568 2265 ·
599 2238 679 2299 είς
709 2235 977 2290 τοσούτων
1001 2236 1277 2308 διηχηθεὶς
1306 2237 1499 2299 ἀκοὰς,
1533 2234 1894 2305 καταλλήλως

303 2329 429 2389 τοῖς
461 2328 682 2392 οἰκείοις
737 2327 1207 2399 μεγαλυνθήσεται
1252 2327 1607 2399 παραδόξοις.

388 2420 451 2474 Τί
482 2417 576 2474 οὖν
613 2423 645 2493 ὴ
702 2422 947 2493 μακαρία
978 2423 1073 2476 καὶ
1127 2422 1504 2492 μεγαλόψυχος
1536 2421 1707 2474 ’Ἄννα
1737 2436 1751 2485 ;
1782 2413 1895 2472 οἷον

303 2511 614 2584 ἀντίδωρον
669 2513 747 2584 τῷ
797 2512 899 2585 τὴν
939 2513 1200 2585 τοιαύτην
1257 2512 1620 2584 παρεχομένῳ
1680 2511 1895 2565 δίδωσιν

305 2605 568 2673 εὐλογίαν
597 2622 611 2671 ;
647 2606 802 2670 Olet;
839 2606 930 2660 τὸν
961 2606 1260 2677 εὐεργέτην
1304 2604 1593 2675 ἀμείϐεται
1637 2605 1756 2666 ταῖς
1788 2603 1893 2656 δω-

309 2700 470 2766 ρεαῖς
495 2713 510 2762 ;
534 2696 666 2758 υἷας
696 2698 791 2760 τὰς
841 2699 940 2768 τῆς
970 2699 1193 2768 χάριτος
1234 2696 1646 2767 ὁλοκαρπώσεις
1689 2694 1895 2763 ἀναφέ-

308 2805 433 2859 ρειν
481 2789 1019 2857 κατεπαγγέλλεται;
1056 2789 1169 2841 Οὐκ
1213 2786 1584 2858 ἀναθημάτων
1665 2782 1894 2839 πολυτέ-

303 2882 467 2936 λειαν
505 2897 518 2912 ·
555 2882 617 2934 οὐ
666 2880 736 2934 τὰ
775 2880 836 2946 ἐξ
881 2881 1090 2949 ἀλόγων
1138 2878 1292 2944 ζώων
1343 2878 1599 2949 θύματα·
1640 2877 1703 2930 οὐ
1753 2892 1890 2945 καρ-

306 2971 436 3025 πῶν
486 2972 931 3043 ἀπαρχάςο,οὐκ
963 2972 1092 3027 ἀλλο
1140 2989 1194 3024 τι
1234 2970 1345 3024 τῶν
1386 2971 1896 3041 ἀντεισφερομένων

304 3062 791 3133 καλλιερημάτων,
818 3063 932 3117 ἀλλ’
966 3065 1138 3134 αὐτὴν
1157 3063 1254 3133 τὴν
1276 3063 1569 3133 δεδομένην
1588 3063 1724 3133 αὐτῇ
1759 3078 1897 3133 καρ-

306 3155 586 3225 ποφορίαν
636 3154 737 3223 τῆς
776 3154 991 3223 φύσεως
1023 3170 1039 3187 ο
1072 3155 1202 3209 αὐτὸ
1235 3154 1296 3207 τὸ
1336 3155 1587 3207 εὐκταῖον
1616 3154 1752 3225 αὐτῇ
1800 3153 1894 3207 καὶ

305 3245 553 3315 ποθητὸν
607 3244 913 3317 βλάστημα,
950 3245 1091 3317 ὑπὲρ
1121 3241 1184 3301 οὗ
1232 3247 1290 3300 αι
1339 3245 1594 3314 ἐπίμονοι
1653 3243 1889 3315 δεήσεις,

306 3336 414 3389 καὶ
461 3335 532 3389 τὰ
577 3334 776 3406 δαψιλῆ
816 3337 1151 3407 κατεχέοντο
1205 3335 1420 3407 δάκρυα
1448 3352 1462 3367 ·
1518 3336 1659 3406 ὑπὲρ
1694 3329 1757 3390 οὗ
1801 3334 1896 3389 καὶ

306 3426 604 3495 ὲναγώνιοι
653 3427 965 3499 καρτερίαι,
1004 3431 1102 3482 καὶ
1145 3429 1439 3500 ὐπεροψίαι
1478 3428 1588 3483 τῶν
1635 3427 1897 3482 εὐπαθεῖν

308 3518 848 3591 παρασκευαζόντων
882 3520 1158 3576 ἁπάντων.
1193 3524 1242 3574 Ζ
1250 3520 1285 3590 ᾖ
1331 3521 1462 3593 γὰρ,
1494 3522 1648 3593 φησὶ,
1681 3522 1898 3589 Κύριος

309 3617 351 3669 ὀ
394 3615 538 3680 Θεός
568 3630 710 3682 μου,
730 3613 841 3668 ἐὰν
860 3612 1138 3683 γεννήσει)
1157 3612 1279 3667 εἶτε
1315 3613 1527 3681 ἄρσεν,
1551 3614 1673 3666 εἴτε
1713 3612 1893 3681 θῆλυ,

310 3708 608 3777 προσάξω
647 3710 793 3763 αὐτὸ
833 3707 1026 3778 δῶρον
1055 3708 1254 3776 Κυρίῳ
1289 3704 1371 3771 τῷ
1427 3707 1549 3773 Θεῷ
1589 3723 1710 3777 μου
1742 3746 1757 3770 ,
1800 3704 1899 3761 καὶ

310 3800 495 3855 ἔσται
514 3799 909 3870 λειτουργοῦν
939 3799 1100 3864 αὐτῷ
1122 3800 1327 3866 πάσας
1344 3798 1450 3865 τὰς
1480 3798 1723 3867 ἡμέρας.
1757 3798 1902 3869 Ὅρα

310 3888 413 3942 τὸν
452 3889 590 3960 πρὸς
616 3888 748 3942 Θεὸν
778 3891 878 3960 τῆς
909 3890 1111 3960 ’Δννης
1144 3890 1405 3962 διάπυρον
1442 3890 1605 3943 πόθον
1627 3906 1642 3922 ·
1665 3890 1768 3958 δρα
1799 3889 1901 3960 τὴν

312 3980 770 4052 ὑπερϐάλλουσαν
811 3982 982 4052 αὐτῆς
1018 3982 1427 4054 μεγαλοψυχίαν
1462 3999 1478 4014 ι
1505 3983 1609 4055 δρα
1638 3979 1906 4047 ὅπωςδιά

309 4073 419 4143 τῆς
445 4073 724 4144 παρούσης
746 4075 1123 4145 ἀφιερώσεως,
1147 4075 1244 4128 καὶ
1272 4074 1372 4146 τὴν
1399 4075 1649 4145 ἀφθόνως
1679 4074 1758 4147 τῷ
1783 4075 1905 4147 θεῷ

310 4161 430 4217 τῶν
482 4163 638 4227 ἐκτὸς
703 4163 1126 4234 προσαγομένην
1183 4164 1568 4237 καρποφορίαν
1602 4164 1900 4230 ὑπέδειξεν.

313 4256 386 4310 Ei
409 4254 517 4326 γὰρ
550 4256 650 4323 τὴν
684 4254 967 4326 διδομένην
1023 4256 1120 4326 τῆς
1155 4254 1370 4323 φύσεως
1417 4255 1693 4324 εὐλογίαν,
1725 4254 1904 4327 ψυχῆς

311 4364 382 4401 τε
414 4346 713 4416 εὐθυμίαν,
757 4348 853 4399 καὶ
901 4345 1011 4399 τῶν
1063 4349 1241 4400 πόνων
1303 4346 1702 4416 παραμυθίαν,
1761 4346 1905 4400 οὕτω

314 4438 525 4512 ζεούσῃ
551 4438 866 4510 προαιρέσει
892 4439 1010 4511 Θεῷ
1037 4440 1349 4509 ἀνατίθησι,
1386 4440 1530 4502 τίνος
1553 4439 1619 4492 ἂν
1649 4439 1749 4508 τῆς
1780 4439 1898 4492 λοι-

1997 1971 2144 2026 tibus
2198 1981 2253 2025 et
2296 1970 2699 2039 insipientibus.
2752 1966 2809 2021 lu
2867 1976 2973 2022 tam
3043 1967 3267 2033 multis,
3327 1967 3570 2034 inquam,

1996 2062 2372 2118 eunutiabitur
2421 2071 2546 2115 tuus
2584 2060 2667 2113 ille
2717 2058 2926 2114 fructus
2974 2077 2988 2115 :
3039 2060 3089 2113 in
3126 2069 3232 2112 tam
3277 2059 3569 2113 multorum

1997 2156 2302 2209 dilfamatus
2364 2154 2633 2217 auribus,
2710 2166 2952 2222 congrua
3034 2151 3376 2208 mirabilibus
3455 2151 3572 2222 ejus

1998 2246 2398 2318 magniﬁcentia
2432 2245 2840 2315 honoribusque
2868 2246 3177 2316 augebitur.

2066 2432 2202 2499 Quid
2241 2432 2403 2497 igitur
2428 2431 2584 2485 beata
2634 2445 2698 2484 ac
2753 2426 3038 2499 magniﬁca
3076 2427 3571 2495 Anna?Quodnam

1998 2542 2193 2580 munus
2247 2535 2392 2579 tanta
2445 2539 2505 2578 se
2570 2522 2952 2578 benedictione
3006 2521 3230 2578 donanti
3281 2519 3576 2590 rependit?

1996 2618 2202 2685 Quibus
2224 2617 2376 2670 donis
2408 2616 2651 2671 benelico
2671 2617 2964 2671 retribuit?
2996 2615 3140 2683 Quas
3165 2630 3222 2670 se
3244 2615 3384 2685 grati
3409 2612 3575 2667 animi

1946 2750 1949 2755 .
1995 2720 2347 2764 monumento
2404 2708 2708 2763 oblationes
2772 2706 3036 2762 facturam
3096 2704 3407 2776 promittit?
3457 2702 3576 2757 Non

1995 2801 2228 2872 pretiosa
2260 2810 2414 2854 vovet
2464 2799 2710 2863 donaria,
2751 2814 2857 2852 non
2899 2798 3148 2851 victimas
3180 2793 3576 2849 irrationalintn

1995 2907 2248 2961 pecorum
2277 2908 2292 2958 ;
2329 2907 2433 2944 non
2468 2889 2682 2960 frugum
2718 2890 3006 2959 primitias;
3041 2905 3145 2944 non
3179 2889 3223 2943 si
3255 2886 3398 2958 quod
3434 2886 3578 2939 aliud

1995 2981 2320 3037 sacriﬁcium
2357 2984 2575 3050 rependi
2638 2990 2810 3049 potest
2840 2980 2863 3033 ?
2892 2981 2984 3033 sed
3019 2994 3141 3033 eum
3181 2979 3381 3047 ipsum,
3413 2991 3577 3045 quem

1998 3074 2089 3127 Dei
2122 3072 2367 3141 largitate
2415 3072 2626 3139 accipit,
2683 3080 2888 3125 natura:
2947 3069 3226 3136 fructum;
3282 3068 3456 3137 ipsum
3489 3067 3579 3119 dc-

1997 3163 2262 3233 precabile
2278 3177 2341 3215 ac
2368 3161 2720 3216 desiderabile
2750 3176 2994 3228 germen,
3014 3161 3166 3229 cujus
3198 3174 3326 3228 ergo
3347 3155 3579 3209 aesitlate

1998 3255 2102 3311 illa:
2140 3246 2449 3326 agebantur
2473 3269 2680 3322 preces,
2727 3269 2792 3307 ae
2832 3257 3027 3307 uberes
3064 3251 3239 3305 Oculis
3271 3247 3580 3303 deﬂuebant

1998 3350 2288 3419 larrymm;
2321 3347 2495 3415 cujus,
2526 3348 2766 3415 inquam,
2799 3348 2997 3416 gratia,
3021 3360 3141 3399 cum
3180 3342 3465 3396 laboriosae
3494 3326 3580 3394 as:

1999 3440 2268 3496 siduitatis
2290 3438 2612 3503 certamina,
2649 3447 2758 3490 tum
2782 3438 3181 3500 universorum,
3215 3433 3416 3501 quibus
3443 3431 3582 3485 bene

2000 3531 2122 3601 qttis
2154 3528 2439 3598 fauSquue
2471 3529 2687 3593 habent,
2726 3528 3021 3598 tlespectio.
3060 3526 3224 3588 Vivit,
3258 3524 3403 3578 enim
3431 3563 3445 3586 ,
3496 3522 3581 3575 in-
3646 3562 3653 3567 .

2001 3621 2140 3690 quit,
2164 3619 2417 3673 Dominus
2452 3618 2592 3671 Deus
2618 3634 2783 3682 meus,
2809 3616 3068 3685 siquidem
3089 3615 3162 3667 vel
3190 3612 3480 3666 musculum
3503 3608 3584 3663 vel

2002 3712 2254 3782 feminam
2279 3727 2542 3780 peperero,
2590 3712 2786 3764 donum
2813 3708 3036 3779 oﬂ'eram
3060 3707 3283 3761 Domino
3308 3703 3411 3756 Deo
3430 3717 3540 3755 meo
3565 3716 3585 3756 :

2003 3806 2200 3873 eritque
2238 3804 2337 3870 ipsi
2383 3803 2688 3856 ministram
2717 3800 2956 3854 omnibus
2980 3799 3183 3853 diebus.
3232 3795 3365 3850 Vide
3392 3807 3585 3847 accen-

2005 3910 2125 3950 sum
2158 3897 2324 3948 Anum
2355 3894 2407 3946 in
2461 3893 2627 3947 Deum
2672 3890 3024 3947 desiderium.
3061 3888 3194 3942 Vide
3227 3883 3584 3940 excellentem

2004 3987 2123 4056 ejus
2167 3985 2333 4039 animi
2380 3984 2825 4055 magnitudinem.
2864 3980 2994 4036 Vide
3039 3988 3098 4033 ut
3132 3978 3388 4049 pra-scuti
3426 3992 3588 4046 spon-

2006 4078 2159 4133 sione
2188 4091 2249 4131 ac
2284 4086 2428 4139 voto,
2470 4091 2629 4144 quam
2667 4075 2882 4128 abunde
2911 4083 3189 4127 externam
3223 4068 3584 4123 substantiam

2007 4169 2229 4239 ejusque
2285 4168 2552 4236 primitias
2594 4164 2812 4219 olferret
2873 4163 3021 4228 Deo,
3079 4161 3402 4217 ostenderit.
3457 4157 3588 4224 Qua:

2006 4263 2148 4316 enim
2177 4274 2490 4313 concessam
2538 4267 2742 4312 natura:
2794 4254 3252 4317 benedictionem,
3314 4249 3589 4317 animique

2007 4351 2447 4413 oblectationem,
2480 4363 2543 4403 ac
2577 4349 2822 4403 laborum
2850 4344 3143 4409 solatium,
3177 4339 3413 4395 ferventi
3452 4338 3588 4389 adeo

2009 4443 2306 4515 proposito,
2333 4440 2486 4497 oll'ert
2532 4439 2660 4506 Deo,
2687 4453 2921 4509 quonam
2954 4437 3060 4489 alio
3088 4451 3119 4489 e
3172 4442 3279 4488 tota
3334 4434 3587 4486 substan-

312 4533 432 4604 πῆς
460 4532 715 4602 ἐφείσατο
744 4532 975 4596 κτίσεως
1001 4551 1017 4598 ;
1046 4533 1112 4586 Τί
1143 4533 1241 4585 οὐκ
1273 4530 1338 4585 ἂν
1365 4530 1515 4602 αὐτῷ
1545 4530 1658 4586 τῶν
1707 4548 1896 4605 τιμιω-

2010 4537 2081 4590 tia
2110 4535 2377 4603 erugando
2404 4533 2620 4602 parcior
2670 4529 2870 4584 fuerit?
2902 4528 3186 4594 Quodnam
3234 4523 3591 4580 cltarissimo—

311 4624 497 4693 τέρων
520 4625 796 4695 ἀφιέρωσε
827 4641 839 4687 ;

397 4716 510 4771 Καὶ
547 4717 741 4770 σκόπει
794 4717 854 4771 τὶ
901 4715 1126 4786 δαψιλὲς
1175 4718 1274 4787 τῆς
1322 4716 1546 4788 γνώμης
1593 4718 1782 4789 αὐτῆς.
1829 4717 1903 4771 Οὐ

315 4809 635 4867 διαστέλλει
660 4811 780 4862 ’Ἂν
809 4809 977 4880 ἄρσεν
998 4810 1150 4877 τύχοι
1180 4808 1240 4860 τὸ
1261 4807 1605 4878 γεννώμενον
1640 4807 1907 4862 ἀποδώσω

313 4902 457 4958 αὐτὸ
502 4902 693 4972 Κυρίῳ
747 4900 825 4972 τῷ
853 4900 970 4971 Θεῷ
1010 4915 1023 4928 ·
1057 4900 1212 4962 ἀλλὰ,
1256 4897 1372 4952 κᾶν
1415 4898 1609 4966 ἄρσεν
1632 4898 1751 4966 εἴη,
1790 4899 1908 4953 κᾶν

314 4993 505 5063 θῆλυ.
543 4993 845 5063 Ἀπλήστου
876 4992 1041 5062 -πρὸς
1075 4989 1207 5043 Θεόν
1243 4991 1465 5059 ἀγάπης
1488 4993 1521 5061 ἠ
1558 4992 1857 5062 ὑπόσχεσις
1889 5006 1905 5021 ⁸

315 5084 701 5152 ἁκατασχέτου
754 5083 849 5135 τοῦ
891 5082 1029 5153 πρὸς
1080 5081 1242 5135 αὐτὸν
1297 5082 1463 5137 πόθου
1519 5082 1789 5153 δείγματα
1833 5083 1902 5136 si

319 5175 798 5245 ἐπαγγελλόμενα.
833 5176 1007 5228 Αὐτὶν
1041 5178 1201 5246 μόνον
1225 5172 1364 5229 εἷναί
1394 5193 1528 5247 φησι
1561 5175 1903 5247 προτιμότε-

328 5285 425 5339 ρον
453 5269 682 5330 δίκαιον,
714 5266 905 5338 ὥσπερ
934 5268 1035 5340 τὴν
1088 5270 1197 5321 τῶν
1249 5269 1424 5323 ἄλλων
1478 5269 1728 5341 ἐκλογὴν.
1767 5271 1911 5325 οὖτω

328 5358 429 5412 καὶ
447 5356 546 5427 τὴν
580 5359 981 5428 καρποφορίαν,
1012 5357 1176 5411 ὁποία
1195 5358 1259 5412 ἂν
1298 5358 1473 5429 τύχοι,
1506 5359 1913 5430 ἀπολαμόἀνειν

330 5449 434 5519 τῆς
464 5449 700 5518 φύσεως.
744 5450 808 5503 El
866 5451 963 5517 μὲν
1001 5449 1110 5520 γὰρ
1147 5445 1323 5515 εἶπεν,
1385 5452 1514 5503 Ἐὰν
1547 5453 1713 5521 ἄρσεν
1745 5453 1829 5522 εἴη
1855 5452 1914 5507 τὸ

330 5540 695 5610 γεννώμενον,
730 5540 990 5608 προσάξω
1018 5541 1152 5595 αὐτὸ
1189 5542 1376 5614 Κυρίῳ
1407 5543 1483 5613 τῷ
1515 5543 1652 5613 Θεῷ,
1676 5545 1915 5598 ἀπεσιώ-

333 5649 476 5702 πησε
508 5633 566 5686 δὲ
605 5633 705 5705 τὴν
751 5631 847 5707 τος)
887 5633 1080 5705 θήλεος
1114 5636 1507 5706 προσηγορίαν,
1535 5638 1797 5709 ἐνομίσθη
1849 5639 1914 5693 ἂν

332 5722 435 5795 τὴν
458 5723 755 5795 ὀλόκληρον
809 5725 1107 5796 ἀφιέρωσιν
1155 5728 1618 5797 ἀκρωτηριάζειν,
1658 5729 1720 5782 τὸ
1779 5733 1916 5785 ἀπο-

332 5817 610 5890 σιωπηθὲν
657 5820 712 5873 ὲν
769 5822 836 5893 τῇ
872 5819 1164 5890 ὑποσχέσει
1203 5836 1215 5848 '
1256 5819 1351 5874 νῦν
1398 5820 1452 5873 δὲ
1508 5821 1568 5876 τό
1624 5839 1680 5875 τε
1745 5823 1912 5895 ἄρσεν

2009 4644 2125 4684 rum
2154 4629 2436 4697 pignorum
2476 4641 2579 4677 non
2613 4623 2719 4677 Deo
2740 4612 3045 4676 addixerit?

2077 4718 2311 4775 Attende
2338 4731 2465 4770 vero
2490 4717 2604 4786 ejus
2622 4714 2786 4768 animi
2832 4709 3307 4782 magnificentiam.
3338 4707 3455 4763 Non
3483 4705 3593 4760 dis-

2008 4812 2180 4867 cernit
2222 4827 2236 4864 :
2289 4808 2567 4878 Siquidem
2613 4820 2876 4875 peperero
2935 4801 3284 4868 miraculum,
3320 4815 3445 4854 eum
3490 4798 3597 4853 Dn-

2009 4890 2157 4959 tnino
2183 4901 2544 4962 Deotradam;
2574 4899 2691 4964 sed,
2716 4896 2836 4952 Sive
2860 4897 3172 4962 masculum,
3200 4897 3304 4948 sive
3320 4894 3589 4964 (culinam.

2008 4993 2340 5063 Insatiabilis
2371 4993 2423 5045 in
2465 4990 2630 5043 Deum
2672 4989 2987 5043 dilectionis
3014 4997 3193 5040 votum
3232 4984 3333 5038 hoc
3364 5000 3379 5037 :
3416 4985 3590 5052 impo-

2011 5088 2171 5142 tentis
2197 5087 2246 5139 iu
2283 5085 2447 5139 Deum
2480 5081 2734 5136 desiderii
2760 5089 3142 5150 argumentum
3214 5076 3401 5129 ἱειΙιιιιο
3435 5075 3593 5145 polli-

2010 5181 2218 5234 citatio.
2252 5178 2363 5232 Iloc
2411 5177 2610 5237 solum,
2666 5174 2864 5242 inquit,
2893 5172 3013 5241 jus,
3050 5171 3224 5241 potius
3260 5168 3591 5232 habendum,

2013 5281 2071 5325 ut
2107 5271 2248 5325 sicut
2275 5284 2454 5323 rerntn
2505 5266 2734 5320 aliarum
2776 5268 3045 5319 delectum
3071 5303 3086 5329 ,
3138 5265 3207 5316 ita
3243 5273 3451 5315 natum
3485 5260 3593 5313 l'ru-

2013 5373 2156 5419 ctum
2186 5382 2249 5416 at:
2290 5361 2555 5431 primitias
2584 5359 2832 5427 recipiat,
2868 5372 3204 5426 quzecnnque
3236 5357 3455 5407 tandem
3490 5355 3593 5410 illze

2016 5458 2236 5512 fuerint.
2271 5453 2404 5527 {fiam
2452 5454 2497 5506 si
2527 5452 2755 5505 dixisset
2792 5468 2806 5504 :
2854 5449 3132 5518 Siquidem
3182 5455 3444 5518 peperero
3481 5465 3596 5501 ma-

2014 5552 2245 5611 sculum,
2292 5547 2514 5600 olTeram
2572 5560 2696 5598 eum
2756 5543 2983 5597 Domino
3023 5539 3166 5605 Deo;
3227 5540 3442 5593 feininze
3498 5556 3597 5592 an-

2018 5650 2125 5695 tem
2176 5653 2368 5694 nomen
2411 5636 2705 5701 tacuisset,
2746 5634 2918 5687 videri
2982 5633 3277 5703 potuisset,
3335 5632 3477 5698 quod
3541 5631 3595 5685 in

2017 5743 2141 5786 v0to
2169 5730 2385 5785 tacitum
2411 5735 2575 5793 esset,
2603 5724 2933 5780 oblationem
2963 5723 3271 5793 integritate
3325 5722 3591 5777 minuere.

2020 5824 2173 5881 Nunc
2208 5831 2385 5879 autem
2410 5861 2425 5889 ,
2459 5816 2755 5875 masculum
2787 5816 2991 5888 pariter
3030 5830 3093 5872 ac
3135 5814 3392 5871 lemiuam
3434 5830 3615 5887 δρυιιο,
