4060 6420
277 351 413 420 1373

1359 363 1445 426 IN
1483 365 2067 429 CONCEPTIONEM
2110 370 2170 430 S.
2215 368 2441 431 ΑΝΝᾸζ

3421 366 3559 436 1374

272 475 407 545 ὁμοῦ
438 475 527 527 καὶ
562 476 836 542 οἰκείωσις
864 477 1184 547 ἐγγίνεσθαι
1226 481 1490 550 πέφυκεν.
1532 484 1675 537 Ἀλλ’
1713 485 1855 558 ὑπὲρ

1963 504 2022 544 ac
2050 490 2386 555 conciliatio,
2420 498 2610 559 suapte
2648 497 2837 544 natura
2894 496 3264 559 comparatur.
3283 485 3553 541 Caeterum

277 567 374 637 μὲν
397 566 574 621 πόνων
603 569 858 655 ἀμοιϐῆς,
886 573 1061 627 ταῦτα
1083 573 1162 644 τῷ
1187 572 1381 646 ἀληθεῖ
1412 575 1659 646 κρίνεται
1688 577 1852 649 λόγῳ,

273 663 321 713 εί
373 663 467 715 καὶ
533 663 773 718 εὐτελῶν
829 683 990 719 τινων
1032 668 1125 721 καὶ
1162 667 1397 739 μικρῶν,
1425 667 1561 741 ὑπὲρ
1616 668 1855 724 διάνοιαν

272 754 422 818 διτα,
461 756 808 812 ἀντιδίδοται.
837 758 934 823 Τίς
965 760 1073 832 γάρ
1108 761 1171 813 οὐ
1230 760 1391 831 μόνον
1455 761 1853 834 καταϐληθείη,

268 845 407 900 ἀλλά
459 848 552 900 καὶ
576 849 893 920 ἐπινοηθείη
919 852 1103 918 πόνος,
1130 853 1159 905 ὁ
1205 853 1301 906 καὶ
1330 853 1407 923 τῷ
1441 852 1722 926 πολλοστῷ
1762 855 1854 909 60-

272 938 459 992 κοῦντι
472 939 582 993 τῶν
606 942 1071 1010 ἀγαθῶν’ὲκείνων
1086 945 1412 1016 ἀπέτισηκοῦν
1434 946 1853 1017 ὑπονοούμενοςς

271 1030 451 1083 Ποίων
504 1032 738 1100 ἀγώνων
786 1033 969 1105 ἔργων
1003 1037 1211 1108 ή-πρὺς
1253 1038 1485 1108 οὐρανὸν
1541 1038 1752 1107 γένοιτο
1790 1037 1856 1091 ἂν

267 1122 569 1189 ἀνάϐασις;
601 1126 774 1182 Τίνων
801 1127 979 1182 πόνων
1005 1130 1273 1200 κλίμακες
1301 1133 1353 1183 αἱ
1395 1131 1535 1202 πρὸς
1593 1130 1857 1183 τοσοῦτον

266 1212 404 1279 ὖηιος
436 1216 776 1284 ἐφικνεῖσθαι
805 1220 1099 1290 δυνάμεναι
1124 1238 1138 1287 ;
1173 1222 1348 1275 Ποίων
1379 1222 1489 1275 τῶν
1520 1224 1578 1276 ὲν
1606 1222 1859 1293 ὲπικήρῳ

265 1306 363 1359 καὶ
413 1306 613 1380 ῥεούσῃ
660 1309 772 1380 ζωῇ
814 1310 1301 1383 καταϐαλλομένων
1359 1311 1618 1383 ἱδρώτων,
1651 1314 1707 1367 αί
1748 1312 1859 1365 τῶν

269 1399 512 1453 αἰωνίων
540 1402 634 1453 καὶ
662 1402 958 1470 ἀκηράτων
974 1405 1113 1457 είσὶν
1135 1403 1461 1471 ἀντιδόσεις;
1490 1402 1656 1466 Τίνας
1678 1403 1743 1458 ἄν
1776 1420 1858 1466 τις

262 1491 391 1544 κατ’
423 1491 583 1557 ἀξίαν
625 1492 722 1562 τῆς
765 1493 1100 1557 οἱκειώσεως
1142 1494 1237 1547 τοῦ
1272 1492 1618 1565 Δημιουργοῦ
1662 1493 1859 1557 πόνους

260 1579 758 1647 ἐπιδείξαιτοοοῖον
789 1584 856 1637 ἂν
889 1584 1081 1638 ἑαυτὸν
1109 1586 1311 1639 οἰκεῖον
1339 1586 1438 1656 τῆς
1475 1586 1686 1639 ἐκείνου
1715 1587 1854 1639 ενοι-

1965 581 2103 636 bona
2127 581 2375 646 lncc,ceu
2407 595 2502 650 pro
2529 580 2773 636 laborum
2797 582 3152 637 retributione
3181 593 3366 635 revera
3398 591 3556 632 com-

1966 682 2244 744 putantur,
2269 677 2481 732 tametsi
2512 674 2808 745 cOgitatuut
2839 690 3056 729 omnem
3089 672 3424 742 superantia,
3457 683 3556 739 pro

1965 763 2159 819 vilibus
2202 779 2265 819 ac
2297 766 2508 836 exiguis
2560 766 2946 835 rependantur.
2994 764 3128 831 Quis
3180 763 3326 818 enim
3373 771 3559 815 tantus

1966 855 2138 923 labor,
2166 860 2361 912 nedum
2394 858 2504 928 ipsa
2537 873 2597 912 re
2627 857 2994 927 impendatur;
3026 854 3121 911 sed
3143 853 3226 909 vel
3252 853 3432 907 animo
3457 863 3554 905 eoo

1967 953 2181 1022 gitetur,
2237 962 2294 1006 ιιι
2350 953 2434 1008 vel
2469 952 2689 1007 minima
2735 962 2888 1020 parte
2938 966 2969 1005 e
3024 950 3288 1004 bonorum
3338 945 3552 999 illorum

1968 1044 2185 1113 regione
2234 1059 2503 1115 appensus
2526 1083 2542 1109 ,
2578 1044 2780 1113 aliquid
2817 1041 3105 1097 videatur?
3142 1039 3385 1107 Quorum
3424 1053 3555 1107 rogo

1967 1136 2326 1191 certaminum
2367 1152 2504 1205 opus
2548 1136 2619 1190 sit
2669 1135 2916 1191 ascensio
2946 1135 2998 1189 in
3030 1132 3268 1188 caelum?
3298 1132 3547 1200 Quorum

1967 1235 2121 1296 putes
2164 1226 2408 1281 laborum
2444 1228 2670 1296 gradus,
2696 1236 2755 1281 ut
2789 1227 2856 1279 ad
2895 1236 3099 1278 tantam
3133 1221 3377 1278 subvecti
3441 1219 3554 1277 sint

1967 1318 2397 1373 sublimitatem?
2431 1317 2670 1384 Quorum
2705 1317 2916 1373 mortali
2940 1332 3004 1371 ac
3027 1314 3168 1370 ﬂuxa
3199 1314 3309 1368 vita
3338 1313 3552 1383 impen-

1968 1425 2150 1465 sornnt
2205 1411 2462 1465 sudorum
2485 1451 2501 1475 ,
2547 1419 2874 1466 mternorum
2902 1425 2966 1463 ac
2996 1407 3382 1463 innnortalium
3413 1420 3555 1476 prie-

1969 1503 2076 1557 mia
2141 1504 2428 1558 bonorum.
2461 1503 2733 1569 ansnam
2776 1502 2900 1571 quis
2933 1502 3149 1556 labores
3171 1490 3449 1563 exhibeat,
3487 1504 3547 1551 ut

1969 1593 2231 1662 cnndigne
2262 1593 2714 1649 necessitudinem
2753 1592 2898 1646 illam
2924 1606 3046 1646 cum
3083 1598 3308 1644 auctore
3335 1600 3557 1657 prome-

260 1675 332 1742 κή
342 1690 481 1736 σεως
506 1674 972 1729 κατασκευάσειεν
987 1677 1334 1748 οἱκητήριονς
1373 1675 1706 1743 Ἐνοικήσω
1726 1678 1855 1749 γὰρ,

1974 1684 2192 1738 reatur?
2218 1682 2392 1750 Quam
2420 1698 2479 1738 se
2513 1683 2730 1737 domum
2764 1681 3041 1753 propriam
3068 1688 3290 1750 praestet
3310 1720 3326 1745 ,
3363 1677 3415 1733 in
3445 1691 3555 1746 qua

259 1766 540 1834 φησὶν,ἐν
583 1766 808 1834 αὐτοῖς,
845 1766 943 1821 καί
963 1768 1448 1837 ἐμπεριπατήσω.
1480 1770 1590 1823 Καὶ
1630 1770 1799 1822 πάλιν
1835 1785 1850 1801 ·

271 1855 431 1926 Ἐγὼ
462 1856 559 1910 καί
580 1859 829 1925 όΠατὴρ
845 1858 1240 1929 ἐλευσόμεθα.
1278 1860 1449 1914 Τοῦτο
1477 1861 1586 1914 τῶν
1619 1862 1677 1915 ὲν
1700 1861 1852 1915 ὲλπίο

258 1965 352 2002 σιν
385 1949 607 2019 ἀγαθῶν
652 1948 715 2003 τὺ
747 1950 923 2018 πέρας
947 1966 961 1981 ·
987 1951 1147 2004 τοῦτο
1181 1952 1214 2022 ἡ
1262 1950 1512 2022 οὐράνιος
1557 1950 1806 2024 βασιλεία
1837 1970 1851 1985 ’

252 2041 425 2096 τοῦτο
477 2040 510 2113 ἡ
556 2041 657 2112 τῆς
704 2042 946 2097 αίωνίουι
980 2044 1192 2116 τρυφῆς
1241 2043 1539 2108 ἀπόλαυσις
1567 2061 1582 2075 ·
1630 2045 1853 2117 τοῦτοή

252 2134 546 2204 ἀδιάδοχος
599 2134 912 2206 εὐφροσύνη
955 2151 972 2166 θ
1019 2139 1054 2207 ή
1098 2136 1354 2208 διηνεκὴς
1409 2137 1769 2205 ἀγαλλίασις.
1817 2140 1852 2209 ἡ

254 2227 693 2300 ὑπερῦαίνουσα,
739 2227 799 2280 οὐ
851 2227 1011 2297 μόνον
1062 2227 1278 2293 πόνους,
1326 2228 1462 2282 ἀλλά
1521 2229 1620 2282 καὶ
1677 2230 1856 2284 πάντα

252 2321 390 2374 νοῦν
441 2320 824 2385 ἀνταπόδοσις.
863 2321 1028 2392 Ὁρᾷς
1055 2321 1132 2383 ὡς
1173 2311 1352 2384 οὐδεὶς
1391 2322 1571 2384 πόνος,
1603 2322 1666 2375 οὐ
1696 2322 1855 2392 μόνον

250 2412 363 2466 οὐκ
392 2412 827 2483 ἀντιμετρείται,
863 2412 976 2465 ἀλλ’
1008 2412 1117 2465 οὐδ’
1145 2414 1443 2466 ἐπινοεῖται
1490 2415 1558 2484 τῇ
1602 2413 1855 2485 μακαρία

251 2505 376 2559 τῶν
433 2504 821 2575 ἀποκειμένων
879 2504 1105 2573 ἀγαθῶν
1151 2504 1493 2571 ἀπολαύσει;
1554 2503 1716 2557 Ἀλλά
1762 2506 1856 2559 καὶ

250 2596 519 2651 τοσοῦτον
552 2595 663 2649 τῶν
702 2596 993 2667 ἡμετέρων
1027 2594 1433 2649 ἀπολειπόντων
1478 2595 1728 2663 ἀγώνων,
1761 2597 1855 2648 καὶ

250 2690 408 2747 οὕτω
433 2689 543 2743 τῶν
568 2690 636 2744 δι’
671 2689 877 2761 ἀρετὴν
915 2689 1158 2760 ἱδρώτων
1196 2689 1304 2743 τῶν
1342 2689 1481 2758 ὑπὲρ
1529 2688 1686 2755 λόγον
1714 2688 1856 2740 ὲκεί-

251 2802 372 2838 νων
397 2781 819 2851 ὑποεεὸηκότων
845 2780 1111 2850 ἁμοιὸῶν,
1140 2781 1290 2848 ὅμως
1319 2778 1553 2832 εὐτελῶν
1591 2779 1689 2831 καὶ⁸
1730 2795 1855 2847 σμι-

252 2877 549 2949 κροτάτων
605 2874 822 2939 πόνων,
875 2873 975 2946 τὴν
1026 2872 1167 2943 ὑπὲρ
1215 2872 1425 2925 ἔννοιαν
1473 2871 1774 2924 ἀπόλαυσιν
1825 2870 1854 2921 ὁ

251 2967 613 3040 ὗπεράγαθος
627 2966 913 3021 ἀντιδώσει
944 2967 1245 3037 Δεσπότης.
1278 2965 1483 3036 Μικροὶ
1512 2964 1621 3034 γὰρ
1641 2963 1734 3017 καὶ
1766 2962 1854 3015 οὑ-

1965 1777 2052 1831 ille
2079 1774 2389 1830 inhabitet?
2429 1774 2772 1839 luhabitubo,
2805 1774 2973 1839 enim,
3032 1771 3231 1841 inquit,
3282 1770 3337 1823 in
3380 1768 3478 1830 eis,
3501 1775 3553 1821 et

1964 1867 2298 1922 inambulabo
2330 1866 2373 1899 ‘°
2405 1884 2419 1922 :
2455 1868 2518 1920 Et
2553 1863 2917 1934 iterum:qu
2937 1875 2983 1918 et
3014 1861 3179 1916 Pater
3198 1860 3458 1916 veniemus
3483 1857 3553 1911 “.

1963 1959 2061 2014 llic
2107 1958 2370 2013 bonorum
2420 1958 2475 2013 in
2509 1973 2603 2027 spe
2636 1957 2793 2012 nobis
2832 1957 3193 2025 repositorum
3232 1951 3549 2008 terminus:

1964 2051 2183 2106 caeleste
2239 2051 2343 2104 hoc
2394 2064 2615 2119 regnum
2649 2065 2665 2116 ;
2705 2051 2819 2104 haec
2848 2045 3139 2116 voluptatis
3155 2056 3373 2100 reterns
3394 2045 3550 2098 beata

1963 2143 2233 2214 pns‘sessio
2272 2161 2286 2197 :
2344 2142 2456 2195 Inec
2501 2140 2709 2195 Iustitia
2740 2138 3200 2203 interminabilis;
3254 2137 3369 2191 base
3404 2134 3553 2205 jugis

1963 2236 2290 2300 exsultatio;
2332 2234 2446 2289 luce
2496 2233 2805 2295 retributio,
2853 2231 3045 2285 nedum
3078 2228 3325 2292 labores,
3374 2226 3468 2282 sed
3496 2236 3552 2281 et

1962 2345 2178 2384 euntem
2204 2327 2538 2382 intellectum
2564 2339 2924 2394 exsuperans.
2957 2321 3139 2389 Vides,
3172 2332 3230 2376 ιιι
3261 2320 3438 2374 nullus
3469 2319 3547 2373 la-

1964 2419 2082 2482 bur,
2142 2420 2340 2473 nedum
2391 2417 2570 2486 reipsa
2606 2424 2877 2485 exaequet,
2923 2428 2987 2468 ac
3040 2426 3213 2481 neque
3256 2411 3553 2481 quidquam

1963 2509 2186 2576 aequalis
2256 2508 2428 2561 beatas
2504 2506 2864 2574 repositorum
2944 2505 3208 2559 bonorum
3277 2499 3553 2563 iruitioni,

1966 2602 2130 2658 menti
2162 2599 2456 2655 occurrat?
2492 2597 2734 2653 Tametsi
2790 2612 2921 2651 vero
2946 2634 2962 2662 ,
3017 2607 3212 2651 nostra
3254 2593 3554 2648 certamina

1965 2699 2102 2751 adeo
2132 2694 2406 2759 deﬁciant,
2450 2692 2830 2762 assumptique
2860 2690 3094 2745 virtutis
3125 2703 3255 2759 ergo
3291 2688 3553 2748 sudores.

1962 2791 2041 2844 sic
2080 2803 2176 2857 pro
2225 2786 2642 2841 retributionunt
2705 2783 2964 2846 illarum,
3024 2781 3236 2835 ratione
3280 2777 3550 2847 majorum

1963 2876 2312 2946 pra‘stantia,
2363 2873 2542 2943 exigui
2595 2872 2741 2938 sint,
2793 2887 3051 2941 perquam
3100 2882 3280 2924 tamen
3317 2868 3555 2938 optimus

1963 2969 2258 3032 Dominus,
2308 2968 2609 3021 vincentem
2658 2964 2953 3035 cogitatum
3001 2960 3391 3017 beatitudinem
3458 2972 3555 3027 pro

248 3062 411 3126 δενὸς
442 3062 582 3126 ἀξιοι
616 3060 776 3130 λόγου
818 3062 884 3131 τῇ
934 3062 1113 3145 ἐκεῖσε
1153 3057 1629 3129 παραϐαλλόμενοι
1673 3072 1855 3126 μακα-

1963 3063 2035 3118 sic
2061 3060 2257 3114 vilibus
2288 3074 2349 3113 ac
2376 3072 2633 3127 perquam
2654 3056 2890 3125 exiguis,
2916 3053 3203 3108 retribuet.
3237 3051 3401 3106 Plane
3423 3065 3554 3106 vero

252 3156 495 3227 p.61'qzt,
524 3153 574 3205 οί
601 3153 701 3223 τῆς
728 3151 1081 3222 ἀνθρωπίνης
1135 3150 1368 3220 σπουδῆς
1405 3148 1857 3217 καταλογίζονται

249 3247 438 3308 πόνοι,
468 3242 568 3298 κᾶν
601 3242 693 3297 τὸν
734 3243 855 3297 ὅλον
879 3260 963 3306 τις
999 3244 1056 3296 ὲν
1081 3242 1266 3304 αὐτοῖς
1315 3239 1641 3311 κατατρίψει
1697 3237 1812 3308 βίον
1838 3253 1853 3267 ·

248 3340 368 3393 κᾶν
402 3337 592 3406 ἀγῶνα
627 3336 836 3406 συνεχῆ
866 3334 994 3407 ὅλην
1021 3332 1364 3403 ἐπιδείξηται
1388 3331 1553 3402 ζωήν.
1592 3332 1711 3384 Κᾶν
1753 3347 1853 3381 πο-

248 3426 654 3492 λυπλασιιπων
682 3424 892 3497 ταύτην
924 3426 1006 3489 είς
1033 3424 1253 3488 ἑκατὸν,
1278 3423 1311 3494 ἢ
1343 3424 1437 3476 καὶ
1462 3422 1543 3485 δὶς
1574 3418 1853 3484 τοσοῦτον,

248 3522 286 3593 ἢ
324 3520 426 3574 καὶ
443 3519 559 3590 τρὶς
577 3518 609 3590 ἢ
627 3517 719 3574 καὶ
747 3516 1011 3589 μυριάκις
1038 3516 1129 3570 τὸν
1151 3516 1344 3587 χρόνον
1369 3500 1855 3581 ὲπεκτείνοιτότῆς

253 3610 529 3685 βιώσεως,
560 3611 619 3663 ὲν
665 3602 710 3678 ᾧ
739 3609 917 3680 χρόνῳ
942 3607 1071 3672 τοὺς
1088 3606 1384 3676 ὲπιμόνους
1412 3606 1441 3658 ὁ
1464 3602 1709 3665 τοιοῦτος
1754 3600 1856 3671 τῆς

249 3701 467 3773 ἀρετῆς
495 3701 797 3757 διανύσειεν
818 3698 1061 3768 ἀγῶνας,
1087 3697 1243 3751 οὐδὲν
1271 3698 1328 3749 ὲν
1360 3693 1648 3767 συγκρίσει
1679 3692 1854 3761 φανή-

252 3811 417 3849 σεται
443 3794 554 3849 τῶν
585 3791 957 3865 ἐλπιζομένων
981 3790 1309 3845 ἀντιδόσεων
1337 3790 1773 3861 ἀγωνισάμενος.

326 4078 424 4134 Διὸ
448 4079 667 4151 μικροῖς
697 4077 792 4131 καὶ
824 4074 1068 4131 εὐτελέσι
1105 4076 1309 4140 πόνοις,
1356 4073 1458 4140 τὰς
1510 4074 1857 4148 ἀνυπερϐλή-

249 4177 389 4237 cui);
434 4160 672 4244 ἀμοιϐὰς
718 4168 1217 4241 περιποιησώμεθα
1250 4183 1265 4199 ⁵
1308 4168 1400 4221 τὸν
1457 4167 1691 4221 πλοῦτον
1748 4167 1856 4221 τῶν

247 4266 624 4336 ἀδαπανήτων
664 4261 886 4332 ἀγαθῶν
909 4260 1353 4330 θησαυρίσωμεν.
1387 4259 1575 4330 Μικρά
1613 4258 1670 4312 δὲ
1713 4259 1857 4326 λέγω

250 4359 361 4414 καὶ
400 4354 619 4425 εὐτελῆ,
661 4353 736 4425 μὴ
793 4349 863 4404 τὰ
905 4347 1169 4402 δοκοῦντα
1236 4348 1397 4419 μόνον
1445 4344 1584 4401 εἶναι
1629 4348 1856 4401 τοιαῦτα

1959 3155 2136 3225 exigui
2164 3169 2228 3209 ac
2262 3152 2464 3207 nullius
2493 3150 2750 3206 momenti
2781 3149 3067 3202 videantur
3089 3146 3328 3199 humano
3358 3143 3544 3199 studio

1960 3246 2137 3302 collati
2173 3245 2408 3310 labores,
2443 3251 2501 3298 ut
2544 3244 2667 3312 quis
2696 3240 2880 3295 futuro
2922 3253 3037 3292 revo
3083 3236 3330 3305 reposita:
3378 3233 3553 3289 felici-

1962 3339 2058 3392 tati
2084 3345 2384 3406 comparet,
2418 3334 2634 3389 tametsi
2677 3342 2844 3387 totam
2891 3330 2945 3384 in
2978 3329 3058 3384 eis
3108 3327 3272 3380 vitam
3329 3324 3543 3381 insum-

1960 3429 2158 3498 pserit;
2196 3425 2414 3481 tametsi
2449 3426 2575 3480 vita:
2613 3436 2823 3493 tempus
2868 3431 3063 3483 totum,
3092 3429 3371 3473 certamen
3417 3414 3548 3485 juge

1957 3517 2282 3577 ostenderit.
2330 3515 2569 3572 Tametsi
2604 3515 2658 3569 itt
2699 3524 2872 3567 annos
2897 3519 3136 3572 centum,
3170 3507 3223 3560 in
3254 3506 3554 3571 ducentos,

1961 3614 2013 3667 in
2046 3618 2339 3674 trecentos,
2366 3609 2419 3662 in
2455 3618 2743 3663 sexcentos
2767 3619 2830 3658 ac
2860 3598 3335 3657 innumerabiliter
3368 3596 3551 3667 plures

1960 3706 2125 3758 vitam
2159 3701 2509 3774 protraxerit,
2541 3708 2765 3768 totoque
2803 3711 2869 3751 eo
2900 3705 3148 3761 tempore
3178 3689 3399 3743 virtutis
3429 3702 3551 3743 cer-

1960 3797 2164 3853 tamina
2191 3801 2606 3865 perseveranter
2652 3787 2973 3852 coniecerit,
3029 3784 3163 3840 nihil
3218 3791 3400 3837 tamen
3435 3793 3551 3849 pra:

1960 3889 2230 3944 bonorum
2282 3887 2336 3941 in
2384 3899 2481 3954 spe
2528 3884 2893 3954 repositorum
2942 3878 3110 3934 tantis
3145 3876 3254 3931 illis
3306 3872 3547 3932 retribu-

1961 3979 2199 4035 tionibus
2230 3978 2539 4032 decertasse
2563 3974 2730 4029 videri
2762 3971 2954 4042 possit.

2032 4068 2396 4137 Quamobrem
2434 4067 2646 4137 exiguis
2676 4063 2941 4135 ejusmodi
2987 4058 3290 4128 vilibusque
3333 4054 3542 4111 labori-

1960 4164 2080 4229 bus,
2123 4159 2271 4216 omni
2321 4158 2441 4214 illas
2496 4154 2830 4212 sublimitate
2874 4151 3108 4221 majores
3159 4145 3548 4203 retributiones

1959 4254 2117 4309 nobis
2156 4250 2509 4307 conciliemus
2562 4265 2577 4303 :
2632 4246 2850 4301 divitias
2890 4243 3046 4298 nobis
3097 4236 3553 4308 inconsumptibi-

1961 4347 2090 4400 lium
2136 4344 2401 4397 honorum
2446 4352 2798 4410 reponamus.
2852 4334 3057 4390 Nedum
3114 4342 3293 4386 autem
3349 4330 3546 4399 exigua

248 4448 539 4522 ἡγεῖσθαι,
570 4422 734 4500 ἀλλὰ-
759 4443 854 4497 καὶ
910 4443 1036 4505 τοὺς
1074 4440 1344 4511 διηνεκεῖς
1386 4440 1487 4511 τῆς
1532 4440 1662 4511 ὅλης
1706 4438 1853 4510 ζωῆς

1963 4436 2197 4503 viliaque
2228 4422 2475 4486 habenda
2529 4431 2669 4495 dico,
2700 4444 2825 4500 quat
2860 4427 2985 4481 talia
3034 4426 3309 4489 videntur,
3363 4422 3457 4478 sed
3495 4429 3550 4476 et

247 4541 484 4612 ἀγῶνας
513 4555 531 4572 ο
569 4538 670 4609 τὴν
720 4537 979 4606 ἐπίμονον
1025 4532 1123 4603 τῆς
1154 4533 1357 4602 ἀρετῆς
1412 4530 1641 4602 ἄθλησιν
1680 4548 1695 4563 ο
1726 4532 1852 4596 τοὺς

248 4618 759 4694 ἀδιαλείπτωςκαὶ
809 4625 1027 4697 θερμῶς
1074 4624 1215 4697 ὑπὲρ
1280 4625 1454 4694 αὐτῆς
1514 4624 1854 4678 καταὸαλλο-

254 4728 466 4800 μένους
502 4723 718 4786 πόνους.
765 4721 1028 4775 Τοιαῦται
1091 4719 1200 4792 γὰρ
1233 4719 1288 4772 at
1318 4715 1413 4770 τοῦ
1468 4715 1852 4787 μεγαλοδώρου

248 4817 538 4875 Δεσπότου
586 4813 813 4887 ἀμοιόαί
845 4828 858 4843 ’
893 4813 1135 4875 τοιοῦτος
1193 4813 1221 4865 ὁ
1268 4808 1630 4882 ὑπερδλύζων
1684 4809 1850 4862 αὑτοῦ

247 4912 373 4968 τῶν
422 4908 746 4963 ἀντιδόσεων
786 4905 1016 4969 πλοῦτος
1043 4921 1057 4935 ⁸
1103 4901 1248 4957 οὓτω
1297 4901 1711 4971 φιλανθρωπίας
1759 4900 1852 4953 καὶ

250 5002 606 5073 ἀγαθότητος
656 4998 934 5071 ὑπερῦολῇ
967 5038 982 5065 ,
1055 4997 1211 5065 ὀλίγα
1269 4996 1376 5050 τῶν
1421 4993 1664 5064 ἀπείρων
1694 5008 1709 5023 ο
1762 4993 1856 5046 κα)⁵

251 5096 465 5166 πτωχᾶ
510 5095 622 5148 τῶν
680 5092 955 5147 πλουσίων
989 5107 1002 5120 ·
1042 5091 1137 5145 καὶ
1190 5089 1432 5159 ἐπίκηρα
1485 5086 1594 5141 τῶν
1621 5086 1857 5140 αἰωνίων

253 5183 493 5256 ἀγαθῶν
531 5181 1104 5237 ἀντικαταλλάττεται.
1143 5176 1421 5246 Ἀνενδεὴς
1454 5177 1563 5248 γάρ
1608 5177 1724 5229 ἐστι
1749 5175 1859 5228 τῶν

257 5275 731 5347 προσαγομένων,
767 5275 939 5343 μόνης
990 5269 1088 5340 τῆς
1144 5268 1253 5323 τῶν
1304 5266 1695 5340 προσαγόντων
1739 5266 1860 5319 ἐπι-

257 5370 526 5440 δεόμενον
564 5365 858 5437 σωτηρίας,
888 5362 980 5416 διὰ
1034 5361 1213 5425 τοῦτο,
1248 5361 1310 5414 οὗ
1357 5363 1424 5431 τῇ
1455 5361 1566 5412 τῶν
1610 5375 1856 5430 προσφε-

267 5459 524 5534 ρομένων
554 5455 815 5525 ποσότητι
846 5452 1128 5518 τοσοῦτον,
1186 5450 1308 5503 ὅσον
1340 5452 1404 5521 τῇ
1452 5449 1553 5519 τῆς
1600 5448 1861 5520 προαιρέ-

268 5568 427 5615 σεως
458 5551 569 5604 τῶν
608 5546 997 5620 προσαγόντων
1039 5540 1279 5596 ἐπινεύει
1311 5540 1583 5610 ποιότητι,
1616 5542 1645 5593 ό
1697 5538 1860 5609 μόνος

266 5644 534 5709 πλούσιος
559 5636 858 5714 δωροδότης
891 5652 907 5669 ⁸
935 5637 964 5690 ὀ
991 5634 1361 5704 ἀκατανόητον
1408 5631 1549 5704 ἔχων
1579 5629 1858 5700 εὐσπλαγ-

354 5825 400 5860 ⁸⁶
440 5821 613 5880 Levit.
653 5838 801 5889 xxw,
838 5820 934 5891 12;
973 5819 1160 5875 lltTor.
1193 5832 1266 5881 νι,
1300 5812 1384 5868 l6.

1962 4526 2220 4582 continua
2250 4524 2376 4577 vita:
2408 4523 2573 4577 totius
2608 4520 2907 4575 certamina
2958 4535 2974 4572 :
3012 4525 3353 4571 constantem
3381 4512 3550 4567 virtu-

1976 4619 2047 4674 tis
2078 4631 2344 4689 pugnam;
2375 4613 2750 4669 indeiicienter
2771 4627 2837 4667 ac
2868 4611 3138 4665 ferventer
3162 4608 3435 4677 impensas
3466 4604 3549 4658 la-

1964 4710 2146 4764 bores.
2172 4707 2452 4778 Ejusmodi
2488 4705 2633 4761 enim
2665 4714 2795 4759 sunt
2835 4700 3077 4757 muniﬁci
3127 4698 3337 4754 Domini
3382 4696 3550 4752 retri-

1962 4802 2212 4857 butiones
2255 4817 2270 4855 :
2306 4808 2468 4853 tanta:
2514 4796 2617 4851 illa:
2647 4793 3093 4865 supercﬂluentes
3130 4790 3553 4846 retributionnm

1962 4894 2081 4965 ejus
2106 4892 2304 4949 divitiae
2330 4911 2344 4947 :
2383 4900 2529 4945 tanta
2556 4889 2910 4944 humanitatis
2938 4902 3002 4941 ac
3039 4884 3295 4941 bonitatis
3322 4896 3552 4950 exsupe-

1966 4987 2164 5052 rantia,
2204 5001 2302 5058 pro
2350 4984 2560 5053 paucis,
2594 4981 2841 5049 infinita;
2892 4998 2988 5051 pro
3020 4985 3335 5050 paupertate
3358 5014 3373 5039 ,
3410 4972 3553 5027 divi-

1963 5080 2102 5147 tias;
2156 5092 2254 5149 pro
2311 5076 2589 5148 perituris,
2644 5087 2843 5131 aeterna
2882 5076 3019 5129 bona
3052 5077 3367 5125 commutat.
3397 5064 3551 5133 Quo-

1962 5172 2139 5235 circa,
2185 5186 2290 5225 non
2353 5179 2459 5224 tam
2513 5169 2820 5221 ublatorum
2873 5164 3236 5235 quantitatem
3290 5158 3553 5218 attendit.

1961 5279 2123 5336 quam
2154 5273 2212 5319 ut
2238 5261 2800 5319 babeatoﬂerentinm
2838 5258 3106 5324 voluntas,
3144 5253 3236 5324 qui
3279 5252 3426 5307 solus
3457 5250 3543 5305 di-

1962 5370 2056 5411 ves
2090 5355 2317 5425 largitor
2350 5353 2598 5420 exsistit;
2629 5353 2784 5421 cujus
2811 5360 2894 5405 est
2926 5345 3315 5402 misericordiae
3372 5342 3551 5398 visce-

1963 5463 2083 5502 rum
2108 5447 2280 5519 majus
2331 5445 2564 5517 cogitatu
2616 5443 2873 5514 pelagus;
2905 5442 2994 5511 qui
3022 5441 3132 5509 ipsa
3164 5452 3259 5505 per
3296 5450 3356 5490 se
3392 5435 3547 5489 boni-

1963 5550 2065 5606 tas,
2083 5541 2305 5612 solaque
2326 5544 2586 5597 bonorum
2614 5538 2832 5593 ubertas
2858 5544 2969 5603 est;
2996 5534 3106 5604 qui,
3132 5531 3372 5600 inquam,
3407 5541 3551 5599 prte-

1961 5632 2130 5691 sentis
2158 5633 2261 5690 diei
2295 5631 2682 5705 jucunditatem
2704 5670 2719 5698 ,
2760 5638 2980 5699 propter
3037 5625 3270 5679 futuram
3302 5619 3558 5676 laetitiam

1467 5814 1505 5844 "
1538 5810 1693 5869 Joan.
1721 5825 1831 5879 xlv,
1871 5808 1963 5865 25.
