4060 6428
236 407 383 478 13ἸἿ

1084 364 1179 457 ἸΝ
1222 395 1327 458 ss.
1370 391 1725 456 nmmum
1762 383 2351 450 CONCEPTIONEM
2384 386 2480 448 ET
2519 358 2705 448 NAT.‘

3412 388 3554 457 1378

245 519 615 593 καυχήματος
654 511 1038 589 ὲιρυστεροῖτο⁸
1092 508 1297 574 πάντες
1342 507 1445 578 τῆς
1481 504 1886 578 προκειμένης.

1974 498 2213 554 nauibus
2261 505 2469 554 naturae
2512 496 2724 553 deliciis
2777 482 3059 569 gloriaque
3099 482 3340 557 fraudari
3380 506 3550 558 susti-

257 609 743 685 συμμετάσχωμεν
770 604 1027 677 εὐωχίας.
1056 602 1201 657 [ἰᾶσι
1227 601 1338 676 γὰρ
1362 601 1561 671 ἐπίσης
1592 601 1689 653 καὶ
1712 614 1847 669 προ-

229 705 492 759 ,τέθειται
519 740 533 763 ,
566 698 663 754 καὶ
698 699 779 759 είς
823 696 1082 751 ἁπάντων
1129 692 1495 766 εὐφροσύνην,
1532 691 1630 744 καὶ
1678 690 1848 760 ὑπερ-

254 791 654 863 δεδοξασμένην
689 788 1136 863 παρεσκεύασται
1171 786 1350 853 δόξαν.

328 882 550 942 Πολλῶν
601 884 704 956 μὲν
744 883 969 939 οὖν’καὶ
1015 881 1270 954 μεγάλων
1310 881 1409 952 ἥδη
1454 878 1638 933 θεόθεν
1672 879 1849 950 ὴίάν·

259 979 507 1053 θρωπεία
564 977 837 1048 τετύχηκε
898 975 1069 1045 φύσις
1126 972 1504 1045 ,εὐεργεσιῶνσ
1567 971 1849 1042 διαφόροις

180 1070 190 1077 ’
255 1073 518 1144 τετίμητο
568 1072 826 1143 χάρισιν,
877 1064 964 1133 αἷς
994 1070 1022 1122 ό
1065 1068 1363 1140 εὐεργέτης
1414 1067 1542 1131 τούς
1587 1065 1850 1136 μετόχους

260 1165 505 1238 χαρίτων
548 1163 625 1234 τῷ
664 1161 837 1232 κοινῷ
872 1161 933 1215 τὸ
962 1160 1184 1223 εὐκλεὲς
1224 1158 1629 1229 παρεπέμπετο
1653 1173 1666 1186 ο
1692 1155 1853 1237 ,οὐδε-

262 1261 361 1331 μιᾷ
393 1257 448 1312 δὲ
481 1255 734 1310 τοσοῦτον
779 1255 887 1308 τῶν
934 1256 1212 1317 ἁπάντων,
1248 1254 1324 1317 ὡς
1378 1253 1446 1322 τῇ
1478 1250 1580 1304 νῦν
1621 1250 1853 1321 μεγαλο-

258 1339 418 1425 δῶρῳ
453 1351 548 1404 καὶ
575 1349 697 1420 θεία
742 1349 1218 1418 ὐπερσεμνύνεται
1251 1347 1406 1415 τιμῇ.
1447 1343 1540 1396 Διὸ
1577 1341 1686 1395 τῶν
1715 1356 1853 1412 προσ

258 1444 642 1514 γεγενημένων
702 1440 1083 1511 ὲκλαθομένη,
1140 1439 1235 1493 καὶ
1281 1437 1351 1491 τὰ
1408 1435 1577 1489 πάλαι
1623 1435 1855 1488 κατόπιν

259 1534 612 1605 ἀποθεμένη,
649 1534 716 1602 τῇ
767 1528 1187 1602 μεγαλοπρεπεί
1232 1526 1407 1598 ταύτῃ
1463 1525 1856 1596 συνεπαίρεται

261 1629 359 1680 καὶ
385 1625 784 1694 συνανυψοῢται
808 1624 953 1696 δόξῃ.
988 1624 1051 1676 Τί
1077 1622 1185 1694 γὰρ
1214 1620 1280 1675 ἂν
1308 1618 1547 1673 τοιοῦτον
1570 1617 1678 1670 τῶν
1703 1615 1858 1686 παρὰ

261 1719 399 1773 Θεοῦ
433 1719 827 1789 δεδιυρημένων
872 1717 1010 1789 αὐτῇ
1052 1713 1447 1786 κατανοηθείη,
1479 1710 1507 1765 ὃ
1545 1715 1611 1782 τῇ
1650 1710 1857 1764 καταλ-

261 1793 410 1884 λῆλῳ
438 1811 533 1867 τοῦ
566 1812 833 1883 παρόντος
854 1808 1395 1878 καθυποόληθήσοιτο
1433 1804 1757 1875 συγκρίσεις
1791 1802 1858 1856 Τί

262 1908 324 1960 τὸ
352 1908 418 1959 ὲκ
455 1907 529 1976 μὴ
556 1905 724 1958 ὄντων
758 1905 1105 1974 παραγαγεῖν
1138 1899 1255 1971 τὴν·
1277 1899 1470 1969 φύσιν,
1502 1898 1637 1971 πρὸς
1666 1899 1726 1951 τὸ
1756 1913 1858 1950 καο-

263 1998 646 2069 ταφθαρεῖσαν
680 1994 888 2065 ταύτην
921 1993 1268 2057 ἐνδύσασθαι,
1298 1992 1393 2046 καὶ
1422 1990 1709 2045 διαπλάσει
1738 2006 1860 2043 και-

263 2089 682 2164 νοπρεπεστέρᾳ
700 2089 869 2141 πᾶλιν
892 2085 1322 2157 ἀναμορφῶσαι;
1346 2084 1412 2136 Τί
1440 2082 1500 2136 τὸ
1523 2081 1634 2153 [ian
1653 2081 1736 2145 τὸ,
1759 2077 1860 2155 τῷ]

264 2186 387 2240 κατ’
447 2185 633 2237 εἰκόνα
680 2182 936 2251 τιμῆσαι,
984 2178 1120 2249 πρὸς
1158 2176 1220 2231 τὸ
1267 2175 1474 2246 ταύτην
1510 2173 1859 2243 υίοθετῆσαις

267 2278 363 2342 Τίς
421 2279 455 2350 ή
516 2276 762 2343 ἐπίγειος
816 2271 1088 2344 ἀρχὴκαὶ
1127 2268 1385 2334 ἐξουσία,
1438 2265 1573 2337 πρὸς
1615 2264 1703 2328 τὸ,
1754 2262 1864 2316 τῶν

267 2359 529 2427 ἁπάντων
586 2370 643 2422 ὲν
688 2368 938 2439 οὐρανοῖς
980 2360 1407 2432 συμϐασιλεύειν
1439 2358 1536 2412 νῦν
1562 2356 1812 2428 Δεσπότῃ
1844 2370 1861 2419 ;

268 2463 363 2528 Τίς
414 2462 449 2533 ἡ
482 2461 540 2514 ὲν
586 2458 828 2529 ὁράμασι
860 2456 955 2509 καὶ¹
984 2452 1259 2517 ἐνυπνίοις
1298 2452 1395 2505 καὶ
1425 2452 1482 2504 ὲν
1524 2447 1866 2516 λεπτοτάτης

269 2556 450 2628 αὔρας
480 2554 719 2624 ὲμφάσει
750 2553 864 2612 τοῖς
907 2549 1168 2610 θεόπταις
1212 2541 1697 2615 παραδεικνυμένη
1732 2540 1829 2593 θέα
1849 2581 1864 2606 ,

271 2651 411 2721 πρδς
466 2648 563 2709 τὸ,
614 2643 706 2697 τὶν
763 2641 1148 2712 όπτανόμενον
1199 2637 1366 2691 αὑτὸν
1415 2628 1692 2695 οὐσιωδῶς
1737 2633 1868 2702 ἡμῖν

270 2719 538 2809 όγθῆναι,
574 2736 670 2789 καὶ
706 2730 1104 2803 φιλανθρώπως
1148 2725 1494 2797 ὲνσκηνῶσαι
1525 2723 1659 2792 ;Τίς
1691 2724 1724 2793 ὴ
1760 2719 1869 2774 τῶν

271 2848 575 2904 προφητων
611 2829 708 2883 καὶ
753 2826 976 2880 δικαίων
1009 2822 1206 2892 ἐκλογὴ
1233 2838 1249 2887 ;
1286 2819 1380 2875 καὶ
1406 2817 1488 2881 τίς
1519 2817 1553 2887 ἡ
1591 2815 1658 2869 δι’
1688 2814 1868 2868 αὐτῶν

270 2922 345 2993 τῷ
399 2921 556 2990 γένει
606 2911 1081 2992 [παραγενομένη]
1132 2911 1285 2978 δόξα,
1333 2908 1470 2980 πρὸς
1504 2908 1584 2971 τὸ,
1641 2904 1872 2975 Μητέρα

268 3016 359 3071 τοῦ
393 3014 795 3087 προκρίνοντος
834 3009 991 3075 θεοῦ,
1034 3008 1095 3062 τὸ
1119 3007 1217 3077 τῆς
1254 3004 1472 3074 φύσεως
1505 3001 1664 3073 ἡμῶν
1690 3016 1870 3070 παρα-

269 3111 553 3180 ληφθῆναι
581 3106 867 3177 καύχημα,
898 3103 995 3157 καὶ
1036 3101 1104 3154 δι’
1136 3099 1308 3168 αὐτῆς
1334 3097 1434 3169 τὴν
1477 3091 1872 3166 μεγαλοπρεπῆ

1958 602 2087 649 neat
2119 610 2134 647 :
2174 607 2282 647 una
2321 604 2513 647 omnes
2549 589 2829 664 proposito
2864 588 3112 645 fruamur
3145 593 3329 661 epulo.
3372 593 3554 664 Eque

1956 685 2101 740 enim
2147 683 2421 740 universis
2470 682 2809 754 propositum
2847 693 2964 749 est,
2997 694 3161 754 atque
3192 686 3259 740 ad
3308 686 3549 742 lmtitiam

1958 778 2199 835 omnium
2271 792 2336 832 ac
2366 792 2529 848 super
2559 775 2914 847 gloriﬁcatam
2944 776 3168 846 gloriam
3202 778 3548 837 instructum.

2030 869 2148 924 Jam
2179 884 2313 924 sane
2339 869 2505 923 nmlta
2532 884 2855 940 magnaque,
2884 870 3118 924 humana
3148 880 3363 939 natura,
3390 889 3417 926 a
3447 873 3552 927 Deo

1958 960 2130 1016 fuerat
2164 968 2452 1017 consecuta
2515 960 2795 1016 beneﬁcia.
2843 960 3081 1019 Diversis
3142 961 3321 1020 fuerat
3378 964 3552 1019 hone-

1961 1064 2100 1110 stata
2146 1054 2336 1115 donis.
2384 1053 2581 1123 quibus
2630 1053 2881 1110 beneﬁcii
2929 1065 3143 1118 auctor,
3167 1055 3551 1111 beneﬁciorum

1959 1146 2254 1216 participes
2283 1144 2529 1214 effectos,
2554 1152 2845 1200 commune
2873 1148 3058 1215 generi
3090 1147 3258 1202 decus
3286 1148 3509 1203 inferret
3536 1161 3550 1197 :

1962 1254 2231 1309 nusquam
2303 1250 2505 1303 tamen,
2550 1246 2608 1291 ut
2654 1238 2833 1294 omnia
2888 1238 3176 1301 conferas,
3218 1239 3362 1308 quali
3411 1254 3553 1294 nunc

1965 1334 2261 1404 magniﬁco
2326 1348 2390 1387 ac
2449 1333 2634 1386 divino
2698 1332 2944 1398 honore,
3001 1332 3202 1386 eximie
3245 1343 3402 1387 aucta
3451 1344 3552 1387 est.

1964 1425 2348 1491 Quamobrem,
2401 1425 2744 1495 superiorum
2774 1424 2966 1490 oblita,
2997 1425 3384 1493 veteribusque
3409 1435 3555 1479 retro

1964 1518 2180 1589 positis,
2234 1515 2492 1587 prreclara
2537 1517 2637 1570 hac
2669 1517 2772 1570 sibi
2807 1516 3005 1586 placet,
3044 1518 3358 1586 pariterque
3398 1516 3558 1570 cum-

1969 1618 2057 1663 tur
2109 1608 2305 1678 gloria.
2330 1607 2468 1675 Quid
2497 1609 2639 1664 enim
2673 1617 2782 1662 tam
2816 1607 3162 1678 magniﬁcum
3185 1611 3238 1662 in
3271 1607 3365 1663 Dei
3400 1607 3557 1661 donis

1968 1700 2021 1755 in
2058 1717 2177 1757 eam
2232 1701 2444 1757 collatis
2481 1701 2812 1769 intelligatur
2837 1739 2851 1765 ,
2896 1711 2956 1756 ut
3009 1716 3132 1755 cum
3172 1702 3275 1756 isto
3318 1717 3559 1772 congrue

1968 1780 2271 1863 comparari
2310 1795 2519 1866 possit?
2572 1794 2709 1862 Quid
2768 1795 2839 1849 ita
2890 1810 3145 1867 magnum
3197 1804 3445 1850 naturam
3491 1809 3554 1848 rx

1965 1887 2133 1942 nihilo
2169 1888 2519 1957 produxisse,
2549 1903 2658 1956 [πω
2687 1888 3004 1956 dignatione
3031 1888 3142 1951 illa,
3177 1903 3281 1956 qua
3314 1897 3367 1941 et
3397 1887 3556 1940 vitia-

1966 1989 2079 2033 tam
2119 1978 2324 2044 induit,
2363 1994 2605 2046 novaque
2648 1994 2712 2033 ac
2761 1978 3057 2044 angustiori
3091 1994 3306 2032 rursum
3342 1977 3558 2032 fictione

1965 2067 2329 2124 reformavit?
2367 2068 2505 2134 Quid
2550 2069 2723 2121 honor
2758 2066 3044 2136 imaginis,
3081 2081 3191 2137 prae
3229 2062 3559 2135 adoptione?

1964 2159 2103 2228 Quid
2158 2169 2408 2215 terrenus
2464 2159 2799 2230 principatus
2827 2198 2841 2222 ,
2884 2167 3271 2227 potestasque,
3316 2170 3426 2226 prae
3465 2156 3557 2211 illo

1966 2269 2109 2308 nunc
2149 2253 2425 2308 communi
2462 2253 2847 2306 universorum
2880 2267 3002 2305 cum
3039 2251 3273 2305 Domino
3316 2250 3368 2304 in
3401 2250 3558 2304 curiis

1966 2345 2241 2414 imperio?
2283 2343 2424 2412 Quid
2475 2344 2527 2398 iu
2578 2344 2784 2398 visione
2836 2351 2891 2397 et
2937 2343 3262 2405 insomniis,
3302 2355 3558 2410 aurmqne

1970 2438 2303 2494 tenuissimae
2343 2437 2576 2491 obscuro
2609 2435 2832 2503 indicio,
2867 2424 3178 2491 videntibus
3225 2435 3392 2490 Deum
3435 2450 3563 2506 pro-

1967 2532 2147 2601 pinetis
2179 2539 2434 2586 ostensus
2471 2542 2724 2600 aspectus
2746 2570 2760 2595 ,
2796 2545 2908 2599 prae
2942 2545 3029 2596 eo,
3067 2536 3126 2584 ut
3182 2530 3298 2599 ipse
3330 2530 3419 2598 qui
3469 2544 3566 2596 ap-

1969 2624 2217 2693 parebat,
2257 2623 2415 2677 nobis
2453 2622 2756 2677 substantia
2792 2623 2941 2676 visus
2982 2622 3087 2689 sit,
3122 2630 3285 2688 atque
3323 2623 3374 2675 in
3410 2622 3566 2676 nobis

1969 2716 2270 2771 clementer
2307 2715 2605 2771 habitarit?
2639 2715 2777 2782 Quid
2810 2716 3043 2784 denique
3079 2714 3468 2784 prophetarum
3501 2729 3566 2768 ac

1965 2805 2237 2878 justorum
2293 2807 2488 2863 electio
2517 2847 2534 2874 ,
2566 2822 2792 2876 qumque
2843 2823 2939 2877 per
2975 2822 3070 2861 eos
3110 2808 3344 2861 humano
3382 2808 3566 2875 generi

1972 2888 2205 2953 accessit
2252 2899 2446 2970 gloria,
2482 2914 2593 2969 pne
2629 2914 2711 2960 eo,
2749 2908 2809 2951 ut
2842 2899 3191 2967 pratoptautis
3231 2898 3323 2951 Dei
3371 2896 3568 2960 Mater,

1972 2990 2194 3043 humani
2241 2990 2458 3060 generis
2496 2991 2691 3060 gloria,
2721 3000 2998 3060 assumpta
3034 2991 3134 3054 sit,
3168 3004 3373 3059 perque
3414 3005 3566 3056 eain,

1902 3090 1911 3100 ‘
1976 3082 2064 3137 hic
2107 3083 2261 3137 nobis
2311 3083 2447 3136 adeo
2485 3083 2807 3153 magniﬁcus
2856 3083 3032 3136 honor
3077 3081 3409 3137 accesserit?
3455 3080 3571 3136 Hoc

268 3200 489 3270 ταύτην
545 3200 678 3268 ἡμῖν
728 3193 1166 3265 παραγεγονέναι
1221 3188 1390 3258 τιμήν
1423 3203 1438 3253 ;
1467 3184 1642 3239 Τοῦτο
1691 3183 1756 3253 δὴ
1814 3182 1873 3234 τὸ

1981 3176 2140 3244 plane
2164 3175 2406 3245 estquod
2438 3185 2681 3231 nostrum
2706 3175 3038 3230 excellenter
3065 3174 3427 3245 glurillcatum
3461 3184 3567 3227 est.

269 3290 394 3347 καθ’
422 3286 730 3361 ὑπερϐολὴν
753 3285 910 3357 ἡμῶν
935 3276 1522 3351 δεδοξασμένον.ἰὀῦτο
1538 3277 1617 3330 δεῖ
1635 3277 1700 3345 σή
1711 3292 1775 3344 με
1783 3290 1874 3346 ρον

278 3384 529 3445 ἅπαντας
554 3377 987 3450 ὑποδεχομένους
1010 3370 1506 3445 περιπτύσσεσθαι,
1527 3370 1619 3422 καὶ
1639 3367 1873 3439 χαίρειν,

279 3477 375 3532 καὶ
424 3478 553 3538 ταῖς
607 3474 683 3538 ὠς
746 3470 972 3541 ἐφικτὸν
1038 3463 1466 3536 καταγεραίρειν
1524 3459 1874 3528 δοξολογίαις.

364 3568 537 3625 Ἀλλὰ
560 3570 627 3639 τῇ
659 3565 968 3634 Δεσποτικῇ
993 3563 1058 3616 ἄν
1085 3576 1229 3623 τινες
1253 3555 1548 3639 ἐπιφανεία
1578 3553 1676 3625 τὴν
1696 3551 1881 3606 τοιαύ-

279 3681 380 3734 την
428 3662 637 3716 εἴποιεν
667 3659 761 3712 καὶ
812 3655 1156 3728 εὐφροσύνην
1198 3653 1295 3707 καὶ
1324 3649 1676 3723 εὐχαριστίαν
1706 3662 1878 3719 προσ-

283 3757 465 3828 ήκειν,
504 3753 579 3815 ὡς
615 3753 831 3806 ἅπαντα
862 3768 892 3803 τ
911 3749 1053 3804 αὕτα
1082 3746 1351 3816 γενομένῃ
1373 3760 1385 3774 ·
1434 3742 1532 3796 καὶ
1560 3740 1737 3811 πέρας
1785 3736 1877 3791 τοῦ

283 3864 344 3901 τε
397 3844 703 3918 μυστηρίου
735 3844 831 3897 καὶ
862 3841 970 3895 τῶν
1010 3838 1317 3910 δεδομένων
1362 3831 1742 3904 καθεστηκυίᾳ
1774 3830 1878 3884 δω-

289 3939 463 4013 ρεῶν·
501 3938 615 3990 ἀλλ’
661 3939 709 3990 οἱ
743 3935 918 3990 ταῦτα
953 3932 1331 4006 προτείνοντες
1355 3970 1371 3993 ,
1416 3925 1744 3989 νοείτωσαν,
1805 3923 1880 3987 ὡς

284 4029 506 4098 ἐκείνης
541 4027 753 4098 αἰτίαή
788 4024 1044 4097 παροῦσα
1073 4022 1274 4092 γέγονε
1308 4020 1571 4091 θυμηδία,
1613 4017 1707 4071 κοιλ¹
1735 4015 1879 4088 ἀρχὴ

283 4121 382 4192 τῆς
413 4119 554 4191 πρὶς
592 4116 941 4191 ημᾶς-αὐτοῦ
977 4113 1352 4183 καταλλαγῆς,
1382 4113 1478 4166 καὶ
1512 4111 1612 4180 τῆς
1635 4109 1724 4163 διὰ
1752 4108 1884 4162 ταύ-

284 4230 384 4287 της
418 4214 780 4282 ἐπιφανείσης
815 4211 946 4280 ἡμῖν
985 4207 1327 4276 καθέστηκεν
1358 4203 1720 4274 εὐφροσύνης.
1749 4201 1883 4255 "Qa"

286 4324 396 4378 περ
421 4305 530 4377 γὰρ
568 4304 637 4357 τὰ
667 4305 747 4367 εἰς
780 4299 1133 4368 καταλλαγὰς
1182 4297 1416 4367 ἐνέχυρα
1453 4292 1881 4365 παραλαμϐανόδ

291 4416 454 4471 μενα,
490 4400 712 4470 εἰρήνης
753 4396 850 4467 μέν
890 4396 1008 4447 ἐστι
1071 4389 1313 4463 σύμϐολα
1362 4387 1609 4458 βεϐαίας,
1642 4384 1783 4456 ἀρχὴ
1823 4383 1881 4437 δὲ

286 4492 388 4564 τῆς
430 4491 520 4545 διὰ
568 4491 677 4543 τῶν
725 4488 898 4557 αὐτῆς
949 4484 1131 4540 καλῶν
1184 4484 1297 4545 τοῖς
1348 4478 1882 4546 καταλλαττομένοις

1983 3267 2097 3321 Hoc
2145 3266 2382 3321 universi
2425 3268 2786 3336 suscipientes
2816 3308 2831 3334 ,
2877 3266 3129 3333 amplecti
3179 3266 3471 3330 debemus,
3516 3273 3571 3319 et

1981 3360 2239 3430 gaudere,
2280 3375 2342 3414 ac
2376 3359 2575 3429 quibus
2602 3359 2819 3415 licuerit
2851 3359 3100 3413 laudibus
3138 3372 3425 3413 exornare.

2053 3564 2352 3621 Enimvero
2385 3554 2497 3621 non
2529 3565 2727 3632 desint,
2764 3566 2854 3636 qui
2894 3564 3189 3620 Dominicae
3224 3565 3570 3635 apparitioui,

1981 3658 2247 3729 ejusmodi
2287 3669 2342 3714 et
2376 3659 2644 3727 lwtitiam,
2680 3669 2735 3713 et
2768 3661 3062 3727 gratiarum
3105 3660 3395 3727 actionem,
3438 3675 3572 3714 cun-

1981 3769 2177 3823 gruere
2206 3753 2429 3816 dicant,
2465 3761 2630 3822 utque
2675 3754 2927 3806 universa
2961 3752 3075 3806 lucc
3113 3750 3250 3805 facta
3288 3752 3379 3816 sit,
3423 3753 3574 3805 linis-

1981 3861 2086 3915 que
2125 3845 2369 3917 mysterii
2418 3861 2481 3898 ac
2544 3860 2932 3901 concessurum
2977 3846 3239 3899 donorum
3278 3845 3571 3905 exstiterit.

1984 3934 2186 3991 Verum
2229 3939 2502 4001 noverint,
2549 3938 2637 4004 qui
2677 3938 2776 3989 ista
2808 3948 3107 4006 Opponunt,
3142 3938 3424 4007 praesentis
3466 3938 3570 3991 dici

1977 4026 2370 4097 jucunditatem
2425 4027 2568 4082 illius
2602 4027 2772 4107 fuisse
2798 4043 3037 4093 causam,
3069 4044 3132 4082 ac
3163 4027 3256 4081 Dei
3290 4028 3569 4081 nobiscum

1984 4119 2445 4176 reconciliationis
2491 4119 2726 4184 initium,
2772 4119 2994 4189 ejusque
3042 4119 3262 4184 laetitiae,
3316 4135 3435 4189 qua:
3478 4135 3574 4189 per

1981 4227 2102 4282 eam
2144 4212 2297 4267 nobis
2351 4210 2573 4267 alI'nlsit.
2634 4212 3098 4278 Quemadmodum
3152 4213 3296 4264 enim
3348 4222 3569 4278 accepta

1981 4306 2048 4358 ad
2110 4305 2545 4359 conciliationem
2621 4306 2883 4375 pignora,
2953 4305 3104 4373 signa
3165 4304 3382 4372 quidem
3443 4314 3571 4359 sunt
3624 4346 3631 4352 .

1983 4397 2154 4452 firma:
2187 4398 2373 4472 pacis;
2410 4397 2621 4450 initium
2652 4409 2829 4450 autem
2860 4396 3220 4464 jucunditatis
3258 4397 3421 4463 illius,
3464 4414 3567 4466 qua

1985 4491 2097 4545 suis
2126 4505 2226 4559 pax
2270 4490 2428 4544 bonis
2465 4489 2785 4544 conciliatos
2828 4488 2988 4543 aﬂicit
3021 4505 3035 4541 :
3086 4500 3143 4541 ut
3176 4489 3340 4553 item,
3385 4489 3428 4542 si
3463 4506 3567 4557 qua

288 4583 572 4653 ἐγγίνεται
602 4579 875 4651 θυμηδίας
895 4595 908 4608 ·
934 4577 967 4648 ἢ
997 4576 1186 4645 ὥσπερ
1214 4576 1243 4644 ἡ
1272 4574 1337 4626 ἐκ
1372 4570 1479 4624 τῶν
1510 4567 1770 4641 ὑπηκόων
1802 4566 1879 4630 είς

1990 4583 2203 4646 mulier,
2233 4598 2264 4637 e
2296 4582 2540 4651 subjecto
2571 4580 2765 4649 populo
2800 4582 2866 4634 ad
2912 4581 3115 4650 regium
3146 4580 3443 4635 thalamum
3477 4584 3571 4635 de-

292 4674 584 4746 βασιλικὴν
615 4671 933 4741 ἀγχιστείαν
977 4668 1071 4722 καὶ
1111 4662 1520 4736 προκρινομένη
1570 4660 1660 4714 καὶ
1697 4675 1882 4728 παρα·-

289 4767 685 4838 λαμὸανομένη
710 4807 725 4830 ,
782 4762 1088 4833 τεκμήριον
1119 4759 1352 4830 ἀψευδὲς
1401 4759 1517 4819 τοῖς
1551 4756 1643 4823 ἀφ’
1674 4747 1751 4808 ὧν
1796 4753 1883 4820 ἐξ-

296 4860 467 4931 ελέγη
513 4861 834 4929 κατεῆίεται,
870 4855 969 4923 τῆς
1008 4870 1068 4907 τε
1103 4851 1238 4921 πρὸς
1287 4847 1512 4920 βασιλέα
1550 4844 1883 4914 συγγενικῆς

290 4954 578 5016 ὲνώσεως,
611 4953 706 5007 καὶ
736 4953 835 5020 τῆς
876 4947 962 5001 διὰ
991 4945 1152 5000 τοῦτο
1181 4943 1561 5015 παρεσομένης
1602 4937 1847 5003 εὐδοξίας
1867 4952 1880 4967 ο

290 5047 325 5118 ἢ
352 5045 612 5117 καθάπερ
661 5042 950 5114 βασιλείων
981 5043 1039 5092 ἐν
1080 5037 1374 5098 ἰδιωτικοῖς
1423 5031 1886 5102 ὲγκαινιζομένων

292 5140 557 5210 κλήροις,
591 5137 818 5208 σημεῖον
859 5133 959 5201 τῆς
999 5131 1065 5185 δι’
1112 5123 1186 5184 ὧν
1224 5128 1636 5199 καινουργεῖται
1677 5140 1885 5193 παρου-

295 5231 423 5294 σίας
462 5230 558 5282 καὶ
603 5226 985 5298 συνδιατριϐἦς
1018 5225 1120 5278 οὑκ
1166 5219 1474 5292 ἀμφίϐολον
1520 5221 1585 5289 τῇ
1620 5216 1887 5289 περιοίκῳ

292 5324 535 5392 γίνεται,
569 5322 637 5375 δι’
670 5314 733 5374 οὗ
767 5321 870 5391 τήν
917 5335 981 5371 τε
1012 5318 1112 5382 τῆς
1160 5313 1449 5383 εὐμενείας
1482 5311 1576 5364 καὶ
1612 5308 1888 5380 συντηρή-

298 5432 445 5477 σεως
476 5410 1001 5486 προκατασπάζεται
1031 5405 1362 5476 κηδεμονίαν
1382 5420 1394 5431 ·
1428 5401 1571 5456 οὑτω
1594 5400 1658 5472 δὴ
1697 5401 1790 5453 καὶ
1818 5400 1890 5451 τὰ

294 5505 433 5578 περὶ
484 5505 585 5576 τὴν
632 5506 882 5575 σήμερον
933 5500 1030 5553 καὶ
1063 5498 1290 5569 γέγονε.
1347 5496 1443 5548 καὶ
1488 5493 1586 5556 τὰς
1619 5492 1748 5563 περὶ
1786 5491 1889 5561 τῆς

365 5677 488 5747 (Ιὲ)
541 5679 796 5748 Superum
830 5676 1015 5748 gloria
1065 5671 1567 5748 argurnrn_!a._‘T&;
1615 5668 1746 5742 περὶ
1790 5670 1891 5748 τῇς

282 5741 567 5804 ἀνωτάτω
597 5741 852 5816 εὐδοξίας
882 5741 1271 5818 ἐφόδους.’νοχ
1313 5741 1550 5818 ἐφόδους
1577 5756 1671 5818 sua
1695 5741 1891 5818 ampli-

287 5820 492 5874 tudine
523 5837 627 5873 uon
653 5811 786 5875 nihil
815 5811 1100 5872 obscurior
1127 5835 1139 5871 :
1169 5811 1672 5883 putemsignilicari
1697 5811 1765 5864 τὰ
1788 5811 1889 5881 τῆς

293 5891 614 5962 οἰκονομίας
631 5931 654 5965 ι,
689 5907 753 5948 ac
786 5891 837 5946 in
868 5889 1092 5946 Christo
1136 5884 1413 5950 exhibita,
1450 5899 1544 5955 per
1579 5898 1699 5952 quae
1732 5884 1886 5965 nobis

286 5972 407 5993 ια”ν
649 5974 657 5997 :
1040 5966 1058 5997 9

1988 4674 2185 4743 ligatur
2216 4690 2279 4729 ae
2317 4682 2659 4737 assumatur,
2697 4673 3095 4737 certissimum,
3142 4687 3263 4724 cum
3297 4672 3573 4728 aliinitatis

1986 4784 2107 4822 cum
2146 4782 2291 4837 rege,
2326 4777 2440 4820 ttttn
2511 4765 2706 4820 futura‘
2749 4782 2815 4821 ex
2845 4782 2905 4818 ea
2943 4765 3158 4834 gloriae,
3193 4777 3571 4834 argumentum

1988 4861 2049 4915 fit
2098 4862 2389 4930 gentilibus
2420 4860 2536 4914 suis
2577 4876 2591 4911 :
2645 4868 2702 4911 ut
2751 4859 3019 4926 denique,
3052 4859 3297 4912 dedicata
3349 4862 3575 4928 privatis

1989 4953 2429 5024 possessionibus
2455 4952 2621 5022 regia,
2659 4952 2740 5007 sui
2771 4952 2860 5005 illa
2887 4952 3279 5021 designatione,
3310 4954 3573 5010 adventus

1988 5046 2152 5115 regii,
2187 5045 2489 5116 futuraeque
2527 5046 2644 5115 ejus
2677 5046 3144 5105 commorationis.
3184 5046 3329 5100 omni
3362 5047 3568 5101 circqu

1992 5139 2217 5209 pepuli),
2256 5140 2616 5193 indubitatum
2655 5137 2867 5205 signum
2911 5136 3161 5202 eﬁicitur,
3201 5153 3307 5207 quo
3341 5139 3453 5207 jam
3486 5143 3575 5197 ille

1990 5231 2335 5285 clementiam
2371 5230 2631 5298 principis
2655 5228 3043 5297 providamque
3071 5233 3569 5297 conschatinncm,

1976 5321 2147 5374 avide
2191 5319 2424 5386 Salnlet,
2465 5334 2529 5373 ac
2578 5318 2680 5372 sibi
2728 5316 3078 5387 gratuletur:
3131 5318 3203 5371 ita
3234 5334 3366 5373 sane
3411 5302 3603 5376 εῑὶιιιιι⁵

1991 5414 2301 5469 habuerunt
2330 5429 2447 5481 qum
2478 5413 2544 5465 ad
2573 5412 2859 5481 put-sentis
2892 5410 2996 5465 diei
3032 5411 3272 5465 laetitiam
3306 5423 3574 5482 spectant,

1991 5522 2347 5576 superumque
2388 5505 2573 5576 gloriae
2608 5512 2928 5576 argumenta
2966 5504 3079 5577 (l2)
3118 5507 3575 5574 pra-nuntiarunt.

1993 5673 2057 5725 ad
2101 5672 2377 5728 cmlrstem
2423 5683 2549 5725 vere
2587 5684 2896 5742 supernam
2935 5669 3161 5742 gloriam
3207 5670 3387 5729 aditus
3442 5683 3523 5730 est
3559 5692 3572 5728 :

1991 5758 2111 5811 qua:
2143 5747 2325 5818 utique
2362 5742 2741 5818 prtcnnutiavil
2766 5740 2958 5798 Mariae
2976 5755 3127 5798 ortus
3158 5747 3355 5814 pnevie
3389 5747 3576 5818 prosi.

1992 5830 2188 5886 tut-que
2231 5815 2295 5868 ad
2328 5830 2388 5868 ca
2423 5814 2645 5868 habens.
