4060 6432
293 380 426 451 1381

1103 382 1186 445 ΙΝ
1227 382 1329 444 SS.
1374 378 1728 443 DEIPARE
1766 375 2348 442 CONCEPTIONEM
2384 380 2481 442 ET
2520 381 2689 443 NAT.

3419 383 3560 454 1382

288 498 541 566 κέκριται
580 492 767 564 νύμφη
793 508 805 524 ·
842 492 903 547 τό
927 510 984 547 τε
1021 493 1319 560 παλάτιον,
1364 493 1459 549 καὶ
1501 494 1867 564 παρήνοικται

1970 492 2268 558 instructa;
2318 494 2698 565 bonorumque
2743 494 2794 549 in
2849 508 2944 565 spe
2994 495 3297 566 positorum
3358 512 3555 554 secura

292 591 454 663 [ἄλλ.
478 584 907 658 παρῆκται].καὶ
933 585 1292 658 ηὐτρέπισται
1320 588 1581 658 σήμερον.
1597 586 1662 638 Ἦ
1688 583 1745 637 δὲ
1763 583 1870 638 τῶν

289 680 657 736 ἐλπισθέντων
697 678 1011 749 βεϐαιότης,
1043 678 1134 733 διά
1154 697 1215 732 τε
1241 679 1337 749 τῆς
1372 678 1658 749 βασιλικῆς
1685 677 1871 748 ἐπιδη-

198 803 205 808 υ
296 772 425 843 μίας
452 769 551 824 καὶ
595 768 893 838 συναφείας
913 811 928 836 ,
964 771 1077 834 τοῖς
1104 768 1214 822 τῶν
1241 769 1461 840 δωρεῶν
1507 769 1639 841 ἡμῖν
1669 768 1871 841 δηλαδὴ

291 861 657 936 προσεγένετο
680 861 953 933 μετόχοις.
978 861 1211 926 Οὐκοῦν,
1241 864 1458 933 ἡγεῖται
1482 863 1582 934 μὲν
1604 863 1705 933 τῆς
1729 862 1872 917 κατὰ

288 955 389 1026 τὴν
417 952 665 1025 ἄρρητον
709 953 1027 1023 οἰκονομίαν
1092 951 1470 1023 εὐφροσύνης,
1530 953 1564 1023 ἡ
1618 952 1873 1023 παροῦσα

290 1039 617 1109 φαιδρότης·
648 1039 866 1110 ἡγεῖται
906 1041 951 1093 δ’
984 1041 1085 1110 οὐχ
1119 1040 1194 1102 ὡς
1228 1041 1302 1111 μὴ
1338 1041 1573 1111 συνεχὴς
1600 1041 1807 1113 ὲκείνῃ,
1834 1041 1869 1112 ἢ

287 1134 368 1204 τῷ
399 1132 622 1205 μεγέθει
655 1132 1065 1206 διανεστηκυῖα,
1099 1136 1216 1192 ἀλλ’
1251 1137 1326 1199 ὡς
1364 1135 1501 1206 πρὸς
1527 1135 1585 1188 τὸ
1606 1134 1701 1189 τοῦ
1734 1120 1872 1189 παν-

285 1226 378 1289 τὸς
421 1225 668 1294 ἀσφαλὲς
712 1228 1211 1299 χειραγωγήσασα,
1244 1228 1340 1281 καί⁸
1386 1229 1519 1297 ἡμῖν
1560 1244 1626 1296 γε
1655 1227 1871 1291 οἰκείως

288 1318 381 1371 καὶ
417 1317 652 1388 πρώτως
681 1316 796 1389 [ισ.
836 1319 1205 1391 πρεπόντως],
1241 1319 1364 1373 ἐπεὶ
1419 1320 1515 1372 καί
1548 1319 1638 1372 διὰ
1674 1320 1769 1389 τῆς
1814 1319 1871 1386 ἐξ

287 1409 445 1480 ἡμῶν
474 1410 574 1481 τὴν
595 1410 937 1482 τελεωτάτην
961 1411 1139 1483 χαρὰν
1163 1413 1564 1483 προξενήσασα.
1587 1411 1687 1465 Διὰ
1713 1411 1873 1465 τοῦτο

287 1503 369 1554 δεῖ
396 1502 500 1571 τὴν
547 1503 868 1574 προεόρτιον
923 1503 1130 1574 ταύτην
1170 1505 1267 1558 καί
1313 1504 1408 1557 τοῦ
1459 1503 1648 1567 τέλους
1692 1502 1871 1557 αἰτίαν

288 1593 688 1664 προσείροντας
732 1595 1106 1666 εὐχαριστίαν,
1144 1596 1394 1666 φαιδροῖς
1434 1597 1541 1666 μὲν
1574 1595 1652 1665 τῷ
1690 1611 1873 1664 φαινο-

289 1686 478 1756 μένῳ,
509 1686 891 1758 φαιδροτέροις
927 1687 984 1740 δὲ
1033 1690 1099 1757 τῇ
1138 1687 1346 1758 ψυχικῇ
1398 1687 1737 1757 κοσμιότητι,
1772 1686 1872 1756 τὴν

286 1762 578 1848 παροῦσαν
603 1778 853 1841 ἐπαίνοις
878 1780 1246 1848 καταστέφειν
1270 1778 1608 1850 πανήγυρινο
1640 1779 1872 1848 σκιρτᾷν

1975 584 2206 641 adventu
2267 585 2359 641 illo
2406 601 2471 642 ac
2503 586 2924 654 necessitudine,
2966 587 3214 654 (inuitas,
3247 591 3557 662 percipien-

1975 676 2118 731 tibus
2169 677 2331 744 dona,
2399 678 2553 733 nobis
2602 678 2791 748 utique
2851 681 3101 735 accessit.
3163 680 3327 737 Prteit
3369 682 3557 752 itaque

1972 768 2255 837 praesentis
2277 768 2382 823 diei
2408 767 2651 836 claritas,
2681 768 2933 824 iueﬂ'abili
2961 769 3035 823 illi
3055 784 3121 825 ex
3146 770 3346 826 Christi
3375 771 3560 827 incar-

1974 859 2084 912 nati
2121 869 2465 914 sacramento
2498 860 2729 927 laetitias;
2770 860 2926 929 praeit
2957 874 3104 926 vero,
3134 876 3240 916 non
3281 870 3339 917 ut
3359 862 3408 916 ei
3446 877 3555 916 non

1973 950 2277 1018 cohaerens,
2332 952 2415 1006 vel
2450 961 2509 1007 ut
2557 953 2932 1022 magnitudine
2973 952 3248 1018 differens,
3277 955 3370 1008 sed
3409 953 3557 1009 velut.

1975 1055 2094 1109 quae
2120 1043 2184 1096 ad
2221 1043 2296 1097 rei
2339 1043 2501 1098 totius
2532 1045 2909 1104 certitudinem
2945 1047 3099 1115 quasi
3147 1047 3557 1113 ntanuduxcrit,

1978 1133 2140 1201 idque
2189 1134 2348 1189 modo
2394 1136 2552 1191 nobis
2600 1135 2859 1192 familiari
2921 1153 2984 1193 ac
3028 1153 3297 1208 congruo;
3338 1140 3560 1209 quando

1976 1242 2073 1296 per
2099 1241 2252 1292 eam,
2290 1243 2410 1298 quae
2453 1238 2639 1284 nostra
2671 1230 2886 1298 gentilis
2931 1239 3104 1293 esset,
3133 1231 3557 1286 consummatis-

1972 1319 2170 1373 simum
2207 1320 2459 1389 gaudium
2492 1320 2819 1375 conciliavit.
2844 1320 3203 1386 Quamobrem
3234 1338 3411 1393 operm
3432 1338 3555 1393 pre-

1976 1405 2110 1459 tium
2138 1416 2220 1461 est
2272 1416 2329 1460 ttt
2360 1407 2743 1475 praeambulam
2770 1408 2911 1462 hanc
2963 1424 3026 1464 ac
3067 1410 3189 1464 finis
3221 1412 3556 1466 conciliatri-

1972 1512 2090 1551 cem
2154 1498 2473 1568 adjicientes
2531 1502 2797 1571 gratiam,
2857 1501 2995 1555 laetis
3052 1503 3268 1571 quidem
3327 1504 3551 1567 habitu,

1974 1585 2275 1644 lmtinribus
2311 1601 2492 1646 autem
2550 1593 2716 1646 animi
2756 1592 3070 1655 honestate.
3113 1594 3396 1658 laudibus,
3445 1596 3554 1651 diei

1972 1684 2261 1752 prtesentis
2285 1683 2657 1738 celebritatem
2686 1699 3007 1740 coronemus
3027 1701 3041 1750 ;
3060 1684 3351 1753 jucundius
3387 1688 3553 1742 salia-

1975 1790 2132 1842 mus;
2175 1774 2404 1843 spiritali
2442 1777 2618 1846 magis
2647 1791 2806 1845 quam
2838 1778 3106 1846 corporali
3152 1779 3363 1834 ratione
3403 1779 3553 1835 latte-

285 1841 689 1936 εὐόυμότερον·
739 1841 1147 1937 εὐφραίνεσθαι.
1175 1841 1689 1939 πνευματικόιτερον
1729 1841 1860 1937 μᾶλ-

1978 1880 2131 1931 mur;
2158 1879 2280 1921 cum
2312 1865 2626 1922 cmlestibus
2656 1882 2719 1921 ac
2759 1867 2957 1921 divinis
2984 1868 3264 1924 ordinibus
3302 1874 3553 1924 certatim

286 1955 410 2020 λον,
454 1956 490 2027 ἢ
543 1956 1038 2029 σωματικώτερονο
1076 1961 1144 2029 τῇ
1188 1959 1297 2013 τῶν
1339 1959 1541 2031 νοερῶν
1575 1959 1663 2014 καὶ
1706 1959 1867 2013 θείων

285 2049 624 2119 ἁμιλλᾶσθαι
681 2050 890 2115 τάξεων
953 2051 1309 2120 ὰγαλλιάσεν
1371 2055 1555 2106 πᾶσαν
1616 2052 1867 2115 ἅπαντας

284 2141 773 2212 προτρεπομένους·
795 2141 1076 2213 διανιστᾷν
1107 2144 1166 2196 ὲν
1193 2142 1404 2206 τούτοις
1431 2141 1531 2214 τὴν
1557 2143 1756 2196 κτίσιν.

366 2229 531 2285 Ἀλλὰ
565 2232 872 2304 προφθάνει
928 2233 1022 2288 τὸν
1057 2233 1434 2301 συγκαλοῦντα
1479 2233 1639 2302 λόγον
1682 2234 1715 2302 ἡ
1756 2230 1866 2284 τῶν

282 2320 535 2390 ἀγγέλων
562 2323 915 2393 χοροπασῖα,
947 2326 1040 2378 καὶ
1061 2325 1159 2396 τὴν
1184 2326 1253 2379 δι’
1272 2321 1341 2398 ἦς
1361 2326 1422 2378 τὸ
1441 2323 1535 2376 τοῦ
1563 2323 1864 2395 μυστηρίου

282 2413 507 2467 κατεῖδε
553 2415 763 2486 πέρας,
811 2416 1123 2488 ἀνευφημεῖ
1174 2418 1451 2488 σήμερονο
1492 2414 1866 2488 προφθάνουσι

284 2503 378 2559 καὶ
400 2505 646 2578 οὐρανοὶ,
689 2508 784 2561 καί
823 2507 892 2562 τὰ
927 2507 1025 2563 τοῦ
1060 2508 1251 2563 καινοῦ
1284 2509 1377 2563 καὶ
1404 2509 1709 2579 ὑπερτάτου
1744 2522 1866 2560 στε-

285 2597 580 2669 ρεώματος
614 2602 1123 2672 ’καταγεραῳουσιν
1164 2601 1311 2671 ῦψηυ
1356 2601 1720 2673 προτρέχουσι
1762 2616 1869 2669 φωο

286 2690 510 2762 στῆρες,
539 2693 636 2747 καί.
666 2696 788 2757 ταῖς
825 2693 920 2747 τοῦ
956 2693 1148 2765 νοητοῦ
1192 2694 1347 2764 ἡλίου
1413 2693 1643 2763 νεφέλης
1683 2694 1864 2746 ἀκτῖσι

282 2783 642 2856 φαιδρότερον
676 2785 1136 2855 καταγλαῖξονται
1161 2828 1177 2854 ,
1236 2786 1567 2857 αὐτόκλητος
1596 2788 1630 2857 ἡ
1662 2786 1733 2856 γῆ
1766 2802 1866 2838 πα-

281 2876 603 2946 ραγίνεται,
643 2878 739 2931 καὶ
770 2877 845 2950 τῷ
888 2878 1075 2950 οἰκείῳ
1114 2879 1441 2950 σεμνύνεται
1470 2881 1564 2934 καί
1605 2879 1864 2933 συνεπαί-

279 2985 439 3038 ρεται
470 2967 822 3041 βλαστήμὰτι
848 2986 863 3003 ο
896 2975 1105 3035 καινοῖς
1129 2973 1165 3043 ή
1189 2971 1298 3025 τῶν
1322 2971 1533 3026 ὑδάτων
1562 2971 1863 3042 ὲξάλμασιν

277 3059 666 3130 ὲπισκιρτῶσα
705 3060 904 3130 φύσις,
938 3066 1004 3132 τῇ
1044 3062 1139 3116 τοῦ
1175 3062 1451 3134 ἁγιασμοῦ
1486 3063 1655 3133 αὐτῆς
1695 3063 1861 3133 δωρο·

1975 1956 2342 2024 exstillemus;
2392 1972 2581 2022 omnes
2612 1959 2890 2013 hortemur
2930 1967 2991 2013 ut
3028 1959 3335 2014 universam
3369 1961 3421 2015 in
3450 1959 3555 2017 hoc

1972 2049 2133 2103 studii
2162 2050 2400 2105 excitent
2423 2060 2749 2105 creaturam.

2022 2220 2338 2285 ‘Enimrero
2372 2242 2596 2301 occupat
2647 2233 2964 2287 invitantem
3003 2247 3340 2300 sermonem,
3385 2249 3551 2306 ange-

1975 2323 2149 2377 lorum
2168 2325 2392 2389 chnrus,
2414 2341 2643 2396 eamque
2664 2327 2823 2382 hodie
2844 2327 3042 2383 celebri
3069 2329 3339 2398 prmeonio
3371 2329 3557 2395 eﬂ'ert,

1978 2428 2076 2484 per
2107 2429 2266 2484 quam
2294 2417 2534 2486 mysterii
2570 2417 2728 2472 ﬁnem
2764 2418 2994 2488 aspexit.
3025 2422 3300 2489 Occupant
3319 2430 3374 2475 et
3401 2421 3550 2488 coeli,

1975 2506 2209 2576 novique
2250 2523 2314 2563 ac
2357 2509 2597 2579 supremi
2645 2509 2968 2565 ﬁrmamenti
3018 2510 3160 2566 illius
3235 2511 3555 2567 altitudines

1975 2598 2265 2656 honorant.
2291 2599 2642 2657 Praccurrunt
2670 2602 2980 2667 luminaria,
3005 2602 3178 2672 iisque
3202 2604 3390 2669 radiis,
3411 2618 3553 2673 quos

1973 2692 2237 2761 spiritalis
2290 2692 2421 2748 solis
2473 2694 2642 2748 nubes
2697 2692 2892 2759 mittit,
2942 2692 3131 2748 laetius
3188 2693 3547 2749 illustrantur.

1970 2786 2136 2840 Adest
2168 2794 2308 2839 terra
2345 2785 2562 2840 nemine
2591 2785 2868 2847 invitante,
2909 2799 3114 2856 suoque
3144 2786 3317 2856 ipsius
3374 2786 3549 2841 hone-

1969 2862 2147 2929 statur
2174 2889 2237 2930 ac
2258 2874 2522 2945 gloriatur
2544 2876 2805 2947 germine.
2845 2874 3011 2932 Novis
3035 2877 3362 2932 elementum
3397 2891 3551 2947 aqua

1970 2968 2209 3024 motibus
2254 2968 2698 3038 subsultibusque
2765 2970 3106 3040 tripudians,
3154 2985 3267 3024 sua:
3320 2970 3546 3025 auctrici

1969 3061 2437 3133 sanctiﬁcationis,
2471 3060 2701 3117 assistit.
2736 3060 2870 3116 Cum
2897 3061 2977 3117 sic
2998 3076 3131 3131 ergo
3160 3075 3248 3116 res
3278 3062 3547 3115 universa:

275 3152 433 3217 φορεῖ
456 3149 575 3221 [ιον.
602 3150 917 3223 δορυφορεῖ]
949 3152 1195 3223 προξένῳ
1215 3169 1228 3184 ·
1260 3153 1479 3207 πάντων
1504 3153 1568 3225 δὴ
1594 3152 1692 3224 τὴν
1724 3154 1860 3207 ἰδίαν

1970 3170 2125 3251 ευριπ
2179 3154 2338 3209 hodie
2376 3154 2721 3209 exhibueriut
2767 3153 3067 3208 libertatem
3094 3193 3109 3217 ,
3158 3156 3546 3223 congruentius

2038 3214 2058 3251 ἱ

276 3241 738 3313 ἐπιδειξαμένων·
758 3245 1000 3316 σήμερον
1030 3246 1347 3316 παρρησίαν
1367 3287 1382 3311 ,
1412 3244 1761 3315 οἰκειοτέρως
1797 3244 1864 3299 ἂν

1968 3241 2068 3316 ego
2111 3247 2353 3301 omnium
2388 3247 2623 3301 maxime
2648 3260 2962 3315 germanam
2995 3255 3242 3300 naturam
3277 3247 3542 3300 invitave-

275 3333 477 3403 ἔγωγε,
523 3335 623 3406 τὴν
657 3338 1039 3406 γνησιωτάτην
1078 3337 1570 3408 συγκαλεσαμένην
1598 3334 1708 3408 [tua
1741 3353 1868 3405 συγο

275 3426 655 3501 κα).εσαίμην]
680 3427 861 3495 φύσιν,
887 3429 1224 3499 διαπρυσίως
1254 3421 1357 3482 ὦδε
1383 3428 1699 3498 κεκραγώς·
1728 3430 1865 3497 "Are

278 3532 369 3584 μοι
398 3518 562 3570 πᾶσα
598 3516 784 3588 ήλικία
828 3517 926 3572 καὶ
955 3518 1102 3572 ἅπαν
1132 3517 1349 3588 ἀξίωμα
1369 3535 1384 3552 ’
1410 3519 1534 3571 ὅσον
1568 3535 1628 3571 τε
1651 3519 1753 3588 τῆς
1781 3518 1865 3586 ὲγ-

274 3609 516 3680 κοσμίου
536 3648 550 3675 ,
582 3609 677 3661 καὶ
714 3609 968 3679 ὅσοντῆς
996 3609 1139 3681 ὑπὲρ
1176 3610 1381 3682 ταύτην
1412 3610 1619 3675 τάξεως
1639 3624 1654 3640 ⁸
1699 3611 1865 3680 ἱερεῖς

273 3717 335 3755 τε
369 3703 469 3755 καὶ
502 3700 766 3771 βασιλεῖς,
796 3703 895 3756 καί.
919 3702 970 3756 οἱ
1000 3701 1099 3772 τὴν
1131 3702 1243 3758 ἄνω
1278 3703 1470 3756 στάσιν
1500 3704 1594 3756 καὶ
1629 3704 1691 3757 τὸ
1715 3702 1865 3756 πολίε

270 3808 475 3865 τευμα,
521 3796 579 3848 ἐν
606 3796 719 3857 τοῖς
749 3793 900 3855 κάτω
946 3794 1387 3867 ἐπιδεικνύμενοι
1409 3812 1422 3826 ⁸
1472 3796 1730 3867 ἄρχοντες
1767 3795 1864 3849 καί

268 3886 579 3957 ἀρχόμενοι
601 3923 617 3947 ,
662 3885 967 3958 πρεσϐῦται
995 3886 1090 3940 καὶ
1127 3888 1422 3957 νεώτεροι,
1462 3887 1721 3958 παρθένοι
1768 3886 1862 3941 καί

276 3979 540 4050 μητέρες’
566 3979 662 4032 καὶ
682 3980 922 4049 στεῖραν
945 3978 1038 4032 καί
1054 3979 1104 4032 οἰ
1127 3979 1267 4051 ὑπὲρ
1287 3980 1523 4042 ἁκακίας
1547 3978 1711 4051 [ἄλλ.
1733 3978 1863 4050 περὶ

269 4069 372 4139 τὴν
402 4068 675 4142 ἀκακίαν]
726 4069 1104 4140 νηπιάζοντες,
1133 4071 1231 4124 σὺν
1259 4071 1568 4145 εὐφροσύνῃ
1591 4070 1859 4143 θειοτέρα,

1966 3337 2100 3403 rim,
2126 3339 2270 3392 hunc
2299 3339 2352 3391 in
2385 3337 2599 3393 modum
2623 3336 2939 3406 penetrabili
2973 3351 3102 3391 voce
3133 3336 3377 3391 clamans
3401 3352 3415 3389 :
3444 3337 3547 3391 Eia

1966 3441 2106 3498 age,
2172 3438 2303 3485 aetas
2350 3433 2530 3484 omnis
2588 3444 2652 3483 ac
2700 3430 2877 3483 omnis
2916 3428 3183 3498 dignitas;
3239 3429 3551 3485 sacerdotes

1963 3525 2172 3594 pariter
2233 3537 2298 3579 ac
2342 3523 2719 3591 imperatores,
2757 3522 2959 3593 quique
2991 3536 3281 3590 supernum
3321 3530 3545 3588 statum,

1966 3629 2031 3670 ac
2069 3615 2194 3669 vitae
2223 3614 2523 3676 rationem,
2576 3613 2630 3667 in
2666 3612 3016 3667 inferioribus
3049 3613 3356 3668 exhibetis:
3393 3615 3548 3683 prin-

1965 3705 2115 3774 cipes
2146 3704 2305 3759 simul
2334 3711 2390 3758 et
2426 3702 2646 3768 subditi,
2686 3717 2844 3758 senes
2876 3716 2938 3756 ac
2981 3702 3253 3772 juniores,
3307 3705 3547 3774 virgines

1964 3805 2309 3865 matresque,
2380 3809 2443 3849 ac
2495 3793 2743 3857 steriles;
2788 3794 2989 3863 quique
3041 3794 3346 3848 innocentia
3405 3798 3555 3850 estis

1960 3888 2157 3955 pueri:
2205 3887 2517 3954 impensiori
2558 3901 2621 3940 ac
2672 3886 2924 3940 diviniori
2972 3886 3191 3953 laetitia,
3243 3887 3541 3941 salutarem

1965 3981 2107 4036 hanc
2134 3981 2274 4034 diem
2320 3979 2707 4048 suscipiamus,
2739 3987 2791 4031 et
2822 3975 3015 4032 faustis
3048 3977 3322 4031 ominibus
3352 3991 3541 4047 prose-

1962 4086 2214 4141 quamur.
2248 4070 2303 4124 In
2334 4085 2399 4124 ea
2422 4071 2688 4139 siquidem
2726 4077 2851 4122 nata
2880 4077 2962 4123 cst
2998 4069 3270 4123 universis
3298 4083 3538 4138 congrua

268 4161 373 4235 τὴν
406 4164 682 4234 σωτήριον
715 4162 922 4234 ταύτην
955 4166 1052 4219 καὶ
1091 4164 1482 4235 ύποδεξώμεοα
1513 4166 1607 4218 καὶ
1647 4165 1859 4217 διανευ-

1964 4161 2251 4231 gloriatio;
2297 4161 2352 4215 in
2397 4175 2459 4214 ea
2503 4159 2830 4228 germinavit
2874 4174 2938 4211 ex
2986 4156 3291 4213 infecundis
3343 4160 3541 4217 lumbis

271 4258 634 4328 φημήσωμεν
663 4257 879 4328 ἡμέραν
899 4273 913 4290 ⁸
946 4259 1010 4310 ὲν
1047 4258 1223 4330 ταύτῃ
1251 4257 1360 4328 γὰρ
1384 4257 1448 4309 τὸ
1490 4257 1627 4310 πᾶσι
1655 4255 1857 4309 κατάλ-

1964 4255 2124 4310 decor
2153 4255 2529 4320 sacerdotum;
2570 4253 2780 4321 nuper-ii
2818 4251 3015 4315 robur;
3047 4266 3233 4307 eorum
3279 4269 3538 4310 consum-

254 4347 435 4420 »ληλον
454 4388 472 4415 ,
506 4347 795 4420 ἁπεκυήθη
827 4348 1214 4419 σεμνολόγημα
1231 4363 1243 4378 ·
1272 4349 1333 4401 ὲν
1357 4346 1532 4420 ταύτῃ
1565 4347 1624 4413 ἐξ
1647 4348 1856 4414 ἀγόνων

1964 4346 2159 4410 matio,
2191 4347 2282 4415 qui
2320 4347 2577 4400 virtutem
2612 4344 2832 4409 colunt;
2879 4343 3295 4412 magistratuum
3347 4347 3537 4401 subdi-

265 4418 522 4510 λαγόνων
560 4418 895 4510 ἐϐλάστησεν
924 4443 953 4494 ὁ
982 4440 1093 4494 τῶν
1121 4418 1310 4511 ἰερέων
1338 4418 1543 4508 κόσμος
1566 4457 1582 4473 ο
1612 4439 1673 4492 τὸ
1702 4439 1857 4511 βασι-

1964 4446 2246 4506 torumque
2284 4436 2573 4506 tranquilla
2623 4434 2833 4490 ordinis
2868 4435 3225 4503 compositio,
3264 4436 3533 4494 infantum

266 4530 416 4588 λειον
446 4531 685 4603 κράτοςτ
718 4532 753 4603 ἡ
796 4528 905 4582 τῶν
946 4530 1004 4582 ἐν
1041 4531 1210 4602 ἀρετῇ
1250 4527 1529 4600 τελειότης
1551 4545 1566 4560 ·
1609 4529 1719 4584 τῶν
1757 4531 1860 4604 ἀρ·-

1969 4528 2250 4602 prudentia
2273 4543 2288 4593 ;
2308 4526 2578 4596 virginum
2599 4534 2977 4580 ornamentum
3001 4542 3015 4592 ;
3040 4535 3270 4579 matrum
3293 4540 3492 4583 corona
3512 4568 3530 4596 ,

266 4693 312 4747 is
352 4694 578 4760 probat,
607 4692 1113 4764 omniaquevetera
1140 4697 1490 4764 monumenta
1523 4702 1849 4764 repugnant,

265 4773 504 4832 excepto
546 4762 710 4832 etiam
758 4760 946 4832 grandi
998 4761 1090 4815 illo
1139 4760 1851 4832 incommodosuspicionis

265 4828 531 4887 adulterii
553 4874 568 4894 ,
601 4830 754 4899 cujus
776 4828 1017 4886 maxime
1041 4829 1268 4884 cavendi
1301 4843 1451 4899 ergo,
1489 4828 1590 4899 fuit
1615 4838 1728 4885 tota
1759 4831 1847 4885 illa

261 4903 353 4958 vel
385 4897 677 4955 maritalis
713 4902 795 4956 vel
823 4901 1098 4970 sponsalia
1135 4897 1500 4971 dispensatio.
1533 4897 1719 4954 Putem
1751 4902 1849 4971 igi-

262 4981 358 5027 tur
398 4971 739 5027 remansisse
777 4969 1000 5026 Ma’ri‘am
1030 4969 1355 5038 orphanam,
1385 4985 1446 5022 ac
1479 4985 1697 5036 germen
1728 4969 1850 5025 uui—

261 5059 391 5097 cum
428 5052 712 5109 superstes
757 5036 1224 5096 sanctissimn'rum
1268 5036 1513 5109 Joacltim
1558 5054 1619 5093 ac
1653 5040 1845 5102 Annae,

261 5114 473 5183 quibus
504 5108 736 5183 proinde
788 5111 1103 5183 abducenda
1150 5122 1180 5161 a
1226 5108 1427 5177 templo
1468 5124 1571 5183 non
1606 5114 1842 5179 potuerit

258 5179 379 5253 pro,
400 5196 559 5253 more
587 5181 725 5234 tradi
759 5184 826 5235 ad
868 5181 1190 5239 custodiam,
1222 5192 1284 5233 ac
1317 5179 1580 5253 servanda
1603 5194 1802 5253 sponso
1828 5196 1843 5234 :

260 5247 435 5317 atque
467 5249 605 5304 adeo
639 5253 890 5304 traditam
927 5260 1050 5303 esse
1080 5264 1109 5302 a
1149 5247 1527 5303 sacerdotibus
1559 5250 1656 5317 ipsi
1691 5249 1846 5304 Josco

302 5311 374 5377 ut,
394 5364 411 5387 ,
431 5331 516 5387 ut,
551 5330 746 5391 pra-ter
767 5321 1156 5391 apocryphum,
1186 5319 1381 5372 docent
1407 5311 1848 5391 corrsgittlissittte

303 5339 374 5377 Ito
394 5364 411 5387 ,
431 5339 516 5387 ut,
551 5339 746 5391 pra'tcr
767 5339 1156 5391 apocrypuutu,
1186 5339 1381 5372 uocem
1407 5339 1848 5376 COllSlalllISSlme

257 5339 465 5448 gatres
488 5433 505 5457 ,
530 5407 649 5446 save
684 5399 743 5444 ut
765 5391 939 5444 adhuc
974 5403 1174 5458 sponso
1197 5427 1211 5452 ,
1246 5400 1306 5458 ut
1354 5388 1513 5458 relati
1549 5385 1740 5444 Patres
1785 5405 1848 5444 ac

256 5464 518 5533 plerique
572 5461 661 5515 alii
716 5462 971 5514 videntur
1009 5457 1197 5533 velle,
1231 5457 1589 5533 ιῑεοίειίιιτιιιινο⁸
1631 5460 1846 5527 nuptias

256 5528 386 5589 cum
426 5528 651 5586 luberet
681 5548 694 5585 :
727 5545 790 5585 ac
827 5539 1122 5598 accepturo
1162 5530 1214 5581 itt
1251 5542 1472 5598 uxorem
1511 5528 1610 5598 sub
1642 5544 1840 5597 pauen-

256 5620 381 5659 rutn
420 5608 784 5670 cognatorum
823 5596 1132 5668 pnes-entia,
1168 5609 1295 5668 puta
1330 5596 1838 5670 Zacharimpsacer-

251 5674 426 5736 dotis,
465 5668 543 5724 at:
571 5674 614 5727 si
641 5670 731 5740 qui
758 5670 1027 5740 ejusmodi
1059 5680 1252 5735 erant;
1295 5668 1377 5740 vel
1404 5668 1690 5740 uthstatim
1725 5685 1838 5740 ma-

252 5745 399 5811 ritu,
449 5745 610 5810 quod
651 5737 993 5811 videatunin
1034 5737 1314 5805 Augustini
1363 5753 1425 5791 ac
1471 5738 1835 5811 Scholastien-

254 5809 392 5872 ma
438 5809 759 5880 scamnis,
814 5809 1018 5866 omissa
1066 5817 1294 5878 ttlrnqtte
1335 5822 1461 5864 casu
1519 5809 1825 5877 nuptiarum

1951 4690 2320 4755 solemnitate,
2352 4704 2473 4760 qua:
2500 4684 2649 4760 ιιὶιιίἰ⁵
2664 4682 2793 4738 facit
2817 4684 2888 4739 ad
2921 4683 3205 4760 veritatem
3241 4686 3530 4760 matrimo-

1952 4761 2050 4816 nii.
2094 4760 2185 4816 Sic
2217 4753 2417 4828 pla'ne',
2460 4768 2515 4813 ut
2568 4753 2650 4808 vel
2681 4768 2878 4828 sponsa
2922 4755 3113 4828 tradita
3152 4754 3245 4828 sit.
3284 4770 3383 4828 nec
3415 4759 3528 4811 sint

1949 4830 2069 4886 alim
2111 4821 2314 4898 nuptiae
2358 4821 2586 4898 secutas,
2632 4821 2757 4898 cum
2792 4821 2999 4898 Jost‘plt
3024 4826 3301 4890 gravidam
3334 4826 3526 4896 depre-

1948 4894 2246 4966 hendissét,
2279 4899 2437 4954 facile
2468 4897 2592 4961 fuit,
2619 4894 2748 4966 ipso
2778 4894 3099 4965 mysterium
3129 4904 3379 4961 tenente,
3406 4894 3526 4950 rem

1946 4965 2238 5025 occultant
2261 4984 2502 5033 manere,
2543 4965 2989 5021 existimantibus
3022 4966 3220 5032 passim
3245 4967 3520 5025 omnibus.

1948 5038 2033 5094 vel
2054 5041 2234 5093 statim
2261 5039 2311 5092 in
2341 5053 2563 5093 uxorem
2590 5035 2845 5089 traditam
2877 5049 3021 5099 esse,
3046 5035 3126 5087 vel
3149 5037 3520 5103 postmodum,

1952 5120 2049 5163 aut
2084 5110 2263 5173 domi,
2297 5118 2390 5163 aut
2440 5108 2580 5177 apud
2614 5103 2965 5177 Zachariam,
2992 5107 3167 5156 virum
3210 5106 3521 5177 accepisse,

1951 5179 2042 5243 qui
2103 5180 2239 5247 ipse,
2286 5180 2331 5233 si
2379 5174 2488 5247 qua
2535 5175 2665 5231 ﬁdes
2711 5175 3080 5247 apocryphis,
3138 5174 3302 5227 totius
3359 5174 3521 5240 hujus

1953 5243 2269 5305 ceconou'tia:
2311 5243 2611 5317 praecipuus
2642 5243 2907 5317 minister
2939 5243 3040 5317 fuit
3060 5281 3103 5317 _._
3131 5254 3362 5317 pl‘0|ilel_'_
3396 5260 3517 5298 eam

1954 5318 2125 5383 ipsam
2171 5311 2387 5373 occisus
2418 5333 2446 5370 a
2478 5311 2687 5370 'Judzeis
2709 5353 2723 5379 ,
2759 5328 2841 5383 ac
2871 5315 3012 5382 quod
3057 5311 3280 5366 Mariam
3312 5312 3520 5367 diceret

1955 5385 2234 5457 Virginem
2284 5399 2404 5457 post
2435 5397 2686 5454 partum,
2738 5382 3061 5457 ut_Basilius
3100 5398 3166 5437 ex
3196 5384 3517 5457 apocrypha

1950 5452 2179 5525 quadam
2214 5452 2540 5515 traditione,
2591 5467 2760 5525 sertu.
2802 5453 2874 5525 De
2912 5454 3144 5525 humana
3185 5452 3385 5507 Christi
3421 5469 3517 5522 ge-

1947 5521 2122 5581 nerat.
2150 5526 2317 5581 refert
2347 5543 2360 5580 :
2401 5534 2621 5580 auctore
2645 5524 2767 5578 libri
2801 5523 2876 5577 De
2908 5521 3095 5577 Maria:
3127 5533 3246 5576 orm
3277 5521 3516 5587 dicente,

1942 5598 2183 5650 occisum
2206 5637 2220 5658 ,
2255 5607 2476 5666 propter
2503 5595 2734 5649 celatura
2770 5591 3058 5666 Joannem,
3087 5593 3231 5666 quod
3268 5595 3517 5666 videatur

1942 5680 2069 5721 vero
2101 5662 2368 5729 similius,
2389 5677 2442 5720 et
2480 5676 2534 5719 nt
2566 5674 2768 5717 tantam
2813 5662 2957 5717 illam
2990 5662 3143 5717 ortus
3168 5662 3396 5717 Joannis
3422 5679 3517 5718 cc-

1938 5736 2279 5801 lebritatrm,
2327 5751 2389 5791 ca
2429 5733 2623 5790 merito
2671 5737 2877 5790 ratione
2916 5745 3223 5805 suspectam
3275 5732 3514 5803 Herodi,

1931 5817 2253 5876 Speclcntus.
