  <div class='ocr_page' id='page_1' title='image "/cluster/home/n/w/nwhite01/storage/ocr_20150623/100/coo.31924054870047/695.png"; bbox 0 0 4060 6464; ppageno 0'>
   <div class='ocr_carea' id='block_1_1' title="bbox 526 363 3763 451">
    <p class='ocr_par' dir='ltr' id='par_1_1' title="bbox 526 363 3763 451">
     <span class='ocr_line' id='line_1_1' title="bbox 526 363 3763 451; baseline -0.007 -12"><span class='ocrx_word' id='word_1_1' title='bbox 526 384 661 451; x_wconf 77' lang='lat'><strong>1333</strong></span> <span class='ocrx_word' id='word_1_2' title='bbox 1657 367 1981 431; x_wconf 80' lang='lat' dir='ltr'><strong>GEORGII</strong></span> <span class='ocrx_word' id='word_1_3' title='bbox 2021 365 2364 429; x_wconf 86' lang='lat' dir='ltr'><strong>NICOMED</strong></span> <span class='ocrx_word' id='word_1_4' title='bbox 2378 364 2635 427; x_wconf 77' lang='lat' dir='ltr'><strong>IENSIS</strong></span> <span class='ocrx_word' id='word_1_5' title='bbox 3651 363 3763 431; x_wconf 54' lang='lat' dir='ltr'><strong>138i</strong></span> 
     </span>
    </p>
   </div>
   <div class='ocr_carea' id='block_1_2' title="bbox 521 473 2146 563">
    <p class='ocr_par' dir='ltr' id='par_1_2' title="bbox 521 480 2146 563">
     <span class='ocr_line' id='line_1_2' title="bbox 521 480 2146 563; baseline -0.019 -1"><span class='ocrx_word' id='word_1_6' title='bbox 521 518 629 563; x_wconf 85' lang='lat' dir='ltr'><strong>non</strong></span> <span class='ocrx_word' id='word_1_7' title='bbox 680 499 995 557; x_wconf 79' lang='lat' dir='ltr'><strong>habentium</strong></span> <span class='ocrx_word' id='word_1_8' title='bbox 1044 490 1285 563; x_wconf 85' lang='lat' dir='ltr'><strong>prolem,</strong></span> <span class='ocrx_word' id='word_1_9' title='bbox 1331 488 1489 544; x_wconf 87' lang='lat' dir='ltr'><strong>beata</strong></span> <span class='ocrx_word' id='word_1_10' title='bbox 1536 484 1828 556; x_wconf 85' lang='lat' dir='ltr'><strong>amplaque</strong></span> <span class='ocrx_word' id='word_1_11' title='bbox 1880 480 2146 551; x_wconf 56' lang='lat' dir='ltr'><strong>proles“</strong></span> 
     </span>
    </p>
   </div>
   <div class='ocr_carea' id='block_1_3' title="bbox 2246 473 3765 563">
    <p class='ocr_par' dir='ltr' id='par_1_3' title="bbox 2246 473 3765 550">
     <span class='ocr_line' id='line_1_3' title="bbox 2246 473 3765 550; baseline -0.001 -20"><span class='ocrx_word' id='word_1_12' title='bbox 2246 476 2411 532; x_wconf 78' lang='grc' dir='ltr'>όντων</span> <span class='ocrx_word' id='word_1_13' title='bbox 2458 475 2555 530; x_wconf 75' lang='grc' dir='ltr'>καὶ</span> <span class='ocrx_word' id='word_1_14' title='bbox 2605 474 2926 547; x_wconf 83' lang='grc' dir='ltr'><strong>ἀρχομένων</strong></span> <span class='ocrx_word' id='word_1_15' title='bbox 2978 475 3013 548; x_wconf 83' lang='grc' dir='ltr'><strong>ἡ</strong></span> <span class='ocrx_word' id='word_1_16' title='bbox 3050 473 3419 539; x_wconf 78' lang='grc' dir='ltr'><strong>ἀστασίαστος</strong></span> <span class='ocrx_word' id='word_1_17' title='bbox 3461 473 3701 541; x_wconf 65' lang='grc' dir='ltr'>εύταξίαυ</span> <span class='ocrx_word' id='word_1_18' title='bbox 3737 481 3765 550; x_wconf 69' lang='grc' dir='ltr'>ἠ</span> 
     </span>
    </p>
   </div>
   <div class='ocr_carea' id='block_1_4' title="bbox 522 567 2146 654">
    <p class='ocr_par' dir='ltr' id='par_1_4' title="bbox 522 573 2110 654">
     <span class='ocr_line' id='line_1_4' title="bbox 522 573 2110 654; baseline -0.017 0"><span class='ocrx_word' id='word_1_19' title='bbox 522 591 823 654; x_wconf 72' lang='lat' dir='ltr'><strong>sterilitatis</strong></span> <span class='ocrx_word' id='word_1_20' title='bbox 848 586 1065 643; x_wconf 92' lang='lat' dir='ltr'><strong>solutio.</strong></span> <span class='ocrx_word' id='word_1_21' title='bbox 1096 581 1305 638; x_wconf 87' lang='lat' dir='ltr'><strong>Floruit</strong></span> <span class='ocrx_word' id='word_1_22' title='bbox 1330 597 1394 637; x_wconf 82' lang='lat' dir='ltr'><strong>ex</strong></span> <span class='ocrx_word' id='word_1_23' title='bbox 1427 579 1623 641; x_wconf 88' lang='lat' dir='ltr'><strong>sterili,</strong></span> <span class='ocrx_word' id='word_1_24' title='bbox 1648 578 1914 631; x_wconf 84' lang='lat' dir='ltr'><strong>bonorum</strong></span> <span class='ocrx_word' id='word_1_25' title='bbox 1947 573 2110 628; x_wconf 89' lang='lat' dir='ltr'><strong>uber-</strong></span> 
     </span>
    </p>
   </div>
   <div class='ocr_carea' id='block_1_5' title="bbox 2246 567 3765 654">
    <p class='ocr_par' dir='ltr' id='par_1_5' title="bbox 2248 567 3765 641">
     <span class='ocr_line' id='line_1_5' title="bbox 2248 567 3765 641; baseline -0.001 -18"><span class='ocrx_word' id='word_1_26' title='bbox 2248 569 2323 623; x_wconf 84' lang='grc' dir='ltr'><strong>ῶν</strong></span> <span class='ocrx_word' id='word_1_27' title='bbox 2370 569 2585 641; x_wconf 81' lang='grc' dir='ltr'><strong>νηπίων</strong></span> <span class='ocrx_word' id='word_1_28' title='bbox 2616 568 2833 634; x_wconf 80' lang='grc' dir='ltr'>σύνεσις</span> <span class='ocrx_word' id='word_1_29' title='bbox 2861 584 2874 598; x_wconf 90' lang='grc'><strong>·</strong></span> <span class='ocrx_word' id='word_1_30' title='bbox 2918 568 3207 641; x_wconf 87' lang='grc' dir='ltr'>παρθένων</span> <span class='ocrx_word' id='word_1_31' title='bbox 3238 568 3301 619; x_wconf 79' lang='grc' dir='ltr'><strong>τὸ</strong></span> <span class='ocrx_word' id='word_1_32' title='bbox 3333 567 3765 641; x_wconf 76' lang='grc' dir='ltr'>ὲγκαλλώπισμαο</span> 
     </span>
    </p>
   </div>
   <div class='ocr_carea' id='block_1_6' title="bbox 529 658 2146 748">
    <p class='ocr_par' dir='ltr' id='par_1_6' title="bbox 529 666 1963 748">
     <span class='ocr_line' id='line_1_6' title="bbox 529 666 1963 748; baseline -0.013 -11"><span class='ocrx_word' id='word_1_33' title='bbox 529 691 609 737; x_wconf 88' lang='lat' dir='ltr'><strong>tas</strong></span> <span class='ocrx_word' id='word_1_34' title='bbox 641 699 656 736; x_wconf 90' lang='lat'><strong>:</strong></span> <span class='ocrx_word' id='word_1_35' title='bbox 693 696 760 734; x_wconf 82' lang='lat' dir='ltr'><strong>ex</strong></span> <span class='ocrx_word' id='word_1_36' title='bbox 806 677 1004 748; x_wconf 89' lang='lat' dir='ltr'><strong>justis,</strong></span> <span class='ocrx_word' id='word_1_37' title='bbox 1036 673 1373 743; x_wconf 88' lang='lat' dir='ltr'><strong>jnstissimns</strong></span> <span class='ocrx_word' id='word_1_38' title='bbox 1416 669 1622 724; x_wconf 87' lang='lat' dir='ltr'><strong>fructus</strong></span> <span class='ocrx_word' id='word_1_39' title='bbox 1653 666 1963 720; x_wconf 86' lang='lat' dir='ltr'><strong>abundavit.</strong></span> 
     </span>
    </p>
   </div>
   <div class='ocr_carea' id='block_1_7' title="bbox 2246 658 3768 748">
    <p class='ocr_par' dir='ltr' id='par_1_7' title="bbox 2246 658 3768 734">
     <span class='ocr_line' id='line_1_7' title="bbox 2246 658 3768 734; baseline 0 -18"><span class='ocrx_word' id='word_1_40' title='bbox 2246 662 2477 734; x_wconf 84' lang='grc' dir='ltr'>ιητέρων</span> <span class='ocrx_word' id='word_1_41' title='bbox 2503 664 2531 717; x_wconf 82' lang='grc' dir='ltr'>ὁ</span> <span class='ocrx_word' id='word_1_42' title='bbox 2576 660 2859 734; x_wconf 72' lang='grc' dir='ltr'>[σύλλογος</span> <span class='ocrx_word' id='word_1_43' title='bbox 2889 658 3010 732; x_wconf 66' lang='grc' dir='ltr'>καὶ]</span> <span class='ocrx_word' id='word_1_44' title='bbox 3056 659 3322 728; x_wconf 86' lang='grc' dir='ltr'>στέφανος</span> <span class='ocrx_word' id='word_1_45' title='bbox 3345 676 3359 688; x_wconf 90' lang='grc'><strong>·</strong></span> <span class='ocrx_word' id='word_1_46' title='bbox 3401 660 3511 712; x_wconf 85' lang='grc' dir='ltr'><strong>τῶν</strong></span> <span class='ocrx_word' id='word_1_47' title='bbox 3557 661 3768 716; x_wconf 81' lang='grc' dir='ltr'>ἀτέκνων</span> 
     </span>
    </p>
   </div>
   <div class='ocr_carea' id='block_1_8' title="bbox 523 754 3773 849">
    <p class='ocr_par' dir='ltr' id='par_1_8' title="bbox 523 754 3773 849">
     <span class='ocr_line' id='line_1_8' title="bbox 523 754 3773 849; baseline -0.006 -20"><span class='ocrx_word' id='word_1_48' title='bbox 523 779 559 849; x_wconf 79' lang='grc' dir='ltr'><strong>ἡ</strong></span> <span class='ocrx_word' id='word_1_49' title='bbox 586 774 836 829; x_wconf 77' lang='grc' dir='ltr'><strong>εὐτεκνία</strong></span> <span class='ocrx_word' id='word_1_50' title='bbox 857 789 870 803; x_wconf 77' lang='grc' dir='ltr'><strong>ο</strong></span> <span class='ocrx_word' id='word_1_51' title='bbox 902 769 1247 841; x_wconf 85' lang='grc' dir='ltr'>στειρώσεως</span> <span class='ocrx_word' id='word_1_52' title='bbox 1272 768 1306 838; x_wconf 77' lang='grc' dir='ltr'><strong>ἡ</strong></span> <span class='ocrx_word' id='word_1_53' title='bbox 1332 763 1486 829; x_wconf 83' lang='grc' dir='ltr'>λύσις</span> <span class='ocrx_word' id='word_1_54' title='bbox 1509 779 1524 795; x_wconf 90' lang='grc'><strong>·</strong></span> <span class='ocrx_word' id='word_1_55' title='bbox 1567 765 1633 817; x_wconf 80' lang='grc' dir='ltr'>ἐκ</span> <span class='ocrx_word' id='word_1_56' title='bbox 1666 760 1907 832; x_wconf 87' lang='grc' dir='ltr'>στείρας,</span> <span class='ocrx_word' id='word_1_57' title='bbox 1946 760 1979 831; x_wconf 81' lang='grc' dir='ltr'>ὴ</span> <span class='ocrx_word' id='word_1_58' title='bbox 2005 758 2113 812; x_wconf 85' lang='grc' dir='ltr'>τῶν</span> <span class='ocrx_word' id='word_1_59' title='bbox 2151 757 2373 828; x_wconf 81' lang='grc' dir='ltr'>ἀγαθῶν</span> <span class='ocrx_word' id='word_1_60' title='bbox 2434 755 2811 829; x_wconf 77' lang='grc' dir='ltr'>ηνθοφόρησεν</span> <span class='ocrx_word' id='word_1_61' title='bbox 2871 754 3103 823; x_wconf 79' lang='grc' dir='ltr'>ἀφθονία</span> <span class='ocrx_word' id='word_1_62' title='bbox 3124 770 3136 783; x_wconf 90' lang='grc'><strong>·</strong></span> <span class='ocrx_word' id='word_1_63' title='bbox 3172 756 3238 808; x_wconf 73' lang='grc' dir='ltr'>ἐκ</span> <span class='ocrx_word' id='word_1_64' title='bbox 3260 755 3509 820; x_wconf 82' lang='grc' dir='ltr'>δικαίων,</span> <span class='ocrx_word' id='word_1_65' title='bbox 3542 757 3569 809; x_wconf 84' lang='grc' dir='ltr'>ὁ</span> <span class='ocrx_word' id='word_1_66' title='bbox 3594 757 3773 811; x_wconf 78' lang='grc' dir='ltr'>δικαιό-</span> 
     </span>
    </p>
   </div>
   <div class='ocr_carea' id='block_1_9' title="bbox 522 860 1277 931">
    <p class='ocr_par' dir='ltr' id='par_1_9' title="bbox 522 860 1277 931">
     <span class='ocr_line' id='line_1_9' title="bbox 522 860 1277 931; baseline -0.015 -7"><span class='ocrx_word' id='word_1_67' title='bbox 522 885 686 930; x_wconf 82' lang='grc' dir='ltr'>τατος</span> <span class='ocrx_word' id='word_1_68' title='bbox 716 864 1015 919; x_wconf 77' lang='grc' dir='ltr'><strong>ἐπλεόνασε</strong></span> <span class='ocrx_word' id='word_1_69' title='bbox 1042 860 1277 931; x_wconf 87' lang='grc' dir='ltr'>καρπός.</span> 
     </span>
    </p>
   </div>
   <div class='ocr_carea' id='block_1_10' title="bbox 598 943 2128 1023">
    <p class='ocr_par' dir='ltr' id='par_1_10' title="bbox 598 943 2128 1023">
     <span class='ocr_line' id='line_1_10' title="bbox 598 943 2128 1023; baseline -0.008 -11"><span class='ocrx_word' id='word_1_70' title='bbox 598 957 928 1021; x_wconf 86' lang='lat' dir='ltr'><strong>Enimvero,</strong></span> <span class='ocrx_word' id='word_1_71' title='bbox 975 952 1201 1023; x_wconf 83' lang='lat' dir='ltr'><strong>quinam</strong></span> <span class='ocrx_word' id='word_1_72' title='bbox 1274 948 1327 1004; x_wconf 90' lang='lat' dir='ltr'><strong>hi</strong></span> <span class='ocrx_word' id='word_1_73' title='bbox 1378 955 1541 1010; x_wconf 90' lang='lat' dir='ltr'><strong>sunt,</strong></span> <span class='ocrx_word' id='word_1_74' title='bbox 1581 961 1647 999; x_wconf 85' lang='lat' dir='ltr'><strong>ac</strong></span> <span class='ocrx_word' id='word_1_75' title='bbox 1689 943 1913 1015; x_wconf 78' lang='lat' dir='ltr'><strong>quales?</strong></span> <span class='ocrx_word' id='word_1_76' title='bbox 1957 943 2128 999; x_wconf 81' lang='lat' dir='ltr'><strong>Porro</strong></span> 
     </span>
    </p>
   </div>
   <div class='ocr_carea' id='block_1_11' title="bbox 532 1033 2128 1103">
    <p class='ocr_par' dir='ltr' id='par_1_11' title="bbox 532 1033 2128 1103">
     <span class='ocr_line' id='line_1_11' title="bbox 532 1033 2128 1103; baseline -0.01 -1"><span class='ocrx_word' id='word_1_77' title='bbox 532 1048 693 1103; x_wconf 86' lang='lat' dir='ltr'><strong>liceat</strong></span> <span class='ocrx_word' id='word_1_78' title='bbox 725 1059 912 1102; x_wconf 89' lang='lat' dir='ltr'><strong>eorum</strong></span> <span class='ocrx_word' id='word_1_79' title='bbox 948 1042 1078 1098; x_wconf 88' lang='lat' dir='ltr'><strong>mihi</strong></span> <span class='ocrx_word' id='word_1_80' title='bbox 1126 1055 1214 1095; x_wconf 88' lang='lat' dir='ltr'><strong>res</strong></span> <span class='ocrx_word' id='word_1_81' title='bbox 1248 1052 1548 1103; x_wconf 87' lang='lat' dir='ltr'><strong>enarrare;</strong></span> <span class='ocrx_word' id='word_1_82' title='bbox 1588 1051 1693 1089; x_wconf 91' lang='lat' dir='ltr'><strong>non</strong></span> <span class='ocrx_word' id='word_1_83' title='bbox 1725 1035 1799 1089; x_wconf 87' lang='lat' dir='ltr'><strong>ita</strong></span> <span class='ocrx_word' id='word_1_84' title='bbox 1842 1044 1901 1088; x_wconf 91' lang='lat' dir='ltr'><strong>ut</strong></span> <span class='ocrx_word' id='word_1_85' title='bbox 1936 1033 2128 1089; x_wconf 88' lang='lat' dir='ltr'><strong>condi-</strong></span> 
     </span>
    </p>
   </div>
   <div class='ocr_carea' id='block_1_12' title="bbox 533 1125 2131 1210">
    <p class='ocr_par' dir='ltr' id='par_1_12' title="bbox 533 1125 2131 1210">
     <span class='ocr_line' id='line_1_12' title="bbox 533 1125 2131 1210; baseline -0.008 -18"><span class='ocrx_word' id='word_1_86' title='bbox 533 1141 654 1210; x_wconf 87' lang='lat' dir='ltr'><strong>guis</strong></span> <span class='ocrx_word' id='word_1_87' title='bbox 688 1138 954 1194; x_wconf 86' lang='lat' dir='ltr'><strong>encomiis</strong></span> <span class='ocrx_word' id='word_1_88' title='bbox 996 1134 1249 1190; x_wconf 77' lang='lat' dir='ltr'><strong>ell‘eram.</strong></span> <span class='ocrx_word' id='word_1_89' title='bbox 1297 1130 1507 1186; x_wconf 80' lang='lat' dir='ltr'><strong>Nedum</strong></span> <span class='ocrx_word' id='word_1_90' title='bbox 1538 1129 1684 1184; x_wconf 88' lang='lat' dir='ltr'><strong>enim</strong></span> <span class='ocrx_word' id='word_1_91' title='bbox 1722 1142 1842 1182; x_wconf 83' lang='lat' dir='ltr'><strong>mea</strong></span> <span class='ocrx_word' id='word_1_92' title='bbox 1874 1128 1923 1182; x_wconf 90' lang='lat' dir='ltr'><strong>id</strong></span> <span class='ocrx_word' id='word_1_93' title='bbox 1958 1125 2131 1194; x_wconf 81' lang='lat' dir='ltr'><strong>majus</strong></span> 
     </span>
    </p>
   </div>
   <div class='ocr_carea' id='block_1_13' title="bbox 532 1219 2125 1295">
    <p class='ocr_par' dir='ltr' id='par_1_13' title="bbox 532 1219 2125 1295">
     <span class='ocr_line' id='line_1_13' title="bbox 532 1219 2125 1295; baseline -0.012 -8"><span class='ocrx_word' id='word_1_94' title='bbox 532 1233 736 1288; x_wconf 87' lang='lat' dir='ltr'><strong>virtute</strong></span> <span class='ocrx_word' id='word_1_95' title='bbox 786 1230 1045 1295; x_wconf 86' lang='lat' dir='ltr'><strong>arbitror,</strong></span> <span class='ocrx_word' id='word_1_96' title='bbox 1095 1226 1193 1282; x_wconf 91' lang='lat' dir='ltr'><strong>sed</strong></span> <span class='ocrx_word' id='word_1_97' title='bbox 1233 1235 1288 1278; x_wconf 89' lang='lat' dir='ltr'><strong>et</strong></span> <span class='ocrx_word' id='word_1_98' title='bbox 1339 1224 1720 1278; x_wconf 81' lang='lat' dir='ltr'><strong>universorum</strong></span> <span class='ocrx_word' id='word_1_99' title='bbox 1770 1238 1784 1274; x_wconf 92' lang='lat'><strong>:</strong></span> <span class='ocrx_word' id='word_1_100' title='bbox 1825 1228 1880 1273; x_wconf 88' lang='lat' dir='ltr'><strong>at</strong></span> <span class='ocrx_word' id='word_1_101' title='bbox 1932 1219 2125 1285; x_wconf 88' lang='lat' dir='ltr'><strong>solum,</strong></span> 
     </span>
    </p>
   </div>
   <div class='ocr_carea' id='block_1_14' title="bbox 523 1312 2129 1397">
    <p class='ocr_par' dir='ltr' id='par_1_14' title="bbox 523 1312 2129 1397">
     <span class='ocr_line' id='line_1_14' title="bbox 523 1312 2129 1397; baseline -0.009 -16"><span class='ocrx_word' id='word_1_102' title='bbox 523 1341 642 1397; x_wconf 84' lang='lat' dir='ltr'><strong>qua</strong></span> <span class='ocrx_word' id='word_1_103' title='bbox 697 1323 911 1377; x_wconf 76' lang='lat' dir='ltr'><strong>ratione</strong></span> <span class='ocrx_word' id='word_1_104' title='bbox 936 1319 1149 1390; x_wconf 68' lang='lat' dir='ltr'><strong>prmlati</strong></span> <span class='ocrx_word' id='word_1_105' title='bbox 1187 1316 1391 1371; x_wconf 84' lang='lat' dir='ltr'><strong>fuerint</strong></span> <span class='ocrx_word' id='word_1_106' title='bbox 1424 1315 1660 1369; x_wconf 87' lang='lat' dir='ltr'><strong>humano</strong></span> <span class='ocrx_word' id='word_1_107' title='bbox 1701 1312 1925 1382; x_wconf 79' lang='lat' dir='ltr'><strong>generi,</strong></span> <span class='ocrx_word' id='word_1_108' title='bbox 1962 1323 2129 1381; x_wconf 90' lang='lat' dir='ltr'><strong>utque</strong></span> 
     </span>
    </p>
   </div>
   <div class='ocr_carea' id='block_1_15' title="bbox 535 1404 2122 1485">
    <p class='ocr_par' dir='ltr' id='par_1_15' title="bbox 535 1404 2122 1485">
     <span class='ocr_line' id='line_1_15' title="bbox 535 1404 2122 1485; baseline -0.011 -11"><span class='ocrx_word' id='word_1_109' title='bbox 535 1419 858 1474; x_wconf 82' lang='lat' dir='ltr'><strong>immensam</strong></span> <span class='ocrx_word' id='word_1_110' title='bbox 894 1413 1123 1485; x_wconf 82' lang='lat' dir='ltr'><strong>gratiam</strong></span> <span class='ocrx_word' id='word_1_111' title='bbox 1155 1408 1457 1471; x_wconf 85' lang='lat' dir='ltr'><strong>consecuti,</strong></span> <span class='ocrx_word' id='word_1_112' title='bbox 1500 1414 1661 1460; x_wconf 78' lang='lat' dir='ltr'><strong>tanta:</strong></span> <span class='ocrx_word' id='word_1_113' title='bbox 1707 1405 1848 1460; x_wconf 92' lang='lat' dir='ltr'><strong>illius</strong></span> <span class='ocrx_word' id='word_1_114' title='bbox 1876 1404 2122 1473; x_wconf 84' lang='lat' dir='ltr'><strong>magnifi-</strong></span> 
     </span>
    </p>
   </div>
   <div class='ocr_carea' id='block_1_16' title="bbox 540 1496 2123 1577">
    <p class='ocr_par' dir='ltr' id='par_1_16' title="bbox 540 1496 2123 1577">
     <span class='ocr_line' id='line_1_16' title="bbox 540 1496 2123 1577; baseline -0.011 -14"><span class='ocrx_word' id='word_1_115' title='bbox 540 1508 735 1564; x_wconf 68' lang='lat' dir='ltr'><strong>centiae</strong></span> <span class='ocrx_word' id='word_1_116' title='bbox 768 1506 986 1577; x_wconf 84' lang='lat' dir='ltr'><strong>generis</strong></span> <span class='ocrx_word' id='word_1_117' title='bbox 1038 1510 1291 1557; x_wconf 85' lang='lat' dir='ltr'><strong>auctores</strong></span> <span class='ocrx_word' id='word_1_118' title='bbox 1335 1499 1631 1553; x_wconf 81' lang='lat' dir='ltr'><strong>evaserint.</strong></span> <span class='ocrx_word' id='word_1_119' title='bbox 1678 1496 1907 1563; x_wconf 85' lang='lat' dir='ltr'><strong>Quinam</strong></span> <span class='ocrx_word' id='word_1_120' title='bbox 1940 1497 2123 1558; x_wconf 91' lang='lat' dir='ltr'><strong>enim,</strong></span> 
     </span>
    </p>
   </div>
   <div class='ocr_carea' id='block_1_17' title="bbox 544 1588 2124 1669">
    <p class='ocr_par' dir='ltr' id='par_1_17' title="bbox 544 1588 2124 1669">
     <span class='ocr_line' id='line_1_17' title="bbox 544 1588 2124 1669; baseline -0.011 -13"><span class='ocrx_word' id='word_1_121' title='bbox 544 1601 943 1657; x_wconf 89' lang='lat' dir='ltr'><strong>luculentorum</strong></span> <span class='ocrx_word' id='word_1_122' title='bbox 1007 1610 1224 1669; x_wconf 87' lang='lat' dir='ltr'><strong>quoque</strong></span> <span class='ocrx_word' id='word_1_123' title='bbox 1281 1602 1562 1648; x_wconf 90' lang='lat' dir='ltr'><strong>oratorum</strong></span> <span class='ocrx_word' id='word_1_124' title='bbox 1617 1588 1844 1644; x_wconf 85' lang='lat' dir='ltr'><strong>subtiles</strong></span> <span class='ocrx_word' id='word_1_125' title='bbox 1899 1600 2124 1653; x_wconf 89' lang='lat' dir='ltr'><strong>sensus,</strong></span> 
     </span>
    </p>
   </div>
   <div class='ocr_carea' id='block_1_18' title="bbox 545 1676 2129 1761">
    <p class='ocr_par' dir='ltr' id='par_1_18' title="bbox 545 1676 2129 1761">
     <span class='ocr_line' id='line_1_18' title="bbox 545 1676 2129 1761; baseline -0.011 -12"><span class='ocrx_word' id='word_1_126' title='bbox 545 1708 727 1749; x_wconf 85' lang='lat' dir='ltr'><strong>rerum</strong></span> <span class='ocrx_word' id='word_1_127' title='bbox 760 1691 1105 1761; x_wconf 88' lang='lat' dir='ltr'><strong>majestatem</strong></span> <span class='ocrx_word' id='word_1_128' title='bbox 1131 1685 1390 1742; x_wconf 85' lang='lat' dir='ltr'><strong>assectari</strong></span> <span class='ocrx_word' id='word_1_129' title='bbox 1430 1682 1670 1753; x_wconf 77' lang='lat' dir='ltr'><strong>possint,</strong></span> <span class='ocrx_word' id='word_1_130' title='bbox 1709 1681 1903 1736; x_wconf 90' lang='lat' dir='ltr'><strong>nedum</strong></span> <span class='ocrx_word' id='word_1_131' title='bbox 1937 1676 2129 1747; x_wconf 91' lang='lat' dir='ltr'><strong>majori</strong></span> 
     </span>
    </p>
   </div>
   <div class='ocr_carea' id='block_1_19' title="bbox 545 1769 2129 1850">
    <p class='ocr_par' dir='ltr' id='par_1_19' title="bbox 545 1769 2129 1850">
     <span class='ocr_line' id='line_1_19' title="bbox 545 1769 2129 1850; baseline -0.009 -15"><span class='ocrx_word' id='word_1_132' title='bbox 545 1795 707 1850; x_wconf 88' lang='lat' dir='ltr'><strong>quam</strong></span> <span class='ocrx_word' id='word_1_133' title='bbox 749 1779 984 1834; x_wconf 88' lang='lat' dir='ltr'><strong>habeant</strong></span> <span class='ocrx_word' id='word_1_134' title='bbox 1012 1775 1207 1847; x_wconf 87' lang='lat' dir='ltr'><strong>gloria,</strong></span> <span class='ocrx_word' id='word_1_135' title='bbox 1239 1784 1358 1830; x_wconf 88' lang='lat' dir='ltr'><strong>arte</strong></span> <span class='ocrx_word' id='word_1_136' title='bbox 1394 1788 1460 1827; x_wconf 85' lang='lat' dir='ltr'><strong>ac</strong></span> <span class='ocrx_word' id='word_1_137' title='bbox 1498 1772 1755 1827; x_wconf 87' lang='lat' dir='ltr'><strong>methodo</strong></span> <span class='ocrx_word' id='word_1_138' title='bbox 1782 1769 1977 1824; x_wconf 82' lang='lat' dir='ltr'><strong>elferre</strong></span> <span class='ocrx_word' id='word_1_139' title='bbox 2010 1778 2129 1821; x_wconf 87' lang='lat' dir='ltr'><strong>ten-</strong></span> 
     </span>
    </p>
   </div>
   <div class='ocr_carea' id='block_1_20' title="bbox 2309 936 3776 1009">
    <p class='ocr_par' dir='ltr' id='par_1_20' title="bbox 2309 936 3776 1009">
     <span class='ocr_line' id='line_1_20' title="bbox 2309 936 3776 1009; baseline -0.003 -10"><span class='ocrx_word' id='word_1_140' title='bbox 2309 943 2474 999; x_wconf 79' lang='grc' dir='ltr'>Ἀλλὰ</span> <span class='ocrx_word' id='word_1_141' title='bbox 2504 945 2649 1008; x_wconf 88' lang='grc' dir='ltr'>τίνες</span> <span class='ocrx_word' id='word_1_142' title='bbox 2700 938 2846 997; x_wconf 71' lang='grc' dir='ltr'>οὗτοι</span> <span class='ocrx_word' id='word_1_143' title='bbox 2888 941 2982 995; x_wconf 73' lang='grc' dir='ltr'>καὶ</span> <span class='ocrx_word' id='word_1_144' title='bbox 3012 936 3155 1006; x_wconf 54' lang='lat' dir='ltr'><strong>ciet;</strong></span> <span class='ocrx_word' id='word_1_145' title='bbox 3201 938 3297 992; x_wconf 83' lang='grc' dir='ltr'><strong>καί</strong></span> <span class='ocrx_word' id='word_1_146' title='bbox 3347 956 3438 1009; x_wconf 86' lang='grc' dir='ltr'><strong>μοι</strong></span> <span class='ocrx_word' id='word_1_147' title='bbox 3460 937 3688 993; x_wconf 81' lang='grc' dir='ltr'>δεδόσθω</span> <span class='ocrx_word' id='word_1_148' title='bbox 3718 943 3776 996; x_wconf 74' lang='grc' dir='ltr'>τὰ</span> 
     </span>
    </p>
   </div>
   <div class='ocr_carea' id='block_1_21' title="bbox 2227 1033 3775 1105">
    <p class='ocr_par' dir='ltr' id='par_1_21' title="bbox 2227 1033 3775 1105">
     <span class='ocr_line' id='line_1_21' title="bbox 2227 1033 3775 1105; baseline -0.002 -13"><span class='ocrx_word' id='word_1_149' title='bbox 2227 1037 2359 1105; x_wconf 71' lang='grc' dir='ltr'>περὶ</span> <span class='ocrx_word' id='word_1_150' title='bbox 2388 1037 2570 1093; x_wconf 80' lang='grc' dir='ltr'>αὐτῶν</span> <span class='ocrx_word' id='word_1_151' title='bbox 2611 1035 2904 1101; x_wconf 87' lang='grc' dir='ltr'>διεξιέναι,</span> <span class='ocrx_word' id='word_1_152' title='bbox 2942 1035 3042 1104; x_wconf 80' lang='grc' dir='ltr'><strong>οὐχ</strong></span> <span class='ocrx_word' id='word_1_153' title='bbox 3074 1034 3223 1096; x_wconf 82' lang='grc' dir='ltr'>ὅπως</span> <span class='ocrx_word' id='word_1_154' title='bbox 3258 1033 3325 1085; x_wconf 83' lang='grc' dir='ltr'>ἂν</span> <span class='ocrx_word' id='word_1_155' title='bbox 3363 1034 3477 1096; x_wconf 80' lang='grc' dir='ltr'>τοῖς</span> <span class='ocrx_word' id='word_1_156' title='bbox 3506 1035 3619 1086; x_wconf 83' lang='grc' dir='ltr'>κατ’</span> <span class='ocrx_word' id='word_1_157' title='bbox 3647 1034 3775 1098; x_wconf 80' lang='grc' dir='ltr'>ἀξίαν</span> 
     </span>
    </p>
   </div>
   <div class='ocr_carea' id='block_1_22' title="bbox 2226 1124 3774 1202">
    <p class='ocr_par' dir='ltr' id='par_1_22' title="bbox 2226 1124 3774 1202">
     <span class='ocr_line' id='line_1_22' title="bbox 2226 1124 3774 1202; baseline -0.003 -17"><span class='ocrx_word' id='word_1_158' title='bbox 2226 1130 2528 1202; x_wconf 72' lang='grc' dir='ltr'><strong>ἐγκωμίοις</strong></span> <span class='ocrx_word' id='word_1_159' title='bbox 2557 1130 2855 1200; x_wconf 79' lang='grc' dir='ltr'>ὲπαίρηται</span> <span class='ocrx_word' id='word_1_160' title='bbox 2894 1128 2977 1199; x_wconf 88' lang='grc' dir='ltr'>(ού</span> <span class='ocrx_word' id='word_1_161' title='bbox 3005 1126 3168 1199; x_wconf 87' lang='grc' dir='ltr'>μόνον</span> <span class='ocrx_word' id='word_1_162' title='bbox 3192 1125 3302 1196; x_wconf 82' lang='grc' dir='ltr'>γὰρ</span> <span class='ocrx_word' id='word_1_163' title='bbox 3328 1125 3469 1194; x_wconf 64' lang='grc' dir='ltr'>ὑπὲρ</span> <span class='ocrx_word' id='word_1_164' title='bbox 3499 1124 3595 1195; x_wconf 79' lang='grc' dir='ltr'>τὴν</span> <span class='ocrx_word' id='word_1_165' title='bbox 3624 1124 3774 1195; x_wconf 76' lang='grc' dir='ltr'>ἡμῶν,</span> 
     </span>
    </p>
   </div>
   <div class='ocr_carea' id='block_1_23' title="bbox 2226 1215 3777 1292">
    <p class='ocr_par' dir='ltr' id='par_1_23' title="bbox 2226 1215 3777 1292">
     <span class='ocr_line' id='line_1_23' title="bbox 2226 1215 3777 1292; baseline -0.004 -15"><span class='ocrx_word' id='word_1_166' title='bbox 2226 1221 2366 1278; x_wconf 82' lang='grc' dir='ltr'>ἀλλὰ</span> <span class='ocrx_word' id='word_1_167' title='bbox 2418 1221 2515 1275; x_wconf 77' lang='grc' dir='ltr'>καὶ</span> <span class='ocrx_word' id='word_1_168' title='bbox 2565 1220 2666 1292; x_wconf 82' lang='grc' dir='ltr'><strong>τὴν</strong></span> <span class='ocrx_word' id='word_1_169' title='bbox 2712 1220 2970 1274; x_wconf 82' lang='grc' dir='ltr'>ἁπάντων</span> <span class='ocrx_word' id='word_1_170' title='bbox 3020 1215 3176 1288; x_wconf 73' lang='grc' dir='ltr'>οἶμαι</span> <span class='ocrx_word' id='word_1_171' title='bbox 3218 1217 3379 1270; x_wconf 82' lang='grc' dir='ltr'>τοῦτο</span> <span class='ocrx_word' id='word_1_172' title='bbox 3422 1215 3700 1287; x_wconf 87' lang='grc' dir='ltr'>δύναμιν),</span> <span class='ocrx_word' id='word_1_173' title='bbox 3730 1220 3777 1271; x_wconf 77' lang='grc' dir='ltr'><strong>τὸ</strong></span> 
     </span>
    </p>
   </div>
   <div class='ocr_carea' id='block_1_24' title="bbox 2225 1307 3779 1384">
    <p class='ocr_par' dir='ltr' id='par_1_24' title="bbox 2225 1307 3779 1384">
     <span class='ocr_line' id='line_1_24' title="bbox 2225 1307 3779 1384; baseline -0.005 -14"><span class='ocrx_word' id='word_1_174' title='bbox 2225 1315 2273 1370; x_wconf 87' lang='grc' dir='ltr'>δ’</span> <span class='ocrx_word' id='word_1_175' title='bbox 2304 1315 2454 1378; x_wconf 83' lang='grc' dir='ltr'>ὅπως</span> <span class='ocrx_word' id='word_1_176' title='bbox 2484 1330 2542 1366; x_wconf 90' lang='grc' dir='ltr'><strong>τε</strong></span> <span class='ocrx_word' id='word_1_177' title='bbox 2570 1316 2669 1384; x_wconf 81' lang='grc' dir='ltr'><strong>τῆς</strong></span> <span class='ocrx_word' id='word_1_178' title='bbox 2697 1311 2974 1384; x_wconf 67' lang='grc' dir='ltr'>ἡμετέρας</span> <span class='ocrx_word' id='word_1_179' title='bbox 3007 1310 3400 1381; x_wconf 85' lang='grc' dir='ltr'>προκέκρινται</span> <span class='ocrx_word' id='word_1_180' title='bbox 3441 1307 3679 1377; x_wconf 81' lang='grc' dir='ltr'>φύσεως,</span> <span class='ocrx_word' id='word_1_181' title='bbox 3705 1311 3779 1362; x_wconf 77' lang='grc' dir='ltr'>καὶ</span> 
     </span>
    </p>
   </div>
   <div class='ocr_carea' id='block_1_25' title="bbox 2232 1401 3782 1477">
    <p class='ocr_par' dir='ltr' id='par_1_25' title="bbox 2232 1401 3782 1477">
     <span class='ocr_line' id='line_1_25' title="bbox 2232 1401 3782 1477; baseline -0.005 -15"><span class='ocrx_word' id='word_1_182' title='bbox 2232 1409 2382 1471; x_wconf 80' lang='grc' dir='ltr'>ὅπως</span> <span class='ocrx_word' id='word_1_183' title='bbox 2413 1406 2514 1477; x_wconf 71' lang='grc' dir='ltr'><strong>τῆς</strong></span> <span class='ocrx_word' id='word_1_184' title='bbox 2554 1404 2969 1476; x_wconf 79' lang='grc' dir='ltr'>ἀνυπερϐλήτου</span> <span class='ocrx_word' id='word_1_185' title='bbox 3009 1403 3371 1473; x_wconf 80' lang='grc' dir='ltr'><strong>τετυχηκότες</strong></span> <span class='ocrx_word' id='word_1_186' title='bbox 3425 1401 3672 1471; x_wconf 71' lang='grc' dir='ltr'>χάριτος,</span> <span class='ocrx_word' id='word_1_187' title='bbox 3705 1404 3782 1471; x_wconf 77' lang='grc' dir='ltr'>τῆς</span> 
     </span>
    </p>
   </div>
   <div class='ocr_carea' id='block_1_26' title="bbox 2234 1496 3782 1570">
    <p class='ocr_par' dir='ltr' id='par_1_26' title="bbox 2234 1496 3782 1570">
     <span class='ocr_line' id='line_1_26' title="bbox 2234 1496 3782 1570; baseline -0.003 -16"><span class='ocrx_word' id='word_1_188' title='bbox 2234 1500 2328 1554; x_wconf 81' lang='grc' dir='ltr'>τοῦ</span> <span class='ocrx_word' id='word_1_189' title='bbox 2352 1500 2542 1570; x_wconf 81' lang='grc' dir='ltr'>γένους</span> <span class='ocrx_word' id='word_1_190' title='bbox 2569 1497 2991 1569; x_wconf 66' lang='grc' dir='ltr'>μεγαλώωρεᾶς</span> <span class='ocrx_word' id='word_1_191' title='bbox 3011 1496 3426 1567; x_wconf 76' lang='grc' dir='ltr'><strong>ἀναπεφήνασιν</strong></span> <span class='ocrx_word' id='word_1_192' title='bbox 3452 1496 3631 1549; x_wconf 79' lang='grc' dir='ltr'>αἴτιοι.</span> <span class='ocrx_word' id='word_1_193' title='bbox 3656 1496 3782 1549; x_wconf 79' lang='grc' dir='ltr'><strong>Ποίαι</strong></span> 
     </span>
    </p>
   </div>
   <div class='ocr_carea' id='block_1_27' title="bbox 2236 1588 3780 1665">
    <p class='ocr_par' dir='ltr' id='par_1_27' title="bbox 2236 1588 3780 1665">
     <span class='ocr_line' id='line_1_27' title="bbox 2236 1588 3780 1665; baseline -0.005 -18"><span class='ocrx_word' id='word_1_194' title='bbox 2236 1593 2346 1665; x_wconf 86' lang='grc' dir='ltr'>γὰρ</span> <span class='ocrx_word' id='word_1_195' title='bbox 2376 1592 2769 1663; x_wconf 86' lang='grc' dir='ltr'>συνεπαρθεῖεν</span> <span class='ocrx_word' id='word_1_196' title='bbox 2801 1590 2867 1645; x_wconf 87' lang='grc' dir='ltr'>ἂν</span> <span class='ocrx_word' id='word_1_197' title='bbox 2902 1590 2998 1643; x_wconf 81' lang='grc' dir='ltr'>καὶ</span> <span class='ocrx_word' id='word_1_198' title='bbox 3029 1588 3416 1642; x_wconf 74' lang='grc' dir='ltr'>ἐπιδεικτικῶν</span> <span class='ocrx_word' id='word_1_199' title='bbox 3451 1588 3703 1651; x_wconf 75' lang='grc' dir='ltr'>ἐπίνοιαι,</span> <span class='ocrx_word' id='word_1_200' title='bbox 3729 1592 3780 1659; x_wconf 77' lang='grc' dir='ltr'><strong>τῇ</strong></span> 
     </span>
    </p>
   </div>
   <div class='ocr_carea' id='block_1_28' title="bbox 2242 1681 3783 1758">
    <p class='ocr_par' dir='ltr' id='par_1_28' title="bbox 2242 1681 3783 1758">
     <span class='ocr_line' id='line_1_28' title="bbox 2242 1681 3783 1758; baseline -0.005 -18"><span class='ocrx_word' id='word_1_201' title='bbox 2242 1685 2629 1758; x_wconf 70' lang='grc' dir='ltr'><strong>μεγαλειότητι</strong></span> <span class='ocrx_word' id='word_1_202' title='bbox 2672 1683 2783 1736; x_wconf 86' lang='grc' dir='ltr'>τῶν</span> <span class='ocrx_word' id='word_1_203' title='bbox 2828 1681 3196 1752; x_wconf 82' lang='grc' dir='ltr'>πραγμάτων,</span> <span class='ocrx_word' id='word_1_204' title='bbox 3255 1683 3329 1751; x_wconf 82' lang='grc' dir='ltr'>μή</span> <span class='ocrx_word' id='word_1_205' title='bbox 3365 1681 3452 1734; x_wconf 84' lang='grc' dir='ltr'><strong>τοί</strong></span> <span class='ocrx_word' id='word_1_206' title='bbox 3485 1698 3548 1750; x_wconf 86' lang='grc' dir='ltr'><strong>γε</strong></span> <span class='ocrx_word' id='word_1_207' title='bbox 3584 1682 3704 1751; x_wconf 71' lang='grc' dir='ltr'>πρὸς</span> <span class='ocrx_word' id='word_1_208' title='bbox 3735 1681 3783 1733; x_wconf 78' lang='grc' dir='ltr'>τὸ</span> 
     </span>
    </p>
   </div>
   <div class='ocr_carea' id='block_1_29' title="bbox 2239 1773 3783 1851">
    <p class='ocr_par' dir='ltr' id='par_1_29' title="bbox 2239 1773 3783 1851">
     <span class='ocr_line' id='line_1_29' title="bbox 2239 1773 3783 1851; baseline -0.005 -19"><span class='ocrx_word' id='word_1_209' title='bbox 2239 1778 2582 1851; x_wconf 79' lang='grc' dir='ltr'><strong>ἐξῃρημένον</strong></span> <span class='ocrx_word' id='word_1_210' title='bbox 2610 1775 2788 1830; x_wconf 84' lang='grc' dir='ltr'>ταῦτα</span> <span class='ocrx_word' id='word_1_211' title='bbox 2813 1775 3122 1846; x_wconf 76' lang='grc' dir='ltr'>μεθοδεύειν</span> <span class='ocrx_word' id='word_1_212' title='bbox 3148 1774 3616 1844; x_wconf 73' lang='grc' dir='ltr'>ἐπιτεχνάσαιντο;</span> <span class='ocrx_word' id='word_1_213' title='bbox 3642 1773 3783 1843; x_wconf 80' lang='grc' dir='ltr'>Ὕλην</span> 
     </span>
    </p>
   </div>
   <div class='ocr_carea' id='block_1_30' title="bbox 550 1837 2146 1943">
    <p class='ocr_par' dir='ltr' id='par_1_30' title="bbox 550 1861 2128 1935">
     <span class='ocr_line' id='line_1_30' title="bbox 550 1861 2128 1935; baseline -0.01 -7"><span class='ocrx_word' id='word_1_214' title='bbox 550 1871 830 1928; x_wconf 86' lang='lat' dir='ltr'><strong>laverint?</strong></span> <span class='ocrx_word' id='word_1_215' title='bbox 867 1871 1013 1925; x_wconf 83' lang='lat' dir='ltr'><strong>Sane</strong></span> <span class='ocrx_word' id='word_1_216' title='bbox 1068 1867 1414 1931; x_wconf 84' lang='lat' dir='ltr'><strong>laudatores,</strong></span> <span class='ocrx_word' id='word_1_217' title='bbox 1461 1866 1505 1920; x_wconf 88' lang='lat' dir='ltr'><strong>si</strong></span> <span class='ocrx_word' id='word_1_218' title='bbox 1551 1880 1656 1935; x_wconf 89' lang='lat' dir='ltr'><strong>qua</strong></span> <span class='ocrx_word' id='word_1_219' title='bbox 1700 1873 1854 1931; x_wconf 86' lang='lat' dir='ltr'><strong>gesta</strong></span> <span class='ocrx_word' id='word_1_220' title='bbox 1893 1861 2128 1923; x_wconf 80' lang='lat' dir='ltr'><strong>habent,</strong></span> 
     </span>
    </p>
   </div>
   <div class='ocr_carea' id='block_1_31' title="bbox 2246 1837 3787 1943">
    <p class='ocr_par' dir='ltr' id='par_1_31' title="bbox 2246 1837 3787 1943">
     <span class='ocr_line' id='line_1_31' title="bbox 2246 1837 3787 1943; baseline -0.005 -18"><span class='ocrx_word' id='word_1_221' title='bbox 2246 1837 2480 1943; x_wconf 49' lang='grc' dir='ltr'>μέν’γόιρ</span> <span class='ocrx_word' id='word_1_222' title='bbox 2511 1871 2579 1924; x_wconf 68' lang='grc' dir='ltr'><strong>τὰ</strong></span> <span class='ocrx_word' id='word_1_223' title='bbox 2610 1837 3001 1940; x_wconf 78' lang='grc' dir='ltr'>πεπραγμένα,</span> <span class='ocrx_word' id='word_1_224' title='bbox 3047 1866 3143 1919; x_wconf 72' lang='grc' dir='ltr'>καὶ</span> <span class='ocrx_word' id='word_1_225' title='bbox 3175 1869 3274 1936; x_wconf 79' lang='grc' dir='ltr'><strong>τὴν</strong></span> <span class='ocrx_word' id='word_1_226' title='bbox 3306 1837 3499 1917; x_wconf 73' lang='grc' dir='ltr'>θεόθεν</span> <span class='ocrx_word' id='word_1_227' title='bbox 3527 1837 3611 1916; x_wconf 54' lang='grc' dir='ltr'>διὰ</span> <span class='ocrx_word' id='word_1_228' title='bbox 3644 1837 3787 1917; x_wconf 66' lang='grc' dir='ltr'>ταῦτα</span> 
     </span>
    </p>
   </div>
   <div class='ocr_carea' id='block_1_32' title="bbox 544 1953 2132 2034">
    <p class='ocr_par' dir='ltr' id='par_1_32' title="bbox 544 1953 2132 2034">
     <span class='ocr_line' id='line_1_32' title="bbox 544 1953 2132 2034; baseline -0.008 -14"><span class='ocrx_word' id='word_1_229' title='bbox 544 1964 851 2034; x_wconf 80' lang='lat' dir='ltr'><strong>argumenti</strong></span> <span class='ocrx_word' id='word_1_230' title='bbox 908 1962 1030 2017; x_wconf 90' lang='lat' dir='ltr'><strong>loco</strong></span> <span class='ocrx_word' id='word_1_231' title='bbox 1098 1960 1463 2031; x_wconf 87' lang='lat' dir='ltr'><strong>abripientes,</strong></span> <span class='ocrx_word' id='word_1_232' title='bbox 1494 1971 1761 2027; x_wconf 85' lang='lat' dir='ltr'><strong>quamque</strong></span> <span class='ocrx_word' id='word_1_233' title='bbox 1801 1954 2055 2026; x_wconf 76' lang='lat' dir='ltr'><strong>gratiam,</strong></span> <span class='ocrx_word' id='word_1_234' title='bbox 2095 1953 2132 2007; x_wconf 91' lang='lat' dir='ltr'><strong>ii</strong></span> 
     </span>
    </p>
   </div>
   <div class='ocr_carea' id='block_1_33' title="bbox 545 2050 2131 2132">
    <p class='ocr_par' dir='ltr' id='par_1_33' title="bbox 545 2050 2131 2132">
     <span class='ocr_line' id='line_1_33' title="bbox 545 2050 2131 2132; baseline -0.01 -16"><span class='ocrx_word' id='word_1_235' title='bbox 545 2074 685 2132; x_wconf 91' lang='lat' dir='ltr'><strong>quos</strong></span> <span class='ocrx_word' id='word_1_236' title='bbox 743 2057 965 2112; x_wconf 88' lang='lat' dir='ltr'><strong>laudant</strong></span> <span class='ocrx_word' id='word_1_237' title='bbox 1027 2054 1152 2109; x_wconf 89' lang='lat' dir='ltr'><strong>inde</strong></span> <span class='ocrx_word' id='word_1_238' title='bbox 1187 2054 1403 2108; x_wconf 79' lang='lat' dir='ltr'><strong>caelitus</strong></span> <span class='ocrx_word' id='word_1_239' title='bbox 1452 2050 1632 2121; x_wconf 81' lang='lat' dir='ltr'><strong>adepti</strong></span> <span class='ocrx_word' id='word_1_240' title='bbox 1667 2059 1825 2117; x_wconf 86' lang='lat' dir='ltr'><strong>sunt;</strong></span> <span class='ocrx_word' id='word_1_241' title='bbox 1870 2056 2131 2118; x_wconf 88' lang='lat' dir='ltr'><strong>quantum</strong></span> 
     </span>
    </p>
   </div>
   <div class='ocr_carea' id='block_1_34' title="bbox 556 2137 2136 2215">
    <p class='ocr_par' dir='ltr' id='par_1_34' title="bbox 556 2137 2136 2215">
     <span class='ocr_line' id='line_1_34' title="bbox 556 2137 2136 2215; baseline -0.01 -7"><span class='ocrx_word' id='word_1_242' title='bbox 556 2151 826 2208; x_wconf 83' lang='lat' dir='ltr'><strong>rhetorica</strong></span> <span class='ocrx_word' id='word_1_243' title='bbox 883 2147 1205 2204; x_wconf 77' lang='lat' dir='ltr'><strong>exercitatio</strong></span> <span class='ocrx_word' id='word_1_244' title='bbox 1237 2146 1464 2211; x_wconf 87' lang='lat' dir='ltr'><strong>faverit,</strong></span> <span class='ocrx_word' id='word_1_245' title='bbox 1502 2144 1796 2215; x_wconf 87' lang='lat' dir='ltr'><strong>propositis</strong></span> <span class='ocrx_word' id='word_1_246' title='bbox 1842 2142 2003 2196; x_wconf 81' lang='lat' dir='ltr'><strong>rebus</strong></span> <span class='ocrx_word' id='word_1_247' title='bbox 2042 2137 2136 2193; x_wconf 82' lang='lat' dir='ltr'><strong>ad-</strong></span> 
     </span>
    </p>
   </div>
   <div class='ocr_carea' id='block_1_35' title="bbox 550 2236 2137 2306">
    <p class='ocr_par' dir='ltr' id='par_1_35' title="bbox 550 2236 2137 2306">
     <span class='ocr_line' id='line_1_35' title="bbox 550 2236 2137 2306; baseline -0.009 -7"><span class='ocrx_word' id='word_1_248' title='bbox 550 2243 895 2299; x_wconf 88' lang='lat' dir='ltr'><strong>mirationem</strong></span> <span class='ocrx_word' id='word_1_249' title='bbox 955 2240 1172 2305; x_wconf 81' lang='lat' dir='ltr'><strong>laudum</strong></span> <span class='ocrx_word' id='word_1_250' title='bbox 1230 2236 1450 2294; x_wconf 90' lang='lat' dir='ltr'><strong>cnmulo</strong></span> <span class='ocrx_word' id='word_1_251' title='bbox 1506 2251 1704 2306; x_wconf 84' lang='lat' dir='ltr'><strong>augere</strong></span> <span class='ocrx_word' id='word_1_252' title='bbox 1749 2241 1994 2299; x_wconf 90' lang='lat' dir='ltr'><strong>tentant,</strong></span> <span class='ocrx_word' id='word_1_253' title='bbox 2042 2240 2137 2285; x_wconf 90' lang='lat' dir='ltr'><strong>aut</strong></span> 
     </span>
    </p>
   </div>
   <div class='ocr_carea' id='block_1_36' title="bbox 551 2322 2134 2400">
    <p class='ocr_par' dir='ltr' id='par_1_36' title="bbox 551 2322 2134 2400">
     <span class='ocr_line' id='line_1_36' title="bbox 551 2322 2134 2400; baseline -0.007 -13"><span class='ocrx_word' id='word_1_254' title='bbox 551 2334 774 2391; x_wconf 89' lang='lat' dir='ltr'><strong>omnino</strong></span> <span class='ocrx_word' id='word_1_255' title='bbox 821 2339 1207 2400; x_wconf 82' lang='lat' dir='ltr'><strong>congruentem</strong></span> <span class='ocrx_word' id='word_1_256' title='bbox 1244 2330 1324 2384; x_wconf 74' lang='lat' dir='ltr'><strong>eis</strong></span> <span class='ocrx_word' id='word_1_257' title='bbox 1365 2327 1659 2382; x_wconf 89' lang='lat' dir='ltr'><strong>conciliant</strong></span> <span class='ocrx_word' id='word_1_258' title='bbox 1709 2324 1934 2395; x_wconf 78' lang='lat' dir='ltr'><strong>gloriam</strong></span> <span class='ocrx_word' id='word_1_259' title='bbox 1979 2340 1992 2377; x_wconf 87' lang='lat'><strong>:</strong></span> <span class='ocrx_word' id='word_1_260' title='bbox 2046 2322 2134 2378; x_wconf 88' lang='lat' dir='ltr'><strong>ubi</strong></span> 
     </span>
    </p>
   </div>
   <div class='ocr_carea' id='block_1_37' title="bbox 555 2412 2140 2494">
    <p class='ocr_par' dir='ltr' id='par_1_37' title="bbox 555 2412 2140 2494">
     <span class='ocr_line' id='line_1_37' title="bbox 555 2412 2140 2494; baseline -0.009 -13"><span class='ocrx_word' id='word_1_261' title='bbox 555 2441 684 2481; x_wconf 84' lang='lat' dir='ltr'><strong>vero</strong></span> <span class='ocrx_word' id='word_1_262' title='bbox 720 2424 893 2494; x_wconf 88' lang='lat' dir='ltr'><strong>major</strong></span> <span class='ocrx_word' id='word_1_263' title='bbox 920 2424 1161 2493; x_wconf 86' lang='lat' dir='ltr'><strong>cogitatu</strong></span> <span class='ocrx_word' id='word_1_264' title='bbox 1201 2419 1628 2491; x_wconf 86' lang='lat' dir='ltr'><strong>magnificentia,</strong></span> <span class='ocrx_word' id='word_1_265' title='bbox 1660 2417 1929 2485; x_wconf 88' lang='lat' dir='ltr'><strong>jnstorum</strong></span> <span class='ocrx_word' id='word_1_266' title='bbox 1963 2412 2140 2469; x_wconf 87' lang='lat' dir='ltr'><strong>homi-</strong></span> 
     </span>
    </p>
   </div>
   <div class='ocr_carea' id='block_1_38' title="bbox 554 2505 2138 2581">
    <p class='ocr_par' dir='ltr' id='par_1_38' title="bbox 554 2505 2138 2581">
     <span class='ocr_line' id='line_1_38' title="bbox 554 2505 2138 2581; baseline -0.008 -11"><span class='ocrx_word' id='word_1_267' title='bbox 554 2532 685 2570; x_wconf 89' lang='lat' dir='ltr'><strong>num</strong></span> <span class='ocrx_word' id='word_1_268' title='bbox 714 2516 930 2581; x_wconf 89' lang='lat' dir='ltr'><strong>merita,</strong></span> <span class='ocrx_word' id='word_1_269' title='bbox 966 2530 1063 2569; x_wconf 87' lang='lat' dir='ltr'><strong>ceu</strong></span> <span class='ocrx_word' id='word_1_270' title='bbox 1104 2514 1230 2567; x_wconf 91' lang='lat' dir='ltr'><strong>tuba</strong></span> <span class='ocrx_word' id='word_1_271' title='bbox 1268 2512 1556 2580; x_wconf 80' lang='lat' dir='ltr'><strong>clangente</strong></span> <span class='ocrx_word' id='word_1_272' title='bbox 1597 2509 1763 2563; x_wconf 90' lang='lat' dir='ltr'><strong>altum</strong></span> <span class='ocrx_word' id='word_1_273' title='bbox 1795 2505 2138 2576; x_wconf 72' lang='lat' dir='ltr'><strong>deprzedicat,</strong></span> 
     </span>
    </p>
   </div>
   <div class='ocr_carea' id='block_1_39' title="bbox 555 2599 2143 2679">
    <p class='ocr_par' dir='ltr' id='par_1_39' title="bbox 555 2599 2143 2679">
     <span class='ocr_line' id='line_1_39' title="bbox 555 2599 2143 2679; baseline -0.006 -19"><span class='ocrx_word' id='word_1_274' title='bbox 555 2622 802 2679; x_wconf 66' lang='lat' dir='ltr'><strong>quaenam</strong></span> <span class='ocrx_word' id='word_1_275' title='bbox 859 2604 1025 2660; x_wconf 84' lang='lat' dir='ltr'><strong>fuerit</strong></span> <span class='ocrx_word' id='word_1_276' title='bbox 1062 2603 1435 2660; x_wconf 88' lang='lat' dir='ltr'><strong>encomiorum</strong></span> <span class='ocrx_word' id='word_1_277' title='bbox 1477 2600 1762 2654; x_wconf 76' lang='lat' dir='ltr'><strong>laudatio?</strong></span> <span class='ocrx_word' id='word_1_278' title='bbox 1796 2599 1929 2665; x_wconf 84' lang='lat' dir='ltr'><strong>Quis</strong></span> <span class='ocrx_word' id='word_1_279' title='bbox 1970 2611 2143 2651; x_wconf 88' lang='lat' dir='ltr'><strong>novus</strong></span> 
     </span>
    </p>
   </div>
   <div class='ocr_carea' id='block_1_40' title="bbox 557 2692 2141 2763">
    <p class='ocr_par' dir='ltr' id='par_1_40' title="bbox 557 2692 2141 2763">
     <span class='ocr_line' id='line_1_40' title="bbox 557 2692 2141 2763; baseline -0.006 -9"><span class='ocrx_word' id='word_1_280' title='bbox 557 2702 695 2755; x_wconf 88' lang='lat' dir='ltr'><strong>adeo</strong></span> <span class='ocrx_word' id='word_1_281' title='bbox 743 2700 939 2763; x_wconf 84' lang='lat' dir='ltr'><strong>honor,</strong></span> <span class='ocrx_word' id='word_1_282' title='bbox 995 2712 1175 2751; x_wconf 92' lang='lat' dir='ltr'><strong>rerum</strong></span> <span class='ocrx_word' id='word_1_283' title='bbox 1225 2697 1361 2750; x_wconf 87' lang='lat' dir='ltr'><strong>adeo</strong></span> <span class='ocrx_word' id='word_1_284' title='bbox 1395 2710 1658 2750; x_wconf 83' lang='lat' dir='ltr'><strong>novarum</strong></span> <span class='ocrx_word' id='word_1_285' title='bbox 1700 2709 1764 2749; x_wconf 89' lang='lat' dir='ltr'><strong>ac</strong></span> <span class='ocrx_word' id='word_1_286' title='bbox 1808 2692 2141 2746; x_wconf 88' lang='lat' dir='ltr'><strong>mirabilium</strong></span> 
     </span>
    </p>
   </div>
   <div class='ocr_carea' id='block_1_41' title="bbox 557 2786 2143 2860">
    <p class='ocr_par' dir='ltr' id='par_1_41' title="bbox 557 2786 2143 2860">
     <span class='ocr_line' id='line_1_41' title="bbox 557 2786 2143 2860; baseline -0.004 -12"><span class='ocrx_word' id='word_1_287' title='bbox 557 2792 793 2848; x_wconf 81' lang='lat' dir='ltr'><strong>inveniri</strong></span> <span class='ocrx_word' id='word_1_288' title='bbox 827 2790 1025 2860; x_wconf 83' lang='lat' dir='ltr'><strong>queat?</strong></span> <span class='ocrx_word' id='word_1_289' title='bbox 1051 2789 1188 2854; x_wconf 87' lang='lat' dir='ltr'><strong>Quid</strong></span> <span class='ocrx_word' id='word_1_290' title='bbox 1223 2789 1367 2844; x_wconf 90' lang='lat' dir='ltr'><strong>enim</strong></span> <span class='ocrx_word' id='word_1_291' title='bbox 1416 2787 1679 2855; x_wconf 78' lang='lat' dir='ltr'><strong>ejusmodi</strong></span> <span class='ocrx_word' id='word_1_292' title='bbox 1723 2789 1773 2840; x_wconf 91' lang='lat' dir='ltr'><strong>in</strong></span> <span class='ocrx_word' id='word_1_293' title='bbox 1824 2786 2079 2841; x_wconf 87' lang='lat' dir='ltr'><strong>omnibus</strong></span> <span class='ocrx_word' id='word_1_294' title='bbox 2111 2803 2143 2841; x_wconf 73' lang='grc' dir='ltr'><strong>ει</strong></span> 
     </span>
    </p>
   </div>
   <div class='ocr_carea' id='block_1_42' title="bbox 558 2880 2145 2952">
    <p class='ocr_par' dir='ltr' id='par_1_42' title="bbox 558 2880 2145 2952">
     <span class='ocr_line' id='line_1_42' title="bbox 558 2880 2145 2952; baseline -0.005 -10"><span class='ocrx_word' id='word_1_295' title='bbox 558 2883 758 2942; x_wconf 71' lang='grc' dir='ltr'>εωοιιιο</span> <span class='ocrx_word' id='word_1_296' title='bbox 798 2885 959 2941; x_wconf 85' lang='lat' dir='ltr'><strong>rebus</strong></span> <span class='ocrx_word' id='word_1_297' title='bbox 996 2882 1295 2952; x_wconf 77' lang='lat' dir='ltr'><strong>excogitari</strong></span> <span class='ocrx_word' id='word_1_298' title='bbox 1334 2881 1540 2951; x_wconf 85' lang='lat' dir='ltr'><strong>possit,</strong></span> <span class='ocrx_word' id='word_1_299' title='bbox 1578 2890 1635 2934; x_wconf 92' lang='lat' dir='ltr'><strong>ut</strong></span> <span class='ocrx_word' id='word_1_300' title='bbox 1665 2895 1901 2950; x_wconf 82' lang='lat' dir='ltr'><strong>congrua</strong></span> <span class='ocrx_word' id='word_1_301' title='bbox 1933 2880 2145 2934; x_wconf 89' lang='lat' dir='ltr'><strong>ratione</strong></span> 
     </span>
    </p>
   </div>
   <div class='ocr_carea' id='block_1_43' title="bbox 562 2976 2142 3049">
    <p class='ocr_par' dir='ltr' id='par_1_43' title="bbox 562 2976 2142 3049">
     <span class='ocr_line' id='line_1_43' title="bbox 562 2976 2142 3049; baseline -0.004 -12"><span class='ocrx_word' id='word_1_302' title='bbox 562 2983 928 3038; x_wconf 84' lang='lat' dir='ltr'><strong>laudationem</strong></span> <span class='ocrx_word' id='word_1_303' title='bbox 989 2979 1220 3049; x_wconf 75' lang='lat' dir='ltr'><strong>dirigat?</strong></span> <span class='ocrx_word' id='word_1_304' title='bbox 1254 2978 1450 3045; x_wconf 70' lang='lat' dir='ltr'><strong>Quaeso</strong></span> <span class='ocrx_word' id='word_1_305' title='bbox 1499 2978 1681 3045; x_wconf 92' lang='lat' dir='ltr'><strong>enim,</strong></span> <span class='ocrx_word' id='word_1_306' title='bbox 1724 2979 1966 3033; x_wconf 83' lang='lat' dir='ltr'><strong>omnium</strong></span> <span class='ocrx_word' id='word_1_307' title='bbox 2011 2976 2142 3031; x_wconf 88' lang='lat' dir='ltr'><strong>mihi</strong></span> 
     </span>
    </p>
   </div>
   <div class='ocr_carea' id='block_1_44' title="bbox 563 3069 2144 3145">
    <p class='ocr_par' dir='ltr' id='par_1_44' title="bbox 563 3069 2144 3145">
     <span class='ocr_line' id='line_1_44' title="bbox 563 3069 2144 3145; baseline -0.004 -18"><span class='ocrx_word' id='word_1_308' title='bbox 563 3075 839 3145; x_wconf 88' lang='lat' dir='ltr'><strong>jnstorum</strong></span> <span class='ocrx_word' id='word_1_309' title='bbox 876 3089 939 3127; x_wconf 92' lang='lat' dir='ltr'><strong>ac</strong></span> <span class='ocrx_word' id='word_1_310' title='bbox 970 3073 1355 3143; x_wconf 87' lang='lat' dir='ltr'><strong>prophetarum</strong></span> <span class='ocrx_word' id='word_1_311' title='bbox 1392 3070 1733 3137; x_wconf 88' lang='lat' dir='ltr'><strong>electionem,</strong></span> <span class='ocrx_word' id='word_1_312' title='bbox 1760 3084 2058 3138; x_wconf 83' lang='lat' dir='ltr'><strong>eorumque</strong></span> <span class='ocrx_word' id='word_1_313' title='bbox 2091 3069 2144 3122; x_wconf 91' lang='lat' dir='ltr'><strong>in</strong></span> 
     </span>
    </p>
   </div>
   <div class='ocr_carea' id='block_1_45' title="bbox 2236 1955 3784 2035">
    <p class='ocr_par' dir='ltr' id='par_1_45' title="bbox 2236 1955 3784 2035">
     <span class='ocr_line' id='line_1_45' title="bbox 2236 1955 3784 2035; baseline -0.004 -19"><span class='ocrx_word' id='word_1_314' title='bbox 2236 1962 2696 2035; x_wconf 77' lang='grc' dir='ltr'>παραγενομένην</span> <span class='ocrx_word' id='word_1_315' title='bbox 2726 1963 2839 2023; x_wconf 84' lang='grc' dir='ltr'>τοῖς</span> <span class='ocrx_word' id='word_1_316' title='bbox 2868 1955 3380 2028; x_wconf 77' lang='grc' dir='ltr'><strong>ἐγκωμιαζομένοις</strong></span> <span class='ocrx_word' id='word_1_317' title='bbox 3446 1958 3498 2009; x_wconf 81' lang='lat' dir='ltr'><strong>oi</strong></span> <span class='ocrx_word' id='word_1_318' title='bbox 3546 1957 3784 2010; x_wconf 73' lang='grc' dir='ltr'>ἐπαινέται</span> 
     </span>
    </p>
   </div>
   <div class='ocr_carea' id='block_1_46' title="bbox 2237 2049 3787 2126">
    <p class='ocr_par' dir='ltr' id='par_1_46' title="bbox 2237 2049 3787 2126">
     <span class='ocr_line' id='line_1_46' title="bbox 2237 2049 3787 2126; baseline -0.005 -18"><span class='ocrx_word' id='word_1_319' title='bbox 2237 2055 2614 2126; x_wconf 77' lang='grc' dir='ltr'>λαμϐάνοντες</span> <span class='ocrx_word' id='word_1_320' title='bbox 2643 2054 2828 2126; x_wconf 80' lang='grc' dir='ltr'><strong>χάριν,</strong></span> <span class='ocrx_word' id='word_1_321' title='bbox 2860 2052 2936 2115; x_wconf 86' lang='grc' dir='ltr'>ὡς</span> <span class='ocrx_word' id='word_1_322' title='bbox 2964 2051 3030 2106; x_wconf 82' lang='grc' dir='ltr'>ἂν</span> <span class='ocrx_word' id='word_1_323' title='bbox 3058 2053 3092 2122; x_wconf 84' lang='grc' dir='ltr'>ἡ</span> <span class='ocrx_word' id='word_1_324' title='bbox 3126 2052 3259 2121; x_wconf 75' lang='grc' dir='ltr'>παρ’</span> <span class='ocrx_word' id='word_1_325' title='bbox 3291 2051 3523 2112; x_wconf 76' lang='grc' dir='ltr'>ἐκείνοις</span> <span class='ocrx_word' id='word_1_326' title='bbox 3553 2049 3787 2120; x_wconf 76' lang='grc' dir='ltr'>ἐξαρκέσῃ</span> 
     </span>
    </p>
   </div>
   <div class='ocr_carea' id='block_1_47' title="bbox 2239 2144 3787 2221">
    <p class='ocr_par' dir='ltr' id='par_1_47' title="bbox 2239 2144 3787 2221">
     <span class='ocr_line' id='line_1_47' title="bbox 2239 2144 3787 2221; baseline -0.004 -18"><span class='ocrx_word' id='word_1_327' title='bbox 2239 2149 2639 2221; x_wconf 79' lang='grc' dir='ltr'>ὲμμελετήριος</span> <span class='ocrx_word' id='word_1_328' title='bbox 2703 2148 2970 2218; x_wconf 91' lang='grc' dir='ltr'>δύναμις,</span> <span class='ocrx_word' id='word_1_329' title='bbox 3027 2144 3268 2216; x_wconf 77' lang='grc' dir='ltr'>ἐξαίρειν</span> <span class='ocrx_word' id='word_1_330' title='bbox 3319 2144 3526 2213; x_wconf 81' lang='grc' dir='ltr'>μᾶλλον</span> <span class='ocrx_word' id='word_1_331' title='bbox 3580 2145 3704 2215; x_wconf 82' lang='grc' dir='ltr'>πρὸς</span> <span class='ocrx_word' id='word_1_332' title='bbox 3740 2145 3787 2197; x_wconf 71' lang='grc' dir='ltr'><strong>τὸ</strong></span> 
     </span>
    </p>
   </div>
   <div class='ocr_carea' id='block_1_48' title="bbox 2243 2235 3787 2311">
    <p class='ocr_par' dir='ltr' id='par_1_48' title="bbox 2243 2235 3787 2311">
     <span class='ocr_line' id='line_1_48' title="bbox 2243 2235 3787 2311; baseline -0.005 -17"><span class='ocrx_word' id='word_1_333' title='bbox 2243 2239 2697 2311; x_wconf 82' lang='grc' dir='ltr'>θαυμασιώτερον</span> <span class='ocrx_word' id='word_1_334' title='bbox 2716 2238 2786 2293; x_wconf 73' lang='grc' dir='ltr'>τὰ</span> <span class='ocrx_word' id='word_1_335' title='bbox 2812 2235 3144 2309; x_wconf 76' lang='grc' dir='ltr'>προτεθέντα</span> <span class='ocrx_word' id='word_1_336' title='bbox 3172 2235 3500 2307; x_wconf 83' lang='grc' dir='ltr'>πειρῶνται,</span> <span class='ocrx_word' id='word_1_337' title='bbox 3525 2235 3554 2304; x_wconf 70' lang='grc' dir='ltr'>ἢ</span> <span class='ocrx_word' id='word_1_338' title='bbox 3576 2238 3661 2288; x_wconf 76' lang='grc' dir='ltr'>καὶ</span> <span class='ocrx_word' id='word_1_339' title='bbox 3682 2251 3787 2288; x_wconf 84' lang='grc' dir='ltr'>κατ-</span> 
     </span>
    </p>
   </div>
   <div class='ocr_carea' id='block_1_49' title="bbox 2241 2321 3787 2402">
    <p class='ocr_par' dir='ltr' id='par_1_49' title="bbox 2241 2321 3787 2402">
     <span class='ocr_line' id='line_1_49' title="bbox 2241 2321 3787 2402; baseline -0.005 -15"><span class='ocrx_word' id='word_1_340' title='bbox 2241 2332 2471 2401; x_wconf 86' lang='grc' dir='ltr'>άλληλον</span> <span class='ocrx_word' id='word_1_341' title='bbox 2500 2332 2684 2394; x_wconf 83' lang='grc' dir='ltr'>αὐτοῖς</span> <span class='ocrx_word' id='word_1_342' title='bbox 2741 2330 2849 2402; x_wconf 79' lang='grc' dir='ltr'>τὴν</span> <span class='ocrx_word' id='word_1_343' title='bbox 2877 2330 3037 2394; x_wconf 83' lang='grc' dir='ltr'>δόξαν</span> <span class='ocrx_word' id='word_1_344' title='bbox 3069 2327 3524 2399; x_wconf 70' lang='grc' dir='ltr'>περιποιοῦνται·</span> <span class='ocrx_word' id='word_1_345' title='bbox 3560 2321 3629 2383; x_wconf 82' lang='grc' dir='ltr'><strong>ὧν</strong></span> <span class='ocrx_word' id='word_1_346' title='bbox 3663 2327 3719 2399; x_wconf 78' lang='grc' dir='ltr'>δὴ</span> <span class='ocrx_word' id='word_1_347' title='bbox 3737 2327 3787 2379; x_wconf 64' lang='grc' dir='ltr'>τὰ</span> 
     </span>
    </p>
   </div>
   <div class='ocr_carea' id='block_1_50' title="bbox 2242 2421 3789 2496">
    <p class='ocr_par' dir='ltr' id='par_1_50' title="bbox 2242 2421 3789 2496">
     <span class='ocr_line' id='line_1_50' title="bbox 2242 2421 3789 2496; baseline -0.005 -15"><span class='ocrx_word' id='word_1_348' title='bbox 2242 2425 2649 2496; x_wconf 84' lang='grc' dir='ltr'>κατορθώματα</span> <span class='ocrx_word' id='word_1_349' title='bbox 2680 2423 2931 2488; x_wconf 84' lang='grc' dir='ltr'>δικαίων,</span> <span class='ocrx_word' id='word_1_350' title='bbox 2964 2424 2997 2494; x_wconf 79' lang='grc' dir='ltr'><strong>ὴ</strong></span> <span class='ocrx_word' id='word_1_351' title='bbox 3030 2421 3174 2492; x_wconf 72' lang='grc' dir='ltr'>ὑπὲρ</span> <span class='ocrx_word' id='word_1_352' title='bbox 3200 2421 3415 2474; x_wconf 79' lang='grc' dir='ltr'>ἔννοιαν</span> <span class='ocrx_word' id='word_1_353' title='bbox 3453 2421 3789 2490; x_wconf 77' lang='grc' dir='ltr'>μεγαλοδωρεὰ</span> 
     </span>
    </p>
   </div>
   <div class='ocr_carea' id='block_1_51' title="bbox 2242 2510 3790 2585">
    <p class='ocr_par' dir='ltr' id='par_1_51' title="bbox 2242 2510 3790 2585">
     <span class='ocr_line' id='line_1_51' title="bbox 2242 2510 3790 2585; baseline -0.005 -15"><span class='ocrx_word' id='word_1_354' title='bbox 2242 2516 2626 2580; x_wconf 75' lang='grc' dir='ltr'>διασαλπίζει,</span> <span class='ocrx_word' id='word_1_355' title='bbox 2665 2514 2751 2577; x_wconf 87' lang='grc' dir='ltr'><strong>τίς</strong></span> <span class='ocrx_word' id='word_1_356' title='bbox 2780 2515 2846 2568; x_wconf 85' lang='grc' dir='ltr'>ἂν</span> <span class='ocrx_word' id='word_1_357' title='bbox 2881 2514 3283 2585; x_wconf 80' lang='grc' dir='ltr'>ἒγκωμιαστὼν</span> <span class='ocrx_word' id='word_1_358' title='bbox 3316 2513 3578 2579; x_wconf 70' lang='grc' dir='ltr'>ἐπίδειξις</span> <span class='ocrx_word' id='word_1_359' title='bbox 3612 2510 3790 2581; x_wconf 54' lang='lat' dir='ltr'><strong>{etiam</strong></span> 
     </span>
    </p>
   </div>
   <div class='ocr_carea' id='block_1_52' title="bbox 2244 2603 3787 2676">
    <p class='ocr_par' dir='ltr' id='par_1_52' title="bbox 2244 2603 3787 2676">
     <span class='ocr_line' id='line_1_52' title="bbox 2244 2603 3787 2676; baseline -0.003 -16"><span class='ocrx_word' id='word_1_360' title='bbox 2244 2605 2343 2671; x_wconf 82' lang='grc' dir='ltr'><strong>Τίς</strong></span> <span class='ocrx_word' id='word_1_361' title='bbox 2392 2606 2697 2676; x_wconf 79' lang='grc' dir='ltr'>παράδοξος</span> <span class='ocrx_word' id='word_1_362' title='bbox 2736 2605 2846 2660; x_wconf 82' lang='grc' dir='ltr'><strong>τῶν</strong></span> <span class='ocrx_word' id='word_1_363' title='bbox 2886 2605 3346 2675; x_wconf 76' lang='grc' dir='ltr'>παραδοξοτάτων</span> <span class='ocrx_word' id='word_1_364' title='bbox 3393 2605 3462 2658; x_wconf 83' lang='grc' dir='ltr'>ἂν</span> <span class='ocrx_word' id='word_1_365' title='bbox 3515 2603 3787 2673; x_wconf 75' lang='grc' dir='ltr'>ἐφευρεθείη</span> 
     </span>
    </p>
   </div>
   <div class='ocr_carea' id='block_1_53' title="bbox 2245 2697 3789 2772">
    <p class='ocr_par' dir='ltr' id='par_1_53' title="bbox 2245 2697 3789 2772">
     <span class='ocr_line' id='line_1_53' title="bbox 2245 2697 3789 2772; baseline -0.005 -18"><span class='ocrx_word' id='word_1_366' title='bbox 2245 2702 2379 2772; x_wconf 79' lang='grc' dir='ltr'>τιμή</span> <span class='ocrx_word' id='word_1_367' title='bbox 2405 2718 2420 2767; x_wconf 88' lang='grc'>;</span> <span class='ocrx_word' id='word_1_368' title='bbox 2448 2700 2513 2753; x_wconf 90' lang='grc' dir='ltr'><strong>Τί</strong></span> <span class='ocrx_word' id='word_1_369' title='bbox 2548 2701 2659 2770; x_wconf 77' lang='grc' dir='ltr'>γὰρ</span> <span class='ocrx_word' id='word_1_370' title='bbox 2682 2700 2926 2752; x_wconf 78' lang='grc' dir='ltr'>τοιοῦτον</span> <span class='ocrx_word' id='word_1_371' title='bbox 2964 2701 3023 2752; x_wconf 81' lang='grc' dir='ltr'>ὲν</span> <span class='ocrx_word' id='word_1_372' title='bbox 3061 2701 3174 2762; x_wconf 82' lang='grc' dir='ltr'>τοῖς</span> <span class='ocrx_word' id='word_1_373' title='bbox 3206 2697 3302 2751; x_wconf 82' lang='grc' dir='ltr'><strong>ἀπ’</strong></span> <span class='ocrx_word' id='word_1_374' title='bbox 3331 2699 3530 2759; x_wconf 76' lang='grc' dir='ltr'>αἰῶνος</span> <span class='ocrx_word' id='word_1_375' title='bbox 3560 2698 3623 2750; x_wconf 79' lang='grc' dir='ltr'>ἂν</span> <span class='ocrx_word' id='word_1_376' title='bbox 3648 2697 3789 2765; x_wconf 76' lang='grc' dir='ltr'>ἐννοηο</span> 
     </span>
    </p>
   </div>
   <div class='ocr_carea' id='block_1_54' title="bbox 2247 2786 3788 2863">
    <p class='ocr_par' dir='ltr' id='par_1_54' title="bbox 2247 2786 3788 2863">
     <span class='ocr_line' id='line_1_54' title="bbox 2247 2786 3788 2863; baseline -0.004 -17"><span class='ocrx_word' id='word_1_377' title='bbox 2247 2792 2400 2863; x_wconf 86' lang='grc' dir='ltr'>θείη,</span> <span class='ocrx_word' id='word_1_378' title='bbox 2435 2786 2575 2860; x_wconf 83' lang='grc' dir='ltr'>ὅπερ</span> <span class='ocrx_word' id='word_1_379' title='bbox 2624 2792 2896 2862; x_wconf 65' lang='grc' dir='ltr'>ἀναλογία</span> <span class='ocrx_word' id='word_1_380' title='bbox 2936 2791 3030 2845; x_wconf 77' lang='grc' dir='ltr'><strong>τὸν</strong></span> <span class='ocrx_word' id='word_1_381' title='bbox 3072 2790 3296 2844; x_wconf 75' lang='grc' dir='ltr'>ἔπαινον</span> <span class='ocrx_word' id='word_1_382' title='bbox 3329 2791 3788 2862; x_wconf 70' lang='grc' dir='ltr'>χεῳαγωγήσειεν;</span> 
     </span>
    </p>
   </div>
   <div class='ocr_carea' id='block_1_55' title="bbox 2260 2883 3791 2955">
    <p class='ocr_par' dir='ltr' id='par_1_55' title="bbox 2260 2883 3791 2955">
     <span class='ocr_line' id='line_1_55' title="bbox 2260 2883 3791 2955; baseline -0.005 -15"><span class='ocrx_word' id='word_1_383' title='bbox 2260 2885 2609 2954; x_wconf 75' lang='grc' dir='ltr'>’Λναλογίζου</span> <span class='ocrx_word' id='word_1_384' title='bbox 2641 2901 2731 2955; x_wconf 90' lang='grc' dir='ltr'><strong>μοι</strong></span> <span class='ocrx_word' id='word_1_385' title='bbox 2762 2885 2861 2955; x_wconf 85' lang='grc' dir='ltr'>τὴν</span> <span class='ocrx_word' id='word_1_386' title='bbox 2889 2884 2997 2936; x_wconf 81' lang='grc' dir='ltr'><strong>τῶν</strong></span> <span class='ocrx_word' id='word_1_387' title='bbox 3024 2883 3249 2937; x_wconf 87' lang='grc' dir='ltr'>δικαίων</span> <span class='ocrx_word' id='word_1_388' title='bbox 3279 2885 3538 2939; x_wconf 72' lang='grc' dir='ltr'>ἁπάντων</span> <span class='ocrx_word' id='word_1_389' title='bbox 3569 2884 3656 2937; x_wconf 77' lang='grc' dir='ltr'>καὶ</span> <span class='ocrx_word' id='word_1_390' title='bbox 3688 2897 3791 2952; x_wconf 78' lang='grc' dir='ltr'>προ-</span> 
     </span>
    </p>
   </div>
   <div class='ocr_carea' id='block_1_56' title="bbox 2247 2973 3790 3048">
    <p class='ocr_par' dir='ltr' id='par_1_56' title="bbox 2247 2973 3790 3048">
     <span class='ocr_line' id='line_1_56' title="bbox 2247 2973 3790 3048; baseline -0.003 -18"><span class='ocrx_word' id='word_1_391' title='bbox 2247 2977 2435 3048; x_wconf 83' lang='grc' dir='ltr'>φητῶν</span> <span class='ocrx_word' id='word_1_392' title='bbox 2474 2976 2741 3045; x_wconf 80' lang='grc' dir='ltr'>ἐκλογὴν,</span> <span class='ocrx_word' id='word_1_393' title='bbox 2786 2977 2890 3046; x_wconf 83' lang='grc' dir='ltr'><strong>τήν</strong></span> <span class='ocrx_word' id='word_1_394' title='bbox 2922 2992 2983 3028; x_wconf 90' lang='grc' dir='ltr'><strong>τε</strong></span> <span class='ocrx_word' id='word_1_395' title='bbox 3014 2976 3153 3044; x_wconf 76' lang='grc' dir='ltr'>πρὸς</span> <span class='ocrx_word' id='word_1_396' title='bbox 3178 2975 3270 3028; x_wconf 75' lang='grc' dir='ltr'>τὸν</span> <span class='ocrx_word' id='word_1_397' title='bbox 3306 2975 3660 3043; x_wconf 78' lang='grc' dir='ltr'>ἐκλεξάμενον</span> <span class='ocrx_word' id='word_1_398' title='bbox 3688 2973 3790 3027; x_wconf 55' lang='grc' dir='ltr'>θεον</span> 
     </span>
    </p>
   </div>
   <div class='ocr_carea' id='block_1_57' title="bbox 2248 3065 3791 3140">
    <p class='ocr_par' dir='ltr' id='par_1_57' title="bbox 2248 3065 3791 3140">
     <span class='ocr_line' id='line_1_57' title="bbox 2248 3065 3791 3140; baseline -0.004 -17"><span class='ocrx_word' id='word_1_399' title='bbox 2248 3070 2585 3140; x_wconf 82' lang='grc' dir='ltr'>οἰκειότητα,</span> <span class='ocrx_word' id='word_1_400' title='bbox 2618 3069 2713 3122; x_wconf 62' lang='grc' dir='ltr'><strong>καὶ</strong></span> <span class='ocrx_word' id='word_1_401' title='bbox 2742 3068 2862 3136; x_wconf 72' lang='grc' dir='ltr'>ὄψει</span> <span class='ocrx_word' id='word_1_402' title='bbox 2886 3067 3003 3139; x_wconf 83' lang='grc' dir='ltr'><strong>τὴν·</strong></span> <span class='ocrx_word' id='word_1_403' title='bbox 3029 3068 3288 3136; x_wconf 70' lang='grc' dir='ltr'>Ἰωακεὶμ</span> <span class='ocrx_word' id='word_1_404' title='bbox 3319 3068 3418 3121; x_wconf 76' lang='grc' dir='ltr'>καὶ</span> <span class='ocrx_word' id='word_1_405' title='bbox 3446 3067 3633 3137; x_wconf 78' lang='grc' dir='ltr'>Ἀννης</span> <span class='ocrx_word' id='word_1_406' title='bbox 3658 3065 3791 3132; x_wconf 83' lang='grc' dir='ltr'>ἀσύγ-</span> 
     </span>
    </p>
   </div>
   <div class='ocr_carea' id='block_1_58' title="bbox 565 3156 2146 3237">
    <p class='ocr_par' dir='ltr' id='par_1_58' title="bbox 565 3160 2146 3233">
     <span class='ocr_line' id='line_1_58' title="bbox 565 3160 2146 3233; baseline -0.004 -14"><span class='ocrx_word' id='word_1_407' title='bbox 565 3165 731 3219; x_wconf 89' lang='lat' dir='ltr'><strong>Deum</strong></span> <span class='ocrx_word' id='word_1_408' title='bbox 758 3162 1071 3233; x_wconf 86' lang='lat' dir='ltr'><strong>eligentem,</strong></span> <span class='ocrx_word' id='word_1_409' title='bbox 1107 3160 1567 3215; x_wconf 86' lang='lat' dir='ltr'><strong>necessitudinem</strong></span> <span class='ocrx_word' id='word_1_410' title='bbox 1603 3162 1799 3230; x_wconf 84' lang='lat' dir='ltr'><strong>cogita,</strong></span> <span class='ocrx_word' id='word_1_411' title='bbox 1831 3160 2146 3228; x_wconf 87' lang='lat' dir='ltr'><strong>videbisque</strong></span> 
     </span>
    </p>
   </div>
   <div class='ocr_carea' id='block_1_59' title="bbox 2246 3156 3791 3237">
    <p class='ocr_par' dir='ltr' id='par_1_59' title="bbox 2250 3156 3791 3235">
     <span class='ocr_line' id='line_1_59' title="bbox 2250 3156 3791 3235; baseline -0.005 -18"><span class='ocrx_word' id='word_1_412' title='bbox 2250 3180 2437 3235; x_wconf 87' lang='grc' dir='ltr'>κριτον</span> <span class='ocrx_word' id='word_1_413' title='bbox 2475 3161 2753 3232; x_wconf 81' lang='grc' dir='ltr'>ὑπεροχήν</span> <span class='ocrx_word' id='word_1_414' title='bbox 2778 3176 2793 3190; x_wconf 85' lang='grc'><strong>·</strong></span> <span class='ocrx_word' id='word_1_415' title='bbox 2829 3160 2952 3230; x_wconf 69' lang='grc' dir='ltr'>ὄψει</span> <span class='ocrx_word' id='word_1_416' title='bbox 2997 3160 3059 3214; x_wconf 75' lang='grc' dir='ltr'><strong>τὸ</strong></span> <span class='ocrx_word' id='word_1_417' title='bbox 3096 3156 3236 3233; x_wconf 74' lang='grc' dir='ltr'>ὑπὲρ</span> <span class='ocrx_word' id='word_1_418' title='bbox 3281 3161 3498 3215; x_wconf 79' lang='grc' dir='ltr'>ἔννοιαν</span> <span class='ocrx_word' id='word_1_419' title='bbox 3531 3160 3694 3214; x_wconf 77' lang='grc' dir='ltr'>αὐτῶν</span> <span class='ocrx_word' id='word_1_420' title='bbox 3720 3158 3791 3211; x_wconf 76' lang='grc' dir='ltr'>καὶ</span> 
     </span>
    </p>
   </div>
   <div class='ocr_carea' id='block_1_60' title="bbox 562 3239 2144 3323">
    <p class='ocr_par' dir='ltr' id='par_1_60' title="bbox 562 3239 2144 3323">
     <span class='ocr_line' id='line_1_60' title="bbox 562 3239 2144 3323; baseline -0.006 -10"><span class='ocrx_word' id='word_1_421' title='bbox 562 3258 807 3314; x_wconf 82' lang='lat' dir='ltr'><strong>Joachitn</strong></span> <span class='ocrx_word' id='word_1_422' title='bbox 849 3267 904 3311; x_wconf 93' lang='lat' dir='ltr'><strong>et</strong></span> <span class='ocrx_word' id='word_1_423' title='bbox 950 3257 1121 3309; x_wconf 61' lang='lat' dir='ltr'><strong>Annae</strong></span> <span class='ocrx_word' id='word_1_424' title='bbox 1174 3252 1658 3323; x_wconf 84' lang='lat' dir='ltr'><strong>incomparabilem</strong></span> <span class='ocrx_word' id='word_1_425' title='bbox 1709 3239 2091 3307; x_wconf 73' lang='lat' dir='ltr'><strong>excellentiam</strong></span> <span class='ocrx_word' id='word_1_426' title='bbox 2128 3268 2144 3305; x_wconf 88' lang='lat'><strong>:</strong></span> 
     </span>
    </p>
   </div>
   <div class='ocr_carea' id='block_1_61' title="bbox 564 3343 2147 3418">
    <p class='ocr_par' dir='ltr' id='par_1_61' title="bbox 564 3343 2147 3418">
     <span class='ocr_line' id='line_1_61' title="bbox 564 3343 2147 3418; baseline -0.003 -17"><span class='ocrx_word' id='word_1_427' title='bbox 564 3350 777 3405; x_wconf 83' lang='lat' dir='ltr'><strong>videbis</strong></span> <span class='ocrx_word' id='word_1_428' title='bbox 801 3363 990 3403; x_wconf 91' lang='lat' dir='ltr'><strong>eorum</strong></span> <span class='ocrx_word' id='word_1_429' title='bbox 1023 3346 1286 3418; x_wconf 89' lang='lat' dir='ltr'><strong>majorem</strong></span> <span class='ocrx_word' id='word_1_430' title='bbox 1319 3345 1558 3414; x_wconf 86' lang='lat' dir='ltr'><strong>cogitatu</strong></span> <span class='ocrx_word' id='word_1_431' title='bbox 1585 3345 1924 3415; x_wconf 87' lang='lat' dir='ltr'><strong>dignitatem,</strong></span> <span class='ocrx_word' id='word_1_432' title='bbox 1956 3343 2147 3414; x_wconf 85' lang='lat' dir='ltr'><strong>majori</strong></span> 
     </span>
    </p>
   </div>
   <div class='ocr_carea' id='block_1_62' title="bbox 565 3432 2149 3512">
    <p class='ocr_par' dir='ltr' id='par_1_62' title="bbox 565 3432 2149 3512">
     <span class='ocr_line' id='line_1_62' title="bbox 565 3432 2149 3512; baseline -0.003 -19"><span class='ocrx_word' id='word_1_433' title='bbox 565 3440 741 3512; x_wconf 89' lang='lat' dir='ltr'><strong>pretio</strong></span> <span class='ocrx_word' id='word_1_434' title='bbox 798 3438 1073 3505; x_wconf 89' lang='lat' dir='ltr'><strong>habitam,</strong></span> <span class='ocrx_word' id='word_1_435' title='bbox 1123 3451 1188 3490; x_wconf 89' lang='lat' dir='ltr'><strong>ac</strong></span> <span class='ocrx_word' id='word_1_436' title='bbox 1239 3435 1492 3507; x_wconf 88' lang='lat' dir='ltr'><strong>ampliori</strong></span> <span class='ocrx_word' id='word_1_437' title='bbox 1548 3434 1716 3505; x_wconf 80' lang='lat' dir='ltr'><strong>gloria</strong></span> <span class='ocrx_word' id='word_1_438' title='bbox 1751 3443 1988 3490; x_wconf 82' lang='lat' dir='ltr'><strong>auctam.</strong></span> <span class='ocrx_word' id='word_1_439' title='bbox 2040 3432 2149 3489; x_wconf 89' lang='lat' dir='ltr'><strong>llos</strong></span> 
     </span>
    </p>
   </div>
   <div class='ocr_carea' id='block_1_63' title="bbox 568 3524 2150 3600">
    <p class='ocr_par' dir='ltr' id='par_1_63' title="bbox 568 3524 2150 3600">
     <span class='ocr_line' id='line_1_63' title="bbox 568 3524 2150 3600; baseline -0.004 -17"><span class='ocrx_word' id='word_1_440' title='bbox 568 3530 768 3600; x_wconf 83' lang='lat' dir='ltr'><strong>quippe</strong></span> <span class='ocrx_word' id='word_1_441' title='bbox 822 3538 1035 3582; x_wconf 88' lang='lat' dir='ltr'><strong>creator</strong></span> <span class='ocrx_word' id='word_1_442' title='bbox 1088 3527 1231 3582; x_wconf 89' lang='lat' dir='ltr'><strong>Deus</strong></span> <span class='ocrx_word' id='word_1_443' title='bbox 1269 3526 1335 3580; x_wconf 92' lang='lat' dir='ltr'><strong>ad</strong></span> <span class='ocrx_word' id='word_1_444' title='bbox 1377 3526 1562 3579; x_wconf 88' lang='lat' dir='ltr'><strong>mundi</strong></span> <span class='ocrx_word' id='word_1_445' title='bbox 1597 3524 1827 3580; x_wconf 88' lang='lat' dir='ltr'><strong>velerati</strong></span> <span class='ocrx_word' id='word_1_446' title='bbox 1866 3525 2019 3595; x_wconf 86' lang='lat' dir='ltr'><strong>eligit</strong></span> <span class='ocrx_word' id='word_1_447' title='bbox 2063 3524 2150 3578; x_wconf 93' lang='lat' dir='ltr'><strong>in-</strong></span> 
     </span>
    </p>
   </div>
   <div class='ocr_carea' id='block_1_64' title="bbox 565 3618 2150 3688">
    <p class='ocr_par' dir='ltr' id='par_1_64' title="bbox 565 3618 2150 3688">
     <span class='ocr_line' id='line_1_64' title="bbox 565 3618 2150 3688; baseline -0.004 -9"><span class='ocrx_word' id='word_1_448' title='bbox 565 3623 962 3679; x_wconf 76' lang='lat' dir='ltr'><strong>Staurationem</strong></span> <span class='ocrx_word' id='word_1_449' title='bbox 987 3638 1000 3674; x_wconf 91' lang='lat'><strong>:</strong></span> <span class='ocrx_word' id='word_1_450' title='bbox 1028 3636 1093 3675; x_wconf 80' lang='lat' dir='ltr'><strong>ex</strong></span> <span class='ocrx_word' id='word_1_451' title='bbox 1121 3620 1187 3674; x_wconf 90' lang='lat' dir='ltr'><strong>iis</strong></span> <span class='ocrx_word' id='word_1_452' title='bbox 1216 3628 1444 3674; x_wconf 87' lang='lat' dir='ltr'><strong>matrem</strong></span> <span class='ocrx_word' id='word_1_453' title='bbox 1471 3618 1689 3688; x_wconf 89' lang='lat' dir='ltr'><strong>accipit,</strong></span> <span class='ocrx_word' id='word_1_454' title='bbox 1722 3634 1789 3674; x_wconf 81' lang='lat' dir='ltr'><strong>ex</strong></span> <span class='ocrx_word' id='word_1_455' title='bbox 1822 3633 1925 3688; x_wconf 91' lang='lat' dir='ltr'><strong>qua</strong></span> <span class='ocrx_word' id='word_1_456' title='bbox 1955 3633 2150 3674; x_wconf 86' lang='lat' dir='ltr'><strong>novam</strong></span> 
     </span>
    </p>
   </div>
   <div class='ocr_carea' id='block_1_65' title="bbox 571 3709 2152 3780">
    <p class='ocr_par' dir='ltr' id='par_1_65' title="bbox 571 3709 2152 3780">
     <span class='ocr_line' id='line_1_65' title="bbox 571 3709 2152 3780; baseline -0.003 -14"><span class='ocrx_word' id='word_1_457' title='bbox 571 3714 846 3767; x_wconf 77' lang='lat' dir='ltr'><strong>tit-tionem</strong></span> <span class='ocrx_word' id='word_1_458' title='bbox 908 3712 1192 3779; x_wconf 83' lang='lat' dir='ltr'><strong>providere</strong></span> <span class='ocrx_word' id='word_1_459' title='bbox 1231 3710 1474 3765; x_wconf 83' lang='lat' dir='ltr'><strong>decrevit</strong></span> <span class='ocrx_word' id='word_1_460' title='bbox 1521 3726 1537 3764; x_wconf 88' lang='lat'><strong>:</strong></span> <span class='ocrx_word' id='word_1_461' title='bbox 1585 3724 1652 3765; x_wconf 79' lang='lat' dir='ltr'><strong>ex</strong></span> <span class='ocrx_word' id='word_1_462' title='bbox 1699 3723 1887 3764; x_wconf 88' lang='lat' dir='ltr'><strong>eorum</strong></span> <span class='ocrx_word' id='word_1_463' title='bbox 1929 3709 2152 3780; x_wconf 78' lang='lat' dir='ltr'><strong>sangui-</strong></span> 
     </span>
    </p>
   </div>
   <div class='ocr_carea' id='block_1_66' title="bbox 572 3799 2157 3871">
    <p class='ocr_par' dir='ltr' id='par_1_66' title="bbox 572 3799 2157 3871">
     <span class='ocr_line' id='line_1_66' title="bbox 572 3799 2157 3871; baseline -0.001 -14"><span class='ocrx_word' id='word_1_464' title='bbox 572 3807 753 3869; x_wconf 78' lang='lat' dir='ltr'><strong>ntbus,</strong></span> <span class='ocrx_word' id='word_1_465' title='bbox 798 3814 1053 3871; x_wconf 88' lang='lat' dir='ltr'><strong>tauquam</strong></span> <span class='ocrx_word' id='word_1_466' title='bbox 1102 3803 1307 3857; x_wconf 87' lang='lat' dir='ltr'><strong>virtute</strong></span> <span class='ocrx_word' id='word_1_467' title='bbox 1349 3799 1728 3871; x_wconf 87' lang='lat' dir='ltr'><strong>regalissimis,</strong></span> <span class='ocrx_word' id='word_1_468' title='bbox 1780 3800 2016 3871; x_wconf 86' lang='lat' dir='ltr'><strong>regalem</strong></span> <span class='ocrx_word' id='word_1_469' title='bbox 2053 3803 2157 3855; x_wconf 85' lang='lat' dir='ltr'><strong>hu-</strong></span> 
     </span>
    </p>
   </div>
   <div class='ocr_carea' id='block_1_67' title="bbox 571 3893 2156 3967">
    <p class='ocr_par' dir='ltr' id='par_1_67' title="bbox 571 3893 2156 3967">
     <span class='ocr_line' id='line_1_67' title="bbox 571 3893 2156 3967; baseline -0.002 -17"><span class='ocrx_word' id='word_1_470' title='bbox 571 3898 717 3955; x_wconf 86' lang='lat' dir='ltr'><strong>mani</strong></span> <span class='ocrx_word' id='word_1_471' title='bbox 751 3896 967 3967; x_wconf 80' lang='lat' dir='ltr'><strong>generis</strong></span> <span class='ocrx_word' id='word_1_472' title='bbox 1006 3911 1299 3965; x_wconf 89' lang='lat' dir='ltr'><strong>purpuram</strong></span> <span class='ocrx_word' id='word_1_473' title='bbox 1336 3893 1533 3949; x_wconf 88' lang='lat' dir='ltr'><strong>induit.</strong></span> <span class='ocrx_word' id='word_1_474' title='bbox 1580 3893 1655 3948; x_wconf 85' lang='lat' dir='ltr'><strong>Ea</strong></span> <span class='ocrx_word' id='word_1_475' title='bbox 1692 3909 1815 3961; x_wconf 87' lang='lat' dir='ltr'><strong>res,</strong></span> <span class='ocrx_word' id='word_1_476' title='bbox 1841 3894 2005 3962; x_wconf 87' lang='lat' dir='ltr'><strong>justis</strong></span> <span class='ocrx_word' id='word_1_477' title='bbox 2037 3909 2156 3949; x_wconf 88' lang='lat' dir='ltr'><strong>om-</strong></span> 
     </span>
    </p>
   </div>
   <div class='ocr_carea' id='block_1_68' title="bbox 573 3986 2157 4059">
    <p class='ocr_par' dir='ltr' id='par_1_68' title="bbox 573 3986 2157 4059">
     <span class='ocr_line' id='line_1_68' title="bbox 573 3986 2157 4059; baseline -0.002 -13"><span class='ocrx_word' id='word_1_478' title='bbox 573 3991 734 4046; x_wconf 89' lang='lat' dir='ltr'><strong>nibus</strong></span> <span class='ocrx_word' id='word_1_479' title='bbox 787 3990 1101 4059; x_wconf 86' lang='lat' dir='ltr'><strong>superiores</strong></span> <span class='ocrx_word' id='word_1_480' title='bbox 1156 3988 1323 4052; x_wconf 87' lang='lat' dir='ltr'><strong>facit;</strong></span> <span class='ocrx_word' id='word_1_481' title='bbox 1390 3986 1491 4041; x_wconf 89' lang='lat' dir='ltr'><strong>hoc</strong></span> <span class='ocrx_word' id='word_1_482' title='bbox 1538 4001 1724 4041; x_wconf 91' lang='lat' dir='ltr'><strong>eorum</strong></span> <span class='ocrx_word' id='word_1_483' title='bbox 1784 3987 1878 4059; x_wconf 86' lang='lat' dir='ltr'><strong>jus</strong></span> <span class='ocrx_word' id='word_1_484' title='bbox 1937 3988 2157 4043; x_wconf 88' lang='lat' dir='ltr'><strong>vincens</strong></span> 
     </span>
    </p>
   </div>
   <div class='ocr_carea' id='block_1_69' title="bbox 571 4080 2159 4149">
    <p class='ocr_par' dir='ltr' id='par_1_69' title="bbox 571 4080 2159 4149">
     <span class='ocr_line' id='line_1_69' title="bbox 571 4080 2159 4149; baseline -0.001 -10"><span class='ocrx_word' id='word_1_485' title='bbox 571 4086 829 4139; x_wconf 87' lang='lat' dir='ltr'><strong>meritum</strong></span> <span class='ocrx_word' id='word_1_486' title='bbox 875 4098 1058 4148; x_wconf 91' lang='lat' dir='ltr'><strong>omne,</strong></span> <span class='ocrx_word' id='word_1_487' title='bbox 1116 4090 1173 4134; x_wconf 93' lang='lat' dir='ltr'><strong>ut</strong></span> <span class='ocrx_word' id='word_1_488' title='bbox 1217 4095 1327 4149; x_wconf 79' lang='lat' dir='ltr'><strong>pra:</strong></span> <span class='ocrx_word' id='word_1_489' title='bbox 1380 4080 1648 4135; x_wconf 86' lang='lat' dir='ltr'><strong>universis</strong></span> <span class='ocrx_word' id='word_1_490' title='bbox 1683 4080 1879 4136; x_wconf 88' lang='lat' dir='ltr'><strong>delecti</strong></span> <span class='ocrx_word' id='word_1_491' title='bbox 1923 4082 2052 4148; x_wconf 91' lang='lat' dir='ltr'><strong>sint,</strong></span> <span class='ocrx_word' id='word_1_492' title='bbox 2095 4097 2159 4138; x_wconf 81' lang='lat' dir='ltr'><strong>ac</strong></span> 
     </span>
    </p>
   </div>
   <div class='ocr_carea' id='block_1_70' title="bbox 573 4165 2160 4246">
    <p class='ocr_par' dir='ltr' id='par_1_70' title="bbox 573 4165 2160 4246">
     <span class='ocr_line' id='line_1_70' title="bbox 573 4165 2160 4246; baseline -0.002 -14"><span class='ocrx_word' id='word_1_493' title='bbox 573 4191 814 4246; x_wconf 79' lang='lat' dir='ltr'><strong>oeagruo</strong></span> <span class='ocrx_word' id='word_1_494' title='bbox 850 4185 1096 4243; x_wconf 88' lang='lat' dir='ltr'><strong>tempore</strong></span> <span class='ocrx_word' id='word_1_495' title='bbox 1140 4174 1193 4227; x_wconf 89' lang='lat' dir='ltr'><strong>in</strong></span> <span class='ocrx_word' id='word_1_496' title='bbox 1236 4187 1418 4226; x_wconf 88' lang='lat' dir='ltr'><strong>rerum</strong></span> <span class='ocrx_word' id='word_1_497' title='bbox 1461 4165 1719 4227; x_wconf 80' lang='lat' dir='ltr'><strong>naturam</strong></span> <span class='ocrx_word' id='word_1_498' title='bbox 1756 4174 2024 4243; x_wconf 87' lang='lat' dir='ltr'><strong>producti,</strong></span> <span class='ocrx_word' id='word_1_499' title='bbox 2072 4189 2160 4229; x_wconf 86' lang='lat' dir='ltr'><strong>as-</strong></span> 
     </span>
    </p>
   </div>
   <div class='ocr_carea' id='block_1_71' title="bbox 574 4263 2159 4336">
    <p class='ocr_par' dir='ltr' id='par_1_71' title="bbox 574 4263 2159 4336">
     <span class='ocr_line' id='line_1_71' title="bbox 574 4263 2159 4336; baseline -0.001 -15"><span class='ocrx_word' id='word_1_500' title='bbox 574 4269 887 4336; x_wconf 89' lang='lat' dir='ltr'><strong>snmptiqne</strong></span> <span class='ocrx_word' id='word_1_501' title='bbox 919 4267 971 4319; x_wconf 92' lang='lat' dir='ltr'><strong>in</strong></span> <span class='ocrx_word' id='word_1_502' title='bbox 1019 4263 1264 4335; x_wconf 87' lang='lat' dir='ltr'><strong>mysterii</strong></span> <span class='ocrx_word' id='word_1_503' title='bbox 1314 4263 1498 4319; x_wconf 83' lang='lat' dir='ltr'><strong>finem.</strong></span> <span class='ocrx_word' id='word_1_504' title='bbox 1532 4264 1663 4320; x_wconf 79' lang='lat' dir='ltr'><strong>V&#39;ide</strong></span> <span class='ocrx_word' id='word_1_505' title='bbox 1701 4279 1830 4334; x_wconf 84' lang='lat' dir='ltr'><strong>ergo</strong></span> <span class='ocrx_word' id='word_1_506' title='bbox 1877 4275 1935 4320; x_wconf 91' lang='lat' dir='ltr'><strong>ut</strong></span> <span class='ocrx_word' id='word_1_507' title='bbox 1971 4279 2159 4320; x_wconf 90' lang='lat' dir='ltr'><strong>eorum</strong></span> 
     </span>
    </p>
   </div>
   <div class='ocr_carea' id='block_1_72' title="bbox 578 4353 2162 4425">
    <p class='ocr_par' dir='ltr' id='par_1_72' title="bbox 578 4353 2162 4425">
     <span class='ocr_line' id='line_1_72' title="bbox 578 4353 2162 4425; baseline -0.001 -12"><span class='ocrx_word' id='word_1_508' title='bbox 578 4370 666 4413; x_wconf 85' lang='lat' dir='ltr'><strong>res</strong></span> <span class='ocrx_word' id='word_1_509' title='bbox 724 4371 940 4410; x_wconf 87' lang='lat' dir='ltr'><strong>omnem</strong></span> <span class='ocrx_word' id='word_1_510' title='bbox 972 4355 1131 4425; x_wconf 89' lang='lat' dir='ltr'><strong>plane</strong></span> <span class='ocrx_word' id='word_1_511' title='bbox 1152 4353 1612 4423; x_wconf 85' lang='lat' dir='ltr'><strong>comparationem</strong></span> <span class='ocrx_word' id='word_1_512' title='bbox 1635 4353 1864 4425; x_wconf 81' lang='lat' dir='ltr'><strong>fugiant.</strong></span> <span class='ocrx_word' id='word_1_513' title='bbox 1894 4354 2007 4411; x_wconf 82' lang='lat' dir='ltr'><strong>Nec</strong></span> <span class='ocrx_word' id='word_1_514' title='bbox 2030 4369 2162 4411; x_wconf 86' lang='lat' dir='ltr'><strong>vero</strong></span> 
     </span>
    </p>
   </div>
   <div class='ocr_carea' id='block_1_73' title="bbox 579 4434 2163 4517">
    <p class='ocr_par' dir='ltr' id='par_1_73' title="bbox 579 4434 2163 4517">
     <span class='ocr_line' id='line_1_73' title="bbox 579 4434 2163 4517; baseline 0 -15"><span class='ocrx_word' id='word_1_515' title='bbox 579 4448 777 4512; x_wconf 86' lang='lat' dir='ltr'><strong>verba,</strong></span> <span class='ocrx_word' id='word_1_516' title='bbox 821 4447 915 4502; x_wconf 88' lang='lat' dir='ltr'><strong>sed</strong></span> <span class='ocrx_word' id='word_1_517' title='bbox 953 4434 1093 4517; x_wconf 78' lang='lat' dir='ltr'><strong>ipsae</strong></span> <span class='ocrx_word' id='word_1_518' title='bbox 1133 4462 1219 4501; x_wconf 88' lang='lat' dir='ltr'><strong>res</strong></span> <span class='ocrx_word' id='word_1_519' title='bbox 1246 4446 1507 4516; x_wconf 82' lang='lat' dir='ltr'><strong>subjectae</strong></span> <span class='ocrx_word' id='word_1_520' title='bbox 1544 4449 1685 4504; x_wconf 87' lang='lat' dir='ltr'><strong>istud</strong></span> <span class='ocrx_word' id='word_1_521' title='bbox 1717 4463 1813 4503; x_wconf 86' lang='lat' dir='ltr'><strong>ceu</strong></span> <span class='ocrx_word' id='word_1_522' title='bbox 1856 4449 1985 4502; x_wconf 89' lang='lat' dir='ltr'><strong>tuba</strong></span> <span class='ocrx_word' id='word_1_523' title='bbox 2017 4448 2163 4503; x_wconf 88' lang='lat' dir='ltr'><strong>clan-</strong></span> 
     </span>
    </p>
   </div>
   <div class='ocr_carea' id='block_1_74' title="bbox 2250 3253 3791 3326">
    <p class='ocr_par' dir='ltr' id='par_1_74' title="bbox 2250 3253 3791 3326">
     <span class='ocr_line' id='line_1_74' title="bbox 2250 3253 3791 3326; baseline -0.002 -19"><span class='ocrx_word' id='word_1_524' title='bbox 2250 3253 2727 3326; x_wconf 80' lang='grc' dir='ltr'>προτετιμημένον</span> <span class='ocrx_word' id='word_1_525' title='bbox 2760 3253 2858 3306; x_wconf 80' lang='grc' dir='ltr'>καὶ</span> <span class='ocrx_word' id='word_1_526' title='bbox 2890 3253 3284 3322; x_wconf 81' lang='grc' dir='ltr'>δεδοξασμένον</span> <span class='ocrx_word' id='word_1_527' title='bbox 3318 3254 3561 3325; x_wconf 81' lang='grc' dir='ltr'>ἀξίωμα.</span> <span class='ocrx_word' id='word_1_528' title='bbox 3599 3253 3791 3312; x_wconf 77' lang='grc' dir='ltr'>Τούτους</span> 
     </span>
    </p>
   </div>
   <div class='ocr_carea' id='block_1_75' title="bbox 2250 3345 3790 3419">
    <p class='ocr_par' dir='ltr' id='par_1_75' title="bbox 2250 3345 3790 3419">
     <span class='ocr_line' id='line_1_75' title="bbox 2250 3345 3790 3419; baseline -0.005 -19"><span class='ocrx_word' id='word_1_529' title='bbox 2250 3347 2362 3417; x_wconf 76' lang='grc' dir='ltr'>γὰρ</span> <span class='ocrx_word' id='word_1_530' title='bbox 2392 3349 2420 3400; x_wconf 84' lang='grc' dir='ltr'><strong>ό</strong></span> <span class='ocrx_word' id='word_1_531' title='bbox 2452 3345 2800 3419; x_wconf 73' lang='grc' dir='ltr'>Δημιουργὺς</span> <span class='ocrx_word' id='word_1_532' title='bbox 2828 3346 2910 3409; x_wconf 74' lang='grc' dir='ltr'>εἰς</span> <span class='ocrx_word' id='word_1_533' title='bbox 2934 3346 3035 3415; x_wconf 82' lang='grc' dir='ltr'><strong>τὴν</strong></span> <span class='ocrx_word' id='word_1_534' title='bbox 3057 3347 3152 3400; x_wconf 79' lang='grc' dir='ltr'><strong>τοῦ</strong></span> <span class='ocrx_word' id='word_1_535' title='bbox 3192 3347 3597 3409; x_wconf 73' lang='grc' dir='ltr'>παλαιωθέντος</span> <span class='ocrx_word' id='word_1_536' title='bbox 3627 3345 3790 3412; x_wconf 80' lang='grc' dir='ltr'>κόσμον</span> 
     </span>
    </p>
   </div>
   <div class='ocr_carea' id='block_1_76' title="bbox 2251 3430 3791 3511">
    <p class='ocr_par' dir='ltr' id='par_1_76' title="bbox 2251 3430 3791 3511">
     <span class='ocr_line' id='line_1_76' title="bbox 2251 3430 3791 3511; baseline -0.006 -17"><span class='ocrx_word' id='word_1_537' title='bbox 2251 3439 2634 3508; x_wconf 83' lang='grc' dir='ltr'>καινοποίησιν</span> <span class='ocrx_word' id='word_1_538' title='bbox 2672 3438 2960 3511; x_wconf 83' lang='grc' dir='ltr'>ὲκλέλεχεν</span> <span class='ocrx_word' id='word_1_539' title='bbox 2984 3458 2997 3472; x_wconf 78' lang='grc' dir='ltr'><strong>ο</strong></span> <span class='ocrx_word' id='word_1_540' title='bbox 3046 3440 3110 3492; x_wconf 82' lang='grc' dir='ltr'>ὲκ</span> <span class='ocrx_word' id='word_1_541' title='bbox 3153 3438 3364 3491; x_wconf 86' lang='grc' dir='ltr'>τούτων</span> <span class='ocrx_word' id='word_1_542' title='bbox 3408 3438 3507 3509; x_wconf 77' lang='grc' dir='ltr'>τὴν</span> <span class='ocrx_word' id='word_1_543' title='bbox 3538 3438 3602 3492; x_wconf 71' lang='grc' dir='ltr'>δι’</span> <span class='ocrx_word' id='word_1_544' title='bbox 3628 3430 3688 3509; x_wconf 83' lang='grc' dir='ltr'>ἦς</span> <span class='ocrx_word' id='word_1_545' title='bbox 3718 3434 3791 3504; x_wconf 75' lang='grc' dir='ltr'>τὴν</span> 
     </span>
    </p>
   </div>
   <div class='ocr_carea' id='block_1_77' title="bbox 2252 3529 3790 3604">
    <p class='ocr_par' dir='ltr' id='par_1_77' title="bbox 2252 3529 3790 3604">
     <span class='ocr_line' id='line_1_77' title="bbox 2252 3529 3790 3604; baseline -0.005 -17"><span class='ocrx_word' id='word_1_546' title='bbox 2252 3534 2382 3587; x_wconf 84' lang='grc' dir='ltr'>νέαν</span> <span class='ocrx_word' id='word_1_547' title='bbox 2413 3532 2692 3604; x_wconf 76' lang='grc' dir='ltr'>ἠϐουλήθη</span> <span class='ocrx_word' id='word_1_548' title='bbox 2724 3530 3134 3603; x_wconf 74' lang='grc' dir='ltr'>προνοήσασθαι</span> <span class='ocrx_word' id='word_1_549' title='bbox 3171 3531 3470 3585; x_wconf 76' lang='grc' dir='ltr'>διάπλασιν</span> <span class='ocrx_word' id='word_1_550' title='bbox 3490 3570 3504 3595; x_wconf 92' lang='grc'><strong>,</strong></span> <span class='ocrx_word' id='word_1_551' title='bbox 3546 3529 3790 3599; x_wconf 77' lang='grc' dir='ltr'>παραλαμ-</span> 
     </span>
    </p>
   </div>
   <div class='ocr_carea' id='block_1_78' title="bbox 2254 3618 3791 3694">
    <p class='ocr_par' dir='ltr' id='par_1_78' title="bbox 2254 3618 3791 3694">
     <span class='ocr_line' id='line_1_78' title="bbox 2254 3618 3791 3694; baseline -0.008 -15"><span class='ocrx_word' id='word_1_552' title='bbox 2254 3624 2409 3679; x_wconf 84' lang='grc' dir='ltr'>ϐάνει</span> <span class='ocrx_word' id='word_1_553' title='bbox 2441 3623 2658 3694; x_wconf 81' lang='grc' dir='ltr'>μητέρα</span> <span class='ocrx_word' id='word_1_554' title='bbox 2677 3663 2693 3689; x_wconf 87' lang='grc'><strong>,</strong></span> <span class='ocrx_word' id='word_1_555' title='bbox 2729 3625 2794 3676; x_wconf 80' lang='grc' dir='ltr'>ἐκ</span> <span class='ocrx_word' id='word_1_556' title='bbox 2821 3620 2930 3675; x_wconf 86' lang='grc' dir='ltr'>τῶν</span> <span class='ocrx_word' id='word_1_557' title='bbox 2966 3621 3191 3676; x_wconf 79' lang='grc' dir='ltr'>ἐκείνων</span> <span class='ocrx_word' id='word_1_558' title='bbox 3220 3621 3499 3690; x_wconf 79' lang='grc' dir='ltr'>αἱμάτων,</span> <span class='ocrx_word' id='word_1_559' title='bbox 3529 3621 3599 3684; x_wconf 83' lang='grc' dir='ltr'>ὼς</span> <span class='ocrx_word' id='word_1_560' title='bbox 3627 3618 3791 3690; x_wconf 66' lang='lat' dir='ltr'><strong>pasti:-</strong></span> 
     </span>
    </p>
   </div>
   <div class='ocr_carea' id='block_1_79' title="bbox 2256 3707 3792 3790">
    <p class='ocr_par' dir='ltr' id='par_1_79' title="bbox 2256 3707 3792 3790">
     <span class='ocr_line' id='line_1_79' title="bbox 2256 3707 3792 3790; baseline -0.008 -17"><span class='ocrx_word' id='word_1_561' title='bbox 2256 3718 2515 3790; x_wconf 87' lang='grc' dir='ltr'>κωτέρων</span> <span class='ocrx_word' id='word_1_562' title='bbox 2542 3717 2786 3786; x_wconf 80' lang='grc' dir='ltr'>ἀρεταῖς,</span> <span class='ocrx_word' id='word_1_563' title='bbox 2816 3715 2915 3782; x_wconf 85' lang='grc' dir='ltr'><strong>τὴν</strong></span> <span class='ocrx_word' id='word_1_564' title='bbox 2948 3713 3223 3784; x_wconf 85' lang='grc' dir='ltr'>βασίλειον</span> <span class='ocrx_word' id='word_1_565' title='bbox 3256 3714 3356 3767; x_wconf 77' lang='grc' dir='ltr'>τοῦ</span> <span class='ocrx_word' id='word_1_566' title='bbox 3384 3707 3583 3784; x_wconf 65' lang='grc' dir='ltr'>’γένους</span> <span class='ocrx_word' id='word_1_567' title='bbox 3610 3714 3792 3783; x_wconf 68' lang='grc' dir='ltr'>ἀμφιέν-</span> 
     </span>
    </p>
   </div>
   <div class='ocr_carea' id='block_1_80' title="bbox 2256 3803 3790 3880">
    <p class='ocr_par' dir='ltr' id='par_1_80' title="bbox 2256 3803 3790 3880">
     <span class='ocr_line' id='line_1_80' title="bbox 2256 3803 3790 3880; baseline -0.005 -17"><span class='ocrx_word' id='word_1_568' title='bbox 2256 3827 2412 3865; x_wconf 85' lang='grc' dir='ltr'>νυται</span> <span class='ocrx_word' id='word_1_569' title='bbox 2446 3808 2758 3880; x_wconf 75' lang='grc' dir='ltr'>πορφύραν,</span> <span class='ocrx_word' id='word_1_570' title='bbox 2795 3806 2815 3878; x_wconf 21' lang='grc' dir='ltr'>[η</span> <span class='ocrx_word' id='word_1_571' title='bbox 2839 3807 3034 3870; x_wconf 80' lang='grc' dir='ltr'>Τοῦτο,</span> <span class='ocrx_word' id='word_1_572' title='bbox 3067 3808 3129 3860; x_wconf 85' lang='grc' dir='ltr'><strong>τὸ</strong></span> <span class='ocrx_word' id='word_1_573' title='bbox 3157 3806 3656 3880; x_wconf 82' lang='grc' dir='ltr'>ὑπερανεστηκέναι</span> <span class='ocrx_word' id='word_1_574' title='bbox 3688 3803 3790 3856; x_wconf 74' lang='grc' dir='ltr'><strong>πᾶν·</strong></span> 
     </span>
    </p>
   </div>
   <div class='ocr_carea' id='block_1_81' title="bbox 2256 3893 3791 3970">
    <p class='ocr_par' dir='ltr' id='par_1_81' title="bbox 2256 3893 3791 3970">
     <span class='ocr_line' id='line_1_81' title="bbox 2256 3893 3791 3970; baseline -0.008 -16"><span class='ocrx_word' id='word_1_575' title='bbox 2256 3918 2366 3955; x_wconf 88' lang='grc' dir='ltr'><strong>των</strong></span> <span class='ocrx_word' id='word_1_576' title='bbox 2392 3901 2590 3963; x_wconf 76' lang='grc' dir='ltr'>αὐτοὺς</span> <span class='ocrx_word' id='word_1_577' title='bbox 2613 3898 2914 3970; x_wconf 83' lang='grc' dir='ltr'>παρίστησι</span> <span class='ocrx_word' id='word_1_578' title='bbox 2941 3897 3185 3951; x_wconf 80' lang='grc' dir='ltr'>δικαίων.</span> <span class='ocrx_word' id='word_1_579' title='bbox 3194 3899 3213 3969; x_wconf 72' lang='lat' dir='ltr'><strong>j</strong></span> <span class='ocrx_word' id='word_1_580' title='bbox 3237 3898 3436 3963; x_wconf 83' lang='grc' dir='ltr'>Τοῦτο,</span> <span class='ocrx_word' id='word_1_581' title='bbox 3463 3898 3523 3950; x_wconf 80' lang='grc' dir='ltr'>τὸ</span> <span class='ocrx_word' id='word_1_582' title='bbox 3552 3893 3791 3964; x_wconf 72' lang='grc' dir='ltr'>ύπεράξιον</span> 
     </span>
    </p>
   </div>
   <div class='ocr_carea' id='block_1_82' title="bbox 2257 3990 3789 4063">
    <p class='ocr_par' dir='ltr' id='par_1_82' title="bbox 2257 3990 3789 4063">
     <span class='ocr_line' id='line_1_82' title="bbox 2257 3990 3789 4063; baseline -0.007 -16"><span class='ocrx_word' id='word_1_583' title='bbox 2257 3994 2445 4056; x_wconf 81' lang='grc' dir='ltr'>αὐτοῖς</span> <span class='ocrx_word' id='word_1_584' title='bbox 2475 3992 2778 4063; x_wconf 86' lang='grc' dir='ltr'>δικαίωμα,</span> <span class='ocrx_word' id='word_1_585' title='bbox 2800 3990 2861 4044; x_wconf 72' lang='grc' dir='ltr'><strong>τὸ</strong></span> <span class='ocrx_word' id='word_1_586' title='bbox 2889 3991 3087 4061; x_wconf 84' lang='grc' dir='ltr'>μόνους</span> <span class='ocrx_word' id='word_1_587' title='bbox 3112 3991 3415 4062; x_wconf 79' lang='grc' dir='ltr'>ὲκλεγῆναι</span> <span class='ocrx_word' id='word_1_588' title='bbox 3437 3991 3545 4045; x_wconf 83' lang='grc' dir='ltr'>τῶν</span> <span class='ocrx_word' id='word_1_589' title='bbox 3568 3992 3789 4047; x_wconf 73' lang='grc' dir='ltr'>ἁπάντων,</span> 
     </span>
    </p>
   </div>
   <div class='ocr_carea' id='block_1_83' title="bbox 2260 4078 3791 4156">
    <p class='ocr_par' dir='ltr' id='par_1_83' title="bbox 2260 4078 3791 4156">
     <span class='ocr_line' id='line_1_83' title="bbox 2260 4078 3791 4156; baseline -0.005 -16"><span class='ocrx_word' id='word_1_590' title='bbox 2260 4087 2356 4141; x_wconf 57' lang='grc' dir='ltr'><strong>καὶ⁵</strong></span> <span class='ocrx_word' id='word_1_591' title='bbox 2400 4088 2459 4139; x_wconf 82' lang='grc' dir='ltr'>ὲν</span> <span class='ocrx_word' id='word_1_592' title='bbox 2499 4085 2581 4156; x_wconf 82' lang='grc' dir='ltr'><strong>τῷ</strong></span> <span class='ocrx_word' id='word_1_593' title='bbox 2623 4086 2800 4143; x_wconf 64' lang='grc' dir='ltr'>δέοντι</span> <span class='ocrx_word' id='word_1_594' title='bbox 2846 4084 3199 4156; x_wconf 80' lang='grc' dir='ltr'>παραχθῆναι</span> <span class='ocrx_word' id='word_1_595' title='bbox 3227 4086 3443 4156; x_wconf 82' lang='grc' dir='ltr'>χρόνῳ,</span> <span class='ocrx_word' id='word_1_596' title='bbox 3479 4085 3573 4138; x_wconf 74' lang='grc' dir='ltr'><strong>καὶ</strong></span> <span class='ocrx_word' id='word_1_597' title='bbox 3611 4082 3723 4153; x_wconf 68' lang='grc' dir='ltr'>προς</span> <span class='ocrx_word' id='word_1_598' title='bbox 3748 4078 3791 4128; x_wconf 74' lang='grc' dir='ltr'><strong>τὺ</strong></span> 
     </span>
    </p>
   </div>
   <div class='ocr_carea' id='block_1_84' title="bbox 2261 4171 3788 4251">
    <p class='ocr_par' dir='ltr' id='par_1_84' title="bbox 2261 4171 3788 4251">
     <span class='ocr_line' id='line_1_84' title="bbox 2261 4171 3788 4251; baseline -0.003 -19"><span class='ocrx_word' id='word_1_599' title='bbox 2261 4172 2436 4251; x_wconf 82' lang='grc' dir='ltr'>πέρας</span> <span class='ocrx_word' id='word_1_600' title='bbox 2477 4177 2571 4231; x_wconf 81' lang='grc' dir='ltr'><strong>τοῦ</strong></span> <span class='ocrx_word' id='word_1_601' title='bbox 2615 4177 2916 4249; x_wconf 84' lang='grc' dir='ltr'>μυστηρίου</span> <span class='ocrx_word' id='word_1_602' title='bbox 2954 4177 3404 4248; x_wconf 70' lang='grc' dir='ltr'>παραληφθῆναι.</span> <span class='ocrx_word' id='word_1_603' title='bbox 3443 4177 3635 4230; x_wconf 79' lang='grc' dir='ltr'>Σκόπει</span> <span class='ocrx_word' id='word_1_604' title='bbox 3667 4171 3788 4241; x_wconf 69' lang='grc' dir='ltr'>γοῦν,</span> 
     </span>
    </p>
   </div>
   <div class='ocr_carea' id='block_1_85' title="bbox 2260 4260 3789 4343">
    <p class='ocr_par' dir='ltr' id='par_1_85' title="bbox 2260 4260 3789 4343">
     <span class='ocr_line' id='line_1_85' title="bbox 2260 4260 3789 4343; baseline -0.009 -17"><span class='ocrx_word' id='word_1_605' title='bbox 2260 4273 2411 4335; x_wconf 83' lang='grc' dir='ltr'>ὅπως</span> <span class='ocrx_word' id='word_1_606' title='bbox 2450 4262 2672 4327; x_wconf 67' lang='grc' dir='ltr'>ἅπασαν</span> <span class='ocrx_word' id='word_1_607' title='bbox 2722 4272 3086 4343; x_wconf 78' lang='grc' dir='ltr'>συγκριτικὴν</span> <span class='ocrx_word' id='word_1_608' title='bbox 3134 4270 3598 4343; x_wconf 78' lang='grc' dir='ltr'>ἀντιπαράθεσιν,</span> <span class='ocrx_word' id='word_1_609' title='bbox 3626 4268 3683 4321; x_wconf 75' lang='grc' dir='ltr'>τὰ</span> <span class='ocrx_word' id='word_1_610' title='bbox 3706 4260 3789 4317; x_wconf 72' lang='grc' dir='ltr'>κατ’</span> 
     </span>
    </p>
   </div>
   <div class='ocr_carea' id='block_1_86' title="bbox 2265 4360 3789 4434">
    <p class='ocr_par' dir='ltr' id='par_1_86' title="bbox 2265 4360 3789 4434">
     <span class='ocr_line' id='line_1_86' title="bbox 2265 4360 3789 4434; baseline -0.007 -17"><span class='ocrx_word' id='word_1_611' title='bbox 2265 4364 2511 4429; x_wconf 79' lang='grc' dir='ltr'>ἐκείνους</span> <span class='ocrx_word' id='word_1_612' title='bbox 2549 4362 2941 4432; x_wconf 79' lang='grc' dir='ltr'>διαδιδράσκει.</span> <span class='ocrx_word' id='word_1_613' title='bbox 2983 4361 3118 4415; x_wconf 64' lang='lat' dir='ltr'><strong>eoas</strong></span> <span class='ocrx_word' id='word_1_614' title='bbox 3151 4364 3264 4434; x_wconf 73' lang='grc' dir='ltr'><strong>γὰρ</strong></span> <span class='ocrx_word' id='word_1_615' title='bbox 3304 4362 3454 4430; x_wconf 83' lang='grc' dir='ltr'>λόγοι</span> <span class='ocrx_word' id='word_1_616' title='bbox 3476 4404 3490 4430; x_wconf 85' lang='grc'><strong>,</strong></span> <span class='ocrx_word' id='word_1_617' title='bbox 3521 4362 3587 4415; x_wconf 84' lang='grc' dir='ltr'><strong>τὰ</strong></span> <span class='ocrx_word' id='word_1_618' title='bbox 3622 4360 3671 4412; x_wconf 78' lang='grc' dir='ltr'>δὲ</span> <span class='ocrx_word' id='word_1_619' title='bbox 3694 4370 3789 4424; x_wconf 81' lang='grc' dir='ltr'>προ-</span> 
     </span>
    </p>
   </div>
   <div class='ocr_carea' id='block_1_87' title="bbox 2264 4446 3789 4528">
    <p class='ocr_par' dir='ltr' id='par_1_87' title="bbox 2264 4446 3789 4528">
     <span class='ocr_line' id='line_1_87' title="bbox 2264 4446 3789 4528; baseline -0.01 -17"><span class='ocrx_word' id='word_1_620' title='bbox 2264 4457 2494 4528; x_wconf 85' lang='grc' dir='ltr'>κείμενα</span> <span class='ocrx_word' id='word_1_621' title='bbox 2525 4455 2685 4509; x_wconf 83' lang='grc' dir='ltr'><strong>τοῦτο</strong></span> <span class='ocrx_word' id='word_1_622' title='bbox 2721 4454 3067 4519; x_wconf 80' lang='grc' dir='ltr'>διασαλπίζει</span> <span class='ocrx_word' id='word_1_623' title='bbox 3102 4454 3426 4525; x_wconf 83' lang='grc' dir='ltr'>πράγματα.</span> <span class='ocrx_word' id='word_1_624' title='bbox 3462 4451 3632 4506; x_wconf 57' lang='lat' dir='ltr'><strong>&quot;Alite</strong></span> <span class='ocrx_word' id='word_1_625' title='bbox 3659 4446 3789 4501; x_wconf 80' lang='grc' dir='ltr'>συνοῖ-</span> 
     </span>
    </p>
   </div>
   <div class='ocr_carea' id='block_1_88' title="bbox 579 4526 2146 4619">
    <p class='ocr_par' dir='ltr' id='par_1_88' title="bbox 579 4539 2146 4611">
     <span class='ocr_line' id='line_1_88' title="bbox 579 4539 2146 4611; baseline -0.001 -16"><span class='ocrx_word' id='word_1_626' title='bbox 579 4551 738 4611; x_wconf 87' lang='lat' dir='ltr'><strong>gente</strong></span> <span class='ocrx_word' id='word_1_627' title='bbox 767 4541 1148 4609; x_wconf 66' lang='lat' dir='ltr'><strong>depraadieant.</strong></span> <span class='ocrx_word' id='word_1_628' title='bbox 1210 4539 1501 4595; x_wconf 84' lang='lat' dir='ltr'><strong>Enimvero</strong></span> <span class='ocrx_word' id='word_1_629' title='bbox 1526 4540 1835 4596; x_wconf 85' lang='lat' dir='ltr'><strong>conducens</strong></span> <span class='ocrx_word' id='word_1_630' title='bbox 1863 4541 1968 4596; x_wconf 90' lang='lat' dir='ltr'><strong>erit</strong></span> <span class='ocrx_word' id='word_1_631' title='bbox 1988 4582 2003 4605; x_wconf 89' lang='lat'><strong>,</strong></span> <span class='ocrx_word' id='word_1_632' title='bbox 2035 4556 2146 4595; x_wconf 79' lang='lat' dir='ltr'><strong>cun:</strong></span> 
     </span>
    </p>
   </div>
   <div class='ocr_carea' id='block_1_89' title="bbox 2246 4526 3787 4619">
    <p class='ocr_par' dir='ltr' id='par_1_89' title="bbox 2267 4543 3787 4619">
     <span class='ocr_line' id='line_1_89' title="bbox 2267 4543 3787 4619; baseline -0.007 -18"><span class='ocrx_word' id='word_1_633' title='bbox 2267 4567 2358 4602; x_wconf 93' lang='grc' dir='ltr'>σον</span> <span class='ocrx_word' id='word_1_634' title='bbox 2386 4550 2453 4602; x_wconf 88' lang='grc' dir='ltr'>ἂν</span> <span class='ocrx_word' id='word_1_635' title='bbox 2481 4548 2570 4617; x_wconf 79' lang='grc' dir='ltr'>εἴη</span> <span class='ocrx_word' id='word_1_636' title='bbox 2602 4551 2668 4619; x_wconf 81' lang='grc' dir='ltr'>τῇ</span> <span class='ocrx_word' id='word_1_637' title='bbox 2699 4564 2759 4600; x_wconf 87' lang='grc' dir='ltr'>τε</span> <span class='ocrx_word' id='word_1_638' title='bbox 2791 4546 3102 4619; x_wconf 81' lang='grc' dir='ltr'>πανηγύρει</span> <span class='ocrx_word' id='word_1_639' title='bbox 3125 4586 3138 4611; x_wconf 91' lang='grc'><strong>,</strong></span> <span class='ocrx_word' id='word_1_640' title='bbox 3172 4549 3270 4599; x_wconf 82' lang='grc' dir='ltr'>καὶ</span> <span class='ocrx_word' id='word_1_641' title='bbox 3293 4548 3360 4617; x_wconf 80' lang='grc' dir='ltr'><strong>τῇ</strong></span> <span class='ocrx_word' id='word_1_642' title='bbox 3393 4546 3504 4599; x_wconf 84' lang='grc' dir='ltr'><strong>τῶν</strong></span> <span class='ocrx_word' id='word_1_643' title='bbox 3534 4543 3787 4603; x_wconf 72' lang='grc' dir='ltr'>πλεονεκτη·</span> 
     </span>
    </p>
   </div>
   <div class='ocr_carea' id='block_1_90' title="bbox 582 4628 2164 4701">
    <p class='ocr_par' dir='ltr' id='par_1_90' title="bbox 582 4628 2164 4701">
     <span class='ocr_line' id='line_1_90' title="bbox 582 4628 2164 4701; baseline 0.001 -15"><span class='ocrx_word' id='word_1_644' title='bbox 582 4633 683 4700; x_wconf 87' lang='lat' dir='ltr'><strong>ipsi</strong></span> <span class='ocrx_word' id='word_1_645' title='bbox 721 4630 1047 4694; x_wconf 86' lang='lat' dir='ltr'><strong>celebritati,</strong></span> <span class='ocrx_word' id='word_1_646' title='bbox 1084 4639 1192 4682; x_wconf 90' lang='lat' dir='ltr'><strong>tum</strong></span> <span class='ocrx_word' id='word_1_647' title='bbox 1240 4628 1357 4696; x_wconf 88' lang='lat' dir='ltr'><strong>ejus</strong></span> <span class='ocrx_word' id='word_1_648' title='bbox 1390 4629 1733 4686; x_wconf 82' lang='lat' dir='ltr'><strong>declarandis</strong></span> <span class='ocrx_word' id='word_1_649' title='bbox 1766 4631 2164 4701; x_wconf 76' lang='lat' dir='ltr'><strong>praerogativis,</strong></span> 
     </span>
    </p>
   </div>
   <div class='ocr_carea' id='block_1_91' title="bbox 583 4722 2163 4793">
    <p class='ocr_par' dir='ltr' id='par_1_91' title="bbox 583 4722 2163 4793">
     <span class='ocr_line' id='line_1_91' title="bbox 583 4722 2163 4793; baseline 0 -15"><span class='ocrx_word' id='word_1_650' title='bbox 583 4734 641 4779; x_wconf 88' lang='lat' dir='ltr'><strong>ut</strong></span> <span class='ocrx_word' id='word_1_651' title='bbox 688 4740 854 4793; x_wconf 85' lang='lat' dir='ltr'><strong>pauca</strong></span> <span class='ocrx_word' id='word_1_652' title='bbox 910 4723 1156 4793; x_wconf 65' lang='lat' dir='ltr'><strong>quaedam</strong></span> <span class='ocrx_word' id='word_1_653' title='bbox 1200 4722 1532 4792; x_wconf 82' lang='lat' dir='ltr'><strong>explicemus</strong></span> <span class='ocrx_word' id='word_1_654' title='bbox 1556 4739 1620 4777; x_wconf 78' lang='lat' dir='ltr'><strong>ex</strong></span> <span class='ocrx_word' id='word_1_655' title='bbox 1658 4738 1849 4779; x_wconf 88' lang='lat' dir='ltr'><strong>eorum</strong></span> <span class='ocrx_word' id='word_1_656' title='bbox 1896 4725 2163 4791; x_wconf 85' lang='lat' dir='ltr'><strong>historia;</strong></span> 
     </span>
    </p>
   </div>
   <div class='ocr_carea' id='block_1_92' title="bbox 2267 4626 3787 4706">
    <p class='ocr_par' dir='ltr' id='par_1_92' title="bbox 2267 4626 3787 4706">
     <span class='ocr_line' id='line_1_92' title="bbox 2267 4626 3787 4706; baseline 0.003 -20"><span class='ocrx_word' id='word_1_657' title='bbox 2267 4635 2457 4706; x_wconf 84' lang='grc' dir='ltr'>μάτων</span> <span class='ocrx_word' id='word_1_658' title='bbox 2518 4635 2697 4690; x_wconf 80' lang='grc' dir='ltr'>αὐτῶν</span> <span class='ocrx_word' id='word_1_659' title='bbox 2747 4634 3093 4706; x_wconf 84' lang='grc' dir='ltr'>φανερώσει,</span> <span class='ocrx_word' id='word_1_660' title='bbox 3140 4638 3186 4688; x_wconf 88' lang='grc' dir='ltr'>εἰ</span> <span class='ocrx_word' id='word_1_661' title='bbox 3221 4635 3432 4706; x_wconf 79' lang='grc' dir='ltr'>βραχέα</span> <span class='ocrx_word' id='word_1_662' title='bbox 3481 4636 3597 4688; x_wconf 75' lang='grc' dir='ltr'>τινὰ</span> <span class='ocrx_word' id='word_1_663' title='bbox 3636 4632 3715 4698; x_wconf 80' lang='grc' dir='ltr'>τῆς</span> <span class='ocrx_word' id='word_1_664' title='bbox 3745 4626 3787 4676; x_wconf 59' lang='grc' dir='ltr'>τά</span> 
     </span>
    </p>
   </div>
   <div class='ocr_carea' id='block_1_93' title="bbox 2254 4721 3785 4799">
    <p class='ocr_par' dir='ltr' id='par_1_93' title="bbox 2254 4721 3785 4799">
     <span class='ocr_line' id='line_1_93' title="bbox 2254 4721 3785 4799; baseline -0.002 -21"><span class='ocrx_word' id='word_1_665' title='bbox 2254 4724 2396 4799; x_wconf 64' lang='grc' dir='ltr'><strong>¹περὶ.</strong></span> <span class='ocrx_word' id='word_1_666' title='bbox 2444 4723 2689 4788; x_wconf 69' lang='grc' dir='ltr'>ἐκείνους</span> <span class='ocrx_word' id='word_1_667' title='bbox 2743 4725 3138 4797; x_wconf 75' lang='grc' dir='ltr'>ὑφηγουμένης</span> <span class='ocrx_word' id='word_1_668' title='bbox 3194 4726 3652 4795; x_wconf 83' lang='grc' dir='ltr'>διαναπτύξαιμεν</span> <span class='ocrx_word' id='word_1_669' title='bbox 3689 4721 3785 4772; x_wconf 74' lang='grc' dir='ltr'>ἱστο-</span> 
     </span>
    </p>
   </div>
   <div class='ocr_carea' id='block_1_94' title="bbox 585 4813 2146 4888">
    <p class='ocr_par' dir='ltr' id='par_1_94' title="bbox 585 4815 2139 4885">
     <span class='ocr_line' id='line_1_94' title="bbox 585 4815 2139 4885; baseline 0 -15"><span class='ocrx_word' id='word_1_670' title='bbox 585 4816 667 4871; x_wconf 89' lang='lat' dir='ltr'><strong>sic</strong></span> <span class='ocrx_word' id='word_1_671' title='bbox 717 4817 861 4871; x_wconf 91' lang='lat' dir='ltr'><strong>enim</strong></span> <span class='ocrx_word' id='word_1_672' title='bbox 911 4816 1256 4884; x_wconf 86' lang='lat' dir='ltr'><strong>perspicuam</strong></span> <span class='ocrx_word' id='word_1_673' title='bbox 1306 4816 1476 4885; x_wconf 85' lang='lat' dir='ltr'><strong>magis</strong></span> <span class='ocrx_word' id='word_1_674' title='bbox 1522 4815 1788 4869; x_wconf 90' lang='lat' dir='ltr'><strong>dictorum</strong></span> <span class='ocrx_word' id='word_1_675' title='bbox 1834 4817 2139 4884; x_wconf 67' lang='lat' dir='ltr'><strong>praestabun</strong></span> 
     </span>
    </p>
   </div>
   <div class='ocr_carea' id='block_1_95' title="bbox 2246 4813 3784 4888">
    <p class='ocr_par' dir='ltr' id='par_1_95' title="bbox 2268 4813 3784 4888">
     <span class='ocr_line' id='line_1_95' title="bbox 2268 4813 3784 4888; baseline -0.005 -17"><span class='ocrx_word' id='word_1_676' title='bbox 2268 4818 2390 4888; x_wconf 87' lang='grc' dir='ltr'>ρίας</span> <span class='ocrx_word' id='word_1_677' title='bbox 2410 4831 2422 4844; x_wconf 83' lang='lat'><strong><em>°</em></strong></span> <span class='ocrx_word' id='word_1_678' title='bbox 2457 4814 2599 4870; x_wconf 76' lang='grc' dir='ltr'>οὕτω</span> <span class='ocrx_word' id='word_1_679' title='bbox 2622 4816 2730 4888; x_wconf 76' lang='grc' dir='ltr'><strong>γὰρ</strong></span> <span class='ocrx_word' id='word_1_680' title='bbox 2772 4819 3105 4887; x_wconf 81' lang='grc' dir='ltr'>τρανοτέραν</span> <span class='ocrx_word' id='word_1_681' title='bbox 3137 4819 3267 4888; x_wconf 79' lang='grc' dir='ltr'>ἡμῖν</span> <span class='ocrx_word' id='word_1_682' title='bbox 3296 4819 3394 4886; x_wconf 79' lang='grc' dir='ltr'>τὴν</span> <span class='ocrx_word' id='word_1_683' title='bbox 3412 4820 3519 4870; x_wconf 78' lang='grc' dir='ltr'><strong>τῶν</strong></span> <span class='ocrx_word' id='word_1_684' title='bbox 3545 4813 3784 4884; x_wconf 67' lang='grc' dir='ltr'>λεγομένων</span> 
     </span>
    </p>
   </div>
   <div class='ocr_carea' id='block_1_96' title="bbox 582 4905 2168 4978">
    <p class='ocr_par' dir='ltr' id='par_1_96' title="bbox 582 4905 2168 4978">
     <span class='ocr_line' id='line_1_96' title="bbox 582 4905 2168 4978; baseline 0.002 -16"><span class='ocrx_word' id='word_1_685' title='bbox 582 4911 893 4964; x_wconf 78' lang='lat' dir='ltr'><strong>veritatem.</strong></span> <span class='ocrx_word' id='word_1_686' title='bbox 921 4905 1012 4962; x_wconf 88' lang='lat' dir='ltr'><strong>Sic</strong></span> <span class='ocrx_word' id='word_1_687' title='bbox 1040 4922 1201 4978; x_wconf 89' lang='lat' dir='ltr'><strong>porro</strong></span> <span class='ocrx_word' id='word_1_688' title='bbox 1228 4908 1415 4973; x_wconf 85' lang='lat' dir='ltr'><strong>habet,</strong></span> <span class='ocrx_word' id='word_1_689' title='bbox 1434 4916 1492 4962; x_wconf 94' lang='lat' dir='ltr'><strong>ut</strong></span> <span class='ocrx_word' id='word_1_690' title='bbox 1519 4922 1825 4964; x_wconf 88' lang='lat' dir='ltr'><strong>sermonem</strong></span> <span class='ocrx_word' id='word_1_691' title='bbox 1852 4908 1920 4964; x_wconf 86' lang='lat' dir='ltr'><strong>ab</strong></span> <span class='ocrx_word' id='word_1_692' title='bbox 1942 4910 2168 4966; x_wconf 77' lang='lat' dir='ltr'><strong>exordio</strong></span> 
     </span>
    </p>
   </div>
   <div class='ocr_carea' id='block_1_97' title="bbox 581 5002 818 5057">
    <p class='ocr_par' dir='ltr' id='par_1_97' title="bbox 581 5002 818 5057">
     <span class='ocr_line' id='line_1_97' title="bbox 581 5002 818 5057; baseline -0.017 0"><span class='ocrx_word' id='word_1_693' title='bbox 581 5002 773 5057; x_wconf 87' lang='lat' dir='ltr'><strong>ducam</strong></span> <span class='ocrx_word' id='word_1_694' title='bbox 804 5016 818 5053; x_wconf 91' lang='lat'><strong>:</strong></span> 
     </span>
    </p>
   </div>
   <div class='ocr_carea' id='block_1_98' title="bbox 658 5088 2166 5165">
    <p class='ocr_par' dir='ltr' id='par_1_98' title="bbox 658 5088 2166 5165">
     <span class='ocr_line' id='line_1_98' title="bbox 658 5088 2166 5165; baseline -0.001 -17"><span class='ocrx_word' id='word_1_695' title='bbox 658 5093 723 5148; x_wconf 84' lang='lat' dir='ltr'><strong>In</strong></span> <span class='ocrx_word' id='word_1_696' title='bbox 750 5093 988 5147; x_wconf 76' lang='lat' dir='ltr'><strong>historiis</strong></span> <span class='ocrx_word' id='word_1_697' title='bbox 1018 5088 1155 5165; x_wconf 80' lang='grc'>(15),</span> <span class='ocrx_word' id='word_1_698' title='bbox 1182 5091 1379 5160; x_wconf 90' lang='lat' dir='ltr'><strong>inquit,</strong></span> <span class='ocrx_word' id='word_1_699' title='bbox 1411 5090 1935 5146; x_wconf 80' lang='lat' dir='ltr'><strong>duodecimtribunm</strong></span> <span class='ocrx_word' id='word_1_700' title='bbox 1957 5091 2166 5161; x_wconf 76' lang='lat' dir='ltr'><strong>Israel,</strong></span> 
     </span>
    </p>
   </div>
   <div class='ocr_carea' id='block_1_99' title="bbox 582 5187 2167 5261">
    <p class='ocr_par' dir='ltr' id='par_1_99' title="bbox 582 5187 2167 5261">
     <span class='ocr_line' id='line_1_99' title="bbox 582 5187 2167 5261; baseline -0.001 -15"><span class='ocrx_word' id='word_1_701' title='bbox 582 5201 695 5246; x_wconf 81' lang='lat' dir='ltr'><strong>erat</strong></span> <span class='ocrx_word' id='word_1_702' title='bbox 728 5191 809 5245; x_wconf 81' lang='lat' dir='ltr'><strong>vir</strong></span> <span class='ocrx_word' id='word_1_703' title='bbox 845 5190 1062 5261; x_wconf 81' lang='lat' dir='ltr'><strong>quidam</strong></span> <span class='ocrx_word' id='word_1_704' title='bbox 1112 5189 1322 5244; x_wconf 83' lang='lat' dir='ltr'><strong>nomine</strong></span> <span class='ocrx_word' id='word_1_705' title='bbox 1348 5187 1593 5241; x_wconf 78' lang='lat' dir='ltr'><strong>Joachim</strong></span> <span class='ocrx_word' id='word_1_706' title='bbox 1615 5225 1630 5251; x_wconf 96' lang='lat'><strong>,</strong></span> <span class='ocrx_word' id='word_1_707' title='bbox 1657 5187 1802 5240; x_wconf 76' lang='lat' dir='ltr'><strong>dives</strong></span> <span class='ocrx_word' id='word_1_708' title='bbox 1827 5187 1996 5242; x_wconf 80' lang='lat' dir='ltr'><strong>valde.</strong></span> <span class='ocrx_word' id='word_1_709' title='bbox 2029 5188 2167 5245; x_wconf 87' lang='lat' dir='ltr'><strong>Cum</strong></span> 
     </span>
    </p>
   </div>
   <div class='ocr_carea' id='block_1_100' title="bbox 586 5278 2166 5353">
    <p class='ocr_par' dir='ltr' id='par_1_100' title="bbox 586 5278 2166 5353">
     <span class='ocr_line' id='line_1_100' title="bbox 586 5278 2166 5353; baseline -0.003 -15"><span class='ocrx_word' id='word_1_710' title='bbox 586 5283 925 5353; x_wconf 84' lang='lat' dir='ltr'><strong>amplissima</strong></span> <span class='ocrx_word' id='word_1_711' title='bbox 960 5282 1117 5336; x_wconf 92' lang='lat' dir='ltr'><strong>laude</strong></span> <span class='ocrx_word' id='word_1_712' title='bbox 1152 5280 1385 5349; x_wconf 82' lang='lat' dir='ltr'><strong>positum</strong></span> <span class='ocrx_word' id='word_1_713' title='bbox 1427 5288 1514 5334; x_wconf 89' lang='lat' dir='ltr'><strong>est</strong></span> <span class='ocrx_word' id='word_1_714' title='bbox 1540 5278 1963 5347; x_wconf 82' lang='lat' dir='ltr'><strong>conscriptionis</strong></span> <span class='ocrx_word' id='word_1_715' title='bbox 2000 5295 2166 5336; x_wconf 76' lang='lat' dir='ltr'><strong>exor-</strong></span> 
     </span>
    </p>
   </div>
   <div class='ocr_carea' id='block_1_101' title="bbox 589 5370 2168 5442">
    <p class='ocr_par' dir='ltr' id='par_1_101' title="bbox 589 5370 2168 5442">
     <span class='ocr_line' id='line_1_101' title="bbox 589 5370 2168 5442; baseline -0.003 -12"><span class='ocrx_word' id='word_1_716' title='bbox 589 5376 776 5439; x_wconf 86' lang='lat' dir='ltr'><strong>dium,</strong></span> <span class='ocrx_word' id='word_1_717' title='bbox 827 5375 1160 5442; x_wconf 65' lang='lat' dir='ltr'><strong>retiquorutn</strong></span> <span class='ocrx_word' id='word_1_718' title='bbox 1242 5372 1497 5440; x_wconf 77' lang='lat' dir='ltr'><strong>deinceps</strong></span> <span class='ocrx_word' id='word_1_719' title='bbox 1551 5370 2006 5440; x_wconf 74' lang='lat' dir='ltr'><strong>magnificentiam</strong></span> <span class='ocrx_word' id='word_1_720' title='bbox 2051 5370 2168 5426; x_wconf 90' lang='lat' dir='ltr'><strong>cla-</strong></span> 
     </span>
    </p>
   </div>
   <div class='ocr_carea' id='block_1_102' title="bbox 592 5462 2162 5529">
    <p class='ocr_par' dir='ltr' id='par_1_102' title="bbox 592 5462 2162 5529">
     <span class='ocr_line' id='line_1_102' title="bbox 592 5462 2162 5529; baseline -0.003 -8"><span class='ocrx_word' id='word_1_721' title='bbox 592 5467 719 5521; x_wconf 86' lang='lat' dir='ltr'><strong>riori</strong></span> <span class='ocrx_word' id='word_1_722' title='bbox 763 5465 964 5518; x_wconf 86' lang='lat' dir='ltr'><strong>iudicio</strong></span> <span class='ocrx_word' id='word_1_723' title='bbox 1011 5465 1316 5519; x_wconf 75' lang='lat' dir='ltr'><strong>declarans.</strong></span> <span class='ocrx_word' id='word_1_724' title='bbox 1374 5463 1514 5529; x_wconf 86' lang='lat' dir='ltr'><strong>Quid</strong></span> <span class='ocrx_word' id='word_1_725' title='bbox 1555 5464 1660 5519; x_wconf 90' lang='lat' dir='ltr'><strong>hoc</strong></span> <span class='ocrx_word' id='word_1_726' title='bbox 1691 5478 1820 5518; x_wconf 87' lang='lat' dir='ltr'><strong>vero</strong></span> <span class='ocrx_word' id='word_1_727' title='bbox 1873 5462 1976 5518; x_wconf 86' lang='lat' dir='ltr'><strong>sibi</strong></span> <span class='ocrx_word' id='word_1_728' title='bbox 2027 5463 2162 5529; x_wconf 90' lang='lat' dir='ltr'><strong>vult,</strong></span> 
     </span>
    </p>
   </div>
   <div class='ocr_carea' id='block_1_103' title="bbox 591 5552 2164 5624">
    <p class='ocr_par' dir='ltr' id='par_1_103' title="bbox 591 5552 2164 5624">
     <span class='ocr_line' id='line_1_103' title="bbox 591 5552 2164 5624; baseline -0.001 -15"><span class='ocrx_word' id='word_1_729' title='bbox 591 5560 647 5610; x_wconf 84' lang='lat' dir='ltr'><strong>in</strong></span> <span class='ocrx_word' id='word_1_730' title='bbox 682 5556 960 5611; x_wconf 73' lang='lat' dir='ltr'><strong>historiis?</strong></span> <span class='ocrx_word' id='word_1_731' title='bbox 1004 5552 1061 5608; x_wconf 90' lang='lat' dir='ltr'><strong>In</strong></span> <span class='ocrx_word' id='word_1_732' title='bbox 1106 5553 1468 5624; x_wconf 83' lang='lat' dir='ltr'><strong>genealogiis,</strong></span> <span class='ocrx_word' id='word_1_733' title='bbox 1507 5553 1704 5622; x_wconf 90' lang='lat' dir='ltr'><strong>inquit,</strong></span> <span class='ocrx_word' id='word_1_734' title='bbox 1741 5552 2015 5607; x_wconf 82' lang='lat' dir='ltr'><strong>duodecim</strong></span> <span class='ocrx_word' id='word_1_735' title='bbox 2063 5556 2164 5608; x_wconf 85' lang='lat' dir='ltr'><strong>tri-</strong></span> 
     </span>
    </p>
   </div>
   <div class='ocr_carea' id='block_1_104' title="bbox 591 5626 2163 5715">
    <p class='ocr_par' dir='ltr' id='par_1_104' title="bbox 591 5626 2163 5715">
     <span class='ocr_line' id='line_1_104' title="bbox 591 5626 2163 5715; baseline 0.001 -15"><span class='ocrx_word' id='word_1_736' title='bbox 591 5647 752 5700; x_wconf 82' lang='lat' dir='ltr'><strong>buum</strong></span> <span class='ocrx_word' id='word_1_737' title='bbox 813 5645 1012 5702; x_wconf 73' lang='lat' dir='ltr'><strong>Israel.</strong></span> <span class='ocrx_word' id='word_1_738' title='bbox 1060 5644 1209 5701; x_wconf 79' lang='lat' dir='ltr'><strong>Hine</strong></span> <span class='ocrx_word' id='word_1_739' title='bbox 1260 5659 1390 5715; x_wconf 77' lang='lat' dir='ltr'><strong>ergo</strong></span> <span class='ocrx_word' id='word_1_740' title='bbox 1444 5644 1719 5709; x_wconf 89' lang='lat' dir='ltr'><strong>ostendit,</strong></span> <span class='ocrx_word' id='word_1_741' title='bbox 1773 5626 2163 5715; x_wconf 79' lang='lat' dir='ltr'><strong>impermistum</strong></span> 
     </span>
    </p>
   </div>
   <div class='ocr_carea' id='block_1_105' title="bbox 2274 4901 3785 4980">
    <p class='ocr_par' dir='ltr' id='par_1_105' title="bbox 2274 4901 3785 4980">
     <span class='ocr_line' id='line_1_105' title="bbox 2274 4901 3785 4980; baseline -0.001 -20"><span class='ocrx_word' id='word_1_742' title='bbox 2274 4908 2718 4972; x_wconf 82' lang='grc' dir='ltr'>καθυποδείξειεν</span> <span class='ocrx_word' id='word_1_743' title='bbox 2776 4908 3057 4978; x_wconf 79' lang='grc' dir='ltr'>ἀληθειαν.</span> <span class='ocrx_word' id='word_1_744' title='bbox 3111 4910 3264 4980; x_wconf 80' lang='grc' dir='ltr'>Ἔχει</span> <span class='ocrx_word' id='word_1_745' title='bbox 3320 4910 3404 4975; x_wconf 84' lang='grc' dir='ltr'>δὲ,</span> <span class='ocrx_word' id='word_1_746' title='bbox 3431 4912 3505 4973; x_wconf 80' lang='grc' dir='ltr'>ὡς</span> <span class='ocrx_word' id='word_1_747' title='bbox 3546 4910 3634 4962; x_wconf 82' lang='grc' dir='ltr'><strong>ἀπ’</strong></span> <span class='ocrx_word' id='word_1_748' title='bbox 3664 4901 3785 4975; x_wconf 70' lang='grc' dir='ltr'>ἀρχῆς</span> 
     </span>
    </p>
   </div>
   <div class='ocr_carea' id='block_1_106' title="bbox 2273 4990 3788 5073">
    <p class='ocr_par' dir='ltr' id='par_1_106' title="bbox 2273 4990 3788 5073">
     <span class='ocr_line' id='line_1_106' title="bbox 2273 4990 3788 5073; baseline -0.005 -17"><span class='ocrx_word' id='word_1_749' title='bbox 2273 5000 2439 5056; x_wconf 79' lang='grc' dir='ltr'>αὑτὸν</span> <span class='ocrx_word' id='word_1_750' title='bbox 2464 5002 2639 5054; x_wconf 86' lang='grc' dir='ltr'>εἰπεῖν</span> <span class='ocrx_word' id='word_1_751' title='bbox 2666 5001 2757 5054; x_wconf 81' lang='grc' dir='ltr'>τὸν</span> <span class='ocrx_word' id='word_1_752' title='bbox 2782 5000 2939 5070; x_wconf 71' lang='grc' dir='ltr'>λόγον</span> <span class='ocrx_word' id='word_1_753' title='bbox 2964 5000 3126 5073; x_wconf 74' lang='grc' dir='ltr'><em>[ἄλλ.</em></span> <span class='ocrx_word' id='word_1_754' title='bbox 3159 5003 3341 5055; x_wconf 77' lang='grc' dir='ltr'>αὐτῶν</span> <span class='ocrx_word' id='word_1_755' title='bbox 3368 5003 3473 5056; x_wconf 81' lang='grc' dir='ltr'><strong>τῶν</strong></span> <span class='ocrx_word' id='word_1_756' title='bbox 3502 4996 3678 5069; x_wconf 73' lang='grc' dir='ltr'>λόγων]</span> 
     </span>
    </p>
   </div>
   <div class='ocr_carea' id='block_1_107' title="bbox 2356 5085 3788 5165">
    <p class='ocr_par' dir='ltr' id='par_1_107' title="bbox 2356 5085 3788 5165">
     <span class='ocr_line' id='line_1_107' title="bbox 2356 5085 3788 5165; baseline -0.002 -19"><span class='ocrx_word' id='word_1_757' title='bbox 2356 5093 2461 5147; x_wconf 79' lang='grc' dir='ltr'><em>Ἔν</em></span> <span class='ocrx_word' id='word_1_758' title='bbox 2489 5092 2620 5159; x_wconf 80' lang='grc' dir='ltr'>ταῖς</span> <span class='ocrx_word' id='word_1_759' title='bbox 2670 5095 2986 5162; x_wconf 75' lang='grc' dir='ltr'>ἱστορίαις,</span> <span class='ocrx_word' id='word_1_760' title='bbox 3018 5094 3176 5164; x_wconf 67' lang='grc' dir='ltr'>φησι,</span> <span class='ocrx_word' id='word_1_761' title='bbox 3211 5094 3343 5165; x_wconf 16' lang='grc' dir='ltr'><strong>τῶν,</strong></span> <span class='ocrx_word' id='word_1_762' title='bbox 3371 5095 3595 5149; x_wconf 78' lang='grc' dir='ltr'>δώδεκα</span> <span class='ocrx_word' id='word_1_763' title='bbox 3632 5085 3788 5160; x_wconf 63' lang='grc' dir='ltr'><em>φυλῶν</em></span> 
     </span>
    </p>
   </div>
   <div class='ocr_carea' id='block_1_108' title="bbox 2270 5180 3788 5256">
    <p class='ocr_par' dir='ltr' id='par_1_108' title="bbox 2270 5180 3788 5256">
     <span class='ocr_line' id='line_1_108' title="bbox 2270 5180 3788 5256; baseline 0.005 -17"><span class='ocrx_word' id='word_1_764' title='bbox 2270 5186 2380 5240; x_wconf 81' lang='grc' dir='ltr'>τοῦ</span> <span class='ocrx_word' id='word_1_765' title='bbox 2419 5184 2708 5254; x_wconf 74' lang='grc' dir='ltr'>Ἰσραὴλ,</span> <span class='ocrx_word' id='word_1_766' title='bbox 2737 5186 2818 5254; x_wconf 74' lang='grc' dir='ltr'><strong>ἦν</strong></span> <span class='ocrx_word' id='word_1_767' title='bbox 2842 5203 2931 5252; x_wconf 82' lang='grc' dir='ltr'><strong>τις</strong></span> <span class='ocrx_word' id='word_1_768' title='bbox 2972 5188 3241 5256; x_wconf 70' lang='grc' dir='ltr'>Ἰωακεὶμ</span> <span class='ocrx_word' id='word_1_769' title='bbox 3269 5190 3564 5252; x_wconf 63' lang='grc' dir='ltr'>πλούσιος</span> <span class='ocrx_word' id='word_1_770' title='bbox 3591 5180 3788 5252; x_wconf 53' lang='lat'><strong>09451“-</strong></span> 
     </span>
    </p>
   </div>
   <div class='ocr_carea' id='block_1_109' title="bbox 2272 5276 3790 5351">
    <p class='ocr_par' dir='ltr' id='par_1_109' title="bbox 2272 5276 3790 5351">
     <span class='ocr_line' id='line_1_109' title="bbox 2272 5276 3790 5351; baseline 0.002 -19"><span class='ocrx_word' id='word_1_771' title='bbox 2272 5280 2380 5332; x_wconf 75' lang='grc' dir='ltr'><strong>Σὺν</strong></span> <span class='ocrx_word' id='word_1_772' title='bbox 2419 5280 2807 5349; x_wconf 79' lang='grc' dir='ltr'>ἐπιτεταμὲνῳ</span> <span class='ocrx_word' id='word_1_773' title='bbox 2845 5280 3129 5351; x_wconf 78' lang='grc' dir='ltr'>ἐγκωμίῳ,</span> <span class='ocrx_word' id='word_1_774' title='bbox 3161 5281 3222 5332; x_wconf 81' lang='grc' dir='ltr'><strong>τὸ</strong></span> <span class='ocrx_word' id='word_1_775' title='bbox 3256 5281 3356 5349; x_wconf 80' lang='grc' dir='ltr'>τῆς</span> <span class='ocrx_word' id='word_1_776' title='bbox 3392 5276 3688 5348; x_wconf 74' lang='grc' dir='ltr'>συγγραφῆς</span> <span class='ocrx_word' id='word_1_777' title='bbox 3723 5285 3790 5321; x_wconf 63' lang='grc' dir='ltr'><strong>κει·</strong></span> 
     </span>
    </p>
   </div>
   <div class='ocr_carea' id='block_1_110' title="bbox 2271 5361 3791 5447">
    <p class='ocr_par' dir='ltr' id='par_1_110' title="bbox 2271 5361 3791 5447">
     <span class='ocr_line' id='line_1_110' title="bbox 2271 5361 3791 5447; baseline 0.001 -22"><span class='ocrx_word' id='word_1_778' title='bbox 2271 5371 2609 5443; x_wconf 81' lang='grc' dir='ltr'>ταϐέϐληται</span> <span class='ocrx_word' id='word_1_779' title='bbox 2655 5372 2978 5443; x_wconf 78' lang='grc' dir='ltr'>προοίμιον,</span> <span class='ocrx_word' id='word_1_780' title='bbox 3026 5375 3410 5447; x_wconf 77' lang='grc' dir='ltr'>ἐναργεστέρῳ</span> <span class='ocrx_word' id='word_1_781' title='bbox 3459 5372 3683 5439; x_wconf 71' lang='grc' dir='ltr'>δείγματ’</span> <span class='ocrx_word' id='word_1_782' title='bbox 3722 5361 3791 5427; x_wconf 62' lang='grc' dir='ltr'><strong>τὴν</strong></span> 
     </span>
    </p>
   </div>
   <div class='ocr_carea' id='block_1_111' title="bbox 2270 5451 3789 5538">
    <p class='ocr_par' dir='ltr' id='par_1_111' title="bbox 2270 5451 3789 5538">
     <span class='ocr_line' id='line_1_111' title="bbox 2270 5451 3789 5538; baseline -0.003 -20"><span class='ocrx_word' id='word_1_783' title='bbox 2270 5465 2380 5519; x_wconf 85' lang='grc' dir='ltr'><strong>τῶν</strong></span> <span class='ocrx_word' id='word_1_784' title='bbox 2415 5464 2545 5537; x_wconf 80' lang='grc' dir='ltr'>ἑξῆς</span> <span class='ocrx_word' id='word_1_785' title='bbox 2582 5465 2779 5538; x_wconf 81' lang='grc' dir='ltr'>δηλοῦν</span> <span class='ocrx_word' id='word_1_786' title='bbox 2826 5466 3248 5537; x_wconf 88' lang='grc' dir='ltr'>μεγαλειότητα,</span> <span class='ocrx_word' id='word_1_787' title='bbox 3289 5467 3354 5520; x_wconf 86' lang='grc' dir='ltr'><strong>Τί</strong></span> <span class='ocrx_word' id='word_1_788' title='bbox 3402 5467 3456 5520; x_wconf 82' lang='grc' dir='ltr'>δὲ</span> <span class='ocrx_word' id='word_1_789' title='bbox 3494 5466 3579 5527; x_wconf 74' lang='grc' dir='ltr'>τὸ,</span> <span class='ocrx_word' id='word_1_790' title='bbox 3608 5461 3667 5514; x_wconf 79' lang='grc' dir='ltr'><strong>ἐν</strong></span> <span class='ocrx_word' id='word_1_791' title='bbox 3702 5451 3789 5515; x_wconf 73' lang='grc' dir='ltr'>ταῖς</span> 
     </span>
    </p>
   </div>
   <div class='ocr_carea' id='block_1_112' title="bbox 2272 5559 3788 5631">
    <p class='ocr_par' dir='ltr' id='par_1_112' title="bbox 2272 5559 3788 5631">
     <span class='ocr_line' id='line_1_112' title="bbox 2272 5559 3788 5631; baseline -0.009 -19"><span class='ocrx_word' id='word_1_792' title='bbox 2272 5559 2586 5627; x_wconf 66' lang='grc' dir='ltr'>ἱστορίαις,</span> <span class='ocrx_word' id='word_1_793' title='bbox 2620 5559 3018 5631; x_wconf 83' lang='grc' dir='ltr'>ὑποσημαίνειν</span> <span class='ocrx_word' id='word_1_794' title='bbox 3061 5559 3350 5631; x_wconf 62' lang='lat' dir='ltr'><strong>pedite-cat;</strong></span> <span class='ocrx_word' id='word_1_795' title='bbox 3391 5560 3481 5614; x_wconf 84' lang='lat' dir='ltr'><strong>‘Ev</strong></span> <span class='ocrx_word' id='word_1_796' title='bbox 3506 5559 3614 5620; x_wconf 81' lang='grc' dir='ltr'>ταῖς</span> <span class='ocrx_word' id='word_1_797' title='bbox 3643 5562 3788 5620; x_wconf 84' lang='grc' dir='ltr'>γενεα-</span> 
     </span>
    </p>
   </div>
   <div class='ocr_carea' id='block_1_113' title="bbox 2274 5635 3789 5722">
    <p class='ocr_par' dir='ltr' id='par_1_113' title="bbox 2274 5635 3789 5722">
     <span class='ocr_line' id='line_1_113' title="bbox 2274 5635 3789 5722; baseline -0.018 -2"><span class='ocrx_word' id='word_1_798' title='bbox 2274 5648 2488 5718; x_wconf 79' lang='grc' dir='ltr'>λογίαις</span> <span class='ocrx_word' id='word_1_799' title='bbox 2510 5690 2526 5717; x_wconf 68' lang='grc' dir='ltr'><strong>ν</strong></span> <span class='ocrx_word' id='word_1_800' title='bbox 2561 5651 2732 5722; x_wconf 66' lang='grc' dir='ltr'>φησι,</span> <span class='ocrx_word' id='word_1_801' title='bbox 2765 5651 2886 5707; x_wconf 84' lang='grc' dir='ltr'><strong>τῶν</strong></span> <span class='ocrx_word' id='word_1_802' title='bbox 2924 5651 3157 5709; x_wconf 77' lang='grc' dir='ltr'>δώδεκα</span> <span class='ocrx_word' id='word_1_803' title='bbox 3191 5653 3297 5708; x_wconf 80' lang='grc' dir='ltr'><strong>τοῦ</strong></span> <span class='ocrx_word' id='word_1_804' title='bbox 3337 5650 3573 5721; x_wconf 70' lang='grc' dir='ltr'>Ἰσραὴλ</span> <span class='ocrx_word' id='word_1_805' title='bbox 3606 5635 3789 5716; x_wconf 69' lang='grc' dir='ltr'><strong>φυλῶν.</strong></span> 
     </span>
    </p>
   </div>
   <div class='ocr_carea' id='block_1_114' title="bbox 668 5795 2146 5872">
    <p class='ocr_par' dir='ltr' id='par_1_114' title="bbox 668 5795 2146 5872">
     <span class='ocr_line' id='line_1_114' title="bbox 668 5795 2146 5872; baseline 0.004 -22"><span class='ocrx_word' id='word_1_806' title='bbox 668 5800 775 5869; x_wconf 75' lang='lat'><strong>(15)</strong></span> <span class='ocrx_word' id='word_1_807' title='bbox 800 5799 877 5853; x_wconf 58' lang='lat' dir='ltr'><strong>Es</strong></span> <span class='ocrx_word' id='word_1_808' title='bbox 922 5800 1059 5856; x_wconf 89' lang='lat' dir='ltr'><strong>libro</strong></span> <span class='ocrx_word' id='word_1_809' title='bbox 1098 5798 1286 5854; x_wconf 80' lang='lat' dir='ltr'><strong>Jacobi</strong></span> <span class='ocrx_word' id='word_1_810' title='bbox 1328 5795 1655 5868; x_wconf 70' lang='grc' dir='ltr'>ἀδελφοοέου</span> <span class='ocrx_word' id='word_1_811' title='bbox 1692 5804 1929 5872; x_wconf 83' lang='lat' dir='ltr'><strong>nomine,</strong></span> <span class='ocrx_word' id='word_1_812' title='bbox 1952 5803 2015 5857; x_wconf 88' lang='lat' dir='ltr'><strong>de</strong></span> <span class='ocrx_word' id='word_1_813' title='bbox 2045 5809 2146 5858; x_wconf 86' lang='lat' dir='ltr'><strong>ortt</strong></span> 
     </span>
    </p>
   </div>
   <div class='ocr_carea' id='block_1_115' title="bbox 2246 5795 2506 5872">
    <p class='ocr_par' dir='ltr' id='par_1_115' title="bbox 2248 5802 2506 5860">
     <span class='ocr_line' id='line_1_115' title="bbox 2248 5802 2506 5860; baseline 0.012 -3"><span class='ocrx_word' id='word_1_814' title='bbox 2248 5843 2262 5857; x_wconf 92' lang='lat'><strong>.</strong></span> <span class='ocrx_word' id='word_1_815' title='bbox 2304 5802 2506 5860; x_wconf 56' lang='grc' dir='ltr'><strong>Μαι-ἰαὶ.</strong></span> 
     </span>
    </p>
   </div>
   <div class='ocr_carea' id='block_1_116' title="bbox 3104 5914 3285 5936">
    <p class='ocr_par' dir='ltr' id='par_1_116' title="bbox 3104 5914 3285 5936">
     <span class='ocr_line' id='line_1_116' title="bbox 3104 5914 3285 5936; baseline -0.017 0"><span class='ocrx_word' id='word_1_816' title='bbox 3104 5932 3111 5936; x_wconf 87' lang='grc'>.</span> <span class='ocrx_word' id='word_1_817' title='bbox 3134 5926 3162 5934; x_wconf 67' lang='grc' dir='ltr'>ο.</span> <span class='ocrx_word' id='word_1_818' title='bbox 3258 5914 3285 5933; x_wconf 64' lang='grc' dir='ltr'><strong>ὁ.</strong></span> 
     </span>
    </p>
   </div>
  </div>
