4060 6420
285 317 424 383 1385
1101 304 1185 366 IN
1225 303 1329 364 SS.
1372 255 1727 362 DEIPARE
1761 290 2344 357 CONCEPTIONEM
2381 289 2477 350 ET
2515 287 2688 346 NAT.
3401 273 3536 336 1336

280 430 567 486 Δείκνυσιν
602 417 696 477 οὑν
723 417 996 484 ἐντεῦθεν,
1037 415 1396 488 ἀνεπίμικτον
1426 411 1635 469 ἄνωθεν
1665 410 1727 464 τὸ
1767 409 1864 480 βα-

2004 407 2182 476 cgium
2213 418 2382 474 genus
2413 417 2441 456 a
2476 395 2774 468 majoribus
2805 391 3119 456 ducentem,
3150 387 3309 460 legali
3345 403 3543 459 proge-

285 523 483 578 σίλειον
509 515 820 584 κατάγοντα
841 511 1022 582 γένος,
1047 507 1403 579 προγονικαῖς
1428 521 1488 557 τε
1509 503 1605 558 καὶ
1632 500 1864 564 οἰκείαις

2011 499 2211 553 iterum
2249 511 2458 566 suaque
2491 491 2752 560 religione
2783 503 2845 543 ac
2885 483 3233 540 observantia
3287 483 3546 537 honesta-

283 585 679 684 ίεραιρόμενον
726 603 1042 674 εὑνομίαις,
1085 598 1361 671 ὲπίσημόν
1409 613 1530 650 τινα
1573 594 1667 648 καὶ
1716 591 1863 658 ἐξαί-

2004 605 2083 645 um
2121 589 2213 660 qui
2257 587 2493 659 insignis
2527 601 2591 640 ac
2622 579 2857 656 eximius
2883 579 3152 641 haberet,
3199 577 3254 630 in
3294 574 3544 631 tribubus

288 669 473 776 ρετον,
514 669 574 753 ἐν
615 700 737 761 ταῖς
776 669 870 750 τού
927 691 1148 766 Ἰσραὴλ
1195 669 1593 762 προκρίνεσθαι
1647 685 1860 754 φυλαῖς.

2004 680 2148 736 srael
2211 681 2414 752 primas
2452 683 2803 734 consecutura
2855 685 2994 728 esse.
3037 669 3174 726 Tum
3237 684 3408 733 vero,
3455 670 3546 723 ubi

286 792 418 850 Εἶτα
444 793 539 845 καὶ
579 787 674 843 τὸν
711 787 944 841 πλοῦτον
967 827 983 852 ,
1022 783 1322 856 τεκμήριόν
1358 800 1411 836 τι
1444 781 1544 852 τῆς
1592 777 1866 848 ὑπεροχῆς

2004 771 2228 839 criptor,
2266 785 2364 824 ceu
2415 768 2672 823 indicium
2709 762 2980 834 quoddam
3019 762 3352 831 praestantiae
3401 760 3502 814 viri
3531 801 3544 822 ,

285 886 312 939 ὁ
344 881 698 953 συγγραφεὺς
735 874 1022 941 τεθεικὼς,
1056 875 1206 943 λέγει
1241 872 1337 926 καὶ
1368 871 1429 924 τὸ
1455 871 1550 942 τῆς
1585 863 1865 922 δικαιοσύ-

2004 859 2199 914 livitias
2233 872 2451 930 quoque
2477 856 2750 927 posuisset
2779 871 2794 922 ;
2849 851 3347 924 singularissimatn
3396 851 3550 904 dein-

285 992 381 1046 νης
642 967 934 1027 ἰδιαίτατον
980 942 1154 1036 ὁμοῦ,
1190 964 1284 1016 καὶ
1315 961 1534 1016 πάντων
1579 955 1868 1027 ὁμοφύλων

2007 967 2103 1020 eps
2129 951 2249 1021 ejus
2272 949 2544 1020 justitiam
2567 987 2583 1014 ,
2614 961 2678 1000 ac
2706 961 2811 1014 qua
2845 942 3113 998 universis
3149 943 3547 1001 contribulibns

286 1035 754 1137 ὑπερανεστηκός.
803 1035 1148 1128 Προσέέρερε
1195 1056 1338 1126 γὰρ,
1385 1052 1554 1122 φησιν
1596 1048 1753 1118 δῶρα
1790 1044 1870 1137 τῷ

2004 1043 2345 1108 Irascelleret,
2379 1041 2532 1096 dicit.
2573 1037 2842 1108 Offerebat
2879 1036 3047 1100 enim,
3081 1035 3279 1104 inquit,
3315 1035 3549 1103 duplicia

287 1125 482 1228 Κυρίῳ
515 1125 728 1211 διπλᾶ.
761 1125 970 1216 "Ov—rw;
999 1125 1173 1220 διπλῷ
1204 1125 1285 1218 τῷ
1316 1145 1534 1214 πλούτῳ
1563 1141 1758 1212 ἐκόμα.
1795 1136 1871 1192 Τὸ

2004 1135 2116 1188 lana
2153 1133 2400 1187 Domino.
2428 1131 2591 1186 Plane
2616 1129 2958 1198 gloriabatur
2984 1127 3296 1197 duplicibus
3321 1125 3550 1181 divitiis.

287 1219 396 1321 γὰρ
423 1219 588 1301 διπλᾶ
618 1247 686 1300 τὰ
713 1245 864 1316 δῶρα
899 1240 1214 1312 καθιεροῦν,
1247 1237 1316 1292 τὰ
1347 1235 1442 1290 τοῦ
1473 1235 1740 1305 παρόντος
1774 1229 1872 1321 μὲν

2004 1227 2128 1294 Quod
2155 1225 2301 1281 enim
2327 1223 2560 1292 duplicia
2589 1223 2730 1278 dona
2762 1223 2806 1276 is
2842 1229 3216 1286 consecraret,
3251 1219 3304 1274 id
3335 1219 3552 1290 agebat,

288 1343 384 1394 καὶ
441 1337 659 1409 ῥέοντος
707 1333 999 1406 ὲκμειοῦν,
1035 1331 1104 1386 τὰ
1143 1329 1201 1383 δὲ
1249 1327 1345 1382 τοῦ
1399 1327 1652 1397 μένοντος
1698 1319 1872 1375 εἰσαεὶ

2004 1329 2032 1373 ιι
2060 1330 2114 1374 et
2144 1320 2269 1374 vitae
2298 1317 2462 1388 hujus
2493 1357 2506 1382 ,
2543 1316 2790 1386 ﬂuxique
2821 1315 3137 1370 divitiarum
3174 1313 3419 1368 thesauri
3462 1313 3556 1367 mi-

288 1427 586 1498 πληθύνειν
640 1421 1028 1496 παρεσκεύαζε
1073 1417 1532 1488 θησαυρίσματα·
1586 1413 1620 1485 ἢ
1674 1411 1870 1482 δῆλον,

2004 1424 2318 1479 tuerentur;
2365 1420 2652 1466 manentes
2691 1419 2875 1465 autem
2909 1417 3176 1478 perpetuo
3207 1407 3426 1462 cumulo
3456 1423 3554 1460 illl-

286 1521 362 1583 ὡς
388 1520 512 1574 οὑδὲ
563 1517 797 1572 πλοῦτον
827 1515 914 1569 εἴα
939 1513 1030 1568 τὸν
1056 1509 1474 1582 παρατρέχοντα
1499 1507 1701 1578 μένειν,
1739 1503 1874 1574 πρὸς

2004 1512 2257 1571 gerentur.
2292 1502 2484 1558 Nonne
2522 1502 2728 1572 liquet,
2780 1510 2838 1555 ut
2874 1513 3053 1570 neque
3087 1497 3310 1568 fugaces
3341 1497 3561 1552 divitias

286 1613 348 1668 τδ
393 1610 626 1683 ἀρκετὸν
659 1608 820 1662 αὑτὸν
860 1603 1136 1676 ὁσημέραι
1171 1599 1518 1665 συστέλλων;
1559 1595 1730 1650 Τοῦτο
1765 1593 1874 1683 γὰρ

2004 1611 2200 1650 nanere
2233 1597 2463 1660 sineret,
2500 1593 2750 1664 quotidie
2780 1603 3034 1656 arctans,
3068 1593 3136 1644 ad
3169 1591 3221 1644 id
3252 1588 3398 1659 quod
3427 1589 3562 1643 satis

287 1680 445 1760 καὶὸ
498 1702 658 1770 λόγος
727 1695 1210 1760 καθυποδείκνυσι.
1260 1689 1604 1758 Προσέφερε
1647 1685 1758 1756 τὰρ
1804 1682 1876 1737 τὰ

2004 1687 2309 1744 :ssetHloe
2365 1687 2512 1743 enim
2561 1687 2728 1742 etiam
2777 1683 2953 1741 oratio
3007 1683 3256 1738 indicat:
3295 1680 3564 1750 Olferebat

286 1793 448 1862 δῶρα
490 1791 678 1846 αὐτοῦ
715 1789 796 1854 τῷ
829 1787 1026 1855 Κυρίῳ
1056 1781 1244 1839 διπλᾶ
1267 1821 1282 1846 ,
1319 1779 1517 1850 λέγων
1557 1779 1626 1832 ἐν
1663 1771 1875 1840 ἐαυτῷο

2004 1780 2118 1834 ruim
2151 1781 2290 1834 dona
2317 1797 2416 1834 sua
2458 1777 2694 1849 duplicia
2739 1776 2998 1841 Domino,
3043 1775 3224 1830 dicens
3275 1772 3417 1842 apud
3460 1787 3516 1826 se
3544 1784 3563 1822 :

294 1884 489 1937 Ἔστω
525 1881 596 1935 τὰ
631 1877 744 1948 τῆς
745 1877 1140 1974 κτεριουσίας
1169 1889 1290 1944 μου
1345 1869 1526 1924 παντὶ
1576 1867 1656 1934 τῷ
1707 1867 1870 1932 λαῷ,

2004 1869 2066 1926 iit
2121 1887 2234 1926 mea
2283 1870 2614 1924 abundantia
2649 1869 2890 1924 universo
2937 1866 3130 1938 pupula
3159 1907 3174 1934 ,
3215 1881 3278 1920 ac
3325 1864 3565 1918 remissio

2139 1964 2285 1974 _.
2408 1962 2442 1974 λ

289 1978 389 2031 καὶ
447 1975 516 2028 τὸ
559 1972 670 2041 τῆς
715 1955 992 2040 ἀξρέσεώς
1031 1985 1176 2038 μου,
1213 1965 1405 2033 Κυρίῳ
1443 1961 1522 2028 τῷ
1573 1960 1696 2026 Θεῷ
1729 1976 1870 2029 μου.

2004 1981 2094 2019 nea
2131 1964 2354 2019 Domino
2397 1962 2508 2018 Deo
2554 1979 2688 2018 meo.
2725 1959 2862 2017 Vide
2903 1961 3130 2032 justitiae
3163 1959 3350 2031 legalis
3383 1955 3568 2013 excel-

293 2067 436 2134 Ὅρα
464 2065 564 2136 τῆς
607 2065 664 2116 ὲν
712 2062 863 2132 νόμῳ
899 2059 1246 2127 δικαιοσύνης
1291 2055 1634 2126 ὑπερϐολήν·
1681 2052 1875 2105 σκόπει

289 2159 390 2229 τὴν
432 2159 494 2210 ὲν
538 2153 863 2214 ἀποστόλοις
917 2147 1316 2220 εὑαγγελικὴν,
1377 2148 1436 2200 ὲν
1481 2148 1598 2209 τοῖς
1646 2143 1876 2206 δικαίοις

289 2248 509 2312 τούτοις
553 2241 1110 2318 προκατορθωθεϊσαν
1160 2237 1474 2293 πολιτείαν’
1525 2239 1776 2307 κρεῖττον
1819 2233 1878 2286 δὲ

290 2340 500 2410 λέγειν,
538 2331 1148 2408 ὑπερκατοροωθεῖσαν.
1183 2331 1382 2384 Ἔστω
1412 2326 1479 2382 τὸ
1505 2325 1616 2396 τῆς
1640 2337 1882 2393 περιου-

291 2432 436 2497 σίας
457 2447 583 2500 μου
621 2426 803 2480 παντὶ
847 2424 926 2490 τῷ
966 2421 1116 2489 λαῷ.
1149 2419 1366 2492 Μηδὲν,
1409 2417 1578 2490 φησιν
1601 2457 1617 2482 ,
1663 2415 1753 2486 εἴη
1789 2431 1884 2468 πε-

297 2523 481 2596 ριττὸν
512 2522 620 2576 τῶν
654 2518 994 2588 ἀναγκαίων.
1031 2515 1202 2571 Παντὶ
1241 2513 1320 2584 τῷ
1353 2509 1468 2583 λαῷ
1501 2508 1568 2564 τὰ
1599 2507 1742 2579 ὑπὲρ
1784 2505 1884 2580 τὴν

291 2617 491 2690 χρείαν
539 2613 872 2689 προκείσθω.
927 2612 1070 2665 Πᾶσι
1107 2607 1264 2664 κοινὰ
1320 2606 1389 2661 τὰ
1421 2605 1520 2676 τῆς
1563 2601 1887 2674 περιουσίας

293 2707 570 2780 ἀφείσθω.
608 2707 672 2760 Ὦ
699 2704 1052 2774 δικαιοτάτης
1082 2703 1178 2756 καὶ
1207 2699 1432 2770 γνώμης
1471 2699 1570 2752 καὶ
1599 2695 1840 2767 κρίσεως
1867 2695 1882 2747 l

295 2801 361 2856 Ὠ
419 2797 663 2854 πλούτου
733 2797 791 2850 ὲν
853 2789 1731 2866 ἀσυλήτοις,συγκεκομισμένου
1789 2803 1888 2840 τα·-

293 2888 504 2962 μιείοις
529 2890 542 2944 ι
573 2887 746 2952 οὕτως
772 2887 807 2959 ἡ
834 2889 898 2941 ὲκ
922 2884 1224 2958 προοιμίων
1243 2881 1688 2955 ὑπερανέστηκεν
1709 2877 1889 2934 αὑτῶν

293 2983 499 3056 ἀρετή.
545 2979 708 3034 Ἀλλὰ
735 2978 844 3048 γὰρ
873 2981 970 3033 καὶ
995 2978 1184 3048 ἕτερον
1205 2975 1388 3040 αὑτοῖς
1415 2972 1727 3044 ὑπερϐολῆς
1757 2987 1890 3026 κατ-

297 3072 532 3146 όρθωμα
557 3109 574 3138 ,
619 3071 684 3124 ὲκ
731 3069 843 3124 τῶν
877 3069 1004 3141 ἑξῆς
1048 3067 1414 3139 διαφαίνεται.
1453 3063 1610 3120 Μετὰ
1646 3063 1755 3135 γὰρ
1791 3061 1891 3134 τὴν

1985 2058 2230 2114 lentiatn.
2277 2055 2414 2112 Vide
2459 2057 2826 2128 erangclicam
2861 2054 3232 2125 apostolorum
3269 2049 3571 2107 inStitutio-

1985 2166 2109 2206 nem
2145 2149 2405 2220 praeclare
2437 2149 2776 2214 exhibitam,
2827 2163 2922 2202 seu
2979 2155 3035 2200 ut
3089 2129 3282 2214 loquar
3335 2142 3568 2206 melius,

1990 2251 2328 2314 superatam.
2360 2241 2445 2298 Sit
2477 2257 2590 2296 mea
2622 2240 2952 2294 abundantia
2986 2243 3128 2293 omni
3155 2235 3368 2308 populo.
3400 2235 3570 2296 Nihil,

1991 2334 2202 2406 inquit,
2253 2334 2308 2389 in
2365 2333 2691 2389 necessariis
2725 2334 2888 2388 rebus
2941 2331 3273 2402 superﬂuum
3325 2329 3420 2386 sit.
3449 2327 3572 2383 Toti

1992 2427 2190 2498 populo
2226 2427 2504 2498 proposita
2539 2425 2672 2493 sint,
2700 2440 2824 2498 quae
2847 2426 2988 2480 ultra
3021 2423 3394 2480 necessarium
3419 2436 3574 2476 usum

1994 2519 2293 2575 abundant.
2329 2517 2650 2574 Communis
2682 2515 2962 2573 universis
2987 2514 3147 2571 cedat
3177 2528 3296 2568 mea
3321 2513 3580 2568 substan-

1996 2614 2090 2667 tia.
2129 2611 2174 2668 Ο
2235 2611 2450 2682 plenam
2512 2609 2726 2680 justitia
2780 2617 3018 2664 mentem
3069 2603 3483 2676 judiciuntqucl
3534 2604 3578 2657 ί)

1997 2703 2218 2759 divitias
2254 2703 2666 2760 inviolabilibus
2693 2703 2964 2758 thesauris
3019 2701 3342 2771 importatas
3382 2718 3396 2754 :
3430 2708 3581 2754 tanto

1997 2811 2226 2854 excessu
2261 2795 2560 2868 praecelluit
2593 2810 2783 2852 eorum
2819 2795 2994 2850 \irtus
3019 2795 3087 2850 ab
3109 2795 3363 2850 exordio.
3391 2793 3498 2850 Sed
3527 2803 3582 2848 et

1999 2889 2105 2946 alia
2151 2905 2340 2945 eorum
2379 2889 2600 2944 virtutis
2641 2887 2967 2945 excellentia
3003 2903 3071 2944 ex
3103 2888 3462 2959 sequentibus
3491 2904 3584 2942 os-

2003 2981 2264 3036 tenditur.
2291 2981 2586 3051 Postquam
2615 2980 2761 3036 enim
2794 2979 2938 3034 intra
2973 2981 3094 3051 ejus
3125 2981 3270 3050 quod
3308 2979 3584 3036 sutlicerct

2006 3081 2202 3140 metas,
2239 3072 2463 3128 divitias
2492 3079 2926 3138 contraxerant,
2959 3071 3200 3143 legitima
3227 3071 3434 3137 omnia,
3469 3081 3582 3128 tum

301 3165 383 3230 εἰς
426 3165 490 3218 τὸ
517 3162 795 3235 αὔταρκες
822 3161 918 3216 τοῦ
955 3160 1192 3216 πλούτου
1233 3157 1531 3230 συστολὴν,
1572 3157 1643 3211 τὰ
1677 3172 1892 3226 νενομι-

2004 3181 2120 3239 qua)
2152 3168 2218 3222 ad
2255 3165 2596 3234 neomenias,
2622 3172 2738 3220 tum
2769 3180 2891 3236 qua:
2917 3165 2984 3220 ad
3018 3165 3268 3232 donaria,
3298 3167 3585 3222 victimas-
3659 3224 3664 3232 ,

303 3258 480 3331 σμὲνα
520 3257 707 3311 πάντα
749 3255 880 3328 περί
907 3271 966 3308 τε
1009 3252 1354 3326 νουμηνιῶν,
1389 3251 1487 3304 καὶ
1521 3249 1728 3320 ὲθίμων
1762 3250 1895 3303 ἀνα-

2004 3277 2103 3332 que
2134 3276 2232 3333 pro
2264 3259 2526 3331 peccatis,
2562 3274 2626 3314 ac
2675 3257 2992 3330 corporales
3028 3258 3383 3316 Iustrationes
3410 3302 3424 3327 ,
3459 3277 3584 3330 spe-

301 3342 608 3422 θημ¹άτων,
659 3347 866 3402 θυσιῶν
909 3362 972 3400 τε
1006 3344 1328 3415 ὰφεσίμων,
1361 3341 1457 3395 καὶ
1489 3338 1894 3421 δκαθαρτηρίων

2004 3354 2220 3410 stabant
2245 3395 2260 3420 ,
2302 3353 2368 3408 de
2421 3353 2726 3408 substantia
2771 3351 2978 3422 reliqua
3007 3393 3022 3417 ,
3057 3356 3440 3410 universorum
3474 3355 3583 3410 Dcu

303 3440 646 3514 σωματικῶν
671 3478 686 3505 ,
735 3441 800 3493 ὲκ
847 3437 958 3492 τῶν
991 3437 1252 3500 ἐνόντων,
1300 3433 1378 3506 τῷ
1423 3431 1534 3486 τῶν
1583 3432 1722 3485 ὅλων
1774 3429 1896 3500 Θεῷ

2004 3445 2299 3503 offerebant
2355 3463 2370 3500 :
2423 3441 2492 3501 Et
2543 3444 2784 3498 remissio
2844 3461 2958 3498 mea
3013 3444 3243 3502 Domino
3305 3445 3414 3502 Deo
3449 3465 3582 3503 mea.

297 3533 735 3621 προσεκόμιζον.
763 3530 874 3586 Καὶ
904 3529 969 3584 τό
999 3527 1112 3598 τῆς
1133 3525 1406 3598 ἀφέσεώς
1427 3543 1570 3596 μου,
1597 3523 1789 3592 Κυρίῳ
1817 3519 1898 3588 τῷ

2004 3539 2386 3606 Quamobrem,
2422 3537 2618 3592 nedum
2652 3537 2704 3591 in
2739 3537 2791 3591 id
2820 3537 2967 3606 quod
3005 3539 3139 3593 satis
3173 3549 3346 3606 esset,
3388 3541 3482 3596 sed
3522 3552 3580 3595 nt

305 3627 430 3694 Θεῷ
461 3644 610 3696 μου.
656 3616 858 3689 Ὥστε,
911 3623 972 3676 οὑ
1011 3622 1173 3694 μόνον
1217 3622 1298 3684 εἰς
1341 3619 1402 3672 τὸ
1451 3615 1719 3689 ἀρκετὸν,
1761 3615 1898 3670 ἀλλὰ

2004 3640 2054 3686 et
2083 3630 2182 3700 ipsi
2215 3629 2541 3697 indigerent,
2578 3629 2746 3683 divisa
2775 3644 2963 3684 eorum
2997 3631 3226 3687 cedebat
3258 3635 3585 3692 substantia.

301 3723 400 3776 καὶ
429 3722 514 3784 εἰς
542 3719 604 3772 τὸ
626 3717 802 3772 ἐνδέον
835 3717 1040 3783 αὑτοῖς,
1070 3715 1138 3769 τὰ
1169 3714 1268 3785 τῆς
1299 3712 1620 3784 περιουσίας
1653 3709 1896 3780 ὑπετέμ-

301 3831 448 3870 νετο.
482 3812 598 3866 Καὶ
636 3811 718 3874 τὸ,
768 3808 974 3880 Λέγων
1009 3807 1078 3862 δὲ
1111 3808 1181 3862 ἐν
1209 3804 1422 3873 ἐαυτῷ,
1462 3803 1572 3858 τῶν
1602 3805 1726 3857 κατ’
1757 3802 1904 3868 ἐξαί-

306 3922 468 3978 ρετον
491 3921 506 3938 ’
546 3903 647 3956 σὺν
677 3900 756 3972 τῷ
780 3901 880 3972 τῆς
906 3899 1188 3963 εὐϐουλίας
1213 3898 1322 3970 γὰρ
1357 3895 1680 3966 σοφωτάτῳ,
1710 3893 1807 3948 καὶ
1835 3895 1904 3946 τὰ

300 3999 406 4068 τῆς
445 3995 731 4068 ὑπεροχῆς
765 3995 860 4048 τοῦ
905 3993 1194 4067 εἰρηκότος
1246 3989 1552 4066 παρίστησι
1596 3989 1900 4062 δείγματα·

301 4071 514 4164 οὑίγὰρ
551 4091 634 4152 εἰς
681 4088 902 4159 ἑτέρους
933 4086 1165 4154 ἀπιδὼν,
1199 4086 1320 4140 οὑδὲ
1352 4083 1766 4158 παραδείγμασί
1794 4097 1905 4135 τισι

303 4182 737 4256 προσεσχηκὼς,
775 4182 952 4256 ταῦτα
992 4180 1264 4251 ἔπραττεν
1289 4195 1304 4210 ·
1343 4179 1458 4232 ἀλλ’
1487 4177 1654 4240 αὑτὸς
1683 4176 1751 4230 δι’
1777 4175 1908 4228 ἐαυ-

302 4253 402 4332 τοῦ
437 4279 499 4330 eo
527 4253 746 4345 ἀγαθὸν
783 4253 1128 4344 ἐφευρίσκων
1153 4271 1454 4340 ἐξεπλήρου
1474 4285 1487 4298 ·
1521 4269 1616 4322 καὶ
1643 4267 1745 4337 οὑχ
1772 4267 1906 4319 ὑπο-

305 4369 514 4440 θήκαις
549 4366 816 4430 παλαιαῖς
838 4406 854 4432 ,
901 4365 998 4417 καὶ
1037 4362 1386 4434 νομοθεσίαις
1428 4360 1567 4432 πρὸς
1595 4359 1658 4413 τὸ
1695 4357 1906 4412 τοιοῦτο

2004 3723 2110 3778 Sed
2145 3732 2202 3778 et
2236 3722 2389 3789 illud,
2422 3721 2575 3792 Apud
2596 3738 2650 3777 se
2683 3723 2887 3790 dicens,
2924 3725 3139 3780 eximiae
3164 3726 3450 3797 cujusdam
3481 3729 3591 3784 vir-

2006 3815 2137 3870 tutis
2187 3829 2275 3870 res
2318 3825 2404 3868 est
2451 3831 2466 3869 :
2504 3823 2704 3884 praeter
2750 3817 2898 3870 enim
2935 3801 3350 3875 cordatissimte'
3387 3822 3590 3876 mentis

2005 3903 2315 3971 consilium,
2352 3905 2516 3958 etiam
2547 3904 2665 3974 ejus
2687 3904 2778 3974 qui
2813 3904 2952 3961 dixit
2975 3905 3193 3962 virtutis
3216 3909 3589 3976 pnes-tantiam

2005 3999 2265 4081 ostendit.
2309 3997 2517 4067 Quippe
2557 3996 2671 4052 haec
2708 3995 2952 4065 agebat,
3003 4013 3110 4052 non
3149 3997 3206 4052 in
3241 3999 3379 4054 alios
3415 4001 3592 4071 respi-

2005 4091 2176 4156 ciens,
2209 4100 2302 4146 aut
2331 4090 2476 4144 velut
2507 4089 2772 4160 exemplis
2795 4089 2920 4145 ullis
2943 4101 3178 4146 mentem
3211 4092 3590 4164 adhibuisset;

2008 4183 2104 4238 sed
2141 4183 2256 4254 ipse
2290 4197 2386 4254 per
2421 4198 2481 4239 se
2512 4183 2792 4254 inventor,
2825 4185 3022 4240 bonum
3061 4185 3396 4256 adimplrbat
3425 4205 3442 4242 :
3490 4205 3592 4244 nc-

2007 4291 2114 4344 que
2143 4265 2548 4346 antiquioribus
2578 4275 2924 4331 documentis
2977 4276 3295 4347 legibusque
3344 4280 3412 4334 ad
3449 4297 3591 4350 prae-

2009 4367 2218 4422 clarum
2253 4368 2390 4422 adeo
2425 4365 2636 4422 facinus
2671 4367 3080 4452 manuducitur,
3117 4369 3210 4424 sed
3247 4371 3362 4440 ipse
3391 4373 3594 4428 bonum

303 4463 748 4533 χειραγωγεῖται
782 4456 1144 4530 κατόρθωμα,
1177 4453 1294 4508 ἀλλ’
1323 4452 1488 4516 αὑτὸς
1512 4452 1776 4524 κατάρχει
1806 4450 1898 4522 τῆς

2013 4458 2232 4514 inchoat
2261 4473 2422 4527 opus,
2453 4474 2515 4514 ac
2545 4459 2772 4530 reliquis
2799 4450 3062 4530 deinceps
3092 4456 3374 4532 legislatbr
3403 4467 3472 4521 ab
3505 4483 3597 4521 ac-

301 4555 418 4608 τῶν
447 4551 641 4608 καλῶν
680 4551 968 4622 ἐργασίας,
1001 4549 1096 4602 καὶ
1127 4545 1429 4616 πρακτικὸς
1465 4544 1765 4616 νομοθέτης
1793 4545 1898 4606 τοῖς

2013 4550 2160 4604 tione
2214 4548 2468 4604 eﬂlcitnr.
2524 4548 2659 4604 Vide
2713 4559 2771 4604 ut
2808 4552 2862 4606 hi
2909 4553 3104 4605 merito
3132 4553 3302 4623 jusus
3342 4557 3598 4612 omnibus

307 4646 432 4718 μετ’
470 4644 646 4729 αὑτὸν
690 4642 1038 4697 καθίσταται.
1091 4639 1236 4710 Ὅρα
1281 4636 1400 4702 πῶς
1443 4635 1743 4704 ἀξιολόγως
1797 4633 1898 4688 τῶν

2013 4642 2256 4711 potiores
2285 4641 2456 4697 habiti
2495 4642 2624 4697 sint.
2655 4641 2786 4698 Dico
2824 4654 3006 4698 autem
3045 4647 3240 4700 merito
3265 4689 3282 4714 ,
3317 4664 3423 4703 non
3453 4653 3596 4720 quod

306 4738 586 4792 ἁπάντων
615 4725 781 4788 ὀὗτοι
835 4732 1062 4786 δικαίων
1110 4727 1528 4802 προκέκρινται.
1589 4725 1898 4795 ’Δξιολόγως

2013 4743 2224 4806 spectat
2255 4737 2323 4790 ad
2369 4736 2698 4790 sacramenti
2733 4737 2959 4803 donum,
3007 4747 3026 4810 ί
3058 4750 3283 4810 superat
3327 4743 3476 4796 enim
3509 4743 3600 4798 be-

301 4831 362 4886 δὲ
391 4831 588 4898 λέγω,
630 4827 692 4880 οὑ
735 4828 802 4897 τῇ
853 4824 950 4879 τοῦ
989 4821 1293 4895 μυστηρίου
1341 4820 1554 4892 δωρεᾷυ
1607 4818 1752 4890 ὑπὲρ
1799 4817 1910 4889 γὰρ

303 4921 558 4992 ἀμοιϐὴν
583 4917 764 4991 ἔργων
791 4919 824 4990 ἡ
847 4917 1008 4990 χάρις
1031 4933 1048 4950 ο
1075 4918 1144 4988 τῇ
1172 4932 1237 4985 γε
1266 4914 1376 4972 τῶν
1401 4912 1657 4984 ὁμοφυῶν
1683 4913 1913 4966 ἀντιπα-

303 5015 571 5088 ραθέσει.
617 5011 760 5065 Ἀλλ’
789 5009 1086 5064 ἀκόλουθον
1117 5007 1254 5079 πρὸς
1281 5007 1342 5060 τὸ
1378 5006 1478 5076 τῆς
1513 5004 1753 5076 ἱστορίας
1784 5003 1912 5073 ἑξῆς

303 5109 475 5164 ἱέναι.
1192 5177 1198 5182 ι
1667 5151 1670 5154 .

377 5199 531 5271 Φησὶ
566 5196 700 5269 γὰρ,
731 5196 805 5261 ὡς
844 5195 1052 5267 ὲθίμως
1081 5195 1202 5250 κατ’
1233 5193 1476 5264 εὔσημόν
1515 5209 1638 5249 τινα
1663 5193 1774 5246 τῶν
1799 5195 1914 5264 ἐορο

301 5291 418 5348 τῶν
453 5291 798 5362 προσάγοντι
835 5287 904 5342 τὰ
929 5287 1102 5360 δῶρα,
1141 5290 1171 5341 ὁ
1216 5287 1368 5359 παρὰ
1407 5286 1518 5340 τῶν
1549 5284 1913 5357 συμφυλετῶν

301 5383 373 5439 δι’
411 5381 682 5438 ἀτεκνίαν
726 5378 1358 5452 ὲπετρίδη.ὀνειδισμός.
1402 5381 1527 5432 Οὐκ
1564 5381 1774 5444 ἔξεστί
1814 5395 1915 5434 σοι

303 5475 455 5547 γὰρ,
497 5472 676 5543 φησὶ,
719 5471 1150 5542 προσενεγκεῖν
1191 5472 1264 5526 τὰ
1305 5469 1464 5540 δῶρά
1501 5487 1622 5527 σου
1645 5512 1658 5535 ,
1707 5475 1914 5529 καθότι

304 5564 564 5636 σπέρμα
603 5567 718 5618 οὐκ
756 5564 1056 5633 ἐποίησας
1097 5565 1168 5620 ἐν
1217 5563 1488 5634 Ἰσραήλ.
1537 5565 1580 5618 Τ
1587 5565 1672 5620 ινα
1711 5566 1768 5620 δὲ
1807 5566 1914 5620 τῶν

300 5655 714 5736 ἀντιγράφων,
738 5659 862 5713 Οὐκ
895 5657 1102 5724 ἔξεστί
1125 5671 1226 5714 σοι
1249 5657 1460 5726 πρώτῳ
1487 5657 1612 5731 [ἄλ.
1646 5659 1910 5733 πρῶτον],

301 5756 572 5826 περιέχει
654 5751 1109 5821 προσενεγκεῖν.
1171 5753 1330 5817 Eine;
1385 5751 1516 5823 γοῦν
1582 5754 1750 5809 αὑτὸν
1817 5753 1912 5810 ﬁt:

606 5843 880 5907 Tuaen.
937 5845 1054 5909 GR.
1099 5845 1166 5910 C.
1199 5847 1215 5869 '

2015 4828 2194 4884 neiicii
2231 4829 2554 4898 magnitudo
2592 4830 3015 4886 retributionem
3063 4834 3366 4905 operum),
3405 4837 3500 4892 sed
3543 4845 3600 4891 ut

2014 4922 2137 4992 quis
2165 4929 2378 4976 tantum
2410 4938 2533 4978 cum
2567 4923 2864 4992 gentilibus
2927 4925 3044 4981 suis
3089 4927 3340 4983 homines
3380 4938 3599 4999 conspa-

2015 5017 2238 5071 raverit.
2275 5015 2569 5072 Enimvero
2608 5027 3042 5074 consentaneum
3091 5028 3206 5086 est,
3243 5035 3300 5076 ut
3352 5037 3472 5090 qua:
3512 5024 3598 5078 lii-

2015 5097 2182 5164 storia
2214 5108 2472 5178 deinceps
2503 5111 2663 5166 habet
2687 5126 3102 5181 prosequamur.

2087 5203 2178 5256 Ait
2209 5201 2394 5272 itaque
2417 5241 2433 5267 ,
2468 5213 2526 5256 ut
2563 5201 2762 5258 illustri
2795 5207 3030 5274 quadam
3064 5207 3383 5266 celebritate
3409 5250 3425 5276 ,
3459 5211 3596 5269 dena

2014 5309 2080 5350 ex
2111 5311 2262 5351 more
2289 5293 2560 5363 oﬂ'erenti,
2593 5297 2930 5352 contribules
2963 5299 3044 5353 sui
3089 5301 3434 5356 sterilitatem
3470 5319 3598 5375 pro-

2017 5388 2116 5442 bro
2149 5387 2472 5458 objecerint.
2513 5387 2635 5442 Non
2674 5389 2820 5444 enim
2848 5433 2862 5456 ,
2891 5391 3088 5460 inquit,
3122 5392 3243 5447 licet
3275 5395 3390 5460 tibi,
3431 5407 3485 5449 ut
3513 5395 3602 5465 of-

2017 5478 2157 5546 feras
2187 5488 2279 5532 tua
2318 5479 2478 5543 dona,
2513 5493 2571 5532 eo
2605 5478 2745 5546 quod
2773 5496 2876 5532 non
2915 5479 3104 5550 feceris
3125 5497 3295 5536 semen
3323 5482 3377 5535 in
3407 5479 3602 5536 Israel.

2015 5573 2190 5630 Porro
2233 5574 2434 5628 habent
2483 5571 2726 5626 nonnulli
2769 5571 3032 5627 codices:
3083 5571 3206 5628 Non
3246 5571 3370 5627 licet
3425 5575 3518 5627 tibi
3550 5584 3605 5626 ut

2015 5667 2220 5736 primus
2267 5665 2480 5734 θίγω-(ιο.
2521 5663 2843 5720 Verosimile
2875 5665 3061 5736 itaque
3098 5666 3349 5721 videatur
3403 5665 3607 5732 virum,

2021 5768 2208 5831 utpote
2226 5757 2458 5831 justum,
2491 5772 2553 5814 ac
2597 5756 2796 5830 duplici
2847 5753 3191 5817 honestattim
3241 5758 3604 5830 ingenuitate,
3634 5756 3647 5767 ‘

3211 5850 3289 5928 ly't
