4060 6438
526 336 661 403 ί387

1673 329 1993 391 GEORGII
2030 328 2624 392 NICOMEDIENSIS

3643 324 3759 395 1388

536 459 591 503 ut
627 449 681 503 in
711 448 966 504 omnibus
994 445 1142 512 aliis,
1167 447 1239 501 ita
1269 448 1435 503 etiam
1462 448 1518 503 in
1547 450 1933 506 consecrandis
1976 450 2106 505 Deo-

2220 452 2412 505 Βίκαιον
2448 451 2612 517 ὄντα,
2643 466 2738 504 και
2774 450 2836 522 τῇ
2868 448 3021 519 διττῇ
3050 448 3449 521 σεμνυνόμενον
3490 449 3756 522 εὐγενείᾳ,

535 556 642 613 que
671 540 990 596 addicendis
1036 530 1387 608 muneribus,
1432 542 1736 598 obtinuisse
1768 544 2057 614 primatum
2088 562 2101 597 :

538 649 658 700 quae
687 647 773 688 res
818 633 1016 688 invidis
1062 632 1479 703 haudquaquam
1529 634 1750 690 ferenda
1798 636 2103 695 videbatur.

536 722 668 776 Cum
697 732 875 777 autem
908 721 1039 777 nihil
1069 735 1208 777 esset
1238 724 1378 790 quod
1420 724 1472 778 in
1504 724 1620 793 ejus
1644 726 1749 780 vita
1780 708 2065 795 carperent
2091 746 2104 781 :

520 816 732 867 nedum
764 812 909 866 enim
939 810 1495 883 irreprehcnsibilem,
1528 830 1591 872 ac
1629 826 1784 870 extra
1812 831 1971 871 omne
2002 817 2110 871 cri-

539 923 660 960 men
705 913 972 961 noverant
999 946 1013 969 ,
1052 907 1145 960 sed
1198 914 1251 959 et
1282 906 1378 960 tali
1421 908 1734 977 praestantia
1789 909 2000 975 virum,
2052 920 2111 964 ut

538 998 761 1053 minime
792 998 1050 1067 consequi
1106 1007 1365 1068 possent:
1395 999 1740 1054 sterilitatem
1786 1001 2065 1071 excipiunt
2093 1041 2106 1067 ,

529 1101 599 1146 -ιιι
631 1105 699 1147 ne
727 1089 880 1158 juxta
924 1089 1095 1160 legem
1122 1091 1267 1157 justa
1303 1090 1543 1162 legitima
1586 1091 1767 1148 faciat.
1800 1090 1912 1149 lloc
1950 1108 2110 1162 porro

539 1198 788 1253 superna:
812 1183 1169 1255 providentiae
1204 1193 1323 1237 erat
1360 1222 1377 1250 ,
1421 1193 1475 1238 ut
1502 1225 1518 1249 ,
1549 1184 1766 1253 inquam
1796 1227 1811 1246 ,
1847 1186 1913 1240 ad
1940 1200 2111 1253 usque

540 1275 674 1329 illud
700 1284 934 1343 tempus,
968 1274 1100 1343 justi
1133 1275 1381 1329 homines
1412 1277 1620 1345 absque
1652 1275 1802 1344 prole
1836 1276 2109 1344 egissent,

546 1376 714 1437 utque
751 1366 802 1419 id
829 1368 1094 1436 temporis
1128 1366 1192 1420 ad
1225 1367 1516 1420 editionem
1548 1367 1715 1435 prolis
1744 1367 2113 1422 exeitarentur

538 1475 637 1528 per
673 1458 1148 1527 supplicationem.
1204 1456 1446 1512 Alterum
1491 1457 1743 1527 quidem,
1801 1472 1991 1512 eorum
2044 1458 2111 1513 ad

542 1551 708 1606 Deum
756 1551 1013 1605 ﬁduciam
1050 1552 1291 1605 ostendit
1321 1568 1334 1603 :
1378 1566 1501 1604 nam
1533 1565 1655 1605 cum
1692 1561 1994 1618 rogassent,
2028 1551 2111 1604 ni-

545 1644 619 1698 hil
657 1642 984 1713 petitionum
1013 1641 1241 1696 etl'rctus
1272 1641 1472 1695 dilatus
1499 1640 1637 1695 fuit:
1680 1639 1911 1695 alterum
1949 1655 2112 1705 vero,

539 1736 786 1790 hrcviato
819 1734 1061 1804 mysterii
1101 1734 1354 1802 tempori,
1398 1735 1541 1802 quod
1578 1734 1717 1787 bona
1750 1732 1894 1789 Deus
1922 1734 2112 1787 volun-

540 1836 646 1881 tate
679 1826 1039 1891 decrevisset,
1073 1827 1412 1882 commodum
1442 1826 1693 1880 accessit.
1726 1827 1967 1895 Accepto
2002 1825 2109 1879 ita-
2148 1804 2186 1857 Β

536 1934 645 1987 que
688 1919 775 1973 vir
812 1920 991 1990 justus
1028 1919 1321 1990 opprobrio
1351 1961 1366 1985 ,
1411 1918 1555 1973 velut
1607 1922 1857 1989 repulsus
1883 1961 1898 1986 ,
1951 1934 2117 1989 grave

542 2015 831 2068 admodum
867 2013 1137 2079 sustinet;
1184 2028 1290 2066 non
1326 2024 1579 2080 tanquam
1612 2012 1892 2081 probrosis
1937 2011 2116 2067 verbis

542 2106 864 2176 perculsus,
911 2113 1004 2159 aut
1034 2105 1179 2159 velut
1211 2120 1271 2158 ca
1328 2118 1386 2158 re
1424 2102 1698 2157 infamiam
1735 2104 1987 2170 tulisset;
2023 2102 2115 2159 sed

541 2200 770 2263 veritus,
806 2213 872 2251 ne
904 2212 1009 2266 qua
1048 2196 1425 2250 mandatorum
1472 2195 1564 2250 Dei
1604 2196 1967 2265 transgressio
1993 2209 2114 2249 eam

542 2304 571 2343 a
617 2290 725 2343 Deo
757 2288 1034 2356 repulsam
1071 2286 1411 2356 peperisset,
1449 2299 1514 2337 ac
1541 2299 1637 2354 per
1663 2284 1912 2338 homines
1939 2282 2116 2352 publi-

542 2389 743 2436 casset.
792 2380 882 2433 Sic
928 2379 1108 2442 enim,
1165 2376 1255 2431 ubi
1293 2377 1405 2445 jam
1439 2388 1655 2446 quoque
1686 2388 1873 2428 verum
1922 2373 2119 2429 fuisset

541 2481 872 2526 consecutus
921 2470 1242 2533 oraculum,
1300 2465 1641 2527 reconciliari
1694 2466 1969 2535 qumrebat
2023 2480 2119 2535 per

542 2565 923 2638 (enigmaticas
986 2559 1452 2616 manifestationes
1506 2557 1658 2629 (16),
1721 2573 1827 2612 ιιοιι
1881 2567 1940 2612 ιιι
1980 2557 2120 2613 illius

544 2664 860 2730 procrearet
887 2672 899 2709 :
930 2666 1103 2722 usque
1140 2653 1276 2706 adeo
1325 2649 1627 2703 rationibus
1660 2647 1926 2718 ponendis
1957 2664 2119 2703 accu-

547 2759 699 2805 ratus
728 2755 845 2800 erat
867 2785 882 2810 ,
913 2744 1027 2799 sive
1077 2741 1212 2811 legis
1247 2739 1969 2809 adimpletionem'Spectes,
2003 2739 2119 2794 sive

544 2841 881 2895 occultorum
937 2832 1288 2889 conscientia:
1339 2831 1769 2901 explorationem
1823 2830 1954 2884 :sic
2011 2844 2114 2884 sua

546 2932 727 2986 omnia
772 2929 1126 3000 providentia:
1170 2924 1367 2979 divinae
1397 2921 1711 2992 deputabat.
1745 2920 2115 2988 Quamobrem

547 3041 657 3081 non
702 3022 985 3080 contendit
1022 3038 1035 3074 :
1086 3034 1191 3073 non
1237 3016 1414 3072 verbis
1469 3017 1792 3071 adversatus
1832 3027 1956 3082 est;
2010 3030 2116 3069 non

2206 540 2603 613 προκρίνεσθαι
2648 557 2708 594 τε
2756 541 2830 603 ὡς
2878 541 2937 594 ἑν
2967 541 3123 605 πᾶσι,
3157 542 3261 594 κάν
3304 543 3370 611 τῇ
3418 540 3531 594 τῶν
3562 540 3762 609 δωρεῶν

2207 633 2506 703 ἀφιερώσει
2527 650 2538 664 ·
2565 634 2678 695 τοῖς
2698 633 2777 699 δὲ,
2806 632 2906 686 οὐκ
2933 632 3156 686 ἀνεκτὸν
3179 631 3526 701 διαφθονοῦσι
3548 632 3762 704 προσῆν.

2206 724 2388 795 Μηδὲν
2426 725 2481 778 δὲ
2517 724 2733 795 ἔχουσιν
2768 725 2834 778 ὲκ
2878 723 2971 778 τοῦ
3021 725 3143 779 κατ’
3173 726 3380 778 ἐκεῖνον
3419 725 3767 794 ἐπισκήπτειν

2210 816 2323 886 βίου
2342 834 2357 851 ο
2384 818 2445 870 οὐ
2489 818 2651 889 μόνον
2690 817 2802 888 γὰρ
2829 818 2929 872 οὐκ
2967 818 3337 889 ἀνεπίληπτος
3374 817 3560 880 αὐτοῖς
3586 817 3763 882 αὐτὸς,

2208 909 2345 973 ἀλλά
2375 910 2470 964 καὶ
2510 911 2792 985 ἀμήχανος
2816 908 2894 981 τῷ
2924 910 3321 982 ὑπερϐάλλοντι
3356 909 3733 977 διεγινώσκετο
3751 925 3766 940 ⁶

2206 998 2306 1072 τὴν
2330 1000 2588 1054 ἀπαιδίαν
2625 1002 2705 1064 είς
2734 1000 3014 1072 ἀφορμὴν,
3044 1001 3137 1054 τοῦ
3165 1002 3242 1072 μὴ
3271 999 3414 1053 κατά
3435 1000 3604 1070 νόμον
3631 999 3769 1052 εὐνο-

2214 1095 2366 1165 μεῖν,
2415 1091 2565 1163 αὐτῷ
2600 1091 3015 1166 προϐάλλονται.
3048 1092 3221 1147 Τοῦτο
3254 1093 3311 1147 δὲ
3345 1091 3689 1163 προμηθείας
3711 1085 3771 1162 ἦν

2210 1187 2311 1257 τῆς
2355 1185 2639 1253 ἀνωτάτω,
2670 1187 2732 1239 τὸ
2771 1186 3004 1255 ἀγόνους
3024 1203 3106 1251 τε,
3137 1185 3302 1255 φημὶ,
3345 1185 3545 1256 μέχρις
3574 1184 3770 1237 ἐκείνου

2208 1276 2337 1341 τοὺς
2374 1276 2618 1342 δικαίους
2646 1276 2914 1331 διατελεῖν
2934 1320 2949 1345 ,
2986 1276 3083 1331 καὶ
3118 1277 3179 1329 τὸ
3208 1275 3277 1330 δι’
3308 1275 3611 1339 ἐντεύξεως
3635 1291 3773 1343 τηνι-

2210 1368 2386 1423 καῦτα
2420 1371 2557 1440 πρὸς
2605 1369 2703 1441 τὴν
2744 1368 3090 1438 τεκνογονίαν
3130 1367 3509 1438 διαναστῆναι.
3560 1365 3634 1418 Τὸ
3689 1365 3775 1435 μὲν

2211 1463 2343 1533 γὰρ,
2386 1463 2484 1535 τὴν
2543 1463 2682 1535 πρὸς
2723 1463 2856 1517 Θεὸν
2900 1463 3082 1517 αὐτῶν
3136 1461 3381 1533 ὑπέφηνε
3433 1457 3771 1530 παρρησίαν·

2213 1555 2470 1624 αἰτήσασι
2520 1554 2650 1626 γὰρ,
2681 1557 2780 1609 οὐκ
2817 1557 2897 1619 εἰς
2935 1553 3194 1624 δευτέραν
3225 1550 3539 1624 ὑπερετέθη
3560 1568 3575 1583 ’
3617 1550 3674 1603 τὸ
3706 1550 3773 1617 δὲ,

2211 1641 2290 1712 τῷ
2318 1645 2420 1711 τῆς
2447 1642 2697 1705 εὐδοκίας
2722 1642 2814 1695 τοῦ
2849 1643 3152 1714 μυστηρίου
3198 1640 3633 1712 συντετμημένῳ
3670 1656 3777 1692 συν-

2218 1733 2455 1805 έπραττε
2491 1734 2687 1805 καιρῷ.
2730 1734 3075 1798 Ὀνειδισθεὶς
3106 1730 3199 1788 οὖν
3226 1735 3254 1787 ό
3277 1733 3519 1799 δίκαιος,
3555 1732 3631 1793 ὡς
3654 1732 3775 1785 ἀπο-

2216 1825 2487 1895 πεμφθεὶς
2506 1867 2521 1892 ,
2560 1827 2776 1881 ἀνιᾶται
2806 1826 3165 1898 σφοδρότερον
3184 1841 3197 1855 ’
3230 1826 3331 1896 οὐχ
3366 1825 3444 1888 ὡς
3471 1827 3587 1888 τοίς
3616 1822 3776 1890 λόγοις

2215 1914 2540 1988 πεπληγὼς,
2572 1917 2603 1987 ἢ
2639 1916 2903 1989 ἀδοξήσας
2933 1920 3010 1987 τῷ
3043 1919 3364 1990 πράγματι,
3404 1917 3548 1970 ἀλλά
3572 1915 3773 1979 δεδιὼς,

2217 2006 2403 2077 μήπου
2451 2024 2535 2070 τις
2579 2007 2727 2079 αὐτῷ
2764 2008 2872 2062 τῶν
2923 2009 3083 2063 οείων
3131 2009 3361 2063 ἐντολῶν
3407 2007 3775 2079 παροφθεκα,

2215 2099 2368 2168 παρά
2394 2099 2530 2153 Θεοῦ
2558 2100 2657 2170 μὲν
2691 2101 2788 2172 τὴν
2825 2101 3144 2172 ἀπόπεμψιν
3168 2101 3322 2154 ἔτεκε
3345 2142 3360 2164 ,
3388 2100 3457 2153 δι’
3491 2098 3776 2171 ἀνθρώπων

2214 2189 2271 2243 δὲ
2300 2190 2469 2263 αὐτὴν
2515 2194 2595 2254 είς
2624 2192 2935 2262 τούμφανὲς
2962 2195 3307 2264 παρήγαγεν.
3341 2190 3529 2265 [Οὕτω
3555 2191 3661 2260 γὰρ
3694 2187 3779 2242 καὶ

2215 2280 2309 2335 τοῦ
2342 2281 2610 2351 ἀψευδοῦς
2644 2282 2744 2353 ἤδη
2776 2280 3095 2353 τετυχηκὼς
3129 2279 3524 2353 χρηματισμοῦ
3550 2322 3567 2347 ,
3595 2278 3690 2351 τὴν
3717 2276 3777 2332 δι’

2215 2372 2634 2443 αἱνιγματωδῶν
2675 2374 2953 2440 ὲξιλέωσιν
2980 2374 3178 2444 δήλων,
3221 2374 3284 2427 οὐ
3315 2371 3412 2444 τὴν
3444 2370 3777 2439 τεκνογονίαν

2216 2465 2519 2536 ὲπεζήτει.]
2561 2464 2746 2529 Οὕτως
2780 2460 2848 2537 ἦν
2879 2464 2937 2519 ἐν
2968 2482 3030 2518 τε
3062 2469 3127 2537 τῇ
3163 2466 3292 2536 περὶ
3330 2466 3422 2519 τὸν
3459 2465 3627 2533 νόμον
3655 2461 3777 2532 πλη·

2221 2557 2404 2631 ρώσει,
2437 2559 2531 2611 καὶ⁵
2565 2561 2628 2629 τῇ
2664 2558 2772 2612 τῶν
2798 2558 3021 2629 ἀφανῶν
3052 2558 3146 2611 τοῦ
3184 2556 3495 2620 συνειδότος
3531 2554 3775 2619 ἐξετάσει,

2218 2650 2616 2722 ἀκριϐέστατος
2638 2650 2933 2722 λογοθέτης
2955 2668 2969 2682 ο
3003 2648 3145 2704 οὕτω
3171 2648 3324 2713 θείας
3355 2651 3553 2717 ἠγεῖτο
3577 2648 3643 2700 τὰ
3667 2645 3778 2716 περὶ

2218 2741 2381 2798 αὑτοῦ
2422 2743 2677 2812 προνοίας
2715 2744 2930 2797 ’ἅπαντα
2950 2759 2964 2774 ο
3005 2742 3094 2797 διὰ
3126 2740 3289 2795 τοῦτο
3312 2743 3375 2795 οὐ
3406 2740 3667 2812 διηνέχθη
3691 2738 3772 2792 ὀὐ

2216 2839 2331 2901 τοῖς
2365 2837 2539 2907 λόγοις
2599 2836 2955 2908 ἀντικατέστη
2977 2853 2991 2867 ·
3019 2837 3081 2889 οὐ
3109 2836 3169 2889 τὸ
3203 2835 3277 2907 μὴ
3313 2834 3663 2889 κεκωλύσθαι
3684 2832 3776 2886 τῶν

2218 2928 2425 2999 ὲθίμων
2463 2929 2657 3000 μέχρις
2702 2930 2939 2995 ἐκείνου,
2981 2926 3072 2983 διά
3098 2945 3158 2981 τε
3193 2929 3252 2982 τὸ
3285 2931 3380 2981 τοῦ
3422 2928 3566 2999 βίου,
3604 2930 3693 2982 καὶ
3729 2927 3779 2980 τὸ

2217 3019 2327 3073 τῶν
2360 3020 2549 3092 δώρων
2585 3019 2955 3091 ἀνεπίληπτον
2984 3020 3353 3091 προσελάϐετο
3375 3036 3387 3048 °
3426 3021 3546 3074 ἀλλ’
3580 3020 3704 3090 όμοῦ
3731 3034 3778 3072 τε

547 3116 850 3185 assumpsit
884 3115 950 3169 ad
984 3112 1352 3167 defensionem
1397 3109 1661 3162 hactenus
1692 3123 1752 3164 se
1790 3122 1821 3163 a
1863 3107 2119 3178 legitimis

2221 3110 2319 3182 τὴν
2359 3110 2428 3164 δι’
2479 3110 2788 3182 ὀνειδισμοῦ
2840 3112 3131 3182 ἐπίπληξιν
3187 3112 3531 3176 εἰσεδέξατο,
3570 3113 3659 3165 ἐπὶ
3702 3110 3779 3163 τὸν

546 3210 969 3279 haudquaquam
1023 3203 1194 3259 fuisse
1245 3200 1616 3272 prohibitum;
1687 3215 1785 3255 ceu
1849 3200 1938 3270 qui
2009 3199 2117 3253 vita

548 3300 897 3365 moribusque
930 3288 1424 3363 irreprehensibilis
1462 3297 1676 3359 ageret,
1721 3303 1784 3342 ac
1810 3289 1949 3342 dona
1996 3287 2118 3344 vita:

548 3403 786 3458 congrua
835 3385 1056 3441 oil'erret
1115 3400 1131 3437 :
1183 3385 1325 3451 quin.
1355 3394 1520 3443 vero,
1576 3395 1700 3434 mox
1754 3389 1812 3433 ut
1862 3394 1929 3434 ex
1973 3379 2118 3433 illata

548 3479 970 3554 exprobratione
1017 3474 1446 3544 increpationem
1480 3472 1746 3541 suscepit,
1784 3473 1849 3526 ad
1876 3473 2122 3528 occulto-

548 3591 671 3630 rum
707 3573 1083 3640 indagatorem
1115 3566 1282 3620 Deum
1340 3563 1582 3633 confugit
1615 3604 1631 3630 ,
1665 3563 2122 3634 solitudinemque

551 3677 612 3722 nt
647 3661 1026 3721 consuetudini
1078 3674 1200 3715 cum
1255 3656 1364 3711 Deo
1413 3666 1815 3725 opportunam,
1846 3657 2013 3727 petit,
2056 3671 2122 3711 ne

548 3774 673 3814 cum
711 3752 1131 3822 uxore'quidem
1160 3788 1176 3815 ,
1213 3762 1382 3818 eaque
1408 3747 1686 3813 unanimi,
1713 3748 2127 3802 communicatis

552 3847 837 3913 consiliis;
887 3858 986 3898 nec
1023 3839 1338 3897 domesticis
1360 3875 1378 3902 ,
1408 3847 1755 3893 externorum
1788 3840 2124 3909 negotiorum

551 3937 1068 3998 cura-demandata.
1101 3933 1236 4000 Quis
1280 3931 1365 3986 vel
1411 3930 1616 3984 nostris
1663 3930 1997 3998 temporibus
2035 3930 2125 3984 llr-

548 4049 694 4088 .mam
727 4032 864 4086 adeo
912 4028 967 4083 in
1002 4029 1170 4082 Deum
1199 4037 1395 4093 spem,
1430 4035 1764 4091 suarumque
1804 4020 2123 4075 facultatum

614 4282 735 4353 (16)
771 4280 872 4353 Per
894 4281 1254 4353 wnigmaticaa
1281 4276 1746 4353 uimiifestationes.
1763 4274 1829 4353 διξ
1852 4274 2118 4353 αίνιγμα-

551 4344 733 4408 τιιιδῶν
783 4352 979 4421 δήλων.
998 4344 1089 4406 Ἰιιι
1119 4351 1353 4421 reddunt
1371 4344 1745 4418 septuaginta,
1776 4346 1863 4421 ubi
1890 4344 2118 4421 Hebraea

554 4426 752 4505 hahch
799 4416 1108 4503 'l‘eraphim,
1129 4422 1282 4505 quod
1315 4416 1670 4505 llierpuxmus
1689 4426 1743 4471 et
1771 4416 2121 4505 alilinreddliint
2156 4441 2198 4497 ι)

549 4491 906 4564 ὁμοιώματα,
942 4485 957 4492 ’
984 4485 1265 4546 simulacra
1317 4502 1336 4539 :
1382 4485 1788 4564 intelliguntque
1832 4485 2121 4540 Cherubim

550 4514 579 4547 Ο
627 4514 906 4564 οιωμσιτα,
984 4514 1265 4546 ltmutucra
1317 4526 1330 4539 .
1383 4514 1788 4557 Ilttcttlgutuquc
1832 4514 2121 4540 unctulum

550 4514 930 4620 ubmnbrantia
970 4578 1152 4617 arcam
1197 4575 1260 4613 ac
1308 4558 1778 4626 propitiatorium,
1819 4568 1850 4610 e
1887 4571 2121 4626 quorum

554 4636 730 4688 medio
758 4635 950 4689 edebat
990 4633 1133 4687 Deus
1165 4624 1382 4684 oracula
1412 4624 1434 4680 Ξ
1467 4643 1533 4682 ac
1564 4628 1703 4681 sicut
1744 4633 1863 4681 erat
1892 4627 1980 4679 illa
2014 4624 2124 4680 'l'e-

556 4706 765 4773 raphim
789 4703 999 4773 religio,
1025 4703 1103 4773 sic
1121 4710 1241 4756 erat
1232 4709 1310 4773 _et
1334 4697 1668 4773 superstitio,
1694 4697 1945 4773 confictis
1968 4695 2128 4773 idolis

556 4765 919 4840 ad'ejusmodi'
936 4765 1204 4840 praecipue
1232 4765 1524 4840 Teraphim
1561 4768 1941 4825 imitationem,
1986 4765 2129 4821 unde

504 4848 511 4853 “
557 4837 769 4910 profani
798 4837 1043 4896 homines
1076 4837 1267 4910 divina
1288 4848 1343 4891 et
1379 4837 1483 4910 ipsi
1517 4850 1775 4910 responsa
1821 4845 2123 4910 captarent.

562 4904 741 4969 Videri
788 4920 965 4981 potest
997 4904 1414 4981 eruditissimus
1424 4905 1758 4981 Philippicas
1785 4904 2011 4981 ad_i|liLd
2041 4919 2125 4962 ιιι.

557 4989 706 5037 Οεθειι
744 4972 834 5036 ubi
876 4996 985 5034 rem
1026 4980 1171 5034 hanc
1199 4972 1621 5030 accuratissime
1648 4974 1923 5028 edisserit.
1956 4972 2127 5028 Porro

557 5054 744 5108 alludit
790 5050 1056 5121 Georgius
1096 5052 1175 5121 ad
1218 5046 1349 5100 illud
1395 5044 1726 5121 apucryphi,
1780 5057 1885 5121 quo
1941 5052 2131 5097 narrat

556 5124 862 5178 consultum
905 5113 1203 5175 ιιἾυιιυιιίιιι
1248 5113 1528 5169 oraculum
1577 5118 1628 5167 in
1669 5113 1899 5179 templo,
1940 5126 2003 5164 ac
2035 5126 2130 5181 per

558 5194 748 5263 legalia
786 5191 1050 5264 syinbola,
1088 5189 1175 5264 ubi
1201 5187 1312 5264 jam
1344 5202 1373 5264 ιι
1414 5195 1598 5264 monte
1628 5185 1875 5264 rediisset
1904 5191 2130 5264 accepto

557 5250 740 5317 diiino
778 5250 1059 5333 responso,
1091 5250 1493 5333 καὶίὲπαύριῼγ
1514 5294 1532 5319 ν
1577 5250 2128 5333 ἰοίίυίιιητξροξὶέξὲερε

555 5335 625 5387 τὰ
667 5333 814 5401 δῶρα
852 5319 1016 5383 αὐτοῦ
1040 5319 1055 5360 ί
1078 5399 1087 5401 _
1110 5328 1204 5401 καὶ
1246 5319 1410 5401 εἶπεν,
1446 5322 1733 5401 Ἰωακείμ·
1757 5319 1896 5401 ,Ἐὰν
1926 5319 2130 5401 Κύριος

561 5391 760 5472 ἱλασοῇ
779 5419 893 5472 μοι,
929 5398 1252 5473 ἐδ-πέταλον
1278 5395 1370 5473 τοῦ
1398 5396 1439 5473 ιε
1451 5393 1544 5465 ροῦ
1570 5391 1802 5473 φανερόν
1840 5392 2129 5473 pot-poti}-

558 5488 674 5526 σει·
719 5461 816 5525 ἆξαῖὶ
847 5461 1116 5541 προσέσχε
1156 5467 1217 5520 τὸ
1256 5461 1495 5541 Δπέταλον
1530 5464 1623 5541 τοῦ
1658 5463 1888 5541 ἱερέως..
1923 5461 2127 5541 Ἑπέϐη

556 5541 613 5596 δὲ
651 5541 747 5593 καὶ
781 5526 972 5593 ὲπὶ’τὸ
1005 5526 1395 5605 Θάσιαστήριον
1441 5533 1667 5604 Κυρίου,
1704 5526 1800 5605 ita}.
1836 5532 1937 5605 ο-ίιιε
1987 5526 2129 5605 εἶδεν

557 5611 833 5682 ἁμαρτίαν
872 5612 927 5664 ὲν
969 5609 1179 5682 αὐτοῖς,
1212 5596 1303 5657 καὶ
1336 5600 1490 5682 είπεν
1531 5596 1829 5682 ’Ἰῳαιιείμο
1857 5601 1971 5682 Νζιν
2012 5596 2131 5682 οἶδα

559 5670 643 5734 ὅτι
662 5670 929 5749 ηὐλόγησέ
957 5695 1024 5748 με
1053 5670 1256 5749 Κύριος
1277 5673 1502 5749 σφόδρα,
1533 5674 1626 5749 διαὶ
1655 5670 1833 5749 lica-ipsa
1858 5672 2034 5749 πάντα
2053 5670 2130 5749 fit

490 5774 521 5805 φ
560 5738 933 5818 ἁμαρτήματά
958 5738 1102 5816 ’μου,
1139 5738 1234 5797 Scal.
1271 5738 1511 5812 κατέϐην
1543 5743 1607 5795 ἐκ
1648 5738 1944 5814 τοῦήόρους
1985 5738 2128 5795 δεδι-

2223 3203 2332 3258 tri-3v
2379 3203 2709 3276 ἀπορρήτων
2767 3203 3059 3274 ἐξεταστὴν
3107 3204 3455 3272 καταφεύγει
3503 3205 3664 3267 Θεὸν,
3701 3200 3779 3254 καὶ

2222 3292 2322 3362 τὴν
2362 3292 2600 3362 ἐρημίαν
2642 3292 2718 3356 ὡς
2763 3292 3022 3362 συνεργὸν
3060 3292 3159 3362 τῆς
3200 3294 3336 3363 πρὸς
3371 3294 3544 3346 αὐτὸν
3588 3293 3781 3363 όμιὶίας

2224 3383 2674 3453 καταλαμϐάνει,
2712 3387 2848 3454 μήτε
2875 3385 3012 3456 αὐτῇ
3054 3386 3120 3456 τῇ
3152 3383 3385 3455 συνοίκῳ
3424 3385 3525 3438 καὶ
3556 3382 3781 3453 ὁμογνώ-

2230 3490 2352 3544 μονι
2387 3472 2614 3544 φανείσῃ
2638 3513 2652 3538 ,
2707 3475 3183 3543 κοινωνησάμενος
3211 3473 3313 3544 τὴν
3364 3473 3633 3544 γνώμην,
3664 3477 3780 3542 μήτε

2226 3567 2340 3629 τοῖς
2370 3565 2492 3618 κατ’
2526 3560 2696 3629 οἷκον,
2729 3564 2829 3636 τὴν
2857 3564 2987 3636 περὶ
3020 3565 3127 3618 τῶν
3156 3565 3311 3618 ἐκτὸς
3342 3566 3663 3636 ἐπιμέλειαν
3685 3564 3781 3616 δ.α-

2228 3656 2475 3722 θέμενος.
2509 3656 2607 3719 Τίς
2644 3656 2741 3725 τὴν
2773 3655 3029 3725 τοιαύτην
3072 3657 3172 3710 κὰν
3210 3657 3323 3719 τοῖς
3357 3657 3487 3709 καθ’
3529 3657 3670 3727 ἡμᾶς
3707 3654 3778 3707 ὲλο

2227 3748 2357 3801 πίδα
2413 3747 2551 3819 πρὸς
2611 3746 2744 3800 Θεὸν
2794 3747 3150 3812 ἀδίστακτυν,
3207 3748 3303 3801 καὶ
3355 3746 3467 3801 τῶν
3523 3746 3779 3817 παρόντων

2226 3840 2666 3911 καταφρόνησιν,
2726 3839 3064 3906 ἐνεδείξατο·
3120 3842 3194 3911 μή
3234 3857 3315 3894 τοι
3355 3857 3422 3909 γε
3464 3842 3524 3894 ὲν
3553 3843 3657 3902 τοῖς
3678 3835 3778 3892 κατ’

2226 3933 2455 3998 ἐκεῖνον,
2487 3935 2546 3986 ὲν
2583 3926 2664 3994 οἷς
2708 3932 2803 3985 καὶ
2844 3932 2953 3985 τῶν
2997 3933 3381 4003 μετριωτέρων
3410 3933 3506 3986 καὶ
3547 3933 3775 3986 τεθεσπι-

2228 4021 2441 4093 σμένων
2474 4021 2684 4092 ἀρετῶν
2704 4062 2719 4089 ,
2752 4021 2998 4094 ἐργώδης
3027 4017 3092 4094 ἦν
3125 4023 3159 4093 ἡ
3190 4022 3568 4095 ὲκτὲλήρωσις.

2225 4273 2653 4346 καιωμένοςτγιη
2686 4276 2978 4331 crastinum
3007 4293 3244 4332 reversus
3278 4280 3468 4332 obtulit
3501 4283 3640 4333 dona
3667 4291 3772 4340 sua;

2227 4345 2404 4415 aitque
2452 4361 2472 4400 :
2520 4345 2665 4399 Num
2697 4347 2826 4400 mihi
2868 4347 3127 4400 Dominus
3166 4352 3403 4407 placatus
3437 4352 3527 4415 sit,
3571 4351 3771 4402 ostendet

2226 4416 2429 4486 lautitia
2477 4416 2765 4470 sacerdotis
2800 4418 2834 4469 ε’
2868 4429 2914 4469 et
2956 4418 3238 4486 applicavit
3291 4422 3359 4471 ad
3407 4436 3464 4472 se
3511 4419 3770 4473 sacerdoti:

2229 4485 2482 4538 (tintinant
2514 4501 2531 4540 :
2558 4486 2788 4538 ascendit
2817 4503 2932 4540 vero
2959 4485 3117 4539 etiam
3147 4490 3216 4539 ad
3245 4490 3414 4543 altare
3445 4489 3672 4551 Domini,
3700 4500 3771 4538 nec

2227 4555 2358 4628 vidit
2387 4556 2440 4628 in
2472 4557 2863 4628 eispeccarum,
2891 4558 3067 4625 aitque
3099 4571 3114 4607 :
3152 4556 3309 4610 Num:
3341 4562 3451 4612 scio
3480 4564 3618 4628 quod
3644 4562 3769 4611 bene-

2225 4625 2423 4679 dia‘erit
2469 4626 2597 4680 mihi
2642 4625 2900 4679 Dominus
2941 4629 3126 4689 valde,
3153 4638 3204 4681 et
3243 4625 3502 4683 dimiserit
3559 4641 3771 4681 universa

2223 4706 2439 4768 peccatu
2479 4712 2592 4749 mea
2614 4734 2628 4757 .
2660 4694 3114 4765 descenderimque
3147 4713 3213 4751 ex
3250 4708 3426 4751 monte
3450 4699 3769 4768 justi/Scarus.

2228 4762 2368 4818 Sunt
2403 4767 2517 4820 hinc
2546 4777 2857 4888 arfttniettta
2894 4762 3155 4820 [iniuratm
3189 4762 3481 4822 :idtitudutii
3510 4762 3768 4823 conscien-

2230 4836 2318 4888 tia:
2361 4846 2463 4888 :et
2504 4843 2562 4888 ut
2634 4836 2879 4888 oachim.
2926 4851 3033 4888 non
3088 4847 3197 4888 tam
3248 4840 3557 4888 sterilitatis
3597 4853 3767 4888 onum-

2230 4836 2318 4888 tia:
2361 4851 2375 4888 :
2408 4846 2463 4888 et
2504 4843 2562 4889 ut
2599 4836 2879 4899 Joachim,
2926 4851 3033 4890 nun
3088 4847 3197 4890 tam
3248 4840 3557 4892 sterilitatis
3597 4853 3767 4905 Oppre-

2226 4905 2406 4958 brium
2430 4945 2446 4969 ,
2496 4920 2660 4975 quam
2693 4916 2997 4971 peccatum,
3030 4922 3097 4962 ex
3132 4924 3241 4975 quo
3273 4909 3360 4960 illa
3402 4908 3571 4961 videri
3618 4913 3769 4975 νυεςει

2230 4989 2482 5049 manasse
2503 5013 2519 5040 ,
2549 4976 2873 5049 deprecatus
2913 4977 3017 5041 sit,
3050 4983 3191 5045 quod
3228 4980 3313 5031 hic
3356 4977 3622 5049 Georgius
3650 4988 3768 5049 recte

2229 5044 2325 5100 ait.
2379 5045 2516 5097 Num
2574 5054 2755 5097 autem
2785 5048 2897 5111 jam
2949 5043 3172 5099 omnino
3219 5043 3674 5101 ceSsasset'Deus
3718 5043 3767 5096 ab

2230 5114 2495 5184 ejusmodi
2529 5117 2765 5170 oraculis
2796 5118 2864 5167 oh
2900 5117 3079 5184 populi
3118 5114 3328 5170 Judaici
3368 5119 3584 5184 delicta,
3615 5116 3683 5168 uti
3716 5117 3767 5166 de

2227 5180 2440 5251 fulgure
2469 5184 2748 5238 rationalis
2777 5180 3007 5239 testatur
3029 5186 3246 5253 Ioseph.
3276 5186 3314 5239 Ι.
3343 5187 3395 5240 5.
3420 5204 3468 5241 c.
3501 5180 3768 5249 9,'alierius

2230 5267 2407 5321 operae
2455 5255 2528 5308 sit
2561 5270 2625 5308 ac
2674 5255 2771 5309 otii
2822 5256 3121 5322 diSplttare.
3171 5254 3322 5310 Haud
3367 5272 3517 5312 certe
3556 5257 3769 5309 videatur

2230 5323 2580 5394 negandum,
2634 5335 2691 5376 ut
2742 5339 2809 5378 ne
2828 5330 2932 5394 gel
2986 5326 3190 5380 ultimis
3236 5329 3600 5394 temporibus,
3650 5323 3768 5376 velut

2230 5340 2580 5392 negandum,
2634 5340 2691 5376 nt
2742 5340 2809 5378 ne
2885 5340 2932 5378 et
2986 5340 3190 5380 ultimis
3236 5340 3600 5394 temporibus,
3650 5340 3766 5376 venit

2229 5393 2380 5472 olim,
2423 5395 2524 5461 piis
2563 5340 2921 5473 npnnullis'c
2953 5399 3145 5473 altricis
3172 5396 3323 5473 viris,
3360 5400 3410 5450 in
3441 5399 3766 5473 quibusprf-

2232 5460 2429 5528 cipuus
2452 5472 2569 5519 erat
2590 5460 2864 5528 Joaclnm:
2894 5468 2993 5520 etsi
3022 5464 3163 5520 forte
3186 5460 3387 5533 rarius,
3414 5460 3728 5534 résponderil
3751 5472 3763 5510 ε

2232 5535 2446 5603 quando
2478 5549 2579 5587 nec
2609 5534 2734 5587 olim
2762 5538 3013 5590 omnibus
3052 5537 3432 5603 respondebat,
3465 5553 3527 5591 ac
3550 5536 3592 5588 si
3632 5544 3763 5603 quem

2232 5598 2647 5678 scelus__divinu
2700 5618 2960 5669 responso
3013 5598 3221 5662 faceret
3271 5598 3582 5678 indignum.
3615 5598 3683 5657 uti
3719 5598 3764 5654 in

2234 5670 2396 5727 Saule
2427 5672 2613 5742 liquet.
