4060 6414
297 350 434 419 1389

1114 352 1198 414 IN
1242 354 1345 415 SS.
1390 352 1750 414 ΠΕΙΡΑΒιἘ
1789 350 2382 416 CONCEPTIONEM
2420 354 2515 416 ET
2554 352 2727 417 NAT.

3445 355 3581 421 1390

299 455 707 531 despectionem
783 458 1058 526 ostendit;
1116 461 1312 516 nedum
1377 459 1496 528 ejus
1566 460 1945 530 temporibus,
2009 476 2131 516 cum
2198 460 2284 516 vel
2348 461 2685 518 modicarum
2751 475 2816 521 ac
2885 460 3250 535 legitimarum
3314 466 3580 524 virtutum

293 551 604 621 adimpletio
644 553 805 606 ardua
836 560 986 616 erat,
1025 566 1089 607 ac
1119 550 1394 607 dillicilis?

361 644 479 699 Kal
537 645 822 717 παρείσθω
883 644 1014 711 νῦν,
1073 643 1141 699 τὰ
1190 643 1335 701 κατά
1381 643 1473 697 τὸν
1531 643 1886 717 πατριάρχην

2063 643 2341 717 Missaque
2405 645 2460 702 in
2538 648 2958 717 praesentiarum
3016 655 3181 706 sunto
3257 652 3585 719 patrianhaa

305 737 586 810 Ἀϐραάμ.
645 737 1059 812 Ὑπεεῃρῆσθαι
1100 738 1210 810 γὰρ
1250 737 1329 808 τῷ
1362 754 1424 791 τε
1469 737 1646 809 χρόνῳ
1677 737 1775 792 καὶ
1806 736 1885 809 τῷ

296 833 398 903 τῆς
466 830 820 902 δικαιοσύνης
870 830 1232 904 ἀνεστηκότι,
1278 831 1356 895 ὡς
1390 830 1500 885 τῶν
1546 831 1736 898 πάλαι,
1768 832 1887 901 ,καὶ

295 922 486 979 τούτου
517 922 721 988 δόξειεν
750 923 816 977 ἄν
843 940 953 977 τισι
973 940 988 956 ο
1016 923 1156 993 πλὴν
1191 924 1240 976 εί
1268 923 1363 977 καὶ
1380 921 1552 977 ταῦτά
1581 940 1669 988 τις
1694 923 1885 990 ἀντεξ-

299 1017 516 1079 ετάζειν
573 1013 841 1086 βούλοιτο,
904 1013 1109 1086 πολλὴν
1166 1012 1233 1069 ἂν
1288 1014 1388 1086 τὴν
1456 1016 1734 1088 ὑπεροχὴν
1776 1015 1886 1069 τῶν

297 1106 682 1178 προκειμένων
703 1105 1014 1176 κατόψοιτο.
1046 1105 1271 1178 Ἐκείνῳ
1299 1106 1399 1177 μὲν
1433 1106 1564 1178 γὰρ,
1595 1106 1631 1177 ἥ
1662 1124 1720 1160 τε
1750 1124 1886 1177 μετ-

302 1197 644 1260 ανάστασις,
710 1196 808 1251 καὶ
846 1198 880 1267 ή
918 1196 974 1249 ἐν
1004 1193 1089 1261 οἷς
1120 1194 1187 1250 ἂν
1231 1197 1625 1269 παροικήσειεν
1677 1197 1886 1269 ἐρρήθη

296 1289 370 1360 γῆ
391 1305 404 1318 ·
440 1287 521 1341 ἔτι
575 1288 684 1358 μὴν
706 1326 722 1351 ,
753 1289 848 1341 καὶ
879 1289 913 1359 ἡ
960 1291 1059 1359 τῆς
1092 1287 1352 1352 ἀπαιδίας
1402 1288 1497 1342 καὶ
1545 1288 1889 1360 στειρώσεως

297 1381 397 1452 τῆς
418 1380 640 1452 Eappa;
656 1379 833 1449 λύσις,
859 1379 965 1433 ὑπὸ
988 1376 1083 1433 τοῦ
1103 1378 1372 1449 ἀψευδοῦς
1400 1380 1851 1452 προεπήγγελται
1870 1396 1885 1411 ·

299 1472 442 1542 ἀπερ
472 1472 537 1543 δὴ
568 1472 820 1543 κατέχων
847 1470 1165 1542 ὑποσχέσει,
1193 1472 1293 1542 τὴν
1325 1470 1425 1542 μὲν
1449 1472 1646 1527 ἐλπίδα
1669 1473 1887 1547 ἔτρεφε,

297 1565 399 1635 τὴν
431 1563 490 1616 δὲ
519 1562 750 1635 γνώμην
790 1563 929 1635 πρὸς
963 1562 1064 1635 τὴν
1097 1560 1168 1616 δι’
1202 1563 1477 1634 αἰτήσεως
1512 1564 1887 1636 ἐψυχαγώγει.

299 1653 365 1707 Τί
424 1653 535 1724 γὰρ
591 1653 659 1707 ἂν
719 1653 1088 1725 εὐθυμότερον
1139 1653 1242 1725 τῆς
1289 1654 1642 1727 ὑποσχέσεως
1695 1656 1889 1729 ὀφθείη

296 1743 459 1799 Θεοῦ.
509 1744 567 1798 '0
607 1744 686 1808 δὲ,
719 1745 1147 1814 ἀνεπαγγέλτως
1182 1743 1284 1814 μὲν
1331 1746 1484 1819 παρά
1529 1744 1626 1799 τοῦ
1659 1744 1890 1801 δυνατοῦ

301 1838 485 1892 πάντα
522 1837 593 1892 τὰ
638 1838 714 1909 μὴ
758 1837 962 1891 δυνατά
1005 1836 1404 1909 περαιοῦσθαι,
1450 1838 1547 1891 καὶ
1586 1837 1686 1910 τὴν
1729 1839 1891 1909 φύσιν

303 1927 849 2001 μεταρυθμίζεσθαι,
903 1927 1240 1995 πιστεύσας,
1278 1929 1414 2000 πρὸς
1461 1928 1644 2001 ἀφανῆ
1695 1928 1753 1982 δὲ
1794 1928 1891 2000 τὴν
1921 1927 1937 1936 ’

1992 738 2228 793 Abrahae
2256 739 2523 809 praeclare
2546 749 2720 811 gesta.
2746 738 3011 797 Videatur
3033 744 3251 814 quidem
3281 745 3580 812 nonnullis,
3658 774 3672 787 ρ

1989 846 2111 885 cum
2160 832 2471 907 antiquiore
2515 848 2632 889 aevo
2656 873 2672 900 ,
2714 842 2828 890 tum
2854 835 3086 903 justitia:
3118 839 3467 907 praestantia,
3503 840 3583 895 uti

1992 924 2274 980 veteribus
2313 924 2459 992 aliis,
2490 926 2566 981 ita
2589 934 2645 982 et
2677 927 2794 983 viro
2828 929 2984 983 nobis
3008 932 3308 1001 proposito,
3339 932 3584 1002 potiores

1994 1014 2172 1084 ferre;
2227 1026 2286 1072 ut
2321 1027 2501 1073 tamen
2559 1018 2685 1091 quis
2739 1034 2809 1075 ex
2862 1021 3095 1077 adverso
3135 1036 3467 1092 componere
3523 1025 3584 1083 in

1992 1107 2234 1165 animum
2291 1109 2554 1177 inducat,
2615 1111 2846 1167 multum
2910 1129 3097 1170 rerum
3169 1118 3582 1186 propositarum

1990 1213 2273 1256 excessum
2308 1202 2663 1271 perspexerit.
2694 1202 2831 1259 Nam
2855 1205 2929 1261 illi
2954 1207 3198 1277 quidem,
3228 1223 3352 1264 cum
3385 1210 3586 1280 migra-

1993 1292 2072 1346 tio
2102 1330 2119 1359 ,
2153 1301 2265 1348 tum
2302 1303 2447 1348 terra
2481 1309 2587 1365 qua
2619 1293 2835 1352 futurus
2884 1308 3007 1354 erat
3056 1300 3244 1355 accola
3265 1340 3282 1366 ,
3320 1303 3583 1372 praedicta

1993 1383 2212 1453 fuerat;
2266 1385 2362 1441 sed
2397 1395 2453 1441 et
2496 1386 2680 1442 futura
2715 1387 3129 1447 infecunditatis
3173 1406 3237 1448 ac
3280 1394 3586 1449 sterilitatis

1995 1477 2142 1534 Sara!
2174 1478 2394 1544 solutio,
2415 1479 2647 1552 veracis;
2661 1480 2758 1536 Dei
2788 1483 3011 1538 oraculo
3032 1487 3395 1555 praenuntiata
3420 1498 3539 1543 erat
3565 1506 3581 1554 ;

1993 1586 2167 1642 eaque
2202 1573 2250 1629 is
2282 1572 2648 1643 promissione
2684 1586 2907 1641 tenens,
2953 1585 3008 1633 et
3040 1592 3192 1648 spem
3222 1579 3432 1645 alebat,
3461 1580 3581 1636 ani-

1995 1678 2253 1734 mumque
2279 1679 2377 1734 per
2405 1665 2710 1721 orationem
2739 1666 2829 1721 illa
2863 1667 3198 1727 oblectabat.
3235 1671 3377 1739 Quid
3409 1675 3582 1739 enim,

1999 1769 2161 1826 rogo,
2191 1755 2372 1811 divina
2419 1758 2785 1828 promissione
2812 1759 3108 1831 jucundius
3155 1764 3327 1820 videri
3372 1767 3585 1836 queat?

1992 1846 2238 1903 Joachim
2264 1863 2433 1914 vero,
2475 1850 2624 1905 nulla
2654 1851 2722 1907 ab
2760 1867 2827 1907 co
2859 1863 3083 1925 accepta
3115 1858 3501 1924 promissione,
3530 1858 3585 1914 ei

1997 1941 2352 1997 commodans
2414 1941 2620 2009 ﬁdem,
2673 1943 2768 2014 qui
2834 1945 3268 2015 impossibilibus
3324 1950 3581 2011 omnibus

301 2019 471 2075 αὑτοῦ
499 2020 846 2092 προμήθειαν
879 2019 951 2073 τὰ
972 2020 1072 2089 τῆς
1101 2019 1317 2084 ἐλπίδος
1353 2018 1594 2093 ἐρείσας,
1628 2019 1772 2075 οὓτω
1796 2021 1890 2075 καὶ

1997 2034 2200 2089 exitum
2230 2034 2399 2102 dare,
2426 2051 2491 2092 ac
2520 2046 2774 2100 naturam
2815 2050 2994 2110 potest
3027 2040 3366 2111 reformare;
3399 2060 3587 2115 spem-

302 2110 401 2182 τὴν
426 2110 538 2163 τῶν
580 2109 801 2163 οἰκείων
838 2108 1156 2176 διάστασιν,
1204 2110 1302 2165 καὶ
1332 2109 1431 2182 τὴν
1474 2109 1717 2181 ἔμμονον
1754 2110 1892 2184 πρὸς

300 2201 466 2256 αὑτὸν
499 2200 567 2254 δι’
621 2199 919 2268 ἐντεύξεως
953 2204 1190 2257 ποιεῖται
1229 2201 1471 2273 ὁμιλίαν.
1520 2204 1633 2257 Καὶ
1668 2206 1698 2260 ὁ
1754 2204 1892 2276 μέν,

300 2294 605 2364 τεκμήριον
655 2292 760 2363 τῆς
804 2310 864 2347 τε
915 2293 1304 2365 κατασχέσεως
1349 2295 1449 2366 τῆς
1490 2295 1629 2366 γῆς,
1667 2296 1894 2367 καὶτῆς

303 2383 397 2436 τοῦ
465 2382 664 2451 γένους
710 2382 1022 2452 ἐπιδόσεως,
1053 2383 1223 2437 δεῖται
1272 2382 1390 2457 [καὶ
1423 2386 1530 2456 ὅτῳ
1586 2385 1774 2458 τρόπῳ
1827 2386 1895 2440 τὰ

299 2475 757 2546 ἐπαγγελλόμενα
786 2474 1129 2546 πληρωθεῖεν
1162 2475 1503 2548 ἐξαιτείται]’
1535 2479 1563 2532 ὁ
1592 2478 1669 2545 δέ,
1706 2478 1896 2550 ὥσπερ

301 2570 357 2622 ἐν
383 2572 452 2641 τῇ
488 2570 621 2641 εὐχῇ
643 2568 702 2621 τὸ
731 2568 1130 2642 ἀνενδοίαστον,
1159 2566 1303 2623 οὕτω
1336 2569 1431 2624 καὶ
1461 2573 1520 2623 ἐν
1565 2569 1641 2642 τῷ
1667 2572 1747 2635 είς
1794 2572 1894 2625 ἐπ-

304 2663 468 2735 ήκοον
486 2663 873 2735 ἀνενεχθῆναι,
903 2664 1001 2717 καὶ
1029 2664 1123 2717 ὑπ’
1152 2663 1393 2733 ἀγγέλου
1421 2664 1514 2718 τὸν
1541 2665 1704 2719 τόκον
1732 2666 1898 2734 slay-

306 2756 628 2826 γελισθῆναι
653 2797 668 2821 ,
708 2757 808 2828 οὑχ
839 2756 915 2819 ὡς
955 2757 1021 2811 ἂν
1064 2754 1262 2827 ἐκϐαίη
1294 2755 1357 2809 τὸ
1403 2755 1897 2827 εὐαγγελιζόμενον

305 2850 572 2915 αἰτεῖται,
605 2848 731 2902 οὐδέ
765 2865 830 2917 γε
856 2847 926 2902 τὰ
951 2847 1217 2920 δηλοῦντα
1253 2850 1459 2919 σημεῖα
1504 2850 1602 2919 τῆς
1643 2847 1899 2902 ἀσθενού-

308 2957 407 3011 σης
440 2939 663 3009 φύσεως
698 2939 797 3011 τὴν
827 2941 993 3005 ἴασιν,
1038 2940 1314 3009 ἐπιζητεῖ.
1362 2940 1451 3003 Ὧς
1479 2938 1590 3011 γὰρ
1620 2939 1898 3012 πλήρωμα

303 3033 365 3084 τὸ
406 3033 653 3103 μήνυμα
701 3031 991 3101 κατασχὼν
1042 3030 1139 3084 τοῦ
1176 3030 1433 3104 καθαρῶς
1474 3030 1713 3103 ὀφθῆναι
1751 3032 1899 3104 μόνῳ

303 3123 447 3197 Θεῷ,
482 3126 579 3180 καὶ
611 3126 748 3197 μετά
778 3127 876 3198 τὴν
906 3124 1002 3179 τοῦ
1045 3125 1208 3180 τόκου
1245 3126 1622 3198 πληροφορίαν
1651 3125 1765 3199 [γρ.
1799 3127 1898 3196 τῆς

304 3218 718 3292 πληροφορίας]
780 3217 1214 3290 κατεστοχάζετο
1268 3221 1494 3292 σημεῖα.
1569 3218 1732 3273 Ἀλλὰ
1790 3218 1901 3288 γὰρ

1994 2143 2100 2198 que
2135 2143 2289 2184 suam
2337 2130 2391 2185 in
2435 2131 2648 2187 occulta
2680 2132 2800 2203 ejus
2843 2135 3182 2204 providentia
3231 2136 3443 2193 firmam
3485 2138 3584 2193 ba-

1994 2219 2152 2286 bens,
2185 2236 2306 2276 cum
2339 2237 2399 2279 se
2430 2239 2461 2279 a
2493 2225 2811 2281 domesticis
2850 2227 3153 2296 abstrahit,
3188 2237 3300 2283 tum
3328 2245 3588 2299 persevc-

1997 2312 2137 2366 ranti
2187 2311 2589 2382 supplicatione
2638 2314 2693 2369 in
2731 2316 2930 2373 divinis
2975 2317 3267 2388 colloquiis
3318 2323 3452 2388 agit.
3504 2321 3585 2377 Ac

1994 2399 2271 2457 Abraham
2307 2402 2523 2471 quidem
2574 2406 2946 2461 necessarium
2981 2408 3146 2463 habet
3173 2409 3423 2478 signum,
3457 2425 3584 2465 cum

2000 2491 2197 2546 futurae
2222 2494 2590 2562 possessionis
2625 2502 2785 2550 terra:
2808 2536 2824 2561 ,
2857 2506 2970 2551 tum
3006 2499 3283 2569 augmenti
3321 2502 3539 2569 generis
3563 2542 3582 2569 ,

1998 2592 2064 2634 ac
2094 2578 2313 2635 modum
2349 2596 2455 2650 quo
2485 2580 2681 2637 divinae
2711 2585 3104 2653 promissiones
3135 2587 3421 2659 implendas
3451 2591 3586 2659 sint,

1999 2670 2278 2739 exquirit:
2307 2670 2554 2729 Joaehim
2590 2689 2756 2741 vero,
2806 2677 2884 2733 uti
2921 2677 3203 2736 indubiam
3237 2682 3291 2737 in
3335 2683 3589 2741 oratione

2000 2771 2237 2819 mentem
2283 2767 2633 2833 ostenderat,
2684 2769 2756 2823 ita
2793 2779 2848 2826 et
2893 2771 2984 2826 ubi
3024 2770 3220 2828 fuisset
3258 2776 3588 2844 exauditus,

2000 2854 2315 2926 bonumque
2347 2859 2416 2913 ab
2444 2860 2640 2931 angelo
2673 2862 2968 2918 nascitnrae
3003 2864 3172 2934 prolis
3204 2867 3455 2921 nuntium
3494 2884 3588 2924 ae-

2002 2948 2277 3017 cepissetx
2324 2949 2748 3023 haudquaquam
2799 2963 2860 3008 ut
2915 2954 3110 3017 faustae
3154 2960 3589 3017 annuntiationis

2002 3038 2150 3095 illius
2178 3051 2408 3098 eventus
2435 3044 2509 3098 sit
2535 3045 2823 3103 habiturus
2847 3086 2861 3112 ,
2891 3058 3070 3119 rogat,
3112 3064 3213 3105 nec
3249 3066 3378 3106 vero
3407 3052 3586 3122 signa,

2003 3131 2202 3200 quibus
2220 3132 2405 3190 futura
2422 3126 2641 3192 naturae
2669 3140 2884 3195 sanatio
2914 3139 2997 3197 sit'
3016 3140 3368 3212 declaranda,
3395 3147 3587 3215 exqui-

2004 3224 2097 3279 rit.
2134 3223 2296 3282 Velut
2326 3228 2472 3284 enim
2508 3244 2622 3285 rem
2647 3228 2761 3299 jam
2801 3233 3151 3302 adimpletam
3185 3235 3414 3301 habens,
3443 3239 3586 3306 quod

303 3316 399 3367 aut
420 3314 482 3368 τὸ
511 3316 613 3384 τῆς
643 3313 851 3378 θυσίας,
890 3312 1125 3367 ἐνταῦθα
1161 3312 1639 3385 προσκαλούμενον
1699 3312 1893 3379 ἐξετα-

311 3405 500 3427 -n:___.-
547 3404 844 3427 __.-!_§-C__.
911 3405 1132 3427 ι-.-1----
1174 3406 1442 3427 9___-__1-.
1475 3406 1678 3427 1---!_.--
1726 3423 1865 3427 ____

2003 3328 2193 3388 aperte
2222 3318 2322 3374 soli
2355 3320 2464 3376 Deo
2488 3322 2665 3377 visum
2692 3334 2861 3390 esset,
2881 3325 3243 3396 signiﬁcatum
3273 3339 3440 3393 esset.
3464 3346 3587 3384 cum

306 3405 504 3477 σθῆναι
543 3404 872 3476 παράδοξον,
907 3405 1132 3460 ἐατέον*
1170 3406 1321 3470 ὅπως
1345 3406 1443 3477 μὲν
1471 3406 1679 3471 ἐκεῖνος
1722 3423 1894 3478 προσ-

2002 3418 2151 3465 certa
2182 3408 2377 3466 futura:
2405 3413 2572 3480 prolis
2596 3415 2972 3484 persuasione,
3002 3418 3158 3486 signa
3187 3433 3407 3489 quoque
3429 3419 3585 3489 plane

297 3498 493 3565 τάξει,
551 3498 1021 3570 αὐτοπροαίρετος
1059 3498 1119 3552 δέ
1162 3493 1315 3562 οὗτος
1385 3497 1751 3571 ἱερούργησε·
1810 3498 1904 3552 καὶ

1999 3502 2361 3571 coniectabat.
2404 3504 2509 3560 Sed
2548 3515 2606 3562 et
2650 3507 2984 3565 admiranda:
3032 3511 3177 3566 illius
3207 3512 3441 3568 victima:
3482 3515 3587 3569 huc

304 3592 582 3661 μονογενῆ
626 3592 727 3662 μὲν
748 3632 763 3655 ,
809 3591 1037 3662 κυρίως,
1081 3583 1242 3655 οὗτος
1265 3605 1282 3623 ο
1317 3592 1524 3655 ἐκεῖνος
1559 3590 1617 3644 δὲ
1639 3632 1654 3656 ,
1692 3590 1771 3661 τῷ
1801 3593 1902 3663 τῆς

2000 3590 2103 3647 loci
2136 3595 2370 3651 accitum
2407 3610 2663 3664 examen,
2696 3600 3061 3655 omittendum
3117 3601 3190 3655 sit
3223 3620 3237 3657 :
3277 3613 3335 3658 ut
3368 3605 3588 3674 quidem

301 3683 650 3752 ἐπαγγελίας
688 3683 834 3751 λόγῳ
853 3699 865 3712 ·
900 3685 999 3737 καὶ⁵
1028 3684 1110 3737 ὅτι
1141 3681 1425 3754 προσάξας
1455 3683 1553 3753 μὲν
1581 3685 1813 3748 ἐκεῖνος,
1841 3685 1901 3737 τὸ

1997 3682 2316 3746 Abraham,
2371 3682 2556 3739 divina
2609 3683 2902 3753 jussione,
2944 3685 3192 3742 Joachim
3252 3703 3435 3744 autem
3488 3706 3586 3744 sua

300 3776 502 3846 ἱερεῖον
540 3774 956 3845 ἀντικομίζεται
977 3791 991 3806 ·
1018 3769 1172 3841 οὗτος
1200 3775 1258 3829 δέ
1287 3774 1364 3846 τῷ
1387 3774 1502 3829 ὖντι
1529 3774 1899 3847 καθιερώσας,

295 3868 699 3932 ὡλοκαύτωσε,
740 3868 836 3922 καὶ
877 3868 1115 3951 ἀποδοὺς
1150 3869 1456 3940 ἀνήνεγκεο
1492 3867 1590 3922 καὶ
1625 3869 1900 3940 πατριάρ-
1932 3868 1946 3885 ⁵

298 3979 401 4033 χην
435 3962 539 4033 μὲν
568 3961 737 4026 αὐτὸς
768 3962 975 4032 φυλῶν,
1005 3962 1102 4016 καὶ
1128 3961 1340 4016 δίκαιον
1365 3979 1379 3994 ο
1419 3961 1633 4034 μητέρα
1655 3961 1714 4016 δὲ
1744 3955 1898 4026 οὗτος

300 4055 475 4122 Θεοῦ,
546 4056 645 4110 καὶ
713 4055 1068 4128 δικαιοτάτην
1147 4057 1507 4127 πατριαρχῶν
1574 4055 1894 4109 Δέσποιναν.

301 4146 577 4215 Κρείττον
610 4146 754 4217 γὰρ,
793 4146 853 4199 οὐ
889 4148 989 4216 τῆς
1033 4146 1356 4218 παρούσης,
1389 4145 1526 4200 ἀλλά
1568 4145 1664 4199 καὶ
1716 4144 1897 4215 πάσης

296 4238 794 4314 ἀντιπαραθέσεως
830 4238 893 4291 τὸ
934 4239 1270 4310 ἐγχείρημα.
1318 4239 1480 4311 Ὁρᾷς
1505 4239 1666 4291 ὁποῖα
1696 4237 1765 4291 τὰ
1798 4235 1895 4289 τοῦ

296 4328 514 4384 δικαίου
549 4329 747 4383 τούτου
779 4328 1062 4400 παρήλασε
1096 4329 1571 4399 πλεονεκτήματα.

2002 3772 2119 3843 ipse
2152 3782 2372 3844 sponte,
2406 3776 2802 3833 sacriﬁcaverit
2830 3796 2844 3844 ;
2877 3788 3040 3849 atque
3071 3779 3161 3834 hic
3196 3780 3436 3852 quidem,
3473 3783 3587 3836 uni.

2006 3878 2201 3934 genam
2249 3865 2498 3922 absolute
2530 3865 2734 3937 prolem
2756 3908 2773 3934 ,
2825 3868 2915 3923 ille
2946 3869 3249 3934 duntaxat,
3285 3870 3469 3925 habita
3505 3886 3586 3925 ra-

2004 3951 2155 4007 tione
2203 3954 2585 4023 promissionis
2618 3978 2630 4011 ;
2684 3966 2743 4011 ut
2792 3957 2923 4012 item
2958 3957 3048 4012 ille
3079 3974 3203 4013 cum
3257 3960 3586 4025 obtulisset,

2003 4046 2281 4102 victimam
2312 4047 2593 4114 retulerit,
2627 4047 2717 4103 hic
2749 4057 2931 4103 autem
2953 4089 2969 4116 ,
3000 4065 3193 4107 revera
3234 4053 3585 4109 sacriﬁcave-

2002 4137 2110 4202 rit,
2144 4138 2487 4210 reddensque
2526 4154 2589 4196 ac
2639 4141 2898 4198 addicens
2939 4140 3083 4208 Deo,
3120 4144 3171 4198 in
3205 4145 3585 4201 holocaustum

1999 4231 2264 4287 obtulerit
2298 4246 2312 4285 :
2350 4248 2416 4288 ac
2465 4232 2554 4293 ille
2593 4233 2850 4304 quidem',
2895 4236 3131 4292 tribuum
3172 4239 3584 4308 patriarcham;

1999 4322 2089 4378 hic
2120 4331 2325 4389 autem,
2351 4321 2459 4381 'Dei
2492 4335 2798 4396 parentem,
2842 4342 2905 4384 ac
2937 4330 3371 4399 patriarcharum
3422 4332 3588 4387 meri-

300 4425 582 4480 tissimam
616 4423 929 4479 Dominam.
984 4423 1155 4478 Plane
1180 4424 1326 4478 enim
1352 4461 1368 4488 ,
1407 4425 1602 4478 nedum
1637 4421 1890 4493 praesenti
1935 4421 2074 4484 hac,
2147 4419 2242 4476 sed
2307 4428 2364 4476 et
2394 4422 2541 4476 omni
2579 4422 2802 4478 omnino
2833 4424 3242 4494 comparatione
3278 4438 3485 4484 tantum
3520 4429 3588 4484 il-

298 4517 392 4571 lud
431 4519 652 4574 facinus
688 4517 865 4587 majus
927 4518 1179 4573 exsistat.
1253 4516 1419 4572 Vides
1455 4524 1676 4588 quanta:
1737 4516 1871 4587 juSti
1940 4516 2103 4587 hujus
2160 4517 2535 4586 praerogativae
2595 4518 2909 4589 cximiaque
2968 4530 3296 4575 ornamenta
3360 4524 3588 4592 prmeri-

298 4610 440 4666 lant.

367 4701 480 4756 Θέα
517 4701 587 4772 δὴ
621 4702 716 4755 καὶ
742 4700 842 4773 τὴν
893 4703 953 4756 ἐν
976 4705 1042 4774 τῇ
1072 4704 1266 4774 ἐρήμῳ
1291 4702 1598 4775 διατριϐὴν,
1630 4703 1727 4756 καὶ
1751 4701 1892 4774 ὑπὲρ

2069 4701 2206 4758 Vide
2237 4716 2402 4772 porro
2459 4701 2574 4771 ejus
2611 4703 2661 4758 in
2703 4702 2920 4759 deserto
2956 4719 3185 4772 moram,
3237 4721 3300 4762 ac
3328 4708 3588 4780 majorem

293 4793 397 4867 τὴν
430 4794 607 4866 φύσιν
633 4794 954 4866 καρτερίαν,
992 4798 1059 4865 ἣν
1089 4794 1389 4865 ἀγγελικὴν
1422 4794 1688 4865 προσήκει
1716 4792 1899 4861 λέγειν

292 4886 608 4958 διαγωγὴν,
666 4885 742 4950 ὡς
788 4886 929 4956 ξένη.
967 4886 1067 4941 καὶ
1119 4886 1532 4957 ἀκατάλληλος,
1572 4888 1640 4957 τῇ
1689 4901 1749 4937 τε
1788 4882 1897 4938 τῶν

293 4982 653 5054 πραγμάτων
704 4982 799 5035 καὶ
845 4980 1023 5050 λόγων
1060 4980 1522 5055 ἀντιπαραθέσει,
1563 4979 1894 5050 καθέστηκε.

292 5072 734 5142 Τεσσαράκοντα
761 5073 871 5143 γὰρ
901 5072 1115 5144 ἡμέρας
1149 5074 1243 5128 καὶ
1263 5073 1465 5135 νύκτας
1489 5070 1680 5125 τοῦτον
1708 5069 1895 5125 ἄσιτον

291 5165 659 5220 διατελοῦντα
686 5207 701 5231 ,
733 5163 1223 5237 προσκαρτερῆσαί
1256 5182 1424 5236 φησιν
1473 5166 1505 5236 ἡ
1539 5162 1750 5235 ἱστορία
1824 5164 1891 5233 τῇ

290 5258 502 5328 δεήσει,
537 5257 677 5329 μόνῃ
706 5259 771 5328 τῇ
801 5259 878 5321 εἰς
927 5257 1060 5311 Θεὸν
1089 5256 1267 5312 ἐλπίδι
1315 5257 1674 5328 τρεφόμενον.
1723 5254 1893 5321 Ἐνῆ-

291 5363 527 5405 atat-0's
600 5348 711 5420 γὰρ
756 5347 978 5420 ἡμέρας
1010 5348 1107 5404 καὶ
1128 5350 1352 5415 νύκτας
1396 5346 1849 5418 τεσσαράκοντα
1875 5387 1891 5411 ,

289 5443 496 5512 λέγων
523 5457 537 5472 ⁸
569 5443 656 5496 Οὐ
705 5441 1123 5511 καταϐήσομαι
1339 5439 1715 5511 ἁναῦήσομαι]
1754 5441 1894 5495 οὔτε

288 5530 699 5602 ἐπὶ.βρωτὸν,
733 5533 872 5586 οὔτε
905 5531 1005 5586 ἐπὶ
1029 5532 1236 5586 ποτόν.
1277 5531 1451 5585 Τοῦτο
1484 5530 1595 5583 τῶν
1633 5532 1731 5602 μὲν
1763 5531 1892 5602 παρ’

287 5626 427 5696 ἡμῖν
478 5625 1019 5697 ἀγωνιστικωτέρων
1068 5624 1203 5687 τισὶ,
1263 5622 1592 5694 παράδοξον·
1640 5623 1751 5675 τισὶ
1801 5622 1892 5689 δέ,

287 5714 384 5769 καὶ
447 5714 748 5785 ἀμήχανον
813 5713 1098 5785 ἀνεκρίθη.
1148 5713 1321 5786 ’Υπὲρ
1378 5712 1485 5782 γάρ
1542 5711 1893 5785 ἀνθρωπίνην

289 5806 450 5878 ίτχὺν
501 5806 568 5860 τὸ
621 5806 975 5878 κατόρθωμα·
1023 5808 1119 5861 τοῦ
1154 5808 1255 5878 τῆς
1298 5804 1515 5876 φύσεως
1570 5805 1735 5877 μόνου
1790 5808 1893 5878 Δη-

2003 4809 2165 4865 quam
2207 4811 2304 4866 pro
2335 4796 2570 4850 humana
2616 4797 2825 4852 ratione
2867 4801 3335 4867 perseverantiam
3380 4803 3400 4871 (
3425 4818 3586 4872 quam

2002 4887 2159 4958 plane
2187 4888 2488 4960 angelicam
2525 4890 2645 4944 vita:
2701 4890 2969 4946 rationem
3023 4895 3221 4951 merito
3261 4896 3586 4968 dicamus),

1999 4986 2059 5032 ut
2095 4992 2232 5033 nova
2283 4994 2346 5034 ac
2394 4979 2674 5047 insolens,
2719 4996 2901 5035 rerum
2936 4983 3141 5051 pariter
3188 4988 3588 5056 verborumque

2005 5074 2440 5144 comparatione,
2476 5074 2761 5132 effulserit.
2813 5076 2902 5131 Ait
2937 5078 3134 5147 quippe
3182 5079 3256 5133 rei
3301 5090 3465 5150 gesta:
3507 5083 3589 5135 hi-

2005 5166 2209 5230 storia,
2258 5168 2618 5239 quadraginta
2678 5168 2795 5222 dies
2859 5182 2925 5224 ac
2982 5170 3343 5240 quadraginta
3397 5186 3587 5227 noctes

1997 5255 2241 5328 jejunum
2271 5273 2651 5335 perseverasse
2682 5260 2733 5314 in
2761 5260 3027 5322 oratione.
3056 5277 3179 5317 cum
3216 5263 3430 5318 interim
3459 5280 3586 5337 spes
3682 5338 3683 5341 η

2002 5349 2056 5405 iu
2079 5349 2244 5406 Deum
2264 5350 2376 5406 sola
2400 5351 2590 5406 aleret.
2616 5350 2886 5421 Jejunavit
2916 5355 3182 5422 siquidem
3224 5356 3584 5427 quadragth

1992 5439 2103 5493 dies
2140 5457 2205 5514 ac
2237 5450 2441 5509 noctes,
2476 5441 2691 5496 dicem:
2726 5439 2849 5496 Non
2880 5444 3194 5497 descendam
3232 5446 3309 5499 vel
3340 5459 3392 5500 ιιι
3428 5463 3587 5500 mau-

1992 5531 2199 5597 ducem,
2235 5533 2312 5587 vel
2356 5544 2410 5586 ιιι
2458 5533 2656 5589 bibam.
2696 5536 2924 5601 Quidam
2965 5540 3103 5606 apud
3140 5553 3242 5592 nos
3274 5539 3581 5606 plusculum

1991 5625 2354 5689 contentiosi,
2387 5626 2528 5680 haud
2569 5627 2702 5682 satis
2743 5628 2946 5684 habere
2987 5631 3146 5685 [idem
3171 5673 3186 5696 ,
3224 5648 3338 5686 rem
3382 5635 3581 5689 existi-

1997 5723 2182 5783 ntatit;
2237 5716 2456 5785 quidam
2507 5734 2637 5775 vero
2666 5723 2828 5775 etiam
2878 5721 3268 5792 impossibilem
3307 5722 3576 5794 judicent.

1977 5804 2130 5871 Nam
2175 5808 2339 5865 vineit
2377 5810 2588 5867 facinus
2631 5813 2928 5871 humanam
2959 5817 3216 5875 virtutem
3265 5837 3278 5875 :
3314 5820 3432 5878 solo
3478 5838 3576 5877 na-
