4060 6446
504 371 636 436 1391

1634 370 1954 434 GEORGII
1990 373 2589 437 NICOMEDIENSIS

3609 373 3730 446 1392

503 497 637 536 tura:
664 488 883 535 auclore
915 479 1044 546 Deo,
1090 495 1151 536 ex
1191 478 1485 538 voluntatis
1517 483 1829 553 proposito,
1867 483 2070 539 incolu-

2184 487 2449 557 μιουργοῦ
2476 487 2538 540 τὸ
2565 485 2787 557 διαρκὲς
2816 487 2987 559 αὐτῇ,
3041 487 3269 560 γνώμης
3300 488 3507 562 αἱρέσει
3554 506 3730 564 συντη-

503 591 642 629 mem
670 585 941 631 servante.
975 574 1104 628 Eam
1138 574 1418 643 virjustus
1448 574 1824 630 inconcussam
1853 574 1961 629 Deo
1990 574 2079 629 ad-

501 669 713 731 hibens,
740 669 897 736 vique
924 681 1116 735 magna
1143 666 1400 720 adversus
1424 666 1669 736 corporis
1697 667 2075 721 necessitatem

502 764 813 828 insurgens,
844 758 911 811 ab
939 758 1151 822 eodem,
1183 771 1304 811 cum
1333 757 1560 827 gratiam
1589 756 1851 825 majorum
1877 757 2079 813 virtute

500 850 883 915 certaminum,
910 860 1022 904 tmn
1053 850 1313 905 donorum
1342 848 1674 905 vincentium
1701 864 1871 919 spem,
1908 864 2079 904 mere-

499 954 588 997 tur
622 946 888 1014 accipere.
920 944 1066 998 Sane
1101 945 1315 1012 quidem
1366 942 1579 1015 Moyses
1624 943 1815 1013 aequali
1864 943 2076 998 dierum

499 1035 706 1105 jejunio
757 1035 1169 1089 admirationem
1220 1034 1400 1088 habet.
1482 1033 1593 1088 Nec
1630 1036 1776 1089 enim
1825 1050 1912 1090 res
1962 1034 2077 1100 ejus

500 1137 667 1197 gestae
694 1136 882 1182 carent
923 1126 1285 1181 admiratione
1319 1143 1332 1180 :
1379 1133 1437 1180 ut
1467 1127 1590 1196 quis
1635 1136 1813 1181 tamen
1850 1141 2076 1181 accura-

503 1222 611 1275 tius
664 1221 943 1275 amborum
976 1221 1226 1289 exquirat
1255 1219 1636 1289 expendatque
1676 1220 2072 1285 constantiam,

500 1313 588 1367 hic
613 1326 828 1382 quoque
869 1314 922 1365 in
967 1311 1044 1365 rei
1081 1311 1428 1381 aggressione
1454 1311 1745 1365 discrimen
1788 1311 2072 1365 invenerit.

499 1403 632 1458 Nam
686 1403 897 1475 Moyses
947 1403 1200 1473 quidem,
1252 1417 1375 1458 cum
1414 1403 1777 1472 praecipientis
1824 1403 2074 1468 decreto,

504 1506 612 1549 tum
650 1494 953 1549 tabularum
989 1495 1257 1557 custodia,
1290 1494 1522 1565 ipsaque
1553 1495 1686 1549 adeo
1725 1493 2077 1564 Legislatoris

498 1586 904 1654 exspectatione
929 1588 1311 1650 detinebatur;
1346 1602 1466 1656 qute
1496 1586 1682 1657 utique
1718 1586 1926 1640 tneliori
1957 1603 2078 1641 cor-

501 1678 851 1733 roboratione
908 1693 1038 1733 cum
1111 1679 1370 1747 temporis
1424 1678 1683 1749 longioris
1732 1678 2074 1745 molestiam,

501 1782 616 1824 tum
659 1783 868 1825 naturae
913 1772 1294 1826 necessitatem
1344 1772 1596 1826 levabant
1637 1788 1651 1826 :
1689 1770 1935 1826 Joachim
1982 1787 2076 1825 au-

2182 575 2420 648 ροῢντος.
2454 576 2670 648 Ταύτην
2708 577 2856 649 αὐτῷ
2904 578 3315 650 ἀπεριδόνητσν,
3362 584 3391 634 6
3416 580 3613 645 δίκαιος
3641 599 3733 637 ita.

2180 669 2615 739 ραστησάμενος,
2646 668 2838 740 βιαίως
2875 687 2935 723 τε
2962 671 3064 741 τῆς
3101 673 3195 725 τοῦ
3229 671 3483 748 σώματος
3506 675 3731 747 ἀνάγκης

2179 764 2747 831 κατεπανιστάμενος,
2780 764 2911 834 παρ’
2956 763 3123 816 αὑτοῦ
3155 765 3366 818 ἐκείνου
3393 807 3408 830 ,
3441 766 3538 835 τὴν
3589 768 3734 835 χάριν

2178 848 2286 902 τῶν
2322 849 2463 921 ὑπὲρ
2514 849 2744 920 δύναμιν
2796 851 3048 919 ἀγώνων,
3101 853 3196 906 καὶ
3242 854 3353 906 τῶν
3400 856 3528 924 παρ’
3562 856 3736 911 ἐλπίδα

2177 943 2417 1014 δωρεῶν,
2448 945 2832 1013 ἐπιτυγχάνειν
2857 945 3092 1014 δέχεται.
3125 947 3369 1016 Μωῦσῆς
3406 947 3502 1017 μὲν
3529 949 3652 1018 γὰρ,
3677 952 3736 1019 τῇ

2183 1035 2455 1106 ίσαρίθμῳ
2491 1036 2836 1106 θαυμάζεται
2864 1038 2971 1089 τῶν
3006 1038 3233 1108 ἡμερῶν
3262 1040 3466 1110 άσιτίᾳ³
3502 1041 3594 1092 καὶ
3621 1042 3737 1109 γὰρ,

2178 1126 2280 1179 οὐκ
2319 1125 2650 1197 ἁθαύμαστα
2700 1126 2770 1179 τὰ
2811 1128 2939 1180 κατ’
2980 1130 3207 1183 ἐκεῖνον.
3275 1129 3422 1181 Ἀλλ’
3454 1131 3507 1181 εῐ
3529 1147 3609 1192 τις
3653 1134 3740 1199 τὴν

2178 1219 2454 1289 ἑκατέρων
2494 1219 2926 1291 διερευνώμενος
2972 1220 3231 1285 ἐξετάσαι
3278 1220 3522 1291 θελήσειε
3556 1238 3741 1292 καρτε-

2180 1310 2324 1383 ρίαν,
2362 1312 2585 1381 εὑρήσει
2623 1311 2821 1382 δηλαδὴ
2849 1312 3127 1366 κᾶνταῦθα
3151 1313 3250 1382 τὴν
3284 1312 3570 1382 διαφορὰν,
3610 1316 3664 1365 ὲν
3684 1317 3742 1385 τῇ

2182 1405 2569 1476 μεταχειρήσει
2619 1403 2713 1457 τοῦ
2763 1405 3109 1475 πράγματος.
3174 1405 3233 1457 '0
3267 1408 3366 1474 μὲν
3413 1407 3523 1476 γὰρ
3551 1407 3626 1475 τῷ
3658 1406 3741 1459 τοῦ

2179 1499 2608 1568 προστεταχότος
2633 1498 2763 1566 ὅρῳ,
2808 1497 2904 1550 καὶ
2938 1500 3001 1569 τῇ
3029 1496 3139 1550 τῶν
3168 1497 3394 1551 πλακῶν
3417 1497 3742 1569 διατηρήσει,

2178 1589 2315 1655 αὐτῇ
2340 1605 2399 1641 τε
2428 1591 2494 1659 τῇ
2528 1588 2800 1659 ἀπεκδοχῇ
2838 1588 2929 1642 τοῦ
2958 1589 3246 1657 νομοδότου
3276 1591 3584 1660 κατείχετο,
3615 1592 3745 1659 {map

2180 1680 2278 1733 σὺν
2302 1680 2587 1751 ὲπισχύσει
2618 1680 2910 1750 κρείττονι,
2937 1679 3029 1733 τόν
3060 1694 3119 1733 τε
3150 1681 3615 1750 παρατεινόμενον
3640 1683 3747 1752 χρό-

2177 1789 2288 1837 νον,
2329 1773 2423 1825 καὶ
2452 1772 2547 1843 τὴν
2575 1774 2823 1842 ἀνάγκην
2852 1771 3186 1840 ἀπεκούφιζε
3214 1773 3317 1841 τῆς
3360 1773 3599 1839 φύσεως·
3627 1775 3652 1825 6
3673 1773 3744 1835 δὲ,

500 1871 647 1926 tem,
696 1862 844 1917 nullo
876 1862 978 1916 alio
1012 1872 1326 1927 recreante,
1358 1863 1473 1917 sola
1515 1877 1643 1916 vero
1678 1861 1812 1916 nihil
1856 1861 2072 1917 fallente

2178 1836 2516 1925 ὑπόὒδενδς
2541 1864 2651 1917 τῶν
2682 1836 2857 1917 ἀλλων
2888 1836 3412 1933 ψυχαγωγούμενος,
3446 1865 3586 1936 μόνῃ
3614 1864 3667 1917 δὲ
3687 1867 3745 1934 τῇ

495 1956 551 2010 in
604 1955 772 2009 Deum
822 1971 918 2025 spe
968 1955 1300 2021 roboratus,
1355 1954 1703 2010 solitudinem
1756 1954 1960 2024 pariter
2011 1969 2075 2008 ac

495 2060 699 2117 agones
758 2046 940 2111 subit,
1008 2046 1381 2115 intentamque
1431 2043 1691 2112 ejusmodi
1772 2043 2071 2098 oralionem

493 2139 713 2207 promit.
745 2135 875 2191 Eam
906 2151 1019 2191 rem
1049 2137 1172 2206 quis
1203 2150 1308 2189 non
1337 2135 1585 2199 miretur,
1604 2147 1937 2200 omnemque
1965 2146 2077 2185 ser-

494 2230 673 2283 monis
702 2229 808 2282 vim
840 2228 1117 2283 existimet
1161 2227 1413 2292 vincere,
1475 2241 1596 2296 qua:
1647 2226 1809 2294 plane
1852 2238 2072 2277 omnem

494 2322 764 2377 rationem
797 2336 858 2374 ac
883 2322 1178 2391 cogitatum
1212 2318 1607 2390 magniﬁcentia
1641 2316 1894 2386 superet?
1921 2315 2074 2381 Quod

400 2458 407 2469 κ
495 2415 542 2469 si
577 2415 728 2484 quis,
764 2429 827 2469 ea
858 2429 980 2482 quae
1008 2413 1261 2476 dicimus,
1295 2410 1714 2481 exaggeratioue
1740 2408 1845 2463 dici
1887 2407 2076 2462 existi-

495 2516 650 2572 met;
681 2507 795 2575 ipse
836 2520 924 2560 res
952 2505 1164 2570 animo,
1193 2504 1381 2573 quales
1420 2504 1643 2566 habent,
1674 2500 1845 2554 nudas
1879 2514 2075 2568 propo-

494 2608 613 2663 nat,
637 2598 1019 2669 exquiratque,
1049 2612 1174 2651 num
1202 2605 1381 2650 tantas
1408 2594 1695 2656 invenerit,
1725 2602 1781 2645 ut
1805 2606 1903 2646 nec
1926 2592 2077 2660 quis-

495 2705 659 2759 quam
710 2688 1036 2745 celebrando
1068 2687 1331 2743 assectari
1374 2686 1581 2756 possit,
1615 2684 1831 2739 tametsi
1878 2685 2078 2753 proba-

495 2783 739 2839 tissimus
783 2783 980 2839 habeat
1005 2780 1218 2837 dicendi
1250 2780 1551 2845 facultate;
1604 2778 1803 2832 nedum
1840 2776 2069 2847 majori,

493 2888 655 2941 quam
690 2888 787 2942 pro
827 2888 1014 2928 earum
1048 2872 1257 2928 ratione
1280 2871 1449 2942 gloria
1479 2870 1754 2927 extulerit.
1794 2869 1885 2925 Sic
1912 2883 2075 2940 porro

494 2964 698 3019 habent
719 2978 806 3019 res
832 2964 932 3017 viri
956 2963 1111 3034 justi.

562 3056 819 3127 Coujugis
850 3065 1055 3123 autem,
1078 3070 1144 3111 ac
1173 3055 1366 3111 iisdem
1388 3063 1595 3110 ornatae
1611 3053 1852 3109 moribus
1878 3050 2068 3116 Anum,

490 3164 653 3221 quam
686 3163 892 3218 magna:
916 3147 1024 3202 illa:
1053 3161 1118 3202 ac
1145 3147 1495 3210 admirandae,
1527 3155 1584 3199 ut
1626 3146 1820 3199 nedum
1853 3144 1953 3197 viri
1985 3158 2068 3197 re-
2098 3173 2141 3233 α

490 3244 595 3297 bus
625 3241 922 3311 quidquam
948 3239 1121 3309 gratia
1153 3238 1393 3292 minores
1435 3238 1566 3303 sint,
1596 3237 1691 3291 sed
1716 3248 1770 3290 et
1804 3235 1909 3290 illis
1939 3248 2072 3305 prte-

491 3335 724 3391 cellant?
755 3333 966 3403 Quippe
1008 3332 1124 3386 haec
1154 3330 1387 3400 duplicia
1417 3327 1739 3383 constantia:
1768 3327 2067 3382 certamina

491 3427 760 3483 ceulicere
797 3425 1007 3480 habuit.
1037 3423 1169 3477 Nam
1196 3432 1249 3477 et
1292 3422 1393 3475 viri
1425 3420 1727 3483 abscessio,
1755 3435 1819 3474 ac
1858 3416 2072 3472 accola-

492 3532 578 3573 tus
612 3520 826 3588 ignotus
862 3525 1002 3581 erat,
1029 3514 1255 3584 ejusque
1303 3514 1580 3580 animum,
1620 3513 1856 3582 irrogata
1885 3509 2072 3564 ambo-

474 3609 592 3664 bus
646 3607 958 3663 sterilitatis
1012 3620 1141 3674 ergo
1204 3603 1431 3671 injuria,
1476 3602 1755 3672 pulsabat;
1812 3601 2072 3654 adversus

491 3715 612 3770 quae
647 3700 981 3768 depugnans,
1008 3696 1120 3765 spei
1160 3694 1393 3763 fideique
1428 3692 1776 3749 adminiculis
1823 3691 2069 3760 superior

488 3791 684 3847 evasit.
719 3791 860 3858 Quin
911 3796 967 3844 et
1013 3788 1208 3858 duplex
1263 3802 1381 3839 eam
1418 3786 1767 3855 exprobratio
1805 3781 2068 3852 ejusmodi

490 3883 706 3949 all‘ecit;
741 3884 975 3951 primmn
1006 3880 1224 3949 quidem
1256 3894 1351 3949 per
1390 3893 1517 3932 suos
1560 3875 1928 3939 contribules;
1958 3884 2068 3927 tmn

490 3989 642 4039 vero,
674 3988 770 4043 per
796 3970 1050 4025 ancillam
1073 4012 1089 4037 ,
1118 3970 1267 4038 quod
1304 3977 1358 4023 et
1395 3967 1833 4021 molestissimam
1876 3964 2068 4019 incre-

488 4066 759 4133 patiouem
788 4062 938 4117 facit.
968 4059 1084 4115 Non
1111 4061 1253 4115 enim
1290 4060 1361 4113 ita
1395 4060 1462 4112 ab
1489 4058 1609 4113 aliis
1635 4056 1834 4127 jactata
1882 4055 2070 4111 convi-

488 4157 572 4210 cia
625 4155 1033 4225 perstringam,
1082 4153 1157 4206 uti
1205 4168 1232 4205 a
1268 4151 1590 4205 necessariis
1618 4164 1682 4203 ac
1715 4148 2066 4214 domesticis;

489 4250 650 4318 idque
678 4249 938 4311 maxime,
970 4261 1095 4302 cum
1124 4245 1217 4316 qui
1242 4244 1469 4313 jactant,
1500 4258 1530 4296 e
1561 4241 1819 4311 subjectis
1868 4239 2099 4294 fuerint.

485 4357 552 4396 ac
600 4341 799 4395 servis.
831 4337 946 4404 Qua
994 4353 1124 4405 ergo
1157 4338 1366 4390 ratione
1412 4334 1743 4403 compositus
1781 4331 1945 4386 habet
1979 4345 2071 4401 ge-

485 4432 853 4489 nerosissimze
876 4429 1109 4485 'femina:
1150 4427 1407 4483 animus?
1447 4426 1605 4481 Nullo
1640 4427 1833 4479 horum
1858 4466 1872 4491 ,
1909 4432 1969 4478 ut
2000 4422 2068 4477 ab

2175 1956 2519 2027 ἀδιαψεύστῳ
2554 1956 2900 2026 ρωννύμενος
2937 1956 3137 2018 ἐλπίδι,
3171 1958 3268 2027 τήν
3296 1973 3359 2009 τε
3395 1957 3635 2027 ἐρημίαν
3663 1959 3748 2008 καὶ

2174 2052 2300 2113 τοὺς
2330 2052 2546 2117 ἀγῶνας
2577 2050 2904 2112 ὑποδύεται,
2938 2052 3031 2103 καὶ
3061 2049 3162 2122 τὴν
3190 2051 3594 2117 ἐπιτεταμένην
3623 2067 3746 2119 προ·

2176 2142 2432 2195 ϐάλλεται
2464 2144 2670 2212 δέησιν.
2718 2143 2892 2196 Τοῦτο
2948 2142 3029 2206 τίς
3064 2144 3163 2195 οὐκ
3197 2143 3262 2196 ἂν
3297 2144 3632 2213 Θαυμάσειε,
3666 2143 3749 2196 καὶ

2178 2233 2376 2297 παντὸς
2412 2232 2685 2304 ἀνώτερον
2715 2236 2976 2304 ἡγήσοιτο
3020 2233 3210 2302 λόγου,
3243 2234 3319 2298 ὡς
3355 2235 3537 2288 πάντα
3573 2234 3636 2305 δὴ
3664 2233 3750 2288 καὶ

2175 2324 2436 2395 λογισμὸν
2465 2327 2532 2395 τῇ
2589 2324 2932 2395 μεγαλοφυῖᾳ
2977 2325 3389 2392 καταπαλαῖον;
3428 2327 3543 2378 Καὶ
3587 2325 3640 2378 εἴ
3676 2342 3749 2388 τις

2177 2416 2402 2487 αῠξησιν
2430 2417 2660 2469 τουτωνὶ
2709 2416 2821 2469 τῶν
2856 2416 3086 2488 ἀρετῶν,
3129 2418 3256 2481 τοὺς
3303 2418 3587 2488 παρόντας
3626 2419 3751 2475 ὑπι-

2178 2508 2365 2562 πτεύει
2393 2508 2606 2576 λόγους,
2635 2507 2776 2560 αὐτὰ
2799 2509 2982 2577 γυμνὰ
3009 2509 3305 2579 προτιθεὶς,
3336 2509 3666 2579 διερευνάτω
3690 2509 3751 2561 τὰ

2177 2598 2500 2670 πράγματα·
2530 2598 2604 2661 ὡς
2632 2597 2788 2669 εῐπερ
2820 2592 2931 2651 οἷόν
2963 2598 3023 2652 τέ
3058 2602 3172 2652 ἐστι
3217 2602 3451 2653 κατόπιν
3483 2601 3618 2654 ἰέναι
3644 2603 3751 2661 ταῖς

2176 2692 2355 2766 αὑτῷν
2386 2691 2706 2760 εὐφημίαις,
2738 2690 2840 2743 κᾶν
2963 2707 3047 2753 τις
3092 2690 3201 2744 τῶν
3247 2691 3367 2744 λίαν
3397 2692 3748 2762 εὐδοκιμηκὸ-

2173 2802 2282 2837 των
2321 2785 2349 2837 6
2397 2781 2767 2853 πειρώμενος,
2803 2781 2877 2852 μὴ
2911 2781 2992 2834 ὅτι
3029 2797 3094 2849 γε
3143 2782 3281 2853 πρὸς
3311 2785 3371 2835 τὸ
3418 2783 3749 2854 ἐξῃρημένον

2175 2873 2384 2935 πάντας
2410 2872 2682 2942 ἐπαίρειν.
2705 2871 2943 2925 Τοιαῦτα
2975 2870 3076 2941 μὲν
3102 2869 3168 2924 τὰ
3195 2870 3327 2941 περὶ
3359 2871 3458 2924 τοῦ
3528 2872 3749 2926 δικαίου.

2245 3050 2326 3106 Τὰ
2374 3051 2431 3105 δὲ
2470 3050 2570 3121 τῆς
2614 3049 2862 3103 συνοίκου
2906 3048 3002 3102 καὶ⁸
3042 3049 3349 3120 ὁμοτρόπου
3399 3049 3648 3118 Ἀννης,
3684 3049 3752 3111 ὡς

2176 3144 2388 3217 μεγάλα
2415 3144 2509 3196 καὶ
2540 3143 2862 3212 θαυμαστὰ,
2889 3143 2983 3194 καὶ
3012 3140 3107 3194 τοῦ
3137 3142 3508 3210 συγκοινωνοῦ
3536 3144 3636 3211 τῆς
3662 3143 3750 3211 χάο

2176 3254 2319 3309 ριτος
2351 3237 2412 3289 οὑ
2448 3236 2606 3306 μόνον
2636 3236 2737 3288 οὐκ
2775 3234 3105 3296 ἀποδέοντα,
3135 3234 3273 3286 ἀλλὰ
3302 3228 3396 3286 καὶ
3447 3236 3750 3305 περαιτέρω

2137 3328 2475 3400 χωροῦντα.
2527 3325 2755 3389 Διπλοῦς
2806 3325 2915 3395 γὰρ
2962 3326 3103 3397 αὐτὴ
3147 3326 3274 3388 τοὺς
3317 3329 3420 3397 τῆς
3466 3328 3755 3396 καρτερίας

2170 3422 2386 3492 διήνυσε
2437 3419 2673 3487 ἀγῶνας.
2702 3418 2777 3470 ’Ἠ
2806 3434 2867 3470 τε
2910 3417 3016 3486 γὰρ
3056 3417 3150 3470 τοῦ
3196 3417 3435 3486 συζύγου
3487 3417 3751 3481 διάζευξις

2171 3514 2267 3567 καὶ
2297 3511 2562 3582 παροικία
2589 3551 2602 3574 ,
2632 3509 2848 3579 ἄδηλος·
2884 3511 2980 3563 καὶ
3010 3510 3076 3562 τὰ
3110 3508 3178 3563 δι’
3211 3510 3469 3563 ἀπαιδίαν
3514 3511 3754 3581 ἐπολιόρ-

2172 3623 2305 3659 κουν
2340 3605 2508 3675 άμςω
2540 3604 2745 3670 ταύτην
2779 3602 3092 3672 σκώμματα
3114 3645 3128 3668 ,
3158 3604 3295 3672 πρὸς
3334 3601 3480 3673 ἅπερ
3518 3605 3754 3671 ἀνταγω-

2171 3696 2428 3766 νιζομένη
2453 3733 2468 3758 ,
2498 3696 2567 3765 τῇ
2606 3694 2705 3763 τῆς
2741 3693 2956 3756 ἐλπίδος
3005 3694 3097 3746 καὶ
3138 3693 3375 3754 πίστεως
3429 3694 3752 3763 ὑπερανεῖχε

2175 3785 2481 3857 συμμαχίᾳ.
2519 3783 2681 3838 Ἀλλὰ
2723 3784 2831 3855 γὰρ
2876 3782 3053 3845 διττὸς
3092 3783 3266 3853 αὐτῇ,
3318 3782 3415 3836 καὶ
3448 3787 3475 3835 6
3524 3783 3753 3843 τοιοῦτος

2148 3874 2434 3947 ’ἐπετρίϐη
2484 3875 2821 3945 ὀνειδισμός·
2864 3877 2893 3928 6
2937 3875 3028 3928 διὰ
3066 3874 3175 3927 τῶν
3217 3875 3588 3945 συμφυλετῶν
3645 3875 3753 3944 μὲν,

2172 3970 2459 4039 πρότεροντ
2492 3968 2682 4022 ἔπειτα
2708 3968 2783 4032 δὲ,
2807 3968 2835 4020 6
2858 3966 2943 4020 διὰ
2972 3967 3073 4036 τῆς
3096 3966 3383 4032 οἱκέτιδος,
3410 3966 3470 4030 ὃς
3506 3968 3605 4020 καὶ
3634 3966 3750 4020 διισ-

2174 4061 2502 4131 φορωτάτην
2539 4062 2640 4131 τὴν
2692 4060 2989 4129 ἐπίπληξιν
3035 4061 3262 4129 ἐμποιεῖ
3315 4061 3748 4131 προσαγόμενος.

2172 4152 2245 4204 Οὐ
2272 4151 2379 4221 γὰρ
2408 4150 2549 4204 οὕτω
2575 4151 2641 4204 τὰ
2666 4150 2797 4221 παρ’
2821 4152 3029 4221 ἐτέρων
3056 4150 3257 4219 ὀνείδη,
3284 4148 3360 4209 ὡς
3380 4151 3449 4203 τὰ
3473 4152 3635 4221 παρὰ
3655 4150 3754 4203 τῶν

2170 4243 2536 4315 γνησιοτέρων
2573 4242 2953 4297 καθάπτεσθαι
2994 4242 3101 4295 τῶν
3129 4243 3481 4311 βαλλομένων
3528 4245 3751 4312 πέφυκε·

2171 4334 2268 4387 καὶ
2302 4335 2560 4404 μάλιστα,
2594 4337 2642 4388 εἰ
2678 4334 2785 4387 τῶν
2821 4332 2882 4399 ἐξ
2914 4333 3019 4386 ὑπὸ
3049 4336 3209 4404 χεῖρα
3236 4334 3601 4402 τεταγμένων
3629 4350 3751 4403 προ·

2173 4429 2423 4498 φέροιντο
2449 4428 2644 4515 ταῦτα.
2680 4428 2806 4491 Πῶς
2838 4425 2984 4499 οὗνή
3014 4429 3371 4498 γενναιοτάτη
3405 4429 3705 4481 διατίθεται
3732 4444 3750 4494 ;

485 4524 840 4595 insuperabili
891 4523 1311 4590 exspectatione
1346 4520 1602 4585 recedat,
1644 4517 1926 4588 tangitur:
1968 4532 2067 4570 rc-

2173 4517 2294 4570 υύδ⁹
2315 4519 2421 4573 ὑπό
2444 4536 2590 4582 τινος
2618 4518 2829 4572 τούτων
2843 4519 2944 4589 τὴν
2960 4518 3175 4588 ἄμαχον
3202 4517 3580 4588 τιτρώσκεται
3605 4533 3752 4589 προς·

484 4616 641 4689 pulso
695 4627 877 4669 autem
927 4614 1071 4667 haud
1127 4612 1262 4666 satis
1310 4625 1549 4680 congrue
1592 4609 1773 4663 oblato
1828 4608 2063 4672 mundo,

486 4717 839 4775 detractaque
876 4718 1025 4760 veste
1073 4702 1322 4773 lugubri,
1362 4715 1524 4771 atque
1566 4701 1817 4755 mundam
1856 4714 1921 4754 ac
1964 4716 2059 4754 nu-

483 4798 709 4867 ptialem
753 4795 865 4865 (1-7)
914 4809 1020 4849 una
1067 4809 1191 4846 cum
1228 4793 1455 4861 spiritali
1504 4791 1641 4846 stola
1676 4792 1947 4855 induens,
2000 4805 2065 4845 ac

487 4890 742 4959 utrinque
767 4894 1080 4955 comparato
1104 4885 1324 4950 mundo,
1357 4884 1421 4936 ad
1450 4884 1751 4937 orationem
1785 4896 1905 4934 sese
1930 4896 2067 4950 pra:-

487 4994 707 5048 parans,
730 4976 950 5041 munda,
981 4974 1397 5029 mundissimum
1425 4973 1614 5037 Deum,
1648 4970 1843 5039 duplici
1867 4972 2064 5025 amictu

489 5072 770 5125 bonestata
811 5068 1024 5123 allatur.
1064 5065 1174 5120 Nec
1222 5079 1351 5120 vero
1398 5066 1449 5117 in
1497 5062 1748 5131 templum
1809 5063 2063 5124 subiens,

490 5162 865 5216 universorum
932 5158 1038 5215 Deo
1096 5154 1551 5229 supplicationem
1613 5154 1916 5221 submittit,
1970 5156 2066 5210 sed

562 5318 606 5379 (l
620 5317 671 5376 7)
696 5317 950 5371 Mundam
967 5334 1028 5369 ac
1044 5315 1357 5378 nuptialem.
1376 5308 1639 5376 Καθαρὰν
1659 5308 1749 5361 καὶ
1766 5309 2067 5377 νυμφικήν.

489 5385 609 5439 Non
645 5395 856 5441 tantum
902 5397 963 5440 ut
999 5384 1262 5440 exteriori
1306 5385 1496 5439 habitu
1536 5383 1857 5437 interiorem
1898 5380 2070 5435 animi

460 5454 742 5512 .habitum
778 5458 1084 5525 praeferret,
1118 5455 1266 5524 quod
1305 5450 1578 5525 Georgius
1617 5453 1843 5516 indicat,
1878 5452 1972 5507 sed
2014 5461 2076 5506 ut

491 5529 659 5583 etiam
704 5527 817 5582 diei
868 5525 1010 5583 festo
1055 5529 1422 5600 reverentiam
1453 5526 1704 5600 haberet
1725 5538 1952 5600 ~:"nam
2010 5530 2075 5600 ut

490 5600 649 5655 habet
696 5602 1073 5670 apocryphus,
1110 5599 1340 5670 ἤγγικεν
1372 5598 1404 5669 ἠ
1443 5594 1624 5670 ἡμέρα
1657 5590 1764 5670 τοῦ.
1787 5590 1991 5657 Κυρίου

493 5670 706 5741 μεγάλη
733 5660 767 5723 ἰ
814 5660 925 5723 erit}
976 5660 1271 5733 maximum
1313 5660 1505 5741 [eum
1544 5660 1809 5741 _l)o_miui,_
1847 5675 1911 5711 ac
1960 5661 2064 5741 sub

494 5733 667 5807 ipsum
695 5733 811 5806 'ejus
835 5748 1066 5805 tempus,
1094 5752 1215 5788 cum
1244 5736 1526 5807 repudiato
1544 5733 2060 5807 ittdecettti__o_rttatu,

493 5799 782 5867 hiematum
849 5799 1034 5870 illum,
1096 5805 1341 5858 nonnihil
1396 5814 1573 5859 tamen
1636 5799 2061 5872 splendidiorem

2172 4610 2377 4663 δοκίανο
2409 4611 2547 4665 ἀλλὰ
2588 4611 2678 4665 τὸν
2722 4612 2820 4683 μὲν
2861 4611 3232 4681 ὲπιδιδόμενον
3281 4610 3357 4681 μὴ
3402 4610 3750 4678 καθηκόντως

2173 4703 2586 4773 ἀποσεισαμένη
2622 4702 2847 4772 κόσμον,
2895 4702 2995 4773 τὴν
3035 4702 3093 4755 δὲ
3127 4702 3391 4772 πενθικὴν
3425 4702 3637 4772 ὲσθῆτα
3667 4718 3750 4753 πε-

2173 4793 2459 4865 ριελομένη
2481 4833 2496 4859 ,
2531 4795 2625 4846 καὶ
2648 4794 2749 4863 τὴν
2776 4792 3022 4863 καθαρὰν
3050 4793 3144 4847 καὶ
3170 4794 3469 4861 νυμφικὴν,
3495 4796 3566 4863 τῇ
3594 4791 3748 4863 νοητῇ

2170 4885 2622 4957 συμπεριθεμὲνη
2656 4885 2852 4955 στολῇ,
2885 4885 3023 4955 πρὸς
3052 4886 3153 4955 τὴν
3176 4885 3343 4955 εὐχὴν
3370 4883 3448 4955 τῷ
3481 4885 3752 4955 ἑκατέρω-

2169 4977 2263 5030 θεν
2296 4977 2684 5049 εὐτρεπίζεται
2733 4979 2952 5050 κόσμῳ,
2983 4979 3058 5042 ώς
3102 4978 3169 5032 ἂν
3199 4977 3420 5048 καθαρὰ
3463 4977 3544 5049 τῷ
3588 4976 3749 5029 καθα-

2171 5070 2399 5139 ρωτάτῳ
2441 5073 2507 5139 τῇ
2539 5070 2690 5141 διττῇ
2723 5069 3120 5140 προσομιλήσει
3148 5067 3482 5138 καταστολῇ.
3520 5069 3635 5119 Καὶ
3660 5067 3749 5117 οὐκ

2170 5158 2228 5209 ἐν
2270 5161 2383 5244 τοῖς
2428 5158 2575 5213 ἔνδον
2615 5160 2711 5214 τοῦ
2753 5160 2881 5214 ναοῦ
2929 5161 3259 5232 χωρήσασα,
3291 5159 3391 5229 τὴν
3432 5158 3645 5213 ἱκεσίαν
3681 5154 3750 5225 τῷ

2181 5316 2514 5380 assumpsit;
2569 5315 2651 5369 sic
2689 5314 2962 5367 moderata
3016 5314 3333 5377 tristitiam,
3389 5322 3448 5367 ut
3497 5312 3633 5365 nihil
3667 5310 3747 5365 illa

2172 5386 2554 5437 communibus
2582 5385 2793 5451 gaudiis
2821 5386 3093 5438 videretur
3115 5386 3399 5441 decede-re.
3426 5387 3568 5449 rtuo'l
3601 5386 3749 5450 plane

2169 5452 2345 5520 ipsum
2380 5470 2605 5508 summa:
2650 5456 2932 5523 cujusdam
2968 5456 3179 5507 virtutis
3224 5454 3345 5506 fuit.
3395 5455 3745 5523 Enstatltius,

2165 5523 2447 5590 splendida
2510 5520 2780 5591 ejusmodi
2836 5536 3010 5587 vosne,
3050 5525 3104 5577 iu
3144 5524 3490 5577 solemnitate
3542 5520 3746 5591 Dotuiui

2164 5591 2404 5665 indutam
2439 5590 2551 5656 ait,
2571 5610 2635 5647 eo
2665 5596 2808 5665 quod
2845 5591 3000 5665 nefas
3028 5604 3169 5665 esset
3204 5594 3271 5665 ὲν,
3285 5594 3458 5665 ταύτῃ
3489 5595 3555 5663 τῇ
3585 5590 3744 5665 ἔθρτῆ

2162 5660 2428 5737 πένθιμον
2458 5660 2769 5733 ἠμφιάσθαι
2801 5663 3019 5737 στολήν.
3063 5661 3273 5720 Celebrt’
3305 5664 3398 5719 illo
3435 5660 3741 5719 wdic't'estt’ri

2161 5730 2343 5787 habitu
2379 5730 2641 5789 luctuoso.
