4060 6428
387 376 523 443 I393

1201 390 1287 452 IN
1327 392 1430 454 SS.
1472 387 1827 452 DElPAR/E
1863 388 2446 450 CONCEPTIONEM
2486 389 2582 451 ET
2621 389 2795 455 NAT.

3513 391 3650 458 1396

381 502 488 554 τῶν
516 501 653 554 ὅλων
685 503 1000 576 ἀναπέμπει
1028 505 1148 577 Θεῷ
1168 545 1183 570 ,
1228 506 1366 561 ἀλλὰ
1401 507 1676 577 ἀτάραχον
1706 522 1827 558 τινα
1872 503 1966 556 καὶ

2074 504 2309 576 quietum
2345 518 2410 558 ac
2455 515 2722 559 remotum
2751 519 2780 558 a
2817 504 2991 560 turbis
3023 510 3216 576 petens
3253 505 3396 561 horti
3431 506 3644 576 locum,

383 596 829 668 άπερικτύπητον
893 600 986 653 τὸν
1045 600 1138 652 τοῦ
1193 601 1528 672 παραδείσου
1580 599 1965 652 καταλαϐοῦσα

385 687 584 756 χῶρον,
642 689 699 740 ἐν
749 688 924 760 τούτῳ
978 691 1229 762 καθάπερ
1281 693 1634 762 ἀνυπονοήτῳ
1687 689 1962 759 ταμιείῳ,

384 777 629 845 κρυφίως
677 780 879 851 ταύτην
919 783 1228 852 ὀδυνωμένη
1260 783 1598 852 προύτεινεν.
1647 783 1966 850 Ἐγκάρδιον

384 871 494 939 γὰρ
524 873 618 924 καὶ
641 873 886 938 πλείονος
927 875 1190 946 δεομένην
1218 877 1574 944 ἐκμελετῶσα
1597 876 1688 929 τοῦ
1729 875 1921 946 χρόνου
1947 914 1962 939 ,

383 963 483 1014 οὒκ
513 964 589 1023 sl;
613 965 843 1034 φανερὸν
878 968 1109 1036 προάγει
1137 971 1249 1030 τοῖς
1271 967 1613 1031 ὀνειδίζουσι.
1640 965 1828 1036 Μέθην
1858 965 1966 1036 γὰρ

382 1054 458 1114 ὡς
484 1056 576 1106 καὶ
609 1057 707 1122 τῆς
733 1059 1003 1128 προτέρας
1035 1060 1268 1128 Ἀννης,
1315 1059 1346 1129 ἢ
1390 1058 1751 1128 βαττολογὶας
1794 1057 1966 1126 αὐτῆς

381 1145 848 1215 κατεψηφίσαντο.
905 1150 970 1203 Ei
1015 1149 1122 1218 γὰρ
1165 1150 1440 1220 εὐκαίρως
1488 1148 1858 1219 ἱλασκομένης
1905 1147 1967 1200 τὸ

381 1237 564 1303 Θεῖσν,
580 1239 971 1308 κωμῳδοῦντες
1002 1241 1194 1311 πρώην
1219 1241 1573 1312 ὲπέμὸαινον,
1601 1241 1756 1303 τίνας
1779 1240 1878 1292 οὐκ
1901 1238 1967 1292 ἂν

382 1329 520 1398 πρὸς
546 1331 644 1401 τὴν
672 1333 916 1404 ἀσυνήθη
968 1333 1293 1404 παρεδρίαν,
1334 1331 1822 1405 πληκτικωτέρους
1863 1335 1966 1385 tn-

380 1425 602 1492 azpﬁzav
621 1424 748 1487 τοὺς
777 1425 1001 1494 λᾶγουςς
1031 1427 1236 1478 Τούτου
1265 1427 1330 1496 δὴ
1351 1427 1513 1496 χάριν
1541 1424 1966 1497 οὓτάύτὴςοῦΨ

379 1516 410 1565 δ
439 1516 818 1587 μεγαλόψυχος
860 1519 1138 1588 Ἰωακείμ,
1171 1519 1229 1571 ὲν
1251 1519 1328 1588 τῷ
1359 1519 1473 1588 ναῷ
1505 1519 1965 1591 προσδραμόντες,

379 1607 548 1675 ἄμφω
584 1607 652 1660 τὰ
685 1607 787 1675 τῆς
821 1610 987 1679 εὐχῆς
1016 1611 1386 1675 ἀποδιδόασιν,
1435 1611 1835 1681 εὐπρόσδεκτον
1861 1611 1968 1681 ἄρα

380 1697 476 1749 καὶ
504 1696 784 1768 ἁνεπαχθῆ
829 1698 1055 1769 ταύτην,
1101 1697 1180 1769 τῷ
1211 1698 1578 1769 σχολαιοτέρῳ
1618 1698 1714 1751 καὶ
1754 1697 1968 1768 ὴσυχίῳ

378 1789 708 1857 γενήσεσθαι
743 1788 1098 1858 καθηκόντως
1126 1789 1422 1860 οἰηθέντες·
1449 1791 1482 1862 ἡ
1516 1789 1572 1842 δὲ
1596 1790 1660 1859 δὴ
1691 1788 1966 1858 ἁρμοδιω-

378 1879 516 1948 τέρα
555 1897 613 1932 τε
643 1879 792 1933 αἰτία
834 1875 927 1934 καὶ
969 1882 1352 1953 ἀσφαλεστέρα
1377 1922 1390 1945 ,
1426 1881 1652 1954 τοιαύτη
1700 1882 1782 1945 τίς
1821 1883 1968 1934 ἐστιν

378 1973 456 2036 ὡς
478 1973 586 2043 ἄρα
611 1973 909 2044 πρὸδρομοι
935 1975 1028 2028 καὶ
1055 1978 1318 2046 κήρυκες,
1344 1975 1423 2046 τῷ
1443 1993 1504 2029 τε
1536 1975 1847 2045 πράγματι,
1876 1975 1971 2026 καὶ

376 2067 445 2134 τῇ
475 2067 820 2137 προσηγορίᾳ
843 2070 940 2138 τῆς
963 2067 1184 2138 χάριτος
1203 2067 1378 2130 ὄντες·
1418 2068 1679 2138 ἰωακεὶμ
1711 2068 1808 2138 μὲν
1836 2069 1967 2137 γάρ,

375 2157 804 2227 ἀποκείμενος·
842 2159 1008 2214 Ἀννα
1033 2159 1086 2213 δὲ
1105 2199 1120 2224 ,
1151 2159 1316 2228 γὰρις
1345 2159 1763 2232 ἐρμηνευομένη
1807 2159 1972 2212 κεκύ-

382 2263 579 2315 ρωται,
607 2247 674 2300 δι’
702 2250 912 2303 ἑαυτῶν
933 2252 1024 2305 τὸν
1055 2252 1472 2323 ἁπερίγραπτον
1508 2253 1679 2322 αὐτῆς
1707 2254 1764 2305 ὲν
1795 2253 1969 2322 τούτῳ

377 2340 778 2409 καθυφαίνουσι
819 2343 1161 2414 πλατυσμὸν·
1199 2344 1290 2398 τοῦ
1318 2344 1425 2398 νεὼ
1456 2345 1558 2415 μὲν
1594 2343 1968 2414 ὑπεξιστάμε-

376 2447 480 2484 νοι·
512 2432 570 2484 ὲν
600 2436 766 2488 παντὶ
789 2434 872 2500 δὲ,
903 2435 996 2490 τὸν
1019 2438 1126 2490 τῶν
1149 2437 1287 2492 ὅλων
1309 2437 1676 2510 ὲξιλεούμενοι
1704 2438 1968 2510 Ποιητήν.

374 2521 490 2576 Καὶ
517 2517 672 2588 οὗτος
705 2525 826 2594 μὲν,
857 2529 886 2580 ὁ
915 2528 1044 2601 περὶ
1081 2529 1289 2583 τούτων
1315 2529 1494 2598 λόγος.

420 2663 424 2666 .
461 2615 521 2668 '0
553 2617 610 2670 δὲ
633 2618 730 2688 τῆς
753 2619 942 2690 εὐχῆς,
971 2622 1046 2684 ὡς
1073 2622 1350 2690 ἀξιόλογος
1379 2621 1716 2693 ἀμφοτέροις
1745 2622 1968 2694 προτεί-

374 2699 560 2762 νεται¹ί
601 2711 826 2765 Πάντων
857 2713 965 2784 γάρ
990 2714 1100 2767 τῶν
1122 2713 1214 2767 τοῦ
1237 2713 1370 2767 Θεοῦ
1398 2714 1747 2786 μεγαλουργη
1758 2717 1967 2784 μάτων,

372 2794 452 2854 ὧν
477 2819 536 2854 τε
580 2805 646 2856 ὲκ
695 2804 770 2874 μὴ
808 2804 980 2859 ὄντων
1015 2807 1344 2874 παρήγαγε,
1393 2806 1488 2860 καὶ
1529 2799 1604 2860 ὧν
1647 2806 1969 2876 παραδόξως

371 2895 792 2966 ἐκαινοτόμησε,
824 2897 924 2961 τὰς
950 2898 1056 2950 τῶν
1082 2899 1424 2969 πραγμάτων
1456 2898 1969 2969 μεταπλαττόμενος

374 2985 574 3054 φύσεις
597 3027 614 3052 ,
674 2989 991 3058 ἐκφέρεται.
1026 2990 1214 3052 Οὕτως
1246 2993 1302 3043 al
1341 2991 1452 3043 τῶν
1481 2991 1708 3044 δικαίων
1741 2991 1970 3062 εὐεργε-

372 3077 492 3130 σίαι
528 3079 928 3151 προφέρονται·
956 3081 1132 3145 οὕτως
1177 3081 1432 3153 Ἀϐραάμ
1461 3083 1557 3136 καὶ
1591 3082 1798 3154 Σάῤῥα·
1825 3083 1969 3136 οὕτω

371 3171 446 3225 τὰ
491 3170 634 3226 κατᾶ
665 3171 765 3244 τὴν
798 3173 1016 3240 Ἀνναν,
1065 3175 1162 3228 καὶ
1197 3175 1452 3247 Σαμουὴλ
1499 3177 1812 3246 παράγεται
1853 3177 1968 3240 τοῖς

371 3263 610 3328 δικαίοις
631 3305 646 3330 ,
680 3265 744 3317 ὲκ
779 3265 880 3335 τῆς
920 3265 1030 3319 τῶν
1063 3265 1266 3336 ὁμοίων
1299 3266 1682 3337 εὐχαριστίας,
1709 3264 1809 3336 τὴν
1844 3263 1969 3335 ἴσην

371 3353 782 3424 ὲξαιτουμένοις
836 3356 1019 3428 χάριν,
1069 3351 1276 3409 πλείονι
1327 3373 1384 3410 τε
1434 3356 1533 3410 καὶ
1576 3355 1971 3426 σπουδαιοτέρᾳ

373 3445 745 3517 προσεδρείᾳ,
793 3446 888 3500 τοῦ
945 3447 1290 3518 καταλλήλου
1332 3449 1408 3520 μή
1461 3449 1720 3502 ἐκπεσεῖν
1772 3446 1970 3517 ἐπιζη-

372 3536 554 3595 τοῦσι.
599 3539 660 3591 Ἡ
705 3538 762 3591 δὲ
803 3539 942 3610 μετὰ
989 3539 1162 3594 ταῦτα
1195 3541 1294 3612 τῆς
1341 3540 1619 3612 μακαρίας
1667 3541 1866 3610 Ἀννης
1911 3541 1971 3592 ἐν

372 3629 458 3700 τῷ
496 3631 813 3703 παραδείσῳ
861 3633 1183 3704 προσευχὴ,
1230 3633 1364 3686 πολὺ
1416 3633 1518 3703 μὲν
1549 3633 1609 3686 τὸ
1646 3631 1930 3703 διεστηκὸς
1953 3670 1970 3698 ,

376 3723 518 3776 πολὺ
549 3712 606 3778 δὲ
652 3725 714 3778 τὸ
742 3726 1046 3797 εὐεπήκοον
1077 3729 1142 3799 τῇ
1173 3726 1381 3798 ψυχικῇ
1422 3727 1646 3798 διήνυσε
1682 3725 1970 3798 συντριϐῇ.

374 3819 516 3872 Οὐδὲ
546 3821 654 3892 γὰρ
685 3819 865 3889 λόγοις
891 3823 986 3876 καὶ
1028 3824 1266 3894 νοήμασι
1296 3821 1536 3893 δεήσεως
1571 3821 1969 3893 ἀπεχρήσατο,

373 3911 495 3966 ἀλλ’
543 3911 669 3982 ὕψει
715 3912 1122 3980 ταπεινώσεως,
1165 3915 1264 3986 τὴν
1298 3913 1508 3968 οἰκείαν
1547 3914 1644 3986 μὲν
1695 3913 1974 3968 εὐτέλειαν

375 4004 867 4078 κατολοφυρομένη
897 4006 1242 4078 διωμολόγει·
1267 4010 1366 4080 τῆς
1391 4008 1450 4062 δὲ
1481 4008 1716 4073 κτίσεως
1748 4009 1971 4080 ἀπάσης

377 4097 581 4168 ἑαυτὴν
613 4097 906 4166 ὑποθεῖσα,
937 4099 1006 4154 τὰ
1047 4101 1170 4156 κατ’
1210 4097 1351 4164 εἶδος
1385 4102 1684 4172 μετέχοντα
1726 4103 1829 4173 τῆς
1877 4101 1974 4156 τοῦ

375 4188 666 4251 κτίσαντος
687 4188 961 4259 εὐλογίας,
987 4189 1210 4262 διεξῄει.
1248 4191 1527 4255 Τοιούτοις
1552 4191 1663 4273 γὰρ
1693 4193 1788 4246 καὶ
1815 4191 1973 4265 ἤθεσι

377 4280 480 4334 καὶ
528 4279 710 4348 λόγοις
735 4322 750 4346 ,
803 4283 838 4352 ἡ
891 4279 986 4333 τοῦ
1041 4281 1392 4353 Δημιουργοΰ
1452 4281 1974 4354 πολυεύσπλαγχνος

375 4371 654 4426 ἐπινεύειν
674 4370 890 4440 πέφυκε
920 4370 1237 4442 κηδεμονία·
1263 4373 1358 4426 καὶ
1393 4373 1598 4442 μᾶλλόν
1627 4390 1692 4442 γε
1723 4373 1972 4439 τούτοις,

375 4462 574 4536 ἢ’τοῖς
612 4465 734 4518 κατ’
773 4463 973 4536 ἰδίωμα
1012 4469 1468 4536 προφερομένοις.
1515 4465 1615 4519 Διά
1643 4465 1833 4534 τοῦτο,
1863 4454 1975 4520 τῶν

2067 598 2121 650 in
2157 611 2240 662 eo,
2283 595 2430 650 velut
2475 595 2607 650 nihil
2653 609 2906 665 suspecto
2941 598 3226 661 cubiculo,
3275 599 3490 655 occulte
3523 615 3644 655 eam

2067 698 2258 743 nitesta
2303 689 2488 744 animo
2528 691 2830 758 prmlendit.
2864 691 2998 745 C-im
3040 692 3186 746 enim
3235 693 3400 748 corde
3449 708 3650 749 conce-

2067 791 2211 850 ptam
2275 795 2338 856 ac
2396 781 2668 852 longiores
2723 782 3009 837 habentem
3059 800 3280 850 moras,
3342 787 3647 839 oralionem

2069 871 2440 936 meditaretur,
2465 873 2639 926 noluit
2665 873 2718 927 in
2743 875 3013 943 publicum
3044 875 3326 930 illusorihu
3343 907 3358 924 κ
3379 875 3646 946 proferre.

2068 964 2232 1019 Plane
2285 964 2427 1018 enim
2491 965 2774 1021 ebrietatis
2825 967 3214 1032 damnassent,
3273 969 3350 1022 uti
3409 969 3647 1038 priorem

2067 1056 2280 1110 Annam
2301 1095 2318 1120 ,
2348 1065 2439 1109 aut
2469 1057 2802 1126 garrulitatis
2841 1058 3078 1113 insulsaz.
3115 1057 3216 1125 Qui
3258 1061 3426 1124 enim,
3457 1074 3651 1128 oppor-

2071 1159 2200 1205 tune
2237 1149 2408 1204 Deum
2443 1150 2701 1220 placenti,
2737 1150 2808 1204 ita
2851 1165 3028 1220 nuper
3060 1151 3349 1208 illudcntes
3391 1151 3650 1206 insultas-

2069 1250 2222 1306 s'ent,
2255 1241 2346 1312 qui
2387 1256 2496 1295 non
2527 1241 2792 1310 gravioris
2827 1242 3216 1312 increpationis
3245 1243 3433 1307 verba,
3468 1243 3536 1298 ad
3568 1241 3651 1297 in-

2068 1343 2277 1414 suetam
2304 1332 2449 1386 illam
2473 1333 2870 1397 assiduitatem,
2894 1334 3154 1404 jactaturi
3177 1335 3398 1390 essent?
3423 1335 3651 1399 Idcirco,

2071 1443 2170 1482 nec
2211 1427 2362 1496 ipsa,
2397 1440 2496 1480 nec
2535 1427 2897 1494 magnanimis
2941 1424 3186 1481 Joacltim
3213 1467 3228 1493 ,
3274 1428 3342 1483 ad
3395 1428 3653 1498 templum

2070 1525 2437 1584 accurrentes,
2461 1516 2759 1571 orationem
2784 1517 2892 1570 Deo
2916 1517 3252 1584 obtulerunt,
3279 1534 3443 1589 quam
3469 1519 3656 1589 utique

2071 1616 2348 1678 acceptam
2385 1621 2449 1661 ae
2487 1620 2517 1660 a
2555 1605 2801 1662 molestia
2832 1607 3054 1663 liberam
3085 1647 3101 1674 ,
3131 1623 3160 1662 a
3189 1609 3371 1680 quiete
3407 1623 3473 1664 ac
3504 1609 3616 1664 otio
3636 1649 3654 1674 ,

2051 1697 2266 1754 .merito
2293 1699 2623 1767 captabant:
2652 1713 2766 1766 seu,
2801 1707 2858 1754 ut
2890 1715 3191 1771 congruam
3238 1701 3414 1771 magis
3441 1716 3505 1756 ae
3531 1715 3660 1756 cer-

2074 1789 2196 1843 tiori
2229 1787 2411 1842 nixam
2437 1789 2667 1843 veritate
2707 1804 2932 1844 causam
2968 1791 3216 1857 edicam;
3249 1800 3307 1845 ut
3333 1790 3425 1861 qui
3465 1805 3523 1844 re
3557 1805 3658 1860 pa—

2004 1863 2043 1920 Β
2077 1881 2208 1935 riter
2241 1894 2306 1935 ac
2349 1879 2584 1934 nominis
2614 1881 2974 1950 appellatione
2999 1919 3016 1948 ,
3051 1882 3240 1952 gratiae
3291 1894 3660 1951 prmcursores

2073 1987 2137 2026 ac
2162 1986 2439 2043 praecones
2479 1970 2656 2026 forent
2694 1971 2959 2038 (leuchim
2989 1975 3155 2036 enim.
3204 1973 3490 2040 repositum
3513 1971 3656 2042 (58).

2073 2065 2285 2118 Annam
2353 2078 2524 2128 vero,
2572 2065 2832 2133 gratiam,
2876 2065 3072 2133 exponi
3123 2065 3348 2134 liquet).
3397 2063 3504 2133 Ipsi
3564 2081 3660 2132 per

2073 2173 2172 2224 se,
2217 2158 2335 2228 ejus
2391 2157 2443 2210 in
2503 2157 2606 2211 hoc
2665 2157 3192 2226 incircumscriptam
3243 2157 3655 2226 amplitudinem

2074 2247 2417 2317 significant;
2445 2249 2536 2316 qui
2563 2247 2780 2316 quidem
2803 2261 2834 2301 a
2864 2246 3061 2318 templo
3090 2247 3376 2314 excedant,
3398 2247 3659 2316 omnique

2073 2340 2193 2396 loco
2250 2340 2627 2394 universorum
2679 2339 2970 2394 Auctorem
3032 2339 3268 2410 placent.
3324 2340 3502 2409 Atque
3544 2339 3659 2395 haec

2075 2433 2294 2502 quidem
2326 2432 2406 2488 sic
2429 2433 2570 2488 dicta
2599 2431 2852 2488 habeant.

2143 2623 2291 2690 Quas
2320 2635 2447 2677 vero
2477 2622 2638 2676 ambo
2669 2619 2902 2674 fundunt
2932 2633 3153 2690 preces,
3193 2635 3356 2690 quam
3386 2617 3660 2691 praeclara:

2074 2730 2138 2770 ac
2174 2713 2446 2789 egregiae!
2482 2711 2552 2767 lis
2589 2713 2734 2767 enim
2763 2713 3016 2766 universa
3052 2711 3142 2767 Dei
3179 2712 3470 2782 magnifica
3491 2726 3658 2783 opera

2070 2809 2373 2878 proferunt,
2412 2807 2459 2862 si
2495 2821 2600 2877 qua
2646 2805 2730 2860 vel
2780 2805 3039 2876 produxit
3076 2820 3140 2860 ex
3177 2805 3384 2870 nihilo,
3416 2804 3501 2858 vel
3551 2802 3660 2856 mi-

2071 2900 2318 2956 rabiliter
2349 2897 2722 2954 transmutatis
2746 2913 2924 2952 rerum
2953 2897 3163 2950 naturis
3189 2935 3204 2960 ,
3231 2894 3532 2949 innovavit.
3568 2891 3663 2948 Sic

2071 2992 2369 3056 Abraham,
2403 2991 2482 3046 sic
2513 2988 2728 3056 Saratu,
2749 2992 2830 3044 sic
2855 2989 3066 3043 Annam
3095 3003 3311 3057 quoque
3335 3002 3398 3042 ac
3432 2986 3661 3042 Samue-

2072 3087 2201 3154 lem,
2226 3085 2481 3156 producit
2509 3084 2780 3152 iustorum
2815 3083 2943 3137 illud
2978 3099 3094 3152 par,
3128 3097 3299 3150 caque
3329 3079 3662 3152 gratitudine

2073 3177 2274 3234 similia
2307 3191 2644 3247 prosequens
2667 3215 2682 3240 ,
2724 3189 2912 3246 parem
2947 3174 3048 3230 sibi
3109 3175 3338 3246 gratiam
3375 3173 3619 3244 deposcit
3643 3212 3661 3235 ,

2075 3269 2504 3340 impensiorique
2536 3268 2718 3323 studio
2768 3282 2832 3322 ae
2869 3267 3196 3323 assiduitate
3219 3307 3234 3332 ,
3269 3276 3330 3321 ut
3361 3281 3429 3322 ne
3482 3268 3550 3322 ab
3593 3280 3662 3320 eo

2073 3349 2217 3432 quod
2246 3375 2550 3431 congruum
2580 3369 2685 3426 est,
2712 3359 2962 3427 excidat,
2993 3359 3294 3415 contendit.
3327 3360 3500 3427 Quam
3533 3373 3663 3413 vero

2073 3454 2231 3508 beata
2261 3453 2418 3506 Anna
2455 3454 2799 3519 postmodum
2841 3453 2893 3506 in
2949 3455 3108 3506 horto
3146 3453 3446 3506 oratiOuem
3493 3450 3666 3515 [ωιὶιο.

2073 3535 2304 3602 multum
2355 3545 2474 3613 ejus
2513 3558 2545 3598 a
2587 3545 2811 3616 reliquis
2850 3545 3144 3599 discrimen
3195 3545 3398 3611 habet;
3438 3541 3666 3596 multam

2074 3641 2192 3708 ejus
2240 3653 2308 3692 ex
2353 3638 2685 3692 contritione
2727 3636 2895 3691 animi
2945 3636 3414 3692 exaudibilitatem
3467 3633 3667 3692 effecit.

2076 3730 2188 3785 Nec
2211 3731 2371 3785 enim‘
2385 3729 2568 3786 verbis
2598 3729 2886 3800 sensisque
2906 3730 3168 3784 orationis
3193 3727 3524 3783 abutendum
3549 3743 3670 3782 cre-

2077 3825 2247 3890 didit;
2283 3824 2376 3879 sed
2411 3823 2518 3879 alta
2553 3822 2882 3888 humilitate,
2925 3839 3080 3878 suam
3121 3823 3336 3895 quidem
3381 3821 3670 3884 vilitatem,

2077 3916 2314 3987 graviter
2347 3915 2562 3986 lugens,
2597 3916 2994 3980 confitebatur,
3035 3931 3100 3970 ac
3131 3929 3189 3970 se
3213 3915 3483 3970 universis
3515 3929 3673 3968 erea-

2081 4010 2150 4064 tis
2187 4008 2502 4064 inferiorem
2550 4007 2866 4072 demittcns,
2907 4021 2996 4062 res
3029 4020 3124 4061 eas
3167 4020 3289 4074 quae
3339 4002 3674 4058 benedictio-

2079 4117 2202 4156 nem
2252 4100 2493 4156 auctoris
2531 4111 2834 4154 consecuta:
2880 4108 3098 4162 essent,
3141 4110 3396 4152 sermone
3445 4108 3673 4164 percur-

2083 4194 2256 4250 rebat.
2285 4192 2508 4248 Talibus
2539 4192 2685 4247 enim
2717 4191 2960 4246 moribus
2992 4192 3195 4259 pariter
3217 4189 3673 4258 sermonibusque

2079 4284 2588 4340 misericordissima
2635 4283 2914 4339 Creatoris
2947 4283 3041 4338 Dei
3073 4281 3448 4352 provftdentia,
3483 4280 3674 4335 lubens

2080 4379 2305 4445 annuit;
2338 4394 2404 4434 ac
2427 4378 2589 4448 plane
2617 4378 2683 4432 iis
2713 4376 2906 4447 magis,
2935 4391 3097 4446 quam
3127 4375 3378 4445 precibus
3413 4389 3511 4445 per
3539 4388 3668 4444 pro-

2080 4470 2366 4542 prietatem
2396 4469 2642 4540 prolatis.
2685 4467 3079 4536 Quamobrem,
3113 4466 3284 4535 inquit
3318 4465 3559 4533 prudens
3604 4479 3672 4519 ac

379 4558 608 4610 πάντων
637 4555 882 4628 γενητῶν
905 4555 1248 4628 ἀχρειοτέρα,
1276 4559 1464 4628 φησὶν,
1491 4560 1525 4630 ἡ
1557 4558 1816 4632 σώφρων,
1841 4559 1973 4629 ἐγὼ,

2081 4571 2228 4617 casta
2262 4561 2498 4628 femina,
2535 4561 2779 4616 inutilior
2801 4575 2922 4616 sum
2967 4559 3236 4614 universis
3275 4557 3514 4622 creatis,
3548 4568 3674 4612 eum

376 4647 460 4710 ὡς
502 4646 722 4701 πάντων
765 4647 886 4719 μὲν,
930 4647 1010 4718 τῷ
1055 4647 1134 4718 σῷ
1178 4649 1708 4721 καθυπουργούντων
1738 4653 1976 4724 προστάο

321 4784 331 4790 .
378 4756 582 4810 γματι,
608 4741 858 4794 Δέσποτα
881 4780 896 4805 ,
923 4742 1028 4812 τῆς
1054 4740 1311 4812 τοιαύτης
1339 4742 1397 4795 δὲ
1433 4741 1714 4812 εὐλογίας,
1750 4746 1847 4798 καὶ
1877 4745 1977 4816 χά-

384 4847 538 4904 ριτος
568 4833 910 4904 ἐστερημένη
949 4833 1242 4900 καθάπαξ,
1278 4833 1474 4900 ἀναξία
1507 4836 1609 4906 τῆς
1655 4831 1756 4890 τοῦ
1783 4837 1977 4906 γένους

379 4925 686 4999 εὐκληρίας
705 4941 720 4957 ·
755 4927 980 4998 γόνιμον
1008 4930 1118 4997 γάρ
1150 4943 1254 4994 σοι,
1284 4929 1380 4982 καὶ
1405 4927 1585 4994 τοῦτο,
1609 4930 1706 4983 καὶ
1733 4929 1810 5000 τῷ
1838 4930 1981 5004 πρά-

379 5032 564 5088 γματι
597 5017 658 5070 τὺ
692 5017 980 5090 διεστηκὸς
1032 5017 1368 5102 παρίρτησι·
1412 5019 1543 5089 ξένη
1590 5019 1691 5092 τῆς
1727 5020 1837 5075 τῶν
1881 5038 1980 5075 πο-

380 5113 622 5167 λυειδῶν
663 5112 821 5179 ζώων
865 5114 1153 5186 εὐφορίας·
1187 5114 1284 5168 καὶ
1309 5115 1449 5170 αὐτὰ
1475 5115 1588 5187 γὰρ
1608 5157 1624 5182 ,
1651 5117 1754 5188 τῆς
1791 5117 1984 5188 ὁμοίας

386 5205 721 5276 κατείληχεν
747 5206 1024 5276 εὐλογίας.
1057 5207 1374 5279 Πολυφόρος
1400 5209 1434 5280 ὴ
1457 5209 1529 5279 γῆ
1557 5249 1572 5273 ,
1597 5207 1698 5281 τὴν
1721 5209 1986 5279 ἀφθονίαν

385 5297 662 5368 διηνεκῶς
715 5301 858 5354 κατά
903 5300 968 5354 τὸ
1017 5301 1111 5355 σὺν
1166 5301 1568 5371 ὲπικομίξουσα
1615 5302 1981 5375 πρόσταγμα·

387 5390 806 5462 καρποφοροῦσι
845 5391 1145 5463 λειμῶνες·
1181 5395 1276 5448 καὶ
1317 5394 1388 5447 τὰ
1437 5395 1616 5466 εὐειδῆ
1657 5394 1766 5450 τῶν
1803 5397 1986 5465 φυτῶν

469 5545 582 5615 (l8)
631 5545 876 5600 Joarhim
925 5548 1232 5617 repositum.
1292 5547 1552 5618 ’lwaxslp,
1595 5548 1978 5616 ἀποκείμενος.

387 5617 633 5684 Idipsum
676 5619 892 5690 videtur
931 5631 1096 5690 atque
1132 5619 1468 5690 Epiphanius
1509 5629 1652 5673 orat.
1701 5618 1776 5673 De
1808 5620 1981 5672 laudi-

392 5691 498 5760 tius
526 5696 729 5760 sanctae
759 5687 974 5754 Marize,
1009 5687 1148 5741 'rum
1169 5699 1224 5743 et
1251 5691 1403 5760 ipse;
1423 5689 1686 5760 ’lteatxe‘tp.
1724 5690 1979 5758 exponit,

390 5758 690 5828 ἑτοιμασία
738 5759 946 5829 Κυρίου
969 5776 982 5789 ·
1017 5761 1339 5828 ρνανραναιίο
1371 5758 1584 5813 Domini
1610 5775 1628 5824 ;
1650 5758 1813 5830 ‘qnod
1835 5799 1851 5822 ,
1897 5761 1978 5813 in-

395 5832 541 5902 quit,
571 5845 634 5884 ea:
663 5847 722 5885 eo
751 5839 1110 5902 prwparatnm
1152 5830 1215 5888 sit
1253 5830 1472 5888 Domini
1497 5832 1767 5902 templum,
1802 5847 1982 5903 nempe

2085 4655 2213 4721 illa,
2265 4651 2534 4718 Domine,
2586 4659 2857 4724 prmcepto
2897 4661 2990 4706 tuo
3034 4651 3420 4714 subserviant,
3466 4663 3531 4703 ac
3576 4661 3678 4718 ego

2083 4763 2314 4820 prorsus
2344 4747 2552 4817 privata
2583 4746 2688 4801 sim
2723 4745 3104 4801 benedictione
3135 4741 3402 4812 ejusmodi
3443 4755 3510 4796 ae
3548 4755 3677 4810 gra-

2087 4842 2192 4905 tia,
2249 4839 2472 4911 indigna
2511 4837 2728 4908 generis
2775 4836 3072 4906 felicitate;
3125 4850 3251 4890 nam
3293 4843 3350 4890 et
3399 4833 3530 4887 illud
3577 4831 3674 4886 tibi

2088 4933 2375 4988 fecundum
2406 4942 2518 4998 est,
2555 4947 2724 5000 reque
2751 4931 2900 5000 ipsa,
2927 4939 2986 5004 ut
3014 4929 3082 4984 ab
3111 4943 3178 4984 eo
3213 4927 3371 4997 longe
3399 4925 3628 4980 habeam
3657 4963 3675 4987 ,

2087 5024 2328 5080 ostendit
2357 5043 2372 5078 :
2415 5024 2588 5078 aliena
2622 5038 2652 5078 a
2687 5023 3103 5094 multigenerum
3143 5019 3460 5074 animalium
3489 5017 3677 5071 fecun-

2086 5119 2295 5185 ditate;
2333 5133 2459 5172 nam
2491 5126 2547 5173 et
2595 5116 2681 5170 illa
2721 5115 2984 5170 camdem-
3008 5121 3298 5168 consecuta
3339 5117 3468 5164 sunt
3511 5111 3678 5164 bene-

2084 5209 2404 5264 dictionem.
2435 5207 2603 5264 Terra
2639 5205 2902 5276 frugifera
2934 5213 3038 5270 est,
3066 5219 3188 5274 qua:
3217 5218 3315 5272 pro
3346 5203 3422 5257 tui
3459 5203 3673 5257 ratione

2087 5302 2350 5365 mandati,
2395 5301 2574 5370 fruges
2608 5300 2805 5354 uberes
2841 5311 3114 5367 nunquam
3164 5310 3270 5350 non
3300 5295 3461 5349 ferat.
3511 5293 3676 5349 Prata

2087 5394 2333 5450 fruetum-
2369 5393 2632 5460 atterunt;
2676 5393 2772 5447 sed
2811 5402 2868 5446 et
2911 5390 3158 5463 speciosa
3204 5388 3512 5461 plantarum
3545 5401 3676 5460 ger-

2099 5546 2282 5620 Virgo.
2307 5547 2381 5602 .ln
2419 5546 2601 5602 Indice
2647 5545 3093 5635 biblico,,p:ﬁ.‘tt
3117 5633 3138 5635 _
3162 5542 3514 5635 Jehoiachin,
3545 5541 3682 5599 Joa-

2091 5638 2216 5691 cliin
2241 5677 2255 5700 ,
2285 5636 2502 5690 Domini
2535 5637 2881 5703 prazparatio,
2916 5631 3068 5701 sive,
3107 5633 3323 5688 Domini
3352 5631 3610 5700 ﬁrmitas.
3649 5650 3673 5686 ι

2091 5708 2212 5763 Sed
2231 5709 2330 5764 hoc
2361 5707 2656 5762 secundum
2687 5705 2862 5777 magis
2883 5716 2968 5760 est
2993 5708 3144 5760 notio
3169 5719 3314 5759 vums
3337 5711 3556 5790 mpura
3581 5719 3680 5757 CIL-

2083 5797 2172 5868 jus
2203 5807 2329 5854 nota
2365 5797 2520 5854 radix
2552 5811 2616 5852 ac
2652 5796 2998 5868 sigztilivatiu,
3034 5810 3140 5851 non
3185 5795 3260 5850 ita
3295 5795 3522 5864 tutoris.
