  <div class='ocr_page' id='page_1' title='image "/cluster/home/n/w/nwhite01/storage/ocr_20150623/100/coo.31924054870047/701.png"; bbox 0 0 4060 6438; ppageno 0'>
   <div class='ocr_carea' id='block_1_1' title="bbox 473 359 612 423">
    <p class='ocr_par' dir='ltr' id='par_1_1' title="bbox 473 359 612 423">
     <span class='ocr_line' id='line_1_1' title="bbox 473 359 612 423; baseline 0 0"><span class='ocrx_word' id='word_1_1' title='bbox 473 359 612 423; x_wconf 65' lang='grc'><strong>1395</strong></span> 
     </span>
    </p>
   </div>
   <div class='ocr_carea' id='block_1_2' title="bbox 1610 367 2577 435">
    <p class='ocr_par' dir='ltr' id='par_1_2' title="bbox 1610 367 2577 435">
     <span class='ocr_line' id='line_1_2' title="bbox 1610 367 2577 435; baseline 0.008 -8"><span class='ocrx_word' id='word_1_2' title='bbox 1610 367 1933 429; x_wconf 88' lang='lat' dir='ltr'><strong>GEORGII</strong></span> <span class='ocrx_word' id='word_1_3' title='bbox 1973 369 2577 435; x_wconf 83' lang='lat' dir='ltr'><strong>NICOMEDIENSIS</strong></span> 
     </span>
    </p>
   </div>
   <div class='ocr_carea' id='block_1_3' title="bbox 3630 380 3752 445">
    <p class='ocr_par' dir='ltr' id='par_1_3' title="bbox 3630 380 3752 445">
     <span class='ocr_line' id='line_1_3' title="bbox 3630 380 3752 445; baseline 0.025 -3"><span class='ocrx_word' id='word_1_4' title='bbox 3630 380 3752 445; x_wconf 78' lang='lat'><strong>1396</strong></span> 
     </span>
    </p>
   </div>
   <div class='ocr_carea' id='block_1_4' title="bbox 473 475 2067 562">
    <p class='ocr_par' dir='ltr' id='par_1_4' title="bbox 473 475 2056 550">
     <span class='ocr_line' id='line_1_4' title="bbox 473 475 2056 550; baseline 0.008 -25"><span class='ocrx_word' id='word_1_5' title='bbox 473 476 619 528; x_wconf 82' lang='lat' dir='ltr'><strong>mina</strong></span> <span class='ocrx_word' id='word_1_6' title='bbox 662 484 1027 543; x_wconf 89' lang='lat' dir='ltr'><strong>opportunum</strong></span> <span class='ocrx_word' id='word_1_7' title='bbox 1060 475 1266 547; x_wconf 85' lang='lat' dir='ltr'><strong>pariter</strong></span> <span class='ocrx_word' id='word_1_8' title='bbox 1310 478 1788 550; x_wconf 87' lang='lat' dir='ltr'><strong>dulcissimnmque</strong></span> <span class='ocrx_word' id='word_1_9' title='bbox 1819 481 2056 537; x_wconf 79' lang='lat' dir='ltr'><strong>fructum</strong></span> 
     </span>
    </p>
   </div>
   <div class='ocr_carea' id='block_1_5' title="bbox 2168 475 3753 562">
    <p class='ocr_par' dir='ltr' id='par_1_5' title="bbox 2168 487 3753 562">
     <span class='ocr_line' id='line_1_5' title="bbox 2168 487 3753 562; baseline 0.005 -22"><span class='ocrx_word' id='word_1_10' title='bbox 2168 490 2505 558; x_wconf 79' lang='grc' dir='ltr'>καρποφορεῖ</span> <span class='ocrx_word' id='word_1_11' title='bbox 2560 487 2918 559; x_wconf 71' lang='grc' dir='ltr'><strong>βλαστήματα</strong></span> <span class='ocrx_word' id='word_1_12' title='bbox 2944 530 2959 555; x_wconf 97' lang='grc'><strong>,</strong></span> <span class='ocrx_word' id='word_1_13' title='bbox 3013 488 3230 560; x_wconf 84' lang='grc' dir='ltr'>καρπόν</span> <span class='ocrx_word' id='word_1_14' title='bbox 3274 505 3334 543; x_wconf 83' lang='grc' dir='ltr'><strong>τε</strong></span> <span class='ocrx_word' id='word_1_15' title='bbox 3374 490 3587 559; x_wconf 77' lang='grc' dir='ltr'>καίρ.ον</span> <span class='ocrx_word' id='word_1_16' title='bbox 3628 496 3753 562; x_wconf 80' lang='grc' dir='ltr'>ὁμοῦ</span> 
     </span>
    </p>
   </div>
   <div class='ocr_carea' id='block_1_6' title="bbox 474 565 2065 643">
    <p class='ocr_par' dir='ltr' id='par_1_6' title="bbox 474 565 2065 643">
     <span class='ocr_line' id='line_1_6' title="bbox 474 565 2065 643; baseline 0.008 -23"><span class='ocrx_word' id='word_1_17' title='bbox 474 565 729 634; x_wconf 62' lang='lat' dir='ltr'><strong>alierum,</strong></span> <span class='ocrx_word' id='word_1_18' title='bbox 746 582 808 621; x_wconf 88' lang='lat' dir='ltr'><strong>ac</strong></span> <span class='ocrx_word' id='word_1_19' title='bbox 830 583 1015 622; x_wconf 87' lang='lat' dir='ltr'><strong>eorum</strong></span> <span class='ocrx_word' id='word_1_20' title='bbox 1035 569 1222 639; x_wconf 87' lang='lat' dir='ltr'><strong>gratiis</strong></span> <span class='ocrx_word' id='word_1_21' title='bbox 1235 571 1325 641; x_wconf 90' lang='lat' dir='ltr'><strong>qui</strong></span> <span class='ocrx_word' id='word_1_22' title='bbox 1346 572 1673 643; x_wconf 86' lang='lat' dir='ltr'><strong>percipiunt,</strong></span> <span class='ocrx_word' id='word_1_23' title='bbox 1697 573 2065 632; x_wconf 75' lang='lat' dir='ltr'><strong>laudationem</strong></span> 
     </span>
    </p>
   </div>
   <div class='ocr_carea' id='block_1_7' title="bbox 473 659 2066 737">
    <p class='ocr_par' dir='ltr' id='par_1_7' title="bbox 473 659 2066 737">
     <span class='ocr_line' id='line_1_7' title="bbox 473 659 2066 737; baseline 0.007 -24"><span class='ocrx_word' id='word_1_24' title='bbox 473 670 527 713; x_wconf 84' lang='lat' dir='ltr'><strong>et</strong></span> <span class='ocrx_word' id='word_1_25' title='bbox 581 659 696 730; x_wconf 87' lang='lat' dir='ltr'><strong>ipsa</strong></span> <span class='ocrx_word' id='word_1_26' title='bbox 744 660 838 715; x_wconf 92' lang='lat' dir='ltr'><strong>tibi</strong></span> <span class='ocrx_word' id='word_1_27' title='bbox 873 661 1219 717; x_wconf 88' lang='lat' dir='ltr'><strong>submittunt.</strong></span> <span class='ocrx_word' id='word_1_28' title='bbox 1265 664 1471 720; x_wconf 81' lang='lat' dir='ltr'><strong>Horum</strong></span> <span class='ocrx_word' id='word_1_29' title='bbox 1515 681 1616 736; x_wconf 82' lang='lat' dir='ltr'><strong>ego</strong></span> <span class='ocrx_word' id='word_1_30' title='bbox 1650 667 1841 737; x_wconf 74' lang='lat' dir='ltr'><strong>gratia:</strong></span> <span class='ocrx_word' id='word_1_31' title='bbox 1867 682 2066 737; x_wconf 81' lang='lat' dir='ltr'><strong>expers</strong></span> 
     </span>
    </p>
   </div>
   <div class='ocr_carea' id='block_1_8' title="bbox 454 756 2062 833">
    <p class='ocr_par' dir='ltr' id='par_1_8' title="bbox 454 756 2062 833">
     <span class='ocr_line' id='line_1_8' title="bbox 454 756 2062 833; baseline 0.004 -26"><span class='ocrx_word' id='word_1_32' title='bbox 454 769 630 833; x_wconf 5' lang='lat' dir='ltr'><strong>psum;</strong></span> <span class='ocrx_word' id='word_1_33' title='bbox 678 771 803 810; x_wconf 84' lang='lat' dir='ltr'><strong>nam</strong></span> <span class='ocrx_word' id='word_1_34' title='bbox 832 756 947 826; x_wconf 79' lang='lat' dir='ltr'><strong>ipsa</strong></span> <span class='ocrx_word' id='word_1_35' title='bbox 975 772 1190 827; x_wconf 90' lang='lat' dir='ltr'><strong>quoque</strong></span> <span class='ocrx_word' id='word_1_36' title='bbox 1220 759 1496 830; x_wconf 86' lang='lat' dir='ltr'><strong>indignam</strong></span> <span class='ocrx_word' id='word_1_37' title='bbox 1536 768 1595 814; x_wconf 93' lang='lat' dir='ltr'><strong>ut</strong></span> <span class='ocrx_word' id='word_1_38' title='bbox 1623 760 1704 815; x_wconf 89' lang='lat' dir='ltr'><strong>eis</strong></span> <span class='ocrx_word' id='word_1_39' title='bbox 1747 776 2062 829; x_wconf 86' lang='lat' dir='ltr'><strong>accensear,</strong></span> 
     </span>
    </p>
   </div>
   <div class='ocr_carea' id='block_1_9' title="bbox 477 847 2065 921">
    <p class='ocr_par' dir='ltr' id='par_1_9' title="bbox 477 847 2065 921">
     <span class='ocr_line' id='line_1_9' title="bbox 477 847 2065 921; baseline 0.008 -25"><span class='ocrx_word' id='word_1_40' title='bbox 477 861 597 915; x_wconf 65' lang='lat' dir='ltr'><strong>qua!</strong></span> <span class='ocrx_word' id='word_1_41' title='bbox 626 847 736 902; x_wconf 91' lang='lat' dir='ltr'><strong>sint</strong></span> <span class='ocrx_word' id='word_1_42' title='bbox 760 858 1027 904; x_wconf 71' lang='lat' dir='ltr'><strong>creatura:</strong></span> <span class='ocrx_word' id='word_1_43' title='bbox 1057 860 1180 915; x_wconf 69' lang='lat' dir='ltr'><strong>tum,</strong></span> <span class='ocrx_word' id='word_1_44' title='bbox 1210 852 1638 921; x_wconf 89' lang='lat' dir='ltr'><strong>memetjudico.</strong></span> <span class='ocrx_word' id='word_1_45' title='bbox 1679 850 1854 921; x_wconf 87' lang='lat' dir='ltr'><strong>Quam</strong></span> <span class='ocrx_word' id='word_1_46' title='bbox 1894 855 2065 909; x_wconf 87' lang='lat' dir='ltr'><strong>verba</strong></span> 
     </span>
    </p>
   </div>
   <div class='ocr_carea' id='block_1_10' title="bbox 481 939 2067 1017">
    <p class='ocr_par' dir='ltr' id='par_1_10' title="bbox 481 939 2067 1017">
     <span class='ocr_line' id='line_1_10' title="bbox 481 939 2067 1017; baseline 0.005 -25"><span class='ocrx_word' id='word_1_47' title='bbox 481 939 616 1017; x_wconf 72' lang='lat' dir='ltr'><strong>lucc,</strong></span> <span class='ocrx_word' id='word_1_48' title='bbox 646 954 797 1009; x_wconf 80' lang='lat' dir='ltr'><strong>rogo,</strong></span> <span class='ocrx_word' id='word_1_49' title='bbox 834 956 941 995; x_wconf 93' lang='lat' dir='ltr'><strong>non</strong></span> <span class='ocrx_word' id='word_1_50' title='bbox 968 943 1261 997; x_wconf 80' lang='lat' dir='ltr'><strong>ostendunt</strong></span> <span class='ocrx_word' id='word_1_51' title='bbox 1290 944 1614 1000; x_wconf 70' lang='lat' dir='ltr'><strong>humilitatis</strong></span> <span class='ocrx_word' id='word_1_52' title='bbox 1646 945 2067 1000; x_wconf 82' lang='lat' dir='ltr'><strong>excellentiam?</strong></span> 
     </span>
    </p>
   </div>
   <div class='ocr_carea' id='block_1_11' title="bbox 376 1028 2065 1109">
    <p class='ocr_par' dir='ltr' id='par_1_11' title="bbox 376 1028 2065 1109">
     <span class='ocr_line' id='line_1_11' title="bbox 376 1028 2065 1109; baseline 0.004 -23"><span class='ocrx_word' id='word_1_53' title='bbox 376 1028 395 1051; x_wconf 77' lang='grc'><strong>’³</strong></span> <span class='ocrx_word' id='word_1_54' title='bbox 478 1037 650 1100; x_wconf 82' lang='lat' dir='ltr'><strong>Quam</strong></span> <span class='ocrx_word' id='word_1_55' title='bbox 680 1049 786 1088; x_wconf 83' lang='lat' dir='ltr'><strong>non</strong></span> <span class='ocrx_word' id='word_1_56' title='bbox 814 1035 1034 1090; x_wconf 85' lang='lat' dir='ltr'><strong>contriti</strong></span> <span class='ocrx_word' id='word_1_57' title='bbox 1069 1037 1250 1092; x_wconf 86' lang='lat' dir='ltr'><strong>cordis</strong></span> <span class='ocrx_word' id='word_1_58' title='bbox 1290 1037 1650 1104; x_wconf 87' lang='lat' dir='ltr'><strong>abjectionem</strong></span> <span class='ocrx_word' id='word_1_59' title='bbox 1680 1039 1938 1105; x_wconf 79' lang='lat' dir='ltr'><strong>excessit,</strong></span> <span class='ocrx_word' id='word_1_60' title='bbox 1971 1039 2065 1109; x_wconf 91' lang='lat' dir='ltr'><strong>qui</strong></span> 
     </span>
    </p>
   </div>
   <div class='ocr_carea' id='block_1_12' title="bbox 477 1128 2066 1202">
    <p class='ocr_par' dir='ltr' id='par_1_12' title="bbox 477 1128 2066 1202">
     <span class='ocr_line' id='line_1_12' title="bbox 477 1128 2066 1202; baseline 0.004 -19"><span class='ocrx_word' id='word_1_61' title='bbox 477 1140 633 1183; x_wconf 83' lang='lat' dir='ltr'><strong>sensa</strong></span> <span class='ocrx_word' id='word_1_62' title='bbox 670 1128 935 1199; x_wconf 82' lang='lat' dir='ltr'><strong>ejusmodi</strong></span> <span class='ocrx_word' id='word_1_63' title='bbox 968 1130 1182 1186; x_wconf 87' lang='lat' dir='ltr'><strong>animus</strong></span> <span class='ocrx_word' id='word_1_64' title='bbox 1216 1131 1475 1202; x_wconf 82' lang='lat' dir='ltr'><strong>protulit?</strong></span> <span class='ocrx_word' id='word_1_65' title='bbox 1516 1133 1618 1201; x_wconf 86' lang='lat' dir='ltr'><strong>Qui</strong></span> <span class='ocrx_word' id='word_1_66' title='bbox 1654 1149 1761 1189; x_wconf 91' lang='lat' dir='ltr'><strong>non</strong></span> <span class='ocrx_word' id='word_1_67' title='bbox 1805 1148 1934 1189; x_wconf 91' lang='lat' dir='ltr'><strong>vero</strong></span> <span class='ocrx_word' id='word_1_68' title='bbox 1968 1133 2066 1190; x_wconf 91' lang='lat' dir='ltr'><strong>be-</strong></span> 
     </span>
    </p>
   </div>
   <div class='ocr_carea' id='block_1_13' title="bbox 478 1221 2068 1297">
    <p class='ocr_par' dir='ltr' id='par_1_13' title="bbox 478 1221 2068 1297">
     <span class='ocr_line' id='line_1_13' title="bbox 478 1221 2068 1297; baseline 0.006 -23"><span class='ocrx_word' id='word_1_69' title='bbox 478 1221 675 1291; x_wconf 83' lang='lat' dir='ltr'><strong>nignus</strong></span> <span class='ocrx_word' id='word_1_70' title='bbox 701 1223 845 1278; x_wconf 91' lang='lat' dir='ltr'><strong>Deus</strong></span> <span class='ocrx_word' id='word_1_71' title='bbox 869 1263 885 1289; x_wconf 90' lang='lat'><strong>,</strong></span> <span class='ocrx_word' id='word_1_72' title='bbox 929 1238 1091 1295; x_wconf 85' lang='lat' dir='ltr'><strong>supra</strong></span> <span class='ocrx_word' id='word_1_73' title='bbox 1141 1240 1357 1280; x_wconf 88' lang='lat' dir='ltr'><strong>omnem</strong></span> <span class='ocrx_word' id='word_1_74' title='bbox 1394 1226 1577 1281; x_wconf 87' lang='lat' dir='ltr'><strong>odoris</strong></span> <span class='ocrx_word' id='word_1_75' title='bbox 1609 1228 1963 1297; x_wconf 85' lang='lat' dir='ltr'><strong>iragrantiam</strong></span> <span class='ocrx_word' id='word_1_76' title='bbox 2005 1243 2068 1283; x_wconf 92' lang='lat' dir='ltr'><strong>ac</strong></span> 
     </span>
    </p>
   </div>
   <div class='ocr_carea' id='block_1_14' title="bbox 477 1310 2063 1386">
    <p class='ocr_par' dir='ltr' id='par_1_14' title="bbox 477 1310 2063 1386">
     <span class='ocr_line' id='line_1_14' title="bbox 477 1310 2063 1386; baseline 0.006 -23"><span class='ocrx_word' id='word_1_77' title='bbox 477 1310 854 1378; x_wconf 83' lang='lat' dir='ltr'><strong>oblationem,</strong></span> <span class='ocrx_word' id='word_1_78' title='bbox 909 1313 1176 1384; x_wconf 80' lang='lat' dir='ltr'><strong>ejusmodi</strong></span> <span class='ocrx_word' id='word_1_79' title='bbox 1235 1316 1492 1385; x_wconf 84' lang='lat' dir='ltr'><strong>probaret</strong></span> <span class='ocrx_word' id='word_1_80' title='bbox 1540 1318 1919 1374; x_wconf 78' lang='lat' dir='ltr'><strong>voluntatem?</strong></span> <span class='ocrx_word' id='word_1_81' title='bbox 1963 1318 2063 1386; x_wconf 87' lang='lat' dir='ltr'><strong>Qui</strong></span> 
     </span>
    </p>
   </div>
   <div class='ocr_carea' id='block_1_15' title="bbox 480 1406 2067 1481">
    <p class='ocr_par' dir='ltr' id='par_1_15' title="bbox 480 1406 2067 1481">
     <span class='ocr_line' id='line_1_15' title="bbox 480 1406 2067 1481; baseline 0.006 -25"><span class='ocrx_word' id='word_1_82' title='bbox 480 1420 586 1459; x_wconf 90' lang='lat' dir='ltr'><strong>non</strong></span> <span class='ocrx_word' id='word_1_83' title='bbox 625 1420 787 1476; x_wconf 86' lang='lat' dir='ltr'><strong>supra</strong></span> <span class='ocrx_word' id='word_1_84' title='bbox 824 1406 1199 1462; x_wconf 85' lang='lat' dir='ltr'><strong>holocaustum</strong></span> <span class='ocrx_word' id='word_1_85' title='bbox 1248 1424 1409 1465; x_wconf 87' lang='lat' dir='ltr'><strong>omne</strong></span> <span class='ocrx_word' id='word_1_86' title='bbox 1434 1450 1446 1474; x_wconf 88' lang='lat'><strong>,</strong></span> <span class='ocrx_word' id='word_1_87' title='bbox 1476 1411 1741 1481; x_wconf 84' lang='lat' dir='ltr'><strong>ejusmodi</strong></span> <span class='ocrx_word' id='word_1_88' title='bbox 1785 1413 2067 1469; x_wconf 77' lang='lat' dir='ltr'><strong>atniuisset</strong></span> 
     </span>
    </p>
   </div>
   <div class='ocr_carea' id='block_1_16' title="bbox 478 1495 2065 1567">
    <p class='ocr_par' dir='ltr' id='par_1_16' title="bbox 478 1495 2065 1567">
     <span class='ocr_line' id='line_1_16' title="bbox 478 1495 2065 1567; baseline 0.007 -18"><span class='ocrx_word' id='word_1_89' title='bbox 478 1495 750 1562; x_wconf 88' lang='lat' dir='ltr'><strong>orationi,</strong></span> <span class='ocrx_word' id='word_1_90' title='bbox 785 1497 876 1567; x_wconf 88' lang='lat' dir='ltr'><strong>qui</strong></span> <span class='ocrx_word' id='word_1_91' title='bbox 923 1495 1122 1554; x_wconf 77' lang='lat' dir='ltr'><strong>talibus</strong></span> <span class='ocrx_word' id='word_1_92' title='bbox 1166 1501 1401 1563; x_wconf 83' lang='lat' dir='ltr'><strong>maxime</strong></span> <span class='ocrx_word' id='word_1_93' title='bbox 1446 1502 1750 1558; x_wconf 86' lang='lat' dir='ltr'><strong>delectatur</strong></span> <span class='ocrx_word' id='word_1_94' title='bbox 1792 1504 2065 1560; x_wconf 81' lang='lat' dir='ltr'><strong>victimis?</strong></span> 
     </span>
    </p>
   </div>
   <div class='ocr_carea' id='block_1_17' title="bbox 480 1586 1987 1663">
    <p class='ocr_par' dir='ltr' id='par_1_17' title="bbox 480 1586 1987 1663">
     <span class='ocr_line' id='line_1_17' title="bbox 480 1586 1987 1663; baseline 0.007 -22"><span class='ocrx_word' id='word_1_95' title='bbox 480 1586 726 1659; x_wconf 80' lang='lat' dir='ltr'><strong>Etenim,</strong></span> <span class='ocrx_word' id='word_1_96' title='bbox 759 1587 1099 1660; x_wconf 81' lang='lat' dir='ltr'><strong>Sacriﬁcium</strong></span> <span class='ocrx_word' id='word_1_97' title='bbox 1135 1590 1243 1646; x_wconf 87' lang='lat' dir='ltr'><strong>Deo</strong></span> <span class='ocrx_word' id='word_1_98' title='bbox 1267 1594 1485 1663; x_wconf 74' lang='lat' dir='ltr'><strong>spiritus</strong></span> <span class='ocrx_word' id='word_1_99' title='bbox 1508 1595 1891 1650; x_wconf 61' lang='grc' dir='ltr'>ωηεν-εὐαίωνι</span> <span class='ocrx_word' id='word_1_100' title='bbox 1924 1596 1987 1651; x_wconf 82' lang='grc'><strong>¹¹.</strong></span> 
     </span>
    </p>
   </div>
   <div class='ocr_carea' id='block_1_18' title="bbox 550 1773 2060 1852">
    <p class='ocr_par' dir='ltr' id='par_1_18' title="bbox 550 1773 2060 1852">
     <span class='ocr_line' id='line_1_18' title="bbox 550 1773 2060 1852; baseline 0.004 -23"><span class='ocrx_word' id='word_1_101' title='bbox 550 1774 703 1838; x_wconf 75' lang='lat' dir='ltr'><strong>Talia</strong></span> <span class='ocrx_word' id='word_1_102' title='bbox 729 1786 854 1833; x_wconf 91' lang='lat' dir='ltr'><strong>sunt</strong></span> <span class='ocrx_word' id='word_1_103' title='bbox 893 1773 1166 1848; x_wconf 77' lang='lat' dir='ltr'><strong>iustorum</strong></span> <span class='ocrx_word' id='word_1_104' title='bbox 1209 1778 1492 1851; x_wconf 86' lang='lat' dir='ltr'><strong>privilegia</strong></span> <span class='ocrx_word' id='word_1_105' title='bbox 1526 1795 1589 1835; x_wconf 91' lang='lat' dir='ltr'><strong>ae</strong></span> <span class='ocrx_word' id='word_1_106' title='bbox 1621 1790 1843 1835; x_wconf 87' lang='lat' dir='ltr'><strong>narrata</strong></span> <span class='ocrx_word' id='word_1_107' title='bbox 1884 1791 2060 1852; x_wconf 86' lang='lat' dir='ltr'><strong>gesta.</strong></span> 
     </span>
    </p>
   </div>
   <div class='ocr_carea' id='block_1_19' title="bbox 477 1868 2065 1939">
    <p class='ocr_par' dir='ltr' id='par_1_19' title="bbox 477 1868 2065 1939">
     <span class='ocr_line' id='line_1_19' title="bbox 477 1868 2065 1939; baseline 0.004 -17"><span class='ocrx_word' id='word_1_108' title='bbox 477 1868 608 1923; x_wconf 70' lang='grc' dir='ltr'><strong>ιωιί</strong></span> <span class='ocrx_word' id='word_1_109' title='bbox 644 1869 697 1923; x_wconf 82' lang='grc' dir='ltr'><strong>1ιί</strong></span> <span class='ocrx_word' id='word_1_110' title='bbox 732 1871 991 1925; x_wconf 88' lang='lat' dir='ltr'><strong>virtutum</strong></span> <span class='ocrx_word' id='word_1_111' title='bbox 1024 1886 1212 1927; x_wconf 91' lang='lat' dir='ltr'><strong>eorum</strong></span> <span class='ocrx_word' id='word_1_112' title='bbox 1252 1873 1620 1939; x_wconf 84' lang='lat' dir='ltr'><strong>characteres,</strong></span> <span class='ocrx_word' id='word_1_113' title='bbox 1656 1872 1890 1928; x_wconf 87' lang='lat' dir='ltr'><strong>nobilem</strong></span> <span class='ocrx_word' id='word_1_114' title='bbox 1924 1877 2065 1928; x_wconf 87' lang='lat' dir='ltr'><strong>hanc</strong></span> 
     </span>
    </p>
   </div>
   <div class='ocr_carea' id='block_1_20' title="bbox 476 1962 2065 2035">
    <p class='ocr_par' dir='ltr' id='par_1_20' title="bbox 476 1962 2065 2035">
     <span class='ocr_line' id='line_1_20' title="bbox 476 1962 2065 2035; baseline 0.003 -19"><span class='ocrx_word' id='word_1_115' title='bbox 476 1962 679 2028; x_wconf 88' lang='lat' dir='ltr'><strong>animi,</strong></span> <span class='ocrx_word' id='word_1_116' title='bbox 716 1978 779 2019; x_wconf 88' lang='lat' dir='ltr'><strong>ae</strong></span> <span class='ocrx_word' id='word_1_117' title='bbox 819 1964 886 2020; x_wconf 87' lang='lat' dir='ltr'><strong>iis</strong></span> <span class='ocrx_word' id='word_1_118' title='bbox 926 1963 1311 2030; x_wconf 85' lang='lat' dir='ltr'><strong>illustriorem,</strong></span> <span class='ocrx_word' id='word_1_119' title='bbox 1356 1964 1446 2035; x_wconf 89' lang='lat' dir='ltr'><strong>qui</strong></span> <span class='ocrx_word' id='word_1_120' title='bbox 1479 1965 1626 2020; x_wconf 91' lang='lat' dir='ltr'><strong>omni</strong></span> <span class='ocrx_word' id='word_1_121' title='bbox 1668 1973 1816 2020; x_wconf 85' lang='lat' dir='ltr'><strong>retro</strong></span> <span class='ocrx_word' id='word_1_122' title='bbox 1865 1966 2065 2022; x_wconf 62' lang='lat' dir='ltr'><strong>sarculo</strong></span> 
     </span>
    </p>
   </div>
   <div class='ocr_carea' id='block_1_21' title="bbox 476 2056 2066 2128">
    <p class='ocr_par' dir='ltr' id='par_1_21' title="bbox 476 2056 2066 2128">
     <span class='ocr_line' id='line_1_21' title="bbox 476 2056 2066 2128; baseline 0 -18"><span class='ocrx_word' id='word_1_123' title='bbox 476 2056 819 2125; x_wconf 85' lang='lat' dir='ltr'><strong>claruissent,</strong></span> <span class='ocrx_word' id='word_1_124' title='bbox 857 2058 1096 2128; x_wconf 88' lang='lat' dir='ltr'><strong>speciem</strong></span> <span class='ocrx_word' id='word_1_125' title='bbox 1138 2056 1478 2113; x_wconf 74' lang='lat' dir='ltr'><strong>eil‘ulserunt.</strong></span> <span class='ocrx_word' id='word_1_126' title='bbox 1515 2057 1725 2128; x_wconf 86' lang='lat' dir='ltr'><strong>Quippe</strong></span> <span class='ocrx_word' id='word_1_127' title='bbox 1753 2058 1982 2114; x_wconf 84' lang='lat' dir='ltr'><strong>decebat</strong></span> <span class='ocrx_word' id='word_1_128' title='bbox 2008 2069 2066 2111; x_wconf 90' lang='lat' dir='ltr'><strong>ut</strong></span> 
     </span>
    </p>
   </div>
   <div class='ocr_carea' id='block_1_22' title="bbox 474 2150 2065 2221">
    <p class='ocr_par' dir='ltr' id='par_1_22' title="bbox 474 2150 2065 2221">
     <span class='ocr_line' id='line_1_22' title="bbox 474 2150 2065 2221; baseline 0 -17"><span class='ocrx_word' id='word_1_129' title='bbox 474 2151 673 2206; x_wconf 89' lang='lat' dir='ltr'><strong>donum</strong></span> <span class='ocrx_word' id='word_1_130' title='bbox 702 2192 717 2215; x_wconf 88' lang='lat'><strong>,</strong></span> <span class='ocrx_word' id='word_1_131' title='bbox 765 2153 913 2206; x_wconf 90' lang='lat' dir='ltr'><strong>omni</strong></span> <span class='ocrx_word' id='word_1_132' title='bbox 953 2151 1005 2205; x_wconf 93' lang='lat' dir='ltr'><strong>in</strong></span> <span class='ocrx_word' id='word_1_133' title='bbox 1040 2151 1244 2207; x_wconf 87' lang='lat' dir='ltr'><strong>creatis</strong></span> <span class='ocrx_word' id='word_1_134' title='bbox 1284 2150 1461 2218; x_wconf 85' lang='lat' dir='ltr'><strong>majus</strong></span> <span class='ocrx_word' id='word_1_135' title='bbox 1506 2151 1948 2221; x_wconf 87' lang='lat' dir='ltr'><strong>comparatione,</strong></span> <span class='ocrx_word' id='word_1_136' title='bbox 1997 2165 2065 2205; x_wconf 81' lang='lat' dir='ltr'><strong>ex</strong></span> 
     </span>
    </p>
   </div>
   <div class='ocr_carea' id='block_1_23' title="bbox 473 2240 2063 2314">
    <p class='ocr_par' dir='ltr' id='par_1_23' title="bbox 473 2240 2063 2314">
     <span class='ocr_line' id='line_1_23' title="bbox 473 2240 2063 2314; baseline -0.001 -17"><span class='ocrx_word' id='word_1_137' title='bbox 473 2242 760 2297; x_wconf 83' lang='lat' dir='ltr'><strong>excellenti</strong></span> <span class='ocrx_word' id='word_1_138' title='bbox 791 2242 1057 2299; x_wconf 89' lang='lat' dir='ltr'><strong>electione</strong></span> <span class='ocrx_word' id='word_1_139' title='bbox 1081 2244 1357 2314; x_wconf 87' lang='lat' dir='ltr'><strong>prodiret:</strong></span> <span class='ocrx_word' id='word_1_140' title='bbox 1384 2240 1614 2299; x_wconf 83' lang='lat' dir='ltr'><strong>decebat</strong></span> <span class='ocrx_word' id='word_1_141' title='bbox 1641 2254 1697 2297; x_wconf 92' lang='lat' dir='ltr'><strong>ut</strong></span> <span class='ocrx_word' id='word_1_142' title='bbox 1725 2257 1792 2297; x_wconf 84' lang='lat' dir='ltr'><strong>ex</strong></span> <span class='ocrx_word' id='word_1_143' title='bbox 1820 2241 2063 2297; x_wconf 83' lang='lat' dir='ltr'><strong>ailluenti</strong></span> 
     </span>
    </p>
   </div>
   <div class='ocr_carea' id='block_1_24' title="bbox 474 2335 2063 2406">
    <p class='ocr_par' dir='ltr' id='par_1_24' title="bbox 474 2335 2063 2406">
     <span class='ocr_line' id='line_1_24' title="bbox 474 2335 2063 2406; baseline 0.002 -20"><span class='ocrx_word' id='word_1_144' title='bbox 474 2335 734 2390; x_wconf 79' lang='lat' dir='ltr'><strong>virtutum</strong></span> <span class='ocrx_word' id='word_1_145' title='bbox 779 2349 942 2404; x_wconf 90' lang='lat' dir='ltr'><strong>penu,</strong></span> <span class='ocrx_word' id='word_1_146' title='bbox 974 2347 1290 2406; x_wconf 63' lang='lat' dir='ltr'><strong>praesanetm</strong></span> <span class='ocrx_word' id='word_1_147' title='bbox 1334 2336 1439 2391; x_wconf 67' lang='lat' dir='ltr'><strong>illa:</strong></span> <span class='ocrx_word' id='word_1_148' title='bbox 1470 2337 1799 2391; x_wconf 88' lang='lat' dir='ltr'><strong>scaturirent</strong></span> <span class='ocrx_word' id='word_1_149' title='bbox 1824 2336 2063 2391; x_wconf 84' lang='lat' dir='ltr'><strong>divitiae:</strong></span> 
     </span>
    </p>
   </div>
   <div class='ocr_carea' id='block_1_25' title="bbox 473 2426 2066 2498">
    <p class='ocr_par' dir='ltr' id='par_1_25' title="bbox 473 2426 2066 2498">
     <span class='ocr_line' id='line_1_25' title="bbox 473 2426 2066 2498; baseline -0.001 -16"><span class='ocrx_word' id='word_1_150' title='bbox 473 2427 703 2483; x_wconf 83' lang='lat' dir='ltr'><strong>decebat</strong></span> <span class='ocrx_word' id='word_1_151' title='bbox 744 2437 802 2483; x_wconf 90' lang='lat' dir='ltr'><strong>ut</strong></span> <span class='ocrx_word' id='word_1_152' title='bbox 835 2427 1047 2484; x_wconf 86' lang='lat' dir='ltr'><strong>labores</strong></span> <span class='ocrx_word' id='word_1_153' title='bbox 1075 2428 1340 2498; x_wconf 81' lang='lat' dir='ltr'><strong>ejusmodi</strong></span> <span class='ocrx_word' id='word_1_154' title='bbox 1386 2428 1542 2484; x_wconf 86' lang='lat' dir='ltr'><strong>talem</strong></span> <span class='ocrx_word' id='word_1_155' title='bbox 1576 2436 1914 2498; x_wconf 90' lang='lat' dir='ltr'><strong>reportarent</strong></span> <span class='ocrx_word' id='word_1_156' title='bbox 1947 2426 2066 2482; x_wconf 77' lang='lat' dir='ltr'><strong>fru-</strong></span> 
     </span>
    </p>
   </div>
   <div class='ocr_carea' id='block_1_26' title="bbox 472 2520 2065 2590">
    <p class='ocr_par' dir='ltr' id='par_1_26' title="bbox 472 2520 2065 2590">
     <span class='ocr_line' id='line_1_26' title="bbox 472 2520 2065 2590; baseline -0.001 -15"><span class='ocrx_word' id='word_1_157' title='bbox 472 2533 622 2575; x_wconf 88' lang='lat' dir='ltr'><strong>ctum</strong></span> <span class='ocrx_word' id='word_1_158' title='bbox 665 2538 680 2575; x_wconf 88' lang='lat'><strong>:</strong></span> <span class='ocrx_word' id='word_1_159' title='bbox 734 2530 794 2575; x_wconf 83' lang='grc' dir='ltr'><strong>ιιι</strong></span> <span class='ocrx_word' id='word_1_160' title='bbox 849 2536 916 2576; x_wconf 81' lang='lat' dir='ltr'><strong>ex</strong></span> <span class='ocrx_word' id='word_1_161' title='bbox 970 2520 1200 2590; x_wconf 89' lang='lat' dir='ltr'><strong>ingenua</strong></span> <span class='ocrx_word' id='word_1_162' title='bbox 1264 2521 1450 2577; x_wconf 90' lang='lat' dir='ltr'><strong>radice</strong></span> <span class='ocrx_word' id='word_1_163' title='bbox 1508 2534 1721 2575; x_wconf 89' lang='lat' dir='ltr'><strong>summe</strong></span> <span class='ocrx_word' id='word_1_164' title='bbox 1770 2521 2065 2590; x_wconf 83' lang='lat' dir='ltr'><strong>ingenuum</strong></span> 
     </span>
    </p>
   </div>
   <div class='ocr_carea' id='block_1_27' title="bbox 473 2612 2065 2684">
    <p class='ocr_par' dir='ltr' id='par_1_27' title="bbox 473 2612 2065 2684">
     <span class='ocr_line' id='line_1_27' title="bbox 473 2612 2065 2684; baseline 0 -19"><span class='ocrx_word' id='word_1_165' title='bbox 473 2613 769 2683; x_wconf 80' lang='lat' dir='ltr'><strong>pullularet</strong></span> <span class='ocrx_word' id='word_1_166' title='bbox 811 2628 1073 2684; x_wconf 88' lang='lat' dir='ltr'><strong>germen;</strong></span> <span class='ocrx_word' id='word_1_167' title='bbox 1116 2629 1181 2670; x_wconf 73' lang='lat' dir='ltr'><strong>es</strong></span> <span class='ocrx_word' id='word_1_168' title='bbox 1229 2614 1386 2670; x_wconf 86' lang='lat' dir='ltr'><strong>bonis</strong></span> <span class='ocrx_word' id='word_1_169' title='bbox 1421 2613 1620 2669; x_wconf 90' lang='lat' dir='ltr'><strong>lumbis</strong></span> <span class='ocrx_word' id='word_1_170' title='bbox 1661 2614 1899 2681; x_wconf 80' lang='lat' dir='ltr'><strong>optimus</strong></span> <span class='ocrx_word' id='word_1_171' title='bbox 1945 2612 2065 2683; x_wconf 81' lang='lat' dir='ltr'><strong>pal-</strong></span> 
     </span>
    </p>
   </div>
   <div class='ocr_carea' id='block_1_28' title="bbox 474 2705 2067 2789">
    <p class='ocr_par' dir='ltr' id='par_1_28' title="bbox 474 2705 2067 2789">
     <span class='ocr_line' id='line_1_28' title="bbox 474 2705 2067 2789; baseline 0.001 -29"><span class='ocrx_word' id='word_1_172' title='bbox 474 2722 593 2762; x_wconf 84' lang='lat' dir='ltr'><strong>mes</strong></span> <span class='ocrx_word' id='word_1_173' title='bbox 623 2716 867 2776; x_wconf 78' lang='lat' dir='ltr'><strong>surgeret</strong></span> <span class='ocrx_word' id='word_1_174' title='bbox 894 2724 910 2774; x_wconf 91' lang='lat'><strong>;</strong></span> <span class='ocrx_word' id='word_1_175' title='bbox 944 2720 1160 2776; x_wconf 82' lang='lat' dir='ltr'><strong>semper</strong></span> <span class='ocrx_word' id='word_1_176' title='bbox 1185 2707 1370 2789; x_wconf 69' lang='lat' dir='ltr'><strong>virens</strong></span> <span class='ocrx_word' id='word_1_177' title='bbox 1401 2706 1697 2775; x_wconf 83' lang='lat' dir='ltr'><strong>vigensque</strong></span> <span class='ocrx_word' id='word_1_178' title='bbox 1719 2705 1811 2760; x_wconf 85' lang='lat' dir='ltr'><strong>illa</strong></span> <span class='ocrx_word' id='word_1_179' title='bbox 1841 2705 2067 2775; x_wconf 83' lang='lat' dir='ltr'><strong>generis</strong></span> 
     </span>
    </p>
   </div>
   <div class='ocr_carea' id='block_1_29' title="bbox 474 2798 2063 2869">
    <p class='ocr_par' dir='ltr' id='par_1_29' title="bbox 474 2798 2063 2869">
     <span class='ocr_line' id='line_1_29' title="bbox 474 2798 2063 2869; baseline 0.001 -18"><span class='ocrx_word' id='word_1_180' title='bbox 474 2799 739 2869; x_wconf 78' lang='lat' dir='ltr'><strong>gloratio;</strong></span> <span class='ocrx_word' id='word_1_181' title='bbox 764 2798 1191 2869; x_wconf 89' lang='lat' dir='ltr'><strong>pulcherrimum</strong></span> <span class='ocrx_word' id='word_1_182' title='bbox 1224 2800 1355 2855; x_wconf 84' lang='lat' dir='ltr'><strong>illud</strong></span> <span class='ocrx_word' id='word_1_183' title='bbox 1385 2809 1595 2854; x_wconf 65' lang='lat' dir='ltr'><strong>naturae</strong></span> <span class='ocrx_word' id='word_1_184' title='bbox 1625 2813 1891 2869; x_wconf 78' lang='lat' dir='ltr'><strong>germen;</strong></span> <span class='ocrx_word' id='word_1_185' title='bbox 1927 2799 2063 2854; x_wconf 80' lang='lat' dir='ltr'><strong>alti-</strong></span> 
     </span>
    </p>
   </div>
   <div class='ocr_carea' id='block_1_30' title="bbox 475 2890 2068 2963">
    <p class='ocr_par' dir='ltr' id='par_1_30' title="bbox 475 2890 2068 2963">
     <span class='ocr_line' id='line_1_30' title="bbox 475 2890 2068 2963; baseline -0.001 -16"><span class='ocrx_word' id='word_1_186' title='bbox 475 2907 615 2963; x_wconf 83' lang='lat' dir='ltr'><strong>gena</strong></span> <span class='ocrx_word' id='word_1_187' title='bbox 648 2890 738 2948; x_wconf 85' lang='lat' dir='ltr'><strong>ille</strong></span> <span class='ocrx_word' id='word_1_188' title='bbox 769 2893 1099 2948; x_wconf 87' lang='lat' dir='ltr'><strong>sacramenti</strong></span> <span class='ocrx_word' id='word_1_189' title='bbox 1137 2906 1351 2957; x_wconf 88' lang='lat' dir='ltr'><strong>ramus,</strong></span> <span class='ocrx_word' id='word_1_190' title='bbox 1391 2906 1458 2946; x_wconf 83' lang='lat' dir='ltr'><strong>ex</strong></span> <span class='ocrx_word' id='word_1_191' title='bbox 1497 2906 1605 2961; x_wconf 89' lang='lat' dir='ltr'><strong>quo</strong></span> <span class='ocrx_word' id='word_1_192' title='bbox 1635 2893 1939 2948; x_wconf 88' lang='lat' dir='ltr'><strong>ascendens</strong></span> <span class='ocrx_word' id='word_1_193' title='bbox 1966 2892 2068 2945; x_wconf 92' lang='lat' dir='ltr'><strong>im-</strong></span> 
     </span>
    </p>
   </div>
   <div class='ocr_carea' id='block_1_31' title="bbox 476 2985 2067 3056">
    <p class='ocr_par' dir='ltr' id='par_1_31' title="bbox 476 2985 2067 3056">
     <span class='ocr_line' id='line_1_31' title="bbox 476 2985 2067 3056; baseline 0 -16"><span class='ocrx_word' id='word_1_194' title='bbox 476 2985 827 3043; x_wconf 83' lang='lat' dir='ltr'><strong>mortalitatis</strong></span> <span class='ocrx_word' id='word_1_195' title='bbox 849 2985 1266 3052; x_wconf 81' lang='lat' dir='ltr'><strong>ilos,-acternam</strong></span> <span class='ocrx_word' id='word_1_196' title='bbox 1298 2985 1487 3041; x_wconf 87' lang='lat' dir='ltr'><strong>odoris</strong></span> <span class='ocrx_word' id='word_1_197' title='bbox 1504 2986 1826 3041; x_wconf 86' lang='lat' dir='ltr'><strong>suavitatem</strong></span> <span class='ocrx_word' id='word_1_198' title='bbox 1855 2986 2067 3056; x_wconf 85' lang='lat' dir='ltr'><strong>perspi-</strong></span> 
     </span>
    </p>
   </div>
   <div class='ocr_carea' id='block_1_32' title="bbox 476 3077 2068 3151">
    <p class='ocr_par' dir='ltr' id='par_1_32' title="bbox 476 3077 2068 3151">
     <span class='ocr_line' id='line_1_32' title="bbox 476 3077 2068 3151; baseline 0.001 -18"><span class='ocrx_word' id='word_1_199' title='bbox 476 3079 619 3134; x_wconf 89' lang='lat' dir='ltr'><strong>ravit</strong></span> <span class='ocrx_word' id='word_1_200' title='bbox 647 3096 660 3133; x_wconf 87' lang='lat'><strong>:</strong></span> <span class='ocrx_word' id='word_1_201' title='bbox 687 3080 840 3151; x_wconf 89' lang='lat' dir='ltr'><strong>cujus</strong></span> <span class='ocrx_word' id='word_1_202' title='bbox 868 3079 1079 3134; x_wconf 75' lang='lat' dir='ltr'><strong>fructus</strong></span> <span class='ocrx_word' id='word_1_203' title='bbox 1110 3077 1365 3145; x_wconf 80' lang='lat' dir='ltr'><strong>eiiieitur,</strong></span> <span class='ocrx_word' id='word_1_204' title='bbox 1398 3079 1508 3132; x_wconf 82' lang='lat' dir='ltr'><strong>vita</strong></span> <span class='ocrx_word' id='word_1_205' title='bbox 1535 3088 1589 3132; x_wconf 91' lang='lat' dir='ltr'><strong>et</strong></span> <span class='ocrx_word' id='word_1_206' title='bbox 1610 3077 1970 3148; x_wconf 86' lang='lat' dir='ltr'><strong>incorruptio,</strong></span> <span class='ocrx_word' id='word_1_207' title='bbox 2003 3090 2068 3135; x_wconf 88' lang='lat' dir='ltr'><strong>ac</strong></span> 
     </span>
    </p>
   </div>
   <div class='ocr_carea' id='block_1_33' title="bbox 474 3171 1637 3244">
    <p class='ocr_par' dir='ltr' id='par_1_33' title="bbox 474 3171 1637 3244">
     <span class='ocr_line' id='line_1_33' title="bbox 474 3171 1637 3244; baseline 0 -18"><span class='ocrx_word' id='word_1_208' title='bbox 474 3174 905 3244; x_wconf 86' lang='lat' dir='ltr'><strong>perseverantia,</strong></span> <span class='ocrx_word' id='word_1_209' title='bbox 934 3172 1003 3226; x_wconf 91' lang='lat' dir='ltr'><strong>iis</strong></span> <span class='ocrx_word' id='word_1_210' title='bbox 1030 3174 1122 3243; x_wconf 92' lang='lat' dir='ltr'><strong>qni</strong></span> <span class='ocrx_word' id='word_1_211' title='bbox 1159 3172 1253 3226; x_wconf 92' lang='lat' dir='ltr'><strong>illo</strong></span> <span class='ocrx_word' id='word_1_212' title='bbox 1288 3171 1637 3241; x_wconf 84' lang='lat' dir='ltr'><strong>participant.</strong></span> 
     </span>
    </p>
   </div>
   <div class='ocr_carea' id='block_1_34' title="bbox 547 3261 2064 3333">
    <p class='ocr_par' dir='ltr' id='par_1_34' title="bbox 547 3261 2064 3333">
     <span class='ocr_line' id='line_1_34' title="bbox 547 3261 2064 3333; baseline -0.001 -14"><span class='ocrx_word' id='word_1_213' title='bbox 547 3265 819 3329; x_wconf 70' lang='lat' dir='ltr'><strong>Caeterum</strong></span> <span class='ocrx_word' id='word_1_214' title='bbox 851 3265 1130 3320; x_wconf 90' lang='lat' dir='ltr'><strong>laboribus</strong></span> <span class='ocrx_word' id='word_1_215' title='bbox 1156 3265 1611 3333; x_wconf 88' lang='lat' dir='ltr'><strong>sermonibusque</strong></span> <span class='ocrx_word' id='word_1_216' title='bbox 1636 3262 1902 3332; x_wconf 90' lang='lat' dir='ltr'><strong>ejusmodi</strong></span> <span class='ocrx_word' id='word_1_217' title='bbox 1934 3261 2064 3317; x_wconf 89' lang='lat' dir='ltr'><strong>sub-</strong></span> 
     </span>
    </p>
   </div>
   <div class='ocr_carea' id='block_1_35' title="bbox 474 3351 2069 3428">
    <p class='ocr_par' dir='ltr' id='par_1_35' title="bbox 474 3351 2069 3428">
     <span class='ocr_line' id='line_1_35' title="bbox 474 3351 2069 3428; baseline -0.004 -15"><span class='ocrx_word' id='word_1_218' title='bbox 474 3365 628 3414; x_wconf 86' lang='lat' dir='ltr'><strong>vecta</strong></span> <span class='ocrx_word' id='word_1_219' title='bbox 656 3358 930 3428; x_wconf 85' lang='lat' dir='ltr'><strong>justorunt</strong></span> <span class='ocrx_word' id='word_1_220' title='bbox 967 3355 1167 3421; x_wconf 85' lang='lat' dir='ltr'><strong>oratio,</strong></span> <span class='ocrx_word' id='word_1_221' title='bbox 1201 3354 1363 3410; x_wconf 81' lang='lat' dir='ltr'><strong>[luem</strong></span> <span class='ocrx_word' id='word_1_222' title='bbox 1391 3356 1533 3423; x_wconf 87' lang='lat' dir='ltr'><strong>apud</strong></span> <span class='ocrx_word' id='word_1_223' title='bbox 1566 3363 1854 3424; x_wconf 89' lang='lat' dir='ltr'><strong>utrumque</strong></span> <span class='ocrx_word' id='word_1_224' title='bbox 1886 3368 1956 3407; x_wconf 81' lang='lat' dir='ltr'><strong>ex</strong></span> <span class='ocrx_word' id='word_1_225' title='bbox 1987 3351 2069 3407; x_wconf 87' lang='lat' dir='ltr'><strong>di-</strong></span> 
     </span>
    </p>
   </div>
   <div class='ocr_carea' id='block_1_36' title="bbox 474 3446 2064 3520">
    <p class='ocr_par' dir='ltr' id='par_1_36' title="bbox 474 3446 2064 3520">
     <span class='ocr_line' id='line_1_36' title="bbox 474 3446 2064 3520; baseline -0.003 -17"><span class='ocrx_word' id='word_1_226' title='bbox 474 3452 604 3506; x_wconf 77' lang='lat' dir='ltr'><strong>vino</strong></span> <span class='ocrx_word' id='word_1_227' title='bbox 641 3465 903 3520; x_wconf 86' lang='lat' dir='ltr'><strong>responso</strong></span> <span class='ocrx_word' id='word_1_228' title='bbox 937 3449 1154 3519; x_wconf 83' lang='lat' dir='ltr'><strong>accipit.</strong></span> <span class='ocrx_word' id='word_1_229' title='bbox 1196 3446 1384 3518; x_wconf 88' lang='lat' dir='ltr'><strong>Angeli</strong></span> <span class='ocrx_word' id='word_1_230' title='bbox 1413 3446 1681 3516; x_wconf 89' lang='lat' dir='ltr'><strong>siquidem</strong></span> <span class='ocrx_word' id='word_1_231' title='bbox 1722 3452 2064 3516; x_wconf 85' lang='lat' dir='ltr'><strong>apparentes,</strong></span> 
     </span>
    </p>
   </div>
   <div class='ocr_carea' id='block_1_37' title="bbox 474 3538 2069 3612">
    <p class='ocr_par' dir='ltr' id='par_1_37' title="bbox 474 3538 2069 3612">
     <span class='ocr_line' id='line_1_37' title="bbox 474 3538 2069 3612; baseline -0.008 -8"><span class='ocrx_word' id='word_1_232' title='bbox 474 3560 602 3604; x_wconf 83' lang='lat' dir='ltr'><strong>cum</strong></span> <span class='ocrx_word' id='word_1_233' title='bbox 655 3543 942 3600; x_wconf 85' lang='lat' dir='ltr'><strong>exauditas</strong></span> <span class='ocrx_word' id='word_1_234' title='bbox 994 3556 1211 3612; x_wconf 90' lang='lat' dir='ltr'><strong>preces,</strong></span> <span class='ocrx_word' id='word_1_235' title='bbox 1278 3548 1392 3595; x_wconf 89' lang='lat' dir='ltr'><strong>tum</strong></span> <span class='ocrx_word' id='word_1_236' title='bbox 1448 3538 1811 3608; x_wconf 85' lang='lat' dir='ltr'><strong>inexspectati</strong></span> <span class='ocrx_word' id='word_1_237' title='bbox 1876 3544 2069 3606; x_wconf 89' lang='lat' dir='ltr'><strong>partus</strong></span> 
     </span>
    </p>
   </div>
   <div class='ocr_carea' id='block_1_38' title="bbox 477 3630 2045 3704">
    <p class='ocr_par' dir='ltr' id='par_1_38' title="bbox 477 3630 2045 3704">
     <span class='ocr_line' id='line_1_38' title="bbox 477 3630 2045 3704; baseline -0.006 -9"><span class='ocrx_word' id='word_1_238' title='bbox 477 3647 735 3695; x_wconf 85' lang='lat' dir='ltr'><strong>eventum</strong></span> <span class='ocrx_word' id='word_1_239' title='bbox 779 3637 1198 3691; x_wconf 90' lang='lat' dir='ltr'><strong>annuntiarunt.</strong></span> <span class='ocrx_word' id='word_1_240' title='bbox 1229 3632 1419 3704; x_wconf 84' lang='lat' dir='ltr'><strong>Angeli</strong></span> <span class='ocrx_word' id='word_1_241' title='bbox 1445 3673 1461 3699; x_wconf 93' lang='lat'><strong>,</strong></span> <span class='ocrx_word' id='word_1_242' title='bbox 1499 3631 1616 3701; x_wconf 91' lang='lat' dir='ltr'><strong>ejus</strong></span> <span class='ocrx_word' id='word_1_243' title='bbox 1664 3646 1787 3700; x_wconf 70' lang='lat' dir='ltr'><strong>quae</strong></span> <span class='ocrx_word' id='word_1_244' title='bbox 1833 3630 2045 3700; x_wconf 78' lang='lat' dir='ltr'><strong>angelis</strong></span> 
     </span>
    </p>
   </div>
   <div class='ocr_carea' id='block_1_39' title="bbox 476 3723 2068 3798">
    <p class='ocr_par' dir='ltr' id='par_1_39' title="bbox 476 3723 2068 3798">
     <span class='ocr_line' id='line_1_39' title="bbox 476 3723 2068 3798; baseline -0.008 -10"><span class='ocrx_word' id='word_1_245' title='bbox 476 3742 600 3788; x_wconf 88' lang='lat' dir='ltr'><strong>erat</strong></span> <span class='ocrx_word' id='word_1_246' title='bbox 628 3730 885 3797; x_wconf 88' lang='lat' dir='ltr'><strong>nobilior,</strong></span> <span class='ocrx_word' id='word_1_247' title='bbox 913 3728 1312 3798; x_wconf 54' lang='lat' dir='ltr'><strong>concipienda,</strong></span> <span class='ocrx_word' id='word_1_248' title='bbox 1345 3726 1551 3782; x_wconf 80' lang='lat' dir='ltr'><strong>faustas</strong></span> <span class='ocrx_word' id='word_1_249' title='bbox 1579 3723 1813 3780; x_wconf 79' lang='lat' dir='ltr'><strong>aﬂ‘erunt</strong></span> <span class='ocrx_word' id='word_1_250' title='bbox 1847 3738 2068 3777; x_wconf 90' lang='lat' dir='ltr'><strong>annun-</strong></span> 
     </span>
    </p>
   </div>
   <div class='ocr_carea' id='block_1_40' title="bbox 480 3816 2068 3891">
    <p class='ocr_par' dir='ltr' id='par_1_40' title="bbox 480 3816 2068 3891">
     <span class='ocr_line' id='line_1_40' title="bbox 480 3816 2068 3891; baseline -0.005 -11"><span class='ocrx_word' id='word_1_251' title='bbox 480 3825 758 3881; x_wconf 87' lang='lat' dir='ltr'><strong>tiationcs.</strong></span> <span class='ocrx_word' id='word_1_252' title='bbox 795 3821 1175 3878; x_wconf 69' lang='lat' dir='ltr'><strong>Prmnuntiant</strong></span> <span class='ocrx_word' id='word_1_253' title='bbox 1216 3820 1392 3891; x_wconf 89' lang='lat' dir='ltr'><strong>angeli</strong></span> <span class='ocrx_word' id='word_1_254' title='bbox 1440 3820 1755 3875; x_wconf 87' lang='lat' dir='ltr'><strong>solvendam</strong></span> <span class='ocrx_word' id='word_1_255' title='bbox 1801 3816 2068 3874; x_wconf 85' lang='lat' dir='ltr'><strong>sterilita-</strong></span> 
     </span>
    </p>
   </div>
   <div class='ocr_carea' id='block_1_41' title="bbox 479 3910 2068 3985">
    <p class='ocr_par' dir='ltr' id='par_1_41' title="bbox 479 3910 2068 3985">
     <span class='ocr_line' id='line_1_41' title="bbox 479 3910 2068 3985; baseline -0.005 -13"><span class='ocrx_word' id='word_1_256' title='bbox 479 3928 613 3985; x_wconf 83' lang='lat' dir='ltr'><strong>tem,</strong></span> <span class='ocrx_word' id='word_1_257' title='bbox 652 3931 717 3972; x_wconf 90' lang='lat' dir='ltr'><strong>ac</strong></span> <span class='ocrx_word' id='word_1_258' title='bbox 743 3931 840 3985; x_wconf 90' lang='lat' dir='ltr'><strong>per</strong></span> <span class='ocrx_word' id='word_1_259' title='bbox 868 3930 989 3971; x_wconf 89' lang='lat' dir='ltr'><strong>eam</strong></span> <span class='ocrx_word' id='word_1_260' title='bbox 1018 3913 1304 3983; x_wconf 77' lang='lat' dir='ltr'><strong>disiectum</strong></span> <span class='ocrx_word' id='word_1_261' title='bbox 1342 3912 1408 3967; x_wconf 91' lang='lat' dir='ltr'><strong>iri</strong></span> <span class='ocrx_word' id='word_1_262' title='bbox 1456 3912 1691 3968; x_wconf 90' lang='lat' dir='ltr'><strong>medium</strong></span> <span class='ocrx_word' id='word_1_263' title='bbox 1726 3910 1935 3980; x_wconf 85' lang='lat' dir='ltr'><strong>peccati</strong></span> <span class='ocrx_word' id='word_1_264' title='bbox 1968 3924 2068 3980; x_wconf 88' lang='lat' dir='ltr'><strong>pa-</strong></span> 
     </span>
    </p>
   </div>
   <div class='ocr_carea' id='block_1_42' title="bbox 479 4006 2073 4082">
    <p class='ocr_par' dir='ltr' id='par_1_42' title="bbox 479 4006 2073 4082">
     <span class='ocr_line' id='line_1_42' title="bbox 479 4006 2073 4082; baseline -0.005 -16"><span class='ocrx_word' id='word_1_265' title='bbox 479 4012 670 4067; x_wconf 77' lang='lat' dir='ltr'><strong>rietem</strong></span> <span class='ocrx_word' id='word_1_266' title='bbox 716 4010 1038 4082; x_wconf 84' lang='lat' dir='ltr'><strong>praedicunt.</strong></span> <span class='ocrx_word' id='word_1_267' title='bbox 1078 4006 1292 4078; x_wconf 82' lang='lat' dir='ltr'><strong>Angeli,</strong></span> <span class='ocrx_word' id='word_1_268' title='bbox 1328 4007 1756 4077; x_wconf 83' lang='lat' dir='ltr'><strong>inexspectatam</strong></span> <span class='ocrx_word' id='word_1_269' title='bbox 1790 4006 1908 4074; x_wconf 82' lang='lat' dir='ltr'><strong>ejus</strong></span> <span class='ocrx_word' id='word_1_270' title='bbox 1940 4018 2073 4059; x_wconf 87' lang='lat' dir='ltr'><strong>con-</strong></span> 
     </span>
    </p>
   </div>
   <div class='ocr_carea' id='block_1_43' title="bbox 477 4096 2071 4173">
    <p class='ocr_par' dir='ltr' id='par_1_43' title="bbox 477 4096 2071 4173">
     <span class='ocr_line' id='line_1_43' title="bbox 477 4096 2071 4173; baseline -0.005 -15"><span class='ocrx_word' id='word_1_271' title='bbox 477 4103 811 4173; x_wconf 85' lang='lat' dir='ltr'><strong>ceptionem,</strong></span> <span class='ocrx_word' id='word_1_272' title='bbox 845 4100 1114 4172; x_wconf 78' lang='lat' dir='ltr'><strong>prommio</strong></span> <span class='ocrx_word' id='word_1_273' title='bbox 1154 4099 1473 4169; x_wconf 87' lang='lat' dir='ltr'><strong>loquuntur,</strong></span> <span class='ocrx_word' id='word_1_274' title='bbox 1512 4112 1632 4167; x_wconf 78' lang='lat' dir='ltr'><strong>qua:</strong></span> <span class='ocrx_word' id='word_1_275' title='bbox 1664 4096 1973 4151; x_wconf 88' lang='lat' dir='ltr'><strong>mirabilem</strong></span> <span class='ocrx_word' id='word_1_276' title='bbox 2006 4109 2071 4150; x_wconf 87' lang='lat' dir='ltr'><strong>ac</strong></span> 
     </span>
    </p>
   </div>
   <div class='ocr_carea' id='block_1_44' title="bbox 479 4188 2072 4264">
    <p class='ocr_par' dir='ltr' id='par_1_44' title="bbox 479 4188 2072 4264">
     <span class='ocr_line' id='line_1_44' title="bbox 479 4188 2072 4264; baseline -0.004 -13"><span class='ocrx_word' id='word_1_277' title='bbox 479 4194 808 4252; x_wconf 72' lang='lat' dir='ltr'><strong>ineffabilem</strong></span> <span class='ocrx_word' id='word_1_278' title='bbox 841 4194 1256 4264; x_wconf 83' lang='lat' dir='ltr'><strong>conceptionem</strong></span> <span class='ocrx_word' id='word_1_279' title='bbox 1287 4191 1529 4246; x_wconf 88' lang='lat' dir='ltr'><strong>novavit.</strong></span> <span class='ocrx_word' id='word_1_280' title='bbox 1556 4189 1747 4260; x_wconf 83' lang='lat' dir='ltr'><strong>Angeli</strong></span> <span class='ocrx_word' id='word_1_281' title='bbox 1779 4188 1895 4257; x_wconf 85' lang='lat' dir='ltr'><strong>ejus</strong></span> <span class='ocrx_word' id='word_1_282' title='bbox 1934 4203 2072 4258; x_wconf 63' lang='lat' dir='ltr'><strong>prae-</strong></span> 
     </span>
    </p>
   </div>
   <div class='ocr_carea' id='block_1_45' title="bbox 479 4272 2071 4358">
    <p class='ocr_par' dir='ltr' id='par_1_45' title="bbox 479 4272 2071 4358">
     <span class='ocr_line' id='line_1_45' title="bbox 479 4272 2071 4358; baseline -0.006 -13"><span class='ocrx_word' id='word_1_283' title='bbox 479 4296 709 4345; x_wconf 79' lang='lat' dir='ltr'><strong>currunt</strong></span> <span class='ocrx_word' id='word_1_284' title='bbox 737 4287 1089 4358; x_wconf 84' lang='lat' dir='ltr'><strong>puerperium</strong></span> <span class='ocrx_word' id='word_1_285' title='bbox 1107 4325 1123 4351; x_wconf 90' lang='lat'><strong>,</strong></span> <span class='ocrx_word' id='word_1_286' title='bbox 1155 4299 1252 4356; x_wconf 86' lang='lat' dir='ltr'><strong>per</strong></span> <span class='ocrx_word' id='word_1_287' title='bbox 1280 4272 1446 4351; x_wconf 79' lang='lat' dir='ltr'><strong>quam</strong></span> <span class='ocrx_word' id='word_1_288' title='bbox 1472 4283 1660 4352; x_wconf 77' lang='lat' dir='ltr'><strong>primae</strong></span> <span class='ocrx_word' id='word_1_289' title='bbox 1688 4281 1932 4352; x_wconf 88' lang='lat' dir='ltr'><strong>parentis</strong></span> <span class='ocrx_word' id='word_1_290' title='bbox 1975 4280 2071 4336; x_wconf 88' lang='lat' dir='ltr'><strong>do-</strong></span> 
     </span>
    </p>
   </div>
   <div class='ocr_carea' id='block_1_46' title="bbox 478 4374 2071 4446">
    <p class='ocr_par' dir='ltr' id='par_1_46' title="bbox 478 4374 2071 4446">
     <span class='ocr_line' id='line_1_46' title="bbox 478 4374 2071 4446; baseline -0.007 -9"><span class='ocrx_word' id='word_1_291' title='bbox 478 4385 623 4440; x_wconf 82' lang='lat' dir='ltr'><strong>lores</strong></span> <span class='ocrx_word' id='word_1_292' title='bbox 651 4387 1027 4438; x_wconf 87' lang='lat' dir='ltr'><strong>cessaverunt.</strong></span> <span class='ocrx_word' id='word_1_293' title='bbox 1074 4377 1259 4434; x_wconf 81' lang='lat' dir='ltr'><strong>Vincit</strong></span> <span class='ocrx_word' id='word_1_294' title='bbox 1295 4376 1763 4446; x_wconf 80' lang='lat' dir='ltr'><strong>exspectationem</strong></span> <span class='ocrx_word' id='word_1_295' title='bbox 1792 4374 1911 4444; x_wconf 85' lang='lat' dir='ltr'><strong>ejus</strong></span> <span class='ocrx_word' id='word_1_296' title='bbox 1943 4387 2071 4440; x_wconf 86' lang='lat' dir='ltr'><strong>pro-</strong></span> 
     </span>
    </p>
   </div>
   <div class='ocr_carea' id='block_1_47' title="bbox 2169 578 3757 655">
    <p class='ocr_par' dir='ltr' id='par_1_47' title="bbox 2169 578 3757 655">
     <span class='ocr_line' id='line_1_47' title="bbox 2169 578 3757 655; baseline 0.007 -24"><span class='ocrx_word' id='word_1_297' title='bbox 2169 579 2266 631; x_wconf 72' lang='lat' dir='ltr'><strong>xai.</strong></span> <span class='ocrx_word' id='word_1_298' title='bbox 2296 578 2521 649; x_wconf 76' lang='grc' dir='ltr'>ἥδιστον</span> <span class='ocrx_word' id='word_1_299' title='bbox 2560 579 2961 650; x_wconf 83' lang='grc' dir='ltr'>προϐάλλονται</span> <span class='ocrx_word' id='word_1_300' title='bbox 2982 619 2998 645; x_wconf 90' lang='grc'><strong>,</strong></span> <span class='ocrx_word' id='word_1_301' title='bbox 3043 583 3140 635; x_wconf 79' lang='grc' dir='ltr'>καὶ</span> <span class='ocrx_word' id='word_1_302' title='bbox 3161 584 3237 653; x_wconf 69' lang='grc' dir='ltr'>τῇ</span> <span class='ocrx_word' id='word_1_303' title='bbox 3280 582 3391 636; x_wconf 84' lang='grc' dir='ltr'><strong>τῶν</strong></span> <span class='ocrx_word' id='word_1_304' title='bbox 3425 585 3757 655; x_wconf 76' lang='grc' dir='ltr'><strong>μετεχόντων</strong></span> 
     </span>
    </p>
   </div>
   <div class='ocr_carea' id='block_1_48' title="bbox 2168 670 3758 745">
    <p class='ocr_par' dir='ltr' id='par_1_48' title="bbox 2168 670 3758 745">
     <span class='ocr_line' id='line_1_48' title="bbox 2168 670 3758 745; baseline 0.005 -22"><span class='ocrx_word' id='word_1_305' title='bbox 2168 670 2491 743; x_wconf 70' lang='grc' dir='ltr'><strong>εὐχαριστίᾳ</strong></span> <span class='ocrx_word' id='word_1_306' title='bbox 2510 712 2525 738; x_wconf 94' lang='grc'><strong>,</strong></span> <span class='ocrx_word' id='word_1_307' title='bbox 2557 674 2639 727; x_wconf 71' lang='grc' dir='ltr'>σοὶ</span> <span class='ocrx_word' id='word_1_308' title='bbox 2667 674 2766 736; x_wconf 80' lang='grc' dir='ltr'>τὴν</span> <span class='ocrx_word' id='word_1_309' title='bbox 2802 674 3118 742; x_wconf 79' lang='grc' dir='ltr'>δοξολογίαν</span> <span class='ocrx_word' id='word_1_310' title='bbox 3146 674 3506 745; x_wconf 73' lang='grc' dir='ltr'><strong>ἀναφέρουσι.</strong></span> <span class='ocrx_word' id='word_1_311' title='bbox 3545 677 3758 733; x_wconf 83' lang='grc' dir='ltr'>Τούτων</span> 
     </span>
    </p>
   </div>
   <div class='ocr_carea' id='block_1_49' title="bbox 2167 760 3758 836">
    <p class='ocr_par' dir='ltr' id='par_1_49' title="bbox 2167 760 3758 836">
     <span class='ocr_line' id='line_1_49' title="bbox 2167 760 3758 836; baseline 0.006 -22"><span class='ocrx_word' id='word_1_312' title='bbox 2167 760 2280 831; x_wconf 84' lang='grc' dir='ltr'>ἐγὼ</span> <span class='ocrx_word' id='word_1_313' title='bbox 2310 763 2408 831; x_wconf 87' lang='grc' dir='ltr'><strong>τῆς</strong></span> <span class='ocrx_word' id='word_1_314' title='bbox 2433 762 2654 833; x_wconf 69' lang='grc' dir='ltr'>χάριτος</span> <span class='ocrx_word' id='word_1_315' title='bbox 2681 763 2971 834; x_wconf 83' lang='grc' dir='ltr'><strong>ἀμέτοχος,</strong></span> <span class='ocrx_word' id='word_1_316' title='bbox 2998 764 3121 818; x_wconf 74' lang='grc' dir='ltr'>ἐπεὶ</span> <span class='ocrx_word' id='word_1_317' title='bbox 3145 765 3242 819; x_wconf 80' lang='grc' dir='ltr'>καὶ</span> <span class='ocrx_word' id='word_1_318' title='bbox 3263 764 3323 818; x_wconf 78' lang='grc' dir='ltr'>τὸ</span> <span class='ocrx_word' id='word_1_319' title='bbox 3356 765 3433 836; x_wconf 77' lang='grc' dir='ltr'><strong>μή</strong></span> <span class='ocrx_word' id='word_1_320' title='bbox 3461 766 3584 819; x_wconf 82' lang='grc' dir='ltr'>κατ’</span> <span class='ocrx_word' id='word_1_321' title='bbox 3611 768 3758 833; x_wconf 80' lang='grc' dir='ltr'>ἀξίαν</span> 
     </span>
    </p>
   </div>
   <div class='ocr_carea' id='block_1_50' title="bbox 2171 854 3761 929">
    <p class='ocr_par' dir='ltr' id='par_1_50' title="bbox 2171 854 3761 929">
     <span class='ocr_line' id='line_1_50' title="bbox 2171 854 3761 929; baseline 0.004 -21"><span class='ocrx_word' id='word_1_322' title='bbox 2171 854 2619 926; x_wconf 81' lang='grc' dir='ltr'><strong>συναριθμεῖσθαι</strong></span> <span class='ocrx_word' id='word_1_323' title='bbox 2642 856 2852 920; x_wconf 83' lang='grc' dir='ltr'>τούτοις</span> <span class='ocrx_word' id='word_1_324' title='bbox 2879 857 3333 929; x_wconf 84' lang='grc' dir='ltr'>δημιουργήμασί</span> <span class='ocrx_word' id='word_1_325' title='bbox 3361 876 3421 911; x_wconf 90' lang='grc' dir='ltr'><strong>τε</strong></span> <span class='ocrx_word' id='word_1_326' title='bbox 3449 855 3604 912; x_wconf 82' lang='grc' dir='ltr'>οῦσιν</span> <span class='ocrx_word' id='word_1_327' title='bbox 3630 861 3761 928; x_wconf 84' lang='grc' dir='ltr'>ἀγα-</span> 
     </span>
    </p>
   </div>
   <div class='ocr_carea' id='block_1_51' title="bbox 2170 946 3757 1021">
    <p class='ocr_par' dir='ltr' id='par_1_51' title="bbox 2170 946 3757 1021">
     <span class='ocr_line' id='line_1_51' title="bbox 2170 946 3757 1021; baseline 0.004 -21"><span class='ocrx_word' id='word_1_328' title='bbox 2170 946 2394 1017; x_wconf 85' lang='grc' dir='ltr'>θότητος</span> <span class='ocrx_word' id='word_1_329' title='bbox 2442 947 2540 1016; x_wconf 86' lang='grc' dir='ltr'><strong>τῆς</strong></span> <span class='ocrx_word' id='word_1_330' title='bbox 2590 947 2729 1019; x_wconf 84' lang='grc' dir='ltr'>σῆς,</span> <span class='ocrx_word' id='word_1_331' title='bbox 2770 949 2973 1020; x_wconf 77' lang='grc' dir='ltr'>ἑαυτῆς</span> <span class='ocrx_word' id='word_1_332' title='bbox 3023 948 3497 1021; x_wconf 81' lang='grc' dir='ltr'>καταψηφίζομαι.</span> <span class='ocrx_word' id='word_1_333' title='bbox 3539 951 3757 1017; x_wconf 80' lang='grc' dir='ltr'>Ταῦτα,</span> 
     </span>
    </p>
   </div>
   <div class='ocr_carea' id='block_1_52' title="bbox 2168 1038 3759 1116">
    <p class='ocr_par' dir='ltr' id='par_1_52' title="bbox 2168 1038 3759 1116">
     <span class='ocr_line' id='line_1_52' title="bbox 2168 1038 3759 1116; baseline 0.004 -25"><span class='ocrx_word' id='word_1_334' title='bbox 2168 1038 2290 1093; x_wconf 89' lang='grc' dir='ltr'>τίνα</span> <span class='ocrx_word' id='word_1_335' title='bbox 2328 1038 2713 1105; x_wconf 81' lang='grc' dir='ltr'>ταπεινώσεως</span> <span class='ocrx_word' id='word_1_336' title='bbox 2766 1040 3075 1112; x_wconf 81' lang='grc' dir='ltr'>ὑπερϐολὴν</span> <span class='ocrx_word' id='word_1_337' title='bbox 3118 1042 3219 1095; x_wconf 92' lang='grc' dir='ltr'><strong>οὐκ</strong></span> <span class='ocrx_word' id='word_1_338' title='bbox 3253 1044 3513 1113; x_wconf 73' lang='grc' dir='ltr'>ἐμφαίνει</span> <span class='ocrx_word' id='word_1_339' title='bbox 3547 1045 3617 1097; x_wconf 81' lang='grc' dir='ltr'>τὰ</span> <span class='ocrx_word' id='word_1_340' title='bbox 3671 1050 3759 1116; x_wconf 78' lang='grc' dir='ltr'><strong>ῥή-</strong></span> 
     </span>
    </p>
   </div>
   <div class='ocr_carea' id='block_1_53' title="bbox 2172 1133 3758 1206">
    <p class='ocr_par' dir='ltr' id='par_1_53' title="bbox 2172 1133 3758 1206">
     <span class='ocr_line' id='line_1_53' title="bbox 2172 1133 3758 1206; baseline 0.003 -21"><span class='ocrx_word' id='word_1_341' title='bbox 2172 1149 2342 1202; x_wconf 84' lang='grc' dir='ltr'>ματα;</span> <span class='ocrx_word' id='word_1_342' title='bbox 2367 1133 2532 1187; x_wconf 87' lang='grc' dir='ltr'>Ποίαν</span> <span class='ocrx_word' id='word_1_343' title='bbox 2554 1135 3029 1205; x_wconf 82' lang='grc' dir='ltr'>συντετριμμένην</span> <span class='ocrx_word' id='word_1_344' title='bbox 3050 1135 3150 1206; x_wconf 89' lang='grc' dir='ltr'><strong>οὐχ</strong></span> <span class='ocrx_word' id='word_1_345' title='bbox 3164 1135 3481 1205; x_wconf 81' lang='grc' dir='ltr'>ὐποϐἐϐηκε</span> <span class='ocrx_word' id='word_1_346' title='bbox 3508 1137 3758 1206; x_wconf 77' lang='grc' dir='ltr'>καρδίαν,</span> 
     </span>
    </p>
   </div>
   <div class='ocr_carea' id='block_1_54' title="bbox 2167 1226 3761 1300">
    <p class='ocr_par' dir='ltr' id='par_1_54' title="bbox 2167 1226 3761 1300">
     <span class='ocr_line' id='line_1_54' title="bbox 2167 1226 3761 1300; baseline 0.003 -21"><span class='ocrx_word' id='word_1_347' title='bbox 2167 1227 2201 1297; x_wconf 89' lang='grc' dir='ltr'><strong>ή</strong></span> <span class='ocrx_word' id='word_1_348' title='bbox 2235 1226 2302 1280; x_wconf 89' lang='grc' dir='ltr'><strong>τά</strong></span> <span class='ocrx_word' id='word_1_349' title='bbox 2333 1226 2559 1281; x_wconf 83' lang='grc' dir='ltr'>τοιαῦτα</span> <span class='ocrx_word' id='word_1_350' title='bbox 2588 1229 2838 1298; x_wconf 80' lang='grc' dir='ltr'>νοήματα</span> <span class='ocrx_word' id='word_1_351' title='bbox 2869 1226 3284 1300; x_wconf 88' lang='grc' dir='ltr'>προϐαλλομένη</span> <span class='ocrx_word' id='word_1_352' title='bbox 3318 1227 3506 1300; x_wconf 75' lang='grc' dir='ltr'>ψυχή;</span> <span class='ocrx_word' id='word_1_353' title='bbox 3544 1231 3670 1293; x_wconf 78' lang='grc' dir='ltr'>Πῷς</span> <span class='ocrx_word' id='word_1_354' title='bbox 3708 1231 3761 1284; x_wconf 83' lang='grc' dir='ltr'><strong>δέ</strong></span> 
     </span>
    </p>
   </div>
   <div class='ocr_carea' id='block_1_55' title="bbox 2169 1316 3760 1393">
    <p class='ocr_par' dir='ltr' id='par_1_55' title="bbox 2169 1316 3760 1393">
     <span class='ocr_line' id='line_1_55' title="bbox 2169 1316 3760 1393; baseline 0.002 -21"><span class='ocrx_word' id='word_1_355' title='bbox 2169 1320 2270 1373; x_wconf 88' lang='grc' dir='ltr'><strong>οὐκ</strong></span> <span class='ocrx_word' id='word_1_356' title='bbox 2296 1320 2361 1374; x_wconf 85' lang='grc' dir='ltr'>ἂν</span> <span class='ocrx_word' id='word_1_357' title='bbox 2390 1320 2418 1372; x_wconf 90' lang='grc' dir='ltr'><strong>ό</strong></span> <span class='ocrx_word' id='word_1_358' title='bbox 2449 1316 2750 1389; x_wconf 82' lang='grc' dir='ltr'>φιλάγαθος</span> <span class='ocrx_word' id='word_1_359' title='bbox 2780 1320 2922 1392; x_wconf 80' lang='grc' dir='ltr'>ὑπὲρ</span> <span class='ocrx_word' id='word_1_360' title='bbox 2954 1320 3184 1375; x_wconf 82' lang='grc' dir='ltr'>εὐωδίαν</span> <span class='ocrx_word' id='word_1_361' title='bbox 3219 1321 3439 1376; x_wconf 77' lang='grc' dir='ltr'>ἅπασαν</span> <span class='ocrx_word' id='word_1_362' title='bbox 3472 1323 3571 1375; x_wconf 71' lang='grc' dir='ltr'>καὶ</span> <span class='ocrx_word' id='word_1_363' title='bbox 3594 1339 3760 1393; x_wconf 83' lang='grc' dir='ltr'>προσ-</span> 
     </span>
    </p>
   </div>
   <div class='ocr_carea' id='block_1_56' title="bbox 2168 1410 3760 1484">
    <p class='ocr_par' dir='ltr' id='par_1_56' title="bbox 2168 1410 3760 1484">
     <span class='ocr_line' id='line_1_56' title="bbox 2168 1410 3760 1484; baseline 0.001 -21"><span class='ocrx_word' id='word_1_364' title='bbox 2168 1410 2363 1480; x_wconf 78' lang='grc' dir='ltr'>φορὰν,</span> <span class='ocrx_word' id='word_1_365' title='bbox 2399 1410 2497 1481; x_wconf 77' lang='grc' dir='ltr'>τὴν</span> <span class='ocrx_word' id='word_1_366' title='bbox 2529 1410 2788 1482; x_wconf 83' lang='grc' dir='ltr'>τοιαύτην</span> <span class='ocrx_word' id='word_1_367' title='bbox 2829 1412 3059 1482; x_wconf 84' lang='grc' dir='ltr'>γνώμην</span> <span class='ocrx_word' id='word_1_368' title='bbox 3098 1413 3415 1484; x_wconf 77' lang='grc' dir='ltr'>προσήκατο</span> <span class='ocrx_word' id='word_1_369' title='bbox 3448 1428 3463 1477; x_wconf 93' lang='lat'><strong>;</strong></span> <span class='ocrx_word' id='word_1_370' title='bbox 3507 1411 3640 1476; x_wconf 79' lang='grc' dir='ltr'>Πῶς</span> <span class='ocrx_word' id='word_1_371' title='bbox 3670 1412 3760 1483; x_wconf 81' lang='grc' dir='ltr'><strong>οὐχ</strong></span> 
     </span>
    </p>
   </div>
   <div class='ocr_carea' id='block_1_57' title="bbox 2170 1503 3764 1578">
    <p class='ocr_par' dir='ltr' id='par_1_57' title="bbox 2170 1503 3764 1578">
     <span class='ocr_line' id='line_1_57' title="bbox 2170 1503 3764 1578; baseline 0 -21"><span class='ocrx_word' id='word_1_372' title='bbox 2170 1503 2311 1575; x_wconf 80' lang='grc' dir='ltr'>ὑπὲρ</span> <span class='ocrx_word' id='word_1_373' title='bbox 2339 1503 2809 1574; x_wconf 85' lang='grc' dir='ltr'>ὡλοκαυτωμένην</span> <span class='ocrx_word' id='word_1_374' title='bbox 2849 1504 3042 1559; x_wconf 80' lang='grc' dir='ltr'>θυσίαν</span> <span class='ocrx_word' id='word_1_375' title='bbox 3080 1506 3147 1575; x_wconf 81' lang='grc' dir='ltr'>τῇ</span> <span class='ocrx_word' id='word_1_376' title='bbox 3180 1503 3405 1578; x_wconf 83' lang='grc' dir='ltr'>τοιαύτῃ</span> <span class='ocrx_word' id='word_1_377' title='bbox 3433 1504 3764 1558; x_wconf 82' lang='grc' dir='ltr'>κατένευσεν</span> 
     </span>
    </p>
   </div>
   <div class='ocr_carea' id='block_1_58' title="bbox 2170 1596 3757 1671">
    <p class='ocr_par' dir='ltr' id='par_1_58' title="bbox 2170 1596 3757 1671">
     <span class='ocr_line' id='line_1_58' title="bbox 2170 1596 3757 1671; baseline 0.002 -20"><span class='ocrx_word' id='word_1_378' title='bbox 2170 1596 2238 1651; x_wconf 73' lang='grc' dir='ltr'>ἂν</span> <span class='ocrx_word' id='word_1_379' title='bbox 2262 1598 2467 1667; x_wconf 84' lang='grc' dir='ltr'>δεήσει,</span> <span class='ocrx_word' id='word_1_380' title='bbox 2492 1598 2522 1650; x_wconf 90' lang='grc' dir='ltr'><strong>ό</strong></span> <span class='ocrx_word' id='word_1_381' title='bbox 2552 1598 2697 1668; x_wconf 84' lang='grc' dir='ltr'>μάλα</span> <span class='ocrx_word' id='word_1_382' title='bbox 2724 1600 2844 1662; x_wconf 81' lang='grc' dir='ltr'>ταῖς</span> <span class='ocrx_word' id='word_1_383' title='bbox 2868 1597 3082 1669; x_wconf 83' lang='grc' dir='ltr'>ὁμοίαις</span> <span class='ocrx_word' id='word_1_384' title='bbox 3104 1599 3367 1671; x_wconf 81' lang='grc' dir='ltr'>ἡδόμενος</span> <span class='ocrx_word' id='word_1_385' title='bbox 3389 1598 3757 1671; x_wconf 72' lang='grc' dir='ltr'>όλοκληρίαιςς</span> 
     </span>
    </p>
   </div>
   <div class='ocr_carea' id='block_1_59' title="bbox 2171 1687 3597 1760">
    <p class='ocr_par' dir='ltr' id='par_1_59' title="bbox 2171 1687 3597 1760">
     <span class='ocr_line' id='line_1_59' title="bbox 2171 1687 3597 1760; baseline 0.001 -17"><span class='ocrx_word' id='word_1_386' title='bbox 2171 1689 2366 1743; x_wconf 83' lang='grc' dir='ltr'>Θυσία</span> <span class='ocrx_word' id='word_1_387' title='bbox 2398 1691 2506 1760; x_wconf 86' lang='grc' dir='ltr'>γὰρ</span> <span class='ocrx_word' id='word_1_388' title='bbox 2528 1688 2610 1755; x_wconf 84' lang='grc' dir='ltr'><strong>τῷ</strong></span> <span class='ocrx_word' id='word_1_389' title='bbox 2634 1687 2758 1755; x_wconf 85' lang='grc' dir='ltr'><strong>Θεῷ</strong></span> <span class='ocrx_word' id='word_1_390' title='bbox 2783 1690 3024 1760; x_wconf 79' lang='grc' dir='ltr'>πνεῦμα</span> <span class='ocrx_word' id='word_1_391' title='bbox 3047 1688 3597 1760; x_wconf 73' lang='grc' dir='ltr'>συντετριμμένον.</span> 
     </span>
    </p>
   </div>
   <div class='ocr_carea' id='block_1_60' title="bbox 2239 1783 3760 1854">
    <p class='ocr_par' dir='ltr' id='par_1_60' title="bbox 2239 1783 3760 1854">
     <span class='ocr_line' id='line_1_60' title="bbox 2239 1783 3760 1854; baseline 0.003 -17"><span class='ocrx_word' id='word_1_392' title='bbox 2239 1784 2480 1838; x_wconf 82' lang='grc' dir='ltr'>Τοιαῦτα</span> <span class='ocrx_word' id='word_1_393' title='bbox 2511 1783 2580 1837; x_wconf 81' lang='grc' dir='ltr'>τὰ</span> <span class='ocrx_word' id='word_1_394' title='bbox 2625 1784 2733 1839; x_wconf 86' lang='grc' dir='ltr'>τῶν</span> <span class='ocrx_word' id='word_1_395' title='bbox 2756 1784 2981 1838; x_wconf 84' lang='grc' dir='ltr'>δικαίων</span> <span class='ocrx_word' id='word_1_396' title='bbox 3020 1784 3477 1854; x_wconf 82' lang='grc' dir='ltr'>πλεονεκτήματα</span> <span class='ocrx_word' id='word_1_397' title='bbox 3536 1786 3638 1840; x_wconf 73' lang='grc' dir='ltr'><strong>καὶ</strong></span> <span class='ocrx_word' id='word_1_398' title='bbox 3682 1786 3760 1841; x_wconf 84' lang='grc' dir='ltr'>δι-</span> 
     </span>
    </p>
   </div>
   <div class='ocr_carea' id='block_1_61' title="bbox 2101 1853 3757 1949">
    <p class='ocr_par' dir='ltr' id='par_1_61' title="bbox 2101 1853 3757 1949">
     <span class='ocr_line' id='line_1_61' title="bbox 2101 1853 3757 1949; baseline -0.003 -16"><span class='ocrx_word' id='word_1_399' title='bbox 2101 1853 2142 1908; x_wconf 72' lang='lat' dir='ltr'>B</span> <span class='ocrx_word' id='word_1_400' title='bbox 2171 1876 2455 1947; x_wconf 87' lang='grc' dir='ltr'>ηγήματα·</span> <span class='ocrx_word' id='word_1_401' title='bbox 2485 1869 2632 1930; x_wconf 79' lang='grc' dir='ltr'>οῦτοι</span> <span class='ocrx_word' id='word_1_402' title='bbox 2662 1874 2774 1929; x_wconf 86' lang='grc' dir='ltr'><strong>τῶν</strong></span> <span class='ocrx_word' id='word_1_403' title='bbox 2806 1874 3021 1947; x_wconf 83' lang='grc' dir='ltr'>ἀρετῶν</span> <span class='ocrx_word' id='word_1_404' title='bbox 3052 1875 3233 1929; x_wconf 81' lang='grc' dir='ltr'>αὐτῶν</span> <span class='ocrx_word' id='word_1_405' title='bbox 3247 1853 3554 1947; x_wconf 13' lang='grc' dir='ltr'>οίίιραιδροὶ</span> <span class='ocrx_word' id='word_1_406' title='bbox 3585 1894 3757 1949; x_wconf 80' lang='grc' dir='ltr'>χαρα-</span> 
     </span>
    </p>
   </div>
   <div class='ocr_carea' id='block_1_62' title="bbox 2168 1968 3763 2041">
    <p class='ocr_par' dir='ltr' id='par_1_62' title="bbox 2168 1968 3763 2041">
     <span class='ocr_line' id='line_1_62' title="bbox 2168 1968 3763 2041; baseline -0.001 -17"><span class='ocrx_word' id='word_1_407' title='bbox 2168 1970 2391 2041; x_wconf 86' lang='grc' dir='ltr'>κτῆρες,</span> <span class='ocrx_word' id='word_1_408' title='bbox 2424 1969 2522 2040; x_wconf 78' lang='grc' dir='ltr'>τὴν</span> <span class='ocrx_word' id='word_1_409' title='bbox 2550 1970 2747 2040; x_wconf 79' lang='grc' dir='ltr'>εὐγενῆ</span> <span class='ocrx_word' id='word_1_410' title='bbox 2770 1970 2871 2035; x_wconf 83' lang='grc' dir='ltr'><strong>τῆς</strong></span> <span class='ocrx_word' id='word_1_411' title='bbox 2897 1968 3078 2041; x_wconf 71' lang='grc' dir='ltr'>ψυχῆς</span> <span class='ocrx_word' id='word_1_412' title='bbox 3110 1969 3203 2023; x_wconf 69' lang='grc' dir='ltr'>καὶ</span> <span class='ocrx_word' id='word_1_413' title='bbox 3226 1969 3634 2041; x_wconf 80' lang='grc' dir='ltr'>λαμπροτέραν</span> <span class='ocrx_word' id='word_1_414' title='bbox 3663 1970 3763 2023; x_wconf 82' lang='grc' dir='ltr'>τῶν</span> 
     </span>
    </p>
   </div>
   <div class='ocr_carea' id='block_1_63' title="bbox 2169 2055 3764 2130">
    <p class='ocr_par' dir='ltr' id='par_1_63' title="bbox 2169 2055 3764 2130">
     <span class='ocr_line' id='line_1_63' title="bbox 2169 2055 3764 2130; baseline -0.002 -19"><span class='ocrx_word' id='word_1_415' title='bbox 2169 2058 2558 2130; x_wconf 82' lang='grc' dir='ltr'>προφανέντων</span> <span class='ocrx_word' id='word_1_416' title='bbox 2614 2056 3045 2128; x_wconf 76' lang='grc' dir='ltr'>ἐναπήστραψαν</span> <span class='ocrx_word' id='word_1_417' title='bbox 3075 2055 3411 2129; x_wconf 83' lang='grc' dir='ltr'>ὡραιότητα.</span> <span class='ocrx_word' id='word_1_418' title='bbox 3465 2056 3621 2109; x_wconf 86' lang='grc' dir='ltr'>Ἔδει</span> <span class='ocrx_word' id='word_1_419' title='bbox 3661 2056 3764 2126; x_wconf 80' lang='grc' dir='ltr'><strong>γὰρ</strong></span> 
     </span>
    </p>
   </div>
   <div class='ocr_carea' id='block_1_64' title="bbox 2168 2149 3763 2222">
    <p class='ocr_par' dir='ltr' id='par_1_64' title="bbox 2168 2149 3763 2222">
     <span class='ocr_line' id='line_1_64' title="bbox 2168 2149 3763 2222; baseline -0.001 -19"><span class='ocrx_word' id='word_1_420' title='bbox 2168 2149 2228 2215; x_wconf 82' lang='grc' dir='ltr'>ἐξ</span> <span class='ocrx_word' id='word_1_421' title='bbox 2257 2149 2638 2222; x_wconf 75' lang='grc' dir='ltr'>ὑπερεχούσης</span> <span class='ocrx_word' id='word_1_422' title='bbox 2669 2149 2902 2220; x_wconf 75' lang='grc' dir='ltr'>ἐκλογῆς</span> <span class='ocrx_word' id='word_1_423' title='bbox 2924 2189 2941 2217; x_wconf 86' lang='grc'><strong>,</strong></span> <span class='ocrx_word' id='word_1_424' title='bbox 2983 2149 3083 2222; x_wconf 81' lang='grc' dir='ltr'>τὴν</span> <span class='ocrx_word' id='word_1_425' title='bbox 3115 2150 3452 2222; x_wconf 81' lang='grc' dir='ltr'>ἀσύγκριτον</span> <span class='ocrx_word' id='word_1_426' title='bbox 3481 2149 3546 2203; x_wconf 82' lang='grc' dir='ltr'><strong>ἐν</strong></span> <span class='ocrx_word' id='word_1_427' title='bbox 3572 2166 3763 2220; x_wconf 85' lang='grc' dir='ltr'>γεννη-</span> 
     </span>
    </p>
   </div>
   <div class='ocr_carea' id='block_1_65' title="bbox 2167 2240 3764 2314">
    <p class='ocr_par' dir='ltr' id='par_1_65' title="bbox 2167 2240 3764 2314">
     <span class='ocr_line' id='line_1_65' title="bbox 2167 2240 3764 2314; baseline -0.001 -17"><span class='ocrx_word' id='word_1_428' title='bbox 2167 2246 2281 2307; x_wconf 82' lang='grc' dir='ltr'>τοῖς</span> <span class='ocrx_word' id='word_1_429' title='bbox 2324 2242 2675 2314; x_wconf 84' lang='grc' dir='ltr'>παραχθῆναι</span> <span class='ocrx_word' id='word_1_430' title='bbox 2723 2242 2955 2314; x_wconf 88' lang='grc' dir='ltr'>δωρεάν·</span> <span class='ocrx_word' id='word_1_431' title='bbox 2990 2243 3097 2296; x_wconf 75' lang='grc' dir='ltr'>ἔδει</span> <span class='ocrx_word' id='word_1_432' title='bbox 3135 2240 3196 2308; x_wconf 83' lang='grc' dir='ltr'>ἐξ</span> <span class='ocrx_word' id='word_1_433' title='bbox 3224 2242 3477 2312; x_wconf 85' lang='grc' dir='ltr'>ἀφθόνων</span> <span class='ocrx_word' id='word_1_434' title='bbox 3528 2242 3764 2313; x_wconf 84' lang='grc' dir='ltr'>ἀρετῶν,</span> 
     </span>
    </p>
   </div>
   <div class='ocr_carea' id='block_1_66' title="bbox 2166 2334 3766 2409">
    <p class='ocr_par' dir='ltr' id='par_1_66' title="bbox 2166 2334 3766 2409">
     <span class='ocr_line' id='line_1_66' title="bbox 2166 2334 3766 2409; baseline -0.003 -17"><span class='ocrx_word' id='word_1_435' title='bbox 2166 2337 2260 2392; x_wconf 81' lang='grc' dir='ltr'>τὸν</span> <span class='ocrx_word' id='word_1_436' title='bbox 2310 2337 2612 2409; x_wconf 83' lang='grc' dir='ltr'>ὐπεράγιον</span> <span class='ocrx_word' id='word_1_437' title='bbox 2659 2335 2957 2408; x_wconf 86' lang='grc' dir='ltr'>ἐπιϐρύσαι</span> <span class='ocrx_word' id='word_1_438' title='bbox 3008 2335 3272 2390; x_wconf 58' lang='grc' dir='ltr'>πλοῦτον</span> <span class='ocrx_word' id='word_1_439' title='bbox 3331 2335 3443 2389; x_wconf 72' lang='grc' dir='ltr'>ἔδει</span> <span class='ocrx_word' id='word_1_440' title='bbox 3499 2334 3766 2389; x_wconf 81' lang='grc' dir='ltr'>τοιούτων</span> 
     </span>
    </p>
   </div>
   <div class='ocr_carea' id='block_1_67' title="bbox 2168 2426 3765 2502">
    <p class='ocr_par' dir='ltr' id='par_1_67' title="bbox 2168 2426 3765 2502">
     <span class='ocr_line' id='line_1_67' title="bbox 2168 2426 3765 2502; baseline -0.006 -15"><span class='ocrx_word' id='word_1_441' title='bbox 2168 2432 2366 2498; x_wconf 87' lang='grc' dir='ltr'>πόνων,</span> <span class='ocrx_word' id='word_1_442' title='bbox 2393 2429 2635 2485; x_wconf 83' lang='grc' dir='ltr'>τοιοῦτον</span> <span class='ocrx_word' id='word_1_443' title='bbox 2660 2430 3098 2502; x_wconf 86' lang='grc' dir='ltr'>συγκομισθῆναι</span> <span class='ocrx_word' id='word_1_444' title='bbox 3128 2429 3221 2483; x_wconf 78' lang='grc' dir='ltr'>τὸν</span> <span class='ocrx_word' id='word_1_445' title='bbox 3246 2428 3482 2500; x_wconf 86' lang='grc' dir='ltr'>καρπόν·</span> <span class='ocrx_word' id='word_1_446' title='bbox 3516 2428 3589 2480; x_wconf 79' lang='grc' dir='ltr'><strong>ἐκ</strong></span> <span class='ocrx_word' id='word_1_447' title='bbox 3615 2426 3765 2500; x_wconf 79' lang='grc' dir='ltr'>ῥίζης</span> 
     </span>
    </p>
   </div>
   <div class='ocr_carea' id='block_1_68' title="bbox 2166 2518 3765 2594">
    <p class='ocr_par' dir='ltr' id='par_1_68' title="bbox 2166 2518 3765 2594">
     <span class='ocr_line' id='line_1_68' title="bbox 2166 2518 3765 2594; baseline -0.004 -16"><span class='ocrx_word' id='word_1_448' title='bbox 2166 2522 2442 2594; x_wconf 78' lang='grc' dir='ltr'>εὐγενοῦς,</span> <span class='ocrx_word' id='word_1_449' title='bbox 2474 2524 2862 2592; x_wconf 81' lang='grc' dir='ltr'>εὐγενέστατον</span> <span class='ocrx_word' id='word_1_450' title='bbox 2881 2523 3151 2593; x_wconf 83' lang='grc' dir='ltr'>ἐκφυῆναι</span> <span class='ocrx_word' id='word_1_451' title='bbox 3176 2520 3427 2593; x_wconf 70' lang='grc' dir='ltr'>βλαστόν*</span> <span class='ocrx_word' id='word_1_452' title='bbox 3464 2518 3528 2585; x_wconf 78' lang='grc' dir='ltr'>ἐξ</span> <span class='ocrx_word' id='word_1_453' title='bbox 3558 2518 3765 2591; x_wconf 79' lang='grc' dir='ltr'>ἀγαθῆς</span> 
     </span>
    </p>
   </div>
   <div class='ocr_carea' id='block_1_69' title="bbox 2164 2610 3766 2687">
    <p class='ocr_par' dir='ltr' id='par_1_69' title="bbox 2164 2610 3766 2687">
     <span class='ocr_line' id='line_1_69' title="bbox 2164 2610 3766 2687; baseline -0.005 -15"><span class='ocrx_word' id='word_1_454' title='bbox 2164 2617 2387 2687; x_wconf 81' lang='grc' dir='ltr'>ὀσφύος,</span> <span class='ocrx_word' id='word_1_455' title='bbox 2424 2615 2777 2687; x_wconf 81' lang='grc' dir='ltr'>ἀγαθώτατον</span> <span class='ocrx_word' id='word_1_456' title='bbox 2801 2616 3131 2687; x_wconf 86' lang='grc' dir='ltr'>ἀναδοθῆναι</span> <span class='ocrx_word' id='word_1_457' title='bbox 3169 2615 3378 2684; x_wconf 84' lang='grc' dir='ltr'>κλῆμα,</span> <span class='ocrx_word' id='word_1_458' title='bbox 3415 2612 3477 2666; x_wconf 78' lang='grc' dir='ltr'><strong>τὸ</strong></span> <span class='ocrx_word' id='word_1_459' title='bbox 3512 2610 3766 2674; x_wconf 83' lang='grc' dir='ltr'>ἀειθαλὲς</span> 
     </span>
    </p>
   </div>
   <div class='ocr_carea' id='block_1_70' title="bbox 2163 2702 3765 2781">
    <p class='ocr_par' dir='ltr' id='par_1_70' title="bbox 2163 2702 3765 2781">
     <span class='ocr_line' id='line_1_70' title="bbox 2163 2702 3765 2781; baseline -0.004 -17"><span class='ocrx_word' id='word_1_460' title='bbox 2163 2709 2262 2763; x_wconf 91' lang='grc' dir='ltr'><strong>τοῦ</strong></span> <span class='ocrx_word' id='word_1_461' title='bbox 2291 2710 2478 2779; x_wconf 85' lang='grc' dir='ltr'>γένους</span> <span class='ocrx_word' id='word_1_462' title='bbox 2513 2709 2945 2781; x_wconf 88' lang='grc' dir='ltr'>ἐγκαλλώπισμα</span> <span class='ocrx_word' id='word_1_463' title='bbox 2966 2725 2980 2740; x_wconf 93' lang='grc'><strong>·</strong></span> <span class='ocrx_word' id='word_1_464' title='bbox 3021 2707 3084 2762; x_wconf 77' lang='grc' dir='ltr'>τὸ</span> <span class='ocrx_word' id='word_1_465' title='bbox 3115 2707 3215 2778; x_wconf 88' lang='grc' dir='ltr'><strong>τῆς</strong></span> <span class='ocrx_word' id='word_1_466' title='bbox 3245 2706 3463 2776; x_wconf 82' lang='grc' dir='ltr'>φύσεως</span> <span class='ocrx_word' id='word_1_467' title='bbox 3497 2702 3765 2776; x_wconf 80' lang='grc' dir='ltr'>ὡραιόταο</span> 
     </span>
    </p>
   </div>
   <div class='ocr_carea' id='block_1_71' title="bbox 2166 2797 3761 2873">
    <p class='ocr_par' dir='ltr' id='par_1_71' title="bbox 2166 2797 3761 2873">
     <span class='ocr_line' id='line_1_71' title="bbox 2166 2797 3761 2873; baseline -0.005 -15"><span class='ocrx_word' id='word_1_468' title='bbox 2166 2820 2257 2858; x_wconf 89' lang='grc' dir='ltr'><strong>τον</strong></span> <span class='ocrx_word' id='word_1_469' title='bbox 2292 2802 2597 2873; x_wconf 84' lang='grc' dir='ltr'>βλάστημα·</span> <span class='ocrx_word' id='word_1_470' title='bbox 2625 2802 2685 2856; x_wconf 79' lang='grc' dir='ltr'>τὸ</span> <span class='ocrx_word' id='word_1_471' title='bbox 2715 2802 2968 2873; x_wconf 69' lang='grc' dir='ltr'>ὑψιγενές</span> <span class='ocrx_word' id='word_1_472' title='bbox 3004 2800 3102 2855; x_wconf 91' lang='grc' dir='ltr'><strong>τοῦ</strong></span> <span class='ocrx_word' id='word_1_473' title='bbox 3138 2799 3446 2871; x_wconf 85' lang='grc' dir='ltr'>μυστηρίου</span> <span class='ocrx_word' id='word_1_474' title='bbox 3476 2797 3761 2866; x_wconf 85' lang='grc' dir='ltr'>στέλεχος,</span> 
     </span>
    </p>
   </div>
   <div class='ocr_carea' id='block_1_72' title="bbox 2164 2888 3765 2968">
    <p class='ocr_par' dir='ltr' id='par_1_72' title="bbox 2164 2888 3765 2968">
     <span class='ocr_line' id='line_1_72' title="bbox 2164 2888 3765 2968; baseline -0.007 -16"><span class='ocrx_word' id='word_1_475' title='bbox 2164 2896 2228 2962; x_wconf 74' lang='grc' dir='ltr'>ἐξ</span> <span class='ocrx_word' id='word_1_476' title='bbox 2256 2889 2318 2951; x_wconf 74' lang='grc' dir='ltr'><strong>οὐ</strong></span> <span class='ocrx_word' id='word_1_477' title='bbox 2348 2888 2537 2968; x_wconf 48' lang='lat' dir='ltr'><strong>aha;</strong></span> <span class='ocrx_word' id='word_1_478' title='bbox 2564 2895 2862 2959; x_wconf 83' lang='grc' dir='ltr'>ἀθανασίας</span> <span class='ocrx_word' id='word_1_479' title='bbox 2893 2893 3209 2964; x_wconf 77' lang='grc' dir='ltr'>ἀναδραμὸν</span> <span class='ocrx_word' id='word_1_480' title='bbox 3240 2891 3434 2958; x_wconf 72' lang='grc' dir='ltr'>ἄνθος,</span> <span class='ocrx_word' id='word_1_481' title='bbox 3466 2891 3573 2960; x_wconf 77' lang='grc' dir='ltr'>τὴν</span> <span class='ocrx_word' id='word_1_482' title='bbox 3600 2890 3765 2943; x_wconf 74' lang='grc' dir='ltr'>ἀΐδιον</span> 
     </span>
    </p>
   </div>
   <div class='ocr_carea' id='block_1_73' title="bbox 2164 2979 3762 3057">
    <p class='ocr_par' dir='ltr' id='par_1_73' title="bbox 2164 2979 3762 3057">
     <span class='ocr_line' id='line_1_73' title="bbox 2164 2979 3762 3057; baseline -0.008 -13"><span class='ocrx_word' id='word_1_483' title='bbox 2164 2988 2480 3044; x_wconf 86' lang='grc' dir='ltr'>διέπνευσεν</span> <span class='ocrx_word' id='word_1_484' title='bbox 2508 2987 2758 3041; x_wconf 84' lang='grc' dir='ltr'>εὐωδίαν·</span> <span class='ocrx_word' id='word_1_485' title='bbox 2778 2980 2840 3040; x_wconf 78' lang='grc' dir='ltr'><strong>οῦ</strong></span> <span class='ocrx_word' id='word_1_486' title='bbox 2861 2989 2889 3040; x_wconf 81' lang='grc' dir='ltr'><strong>δ</strong></span> <span class='ocrx_word' id='word_1_487' title='bbox 2911 2984 3143 3057; x_wconf 79' lang='grc' dir='ltr'>καρπὸς,</span> <span class='ocrx_word' id='word_1_488' title='bbox 3174 2983 3288 3055; x_wconf 78' lang='grc' dir='ltr'><strong>ζωὴ</strong></span> <span class='ocrx_word' id='word_1_489' title='bbox 3318 2983 3416 3037; x_wconf 74' lang='grc' dir='ltr'><strong>καὶ</strong></span> <span class='ocrx_word' id='word_1_490' title='bbox 3444 2979 3729 3053; x_wconf 81' lang='grc' dir='ltr'>ἀφθαρσία</span> <span class='ocrx_word' id='word_1_491' title='bbox 3748 3020 3762 3045; x_wconf 91' lang='grc'><strong>,</strong></span> 
     </span>
    </p>
   </div>
   <div class='ocr_carea' id='block_1_74' title="bbox 2166 3075 3693 3153">
    <p class='ocr_par' dir='ltr' id='par_1_74' title="bbox 2166 3075 3693 3153">
     <span class='ocr_line' id='line_1_74' title="bbox 2166 3075 3693 3153; baseline -0.006 -18"><span class='ocrx_word' id='word_1_492' title='bbox 2166 3083 2264 3136; x_wconf 78' lang='grc' dir='ltr'>καὶ</span> <span class='ocrx_word' id='word_1_493' title='bbox 2293 3080 2525 3153; x_wconf 77' lang='grc' dir='ltr'>διαμονή</span> <span class='ocrx_word' id='word_1_494' title='bbox 2546 3083 2662 3145; x_wconf 81' lang='grc' dir='ltr'>τοῖς</span> <span class='ocrx_word' id='word_1_495' title='bbox 2694 3079 2984 3151; x_wconf 84' lang='grc' dir='ltr'>μετέχουσι</span> <span class='ocrx_word' id='word_1_496' title='bbox 3014 3078 3181 3133; x_wconf 79' lang='grc' dir='ltr'>πᾶσιν</span> <span class='ocrx_word' id='word_1_497' title='bbox 3215 3075 3524 3145; x_wconf 82' lang='grc' dir='ltr'>ἐγγίνεται.</span> <span class='ocrx_word' id='word_1_498' title='bbox 3670 3078 3693 3089; x_wconf 71' lang='grc'><em>’</em></span> 
     </span>
    </p>
   </div>
   <div class='ocr_carea' id='block_1_75' title="bbox 2244 3257 3764 3333">
    <p class='ocr_par' dir='ltr' id='par_1_75' title="bbox 2244 3257 3764 3333">
     <span class='ocr_line' id='line_1_75' title="bbox 2244 3257 3764 3333; baseline -0.01 -9"><span class='ocrx_word' id='word_1_499' title='bbox 2244 3269 2525 3333; x_wconf 86' lang='grc' dir='ltr'>Τοιούτοις</span> <span class='ocrx_word' id='word_1_500' title='bbox 2568 3267 2627 3321; x_wconf 82' lang='grc' dir='ltr'>δὲ</span> <span class='ocrx_word' id='word_1_501' title='bbox 2664 3267 2850 3330; x_wconf 82' lang='grc' dir='ltr'>πόνοις</span> <span class='ocrx_word' id='word_1_502' title='bbox 2878 3264 2975 3320; x_wconf 72' lang='grc' dir='ltr'><strong>καὶ</strong></span> <span class='ocrx_word' id='word_1_503' title='bbox 2999 3262 3185 3333; x_wconf 85' lang='grc' dir='ltr'>λόγοις</span> <span class='ocrx_word' id='word_1_504' title='bbox 3213 3263 3245 3333; x_wconf 93' lang='grc' dir='ltr'><strong>ή</strong></span> <span class='ocrx_word' id='word_1_505' title='bbox 3272 3260 3381 3315; x_wconf 82' lang='grc' dir='ltr'><strong>τῶν</strong></span> <span class='ocrx_word' id='word_1_506' title='bbox 3410 3257 3646 3313; x_wconf 85' lang='grc' dir='ltr'>δικαίων</span> <span class='ocrx_word' id='word_1_507' title='bbox 3674 3257 3764 3311; x_wconf 83' lang='grc' dir='ltr'>ἀν-</span> 
     </span>
    </p>
   </div>
   <div class='ocr_carea' id='block_1_76' title="bbox 2170 3348 3764 3435">
    <p class='ocr_par' dir='ltr' id='par_1_76' title="bbox 2170 3348 3764 3435">
     <span class='ocr_line' id='line_1_76' title="bbox 2170 3348 3764 3435; baseline -0.009 -20"><span class='ocrx_word' id='word_1_508' title='bbox 2170 3360 2447 3433; x_wconf 87' lang='grc' dir='ltr'>ηνεγμένη</span> <span class='ocrx_word' id='word_1_509' title='bbox 2480 3358 2686 3430; x_wconf 85' lang='grc' dir='ltr'>δέησις,</span> <span class='ocrx_word' id='word_1_510' title='bbox 2720 3354 3090 3435; x_wconf 81' lang='grc' dir='ltr'>χρηματισμῷ</span> <span class='ocrx_word' id='word_1_511' title='bbox 3118 3355 3181 3407; x_wconf 83' lang='grc' dir='ltr'>τὸ</span> <span class='ocrx_word' id='word_1_512' title='bbox 3200 3353 3377 3423; x_wconf 85' lang='grc' dir='ltr'>πέρας</span> <span class='ocrx_word' id='word_1_513' title='bbox 3401 3351 3538 3420; x_wconf 85' lang='grc' dir='ltr'>παρ’</span> <span class='ocrx_word' id='word_1_514' title='bbox 3577 3348 3764 3404; x_wconf 78' lang='grc' dir='ltr'>ἑκατέ-</span> 
     </span>
    </p>
   </div>
   <div class='ocr_carea' id='block_1_77' title="bbox 2172 3441 3765 3527">
    <p class='ocr_par' dir='ltr' id='par_1_77' title="bbox 2172 3441 3765 3527">
     <span class='ocr_line' id='line_1_77' title="bbox 2172 3441 3765 3527; baseline -0.009 -20"><span class='ocrx_word' id='word_1_515' title='bbox 2172 3470 2287 3527; x_wconf 91' lang='grc' dir='ltr'>ροις</span> <span class='ocrx_word' id='word_1_516' title='bbox 2318 3450 2606 3524; x_wconf 84' lang='grc' dir='ltr'>λαμϐάνει.</span> <span class='ocrx_word' id='word_1_517' title='bbox 2637 3448 2897 3519; x_wconf 81' lang='grc' dir='ltr'>Ἀγγελοι</span> <span class='ocrx_word' id='word_1_518' title='bbox 2928 3448 3038 3520; x_wconf 85' lang='grc' dir='ltr'>γὰρ</span> <span class='ocrx_word' id='word_1_519' title='bbox 3073 3445 3457 3516; x_wconf 72' lang='grc' dir='ltr'>ἐπιφανέντες</span> <span class='ocrx_word' id='word_1_520' title='bbox 3498 3442 3564 3496; x_wconf 88' lang='grc' dir='ltr'><strong>τό</strong></span> <span class='ocrx_word' id='word_1_521' title='bbox 3604 3458 3663 3495; x_wconf 87' lang='grc' dir='ltr'><strong>τε</strong></span> <span class='ocrx_word' id='word_1_522' title='bbox 3691 3441 3765 3503; x_wconf 87' lang='grc' dir='ltr'><strong>είς</strong></span> 
     </span>
    </p>
   </div>
   <div class='ocr_carea' id='block_1_78' title="bbox 2169 3532 3764 3617">
    <p class='ocr_par' dir='ltr' id='par_1_78' title="bbox 2169 3532 3764 3617">
     <span class='ocr_line' id='line_1_78' title="bbox 2169 3532 3764 3617; baseline -0.011 -17"><span class='ocrx_word' id='word_1_523' title='bbox 2169 3548 2405 3617; x_wconf 87' lang='grc' dir='ltr'>ἐπήκοον</span> <span class='ocrx_word' id='word_1_524' title='bbox 2435 3543 2756 3612; x_wconf 79' lang='grc' dir='ltr'>ἀνυσθῆναι,</span> <span class='ocrx_word' id='word_1_525' title='bbox 2788 3540 2997 3595; x_wconf 77' lang='grc' dir='ltr'>καὶτὸν</span> <span class='ocrx_word' id='word_1_526' title='bbox 3027 3538 3159 3610; x_wconf 88' lang='grc' dir='ltr'>παρ’</span> <span class='ocrx_word' id='word_1_527' title='bbox 3187 3536 3378 3590; x_wconf 87' lang='grc' dir='ltr'>ἐλπίδα</span> <span class='ocrx_word' id='word_1_528' title='bbox 3404 3536 3573 3588; x_wconf 81' lang='grc' dir='ltr'>τόκον</span> <span class='ocrx_word' id='word_1_529' title='bbox 3602 3532 3764 3601; x_wconf 80' lang='grc' dir='ltr'>ἐκϐή-</span> 
     </span>
    </p>
   </div>
   <div class='ocr_carea' id='block_1_79' title="bbox 2170 3627 3765 3708">
    <p class='ocr_par' dir='ltr' id='par_1_79' title="bbox 2170 3627 3765 3708">
     <span class='ocr_line' id='line_1_79' title="bbox 2170 3627 3765 3708; baseline -0.01 -14"><span class='ocrx_word' id='word_1_530' title='bbox 2170 3643 2363 3694; x_wconf 90' lang='grc' dir='ltr'>σεσθαι</span> <span class='ocrx_word' id='word_1_531' title='bbox 2393 3636 2760 3708; x_wconf 86' lang='grc' dir='ltr'>κατεμήνυον.</span> <span class='ocrx_word' id='word_1_532' title='bbox 2786 3633 3067 3703; x_wconf 85' lang='grc' dir='ltr'>Ἀγγελοι,</span> <span class='ocrx_word' id='word_1_533' title='bbox 3100 3631 3197 3703; x_wconf 89' lang='grc' dir='ltr'><strong>τῆς</strong></span> <span class='ocrx_word' id='word_1_534' title='bbox 3227 3629 3338 3685; x_wconf 82' lang='grc' dir='ltr'><strong>τῶν</strong></span> <span class='ocrx_word' id='word_1_535' title='bbox 3389 3627 3648 3698; x_wconf 85' lang='grc' dir='ltr'>ἀγγέλων</span> <span class='ocrx_word' id='word_1_536' title='bbox 3690 3643 3765 3680; x_wconf 80' lang='grc' dir='ltr'><strong>τιο</strong></span> 
     </span>
    </p>
   </div>
   <div class='ocr_carea' id='block_1_80' title="bbox 2173 3717 3764 3802">
    <p class='ocr_par' dir='ltr' id='par_1_80' title="bbox 2173 3717 3764 3802">
     <span class='ocr_line' id='line_1_80' title="bbox 2173 3717 3764 3802; baseline -0.01 -17"><span class='ocrx_word' id='word_1_537' title='bbox 2173 3730 2451 3802; x_wconf 86' lang='grc' dir='ltr'>μιωτέρας</span> <span class='ocrx_word' id='word_1_538' title='bbox 2489 3726 2933 3797; x_wconf 74' lang='grc' dir='ltr'>εὐαγγελίζονται</span> <span class='ocrx_word' id='word_1_539' title='bbox 2979 3727 3078 3796; x_wconf 81' lang='grc' dir='ltr'>τὴν</span> <span class='ocrx_word' id='word_1_540' title='bbox 3113 3724 3334 3794; x_wconf 77' lang='grc' dir='ltr'>κύησιψ</span> <span class='ocrx_word' id='word_1_541' title='bbox 3372 3721 3634 3790; x_wconf 71' lang='grc' dir='ltr'>ἄγγελοι,</span> <span class='ocrx_word' id='word_1_542' title='bbox 3673 3717 3764 3789; x_wconf 73' lang='grc' dir='ltr'><strong>τήν</strong></span> 
     </span>
    </p>
   </div>
   <div class='ocr_carea' id='block_1_81' title="bbox 2169 3811 3761 3894">
    <p class='ocr_par' dir='ltr' id='par_1_81' title="bbox 2169 3811 3761 3894">
     <span class='ocr_line' id='line_1_81' title="bbox 2169 3811 3761 3894; baseline -0.008 -17"><span class='ocrx_word' id='word_1_543' title='bbox 2169 3824 2271 3894; x_wconf 82' lang='grc' dir='ltr'><strong>τῆς</strong></span> <span class='ocrx_word' id='word_1_544' title='bbox 2291 3821 2633 3894; x_wconf 67' lang='grc' dir='ltr'>πειρὼσεως</span> <span class='ocrx_word' id='word_1_545' title='bbox 2663 3818 3122 3891; x_wconf 79' lang='grc' dir='ltr'>προαναφωνοῦσι</span> <span class='ocrx_word' id='word_1_546' title='bbox 3148 3815 3326 3880; x_wconf 88' lang='grc' dir='ltr'>λύσιν,</span> <span class='ocrx_word' id='word_1_547' title='bbox 3356 3814 3453 3867; x_wconf 78' lang='grc' dir='ltr'>καὶ</span> <span class='ocrx_word' id='word_1_548' title='bbox 3473 3813 3548 3867; x_wconf 86' lang='grc' dir='ltr'><strong>δι’</strong></span> <span class='ocrx_word' id='word_1_549' title='bbox 3579 3811 3761 3880; x_wconf 80' lang='grc' dir='ltr'>αὐτῆς,</span> 
     </span>
    </p>
   </div>
   <div class='ocr_carea' id='block_1_82' title="bbox 2170 3902 3765 3986">
    <p class='ocr_par' dir='ltr' id='par_1_82' title="bbox 2170 3902 3765 3986">
     <span class='ocr_line' id='line_1_82' title="bbox 2170 3902 3765 3986; baseline -0.009 -16"><span class='ocrx_word' id='word_1_550' title='bbox 2170 3916 2233 3970; x_wconf 80' lang='grc' dir='ltr'><strong>τὸ</strong></span> <span class='ocrx_word' id='word_1_551' title='bbox 2270 3914 2373 3986; x_wconf 87' lang='grc' dir='ltr'><strong>τῆς</strong></span> <span class='ocrx_word' id='word_1_552' title='bbox 2415 3915 2689 3985; x_wconf 79' lang='grc' dir='ltr'>ἁμαρτίας</span> <span class='ocrx_word' id='word_1_553' title='bbox 2733 3911 3061 3982; x_wconf 86' lang='grc' dir='ltr'>διακοπῆναι</span> <span class='ocrx_word' id='word_1_554' title='bbox 3111 3905 3559 3979; x_wconf 87' lang='grc' dir='ltr'>προαγορεύουσι</span> <span class='ocrx_word' id='word_1_555' title='bbox 3615 3902 3765 3975; x_wconf 78' lang='grc' dir='ltr'>μεσόο</span> 
     </span>
    </p>
   </div>
   <div class='ocr_carea' id='block_1_83' title="bbox 2170 3991 3763 4078">
    <p class='ocr_par' dir='ltr' id='par_1_83' title="bbox 2170 3991 3763 4078">
     <span class='ocr_line' id='line_1_83' title="bbox 2170 3991 3763 4078; baseline -0.009 -17"><span class='ocrx_word' id='word_1_556' title='bbox 2170 4024 2371 4078; x_wconf 87' lang='grc' dir='ltr'>τοιχον.</span> <span class='ocrx_word' id='word_1_557' title='bbox 2428 4007 2725 4075; x_wconf 75' lang='grc' dir='ltr'>Ἄγγελοι,</span> <span class='ocrx_word' id='word_1_558' title='bbox 2775 4003 2873 4073; x_wconf 81' lang='grc' dir='ltr'><strong>τήν</strong></span> <span class='ocrx_word' id='word_1_559' title='bbox 2914 4000 3046 4072; x_wconf 83' lang='grc' dir='ltr'>παρ’</span> <span class='ocrx_word' id='word_1_560' title='bbox 3088 3998 3283 4053; x_wconf 83' lang='grc' dir='ltr'>ἐλπίδα</span> <span class='ocrx_word' id='word_1_561' title='bbox 3335 3994 3630 4066; x_wconf 81' lang='grc' dir='ltr'>σύλληψιν,</span> <span class='ocrx_word' id='word_1_562' title='bbox 3672 3991 3763 4062; x_wconf 83' lang='grc' dir='ltr'><strong>τῆς</strong></span> 
     </span>
    </p>
   </div>
   <div class='ocr_carea' id='block_1_84' title="bbox 2173 4088 3759 4171">
    <p class='ocr_par' dir='ltr' id='par_1_84' title="bbox 2173 4088 3759 4171">
     <span class='ocr_line' id='line_1_84' title="bbox 2173 4088 3759 4171; baseline -0.011 -16"><span class='ocrx_word' id='word_1_563' title='bbox 2173 4100 2430 4171; x_wconf 85' lang='grc' dir='ltr'>ὑπερφυῆ</span> <span class='ocrx_word' id='word_1_564' title='bbox 2493 4099 2588 4152; x_wconf 82' lang='grc' dir='ltr'>καὶ</span> <span class='ocrx_word' id='word_1_565' title='bbox 2650 4097 2963 4170; x_wconf 74' lang='grc' dir='ltr'>ἀπόρρητον</span> <span class='ocrx_word' id='word_1_566' title='bbox 3014 4091 3500 4162; x_wconf 84' lang='grc' dir='ltr'>καινουργησάσης</span> <span class='ocrx_word' id='word_1_567' title='bbox 3552 4088 3759 4157; x_wconf 87' lang='grc' dir='ltr'>κύησιν,</span> 
     </span>
    </p>
   </div>
   <div class='ocr_carea' id='block_1_85' title="bbox 2174 4179 3760 4265">
    <p class='ocr_par' dir='ltr' id='par_1_85' title="bbox 2174 4179 3760 4265">
     <span class='ocr_line' id='line_1_85' title="bbox 2174 4179 3760 4265; baseline -0.012 -18"><span class='ocrx_word' id='word_1_568' title='bbox 2174 4192 2646 4265; x_wconf 80' lang='grc' dir='ltr'>προοιμιάζονται.</span> <span class='ocrx_word' id='word_1_569' title='bbox 2696 4187 2985 4257; x_wconf 72' lang='grc' dir='ltr'>Ἄγγελοι,</span> <span class='ocrx_word' id='word_1_570' title='bbox 3019 4185 3129 4239; x_wconf 85' lang='grc' dir='ltr'>τῶν</span> <span class='ocrx_word' id='word_1_571' title='bbox 3163 4183 3374 4238; x_wconf 82' lang='grc' dir='ltr'>ὠδίνων</span> <span class='ocrx_word' id='word_1_572' title='bbox 3403 4179 3760 4251; x_wconf 84' lang='grc' dir='ltr'>προτρέχουσι</span> 
     </span>
    </p>
   </div>
   <div class='ocr_carea' id='block_1_86' title="bbox 2171 4270 3759 4357">
    <p class='ocr_par' dir='ltr' id='par_1_86' title="bbox 2171 4270 3759 4357">
     <span class='ocr_line' id='line_1_86' title="bbox 2171 4270 3759 4357; baseline -0.012 -16"><span class='ocrx_word' id='word_1_573' title='bbox 2171 4286 2308 4357; x_wconf 88' lang='grc' dir='ltr'>τῆς,</span> <span class='ocrx_word' id='word_1_574' title='bbox 2343 4284 2411 4339; x_wconf 82' lang='grc' dir='ltr'>δι’</span> <span class='ocrx_word' id='word_1_575' title='bbox 2445 4278 2546 4355; x_wconf 77' lang='grc' dir='ltr'><strong>ἧς,</strong></span> <span class='ocrx_word' id='word_1_576' title='bbox 2586 4284 2643 4337; x_wconf 75' lang='lat' dir='ltr'><strong>at</strong></span> <span class='ocrx_word' id='word_1_577' title='bbox 2686 4281 2787 4346; x_wconf 86' lang='grc' dir='ltr'><strong>τῆς</strong></span> <span class='ocrx_word' id='word_1_578' title='bbox 2811 4279 3163 4350; x_wconf 86' lang='grc' dir='ltr'>προμήτορος</span> <span class='ocrx_word' id='word_1_579' title='bbox 3191 4273 3518 4345; x_wconf 85' lang='grc' dir='ltr'>ἐπαύθησαν</span> <span class='ocrx_word' id='word_1_580' title='bbox 3552 4270 3759 4335; x_wconf 84' lang='grc' dir='ltr'>ὀδύναι,</span> 
     </span>
    </p>
   </div>
   <div class='ocr_carea' id='block_1_87' title="bbox 2174 4362 3760 4449">
    <p class='ocr_par' dir='ltr' id='par_1_87' title="bbox 2174 4362 3760 4449">
     <span class='ocr_line' id='line_1_87' title="bbox 2174 4362 3760 4449; baseline -0.012 -17"><span class='ocrx_word' id='word_1_581' title='bbox 2174 4377 2327 4449; x_wconf 82' lang='grc' dir='ltr'><strong>παρά</strong></span> <span class='ocrx_word' id='word_1_582' title='bbox 2357 4374 2687 4445; x_wconf 69' lang='grc' dir='ltr'>προσδοκίαν</span> <span class='ocrx_word' id='word_1_583' title='bbox 2716 4375 2751 4444; x_wconf 85' lang='grc' dir='ltr'><strong>ή</strong></span> <span class='ocrx_word' id='word_1_584' title='bbox 2797 4371 3021 4444; x_wconf 80' lang='grc' dir='ltr'>πρόοδος</span> <span class='ocrx_word' id='word_1_585' title='bbox 3044 4410 3059 4436; x_wconf 93' lang='grc'><strong>,</strong></span> <span class='ocrx_word' id='word_1_586' title='bbox 3090 4364 3159 4440; x_wconf 87' lang='grc' dir='ltr'>ἦς</span> <span class='ocrx_word' id='word_1_587' title='bbox 3190 4364 3502 4440; x_wconf 82' lang='grc' dir='ltr'>παράδοξος</span> <span class='ocrx_word' id='word_1_588' title='bbox 3540 4366 3575 4436; x_wconf 88' lang='grc' dir='ltr'><strong>ή</strong></span> <span class='ocrx_word' id='word_1_589' title='bbox 3606 4362 3760 4433; x_wconf 88' lang='grc' dir='ltr'>γένη-</span> 
     </span>
    </p>
   </div>
   <div class='ocr_carea' id='block_1_88' title="bbox 478 4457 2067 4539">
    <p class='ocr_par' dir='ltr' id='par_1_88' title="bbox 478 4462 2066 4539">
     <span class='ocr_line' id='line_1_88' title="bbox 478 4462 2066 4539; baseline -0.006 -14"><span class='ocrx_word' id='word_1_590' title='bbox 478 4470 691 4535; x_wconf 81' lang='lat' dir='ltr'><strong>cessio,</strong></span> <span class='ocrx_word' id='word_1_591' title='bbox 744 4467 900 4539; x_wconf 86' lang='lat' dir='ltr'><strong>cujus</strong></span> <span class='ocrx_word' id='word_1_592' title='bbox 943 4476 1027 4525; x_wconf 89' lang='lat' dir='ltr'><strong>est</strong></span> <span class='ocrx_word' id='word_1_593' title='bbox 1061 4482 1203 4522; x_wconf 89' lang='lat' dir='ltr'><strong>nova</strong></span> <span class='ocrx_word' id='word_1_594' title='bbox 1252 4466 1602 4535; x_wconf 83' lang='lat' dir='ltr'><strong>insolensque</strong></span> <span class='ocrx_word' id='word_1_595' title='bbox 1645 4462 1953 4533; x_wconf 79' lang='lat' dir='ltr'><strong>generatio.</strong></span> <span class='ocrx_word' id='word_1_596' title='bbox 1988 4463 2066 4517; x_wconf 77' lang='lat' dir='ltr'><strong>Ex</strong></span> 
     </span>
    </p>
   </div>
   <div class='ocr_carea' id='block_1_89' title="bbox 2168 4457 3757 4539">
    <p class='ocr_par' dir='ltr' id='par_1_89' title="bbox 2176 4457 3757 4535">
     <span class='ocr_line' id='line_1_89' title="bbox 2176 4457 3757 4535; baseline -0.011 -12"><span class='ocrx_word' id='word_1_597' title='bbox 2176 4486 2283 4533; x_wconf 88' lang='grc' dir='ltr'>σις.</span> <span class='ocrx_word' id='word_1_598' title='bbox 2324 4468 2418 4534; x_wconf 81' lang='grc' dir='ltr'><strong>Ἐξ</strong></span> <span class='ocrx_word' id='word_1_599' title='bbox 2448 4467 2774 4522; x_wconf 84' lang='grc' dir='ltr'>ἀνελπίστου</span> <span class='ocrx_word' id='word_1_600' title='bbox 2808 4462 3105 4535; x_wconf 85' lang='grc' dir='ltr'>γεωργίας,</span> <span class='ocrx_word' id='word_1_601' title='bbox 3140 4462 3175 4531; x_wconf 84' lang='grc' dir='ltr'><strong>ἡ</strong></span> <span class='ocrx_word' id='word_1_602' title='bbox 3202 4459 3343 4530; x_wconf 81' lang='grc' dir='ltr'><strong>ὺπέρ</strong></span> <span class='ocrx_word' id='word_1_603' title='bbox 3376 4457 3598 4511; x_wconf 78' lang='grc' dir='ltr'>ἔννοιαν</span> <span class='ocrx_word' id='word_1_604' title='bbox 3633 4471 3757 4524; x_wconf 75' lang='grc' dir='ltr'>καρ·</span> 
     </span>
    </p>
   </div>
   <div class='ocr_carea' id='block_1_90' title="bbox 482 4549 2067 4633">
    <p class='ocr_par' dir='ltr' id='par_1_90' title="bbox 482 4554 2067 4632">
     <span class='ocr_line' id='line_1_90' title="bbox 482 4554 2067 4632; baseline -0.004 -16"><span class='ocrx_word' id='word_1_605' title='bbox 482 4563 757 4632; x_wconf 85' lang='lat' dir='ltr'><strong>insperata</strong></span> <span class='ocrx_word' id='word_1_606' title='bbox 798 4573 977 4616; x_wconf 87' lang='lat' dir='ltr'><strong>messe</strong></span> <span class='ocrx_word' id='word_1_607' title='bbox 998 4598 1014 4626; x_wconf 92' lang='lat'><strong>,</strong></span> <span class='ocrx_word' id='word_1_608' title='bbox 1043 4558 1219 4629; x_wconf 88' lang='lat' dir='ltr'><strong>major</strong></span> <span class='ocrx_word' id='word_1_609' title='bbox 1246 4558 1483 4627; x_wconf 89' lang='lat' dir='ltr'><strong>cogitatu</strong></span> <span class='ocrx_word' id='word_1_610' title='bbox 1515 4554 1884 4610; x_wconf 82' lang='lat' dir='ltr'><strong>fructiﬁcatio.</strong></span> <span class='ocrx_word' id='word_1_611' title='bbox 1920 4555 2067 4609; x_wconf 73' lang='lat' dir='ltr'><strong>Prae-</strong></span> 
     </span>
    </p>
   </div>
   <div class='ocr_carea' id='block_1_91' title="bbox 2168 4549 3761 4633">
    <p class='ocr_par' dir='ltr' id='par_1_91' title="bbox 2176 4549 3761 4632">
     <span class='ocr_line' id='line_1_91' title="bbox 2176 4549 3761 4632; baseline -0.01 -18"><span class='ocrx_word' id='word_1_612' title='bbox 2176 4560 2434 4632; x_wconf 83' lang='grc' dir='ltr'>ποφορία·</span> <span class='ocrx_word' id='word_1_613' title='bbox 2489 4555 2891 4627; x_wconf 78' lang='grc' dir='ltr'>προῦποφαίνει</span> <span class='ocrx_word' id='word_1_614' title='bbox 2948 4552 3049 4625; x_wconf 83' lang='grc' dir='ltr'><strong>τήν</strong></span> <span class='ocrx_word' id='word_1_615' title='bbox 3090 4552 3190 4622; x_wconf 88' lang='grc' dir='ltr'><strong>τῆς</strong></span> <span class='ocrx_word' id='word_1_616' title='bbox 3246 4549 3464 4619; x_wconf 80' lang='grc' dir='ltr'>φύσεως</span> <span class='ocrx_word' id='word_1_617' title='bbox 3529 4560 3761 4601; x_wconf 81' lang='grc' dir='ltr'>καινοτο-</span> 
     </span>
    </p>
   </div>
   <div class='ocr_carea' id='block_1_92' title="bbox 482 4640 2067 4725">
    <p class='ocr_par' dir='ltr' id='par_1_92' title="bbox 482 4647 2067 4718">
     <span class='ocr_line' id='line_1_92' title="bbox 482 4647 2067 4718; baseline -0.007 -7"><span class='ocrx_word' id='word_1_618' title='bbox 482 4655 723 4711; x_wconf 84' lang='lat' dir='ltr'><strong>declarat</strong></span> <span class='ocrx_word' id='word_1_619' title='bbox 765 4662 975 4709; x_wconf 70' lang='lat' dir='ltr'><strong>naturae</strong></span> <span class='ocrx_word' id='word_1_620' title='bbox 1018 4652 1364 4708; x_wconf 87' lang='lat' dir='ltr'><strong>novationem</strong></span> <span class='ocrx_word' id='word_1_621' title='bbox 1394 4688 1411 4714; x_wconf 92' lang='lat'><strong>,</strong></span> <span class='ocrx_word' id='word_1_622' title='bbox 1463 4647 1772 4705; x_wconf 84' lang='lat' dir='ltr'><strong>sterilitatis</strong></span> <span class='ocrx_word' id='word_1_623' title='bbox 1820 4656 2067 4718; x_wconf 83' lang='lat' dir='ltr'><strong>egestas,</strong></span> 
     </span>
    </p>
   </div>
   <div class='ocr_carea' id='block_1_93' title="bbox 2168 4640 3758 4725">
    <p class='ocr_par' dir='ltr' id='par_1_93' title="bbox 2175 4640 3758 4725">
     <span class='ocr_line' id='line_1_93' title="bbox 2175 4640 3758 4725; baseline -0.009 -19"><span class='ocrx_word' id='word_1_624' title='bbox 2175 4654 2327 4725; x_wconf 86' lang='grc' dir='ltr'>μίαν,</span> <span class='ocrx_word' id='word_1_625' title='bbox 2359 4653 2393 4723; x_wconf 85' lang='grc' dir='ltr'><strong>ή</strong></span> <span class='ocrx_word' id='word_1_626' title='bbox 2422 4654 2523 4723; x_wconf 85' lang='grc' dir='ltr'><strong>τῆς</strong></span> <span class='ocrx_word' id='word_1_627' title='bbox 2557 4647 2900 4721; x_wconf 82' lang='grc' dir='ltr'>στειρώσεως</span> <span class='ocrx_word' id='word_1_628' title='bbox 2934 4645 3143 4717; x_wconf 81' lang='grc' dir='ltr'>ἀπορία</span> <span class='ocrx_word' id='word_1_629' title='bbox 3164 4659 3177 4674; x_wconf 90' lang='grc'><strong>·</strong></span> <span class='ocrx_word' id='word_1_630' title='bbox 3214 4643 3312 4698; x_wconf 77' lang='grc' dir='ltr'>καὶ</span> <span class='ocrx_word' id='word_1_631' title='bbox 3335 4645 3401 4713; x_wconf 76' lang='grc' dir='ltr'>τῇ</span> <span class='ocrx_word' id='word_1_632' title='bbox 3429 4640 3758 4711; x_wconf 71' lang='grc' dir='ltr'>τικτομένη.</span> 
     </span>
    </p>
   </div>
   <div class='ocr_carea' id='block_1_94' title="bbox 482 4730 2067 4818">
    <p class='ocr_par' dir='ltr' id='par_1_94' title="bbox 482 4740 2067 4818">
     <span class='ocr_line' id='line_1_94' title="bbox 482 4740 2067 4818; baseline -0.005 -16"><span class='ocrx_word' id='word_1_633' title='bbox 482 4756 755 4818; x_wconf 82' lang='lat' dir='ltr'><strong>partuque</strong></span> <span class='ocrx_word' id='word_1_634' title='bbox 781 4745 1006 4803; x_wconf 67' lang='lat' dir='ltr'><strong>edenda:</strong></span> <span class='ocrx_word' id='word_1_635' title='bbox 1030 4744 1191 4814; x_wconf 84' lang='lat' dir='ltr'><strong>proli,</strong></span> <span class='ocrx_word' id='word_1_636' title='bbox 1225 4745 1344 4809; x_wconf 86' lang='lat' dir='ltr'><strong>ipsa</strong></span> <span class='ocrx_word' id='word_1_637' title='bbox 1387 4741 1504 4812; x_wconf 89' lang='lat' dir='ltr'><strong>ejus</strong></span> <span class='ocrx_word' id='word_1_638' title='bbox 1536 4740 1794 4797; x_wconf 85' lang='lat' dir='ltr'><strong>editionis</strong></span> <span class='ocrx_word' id='word_1_639' title='bbox 1821 4741 2033 4796; x_wconf 90' lang='lat' dir='ltr'><strong>novitas</strong></span> <span class='ocrx_word' id='word_1_640' title='bbox 2053 4780 2067 4806; x_wconf 93' lang='lat'><strong>,</strong></span> 
     </span>
    </p>
   </div>
   <div class='ocr_carea' id='block_1_95' title="bbox 2168 4730 3761 4818">
    <p class='ocr_par' dir='ltr' id='par_1_95' title="bbox 2171 4730 3761 4812">
     <span class='ocr_line' id='line_1_95' title="bbox 2171 4730 3761 4812; baseline -0.011 -13"><span class='ocrx_word' id='word_1_641' title='bbox 2171 4743 2267 4798; x_wconf 86' lang='grc' dir='ltr'><strong>τοῦ</strong></span> <span class='ocrx_word' id='word_1_642' title='bbox 2297 4743 2617 4799; x_wconf 85' lang='grc' dir='ltr'>καινοτάτου</span> <span class='ocrx_word' id='word_1_643' title='bbox 2655 4739 2958 4812; x_wconf 87' lang='grc' dir='ltr'>μυστηρίου</span> <span class='ocrx_word' id='word_1_644' title='bbox 2985 4736 3311 4808; x_wconf 84' lang='grc' dir='ltr'>τεκμήριον,</span> <span class='ocrx_word' id='word_1_645' title='bbox 3341 4733 3412 4787; x_wconf 87' lang='grc' dir='ltr'>τὰ</span> <span class='ocrx_word' id='word_1_646' title='bbox 3434 4732 3539 4802; x_wconf 83' lang='grc' dir='ltr'><strong>τῆς</strong></span> <span class='ocrx_word' id='word_1_647' title='bbox 3566 4730 3761 4789; x_wconf 76' lang='grc' dir='ltr'>οἰκείας</span> 
     </span>
    </p>
   </div>
   <div class='ocr_carea' id='block_1_96' title="bbox 481 4826 2067 4905">
    <p class='ocr_par' dir='ltr' id='par_1_96' title="bbox 481 4829 2067 4903">
     <span class='ocr_line' id='line_1_96' title="bbox 481 4829 2067 4903; baseline -0.006 -9"><span class='ocrx_word' id='word_1_648' title='bbox 481 4851 697 4894; x_wconf 85' lang='lat' dir='ltr'><strong>summe</strong></span> <span class='ocrx_word' id='word_1_649' title='bbox 734 4835 860 4890; x_wconf 84' lang='lat' dir='ltr'><strong>novi</strong></span> <span class='ocrx_word' id='word_1_650' title='bbox 892 4834 1225 4890; x_wconf 90' lang='lat' dir='ltr'><strong>sacramenti</strong></span> <span class='ocrx_word' id='word_1_651' title='bbox 1263 4840 1649 4903; x_wconf 86' lang='lat' dir='ltr'><strong>argumentum</strong></span> <span class='ocrx_word' id='word_1_652' title='bbox 1685 4829 1836 4885; x_wconf 82' lang='lat' dir='ltr'><strong>facit.</strong></span> <span class='ocrx_word' id='word_1_653' title='bbox 1866 4829 1927 4885; x_wconf 86' lang='lat' dir='ltr'><strong>lu</strong></span> <span class='ocrx_word' id='word_1_654' title='bbox 1957 4830 2067 4885; x_wconf 78' lang='lat' dir='ltr'><strong>suis</strong></span> 
     </span>
    </p>
   </div>
   <div class='ocr_carea' id='block_1_97' title="bbox 2168 4826 3753 4905">
    <p class='ocr_par' dir='ltr' id='par_1_97' title="bbox 2171 4826 3753 4905">
     <span class='ocr_line' id='line_1_97' title="bbox 2171 4826 3753 4905; baseline -0.01 -13"><span class='ocrx_word' id='word_1_655' title='bbox 2171 4836 2480 4902; x_wconf 83' lang='grc' dir='ltr'>ἀποτὲξεως</span> <span class='ocrx_word' id='word_1_656' title='bbox 2510 4834 2813 4905; x_wconf 83' lang='grc' dir='ltr'>παρέχεται</span> <span class='ocrx_word' id='word_1_657' title='bbox 2844 4831 3171 4904; x_wconf 78' lang='grc' dir='ltr'>πράγματα.</span> <span class='ocrx_word' id='word_1_658' title='bbox 3210 4829 3300 4882; x_wconf 86' lang='grc' dir='ltr'>Ἐν</span> <span class='ocrx_word' id='word_1_659' title='bbox 3324 4829 3439 4891; x_wconf 84' lang='grc' dir='ltr'>τοῖς</span> <span class='ocrx_word' id='word_1_660' title='bbox 3470 4826 3597 4880; x_wconf 78' lang='grc' dir='ltr'>καθ’</span> <span class='ocrx_word' id='word_1_661' title='bbox 3635 4826 3753 4878; x_wconf 87' lang='grc' dir='ltr'>ἐαυ-</span> 
     </span>
    </p>
   </div>
   <div class='ocr_carea' id='block_1_98' title="bbox 479 4915 2067 5017">
    <p class='ocr_par' dir='ltr' id='par_1_98' title="bbox 479 4921 2067 5002">
     <span class='ocr_line' id='line_1_98' title="bbox 479 4921 2067 5002; baseline -0.008 -13"><span class='ocrx_word' id='word_1_662' title='bbox 479 4932 631 5002; x_wconf 83' lang='lat' dir='ltr'><strong>ipsa.</strong></span> <span class='ocrx_word' id='word_1_663' title='bbox 686 4929 959 4985; x_wconf 88' lang='lat' dir='ltr'><strong>mirabilis</strong></span> <span class='ocrx_word' id='word_1_664' title='bbox 1007 4938 1195 4998; x_wconf 90' lang='lat' dir='ltr'><strong>partus</strong></span> <span class='ocrx_word' id='word_1_665' title='bbox 1259 4935 1408 4983; x_wconf 87' lang='lat' dir='ltr'><strong>certa</strong></span> <span class='ocrx_word' id='word_1_666' title='bbox 1486 4926 1693 4981; x_wconf 84' lang='lat' dir='ltr'><strong>indicia</strong></span> <span class='ocrx_word' id='word_1_667' title='bbox 1740 4925 1961 4994; x_wconf 89' lang='lat' dir='ltr'><strong>accipit.</strong></span> <span class='ocrx_word' id='word_1_668' title='bbox 2014 4921 2067 4977; x_wconf 79' lang='lat' dir='ltr'><strong>In</strong></span> 
     </span>
    </p>
   </div>
   <div class='ocr_carea' id='block_1_99' title="bbox 2168 4915 3760 5017">
    <p class='ocr_par' dir='ltr' id='par_1_99' title="bbox 2170 4915 3760 5017">
     <span class='ocr_line' id='line_1_99' title="bbox 2170 4915 3760 5017; baseline -0.009 -31"><span class='ocrx_word' id='word_1_669' title='bbox 2170 4932 2293 5003; x_wconf 86' lang='grc' dir='ltr'>τὴν,</span> <span class='ocrx_word' id='word_1_670' title='bbox 2331 4929 2399 4984; x_wconf 86' lang='grc' dir='ltr'>τὰ</span> <span class='ocrx_word' id='word_1_671' title='bbox 2442 4926 2539 4982; x_wconf 91' lang='grc' dir='ltr'><strong>τοῦ</strong></span> <span class='ocrx_word' id='word_1_672' title='bbox 2588 4926 2740 5017; x_wconf 45' lang='grc' dir='ltr'>ξένοι)</span> <span class='ocrx_word' id='word_1_673' title='bbox 2781 4923 3208 4997; x_wconf 87' lang='grc' dir='ltr'>προϐεϐαιοῦται</span> <span class='ocrx_word' id='word_1_674' title='bbox 3238 4919 3490 4979; x_wconf 77' lang='grc' dir='ltr'>τοκετοῦ.</span> <span class='ocrx_word' id='word_1_675' title='bbox 3552 4920 3646 4974; x_wconf 83' lang='grc' dir='ltr'>Ἐν</span> <span class='ocrx_word' id='word_1_676' title='bbox 3694 4915 3760 4986; x_wconf 80' lang='grc' dir='ltr'>τῷ</span> 
     </span>
    </p>
   </div>
   <div class='ocr_carea' id='block_1_100' title="bbox 484 5018 2076 5094">
    <p class='ocr_par' dir='ltr' id='par_1_100' title="bbox 484 5018 2076 5094">
     <span class='ocr_line' id='line_1_100' title="bbox 484 5018 2076 5094; baseline -0.002 -17"><span class='ocrx_word' id='word_1_677' title='bbox 484 5037 770 5094; x_wconf 83' lang='lat' dir='ltr'><strong>parentum</strong></span> <span class='ocrx_word' id='word_1_678' title='bbox 809 5022 1101 5089; x_wconf 88' lang='lat' dir='ltr'><strong>miraculo,</strong></span> <span class='ocrx_word' id='word_1_679' title='bbox 1122 5036 1383 5076; x_wconf 84' lang='lat' dir='ltr'><strong>arcanum</strong></span> <span class='ocrx_word' id='word_1_680' title='bbox 1416 5020 1590 5089; x_wconf 86' lang='lat' dir='ltr'><strong>magis</strong></span> <span class='ocrx_word' id='word_1_681' title='bbox 1614 5018 1849 5074; x_wconf 85' lang='lat' dir='ltr'><strong>addiseit</strong></span> <span class='ocrx_word' id='word_1_682' title='bbox 1875 5026 2076 5089; x_wconf 86' lang='lat' dir='ltr'><strong>myste-</strong></span> 
     </span>
    </p>
   </div>
   <div class='ocr_carea' id='block_1_101' title="bbox 482 5110 2071 5190">
    <p class='ocr_par' dir='ltr' id='par_1_101' title="bbox 482 5110 2071 5190">
     <span class='ocr_line' id='line_1_101' title="bbox 482 5110 2071 5190; baseline -0.004 -16"><span class='ocrx_word' id='word_1_683' title='bbox 482 5120 647 5174; x_wconf 84' lang='lat' dir='ltr'><strong>rium.</strong></span> <span class='ocrx_word' id='word_1_684' title='bbox 684 5118 799 5176; x_wconf 78' lang='lat' dir='ltr'><strong>Hoe</strong></span> <span class='ocrx_word' id='word_1_685' title='bbox 833 5120 1066 5190; x_wconf 83' lang='lat' dir='ltr'><strong>quippe,</strong></span> <span class='ocrx_word' id='word_1_686' title='bbox 1112 5115 1355 5172; x_wconf 87' lang='lat' dir='ltr'><strong>anterior</strong></span> <span class='ocrx_word' id='word_1_687' title='bbox 1401 5113 1550 5170; x_wconf 85' lang='lat' dir='ltr'><strong>illius</strong></span> <span class='ocrx_word' id='word_1_688' title='bbox 1592 5110 1908 5182; x_wconf 64' lang='lat' dir='ltr'><strong>praedicatio</strong></span> <span class='ocrx_word' id='word_1_689' title='bbox 1951 5121 2071 5179; x_wconf 86' lang='lat' dir='ltr'><strong>est;</strong></span> 
     </span>
    </p>
   </div>
   <div class='ocr_carea' id='block_1_102' title="bbox 484 5206 2072 5286">
    <p class='ocr_par' dir='ltr' id='par_1_102' title="bbox 484 5206 2072 5286">
     <span class='ocr_line' id='line_1_102' title="bbox 484 5206 2072 5286; baseline -0.005 -19"><span class='ocrx_word' id='word_1_690' title='bbox 484 5228 695 5284; x_wconf 83' lang='lat' dir='ltr'><strong>suaque</strong></span> <span class='ocrx_word' id='word_1_691' title='bbox 728 5217 902 5286; x_wconf 86' lang='lat' dir='ltr'><strong>ipsum</strong></span> <span class='ocrx_word' id='word_1_692' title='bbox 936 5213 1277 5284; x_wconf 88' lang='lat' dir='ltr'><strong>impletione,</strong></span> <span class='ocrx_word' id='word_1_693' title='bbox 1309 5208 1427 5279; x_wconf 80' lang='lat' dir='ltr'><strong>ejus</strong></span> <span class='ocrx_word' id='word_1_694' title='bbox 1467 5208 1610 5279; x_wconf 89' lang='lat' dir='ltr'><strong>quod</strong></span> <span class='ocrx_word' id='word_1_695' title='bbox 1646 5206 2072 5278; x_wconf 64' lang='lat' dir='ltr'><strong>praedicabatur,</strong></span> 
     </span>
    </p>
   </div>
   <div class='ocr_carea' id='block_1_103' title="bbox 484 5299 2077 5377">
    <p class='ocr_par' dir='ltr' id='par_1_103' title="bbox 484 5299 2077 5377">
     <span class='ocr_line' id='line_1_103' title="bbox 484 5299 2077 5377; baseline -0.004 -17"><span class='ocrx_word' id='word_1_696' title='bbox 484 5317 693 5361; x_wconf 87' lang='lat' dir='ltr'><strong>certum</strong></span> <span class='ocrx_word' id='word_1_697' title='bbox 730 5317 987 5361; x_wconf 82' lang='lat' dir='ltr'><strong>eventum</strong></span> <span class='ocrx_word' id='word_1_698' title='bbox 1037 5303 1457 5377; x_wconf 78' lang='lat' dir='ltr'><strong>prauumtiabat.</strong></span> <span class='ocrx_word' id='word_1_699' title='bbox 1493 5300 1613 5365; x_wconf 78' lang='lat' dir='ltr'><strong>llic,</strong></span> <span class='ocrx_word' id='word_1_700' title='bbox 1652 5299 1880 5367; x_wconf 87' lang='lat' dir='ltr'><strong>sterilis,</strong></span> <span class='ocrx_word' id='word_1_701' title='bbox 1914 5315 1943 5353; x_wconf 91' lang='lat' dir='ltr'><strong>a</strong></span> <span class='ocrx_word' id='word_1_702' title='bbox 1980 5315 2077 5354; x_wconf 90' lang='lat' dir='ltr'><strong>na-</strong></span> 
     </span>
    </p>
   </div>
   <div class='ocr_carea' id='block_1_104' title="bbox 485 5393 2079 5470">
    <p class='ocr_par' dir='ltr' id='par_1_104' title="bbox 485 5393 2079 5470">
     <span class='ocr_line' id='line_1_104' title="bbox 485 5393 2079 5470; baseline -0.004 -15"><span class='ocrx_word' id='word_1_703' title='bbox 485 5410 622 5455; x_wconf 70' lang='lat' dir='ltr'><strong>turae</strong></span> <span class='ocrx_word' id='word_1_704' title='bbox 644 5401 881 5470; x_wconf 83' lang='lat' dir='ltr'><strong>propriis</strong></span> <span class='ocrx_word' id='word_1_705' title='bbox 900 5399 1111 5468; x_wconf 77' lang='lat' dir='ltr'><strong>repulsa</strong></span> <span class='ocrx_word' id='word_1_706' title='bbox 1135 5416 1152 5466; x_wconf 86' lang='lat'><strong>;</strong></span> <span class='ocrx_word' id='word_1_707' title='bbox 1176 5397 1306 5464; x_wconf 84' lang='lat' dir='ltr'><strong>illic,</strong></span> <span class='ocrx_word' id='word_1_708' title='bbox 1320 5395 1487 5466; x_wconf 71' lang='lat' dir='ltr'><strong>Virgo</strong></span> <span class='ocrx_word' id='word_1_709' title='bbox 1506 5393 1801 5452; x_wconf 78' lang='lat' dir='ltr'><strong>inviolabili</strong></span> <span class='ocrx_word' id='word_1_710' title='bbox 1821 5395 2079 5450; x_wconf 87' lang='lat' dir='ltr'><strong>castitate</strong></span> 
     </span>
    </p>
   </div>
   <div class='ocr_carea' id='block_1_105' title="bbox 487 5486 2080 5558">
    <p class='ocr_par' dir='ltr' id='par_1_105' title="bbox 487 5486 2080 5558">
     <span class='ocr_line' id='line_1_105' title="bbox 487 5486 2080 5558; baseline -0.003 -11"><span class='ocrx_word' id='word_1_711' title='bbox 487 5493 716 5547; x_wconf 85' lang='lat' dir='ltr'><strong>munita.</strong></span> <span class='ocrx_word' id='word_1_712' title='bbox 753 5492 870 5558; x_wconf 80' lang='lat' dir='ltr'><strong>llic,</strong></span> <span class='ocrx_word' id='word_1_713' title='bbox 902 5493 1216 5546; x_wconf 73' lang='lat' dir='ltr'><strong>diuturnum</strong></span> <span class='ocrx_word' id='word_1_714' title='bbox 1251 5491 1558 5558; x_wconf 88' lang='lat' dir='ltr'><strong>vinculum;</strong></span> <span class='ocrx_word' id='word_1_715' title='bbox 1588 5490 1723 5555; x_wconf 87' lang='lat' dir='ltr'><strong>illic,</strong></span> <span class='ocrx_word' id='word_1_716' title='bbox 1755 5486 2080 5543; x_wconf 82' lang='lat' dir='ltr'><strong>immortalis</strong></span> 
     </span>
    </p>
   </div>
   <div class='ocr_carea' id='block_1_106' title="bbox 486 5580 2077 5655">
    <p class='ocr_par' dir='ltr' id='par_1_106' title="bbox 486 5580 2077 5655">
     <span class='ocr_line' id='line_1_106' title="bbox 486 5580 2077 5655; baseline -0.004 -16"><span class='ocrx_word' id='word_1_717' title='bbox 486 5586 759 5655; x_wconf 69' lang='lat' dir='ltr'><strong>icgitimus</strong></span> <span class='ocrx_word' id='word_1_718' title='bbox 809 5586 1023 5641; x_wconf 85' lang='lat' dir='ltr'><strong>modus.</strong></span> <span class='ocrx_word' id='word_1_719' title='bbox 1060 5583 1181 5652; x_wconf 81' lang='lat' dir='ltr'><strong>Hic,</strong></span> <span class='ocrx_word' id='word_1_720' title='bbox 1217 5584 1535 5640; x_wconf 85' lang='lat' dir='ltr'><strong>meritorum</strong></span> <span class='ocrx_word' id='word_1_721' title='bbox 1570 5598 1635 5639; x_wconf 91' lang='lat' dir='ltr'><strong>ac</strong></span> <span class='ocrx_word' id='word_1_722' title='bbox 1683 5596 1906 5653; x_wconf 86' lang='lat' dir='ltr'><strong>precum</strong></span> <span class='ocrx_word' id='word_1_723' title='bbox 1944 5580 2077 5634; x_wconf 80' lang='lat' dir='ltr'><strong>fru-</strong></span> 
     </span>
    </p>
   </div>
   <div class='ocr_carea' id='block_1_107' title="bbox 487 5674 2072 5749">
    <p class='ocr_par' dir='ltr' id='par_1_107' title="bbox 487 5674 2072 5749">
     <span class='ocr_line' id='line_1_107' title="bbox 487 5674 2072 5749; baseline 0.003 -17"><span class='ocrx_word' id='word_1_724' title='bbox 487 5688 609 5732; x_wconf 83' lang='lat' dir='ltr'><strong>ctus</strong></span> <span class='ocrx_word' id='word_1_725' title='bbox 628 5720 642 5745; x_wconf 91' lang='lat'><strong>,</strong></span> <span class='ocrx_word' id='word_1_726' title='bbox 668 5676 797 5745; x_wconf 84' lang='lat' dir='ltr'><strong>illic,</strong></span> <span class='ocrx_word' id='word_1_727' title='bbox 825 5684 1046 5749; x_wconf 87' lang='lat' dir='ltr'><strong>propter</strong></span> <span class='ocrx_word' id='word_1_728' title='bbox 1069 5677 1332 5748; x_wconf 79' lang='lat' dir='ltr'><strong>majorem</strong></span> <span class='ocrx_word' id='word_1_729' title='bbox 1358 5674 1768 5746; x_wconf 85' lang='lat' dir='ltr'><strong>comparatione</strong></span> <span class='ocrx_word' id='word_1_730' title='bbox 1791 5675 2072 5736; x_wconf 69' lang='lat' dir='ltr'><strong>virtutem.</strong></span> 
     </span>
    </p>
   </div>
   <div class='ocr_carea' id='block_1_108' title="bbox 564 5833 1005 5899">
    <p class='ocr_par' dir='ltr' id='par_1_108' title="bbox 564 5833 1005 5899">
     <span class='ocr_line' id='line_1_108' title="bbox 564 5833 1005 5899; baseline -0.002 -10"><span class='ocrx_word' id='word_1_731' title='bbox 564 5834 613 5869; x_wconf 73' lang='lat'>“</span> <span class='ocrx_word' id='word_1_732' title='bbox 649 5833 797 5889; x_wconf 77' lang='lat' dir='ltr'><strong>Psal.</strong></span> <span class='ocrx_word' id='word_1_733' title='bbox 831 5850 885 5899; x_wconf 76' lang='grc' dir='ltr'>ι,</span> <span class='ocrx_word' id='word_1_734' title='bbox 919 5834 1005 5888; x_wconf 80' lang='lat' dir='ltr'><strong>l9.</strong></span> 
     </span>
    </p>
   </div>
   <div class='ocr_carea' id='block_1_109' title="bbox 2176 5010 3757 5088">
    <p class='ocr_par' dir='ltr' id='par_1_109' title="bbox 2176 5010 3757 5088">
     <span class='ocr_line' id='line_1_109' title="bbox 2176 5010 3757 5088; baseline -0.01 -10"><span class='ocrx_word' id='word_1_735' title='bbox 2176 5024 2323 5078; x_wconf 79' lang='grc' dir='ltr'>κατὰ</span> <span class='ocrx_word' id='word_1_736' title='bbox 2350 5023 2481 5086; x_wconf 79' lang='grc' dir='ltr'>τοὺς</span> <span class='ocrx_word' id='word_1_737' title='bbox 2509 5010 2770 5082; x_wconf 76' lang='grc' dir='ltr'>τεκόντας</span> <span class='ocrx_word' id='word_1_738' title='bbox 2801 5017 3042 5088; x_wconf 84' lang='grc' dir='ltr'>θαύματι</span> <span class='ocrx_word' id='word_1_739' title='bbox 3066 5057 3080 5082; x_wconf 92' lang='grc'><strong>,</strong></span> <span class='ocrx_word' id='word_1_740' title='bbox 3107 5016 3178 5069; x_wconf 76' lang='grc' dir='ltr'><strong>τὰ</strong></span> <span class='ocrx_word' id='word_1_741' title='bbox 3196 5014 3289 5069; x_wconf 89' lang='grc' dir='ltr'><strong>τοῦ</strong></span> <span class='ocrx_word' id='word_1_742' title='bbox 3323 5010 3757 5086; x_wconf 76' lang='grc' dir='ltr'>ἀπορρητοτέρον</span> 
     </span>
    </p>
   </div>
   <div class='ocr_carea' id='block_1_110' title="bbox 2180 5102 3755 5180">
    <p class='ocr_par' dir='ltr' id='par_1_110' title="bbox 2180 5102 3755 5180">
     <span class='ocr_line' id='line_1_110' title="bbox 2180 5102 3755 5180; baseline -0.01 -11"><span class='ocrx_word' id='word_1_743' title='bbox 2180 5113 2493 5170; x_wconf 83' lang='grc' dir='ltr'>διδάσκεται</span> <span class='ocrx_word' id='word_1_744' title='bbox 2547 5110 2847 5180; x_wconf 85' lang='grc' dir='ltr'>θαύματος.</span> <span class='ocrx_word' id='word_1_745' title='bbox 2906 5109 3292 5180; x_wconf 82' lang='grc' dir='ltr'>Προκήρυγμα</span> <span class='ocrx_word' id='word_1_746' title='bbox 3356 5104 3468 5175; x_wconf 83' lang='grc' dir='ltr'><strong>γάρ</strong></span> <span class='ocrx_word' id='word_1_747' title='bbox 3524 5102 3755 5164; x_wconf 85' lang='grc' dir='ltr'>ἐκείνου,</span> 
     </span>
    </p>
   </div>
   <div class='ocr_carea' id='block_1_111' title="bbox 2173 5194 3755 5273">
    <p class='ocr_par' dir='ltr' id='par_1_111' title="bbox 2173 5194 3755 5273">
     <span class='ocr_line' id='line_1_111' title="bbox 2173 5194 3755 5273; baseline -0.012 -12"><span class='ocrx_word' id='word_1_748' title='bbox 2173 5207 2355 5262; x_wconf 83' lang='grc' dir='ltr'>τοῦτο·</span> <span class='ocrx_word' id='word_1_749' title='bbox 2394 5206 2491 5260; x_wconf 75' lang='grc' dir='ltr'>καὶ</span> <span class='ocrx_word' id='word_1_750' title='bbox 2521 5205 2588 5258; x_wconf 85' lang='grc' dir='ltr'><strong>δι’</strong></span> <span class='ocrx_word' id='word_1_751' title='bbox 2611 5199 2687 5259; x_wconf 84' lang='grc' dir='ltr'>ὧν</span> <span class='ocrx_word' id='word_1_752' title='bbox 2716 5199 3041 5273; x_wconf 79' lang='grc' dir='ltr'>ἐπληροῦτο,</span> <span class='ocrx_word' id='word_1_753' title='bbox 3073 5200 3133 5251; x_wconf 84' lang='grc' dir='ltr'>τὸ</span> <span class='ocrx_word' id='word_1_754' title='bbox 3156 5196 3403 5266; x_wconf 71' lang='grc' dir='ltr'>ἀσφαλὲς</span> <span class='ocrx_word' id='word_1_755' title='bbox 3429 5194 3526 5249; x_wconf 90' lang='grc' dir='ltr'><strong>τοῦ</strong></span> <span class='ocrx_word' id='word_1_756' title='bbox 3558 5208 3755 5264; x_wconf 86' lang='grc' dir='ltr'>κηρυτ-</span> 
     </span>
    </p>
   </div>
   <div class='ocr_carea' id='block_1_112' title="bbox 2176 5284 3759 5369">
    <p class='ocr_par' dir='ltr' id='par_1_112' title="bbox 2176 5284 3759 5369">
     <span class='ocr_line' id='line_1_112' title="bbox 2176 5284 3759 5369; baseline -0.01 -16"><span class='ocrx_word' id='word_1_757' title='bbox 2176 5299 2405 5369; x_wconf 86' lang='grc' dir='ltr'>τομένου</span> <span class='ocrx_word' id='word_1_758' title='bbox 2455 5296 2832 5367; x_wconf 83' lang='grc' dir='ltr'>προανεφὼνει</span> <span class='ocrx_word' id='word_1_759' title='bbox 2854 5310 2869 5325; x_wconf 76' lang='grc' dir='ltr'><strong>ο</strong></span> <span class='ocrx_word' id='word_1_760' title='bbox 2937 5289 3205 5346; x_wconf 84' lang='grc' dir='ltr'>Ἐνταῦθα</span> <span class='ocrx_word' id='word_1_761' title='bbox 3259 5291 3451 5360; x_wconf 83' lang='grc' dir='ltr'>στεῖρα</span> <span class='ocrx_word' id='word_1_762' title='bbox 3500 5286 3609 5341; x_wconf 84' lang='grc' dir='ltr'><strong>τῶν</strong></span> <span class='ocrx_word' id='word_1_763' title='bbox 3669 5284 3759 5354; x_wconf 83' lang='grc' dir='ltr'><strong>τῆς</strong></span> 
     </span>
    </p>
   </div>
   <div class='ocr_carea' id='block_1_113' title="bbox 2177 5381 3759 5463">
    <p class='ocr_par' dir='ltr' id='par_1_113' title="bbox 2177 5381 3759 5463">
     <span class='ocr_line' id='line_1_113' title="bbox 2177 5381 3759 5463; baseline -0.009 -18"><span class='ocrx_word' id='word_1_764' title='bbox 2177 5391 2396 5463; x_wconf 80' lang='grc' dir='ltr'>φύσεως</span> <span class='ocrx_word' id='word_1_765' title='bbox 2435 5390 2581 5444; x_wconf 88' lang='grc' dir='ltr'>ίδίων</span> <span class='ocrx_word' id='word_1_766' title='bbox 2630 5386 2980 5461; x_wconf 85' lang='grc' dir='ltr'>ἀπειργμένη</span> <span class='ocrx_word' id='word_1_767' title='bbox 3009 5426 3023 5449; x_wconf 84' lang='grc'><strong>,</strong></span> <span class='ocrx_word' id='word_1_768' title='bbox 3053 5386 3181 5439; x_wconf 71' lang='grc' dir='ltr'><strong>ἐκεῖ⁴</strong></span> <span class='ocrx_word' id='word_1_769' title='bbox 3217 5382 3498 5454; x_wconf 84' lang='grc' dir='ltr'>Παρθένος</span> <span class='ocrx_word' id='word_1_770' title='bbox 3525 5382 3588 5451; x_wconf 80' lang='grc' dir='ltr'><strong>τῇ</strong></span> <span class='ocrx_word' id='word_1_771' title='bbox 3641 5381 3759 5432; x_wconf 87' lang='grc' dir='ltr'>ἀσυ-</span> 
     </span>
    </p>
   </div>
   <div class='ocr_carea' id='block_1_114' title="bbox 2176 5468 3759 5556">
    <p class='ocr_par' dir='ltr' id='par_1_114' title="bbox 2176 5468 3759 5556">
     <span class='ocr_line' id='line_1_114' title="bbox 2176 5468 3759 5556; baseline -0.016 -11"><span class='ocrx_word' id='word_1_772' title='bbox 2176 5485 2328 5556; x_wconf 84' lang='grc' dir='ltr'>λήτῳ</span> <span class='ocrx_word' id='word_1_773' title='bbox 2389 5483 2583 5554; x_wconf 83' lang='grc' dir='ltr'>ἁγνείᾳ</span> <span class='ocrx_word' id='word_1_774' title='bbox 2647 5480 3056 5552; x_wconf 82' lang='grc' dir='ltr'>τετειχισμένη.</span> <span class='ocrx_word' id='word_1_775' title='bbox 3128 5477 3401 5532; x_wconf 83' lang='grc' dir='ltr'>Ἐνταῦθα</span> <span class='ocrx_word' id='word_1_776' title='bbox 3469 5473 3678 5546; x_wconf 83' lang='grc' dir='ltr'>χρόνιος</span> <span class='ocrx_word' id='word_1_777' title='bbox 3732 5468 3759 5519; x_wconf 87' lang='grc' dir='ltr'><strong>ό</strong></span> 
     </span>
    </p>
   </div>
   <div class='ocr_carea' id='block_1_115' title="bbox 2178 5562 3755 5650">
    <p class='ocr_par' dir='ltr' id='par_1_115' title="bbox 2178 5562 3755 5650">
     <span class='ocr_line' id='line_1_115' title="bbox 2178 5562 3755 5650; baseline -0.013 -17"><span class='ocrx_word' id='word_1_778' title='bbox 2178 5578 2377 5650; x_wconf 88' lang='grc' dir='ltr'>δεσμός</span> <span class='ocrx_word' id='word_1_779' title='bbox 2392 5594 2407 5609; x_wconf 75' lang='grc' dir='ltr'><strong>ο</strong></span> <span class='ocrx_word' id='word_1_780' title='bbox 2441 5579 2559 5631; x_wconf 86' lang='grc' dir='ltr'>ἐκεῖ</span> <span class='ocrx_word' id='word_1_781' title='bbox 2582 5576 2850 5641; x_wconf 82' lang='grc' dir='ltr'>ἀθάνατος</span> <span class='ocrx_word' id='word_1_782' title='bbox 2872 5575 2900 5628; x_wconf 84' lang='grc' dir='ltr'>ὁ</span> <span class='ocrx_word' id='word_1_783' title='bbox 2919 5572 3207 5635; x_wconf 84' lang='grc' dir='ltr'>ἀνόθευτος</span> <span class='ocrx_word' id='word_1_784' title='bbox 3222 5572 3446 5644; x_wconf 87' lang='grc' dir='ltr'>τρόπος.</span> <span class='ocrx_word' id='word_1_785' title='bbox 3483 5562 3755 5625; x_wconf 86' lang='grc' dir='ltr'>Ἐνταῦθα,</span> 
     </span>
    </p>
   </div>
   <div class='ocr_carea' id='block_1_116' title="bbox 2181 5655 3758 5744">
    <p class='ocr_par' dir='ltr' id='par_1_116' title="bbox 2181 5655 3758 5744">
     <span class='ocr_line' id='line_1_116' title="bbox 2181 5655 3758 5744; baseline -0.01 -17"><span class='ocrx_word' id='word_1_786' title='bbox 2181 5672 2628 5744; x_wconf 84' lang='grc' dir='ltr'>κατορθωμάτων</span> <span class='ocrx_word' id='word_1_787' title='bbox 2655 5671 2748 5727; x_wconf 79' lang='grc' dir='ltr'>καὶ</span> <span class='ocrx_word' id='word_1_788' title='bbox 2777 5668 3087 5742; x_wconf 85' lang='grc' dir='ltr'>προσευχῆς</span> <span class='ocrx_word' id='word_1_789' title='bbox 3110 5667 3348 5740; x_wconf 79' lang='grc' dir='ltr'>καρπὸς,</span> <span class='ocrx_word' id='word_1_790' title='bbox 3377 5667 3407 5720; x_wconf 84' lang='grc' dir='ltr'><strong>ὁ</strong></span> <span class='ocrx_word' id='word_1_791' title='bbox 3434 5663 3586 5726; x_wconf 88' lang='grc' dir='ltr'>τόκος</span> <span class='ocrx_word' id='word_1_792' title='bbox 3605 5675 3618 5688; x_wconf 85' lang='grc'><strong>·</strong></span> <span class='ocrx_word' id='word_1_793' title='bbox 3650 5655 3758 5710; x_wconf 78' lang='grc' dir='ltr'>ἐκεῖ</span> 
     </span>
    </p>
   </div>
  </div>
