4060 6424
541 368 678 434 1309

1681 385 2004 448 GEORGII
2042 390 2645 459 NICOMEDIENSIS

3681 410 3792 480 1500

540 494 763 554 propter
782 500 845 542 se
876 486 1008 557 ipse,
1049 487 1380 545 desiderium
1408 505 1750 563 perSpectum
1783 499 1945 557 habet
1974 522 1987 557 :
2019 505 2127 558 vult

2231 505 2309 570 ὡς
2342 506 2449 560 τῶν
2480 507 2727 563 ἀθεάτων
2762 509 2981 567 ἅπαντα
3027 515 3301 589 γνὼστης,
3336 520 3430 575 τόν
3459 539 3517 576 τε
3550 523 3619 577 δι’
3653 527 3795 582 αὐτ-δν

541 578 924 643 nihilominus,
961 579 1126 649 idque
1185 581 1499 650 impensiori
1551 587 1813 653 bonitate,
1866 594 2127 649 utetiam

540 685 637 736 per
681 679 957 727 maternas
1012 673 1461 742 supplicationes,
1511 692 1577 732 ea
1628 688 1685 734 et
1728 681 2046 755 offerantur,
2078 698 2132 743 ct

539 764 887 834 impleantur.
927 766 1053 822 Haec
1080 771 1301 842 quippe,
1339 782 1429 829 tua
1460 777 1525 830 ad
1568 791 1716 842 eum,
1744 794 1808 832 ac
1836 790 2022 835 nostra
2061 783 2130 838 ad

540 867 591 911 te
618 858 871 928 gloriatio
899 870 981 916 est
1014 880 1028 917 :
1070 864 1196 933 hoc,
1234 866 1354 935 ejus
1381 884 1479 937 per
1515 879 1566 924 te
1590 871 1847 927 exhibitze
1890 873 2131 929 clemen-

539 952 628 1005 tia:
651 954 946 1019 specimen.
986 955 1094 1026 Spe
1122 959 1387 1028 subvecti,
1412 977 1572 1031 quam
1602 979 1663 1018 ea
1698 964 1848 1031 facit,
1886 978 2128 1023 nostram

538 1045 873 1113 despicimus
940 1050 1351 1121 abjectionem;
1416 1056 1677 1112 humilem
1744 1068 2130 1134 terrenamque

536 1137 690 1192 obliti
728 1145 1205 1198 consuetudinem.
1249 1145 1387 1202 Hinc
1434 1164 1463 1202 a
1518 1151 1751 1208 terrenis
1812 1169 2124 1226 assurgere,

538 1230 790 1297 atquein
836 1232 1034 1287 cmlum
1088 1239 1421 1293 contendere
1471 1240 1718 1297 nitimur.
1765 1241 1902 1299 Hinc
1968 1248 2129 1303 nobis

534 1332 687 1375 certa
742 1322 1010 1387 bonorum
1066 1329 1430 1397 repositorum
1480 1347 1606 1401 spes
1659 1335 1879 1407 aﬂ‘ulget
1931 1356 1945 1396 :
2002 1340 2129 1396 hinc

535 1422 862 1469 aeternorum
899 1431 1131 1489 surgunt
1176 1425 1643 1492 exspectationes.
1676 1425 1947 1485 lllustrem
1990 1432 2129 1488 hanc

535 1508 887 1581 divinamque
922 1510 1278 1570 festivitatem
1331 1521 1708 1577 amantissime
1761 1523 2128 1592 celebrantes,

537 1603 791 1657 universa
816 1605 870 1660 in
911 1621 1063 1662 suam
1092 1610 1399 1679 providenti
1432 1612 1687 1682 gloriam,
1713 1626 2130 1688 matcrnamqne

537 1692 938 1760 gloriationem,
976 1714 1039 1754 ac
1080 1702 1321 1755 salutare
1370 1704 1741 1774 suhjectorum
1778 1708 1965 1774 decus,
2005 1726 2127 1781 gra-

539 1786 645 1840 tias
695 1789 1090 1857 submittimus,
1124 1793 1341 1849 Christo
1378 1795 1647 1852 bonorum
1678 1801 1889 1856 auctori
1919 1817 1983 1857 ac
2016 1801 2126 1856 lar-

2232 600 2312 662 εἰς
2354 599 2412 651 σὲ
2442 600 2552 654 τῶν
2604 602 2921 674 ὑμνολόγων
2959 614 3220 664 κατανοεῖ
3242 612 3408 666 πόθον
3430 630 3446 646 ⁶
3482 614 3715 686 βούλεται
3746 620 3797 675 δὲ

2232 692 2328 745 καὶ
2360 692 2482 745 λίαν
2515 693 2944 766 ἀγαθοπρεπῶς,
2968 702 3063 755 κα)⁸
3088 702 3178 756 διὰ
3205 704 3481 777 μητρῴων
3507 707 3794 777 ὲνςεύξεων,

2231 786 2327 839 καὶ
2362 789 2743 858 προτείνεσθαι
2771 793 2944 847 ταῦτα
2978 799 3074 849 καὶ
3133 798 3606 871 ἀποπληροῦσθαι.
3641 803 3795 860 Τοῦτο

2231 878 2342 950 γὰρ
2375 880 2435 934 τὸ
2458 882 2595 951 πρὸς
2625 884 2790 939 αὑτὸν
2814 887 2909 941 σοῦ
2939 890 3033 943 καὶ
3063 892 3244 961 ἡμῶν,
3273 896 3353 959 εἰς
3389 896 3450 948 σὲ
3480 895 3794 961 ἔγχαλλώπι-

2234 987 2346 1039 σμα
2375 988 2390 1002 ν
2422 973 2579 1026 τοῦτό
2611 993 2694 1042 τε,
2730 978 3021 1051 γνώρισμα
3048 984 3151 1053 τῆς
3195 984 3285 1039 διὰ
3322 987 3418 1040 σοῦ
3449 990 3797 1061 γεγενημένης

2231 1063 2397 1117 αὐτοῦ
2438 1066 2871 1139 φιλανθρωπίας,
2938 1073 3156 1146 Ταύτης
3205 1080 3327 1142 ταῖς
3384 1077 3554 1132 ὲῖπίσι
3612 1097 3795 1137 cavav-

2233 1154 2551 1226 υψούμενοι,
2580 1162 2679 1231 τῆς
2691 1164 2902 1229 οἰκείας
2927 1170 3795 1242 καταφρονοῦμενταπεινότητος,

2229 1247 2329 1317 τῆς
2354 1250 2715 1322 χαμαιζήλου,
2760 1255 2855 1309 καὶ
2884 1257 3119 1325 γεώδους
3176 1261 3655 1334 ἐπιλανθανόμενοι
3690 1266 3796 1319 δια-

2230 1341 2452 1411 γωγῆς·
2478 1344 2750 1409 ἐντεῦθεν,
2808 1348 2916 1401 τῶν
2965 1351 3065 1421 τῆς
3097 1352 3201 1421 γῆς
3251 1352 3515 1424 ἐπείρειν,
3551 1355 3648 1406 καὶ
3677 1356 3797 1427 πρὸς

2229 1432 2459 1504 οὐρανὸν
2486 1436 2809 1505 ἐπείγεσθαι
2852 1442 3304 1515 προθυμούμεθα.
3338 1444 3625 1500 Ἐντεῦθεν
3658 1450 3794 1517 ἡμῖν,

2231 1526 2285 1577 αἱ
2318 1526 2669 1595 ἀδιάθξευστοι
2706 1531 2813 1584 τῶν
2870 1534 3255 1607 ἀποκειμένων
3286 1538 3500 1605 ιγαθῶν
3555 1540 3795 1605 ἐλπίδες·

2230 1616 2481 1670 ἐντεῦθεν
2514 1621 2569 1671 αἱ
2607 1622 2717 1676 τῶν
2744 1625 2980 1681 αἰωνίων
3018 1630 3350 1699 προσδοκᾶι.
3392 1631 3493 1685 Διὰ
3522 1631 3702 1695 τοῦτο,
3726 1651 3798 1701 cpt-

2229 1709 2506 1782 λοφρὸνως
2570 1715 2668 1787 τὴν
2701 1716 2943 1789 εὔσημον
2984 1722 3081 1774 καὶ
3116 1722 3256 1777 θείαν
3308 1723 3524 1795 ταύτην
3588 1727 3797 1794 ἄγοντες

2230 1803 2447 1875 ἑορτὴν,
2482 1805 2560 1877 τῷ
2587 1811 2668 1872 εἰς
2689 1810 2898 1864 οἰκείαν
2926 1812 3143 1869 ἅπαντα
3176 1816 3603 1887 προνοησαμένῳ
3634 1817 3794 1882 δόξαν,

532 1878 695 1979 gitori
722 1896 737 1934 :
769 1880 943 1949 ipsum
980 1884 1180 1954 quippe
1206 1887 1361 1942 decet
1415 1889 1615 1955 honor,
1647 1899 1812 1961 atque
1851 1893 2123 1963 adoratio,

2232 1873 2313 1957 εῐξ
2336 1873 2606 1967 μήτριδιόν
2627 1917 2686 1953 τε
2709 1902 2993 1974 καύχημα,
3017 1907 3114 1961 καὶ
3144 1873 3278 1975 oni-:1)
3288 1873 3405 1978 ριον
3427 1873 3540 1961 ’ἐῶν

532 1983 595 2023 ac
628 1968 893 2041 laudatio,
929 1989 1052 2030 cum
1090 1976 1272 2045 Patre,
1308 1994 1374 2033 ac
1408 1979 1616 2050 Spiritu
1652 1992 1867 2051 sancto,
1900 2000 2045 2041 nunc
2066 1995 2122 2043 et

530 2073 771 2130 semper,
807 2073 863 2118 et
892 2065 944 2118 in
977 2066 1172 2120 stncula
1200 2069 1545 2136 saeculorum,
1586 2070 1779 2125 Amen.

2228 1986 2681 2062 ἑγκαλλώπισμα,
2733 1994 2833 2065 τὴν
2881 1996 3220 2069 εὐχαριστίακ
3255 1997 3660 2069 ἀναπέμπομεν
3688 1997 3797 2070 [ἄλ.

2228 2078 2650 2156 ἀναφέρομεν],
2686 2084 2912 2159 Χριστῷ
2957 2089 3037 2160 τῷ
3090 2089 3191 2142 τῶν
3235 2090 3463 2159 ἀγαθῶν
3506 2092 3668 2162 αἰτίῳ
3716 2091 3798 2143 καὶ

529 2153 796 2256 παρόχῳῌο
825 2158 1087 2256 δῖναι)εῷ
1116 2160 1321 2232 πρέπει
1372 2162 1529 2251 τιμὴ,
1581 2163 1676 2217 καὶ
1718 2165 2117 2237 προσκύνησις,
2159 2170 2254 2225 καὶ
2315 2153 2616 2247 δοξολογίαξ
2649 2153 2753 2235 σὺν
2811 2153 3105 2255 sigilla-r91,
3160 2182 3256 2237 καὶ
3285 2153 3392 2255 .τῷ
3437 2186 3585 2256 ἁγίῳ
3638 2153 3796 2239 ὴνεύ·

533 2262 685 2319 ματι,
718 2249 812 2303 νῦν
851 2250 943 2306 καὶ
964 2253 1072 2319 ἀεὶ,
1105 2255 1197 2307 καὶ
1230 2256 1309 2318 εἰς
1337 2257 1463 2321 τοὺς
1489 2249 1695 2324 αἰῶνας
1730 2261 1841 2315 τῶν
1867 2261 2080 2318 αἰώνων
2102 2304 2117 2318 .
2173 2256 2366 2341 Ἀμήν.

1894 2489 2157 2548 unum
2202 2493 2272 2553 tv
2312 2494 2471 2569 (ιε’).

1497 2629 1568 2684 In
1601 2634 1988 2701 conceptionem
2026 2638 2375 2695 sanctissian
2407 2640 2505 2696 Dei
2544 2640 2847 2702 Genitricis.

602 2783 647 2840 ι.
682 2784 868 2840 Suave
914 2783 1135 2853 quidem
1184 2792 1270 2839 est
1321 2786 1609 2854 praesentis
1653 2789 1815 2859 hujus
1860 2791 1995 2846 lat-tm
2029 2807 2121 2847 so-

529 2878 832 2938 ]emnitatis
893 2891 1113 2931 nomen.
1166 2876 1237 2931 At
1296 2879 1516 2935 suavius
1562 2889 1646 2935 est
1687 2882 1833 2937 illius
1881 2885 2121 2940 rationes

533 2986 788 3026 sermone
825 2979 1115 3037 rctexcrc;
1163 2984 1300 3038 quas
1332 2971 1528 3026 iterato
1563 2974 1878 3030 evolventcs
1913 2988 1967 3030 et
1997 2991 2126 3045 gra-

533 3064 757 3122 tahundi
780 3072 1136 3133 exponentes,
1159 3079 1298 3119 novo
1322 3080 1424 3120 nos
1449 3065 1750 3121 dulcedinis
1786 3068 2128 3124 incremento

2222 2795 2567 2863 oboriuntur,
2602 2800 2980 2868 satiaripotest
3012 2799 3251 2868 animus,
3279 2802 3436 2874 cujus
3461 2804 3793 2864 demonstra-

2224 2886 2425 2941 tionem
2460 2889 2528 2942 ad
2561 2904 2647 2956 ea,
2684 2907 2789 2960 qua
2822 2898 2940 2943 acta
2977 2900 3105 2945 sunt
3160 2902 3283 2961 post
3341 2896 3616 2952 redditum
3643 2900 3793 2968 justis

2226 2978 2334 3034 illis
2358 2968 2689 3038 Joachim'et
2713 2986 2868 3038 Anna:
2893 2982 3136 3038 divinum
3168 2986 3477 3053 oraculum,
3506 2990 3791 3060 rejicimus.

2229 3070 2307 3125 Eo
2342 3072 2486 3127 enim
2538 3090 2710 3145 usque
2731 3072 3096 3142 produceutcs
3128 3091 3460 3143 sermonem,
3497 3090 3556 3134 et
3588 3082 3793 3135 uberem

528 3173 868 3222 recreamnr,
912 3166 966 3211 et
1002 3157 1356 3227 splendidiori
1395 3174 1527 3213 sane
1560 3160 1921 3229 auipliorique
1955 3163 2124 3216 volu-
2153 3197 2197 3256 ο
2231 3164 2446 3234 copiam
2483 3175 2581 3236 p’er
2614 3167 2751 3221 illun
2783 3176 3197 3232 coacervanles,
3246 3155 3618 3226 insatiabilem
3654 3172 3795 3240 cupi-

529 3262 681 3323 ptate
745 3253 1149 3323 perfundimur.
1216 3252 1351 3309 Cum
1394 3254 1548 3307 'cnim
1609 3256 1660 3308 in
1722 3254 1987 3319 ejusmodi
2047 3256 2125 3311 rei

530 3356 770 3398 tractatu
805 3344 986 3399 verbis
1010 3345 1389 3409 immoramur,
1420 3356 1650 3415 augetur
1678 3349 1921 3403 suavitas
1953 3348 2124 3403 itera-

533 3439 682 3493 tione
757 3440 1066 3505 sermonis;
1134 3448 1188 3495 et
1259 3440 1715 3509 quemadmodum
1788 3456 2128 3512 quaecunque

533 3533 736 3585 olentia
790 3532 1151 3587 innascuntur
1200 3534 1468 3603 germina.
1514 3533 1641 3587 licet
1691 3549 1787 3602 per
1834 3549 1893 3589 se
1942 3536 2127 3590 odoris

535 3625 769 3680 habeant
827 3623 1224 3696 fragrantiatn,
1275 3634 1611 3680 contrectata
1665 3636 1842 3681 tamen
1888 3637 1940 3682 et
1974 3643 2126 3682 com-

533 3734 723 3785 pressa
791 3718 1089 3788 jucundum
1158 3719 1364 3789 magis,
1439 3720 1723 3789 magisque
1792 3720 2124 3790 fragrantem

535 3813 822 3883 exspirant
872 3812 1127 3877 odorem;
1162 3812 1237 3866 ita
1268 3822 1321 3866 et
1352 3811 1586 3867 celebris
1637 3812 1738 3866 ista
1788 3813 2124 3880 Solemnitas,

533 3916 936 3977 unguentorum
972 3909 1161 3978 gratiae
1195 3904 1393 3960 referta
1441 3905 1630 3970 odore,
1665 3904 2125 3976 iucundissimam

534 4000 723 4069 utique
754 4015 989 4069 eamque
1024 3998 1249 4053 minime
1286 3999 1522 4053 fucatam
1579 4013 1763 4053 secum
1795 3999 1969 4053 defert
1999 4014 2127 4053 sua-

538 4092 766 4147 vitatem
807 4092 1130 4163 :praecuuio
1206 4101 1388 4147 tamen
1444 4091 1754 4157 celebrata,
1829 4092 2129 4163 faustisque

534 4186 918 4240 commendata
949 4185 1459 4247 acclamationibus,
1496 4199 1563 4238 ac
1597 4184 1778 4238 verbis
1804 4184 1966 4239 veluti
1994 4200 2126 4239 con-

540 4287 794 4342 trectata,
847 4278 1021 4347 magis
1057 4291 1179 4331 eam
1214 4276 1363 4332 effiat
1393 4293 1545 4341 sane,
1598 4276 1955 4346 effunditque,
1992 4277 2127 4330 odo-

535 4381 767 4439 rataque
790 4384 1066 4440 nunquam
1111 4381 1447 4425 evanescunt
1475 4353 1808 4441 cognitionis
1830 4379 2125 4440 unguenta;

535 4461 733 4531 quibus
786 4476 914 4518 vero
982 4463 1224 4534 penitius
1282 4464 1400 4532 ejus
1470 4472 1754 4532 perspecta
1790 4461 1873 4517 fit
1939 4462 2126 4527 notio,

2230 3253 2459 3310 ditatem
2512 3257 2776 3311 moderata
2824 3256 3223 3325 compositione
3266 3255 3627 3324 distulimus;
3667 3272 3797 3313 nunc

2235 3360 2368 3400 vero
2404 3346 2495 3401 illo
2526 3345 3085 3417 postlabitonecesse
3133 3356 3220 3401 est
3255 3349 3583 3401 thesaurum
3633 3349 3796 3418 ipsum

2231 3452 2548 3508 comparate
2585 3437 2973 3511 agredientcs,
3004 3438 3091 3492 his
3120 3438 3211 3508 qui
3253 3453 3590 3505 convenere,
3615 3439 3798 3510 jucun-

2231 3529 2516 3586 dissimam
2551 3529 2847 3587 traditionis
2876 3540 3088 3599 partem
3121 3544 3418 3605 exponere.

2307 3624 2369 3678 ῙΙ.
2412 3624 2549 3680 Cum
2605 3623 2770 3692 igitur
2838 3624 3177 3680 sanctissimi
3239 3624 3489 3682 Joachim
3551 3636 3609 3682 et
3655 3627 3797 3680 Anna

2231 3718 2494 3788 ejusmodi
2522 3719 2853 3787 spmsionem
2876 3718 3146 3788 praeconis
3166 3734 3299 3775 voce
3324 3719 3566 3775 delatam
3595 3720 3800 3774 minime

2232 3826 2458 3883 prorsus
2493 3808 2866 3876 hasitabundi,
2902 3810 3035 3879 quin
3086 3812 3542 3866 constantissima
3603 3821 3793 3873 mente,

2231 3903 2459 3974 perinde
2506 3919 2558 3957 at
2601 3916 2659 3956 re
2697 3901 2809 3971 jam
2853 3903 3122 3970 completa
3187 3904 3600 3972 suscepissent,
3648 3905 3797 3960 fetum

2231 3995 2586 4066 excepissent,
2616 3994 2866 4062 protinus
2902 3993 2993 4048 ille
3022 3993 3243 4063 quidem
3269 4010 3483 4064 preces,
3516 3997 3792 4059 stationes,

2232 4096 2529 4159 nuncupata
2605 4097 2766 4153 vota,
2840 4087 3249 4157 propitiationis
3332 4089 3793 4153 holocautomata.

2233 4182 2688 4250 acceptabiesque
2732 4179 2955 4233 instruit
2992 4180 3224 4235 hostias.
3282 4179 3402 4250 Ipsa
3443 4197 3582 4237 vero
3619 4192 3796 4235 munus

2233 4275 2347 4330 suis
2393 4276 2730 4344 impetratum
2782 4272 3039 4341 precibus
3085 4286 3146 4328 se
3194 4271 3307 4328 Deo
3352 4272 3705 4337 oblaturam,
3744 4287 3797 4325 ac

2233 4364 2510 4422 saeratiori
2568 4364 2890 4420 holocausto
2935 4360 3382 4443 consecraturam
3415 4365 3726 4436 pollicetur.
3758 4361 3794 4417 0

2229 4458 2494 4531 justoruvt
2557 4456 2749 4511 fidem!
2792 4457 2837 4513 0
2888 4456 3388 4525 exploratissimam
3442 4472 3641 4527 spem,
3697 4470 3799 4526 qua:

536 4556 850 4611 uberiorem
895 4555 1108 4625 spirant
1158 4555 1451 4611 suavitatis
1496 4556 1739 4610 odorem.
1776 4552 1911 4609 Cum
1945 4555 2130 4624 itaque
2162 4548 2205 4604 D
2236 4562 2485 4622 cognatas
2519 4559 2729 4603 natura:
2775 4549 2917 4604 vires
2960 4548 3260 4619 superant!
3292 4546 3337 4603 Ο
3369 4564 3456 4603 res
3491 4550 3633 4604 nulli
3669 4561 3797 4603 com-

532 4649 649 4719 jugi
683 4649 761 4703 rei
802 4649 1181 4714 meditatione,
1220 4649 1529 4719 iterataque
1562 4650 1925 4719 explicatione
1955 4648 2131 4703 dulcis

541 4746 655 4795 lucc
690 4743 958 4810 spiritalis
992 4742 1245 4814 voluptas
1281 4742 1461 4812 majus
1493 4752 1675 4797 sumat
1707 4742 2131 4805 incrementum,

540 4835 827 4905 magisque
878 4836 1004 4892 inde
1055 4837 1273 4892 animus
1326 4836 1665 4899 oldectctur;
1726 4834 1886 4900 longe
1933 4834 2131 4888 acriori

540 4933 725 4987 studio
777 4942 949 5004 atque
999 4932 1303 5001 operosiori
1363 4932 1691 4986 tractatione
1741 4929 1809 4984 de
1862 4929 1964 4983 hac
2017 4930 2132 4998 ipsa

536 5027 889 5081 solemnitate
933 5035 1153 5096 oportet
1205 5025 1409 5081 habere
1443 5039 1773 5088 sermonem,
1823 5035 1876 5077 ut
1914 5021 2133 5078 emante

536 5133 601 5172 ex
636 5118 723 5173 illa
748 5118 1094 5189 iucunditate
1128 5118 1342 5173 abunde
1378 5117 1715 5187 expleantur.
1751 5113 1954 5171 Verum
1989 5124 2047 5169 ut
2078 5118 2130 5170 id

538 5209 738 5277 ipsum,
793 5227 902 5281 quo
952 5226 1239 5276 caremus,
1293 5210 1512 5279 assequi
1567 5207 1876 5276 possimus,
1933 5206 2133 5261 divinae

539 5303 779 5365 odorata:
800 5305 959 5373 hujus
980 5304 1292 5375 fragrantia;
1314 5303 1520 5373 aspiret
1539 5300 1785 5365 afﬂatus;
1806 5298 2130 5355 inexhausta

541 5393 741 5465 quippe
773 5403 856 5450 est
886 5395 1076 5450 horum
1109 5395 1395 5459 bonorum,
1430 5409 1530 5449 nec
1564 5408 1631 5447 ex
1661 5392 1749 5458 iis,
1781 5405 1901 5460 qua:
1929 5395 1997 5445 ab
2028 5392 2130 5445 illis

618 5529 663 5598 (l
677 5528 752 5601 8‘)
780 5529 1047 5599 Execrpta
1074 5545 1138 5601 es
1170 5543 1335 5598 opere
1365 5525 1869 5601 in_edito_llippolyti
1900 5525 2128 5601 Merrae!

544 5599 612 5651 cii
666 5597 753 5654 cui
819 5597 1052 5654 titulus:
1091 5600 1317 5655 Mariale
1394 5598 1609 5667 Georgii
1682 5597 2125 5653 NicutnediensiS.

546 5668 1027 5726 Marracciicodex
1059 5672 1487 5740 manuscriptus,
1517 5669 1702 5724 Roma:
1731 5670 1783 5723 in
1811 5669 2124 5723 bibliotheca

547 5740 1004 5809 flongregatiouis
1046 5740 1389 5796 Clericorutn
1444 5740 1631 5795 Matris
1661 5740 1753 5794 Dei
1794 5751 2122 5794 asservatur.

550 5808 823 5880 Perinde
854 5811 954 5864 hac
982 5812 1205 5880 homilia
1242 5810 1295 5863 iu
1329 5810 1741 5880 conceptionem
1794 5814 1909 5865 tunc
1955 5821 2121 5864 auno-

543 5878 683 5933 tasit
734 5876 1069 5936 Marraccius
1102 5897 1120 5939 ι
1153 5879 1468 5939 Orationem
1501 5876 1661 5938 'hanc
1706 5882 1760 5939 in
1805 5880 2123 5956 perainiquo

2232 4642 2514 4716 paraiiles.
2540 4653 2595 4697 et
2617 4642 2792 4697 libero
2810 4658 2942 4698 sane
2962 4642 3165 4712 judicio
3187 4642 3582 4711 relinquendas
3607 4654 3797 4705 eorum,

2235 4741 2327 4811 qui
2357 4751 2535 4791 veram
2571 4749 3000 4807 germanamque
3048 4736 3296 4806 ipsarum
3345 4736 3706 4790 eminentiam
3737 4743 3797 4785 te-

2236 4837 2359 4917 nent
2391 4828 2763 4898 esploratam!
2802 4826 2990 4897 Neque
3034 4828 3180 4883 enim
3232 4842 3354 4883 cum
3393 4826 3559 4883 fidem
3616 4828 3796 4882 habent

2233 4921 2376 4996 justi,
2420 4921 2589 4991 signis
2641 4929 2903 4989 praeterea
2949 4920 3221 4989 indigent.
3255 4918 3394 4985 Quin
3425 4917 3676 4974 Jeachim
3713 4930 3794 4971 nec

2243 5030 2386 5084 signa
2418 5030 2478 5068 se
2495 5013 2798 5084 promereri
2826 5013 3073 5080 expetiit,
3102 5013 3449 5084 postmodum
3484 5013 3796 5070 certissime,

2229 5123 2295 5163 ac
2327 5107 2371 5162 si
2412 5106 2521 5175 jam
2575 5107 2919 5178 accepisset,
2974 5106 3079 5163 sibi
3137 5105 3377 5185 futuram
3435 5105 3645 5177 prolem
3694 5118 3800 5159 sen-

2229 5200 2391 5255 licus.

2303 5291 2391 5347 Ill.
2432 5290 2588 5346 Anna
2639 5306 2771 5348 vero
2813 5291 3143 5362 promissam
3216 5291 3426 5361 prolem
3486 5290 3712 5361 perinde
3747 5300 3803 5339 ac

2228 5394 2659 5457 praesentaneam
2696 5396 2751 5441 et
2785 5385 2968 5442 verbis
3018 5394 3073 5447 et
3122 5399 3181 5439 re
3211 5386 3328 5453 ipsa
3382 5394 3554 5450 tenet,
3593 5394 3648 5438 et
3682 5394 3801 5452 prtev

2240 5529 2431 5584 Graeco
2464 5544 2567 5584 ms.
2603 5529 2791 5584 codice
2817 5529 2919 5583 sub
2945 5528 3166 5584 nomine
3193 5527 3414 5600 Georgii
3440 5527 3803 5600 Nicomedien-

2237 5602 2315 5656 sis
2364 5600 2776 5669 metropolitzea
2815 5615 2872 5654 se
2901 5600 3174 5653 iuventam
3204 5596 3502 5669 exscripsit
3532 5616 3592 5653 ac
3632 5596 3808 5669 Latine

2236 5672 2472 5727 reddidit
2524 5672 2687 5726 Adm.
2736 5668 2804 5724 Β.
2854 5670 2916 5725 Ρ.
2979 5670 3044 5724 D.
3096 5668 3421 5725 Vincentius
3483 5668 3804 5729 Riccardius,

2236 5743 2471 5798 clericus
2510 5742 3085 5816 regularis,_tnihique
3116 5741 3185 5795 ab
3214 5742 3540 5816 eobettigne
3567 5752 3802 5798 commu-

2235 5816 2472 5870 nicatani
2509 5813 2779 5869 marianis
2817 5813 3115 5869 lectoribus
3147 5812 3396 5869 exhibui.
