4060 6452
374 437 510 506 1401

1332 446 1415 507 ΙΝ
1457 446 1562 508 SS.
1601 446 1869 509 MARUE
1906 443 2640 507 PRESENTATIONEM.

3514 443 3652 509 1402

377 559 525 616 benti
565 560 859 631 rependere
897 560 1028 617 illud
1077 561 1279 633 ipsum,
1329 564 1472 634 quod
1525 564 1950 635 prmhabendum
1988 568 2031 625 Α
2064 567 2293 614 eventus
2322 559 2627 614 futurorum
2661 572 2767 613 non
2813 558 3020 627 expetit
3050 557 3227 625 signa,
3270 571 3456 613 verum
3485 561 3649 615 etiam

376 663 515 719 erat,
547 654 855 710 certissima
888 656 995 709 voti
1028 656 1319 725 sponsione
1344 656 1695 723 confirmans,
1731 656 1960 713 omnino

380 745 623 799 futurum
659 761 781 801 esse
814 746 1120 802 denuntiat.
1162 747 1284 802 Sive
1309 749 1471 814 enim,
1512 747 1712 818 inquit,
1745 764 1961 801 mascu-

378 836 473 891 lus
493 836 677 905 fuerit,
727 839 832 891 sive
860 837 1057 908 femina
1087 839 1145 891 id
1171 840 1310 909 quod
1344 836 1627 907 'peperero,
1661 840 1758 892 Iwc
1785 840 1959 907 ipsum

378 939 494 983 utut
545 931 667 994 erit,
721 930 946 985 Domino
994 931 1103 987 Deo
1144 948 1259 987 meo
1309 932 1497 985 dicabo
1529 940 1576 984 et
1608 929 1797 1000 templo
1847 929 1961 998 eius

376 1022 692 1075 consecrabo
736 1021 800 1077 ⁸⁸.

452 1112 515 1164 Et
553 1128 846 1181 quemnam
883 1115 1210 1183 priscorum,
1240 1131 1274 1171 ο
1305 1116 1460 1171 beata
1504 1116 1685 1179 Anna.
1728 1114 1959 1170 similem

379 1201 574 1257 fecisse
600 1205 946 1271 sponsionem
978 1207 1308 1277 percepisti?
1335 1223 1397 1261 ac
1427 1208 1771 1277 quandonam
1799 1219 1960 1261 sacro

377 1294 471 1349 illo
496 1297 617 1349 loco
648 1295 899 1350 feminam
933 1298 1168 1352 dicatam
1200 1298 1502 1367 aspexisti?
1530 1312 1765 1367 quonam
1800 1296 1962 1352 modo

376 1394 731 1441 sacrosancto
782 1386 857 1440 illi
893 1389 1134 1442 virorum
1190 1388 1355 1443 coetui
1408 1387 1779 1443 insociabilem
1810 1402 1963 1442 asso-

376 1477 493 1531 cias
524 1471 845 1533 mulierem?
873 1478 940 1532 Et
968 1495 1219 1548 quaenam
1250 1479 1471 1533 fervens
1520 1478 1648 1545 ista,
1680 1477 1961 1549 ignitaque

380 1567 550 1631 fides,
607 1582 713 1637 qua
785 1569 1114 1637 nuncupatis
1160 1569 1302 1623 votis
1355 1567 1597 1622 inaudita
1651 1568 1961 1638 aggrederis

376 1655 658 1710 facinora?
689 1655 823 1723 Quis
871 1672 1009 1712 nova
1040 1656 1306 1727 ejusmodi
1349 1657 1597 1712 instituta
1628 1657 1962 1726 praenuntia-

374 1750 496 1804 vit?
539 1749 669 1816 Quis
717 1748 984 1819 ejusmodi
1034 1750 1235 1805 mentis
1279 1763 1439 1804 sensa
1480 1758 1626 1802 tuum
1676 1748 1872 1803 indidit
1908 1750 1961 1802 in

371 1840 658 1896 animum?
690 1839 979 1895 Hominum
1029 1841 1269 1910 quidem,
1302 1840 1496 1911 inquit,
1540 1840 1750 1907 nullus;
1788 1856 1962 1911 neque

2068 652 2297 723 perinde
2346 667 2412 706 ac
2459 667 2627 721 opere
2688 650 2957 720 completa
3014 650 3163 706 foret
3207 649 3541 720 promissio.
3596 661 3653 707 et

2067 743 2306 799 exsultat
2332 752 2389 799 et.
2415 744 2774 809 vaticinatur,
2824 753 2988 811 atque
3023 744 3150 798 hinc
3182 744 3503 814 prophetico
3538 743 3650 798 ful-

2070 844 2159 907 get
2193 835 2357 889 dono.
3492 842 3505 851 '

2143 924 2279 979 Hinc
2309 924 2607 995 primordia
2643 924 2826 978 arcani
2858 925 3085 994 percipit
3125 926 3491 993 sacramenti;
3527 924 3653 980 hinc

2069 1016 2378 1070 mortalium
2444 1017 2684 1071 omnium
2740 1016 3030 1071 eillorescit
3083 1017 3449 1086 pulchritudo.
3517 1015 3654 1071 Hinc

2067 1109 2162 1165 Dei
2220 1111 2412 1165 matris
2458 1109 2695 1164 eilicitur
2749 1121 2947 1178 mater,
2999 1111 3170 1173 illius,
3232 1112 3475 1179 inquam,
3531 1125 3653 1178 quae

2069 1203 2379 1272 incorrupta
2427 1202 2657 1273 peperit,
2706 1218 2825 1270 qua:
2859 1217 3022 1271 supra
3053 1218 3214 1272 quam
3246 1216 3468 1271 sperare
3500 1209 3653 1269 pote-

2066 1302 2175 1355 rat,
2225 1295 2509 1363 concepit,
2558 1309 2676 1363 quae
2724 1294 2998 1363 peculiare
3057 1294 3157 1347 fuit
3205 1301 3261 1347 et
3304 1294 3651 1363 peregrinum

2068 1392 2279 1439 naturae
2306 1388 2723 1449 ornamentmn,
2778 1398 3032 1454 germana
3076 1384 3317 1437 omnium
3362 1382 3650 1452 gloriatio;

2067 1483 2311 1544 cognatm
2341 1487 2545 1531 natura:
2575 1476 2705 1542 filia,
2737 1486 2792 1530 et
2821 1491 2983 1545 supra
3018 1487 3270 1530 naturam
3298 1483 3491 1538 mater,
3518 1473 3651 1536 lilia,

2008 1618 2015 1623 .
2068 1578 2122 1624 et
2174 1569 2387 1640 regina;
2448 1568 2659 1637 puella,
2714 1577 2769 1624 et
2815 1569 2963 1624 omni
3022 1579 3270 1623 creatura
3329 1565 3651 1628 sublimior;

2069 1673 2283 1729 semper
2341 1658 2525 1730 virgo,
2589 1668 2643 1716 et
2697 1662 2847 1731 pueri
2902 1671 3116 1726 mater;
3169 1659 3271 1713 viri
3322 1657 3542 1720 nescia,
3600 1664 3657 1710 et

2069 1750 2488 1818 fecundissima;
2520 1759 2595 1816 et.
2654 1753 2773 1808 sine
2807 1753 2931 1808 fuco
2965 1753 3038 1808 sit
3085 1753 3313 1819 dictum,
3363 1765 3482 1821 quae
3524 1764 3656 1805 vere

2070 1841 2514 1913 incorporearum
2546 1846 2809 1899 virtutum
2836 1854 3059 1914 superat
3086 1844 3402 1915 puritatem.

376 1942 557 1987 mater
602 1932 872 2002 majorum
908 1933 1149 2001 acceptis
1172 1932 1436 2014 exemplis
1472 1945 1558 1986 me
1586 1932 1653 1987 ad
1683 1932 1960 1987 admiran-
1988 1937 2034 1992 Β
2133 1936 2286 1990 Anna
2316 1951 2412 2005 per
2466 1945 2805 1992 constantem
2841 1938 2998 1991 fidem
3050 1937 3209 2004 hujus
3248 1936 3363 1991 fieri
3410 1943 3657 1990 meretur

372 2023 504 2076 dum
544 2023 687 2076 istud
735 2022 1089 2077 emittendum
1138 2032 1324 2077 votum
1360 2023 1576 2094 adegit;
1613 2024 1708 2079 sed
1746 2040 1833 2089 eo,
1866 2023 1960 2094 qui

373 2131 407 2168 a
448 2114 738 2170 sterilitate
783 2113 1000 2181 liberat,
1033 2123 1275 2181 auctore,
1315 2115 1381 2168 ab
1412 2130 1604 2184 eoque,
1638 2116 1727 2184 qui
1765 2126 1961 2186 praeter

369 2221 592 2262 omnem
645 2221 799 2275 spem
863 2207 1144 2261 hominum
1199 2206 1469 2261 desideria
1529 2208 1760 2275 perlicit,
1813 2207 1957 2261 istud

369 2299 614 2355 futurum
638 2300 902 2369 cogitans,
936 2306 1142 2354 certam
1178 2288 1318 2353 hanc
1350 2306 1799 2367 constantemque
1835 2296 1959 2352 fidei

368 2404 563 2444 vocem
593 2390 805 2444 emitto.

447 2479 537 2537 ιν.
578 2480 709 2536 Vide
743 2495 1004 2551 expressa
1043 2480 1285 2536 vaticinii
1335 2481 1489 2549 signa
1530 2499 1542 2534 :
1579 2480 1701 2535 vide
1734 2480 1963 2537 sincerae

370 2573 573 2629 mentis
606 2589 705 2628 nec
735 2573 1127 2629 htesitabundae
1156 2574 1270 2642 spei
1293 2579 1629 2645 argumenta.
1650 2571 1769 2627 Non
1804 2574 1964 2630 modo

998 2665 1222 2718 ΛΟΓοΣ
1247 2662 1327 2719 E'.

370 2758 675 2828 Γεωργίου
706 2757 982 2828 μοναχοῦ
1006 2756 1106 2810 καὶ
1141 2755 1604 2828 χίαρτοεούλακος
1637 2754 1745 2828 τῆς
1767 2755 1963 2828 Μεγά-

445 2825 563 2896 λήςέ
602 2825 939 2896 ὲκκζλησίας
960 2868 976 2892 ,
1010 2827 1337 2895 Ἐγκώμιον
1373 2829 1466 2896 εὶς
1508 2825 1624 2893 τὴν
1662 2825 1966 2880 ἀπόδοσιν

445 2894 557 2968 τῆςὶ
591 2894 950 2968 ’Υπεραγζας
987 2894 1279 2968 Beardaneu
1304 2896 1374 2950 ἐν
1404 2894 1482 2960 τῷ
1504 2895 1630 2962 ναῷ
1657 2896 1759 2950 καὶ
1789 2895 1956 2966 ἀφιέ-

441 2967 637 3039 ρωσιν
661 2969 742 3035 τῷ
766 2967 887 3033 Θεῷ
919 2968 1070 3021 κατὰ
1092 2967 1208 3034 τὴν
1230 2968 1524 3034 ἱστορίαν.

444 3059 675 3130 Φαιδρὺν
705 3059 766 3112 τὸ
791 3059 893 3128 τῆς
921 3057 1207 3128 παρούσης
1256 3058 1452 3127 ἑορτῆς
1516 3055 1811 3127 σύνθημαο
1880 3055 1965 3110 διὸ

373 3155 514 3227 πρὸς
550 3155 779 3224 ἄπειρον
812 3151 928 3220 φῶς
957 3151 1049 3205 τὸν
1100 3149 1238 3221 πρὸς
1269 3148 1479 3219 ταύτην
1535 3146 1960 3217 συνειλεγμένον

2068 2038 2279 2097 mater;
2314 2041 2477 2099 atque
2505 2031 2577 2084 ita
2608 2046 2703 2099 per
2743 2030 3061 2099 multiplicia
3098 2031 3361 2084 virtutum
3407 2028 3655 2100 germina

2068 2121 2302 2177 fructum
2348 2116 2555 2194 profert
2586 2124 3042 2194 ineorruptionis;
3074 2124 3146 2177 ita
3178 2124 3424 2177 obscura:
3458 2136 3655 2188 exspe-

2064 2214 2322 2269 CIationis
2361 2214 2651 2283 praeclaros
2708 2215 2949 2283 suscepit
2994 2223 3243 2275 eventus,
3280 2220 3335 2266 et
3362 2212 3651 2266 verborum

2059 2306 2325 2374 promissa
2356 2320 2414 2361 re
2441 2306 2552 2373 ipsa
2583 2307 2851 2375 conspicit
2884 2321 3004 2361 esse
3029 2306 3315 2374 completa.
3346 2306 3482 2373 Spes
3503 2305 3650 2359 enim

2059 2397 2184 2463 illas,
2221 2414 2343 2468 quae
2386 2399 2439 2452 in
2484 2398 2593 2453 Deo
2646 2399 2916 2465 locantur,
2970 2398 3278 2454 certissime
3321 2408 3509 2467 Optato
3550 2410 3652 2452 suo

2060 2504 2168 2543 non
2200 2489 2542 2545 frustrantur
2588 2490 2695 2546 line
2731 2512 2744 2546 :
2779 2506 2941 2559 quem
2976 2506 3109 2545 sane
3140 2500 3197 2545 ut
3227 2500 3351 2560 post
3395 2499 3649 2546 eventum

2062 2580 2335 2648 obtinent,
2366 2583 2440 2637 ita
2472 2592 2600 2638 ante
2633 2583 2943 2637 certissime
2974 2593 3316 2652 exspectant,
3348 2591 3455 2638 etc.

2691 2672 2948 2727 ORATIO
2976 2673 3041 2728 ν.

2069 2755 2283 2831 Georgii
2315 2761 2566 2815 monachi
2592 2778 2654 2814 ac
2685 2765 2895 2830 Magncr
2924 2761 3160 2815 ecclesia:
3190 2759 3651 2831 Chartophylacis,

2144 2829 2459 2885 Encomium
2486 2833 2538 2884 in
2566 2829 2918 2885 sanctissime
2948 2831 3189 2897 Deiparcr
3213 2829 3652 2900 Reprrésentatto-

2139 2916 2255 2954 nem
2283 2903 2337 2955 in
2361 2900 2574 2973 templo.
2605 2911 2760 2973 atque
2794 2912 2851 2956 ut
2894 2900 3006 2956 Deo
3032 2914 3344 2956 consecrata
3374 2903 3443 2955 sit
3481 2901 3652 2970 juxta

2141 2973 2418 3026 historiam
2452 2972 2590 3041 (19}.

2143 3062 2293 3117 Laeta
2338 3072 2423 3117 est
2500 3077 2563 3116 ac
2625 3062 2886 3132 praeclara
2944 3063 3233 3134 praesentis
3291 3060 3655 3118 solemnitatis

2072 3160 2316 3220 tessera;
2346 3162 2509 3222 atque
2534 3152 2670 3207 adeo
2698 3148 2982 3208 collectum
3012 3155 3065 3208 in
3095 3162 3158 3209 ea
3192 3163 3418 3218 cretum,
3453 3153 3519 3206 ad
3554 3152 3655 3205 im-

375 3244 644 3320 παρορμᾷ
704 3245 988 3313 σύλλογον.
1056 3242 1328 3313 Λαμπρὸν
1373 3240 1437 3294 τὺ
1486 3238 1596 3294 τῶν
1672 3239 1964 3309 παρόντων

2076 3236 2322 3300 mensum
2348 3246 2528 3300 lumen
2562 3245 2773 3311 incitat,
2802 3261 2867 3301 ac
2896 3247 3148 3317 impellit.
3198 3246 3415 3300 lllustre
3437 3256 3523 3299 est
3553 3257 3654 3297 no-

373 3341 553 3409 λόγων
580 3338 881 3408 τεκμήριον
911 3335 1019 3403 καὶ
1046 3335 1232 3405 πλήρη
1267 3333 1429 3405 δόξης
1478 3332 1827 3404 καρποῦσθαι
1861 3334 1963 3396 τὰς

374 3432 668 3494 ὑποθέσεις
697 3426 1231 3497 κατεπαγγέλλεται.
1293 3426 1427 3479 Ἰδοὺ
1464 3425 1572 3497 γὰρ
1623 3427 1755 3496 ἡμῖν
1796 3427 1829 3495 ἠ
1866 3425 1969 3495 τῆς

376 3522 665 3594 Παρθένου
752 3519 1065 3589 πανήγυρις
1134 3502 1490 3586 ἐκλάμψασα,
1547 3515 1758 3585 νοητῶς
1828 3514 1967 3584 πρὸς

375 3615 579 3686 ἑαυτὴν
610 3614 712 3683 τὴν
760 3610 1006 3665 διάνοιαν
1040 3610 1190 3663 ἴθυνε
1214 3622 1227 3637 ·
1282 3607 1378 3661 καὶ
1427 3606 1690 3678 σταθερὸν
1733 3605 1836 3678 ἔαρ
1869 3602 1965 3660 τὸν

374 3710 538 3777 λόγον
589 3703 965 3777 αἰθριάσασα,
1026 3702 1116 3755 τὸν
1173 3699 1424 3770 χειμῶνα
1478 3699 1580 3769 τῆς
1620 3700 1836 3769 σιωπῆς
1886 3699 1972 3761 εἰς

374 3800 624 3869 γαλήνην
658 3796 755 3849 τοῦ
782 3795 964 3863 λέγειν
1010 3793 1363 3865 μετήνεγκεν.
1411 3790 1574 3844 Ἀλλὰ
1623 3791 1787 3862 δεῦρο
1817 3806 1960 3862 προ-

376 3891 594 3962 Θῦμως,
626 3892 749 3952 ταῖς
798 3888 1006 3958 ταύτης
1057 3887 1240 3940 ἀκτῖσι
1278 3884 1777 3955 καθοδηγούμενοι,
1829 3882 1968 3954 πρὸς

373 3981 548 4054 αὐτὴν
581 3980 837 4034 σύντονον
878 3979 978 4051 τὴν
1025 3977 1121 4031 τοῦ
1174 3977 1336 4047 λόγου
1386 3977 1612 4049 πορείαν
1648 3976 1923 4048 ἰθύνωμεν
1949 3992 1965 4009 ·

453 4097 496 4129 ιι
527 4095 545 4148 1
580 4093 714 4164 Reg.
744 4111 782 4158 ι,
821 4093 910 4146 Η.

454 4210 565 4274 (19)
605 4210 796 4264 Auden
836 4209 975 4264 forte
1004 4205 1061 4264 in
1091 4223 1222 4263 voce
1254 4207 1735 4275 Reprwsenlatione
1769 4223 1788 4263 :
1815 4207 1966 4262 vide—

378 4293 471 4338 tur
509 4292 688 4335 tamen
728 4280 811 4333 illa
847 4281 1052 4347 optime
1097 4280 1344 4334 Graecam
1399 4287 1821 4347 repraesentare,
1871 4293 1968 4332 seu

374 4352 688 4419 exprimere
712 4366 726 4379 °
764 4352 844 4414 εἰς
867 4353 967 4418 τὴν
991 4350 1279 4403 ἁπόδοσιν’
1312 4363 1415 4417 qua
1447 4359 1637 4403 auctor
1668 4348 1961 4417 signitiCat.

378 4418 550 4477 nam
588 4421 811 4474 Mariam
848 4424 1109 4484 oblatam,
1145 4421 1224 4475 sic
1260 4418 1415 4488 quasi
1463 4434 1529 4470 ex
1574 4427 1720 4488 voto,
1763 4432 1826 4470 ac
1867 4432 1964 4483 pa-

379 4492 631 4546 rentibus
665 4507 881 4546 sacrum
920 4491 1237 4551 anathema,
1269 4487 1422 4555 cujus
1449 4504 1509 4542 se
1532 4503 1656 4543 reos
1684 4487 1961 4552 fecissent,

380 4562 495 4616 Deo
529 4562 1064 4630 reprarsentantlbus.
1096 4559 1263 4612 Porro
1291 4559 1963 4630 eumdemesseauclorem

374 4632 543 4699 hujus
578 4626 645 4686 ac
701 4632 1033 4699 reliquarum
1084 4626 1627 4697 Georgio'Nicomed.
1675 4629 1968 4699 inscripta-

379 4698 504 4757 τω..
560 4698 903 4762 orationum,
954 4716 1089 4769 quas
1129 4701 1342 4761 damus,
1387 4710 1585 4769 censet
1625 4698 1845 4769 omnino
1880 4699 1971 4769 vir

378 4775 575 4828 doctus
615 4773 674 4826 D.
712 4771 820 4825 Leo
878 4766 1103 4824 Allatius
1128 4809 1142 4833 .
1174 4785 1295 4823 cum
1334 4769 1403 4822 ita
1438 4769 1504 4821 de
1546 4766 1794 4837 Georgiis
1845 4767 1964 4821 ait:

383 4862 405 4895 ι
449 4840 693 4910 Cumque
730 4842 783 4895 in
826 4839 1107 4893 nonnullis
1149 4835 1721 4910 conciouibus,inuodo
1751 4835 1968 4905 Georgii

374 4909 845 4973 Nicomediensis,
874 4911 1033 4964 modo
1057 4910 1275 4979 Georgii
1300 4909 1748 4979 Ghartophylacis
1773 4922 1969 4961 nomen

381 4986 441 5037 iu
505 4982 735 5036 diversis
778 4983 1060 5036 codicibus
1101 4978 1451 5049 praeligatur.
1505 4978 1835 5049 eonjectura
1862 4993 1969 5047 non

378 5053 522 5109 levis
551 5053 675 5117 erit,
712 5055 960 5106 eumdem
991 5045 1115 5105 esse
1144 5045 1610 5104 Nicomediensem
1640 5063 1761 5102 cum
1796 5045 1973 5101 Char—

382 5124 677 5194 tupliylace
715 5140 728 5175 :
783 5122 925 5189 quod
963 5133 1158 5194 postea
1180 5120 1529 5194 confirmavit
1562 5120 1734 5194 codex
1772 5133 1972 5194 peran-

381 5188 596 5261 tiquus,
632 5194 685 5246 in
725 5208 833 5262 quo
878 5193 1055 5262 oratio
1103 5190 1193 5244 illa
1232 5191 1286 5244 in
1321 5190 1804 5262 Praesentartionem
1854 5188 1974 5262 νίτ-

380 5257 531 5335 ginis
570 5257 874 5335 legebatur,
907 5260 1061 5329 cujus
1098 5262 1226 5335 illud
1265 5271 1348 5315 est
1373 5261 1705 5335 principium
1741 5278 1770 5335 :_
1798 5257 1974 5320 καλὰς

434 5336 522 5403 μῖν
571 5333 906 5387 ὑποθέσεων.
967 5334 1024 5403 _|n
1080 5332 1259 5403 titulo“
1293 5331 1442 5403 enim
1513 5330 1973 5403 praenotabatur:

382 5399 669 5474 l‘cwpyiou
700 5401 1131 5474 Χαρτοφύλακος
1163 5401 1262 5474 τοῦ
1292 5399 1521 5474 ὕστερον
1551 5400 1844 5474 γεγονότος
1875 5416 1977 5474 μητ

382 5469 712 5546 τροπολίτου
730 5469 1123 5546 Νίζομηδείας,
1150 5471 1366 5546 Georgii
1391 5472 1859 5546 Chartophylacis,
1884 5469 1973 5546 qui

384 5538 579 5616 postea
640 5545 744 5599 fuit
796 5538 1162 5616 Metropolita_
1207 5538 1718 5616 Nicomediensis.)
1756 5538 1974 5616 Georgii

385 5611 847 5686 Charlophylacis
879 5611 1087 5686 Magna:
1121 5612 1383 5686 Ecclesia:
1420 5611 1749 5686 Encominm
1786 5611 1837 5662 in
1879 5611 1977 5663 de-

390 5682 702 5739 zlnctionem
738 5682 991 5754 Deiparze'
1018 5685 1071 5737 in
1113 5685 1373 5754 templum
1417 5683 1642 5754 ejusque
1683 5694 1976 5735 consecra-

390 5758 623 5815 tionem.
670 5752 901 5810 habetur
943 5771 1045 5809 ms.
1107 5755 1160 5810 in
1212 5752 1474 5808 Biblioth.
1506 5754 1845 5820 Augustana,
1882 5765 1978 5805 nec

390 5828 501 5899 alia
529 5841 650 5899 esse
678 5827 915 5891 videtur,
944 5840 1108 5897 quam
1136 5826 1299 5899 quod
1320 5826 1439 5899 ipse
1464 5823 1566 5893 legi
1597 5821 1726 5899 alibi
1754 5821 1975 5899 sacpius,

394 5907 452 5952 cl.
490 5898 541 5951 in
578 5896 853 5952 Sfortiana
891 5894 1014 5953 cuin
1047 5894 1358 5962 hoctit‘ulo,
1398 5894 1676 5960 Γεωργίου
1714 5894 1975 5963 μονοιχοῦ,

2070 3346 2304 3393 strorum
2335 3336 2559 3406 hujusce
2591 3337 2693 3392 diei
2724 3352 3034 3393 sermonum
3079 3337 3359 3403 indicium,
3390 3336 3656 3404 plenaque

2072 3427 2260 3499 gloria).
2309 3438 2629 3497 argumenta
2704 3422 2990 3499 promittit,
3061 3430 3257 3501 quibus
3310 3426 3423 3481 frui.
3474 3426 3653 3480 liceat.

2072 3518 2211 3572 Ecce
2243 3518 2386 3572 enim
2418 3520 2574 3575 nobis
2606 3520 2829 3576 illucens
2852 3522 3138 3589 virginalis
3164 3520 3459 3584 festivitas,
3487 3517 3654 3586 spiri-

2072 3610 2166 3664 tali
2199 3610 2442 3665 animum
2478 3613 2530 3665 in
2566 3627 2626 3668 se
2654 3613 2866 3669 ratione
2888 3614 3089 3669 direxit
3122 3629 3136 3665 :
3184 3612 3439 3681 verisque
3485 3611 3659 3664 instar

2072 3702 2231 3758 calidi
2291 3718 2599 3759 sermonem
2654 3720 2951 3771 serenans.
3030 3706 3267 3771 sile‘ntii.
3309 3705 3543 3759 hiemem
3602 3701 3658 3755 in

2075 3794 2523 3863 tranquillitatem
2608 3796 2841 3851 dicendo
2913 3807 3278 3867 opportunam
3361 3792 3655 3850 convertit.

2073 3881 2276 3939 Verum
2309 3885 2475 3939 alacri
2524 3885 2666 3955 agite
2700 3888 2902 3950 animo,
2956 3885 3074 3953 ipsa
3122 3886 3280 3940 nobis
3327 3885 3439 3938 suis
3491 3880 3662 3936 radiis

2074 3977 2231 4044 duce,
2258 3987 2407 4032 recta
2431 3976 2498 4032 ad
2527 3992 2645 4032 eam
2673 3978 2943 4034 sermonis
2975 3979 3078 4032 iter
3108 3976 3538 4041 contendamus;
3593 3986 3661 4027 ac

2067 4208 2161 4261 καὶ
2181 4208 2595 4280 χαρτοφύλακος
2608 4206 2706 4275 τῆς
2723 4206 2986 4280 Μεγάλης
3008 4203 3363 4280 ξΕκκλησίας,
3381 4200 3661 4271 ἐγκώμιον

2068 4282 2152 4342 εἰς
2343 4276 2623 4353 ᾇπόδοσιν.
2651 4281 2695 4353 _(
2719 4279 2864 4353 Hice
2894 4277 3148 4353 nimirum
3191 4276 3320 4353 ipsa.
3340 4288 3502 4353 quam
3524 4286 3660 4353 ιρι-φ

2072 4344 2328 4403 manibus
2354 4350 2665 4416 habemus.)
2685 4344 2720 4397 ἰ
2749 4348 2822 4401 Ea
2852 4347 2902 4400 in
2929 4346 3066 4399 Blbl.
3100 4345 3321 4416 Antonii
3343 4344 3655 4416 Augustini,

2072 4428 2127 4472 et
2159 4418 2443 4481 Vaticana,
2475 4411 2732 4484 alibique,
2766 4416 2999 4486 Georgio
3030 4413 3429 4486 Nicomediensi
3467 4411 3661 4464 tribui-

2074 4498 2179 4540 tur.
2221 4489 2287 4540 Et
2328 4483 3117 4558 Chartophylacisencognimn
3147 4483 3471 4558 alterum_in
3505 4490 3661 4558 eam-

2074 4558 2194 4611 dem
2234 4551 2734 4623 festivitatein,'6re
2777 4554 3014 4625 ἀπεδόθη
3058 4555 3117 4625 ἐν
3304 4551 3419 4622 ναῷ
3450 4551 3675 4625 τριετί-ι

2073 4627 2264 4691 ζουσα.
2312 4647 2332 4679 ι
2378 4620 2632 4695 Incipit':
2681 4626 2865 4688 Καλὰς
2905 4620 3039 4695 ἡμῖν
3093 4620 3407 4695 ὑποθέσεων
3458 4620 3658 4695 ἀρχᾴς.

2073 4690 2317 4752 liabetur
2368 4714 2469 4752 ms.
2498 4690 2806 4750 'Mediolani
2840 4697 2891 4749 in
2926 4690 3340 4757 'Ambrosiana,
3374 4704 3429 4747 et
3476 4690 3601 4743 alibi
3639 4704 3656 4743 :

2073 4769 2190 4822 haec
2218 4770 2406 4822 eadem
2436 4769 2489 4821 in
2530 4768 2638 4820 alio
2669 4767 3052 4835 antiquissimo
3091 4764 3291 4818 Codice
3321 4779 3481 4832 quem
3515 4761 3661 4826 regis

2077 4838 2329 4906 Ungaritc
2368 4837 2535 4891 fuisse
2561 4852 2758 4891 nomen
2793 4838 2863 4889 ibi
2895 4836 3225 4906 deScriplum
3254 4836 3389 4887 satis
3417 4846 3662 4906 comproo

2075 4902 2191 4971 bat,
2238 4907 2472 4977 Georgio
2522 4906 2880 4976 metrOpoliIa:
2929 4902 3218 4977 Nicomed1
3261 4906 3514 4977 donatur,
3550 4902 3660 4977 _s_ub

2076 4968 2233 5045 cujus
2264 4968 2482 5032 nomine
2518 4978 2660 5030 edita
2694 4968 2779 5029 est
2808 4977 2971 5030 etiam
3004 4976 3143 5046 apud
3164 4974 3407 5028 ~Surium
3446 4973 3510 5025 ει
3547 4968 3660 5026 Νο-

2075 5047 2854 5122 vembre._Eideininscribit
2893 5048 3031 5122 μεμε.
3080 5046 3252 5122 codex
3298 5060 3366 5122 es
3412 5056 3664 5122 quo“le

2076 5120 2292 5188 scripsi.
2321 5117 2929 5188 EminentissimiCard.
2963 5112 3224 5169 Mazarini
3251 5115 3444 5188 codex.
3474 5112 3667 5166 tribuit

2079 5185 2317 5258 Georgio
2346 5188 2763 5257 Cltartophylaci
2786 5227 2807 5252 ,
2837 5187 3220 5253 subnectit'que
3273 5185 3362 5258 isti
3406 5194 3662 5258 tanquam

2076 5253 2340 5325 ejusdeln.
2395 5258 2464 5312 Et
2543 5253 2971 5312 Nicomediensis
3046 5258 3226 5311 oratio
3290 5255 3343 5308 in
3420 5253 3667 5321 θεῖναι-ω

2077 5324 2466 5395 Nativitatem,
2529 5343 2651 5399 quae
2713 5327 2901 5399 incipit
2933 5343 2945 5378 :
2987 5326 3052 5380 El
3101 5327 3391 5399 μετρεῖται
3420 5324 3490 5392 γῆ
3525 5339 3667 5399 ’σπι-

2079 5401 2227 5472 θαμῇ
2250 5392 2666 5472 {edita-estw.
2696 5396 2803 5472 sub
2829 5392 3045 5472 nomine
3090 5392 3346 5472 Germani
3389 5392 3665 5472 archiepi-

2078 5463 2228 5540 scopi
2258 5467 2869 5540 Constantinopolitani,
2899 5466 3182 5540 interprete
3206 5466 3419 5540 Andrea
3446 5463 3667 5540 δείδοιζο

2079 5544 2135 5596 in
2174 5533 2311 5598 Bibl.
2352 5540 2462 5596 Pl’.
2498 5538 2585 5595 Gl.
2618 5533 2746 5592 ἱόιη.
2789 5535 2885 5601 ΙΙ,
2917 5555 3038 5606 pag.
3075 5537 3203 5592 450.
3249 5537 3306 5590 In
3349 5551 3456 5589 uno
3498 5533 3670 5600 Regio

2080 5612 2304 5668 confusa
2329 5622 2412 5665 est
2434 5628 2556 5665 cum
2583 5610 2702 5663 aliis
2728 5610 3068 5675 Damasceni,
3097 5611 3289 5662 eodem
3320 5612 3666 5674 argumento,

2080 5700 2268 5737 earum
2296 5683 2558 5738 secunda.
2593 5679 2697 5735 Sed
2723 5690 2807 5733 est
2829 5681 3100 5748 scriptura
3126 5678 3418 5731 admodum
3452 5689 3665 5748 recens.

2080 5754 2314 5809 Maxime
2350 5753 2526 5823 placet
2555 5754 2753 5823 citatus
2790 5746 2995 5823 Mazar.
3029 5751 3225 5815 codex,
3258 5762 3367 5823 quo
3410 5746 3672 5801 tribuitur

2082 5825 2316 5882 Andreae
2350 5819 2619 5891 Cretensi,
2653 5819 2813 5892 cujus
2840 5822 3011 5879 habet
3051 5831 3193 5880 totos
3227 5820 3597 5877 characteres.
