  <div class='ocr_page' id='page_1' title='image "/cluster/home/n/w/nwhite01/storage/ocr_20150623/100/coo.31924054870047/705.png"; bbox 0 0 4060 6432; ppageno 0'>
   <div class='ocr_carea' id='block_1_1' title="bbox 518 385 2105 461">
    <p class='ocr_par' dir='ltr' id='par_1_1' title="bbox 518 396 2105 461">
     <span class='ocr_line' id='line_1_1' title="bbox 518 396 2105 461; baseline -0.003 -2"><span class='ocrx_word' id='word_1_1' title='bbox 518 396 661 461; x_wconf 71' lang='grc'><strong>1103</strong></span> <span class='ocrx_word' id='word_1_2' title='bbox 784 452 803 461; x_wconf 87' lang='grc'><strong>-</strong></span> <span class='ocrx_word' id='word_1_3' title='bbox 1662 396 1973 459; x_wconf 82' lang='lat' dir='ltr'><strong>GEORGII</strong></span> <span class='ocrx_word' id='word_1_4' title='bbox 2014 396 2105 456; x_wconf 83' lang='lat' dir='ltr'><strong>NII</strong></span> 
     </span>
    </p>
   </div>
   <div class='ocr_carea' id='block_1_2' title="bbox 2206 385 3781 461">
    <p class='ocr_par' dir='ltr' id='par_1_2' title="bbox 2206 385 3781 457">
     <span class='ocr_line' id='line_1_2' title="bbox 2206 385 3781 457; baseline -0.004 0"><span class='ocrx_word' id='word_1_5' title='bbox 2206 395 2605 457; x_wconf 66' lang='lat' dir='ltr'><strong>MEDIENSIS</strong></span> <span class='ocrx_word' id='word_1_6' title='bbox 3222 387 3227 391; x_wconf 74' lang='grc'><strong>’</strong></span> <span class='ocrx_word' id='word_1_7' title='bbox 3652 385 3781 451; x_wconf 61' lang='grc' dir='ltr'>Ητῐιί</span> 
     </span>
    </p>
   </div>
   <div class='ocr_carea' id='block_1_3' title="bbox 524 500 2105 579">
    <p class='ocr_par' dir='ltr' id='par_1_3' title="bbox 524 503 2098 579">
     <span class='ocr_line' id='line_1_3' title="bbox 524 503 2098 579; baseline -0.001 -15"><span class='ocrx_word' id='word_1_8' title='bbox 524 520 726 579; x_wconf 63' lang='lat' dir='ltr'><strong>quanta</strong></span> <span class='ocrx_word' id='word_1_9' title='bbox 763 505 957 577; x_wconf 83' lang='lat' dir='ltr'><strong>cuique</strong></span> <span class='ocrx_word' id='word_1_10' title='bbox 986 503 1217 560; x_wconf 75' lang='lat' dir='ltr'><strong>facultas</strong></span> <span class='ocrx_word' id='word_1_11' title='bbox 1244 513 1350 572; x_wconf 90' lang='lat' dir='ltr'><strong>est,</strong></span> <span class='ocrx_word' id='word_1_12' title='bbox 1381 519 1442 560; x_wconf 85' lang='lat' dir='ltr'><strong>ea</strong></span> <span class='ocrx_word' id='word_1_13' title='bbox 1477 505 1673 575; x_wconf 78' lang='lat' dir='ltr'><strong>singuli</strong></span> <span class='ocrx_word' id='word_1_14' title='bbox 1707 523 1828 563; x_wconf 88' lang='lat' dir='ltr'><strong>eam</strong></span> <span class='ocrx_word' id='word_1_15' title='bbox 1869 522 2098 563; x_wconf 86' lang='lat' dir='ltr'><strong>corone-</strong></span> 
     </span>
    </p>
   </div>
   <div class='ocr_carea' id='block_1_4' title="bbox 2206 500 3778 579">
    <p class='ocr_par' dir='ltr' id='par_1_4' title="bbox 2206 500 3778 575">
     <span class='ocr_line' id='line_1_4' title="bbox 2206 500 3778 575; baseline -0.003 -14"><span class='ocrx_word' id='word_1_16' title='bbox 2206 506 2299 561; x_wconf 77' lang='grc' dir='ltr'>καὶ</span> <span class='ocrx_word' id='word_1_17' title='bbox 2332 509 2433 574; x_wconf 81' lang='grc' dir='ltr'>ὅση</span> <span class='ocrx_word' id='word_1_18' title='bbox 2465 505 2700 575; x_wconf 83' lang='grc' dir='ltr'>δύναμις</span> <span class='ocrx_word' id='word_1_19' title='bbox 2727 503 2966 573; x_wconf 79' lang='grc' dir='ltr'>ἑκάστῳ,</span> <span class='ocrx_word' id='word_1_20' title='bbox 3017 501 3097 572; x_wconf 84' lang='grc' dir='ltr'><strong>τῷ</strong></span> <span class='ocrx_word' id='word_1_21' title='bbox 3149 500 3381 572; x_wconf 84' lang='grc' dir='ltr'>τοιούτῳ</span> <span class='ocrx_word' id='word_1_22' title='bbox 3406 501 3584 572; x_wconf 74' lang='grc' dir='ltr'>αὐτὴν</span> <span class='ocrx_word' id='word_1_23' title='bbox 3614 520 3778 558; x_wconf 72' lang='grc' dir='ltr'><strong>κατα⁹</strong></span> 
     </span>
    </p>
   </div>
   <div class='ocr_carea' id='block_1_5' title="bbox 524 595 2105 675">
    <p class='ocr_par' dir='ltr' id='par_1_5' title="bbox 524 598 2101 668">
     <span class='ocr_line' id='line_1_5' title="bbox 524 598 2101 668; baseline -0.003 -13"><span class='ocrx_word' id='word_1_24' title='bbox 524 616 663 655; x_wconf 88' lang='lat' dir='ltr'><strong>mus.</strong></span> <span class='ocrx_word' id='word_1_25' title='bbox 690 598 1004 667; x_wconf 81' lang='lat' dir='ltr'><strong>Quanquam</strong></span> <span class='ocrx_word' id='word_1_26' title='bbox 1027 598 1170 653; x_wconf 91' lang='lat' dir='ltr'><strong>enim</strong></span> <span class='ocrx_word' id='word_1_27' title='bbox 1199 612 1388 653; x_wconf 89' lang='lat' dir='ltr'><strong>omnes</strong></span> <span class='ocrx_word' id='word_1_28' title='bbox 1415 598 1591 653; x_wconf 85' lang='lat' dir='ltr'><strong>minus</strong></span> <span class='ocrx_word' id='word_1_29' title='bbox 1615 613 1776 667; x_wconf 88' lang='lat' dir='ltr'><strong>quam</strong></span> <span class='ocrx_word' id='word_1_30' title='bbox 1809 614 1904 668; x_wconf 89' lang='lat' dir='ltr'><strong>pro</strong></span> <span class='ocrx_word' id='word_1_31' title='bbox 1925 600 2101 667; x_wconf 78' lang='lat' dir='ltr'><strong>digni-</strong></span> 
     </span>
    </p>
   </div>
   <div class='ocr_carea' id='block_1_6' title="bbox 2206 595 3778 675">
    <p class='ocr_par' dir='ltr' id='par_1_6' title="bbox 2206 595 3778 675">
     <span class='ocr_line' id='line_1_6' title="bbox 2206 595 3778 675; baseline -0.001 -22"><span class='ocrx_word' id='word_1_32' title='bbox 2206 600 2516 669; x_wconf 59' lang='grc' dir='ltr'>στέφωμεν.</span> <span class='ocrx_word' id='word_1_33' title='bbox 2545 599 2609 652; x_wconf 85' lang='lat' dir='ltr'><strong>El</strong></span> <span class='ocrx_word' id='word_1_34' title='bbox 2641 597 2747 668; x_wconf 78' lang='grc' dir='ltr'><strong>γὰρ</strong></span> <span class='ocrx_word' id='word_1_35' title='bbox 2777 596 2873 649; x_wconf 80' lang='grc' dir='ltr'>καὶ</span> <span class='ocrx_word' id='word_1_36' title='bbox 2900 596 3104 658; x_wconf 82' lang='grc' dir='ltr'>πάντες</span> <span class='ocrx_word' id='word_1_37' title='bbox 3134 595 3229 648; x_wconf 80' lang='grc' dir='ltr'><strong>τοῦ</strong></span> <span class='ocrx_word' id='word_1_38' title='bbox 3261 596 3386 650; x_wconf 80' lang='grc' dir='ltr'>κατ’</span> <span class='ocrx_word' id='word_1_39' title='bbox 3416 596 3583 661; x_wconf 82' lang='grc' dir='ltr'>ἀξίαν</span> <span class='ocrx_word' id='word_1_40' title='bbox 3629 597 3778 675; x_wconf 68' lang='grc' dir='ltr'>ἐκπί-</span> 
     </span>
    </p>
   </div>
   <div class='ocr_carea' id='block_1_7' title="bbox 525 689 2102 759">
    <p class='ocr_par' dir='ltr' id='par_1_7' title="bbox 525 689 2102 759">
     <span class='ocr_line' id='line_1_7' title="bbox 525 689 2102 759; baseline 0 -14"><span class='ocrx_word' id='word_1_41' title='bbox 525 700 633 747; x_wconf 88' lang='lat' dir='ltr'><strong>tate</strong></span> <span class='ocrx_word' id='word_1_42' title='bbox 686 691 967 757; x_wconf 79' lang='lat' dir='ltr'><strong>habemus,</strong></span> <span class='ocrx_word' id='word_1_43' title='bbox 1031 689 1202 759; x_wconf 80' lang='lat' dir='ltr'><strong>magis</strong></span> <span class='ocrx_word' id='word_1_44' title='bbox 1255 697 1434 743; x_wconf 84' lang='lat' dir='ltr'><strong>tamen</strong></span> <span class='ocrx_word' id='word_1_45' title='bbox 1481 689 1781 759; x_wconf 58' lang='lat' dir='ltr'><strong>,alaeritate</strong></span> <span class='ocrx_word' id='word_1_46' title='bbox 1825 690 2102 746; x_wconf 88' lang='lat' dir='ltr'><strong>abundare</strong></span> 
     </span>
    </p>
   </div>
   <div class='ocr_carea' id='block_1_8' title="bbox 522 780 2101 849">
    <p class='ocr_par' dir='ltr' id='par_1_8' title="bbox 522 780 2101 849">
     <span class='ocr_line' id='line_1_8' title="bbox 522 780 2101 849; baseline -0.001 -14"><span class='ocrx_word' id='word_1_47' title='bbox 522 796 804 844; x_wconf 84' lang='lat' dir='ltr'><strong>conemur,</strong></span> <span class='ocrx_word' id='word_1_48' title='bbox 832 781 1174 849; x_wconf 87' lang='lat' dir='ltr'><strong>invicemque</strong></span> <span class='ocrx_word' id='word_1_49' title='bbox 1200 780 1495 833; x_wconf 77' lang='lat' dir='ltr'><strong>voluntatis</strong></span> <span class='ocrx_word' id='word_1_50' title='bbox 1517 780 1865 835; x_wconf 74' lang='lat' dir='ltr'><strong>contentione</strong></span> <span class='ocrx_word' id='word_1_51' title='bbox 1882 780 2101 834; x_wconf 82' lang='lat' dir='ltr'><strong>vincere</strong></span> 
     </span>
    </p>
   </div>
   <div class='ocr_carea' id='block_1_9' title="bbox 523 871 2101 939">
    <p class='ocr_par' dir='ltr' id='par_1_9' title="bbox 523 871 2101 939">
     <span class='ocr_line' id='line_1_9' title="bbox 523 871 2101 939; baseline -0.003 -10"><span class='ocrx_word' id='word_1_52' title='bbox 523 874 858 929; x_wconf 76' lang='lat' dir='ltr'><strong>Studeamus.</strong></span> <span class='ocrx_word' id='word_1_53' title='bbox 901 872 1031 939; x_wconf 70' lang='lat' dir='ltr'><strong>Quae</strong></span> <span class='ocrx_word' id='word_1_54' title='bbox 1062 872 1206 926; x_wconf 86' lang='lat' dir='ltr'><strong>enim</strong></span> <span class='ocrx_word' id='word_1_55' title='bbox 1250 872 1330 925; x_wconf 86' lang='lat' dir='ltr'><strong>vis</strong></span> <span class='ocrx_word' id='word_1_56' title='bbox 1380 880 1527 926; x_wconf 90' lang='lat' dir='ltr'><strong>tanta</strong></span> <span class='ocrx_word' id='word_1_57' title='bbox 1577 872 1865 935; x_wconf 83' lang='lat' dir='ltr'><strong>orationis,</strong></span> <span class='ocrx_word' id='word_1_58' title='bbox 1923 880 1980 925; x_wconf 89' lang='lat' dir='ltr'><strong>ut</strong></span> <span class='ocrx_word' id='word_1_59' title='bbox 2019 871 2101 925; x_wconf 85' lang='lat' dir='ltr'><strong>vel</strong></span> 
     </span>
    </p>
   </div>
   <div class='ocr_carea' id='block_1_10' title="bbox 525 963 2102 1033">
    <p class='ocr_par' dir='ltr' id='par_1_10' title="bbox 525 963 2102 1033">
     <span class='ocr_line' id='line_1_10' title="bbox 525 963 2102 1033; baseline 0.001 -17"><span class='ocrx_word' id='word_1_60' title='bbox 525 965 808 1018; x_wconf 90' lang='lat' dir='ltr'><strong>minimum</strong></span> <span class='ocrx_word' id='word_1_61' title='bbox 842 965 968 1032; x_wconf 92' lang='lat' dir='ltr'><strong>quid</strong></span> <span class='ocrx_word' id='word_1_62' title='bbox 1010 980 1109 1032; x_wconf 91' lang='lat' dir='ltr'><strong>pro</strong></span> <span class='ocrx_word' id='word_1_63' title='bbox 1135 964 1344 1018; x_wconf 89' lang='lat' dir='ltr'><strong>meritis</strong></span> <span class='ocrx_word' id='word_1_64' title='bbox 1391 964 1614 1033; x_wconf 81' lang='lat' dir='ltr'><strong>exsequi</strong></span> <span class='ocrx_word' id='word_1_65' title='bbox 1670 963 1883 1033; x_wconf 79' lang='lat' dir='ltr'><strong>possit?</strong></span> <span class='ocrx_word' id='word_1_66' title='bbox 1911 964 2102 1033; x_wconf 86' lang='lat' dir='ltr'><strong>quisve</strong></span> 
     </span>
    </p>
   </div>
   <div class='ocr_carea' id='block_1_11' title="bbox 525 1055 2103 1126">
    <p class='ocr_par' dir='ltr' id='par_1_11' title="bbox 525 1055 2103 1126">
     <span class='ocr_line' id='line_1_11' title="bbox 525 1055 2103 1126; baseline -0.001 -16"><span class='ocrx_word' id='word_1_67' title='bbox 525 1056 629 1110; x_wconf 79' lang='lat' dir='ltr'><strong>sibi</strong></span> <span class='ocrx_word' id='word_1_68' title='bbox 658 1064 897 1124; x_wconf 79' lang='lat' dir='ltr'><strong>arroget,</strong></span> <span class='ocrx_word' id='word_1_69' title='bbox 932 1064 990 1109; x_wconf 93' lang='lat' dir='ltr'><strong>nt</strong></span> <span class='ocrx_word' id='word_1_70' title='bbox 1019 1055 1100 1109; x_wconf 91' lang='lat' dir='ltr'><strong>vel</strong></span> <span class='ocrx_word' id='word_1_71' title='bbox 1126 1057 1269 1109; x_wconf 89' lang='lat' dir='ltr'><strong>nuda</strong></span> <span class='ocrx_word' id='word_1_72' title='bbox 1296 1055 1623 1124; x_wconf 80' lang='lat' dir='ltr'><strong>cogitatione</strong></span> <span class='ocrx_word' id='word_1_73' title='bbox 1647 1055 1872 1126; x_wconf 88' lang='lat' dir='ltr'><strong>propius</strong></span> <span class='ocrx_word' id='word_1_74' title='bbox 1919 1070 2103 1109; x_wconf 87' lang='lat' dir='ltr'><strong>acces-</strong></span> 
     </span>
    </p>
   </div>
   <div class='ocr_carea' id='block_1_12' title="bbox 526 1144 2101 1216">
    <p class='ocr_par' dir='ltr' id='par_1_12' title="bbox 526 1144 2101 1216">
     <span class='ocr_line' id='line_1_12' title="bbox 526 1144 2101 1216; baseline -0.003 -13"><span class='ocrx_word' id='word_1_75' title='bbox 526 1149 679 1211; x_wconf 80' lang='lat' dir='ltr'><strong>serit,</strong></span> <span class='ocrx_word' id='word_1_76' title='bbox 719 1149 913 1201; x_wconf 85' lang='lat' dir='ltr'><strong>nedum</strong></span> <span class='ocrx_word' id='word_1_77' title='bbox 945 1162 1055 1201; x_wconf 88' lang='lat' dir='ltr'><strong>rem</strong></span> <span class='ocrx_word' id='word_1_78' title='bbox 1098 1146 1251 1216; x_wconf 90' lang='lat' dir='ltr'><strong>plene</strong></span> <span class='ocrx_word' id='word_1_79' title='bbox 1286 1161 1479 1215; x_wconf 85' lang='lat' dir='ltr'><strong>capere</strong></span> <span class='ocrx_word' id='word_1_80' title='bbox 1515 1147 1843 1201; x_wconf 78' lang='lat' dir='ltr'><strong>tentaverit?</strong></span> <span class='ocrx_word' id='word_1_81' title='bbox 1875 1144 2101 1202; x_wconf 82' lang='lat' dir='ltr'><strong>Omnem</strong></span> 
     </span>
    </p>
   </div>
   <div class='ocr_carea' id='block_1_13' title="bbox 530 1237 2105 1305">
    <p class='ocr_par' dir='ltr' id='par_1_13' title="bbox 530 1237 2105 1305">
     <span class='ocr_line' id='line_1_13' title="bbox 530 1237 2105 1305; baseline 0.002 -15"><span class='ocrx_word' id='word_1_82' title='bbox 530 1241 709 1305; x_wconf 84' lang='lat' dir='ltr'><strong>itaque</strong></span> <span class='ocrx_word' id='word_1_83' title='bbox 757 1253 1070 1292; x_wconf 83' lang='lat' dir='ltr'><strong>sermonum</strong></span> <span class='ocrx_word' id='word_1_84' title='bbox 1111 1237 1218 1291; x_wconf 87' lang='lat' dir='ltr'><strong>vim</strong></span> <span class='ocrx_word' id='word_1_85' title='bbox 1268 1239 1656 1292; x_wconf 88' lang='lat' dir='ltr'><strong>transcendunt</strong></span> <span class='ocrx_word' id='word_1_86' title='bbox 1705 1240 1954 1293; x_wconf 89' lang='lat' dir='ltr'><strong>encomia</strong></span> <span class='ocrx_word' id='word_1_87' title='bbox 1986 1237 2105 1293; x_wconf 84' lang='lat' dir='ltr'><strong>Vir-</strong></span> 
     </span>
    </p>
   </div>
   <div class='ocr_carea' id='block_1_14' title="bbox 526 1314 2105 1399">
    <p class='ocr_par' dir='ltr' id='par_1_14' title="bbox 526 1314 2105 1399">
     <span class='ocr_line' id='line_1_14' title="bbox 526 1314 2105 1399; baseline 0.001 -17"><span class='ocrx_word' id='word_1_88' title='bbox 526 1314 710 1399; x_wconf 64' lang='lat' dir='ltr'><strong>ginis;</strong></span> <span class='ocrx_word' id='word_1_89' title='bbox 750 1329 1103 1398; x_wconf 87' lang='lat' dir='ltr'><strong>quamobrem</strong></span> <span class='ocrx_word' id='word_1_90' title='bbox 1131 1328 1296 1384; x_wconf 89' lang='lat' dir='ltr'><strong>etiam</strong></span> <span class='ocrx_word' id='word_1_91' title='bbox 1355 1327 1531 1382; x_wconf 89' lang='lat' dir='ltr'><strong>omnis</strong></span> <span class='ocrx_word' id='word_1_92' title='bbox 1586 1327 1911 1384; x_wconf 87' lang='lat' dir='ltr'><strong>laudationis</strong></span> <span class='ocrx_word' id='word_1_93' title='bbox 1962 1328 2105 1397; x_wconf 87' lang='lat' dir='ltr'><strong>leges</strong></span> 
     </span>
    </p>
   </div>
   <div class='ocr_carea' id='block_1_15' title="bbox 531 1417 2103 1489">
    <p class='ocr_par' dir='ltr' id='par_1_15' title="bbox 531 1417 2103 1489">
     <span class='ocr_line' id='line_1_15' title="bbox 531 1417 2103 1489; baseline 0.001 -18"><span class='ocrx_word' id='word_1_94' title='bbox 531 1431 652 1487; x_wconf 90' lang='lat' dir='ltr'><strong>post</strong></span> <span class='ocrx_word' id='word_1_95' title='bbox 671 1434 730 1474; x_wconf 89' lang='lat' dir='ltr'><strong>se</strong></span> <span class='ocrx_word' id='word_1_96' title='bbox 775 1419 1131 1489; x_wconf 81' lang='lat' dir='ltr'><strong>reliquerunt.</strong></span> <span class='ocrx_word' id='word_1_97' title='bbox 1165 1418 1309 1473; x_wconf 87' lang='lat' dir='ltr'><strong>Sane</strong></span> <span class='ocrx_word' id='word_1_98' title='bbox 1340 1417 1583 1489; x_wconf 83' lang='lat' dir='ltr'><strong>quidem,</strong></span> <span class='ocrx_word' id='word_1_99' title='bbox 1638 1418 1738 1472; x_wconf 86' lang='lat' dir='ltr'><strong>viri</strong></span> <span class='ocrx_word' id='word_1_100' title='bbox 1807 1419 2103 1485; x_wconf 87' lang='lat' dir='ltr'><strong>auditores,</strong></span> 
     </span>
    </p>
   </div>
   <div class='ocr_carea' id='block_1_16' title="bbox 531 1509 2105 1582">
    <p class='ocr_par' dir='ltr' id='par_1_16' title="bbox 531 1509 2105 1582">
     <span class='ocr_line' id='line_1_16' title="bbox 531 1509 2105 1582; baseline 0.003 -19"><span class='ocrx_word' id='word_1_101' title='bbox 531 1511 844 1579; x_wconf 86' lang='lat' dir='ltr'><strong>priusquam</strong></span> <span class='ocrx_word' id='word_1_102' title='bbox 880 1510 1131 1565; x_wconf 85' lang='lat' dir='ltr'><strong>desiderii</strong></span> <span class='ocrx_word' id='word_1_103' title='bbox 1174 1509 1387 1565; x_wconf 74' lang='lat' dir='ltr'><strong>affectio</strong></span> <span class='ocrx_word' id='word_1_104' title='bbox 1429 1520 1666 1581; x_wconf 86' lang='lat' dir='ltr'><strong>caperet,</strong></span> <span class='ocrx_word' id='word_1_105' title='bbox 1718 1526 1882 1582; x_wconf 86' lang='lat' dir='ltr'><strong>grave</strong></span> <span class='ocrx_word' id='word_1_106' title='bbox 1915 1512 2105 1567; x_wconf 84' lang='lat' dir='ltr'><strong>existi-</strong></span> 
     </span>
    </p>
   </div>
   <div class='ocr_carea' id='block_1_17' title="bbox 531 1600 2103 1671">
    <p class='ocr_par' dir='ltr' id='par_1_17' title="bbox 531 1600 2103 1671">
     <span class='ocr_line' id='line_1_17' title="bbox 531 1600 2103 1671; baseline 0.003 -19"><span class='ocrx_word' id='word_1_107' title='bbox 531 1600 743 1653; x_wconf 87' lang='lat' dir='ltr'><strong>mabam</strong></span> <span class='ocrx_word' id='word_1_108' title='bbox 770 1600 1010 1655; x_wconf 71' lang='lat' dir='ltr'><strong>audacia:</strong></span> <span class='ocrx_word' id='word_1_109' title='bbox 1048 1600 1252 1654; x_wconf 89' lang='lat' dir='ltr'><strong>crimen</strong></span> <span class='ocrx_word' id='word_1_110' title='bbox 1272 1638 1288 1663; x_wconf 97' lang='lat'><strong>,</strong></span> <span class='ocrx_word' id='word_1_111' title='bbox 1320 1610 1380 1654; x_wconf 91' lang='lat' dir='ltr'><strong>ut</strong></span> <span class='ocrx_word' id='word_1_112' title='bbox 1409 1614 1529 1655; x_wconf 84' lang='lat' dir='ltr'><strong>eam</strong></span> <span class='ocrx_word' id='word_1_113' title='bbox 1576 1601 1698 1669; x_wconf 90' lang='lat' dir='ltr'><strong>quis</strong></span> <span class='ocrx_word' id='word_1_114' title='bbox 1749 1615 1860 1655; x_wconf 88' lang='lat' dir='ltr'><strong>rem</strong></span> <span class='ocrx_word' id='word_1_115' title='bbox 1887 1601 2103 1671; x_wconf 80' lang='lat' dir='ltr'><strong>aggredi</strong></span> 
     </span>
    </p>
   </div>
   <div class='ocr_carea' id='block_1_18' title="bbox 532 1689 2104 1760">
    <p class='ocr_par' dir='ltr' id='par_1_18' title="bbox 532 1689 2104 1760">
     <span class='ocr_line' id='line_1_18' title="bbox 532 1689 2104 1760; baseline 0.003 -17"><span class='ocrx_word' id='word_1_116' title='bbox 532 1700 903 1759; x_wconf 62' lang='lat' dir='ltr'><strong>prmsumeret.</strong></span> <span class='ocrx_word' id='word_1_117' title='bbox 934 1689 1147 1745; x_wconf 85' lang='lat' dir='ltr'><strong>Etenim</strong></span> <span class='ocrx_word' id='word_1_118' title='bbox 1180 1691 1461 1746; x_wconf 83' lang='lat' dir='ltr'><strong>videbatur</strong></span> <span class='ocrx_word' id='word_1_119' title='bbox 1491 1691 1714 1745; x_wconf 69' lang='lat' dir='ltr'><strong>insaniae</strong></span> <span class='ocrx_word' id='word_1_120' title='bbox 1732 1706 1794 1744; x_wconf 90' lang='lat' dir='ltr'><strong>ea</strong></span> <span class='ocrx_word' id='word_1_121' title='bbox 1816 1692 2104 1760; x_wconf 86' lang='lat' dir='ltr'><strong>attingere,</strong></span> 
     </span>
    </p>
   </div>
   <div class='ocr_carea' id='block_1_19' title="bbox 531 1782 2103 1852">
    <p class='ocr_par' dir='ltr' id='par_1_19' title="bbox 531 1782 2103 1852">
     <span class='ocr_line' id='line_1_19' title="bbox 531 1782 2103 1852; baseline 0.003 -18"><span class='ocrx_word' id='word_1_122' title='bbox 531 1797 652 1850; x_wconf 70' lang='lat' dir='ltr'><strong>quae</strong></span> <span class='ocrx_word' id='word_1_123' title='bbox 700 1792 883 1837; x_wconf 84' lang='lat' dir='ltr'><strong>essent</strong></span> <span class='ocrx_word' id='word_1_124' title='bbox 913 1782 1117 1851; x_wconf 83' lang='lat' dir='ltr'><strong>majora</strong></span> <span class='ocrx_word' id='word_1_125' title='bbox 1152 1783 1374 1851; x_wconf 86' lang='lat' dir='ltr'><strong>virtute,</strong></span> <span class='ocrx_word' id='word_1_126' title='bbox 1425 1798 1490 1836; x_wconf 91' lang='lat' dir='ltr'><strong>ac</strong></span> <span class='ocrx_word' id='word_1_127' title='bbox 1544 1798 1774 1852; x_wconf 91' lang='lat' dir='ltr'><strong>quorum</strong></span> <span class='ocrx_word' id='word_1_128' title='bbox 1823 1798 2103 1839; x_wconf 88' lang='lat' dir='ltr'><strong>sermones</strong></span> 
     </span>
    </p>
   </div>
   <div class='ocr_carea' id='block_1_20' title="bbox 2204 687 3779 762">
    <p class='ocr_par' dir='ltr' id='par_1_20' title="bbox 2204 687 3779 762">
     <span class='ocr_line' id='line_1_20' title="bbox 2204 687 3779 762; baseline -0.002 -16"><span class='ocrx_word' id='word_1_129' title='bbox 2204 709 2435 762; x_wconf 84' lang='grc' dir='ltr'>πτομεν,</span> <span class='ocrx_word' id='word_1_130' title='bbox 2492 691 2631 744; x_wconf 79' lang='grc' dir='ltr'>ἀλλά</span> <span class='ocrx_word' id='word_1_131' title='bbox 2684 707 2748 757; x_wconf 86' lang='grc' dir='ltr'><strong>γε</strong></span> <span class='ocrx_word' id='word_1_132' title='bbox 2806 687 2901 741; x_wconf 77' lang='grc' dir='ltr'>τοῦ</span> <span class='ocrx_word' id='word_1_133' title='bbox 2961 687 3244 759; x_wconf 80' lang='grc' dir='ltr'>προθύμου</span> <span class='ocrx_word' id='word_1_134' title='bbox 3296 688 3357 741; x_wconf 81' lang='grc' dir='ltr'>τὸ</span> <span class='ocrx_word' id='word_1_135' title='bbox 3408 688 3583 743; x_wconf 88' lang='grc' dir='ltr'>πλέον</span> <span class='ocrx_word' id='word_1_136' title='bbox 3638 689 3779 759; x_wconf 72' lang='grc' dir='ltr'>ἔχειν</span> 
     </span>
    </p>
   </div>
   <div class='ocr_carea' id='block_1_21' title="bbox 2204 778 3780 854">
    <p class='ocr_par' dir='ltr' id='par_1_21' title="bbox 2204 778 3780 854">
     <span class='ocr_line' id='line_1_21' title="bbox 2204 778 3780 854; baseline -0.004 -17"><span class='ocrx_word' id='word_1_137' title='bbox 2204 782 2547 854; x_wconf 80' lang='grc' dir='ltr'><strong>πειρώμεθα,</strong></span> <span class='ocrx_word' id='word_1_138' title='bbox 2580 782 2676 835; x_wconf 75' lang='grc' dir='ltr'>καὶ</span> <span class='ocrx_word' id='word_1_139' title='bbox 2706 780 3085 853; x_wconf 79' lang='grc' dir='ltr'>προαιρέσεως</span> <span class='ocrx_word' id='word_1_140' title='bbox 3133 779 3272 849; x_wconf 87' lang='grc' dir='ltr'>τόνῳ</span> <span class='ocrx_word' id='word_1_141' title='bbox 3315 778 3378 831; x_wconf 73' lang='grc' dir='ltr'>τὸ</span> <span class='ocrx_word' id='word_1_142' title='bbox 3410 781 3575 850; x_wconf 82' lang='grc' dir='ltr'>νικᾷν</span> <span class='ocrx_word' id='word_1_143' title='bbox 3616 780 3780 852; x_wconf 73' lang='grc' dir='ltr'>ἀλλη-</span> 
     </span>
    </p>
   </div>
   <div class='ocr_carea' id='block_1_22' title="bbox 2202 868 3785 943">
    <p class='ocr_par' dir='ltr' id='par_1_22' title="bbox 2202 868 3785 943">
     <span class='ocr_line' id='line_1_22' title="bbox 2202 868 3785 943; baseline -0.007 -13"><span class='ocrx_word' id='word_1_144' title='bbox 2202 877 2349 939; x_wconf 89' lang='grc' dir='ltr'>λους.</span> <span class='ocrx_word' id='word_1_145' title='bbox 2385 873 2481 938; x_wconf 85' lang='grc' dir='ltr'>Τίς</span> <span class='ocrx_word' id='word_1_146' title='bbox 2512 873 2619 943; x_wconf 80' lang='grc' dir='ltr'>γὰρ</span> <span class='ocrx_word' id='word_1_147' title='bbox 2651 872 2718 926; x_wconf 87' lang='grc' dir='ltr'>ἂν</span> <span class='ocrx_word' id='word_1_148' title='bbox 2764 871 2923 940; x_wconf 86' lang='grc' dir='ltr'>λόγος</span> <span class='ocrx_word' id='word_1_149' title='bbox 2954 870 3049 924; x_wconf 76' lang='grc' dir='ltr'>καὶ</span> <span class='ocrx_word' id='word_1_150' title='bbox 3093 869 3258 939; x_wconf 83' lang='grc' dir='ltr'>μόνου</span> <span class='ocrx_word' id='word_1_151' title='bbox 3294 868 3646 939; x_wconf 69' lang='grc' dir='ltr'><strong>βραχυτάτου</strong></span> <span class='ocrx_word' id='word_1_152' title='bbox 3688 869 3785 941; x_wconf 71' lang='grc' dir='ltr'>τῆς</span> 
     </span>
    </p>
   </div>
   <div class='ocr_carea' id='block_1_23' title="bbox 2204 960 3786 1038">
    <p class='ocr_par' dir='ltr' id='par_1_23' title="bbox 2204 960 3786 1038">
     <span class='ocr_line' id='line_1_23' title="bbox 2204 960 3786 1038; baseline -0.006 -16"><span class='ocrx_word' id='word_1_153' title='bbox 2204 966 2364 1032; x_wconf 85' lang='grc' dir='ltr'>ἀξίας</span> <span class='ocrx_word' id='word_1_154' title='bbox 2394 964 2779 1038; x_wconf 75' lang='grc' dir='ltr'>προσάψαιτο;</span> <span class='ocrx_word' id='word_1_155' title='bbox 2840 961 2976 1033; x_wconf 81' lang='grc' dir='ltr'>ἢτίς</span> <span class='ocrx_word' id='word_1_156' title='bbox 3023 960 3295 1032; x_wconf 76' lang='grc' dir='ltr'><strong>φαντασίᾳ</strong></span> <span class='ocrx_word' id='word_1_157' title='bbox 3331 960 3463 1031; x_wconf 76' lang='grc' dir='ltr'>ψιλῇ</span> <span class='ocrx_word' id='word_1_158' title='bbox 3496 960 3786 1030; x_wconf 83' lang='grc' dir='ltr'>προσεγγί-</span> 
     </span>
    </p>
   </div>
   <div class='ocr_carea' id='block_1_24' title="bbox 2204 1050 3786 1129">
    <p class='ocr_par' dir='ltr' id='par_1_24' title="bbox 2204 1050 3786 1129">
     <span class='ocr_line' id='line_1_24' title="bbox 2204 1050 3786 1129; baseline -0.005 -16"><span class='ocrx_word' id='word_1_159' title='bbox 2204 1060 2320 1126; x_wconf 79' lang='grc' dir='ltr'>ζειν</span> <span class='ocrx_word' id='word_1_160' title='bbox 2367 1059 2726 1129; x_wconf 81' lang='grc' dir='ltr'>καυχήσαιτο,</span> <span class='ocrx_word' id='word_1_161' title='bbox 2786 1054 2862 1125; x_wconf 87' lang='grc' dir='ltr'>μὴ</span> <span class='ocrx_word' id='word_1_162' title='bbox 2901 1054 2983 1108; x_wconf 83' lang='grc' dir='ltr'>ὅτι</span> <span class='ocrx_word' id='word_1_163' title='bbox 3015 1070 3081 1122; x_wconf 84' lang='grc' dir='ltr'><strong>γε</strong></span> <span class='ocrx_word' id='word_1_164' title='bbox 3130 1053 3338 1123; x_wconf 76' lang='grc' dir='ltr'>πλῆρες</span> <span class='ocrx_word' id='word_1_165' title='bbox 3391 1050 3786 1121; x_wconf 77' lang='grc' dir='ltr'>κατειληφέναι</span> 
     </span>
    </p>
   </div>
   <div class='ocr_carea' id='block_1_25' title="bbox 2205 1140 3788 1221">
    <p class='ocr_par' dir='ltr' id='par_1_25' title="bbox 2205 1140 3788 1221">
     <span class='ocr_line' id='line_1_25' title="bbox 2205 1140 3788 1221; baseline -0.008 -18"><span class='ocrx_word' id='word_1_166' title='bbox 2205 1149 2540 1219; x_wconf 87' lang='grc' dir='ltr'>πειράσηται</span> <span class='ocrx_word' id='word_1_167' title='bbox 2569 1162 2584 1212; x_wconf 86' lang='grc'><strong>;</strong></span> <span class='ocrx_word' id='word_1_168' title='bbox 2611 1146 2800 1200; x_wconf 79' lang='grc' dir='ltr'>Πᾶσαν</span> <span class='ocrx_word' id='word_1_169' title='bbox 2814 1144 2995 1199; x_wconf 80' lang='grc' dir='ltr'>τοίνυν</span> <span class='ocrx_word' id='word_1_170' title='bbox 3019 1143 3197 1212; x_wconf 91' lang='grc' dir='ltr'>λόγων</span> <span class='ocrx_word' id='word_1_171' title='bbox 3233 1141 3465 1221; x_wconf 86' lang='grc' dir='ltr'>δύναμιν</span> <span class='ocrx_word' id='word_1_172' title='bbox 3499 1140 3788 1211; x_wconf 82' lang='grc' dir='ltr'>ὑπερέπτη</span> 
     </span>
    </p>
   </div>
   <div class='ocr_carea' id='block_1_26' title="bbox 2205 1230 3788 1311">
    <p class='ocr_par' dir='ltr' id='par_1_26' title="bbox 2205 1230 3788 1311">
     <span class='ocr_line' id='line_1_26' title="bbox 2205 1230 3788 1311; baseline -0.008 -15"><span class='ocrx_word' id='word_1_173' title='bbox 2205 1241 2275 1296; x_wconf 81' lang='grc' dir='ltr'><strong>τά</strong></span> <span class='ocrx_word' id='word_1_174' title='bbox 2298 1241 2397 1311; x_wconf 83' lang='grc' dir='ltr'><strong>τῆς</strong></span> <span class='ocrx_word' id='word_1_175' title='bbox 2436 1238 2719 1311; x_wconf 86' lang='grc' dir='ltr'>Παρθένου</span> <span class='ocrx_word' id='word_1_176' title='bbox 2747 1234 3025 1307; x_wconf 84' lang='grc' dir='ltr'>ἐγκώμια,</span> <span class='ocrx_word' id='word_1_177' title='bbox 3055 1236 3136 1290; x_wconf 81' lang='grc' dir='ltr'>διὸ</span> <span class='ocrx_word' id='word_1_178' title='bbox 3186 1235 3282 1289; x_wconf 78' lang='grc' dir='ltr'>καὶ</span> <span class='ocrx_word' id='word_1_179' title='bbox 3316 1233 3560 1288; x_wconf 82' lang='grc' dir='ltr'>κατόπιν</span> <span class='ocrx_word' id='word_1_180' title='bbox 3592 1230 3788 1293; x_wconf 71' lang='grc' dir='ltr'>παντὸς</span> 
     </span>
    </p>
   </div>
   <div class='ocr_carea' id='block_1_27' title="bbox 2206 1317 3789 1399">
    <p class='ocr_par' dir='ltr' id='par_1_27' title="bbox 2206 1317 3789 1399">
     <span class='ocr_line' id='line_1_27' title="bbox 2206 1317 3789 1399; baseline -0.006 -13"><span class='ocrx_word' id='word_1_181' title='bbox 2206 1331 2430 1387; x_wconf 87' lang='grc' dir='ltr'>ἐπαίνου</span> <span class='ocrx_word' id='word_1_182' title='bbox 2474 1329 2605 1393; x_wconf 76' lang='grc' dir='ltr'>τοὺς</span> <span class='ocrx_word' id='word_1_183' title='bbox 2656 1329 2816 1399; x_wconf 82' lang='grc' dir='ltr'>ὅρους</span> <span class='ocrx_word' id='word_1_184' title='bbox 2862 1326 3151 1382; x_wconf 76' lang='grc' dir='ltr'><strong>ἀπέθεντο.</strong></span> <span class='ocrx_word' id='word_1_185' title='bbox 3220 1325 3363 1394; x_wconf 82' lang='grc' dir='ltr'><strong>Ἐγὼ</strong></span> <span class='ocrx_word' id='word_1_186' title='bbox 3419 1324 3523 1395; x_wconf 87' lang='grc' dir='ltr'><strong>μέν</strong></span> <span class='ocrx_word' id='word_1_187' title='bbox 3580 1320 3704 1390; x_wconf 74' lang='grc' dir='ltr'>οὖν,</span> <span class='ocrx_word' id='word_1_188' title='bbox 3748 1317 3789 1377; x_wconf 82' lang='grc' dir='ltr'>ὦ</span> 
     </span>
    </p>
   </div>
   <div class='ocr_carea' id='block_1_28' title="bbox 2205 1415 3791 1493">
    <p class='ocr_par' dir='ltr' id='par_1_28' title="bbox 2205 1415 3791 1493">
     <span class='ocr_line' id='line_1_28' title="bbox 2205 1415 3791 1493; baseline -0.004 -16"><span class='ocrx_word' id='word_1_189' title='bbox 2205 1422 2421 1493; x_wconf 72' lang='grc' dir='ltr'>ἄνδρες,</span> <span class='ocrx_word' id='word_1_190' title='bbox 2454 1421 2584 1493; x_wconf 81' lang='grc' dir='ltr'>πρίν</span> <span class='ocrx_word' id='word_1_191' title='bbox 2635 1419 2716 1491; x_wconf 86' lang='grc' dir='ltr'><strong>τῷ</strong></span> <span class='ocrx_word' id='word_1_192' title='bbox 2743 1417 2839 1473; x_wconf 83' lang='grc' dir='ltr'><strong>τοῦ</strong></span> <span class='ocrx_word' id='word_1_193' title='bbox 2888 1419 3057 1474; x_wconf 82' lang='grc' dir='ltr'>πόθου</span> <span class='ocrx_word' id='word_1_194' title='bbox 3093 1416 3299 1472; x_wconf 78' lang='grc' dir='ltr'>ἁλῶναι</span> <span class='ocrx_word' id='word_1_195' title='bbox 3332 1415 3524 1481; x_wconf 84' lang='grc' dir='ltr'>πάθει,</span> <span class='ocrx_word' id='word_1_196' title='bbox 3558 1415 3791 1487; x_wconf 61' lang='grc' dir='ltr'>χαλεπὸν</span> 
     </span>
    </p>
   </div>
   <div class='ocr_carea' id='block_1_29' title="bbox 2206 1505 3792 1584">
    <p class='ocr_par' dir='ltr' id='par_1_29' title="bbox 2206 1505 3792 1584">
     <span class='ocr_line' id='line_1_29' title="bbox 2206 1505 3792 1584; baseline -0.02 -5"><span class='ocrx_word' id='word_1_197' title='bbox 2206 1515 2309 1584; x_wconf 80' lang='grc' dir='ltr'>τῆς</span> <span class='ocrx_word' id='word_1_198' title='bbox 2341 1512 2549 1584; x_wconf 80' lang='grc' dir='ltr'><strong>τόλμης</strong></span> <span class='ocrx_word' id='word_1_199' title='bbox 2590 1511 2701 1567; x_wconf 83' lang='grc' dir='ltr'><strong>τῶν</strong></span> <span class='ocrx_word' id='word_1_200' title='bbox 2747 1511 3145 1583; x_wconf 77' lang='grc' dir='ltr'><strong>ἐγχειρούντων</strong></span> <span class='ocrx_word' id='word_1_201' title='bbox 3178 1508 3538 1579; x_wconf 74' lang='grc' dir='ltr'>ἐψηφιζὸμην</span> <span class='ocrx_word' id='word_1_202' title='bbox 3593 1508 3659 1560; x_wconf 74' lang='grc' dir='ltr'>σεδ</span> <span class='ocrx_word' id='word_1_203' title='bbox 3710 1505 3792 1575; x_wconf 74' lang='grc' dir='ltr'>εγ.</span> 
     </span>
    </p>
   </div>
   <div class='ocr_carea' id='block_1_30' title="bbox 2209 1595 3792 1676">
    <p class='ocr_par' dir='ltr' id='par_1_30' title="bbox 2209 1595 3792 1676">
     <span class='ocr_line' id='line_1_30' title="bbox 2209 1595 3792 1676; baseline -0.006 -17"><span class='ocrx_word' id='word_1_204' title='bbox 2209 1605 2415 1676; x_wconf 82' lang='grc' dir='ltr'>κλημα.</span> <span class='ocrx_word' id='word_1_205' title='bbox 2479 1603 2592 1659; x_wconf 76' lang='grc' dir='ltr'><strong>Καὶ</strong></span> <span class='ocrx_word' id='word_1_206' title='bbox 2630 1602 2741 1672; x_wconf 80' lang='grc' dir='ltr'><strong>γὰρ</strong></span> <span class='ocrx_word' id='word_1_207' title='bbox 2798 1595 2939 1655; x_wconf 72' lang='grc' dir='ltr'>εἶναι</span> <span class='ocrx_word' id='word_1_208' title='bbox 2996 1602 3195 1672; x_wconf 89' lang='grc' dir='ltr'>μανίας</span> <span class='ocrx_word' id='word_1_209' title='bbox 3249 1600 3427 1655; x_wconf 85' lang='grc' dir='ltr'>ἐδόκει</span> <span class='ocrx_word' id='word_1_210' title='bbox 3491 1598 3612 1651; x_wconf 86' lang='grc' dir='ltr'>τῶν</span> <span class='ocrx_word' id='word_1_211' title='bbox 3659 1597 3792 1669; x_wconf 77' lang='grc' dir='ltr'>ὑπὲρ</span> 
     </span>
    </p>
   </div>
   <div class='ocr_carea' id='block_1_31' title="bbox 2207 1688 3797 1765">
    <p class='ocr_par' dir='ltr' id='par_1_31' title="bbox 2207 1688 3797 1765">
     <span class='ocr_line' id='line_1_31' title="bbox 2207 1688 3797 1765; baseline -0.006 -13"><span class='ocrx_word' id='word_1_212' title='bbox 2207 1696 2436 1765; x_wconf 86' lang='grc' dir='ltr'>δύναμιν</span> <span class='ocrx_word' id='word_1_213' title='bbox 2465 1694 2754 1760; x_wconf 72' lang='grc' dir='ltr'>ἅπτεσθαι,</span> <span class='ocrx_word' id='word_1_214' title='bbox 2788 1694 2884 1748; x_wconf 60' lang='grc' dir='ltr'><strong>καλ⁵</strong></span> <span class='ocrx_word' id='word_1_215' title='bbox 2934 1688 3009 1747; x_wconf 84' lang='grc' dir='ltr'>ὧν</span> <span class='ocrx_word' id='word_1_216' title='bbox 3058 1694 3107 1746; x_wconf 92' lang='grc' dir='ltr'><strong>οί</strong></span> <span class='ocrx_word' id='word_1_217' title='bbox 3162 1691 3313 1762; x_wconf 81' lang='grc' dir='ltr'>λόγοι</span> <span class='ocrx_word' id='word_1_218' title='bbox 3355 1692 3418 1744; x_wconf 72' lang='grc' dir='ltr'>τὸ</span> <span class='ocrx_word' id='word_1_219' title='bbox 3454 1690 3608 1759; x_wconf 79' lang='grc' dir='ltr'>ὑπὲρ</span> <span class='ocrx_word' id='word_1_220' title='bbox 3637 1689 3797 1757; x_wconf 83' lang='grc' dir='ltr'>λόγον</span> 
     </span>
    </p>
   </div>
   <div class='ocr_carea' id='block_1_32' title="bbox 2213 1781 3788 1857">
    <p class='ocr_par' dir='ltr' id='par_1_32' title="bbox 2213 1781 3788 1857">
     <span class='ocr_line' id='line_1_32' title="bbox 2213 1781 3788 1857; baseline -0.004 -17"><span class='ocrx_word' id='word_1_221' title='bbox 2213 1788 2530 1857; x_wconf 82' lang='grc' dir='ltr'>εἰλήφασιν’</span> <span class='ocrx_word' id='word_1_222' title='bbox 2561 1785 2683 1840; x_wconf 80' lang='grc' dir='ltr'>ἐπεὶ</span> <span class='ocrx_word' id='word_1_223' title='bbox 2711 1786 2769 1839; x_wconf 89' lang='grc' dir='ltr'><strong>δέ</strong></span> <span class='ocrx_word' id='word_1_224' title='bbox 2800 1784 2906 1839; x_wconf 72' lang='grc' dir='ltr'>ὑπὸ</span> <span class='ocrx_word' id='word_1_225' title='bbox 2962 1781 3059 1837; x_wconf 78' lang='grc' dir='ltr'>τοῦ</span> <span class='ocrx_word' id='word_1_226' title='bbox 3116 1783 3345 1852; x_wconf 77' lang='grc' dir='ltr'>ἄγοντος</span> <span class='ocrx_word' id='word_1_227' title='bbox 3386 1781 3753 1853; x_wconf 71' lang='grc' dir='ltr'>τυραννηθείς</span> <span class='ocrx_word' id='word_1_228' title='bbox 3774 1820 3788 1847; x_wconf 94' lang='grc'><strong>,</strong></span> 
     </span>
    </p>
   </div>
   <div class='ocr_carea' id='block_1_33' title="bbox 531 1872 2105 1953">
    <p class='ocr_par' dir='ltr' id='par_1_33' title="bbox 531 1872 2105 1942">
     <span class='ocr_line' id='line_1_33' title="bbox 531 1872 2105 1942; baseline 0.002 -18"><span class='ocrx_word' id='word_1_229' title='bbox 531 1872 779 1925; x_wconf 89' lang='lat' dir='ltr'><strong>altiorem</strong></span> <span class='ocrx_word' id='word_1_230' title='bbox 851 1886 1105 1927; x_wconf 90' lang='lat' dir='ltr'><strong>sermone</strong></span> <span class='ocrx_word' id='word_1_231' title='bbox 1157 1875 1427 1928; x_wconf 88' lang='lat' dir='ltr'><strong>rationem</strong></span> <span class='ocrx_word' id='word_1_232' title='bbox 1479 1874 1759 1928; x_wconf 86' lang='lat' dir='ltr'><strong>haberent.</strong></span> <span class='ocrx_word' id='word_1_233' title='bbox 1818 1874 2105 1942; x_wconf 80' lang='lat' dir='ltr'><strong>Pos1quam</strong></span> 
     </span>
    </p>
   </div>
   <div class='ocr_carea' id='block_1_34' title="bbox 2206 1872 3791 1953">
    <p class='ocr_par' dir='ltr' id='par_1_34' title="bbox 2210 1872 3791 1948">
     <span class='ocr_line' id='line_1_34' title="bbox 2210 1872 3791 1948; baseline -0.004 -16"><span class='ocrx_word' id='word_1_234' title='bbox 2210 1877 2289 1948; x_wconf 81' lang='grc' dir='ltr'><strong>τῷ</strong></span> <span class='ocrx_word' id='word_1_235' title='bbox 2326 1878 2435 1932; x_wconf 86' lang='grc' dir='ltr'><strong>τῶν</strong></span> <span class='ocrx_word' id='word_1_236' title='bbox 2488 1875 2696 1931; x_wconf 83' lang='grc' dir='ltr'>πολλῶν</span> <span class='ocrx_word' id='word_1_237' title='bbox 2748 1874 3000 1947; x_wconf 80' lang='grc' dir='ltr'>ὑπήχθην</span> <span class='ocrx_word' id='word_1_238' title='bbox 3050 1874 3391 1946; x_wconf 82' lang='grc' dir='ltr'>τολμήματι,</span> <span class='ocrx_word' id='word_1_239' title='bbox 3449 1873 3650 1941; x_wconf 84' lang='grc' dir='ltr'>ίκέτης</span> <span class='ocrx_word' id='word_1_240' title='bbox 3701 1872 3791 1925; x_wconf 74' lang='grc' dir='ltr'>σὺν</span> 
     </span>
    </p>
   </div>
   <div class='ocr_carea' id='block_1_35' title="bbox 532 1961 2110 2034">
    <p class='ocr_par' dir='ltr' id='par_1_35' title="bbox 532 1961 2110 2034">
     <span class='ocr_line' id='line_1_35' title="bbox 532 1961 2110 2034; baseline 0.003 -21"><span class='ocrx_word' id='word_1_241' title='bbox 532 1969 711 2015; x_wconf 89' lang='lat' dir='ltr'><strong>autem</strong></span> <span class='ocrx_word' id='word_1_242' title='bbox 743 1962 811 2015; x_wconf 91' lang='lat' dir='ltr'><strong>ah</strong></span> <span class='ocrx_word' id='word_1_243' title='bbox 849 1970 1039 2031; x_wconf 87' lang='lat' dir='ltr'><strong>agente</strong></span> <span class='ocrx_word' id='word_1_244' title='bbox 1066 1961 1257 2018; x_wconf 81' lang='lat' dir='ltr'><strong>all‘eclu</strong></span> <span class='ocrx_word' id='word_1_245' title='bbox 1309 1964 1414 2017; x_wconf 91' lang='lat' dir='ltr'><strong>vim</strong></span> <span class='ocrx_word' id='word_1_246' title='bbox 1465 1978 1676 2034; x_wconf 84' lang='lat' dir='ltr'><strong>passus,</strong></span> <span class='ocrx_word' id='word_1_247' title='bbox 1731 1964 1845 2033; x_wconf 91' lang='lat' dir='ltr'><strong>ipse</strong></span> <span class='ocrx_word' id='word_1_248' title='bbox 1896 1979 2110 2033; x_wconf 91' lang='lat' dir='ltr'><strong>quoque</strong></span> 
     </span>
    </p>
   </div>
   <div class='ocr_carea' id='block_1_36' title="bbox 533 2051 2108 2123">
    <p class='ocr_par' dir='ltr' id='par_1_36' title="bbox 533 2051 2108 2123">
     <span class='ocr_line' id='line_1_36' title="bbox 533 2051 2108 2123; baseline 0.002 -20"><span class='ocrx_word' id='word_1_249' title='bbox 533 2051 824 2105; x_wconf 88' lang='lat' dir='ltr'><strong>multorum</strong></span> <span class='ocrx_word' id='word_1_250' title='bbox 859 2053 995 2106; x_wconf 90' lang='lat' dir='ltr'><strong>cessi</strong></span> <span class='ocrx_word' id='word_1_251' title='bbox 1026 2053 1340 2120; x_wconf 88' lang='lat' dir='ltr'><strong>temeritati,</strong></span> <span class='ocrx_word' id='word_1_252' title='bbox 1373 2054 1594 2123; x_wconf 84' lang='lat' dir='ltr'><strong>supplex</strong></span> <span class='ocrx_word' id='word_1_253' title='bbox 1629 2070 1749 2109; x_wconf 89' lang='lat' dir='ltr'><strong>cum</strong></span> <span class='ocrx_word' id='word_1_254' title='bbox 1776 2055 1855 2109; x_wconf 91' lang='lat' dir='ltr'><strong>eis</strong></span> <span class='ocrx_word' id='word_1_255' title='bbox 1899 2053 2108 2108; x_wconf 88' lang='lat' dir='ltr'><strong>veniam</strong></span> 
     </span>
    </p>
   </div>
   <div class='ocr_carea' id='block_1_37' title="bbox 530 2140 2110 2213">
    <p class='ocr_par' dir='ltr' id='par_1_37' title="bbox 530 2140 2110 2213">
     <span class='ocr_line' id='line_1_37' title="bbox 530 2140 2110 2213; baseline 0.003 -20"><span class='ocrx_word' id='word_1_256' title='bbox 530 2141 771 2211; x_wconf 81' lang='lat' dir='ltr'><strong>postulo,</strong></span> <span class='ocrx_word' id='word_1_257' title='bbox 798 2140 1102 2198; x_wconf 78' lang='lat' dir='ltr'><strong>affectionis</strong></span> <span class='ocrx_word' id='word_1_258' title='bbox 1132 2147 1505 2213; x_wconf 85' lang='lat' dir='ltr'><strong>experimento</strong></span> <span class='ocrx_word' id='word_1_259' title='bbox 1529 2146 1804 2210; x_wconf 88' lang='lat' dir='ltr'><strong>dedoctus,</strong></span> <span class='ocrx_word' id='word_1_260' title='bbox 1839 2153 1897 2199; x_wconf 91' lang='lat' dir='ltr'><strong>ut</strong></span> <span class='ocrx_word' id='word_1_261' title='bbox 1943 2159 2013 2199; x_wconf 88' lang='lat' dir='ltr'><strong>ne</strong></span> <span class='ocrx_word' id='word_1_262' title='bbox 2057 2144 2110 2198; x_wconf 92' lang='lat' dir='ltr'><strong>id</strong></span> 
     </span>
    </p>
   </div>
   <div class='ocr_carea' id='block_1_38' title="bbox 528 2233 2109 2307">
    <p class='ocr_par' dir='ltr' id='par_1_38' title="bbox 528 2233 2109 2307">
     <span class='ocr_line' id='line_1_38' title="bbox 528 2233 2109 2307; baseline 0.003 -22"><span class='ocrx_word' id='word_1_263' title='bbox 528 2233 738 2286; x_wconf 88' lang='lat' dir='ltr'><strong>crimen</strong></span> <span class='ocrx_word' id='word_1_264' title='bbox 764 2245 948 2303; x_wconf 86' lang='lat' dir='ltr'><strong>putem</strong></span> <span class='ocrx_word' id='word_1_265' title='bbox 1003 2251 1109 2290; x_wconf 90' lang='lat' dir='ltr'><strong>non</strong></span> <span class='ocrx_word' id='word_1_266' title='bbox 1157 2236 1443 2291; x_wconf 88' lang='lat' dir='ltr'><strong>veniabile.</strong></span> <span class='ocrx_word' id='word_1_267' title='bbox 1498 2235 1654 2307; x_wconf 81' lang='lat' dir='ltr'><strong>Rogo</strong></span> <span class='ocrx_word' id='word_1_268' title='bbox 1712 2237 1912 2306; x_wconf 87' lang='lat' dir='ltr'><strong>itaque,</strong></span> <span class='ocrx_word' id='word_1_269' title='bbox 1955 2246 2109 2290; x_wconf 92' lang='lat' dir='ltr'><strong>utne</strong></span> 
     </span>
    </p>
   </div>
   <div class='ocr_carea' id='block_1_39' title="bbox 530 2323 2111 2391">
    <p class='ocr_par' dir='ltr' id='par_1_39' title="bbox 530 2323 2111 2391">
     <span class='ocr_line' id='line_1_39' title="bbox 530 2323 2111 2391; baseline 0.004 -16"><span class='ocrx_word' id='word_1_270' title='bbox 530 2323 654 2391; x_wconf 88' lang='lat' dir='ltr'><strong>quis</strong></span> <span class='ocrx_word' id='word_1_271' title='bbox 683 2337 923 2379; x_wconf 91' lang='lat' dir='ltr'><strong>vestrum</strong></span> <span class='ocrx_word' id='word_1_272' title='bbox 958 2327 1198 2381; x_wconf 66' lang='lat' dir='ltr'><strong>audacia:</strong></span> <span class='ocrx_word' id='word_1_273' title='bbox 1222 2327 1469 2381; x_wconf 88' lang='lat' dir='ltr'><strong>illaturus</strong></span> <span class='ocrx_word' id='word_1_274' title='bbox 1494 2328 1722 2390; x_wconf 88' lang='lat' dir='ltr'><strong>crimen,</strong></span> <span class='ocrx_word' id='word_1_275' title='bbox 1776 2342 1889 2381; x_wconf 91' lang='lat' dir='ltr'><strong>rem</strong></span> <span class='ocrx_word' id='word_1_276' title='bbox 1941 2337 2111 2382; x_wconf 85' lang='lat' dir='ltr'><strong>teme-</strong></span> 
     </span>
    </p>
   </div>
   <div class='ocr_carea' id='block_1_40' title="bbox 534 2414 2107 2486">
    <p class='ocr_par' dir='ltr' id='par_1_40' title="bbox 534 2414 2107 2486">
     <span class='ocr_line' id='line_1_40' title="bbox 534 2414 2107 2486; baseline 0.004 -22"><span class='ocrx_word' id='word_1_277' title='bbox 534 2414 712 2469; x_wconf 84' lang='lat' dir='ltr'><strong>ritatis</strong></span> <span class='ocrx_word' id='word_1_278' title='bbox 751 2431 815 2470; x_wconf 88' lang='lat' dir='ltr'><strong>ac</strong></span> <span class='ocrx_word' id='word_1_279' title='bbox 867 2418 1227 2486; x_wconf 64' lang='lat' dir='ltr'><strong>arrogantiae,</strong></span> <span class='ocrx_word' id='word_1_280' title='bbox 1281 2420 1375 2471; x_wconf 91' lang='lat' dir='ltr'><strong>sed</strong></span> <span class='ocrx_word' id='word_1_281' title='bbox 1426 2418 1802 2486; x_wconf 87' lang='lat' dir='ltr'><strong>exsuperantis</strong></span> <span class='ocrx_word' id='word_1_282' title='bbox 1854 2418 2107 2473; x_wconf 89' lang='lat' dir='ltr'><strong>desiderii</strong></span> 
     </span>
    </p>
   </div>
   <div class='ocr_carea' id='block_1_41' title="bbox 528 2504 2109 2576">
    <p class='ocr_par' dir='ltr' id='par_1_41' title="bbox 528 2504 2109 2576">
     <span class='ocr_line' id='line_1_41' title="bbox 528 2504 2109 2576; baseline 0.006 -20"><span class='ocrx_word' id='word_1_283' title='bbox 528 2504 755 2573; x_wconf 75' lang='lat' dir='ltr'><strong>iudicet.</strong></span> <span class='ocrx_word' id='word_1_284' title='bbox 791 2506 999 2560; x_wconf 85' lang='lat' dir='ltr'><strong>Etenim</strong></span> <span class='ocrx_word' id='word_1_285' title='bbox 1043 2507 1172 2561; x_wconf 87' lang='lat' dir='ltr'><strong>illud</strong></span> <span class='ocrx_word' id='word_1_286' title='bbox 1217 2507 1570 2563; x_wconf 70' lang='lat' dir='ltr'><strong>vehementer</strong></span> <span class='ocrx_word' id='word_1_287' title='bbox 1622 2517 1832 2576; x_wconf 85' lang='lat' dir='ltr'><strong>tenens,</strong></span> <span class='ocrx_word' id='word_1_288' title='bbox 1875 2509 2109 2565; x_wconf 78' lang='lat' dir='ltr'><strong>maxima</strong></span> 
     </span>
    </p>
   </div>
   <div class='ocr_carea' id='block_1_42' title="bbox 530 2594 2106 2670">
    <p class='ocr_par' dir='ltr' id='par_1_42' title="bbox 530 2594 2106 2670">
     <span class='ocr_line' id='line_1_42' title="bbox 530 2594 2106 2670; baseline 0.006 -25"><span class='ocrx_word' id='word_1_289' title='bbox 530 2596 778 2663; x_wconf 63' lang='lat' dir='ltr'><strong>quadam</strong></span> <span class='ocrx_word' id='word_1_290' title='bbox 813 2594 938 2650; x_wconf 84' lang='lat' dir='ltr'><strong>fecit</strong></span> <span class='ocrx_word' id='word_1_291' title='bbox 965 2612 1326 2665; x_wconf 72' lang='lat' dir='ltr'><strong>prmsumere;</strong></span> <span class='ocrx_word' id='word_1_292' title='bbox 1361 2598 1463 2653; x_wconf 84' lang='lat' dir='ltr'><strong>ﬁde</strong></span> <span class='ocrx_word' id='word_1_293' title='bbox 1480 2599 1697 2670; x_wconf 90' lang='lat' dir='ltr'><strong>quidem</strong></span> <span class='ocrx_word' id='word_1_294' title='bbox 1722 2599 1919 2669; x_wconf 67' lang='lat' dir='ltr'><strong>prmia</strong></span> <span class='ocrx_word' id='word_1_295' title='bbox 1950 2600 2106 2662; x_wconf 88' lang='lat' dir='ltr'><strong>duce,</strong></span> 
     </span>
    </p>
   </div>
   <div class='ocr_carea' id='block_1_43' title="bbox 529 2687 2109 2758">
    <p class='ocr_par' dir='ltr' id='par_1_43' title="bbox 529 2687 2109 2758">
     <span class='ocr_line' id='line_1_43' title="bbox 529 2687 2109 2758; baseline 0.005 -21"><span class='ocrx_word' id='word_1_296' title='bbox 529 2698 628 2750; x_wconf 84' lang='lat' dir='ltr'><strong>spe</strong></span> <span class='ocrx_word' id='word_1_297' title='bbox 644 2695 825 2738; x_wconf 90' lang='lat' dir='ltr'><strong>autem</strong></span> <span class='ocrx_word' id='word_1_298' title='bbox 859 2688 925 2739; x_wconf 90' lang='lat' dir='ltr'><strong>ad</strong></span> <span class='ocrx_word' id='word_1_299' title='bbox 963 2699 1024 2739; x_wconf 88' lang='lat' dir='ltr'><strong>ea</strong></span> <span class='ocrx_word' id='word_1_300' title='bbox 1049 2687 1389 2742; x_wconf 84' lang='lat' dir='ltr'><strong>sublevante.</strong></span> <span class='ocrx_word' id='word_1_301' title='bbox 1418 2689 1604 2758; x_wconf 84' lang='lat' dir='ltr'><strong>Neque</strong></span> <span class='ocrx_word' id='word_1_302' title='bbox 1639 2691 1784 2743; x_wconf 91' lang='lat' dir='ltr'><strong>enim</strong></span> <span class='ocrx_word' id='word_1_303' title='bbox 1830 2704 2109 2745; x_wconf 87' lang='lat' dir='ltr'><strong>sermones</strong></span> 
     </span>
    </p>
   </div>
   <div class='ocr_carea' id='block_1_44' title="bbox 528 2776 2104 2849">
    <p class='ocr_par' dir='ltr' id='par_1_44' title="bbox 528 2776 2104 2849">
     <span class='ocr_line' id='line_1_44' title="bbox 528 2776 2104 2849; baseline 0.002 -20"><span class='ocrx_word' id='word_1_304' title='bbox 528 2788 717 2829; x_wconf 88' lang='lat' dir='ltr'><strong>eorum</strong></span> <span class='ocrx_word' id='word_1_305' title='bbox 747 2776 932 2845; x_wconf 64' lang='lat' dir='ltr'><strong>gloria</strong></span> <span class='ocrx_word' id='word_1_306' title='bbox 961 2791 1125 2832; x_wconf 87' lang='lat' dir='ltr'><strong>causa</strong></span> <span class='ocrx_word' id='word_1_307' title='bbox 1153 2788 1299 2846; x_wconf 91' lang='lat' dir='ltr'><strong>sunt,</strong></span> <span class='ocrx_word' id='word_1_308' title='bbox 1329 2780 1421 2849; x_wconf 90' lang='lat' dir='ltr'><strong>qui</strong></span> <span class='ocrx_word' id='word_1_309' title='bbox 1442 2780 1704 2835; x_wconf 33' lang='lat' dir='ltr'><strong>‘encomio</strong></span> <span class='ocrx_word' id='word_1_310' title='bbox 1721 2780 2104 2846; x_wconf 89' lang='lat' dir='ltr'><strong>celebrantur;</strong></span> 
     </span>
    </p>
   </div>
   <div class='ocr_carea' id='block_1_45' title="bbox 530 2866 2109 2943">
    <p class='ocr_par' dir='ltr' id='par_1_45' title="bbox 530 2866 2109 2943">
     <span class='ocr_line' id='line_1_45' title="bbox 530 2866 2109 2943; baseline 0.003 -22"><span class='ocrx_word' id='word_1_311' title='bbox 530 2866 627 2921; x_wconf 85' lang='lat' dir='ltr'><strong>sed</strong></span> <span class='ocrx_word' id='word_1_312' title='bbox 666 2868 886 2935; x_wconf 88' lang='lat' dir='ltr'><strong>pietatis</strong></span> <span class='ocrx_word' id='word_1_313' title='bbox 958 2884 1089 2939; x_wconf 90' lang='lat' dir='ltr'><strong>ergo</strong></span> <span class='ocrx_word' id='word_1_314' title='bbox 1147 2869 1455 2926; x_wconf 79' lang='lat' dir='ltr'><strong>inferuntur</strong></span> <span class='ocrx_word' id='word_1_315' title='bbox 1522 2886 1710 2931; x_wconf 86' lang='lat' dir='ltr'><strong>eorum</strong></span> <span class='ocrx_word' id='word_1_316' title='bbox 1771 2873 1861 2943; x_wconf 90' lang='lat' dir='ltr'><strong>qui</strong></span> <span class='ocrx_word' id='word_1_317' title='bbox 1922 2873 2109 2927; x_wconf 91' lang='lat' dir='ltr'><strong>dicunt</strong></span> 
     </span>
    </p>
   </div>
   <div class='ocr_carea' id='block_1_46' title="bbox 2210 1961 3791 2040">
    <p class='ocr_par' dir='ltr' id='par_1_46' title="bbox 2210 1961 3791 2040">
     <span class='ocr_line' id='line_1_46' title="bbox 2210 1961 3791 2040; baseline -0.005 -16"><span class='ocrx_word' id='word_1_318' title='bbox 2210 1970 2419 2033; x_wconf 83' lang='grc' dir='ltr'>τούτοις</span> <span class='ocrx_word' id='word_1_319' title='bbox 2450 1970 2587 2040; x_wconf 81' lang='grc' dir='ltr'>πρὸς</span> <span class='ocrx_word' id='word_1_320' title='bbox 2616 1966 2950 2038; x_wconf 82' lang='grc' dir='ltr'>συγγνώμην</span> <span class='ocrx_word' id='word_1_321' title='bbox 3002 1965 3343 2036; x_wconf 78' lang='grc' dir='ltr'><strong>καθέστηκα,</strong></span> <span class='ocrx_word' id='word_1_322' title='bbox 3375 1967 3442 2035; x_wconf 82' lang='grc' dir='ltr'><strong>τῇ</strong></span> <span class='ocrx_word' id='word_1_323' title='bbox 3492 1964 3673 2035; x_wconf 79' lang='grc' dir='ltr'>πείρᾳ</span> <span class='ocrx_word' id='word_1_324' title='bbox 3703 1961 3791 2017; x_wconf 77' lang='grc' dir='ltr'>τοῦ</span> 
     </span>
    </p>
   </div>
   <div class='ocr_carea' id='block_1_47' title="bbox 2210 2054 3798 2132">
    <p class='ocr_par' dir='ltr' id='par_1_47' title="bbox 2210 2054 3798 2132">
     <span class='ocr_line' id='line_1_47' title="bbox 2210 2054 3798 2132; baseline -0.007 -13"><span class='ocrx_word' id='word_1_325' title='bbox 2210 2062 2418 2127; x_wconf 80' lang='grc' dir='ltr'>πάθους</span> <span class='ocrx_word' id='word_1_326' title='bbox 2450 2060 2708 2132; x_wconf 85' lang='grc' dir='ltr'>ἐκμαθὼν</span> <span class='ocrx_word' id='word_1_327' title='bbox 2754 2059 2815 2114; x_wconf 74' lang='grc' dir='ltr'>τὸ</span> <span class='ocrx_word' id='word_1_328' title='bbox 2856 2058 3266 2128; x_wconf 85' lang='grc' dir='ltr'>ἀσύγγνωστον.</span> <span class='ocrx_word' id='word_1_329' title='bbox 3324 2057 3471 2110; x_wconf 81' lang='grc' dir='ltr'>Αἰτῶ</span> <span class='ocrx_word' id='word_1_330' title='bbox 3511 2055 3723 2119; x_wconf 78' lang='grc' dir='ltr'>τοίνυν,</span> <span class='ocrx_word' id='word_1_331' title='bbox 3750 2054 3798 2108; x_wconf 78' lang='grc' dir='ltr'><strong>εί</strong></span> 
     </span>
    </p>
   </div>
   <div class='ocr_carea' id='block_1_48' title="bbox 2206 2145 3790 2225">
    <p class='ocr_par' dir='ltr' id='par_1_48' title="bbox 2206 2145 3790 2225">
     <span class='ocr_line' id='line_1_48' title="bbox 2206 2145 3790 2225; baseline -0.006 -17"><span class='ocrx_word' id='word_1_332' title='bbox 2206 2171 2294 2218; x_wconf 89' lang='grc' dir='ltr'><strong>τις</strong></span> <span class='ocrx_word' id='word_1_333' title='bbox 2322 2154 2481 2225; x_wconf 75' lang='grc' dir='ltr'>ὑμῶν</span> <span class='ocrx_word' id='word_1_334' title='bbox 2510 2150 2803 2215; x_wconf 80' lang='grc' dir='ltr'>αὐθαδείας</span> <span class='ocrx_word' id='word_1_335' title='bbox 2821 2149 3137 2218; x_wconf 74' lang='grc' dir='ltr'>ἐπεισάγειν</span> <span class='ocrx_word' id='word_1_336' title='bbox 3166 2145 3407 2219; x_wconf 82' lang='grc' dir='ltr'>πειρῷτο</span> <span class='ocrx_word' id='word_1_337' title='bbox 3434 2146 3790 2218; x_wconf 79' lang='grc' dir='ltr'>ἐγκλήματα,</span> 
     </span>
    </p>
   </div>
   <div class='ocr_carea' id='block_1_49' title="bbox 2212 2235 3795 2316">
    <p class='ocr_par' dir='ltr' id='par_1_49' title="bbox 2212 2235 3795 2316">
     <span class='ocr_line' id='line_1_49' title="bbox 2212 2235 3795 2316; baseline -0.006 -18"><span class='ocrx_word' id='word_1_338' title='bbox 2212 2244 2289 2316; x_wconf 82' lang='grc' dir='ltr'>μὴ</span> <span class='ocrx_word' id='word_1_339' title='bbox 2312 2243 2547 2314; x_wconf 81' lang='grc' dir='ltr'>θράσους</span> <span class='ocrx_word' id='word_1_340' title='bbox 2571 2239 2913 2307; x_wconf 77' lang='grc' dir='ltr'>ἀλαζονείαν,</span> <span class='ocrx_word' id='word_1_341' title='bbox 2969 2237 3107 2293; x_wconf 80' lang='grc' dir='ltr'>ἀλλὰ</span> <span class='ocrx_word' id='word_1_342' title='bbox 3156 2236 3323 2292; x_wconf 82' lang='grc' dir='ltr'>πόθου</span> <span class='ocrx_word' id='word_1_343' title='bbox 3374 2236 3709 2309; x_wconf 87' lang='grc' dir='ltr'>περιουσίαν</span> <span class='ocrx_word' id='word_1_344' title='bbox 3740 2235 3795 2290; x_wconf 76' lang='grc' dir='ltr'>τὸ</span> 
     </span>
    </p>
   </div>
   <div class='ocr_carea' id='block_1_50' title="bbox 2211 2327 3793 2405">
    <p class='ocr_par' dir='ltr' id='par_1_50' title="bbox 2211 2327 3793 2405">
     <span class='ocr_line' id='line_1_50' title="bbox 2211 2327 3793 2405; baseline -0.003 -17"><span class='ocrx_word' id='word_1_345' title='bbox 2211 2334 2573 2405; x_wconf 79' lang='grc' dir='ltr'>προκείμενον</span> <span class='ocrx_word' id='word_1_346' title='bbox 2613 2331 2884 2400; x_wconf 81' lang='grc' dir='ltr'>κρινέτω·</span> <span class='ocrx_word' id='word_1_347' title='bbox 2936 2330 3032 2383; x_wconf 78' lang='grc' dir='ltr'>καὶ</span> <span class='ocrx_word' id='word_1_348' title='bbox 3082 2328 3193 2400; x_wconf 83' lang='grc' dir='ltr'><strong>γάρ</strong></span> <span class='ocrx_word' id='word_1_349' title='bbox 3241 2330 3276 2399; x_wconf 87' lang='grc' dir='ltr'><strong>ή</strong></span> <span class='ocrx_word' id='word_1_350' title='bbox 3324 2327 3525 2382; x_wconf 89' lang='grc' dir='ltr'>τούτου</span> <span class='ocrx_word' id='word_1_351' title='bbox 3590 2327 3793 2399; x_wconf 67' lang='grc' dir='ltr'>σφοδρὰ</span> 
     </span>
    </p>
   </div>
   <div class='ocr_carea' id='block_1_51' title="bbox 2209 2421 3792 2497">
    <p class='ocr_par' dir='ltr' id='par_1_51' title="bbox 2209 2421 3792 2497">
     <span class='ocr_line' id='line_1_51' title="bbox 2209 2421 3792 2497; baseline -0.004 -16"><span class='ocrx_word' id='word_1_352' title='bbox 2209 2426 2593 2497; x_wconf 83' lang='grc' dir='ltr'>ἐπικράτησις,</span> <span class='ocrx_word' id='word_1_353' title='bbox 2622 2422 2733 2477; x_wconf 86' lang='grc' dir='ltr'><strong>τῶν</strong></span> <span class='ocrx_word' id='word_1_354' title='bbox 2762 2422 3034 2492; x_wconf 86' lang='grc' dir='ltr'>μεγίστων</span> <span class='ocrx_word' id='word_1_355' title='bbox 3054 2421 3407 2491; x_wconf 74' lang='grc' dir='ltr'>κατατολμᾷν</span> <span class='ocrx_word' id='word_1_356' title='bbox 3435 2422 3792 2494; x_wconf 76' lang='grc' dir='ltr'>παρεσκεύαο</span> 
     </span>
    </p>
   </div>
   <div class='ocr_carea' id='block_1_52' title="bbox 2213 2511 3795 2585">
    <p class='ocr_par' dir='ltr' id='par_1_52' title="bbox 2213 2511 3795 2585">
     <span class='ocr_line' id='line_1_52' title="bbox 2213 2511 3795 2585; baseline -0.004 -13"><span class='ocrx_word' id='word_1_357' title='bbox 2213 2535 2328 2572; x_wconf 90' lang='grc' dir='ltr'>σεν.</span> <span class='ocrx_word' id='word_1_358' title='bbox 2377 2517 2624 2578; x_wconf 83' lang='grc' dir='ltr'>Πίστεως</span> <span class='ocrx_word' id='word_1_359' title='bbox 2675 2513 2773 2585; x_wconf 90' lang='grc' dir='ltr'><strong>μέν</strong></span> <span class='ocrx_word' id='word_1_360' title='bbox 2822 2512 3195 2583; x_wconf 80' lang='grc' dir='ltr'>προαγούσης,</span> <span class='ocrx_word' id='word_1_361' title='bbox 3245 2512 3464 2577; x_wconf 78' lang='grc' dir='ltr'>ἐλπίδος</span> <span class='ocrx_word' id='word_1_362' title='bbox 3539 2512 3603 2567; x_wconf 85' lang='grc' dir='ltr'><strong>δέ</strong></span> <span class='ocrx_word' id='word_1_363' title='bbox 3665 2511 3795 2582; x_wconf 72' lang='grc' dir='ltr'>πρὸς</span> 
     </span>
    </p>
   </div>
   <div class='ocr_carea' id='block_1_53' title="bbox 2208 2602 3793 2674">
    <p class='ocr_par' dir='ltr' id='par_1_53' title="bbox 2208 2602 3793 2674">
     <span class='ocr_line' id='line_1_53' title="bbox 2208 2602 3793 2674; baseline -0.006 -11"><span class='ocrx_word' id='word_1_364' title='bbox 2208 2609 2382 2663; x_wconf 84' lang='grc' dir='ltr'>ταῦτα</span> <span class='ocrx_word' id='word_1_365' title='bbox 2434 2604 2868 2674; x_wconf 84' lang='grc' dir='ltr'>συνανυψούσης.</span> <span class='ocrx_word' id='word_1_366' title='bbox 2930 2603 3068 2658; x_wconf 80' lang='grc' dir='ltr'>Οὐδὲ</span> <span class='ocrx_word' id='word_1_367' title='bbox 3102 2602 3210 2673; x_wconf 81' lang='grc' dir='ltr'><strong>γὰρ</strong></span> <span class='ocrx_word' id='word_1_368' title='bbox 3250 2602 3413 2673; x_wconf 90' lang='grc' dir='ltr'>δόξης</span> <span class='ocrx_word' id='word_1_369' title='bbox 3458 2602 3636 2657; x_wconf 75' lang='grc' dir='ltr'>ἕνεκα</span> <span class='ocrx_word' id='word_1_370' title='bbox 3691 2603 3793 2655; x_wconf 85' lang='grc' dir='ltr'><strong>τῶν</strong></span> 
     </span>
    </p>
   </div>
   <div class='ocr_carea' id='block_1_54' title="bbox 2209 2692 3794 2769">
    <p class='ocr_par' dir='ltr' id='par_1_54' title="bbox 2209 2692 3794 2769">
     <span class='ocr_line' id='line_1_54' title="bbox 2209 2692 3794 2769; baseline -0.004 -16"><span class='ocrx_word' id='word_1_371' title='bbox 2209 2695 2708 2769; x_wconf 78' lang='grc' dir='ltr'>ἐγκωμιαζομένων</span> <span class='ocrx_word' id='word_1_372' title='bbox 2737 2695 2787 2747; x_wconf 79' lang='lat' dir='ltr'><strong>oi</strong></span> <span class='ocrx_word' id='word_1_373' title='bbox 2837 2694 3016 2762; x_wconf 76' lang='grc' dir='ltr'>λόγοι·</span> <span class='ocrx_word' id='word_1_374' title='bbox 3075 2692 3360 2757; x_wconf 73' lang='grc' dir='ltr'>εὐσεϐείας</span> <span class='ocrx_word' id='word_1_375' title='bbox 3384 2692 3443 2747; x_wconf 82' lang='grc' dir='ltr'><strong>δέ</strong></span> <span class='ocrx_word' id='word_1_376' title='bbox 3491 2694 3665 2766; x_wconf 79' lang='grc' dir='ltr'>χάριν</span> <span class='ocrx_word' id='word_1_377' title='bbox 3692 2693 3794 2747; x_wconf 83' lang='grc' dir='ltr'><strong>τῶν</strong></span> 
     </span>
    </p>
   </div>
   <div class='ocr_carea' id='block_1_55' title="bbox 2207 2782 3797 2858">
    <p class='ocr_par' dir='ltr' id='par_1_55' title="bbox 2207 2782 3797 2858">
     <span class='ocr_line' id='line_1_55' title="bbox 2207 2782 3797 2858; baseline -0.006 -14"><span class='ocrx_word' id='word_1_378' title='bbox 2207 2790 2477 2858; x_wconf 89' lang='grc' dir='ltr'>λεγόντων</span> <span class='ocrx_word' id='word_1_379' title='bbox 2531 2785 2898 2858; x_wconf 81' lang='grc' dir='ltr'>εἰσφέρονται.</span> <span class='ocrx_word' id='word_1_380' title='bbox 2959 2784 3122 2837; x_wconf 84' lang='grc' dir='ltr'>Ὅθεν</span> <span class='ocrx_word' id='word_1_381' title='bbox 3182 2801 3275 2855; x_wconf 89' lang='grc' dir='ltr'><strong>μοι</strong></span> <span class='ocrx_word' id='word_1_382' title='bbox 3320 2782 3443 2839; x_wconf 84' lang='grc' dir='ltr'>λίαν</span> <span class='ocrx_word' id='word_1_383' title='bbox 3493 2783 3797 2846; x_wconf 81' lang='grc' dir='ltr'>ἀκινδύνως</span> 
     </span>
    </p>
   </div>
   <div class='ocr_carea' id='block_1_56' title="bbox 2206 2872 3794 2946">
    <p class='ocr_par' dir='ltr' id='par_1_56' title="bbox 2206 2872 3794 2946">
     <span class='ocr_line' id='line_1_56' title="bbox 2206 2872 3794 2946; baseline -0.004 -13"><span class='ocrx_word' id='word_1_384' title='bbox 2206 2881 2374 2944; x_wconf 80' lang='grc' dir='ltr'>δοκεῖ,</span> <span class='ocrx_word' id='word_1_385' title='bbox 2405 2878 2501 2931; x_wconf 70' lang='grc' dir='ltr'><strong>καί</strong></span> <span class='ocrx_word' id='word_1_386' title='bbox 2526 2877 2588 2930; x_wconf 83' lang='grc' dir='ltr'>τὸ</span> <span class='ocrx_word' id='word_1_387' title='bbox 2616 2877 2761 2931; x_wconf 81' lang='grc' dir='ltr'>θεῖον</span> <span class='ocrx_word' id='word_1_388' title='bbox 2779 2874 3003 2944; x_wconf 78' lang='grc' dir='ltr'>ἀνενδεῆ</span> <span class='ocrx_word' id='word_1_389' title='bbox 3033 2873 3131 2946; x_wconf 77' lang='grc' dir='ltr'><strong>τὴν</strong></span> <span class='ocrx_word' id='word_1_390' title='bbox 3163 2874 3329 2942; x_wconf 86' lang='grc' dir='ltr'>φύσιν</span> <span class='ocrx_word' id='word_1_391' title='bbox 3353 2872 3505 2944; x_wconf 82' lang='grc' dir='ltr'>ἐχον,</span> <span class='ocrx_word' id='word_1_392' title='bbox 3531 2872 3794 2938; x_wconf 79' lang='grc' dir='ltr'>αύτοδόξα</span> 
     </span>
    </p>
   </div>
   <div class='ocr_carea' id='block_1_57' title="bbox 531 2958 2105 3037">
    <p class='ocr_par' dir='ltr' id='par_1_57' title="bbox 531 2958 2105 3027">
     <span class='ocr_line' id='line_1_57' title="bbox 531 2958 2105 3027; baseline 0.005 -17"><span class='ocrx_word' id='word_1_393' title='bbox 531 2972 596 3011; x_wconf 87' lang='lat' dir='ltr'><strong>ac</strong></span> <span class='ocrx_word' id='word_1_394' title='bbox 622 2967 801 3012; x_wconf 89' lang='lat' dir='ltr'><strong>orant.</strong></span> <span class='ocrx_word' id='word_1_395' title='bbox 839 2958 1196 3026; x_wconf 83' lang='lat' dir='ltr'><strong>Quamobrem</strong></span> <span class='ocrx_word' id='word_1_396' title='bbox 1230 2972 1401 3016; x_wconf 91' lang='lat' dir='ltr'><strong>tutum</strong></span> <span class='ocrx_word' id='word_1_397' title='bbox 1427 2964 1714 3017; x_wconf 87' lang='lat' dir='ltr'><strong>admodum</strong></span> <span class='ocrx_word' id='word_1_398' title='bbox 1744 2964 2003 3027; x_wconf 87' lang='lat' dir='ltr'><strong>arbitror,</strong></span> <span class='ocrx_word' id='word_1_399' title='bbox 2050 2971 2105 3018; x_wconf 90' lang='lat' dir='ltr'><strong>ut</strong></span> 
     </span>
    </p>
   </div>
   <div class='ocr_carea' id='block_1_58' title="bbox 2206 2958 3796 3037">
    <p class='ocr_par' dir='ltr' id='par_1_58' title="bbox 2207 2965 3796 3037">
     <span class='ocr_line' id='line_1_58' title="bbox 2207 2965 3796 3037; baseline -0.003 -15"><span class='ocrx_word' id='word_1_400' title='bbox 2207 2986 2265 3023; x_wconf 88' lang='grc' dir='ltr'><strong>τε</strong></span> <span class='ocrx_word' id='word_1_401' title='bbox 2289 2967 2349 3022; x_wconf 78' lang='grc' dir='ltr'>ὃν</span> <span class='ocrx_word' id='word_1_402' title='bbox 2394 2969 2489 3021; x_wconf 77' lang='grc' dir='ltr'>καὶ</span> <span class='ocrx_word' id='word_1_403' title='bbox 2545 2966 2907 3037; x_wconf 82' lang='grc' dir='ltr'>μεγαλειότης</span> <span class='ocrx_word' id='word_1_404' title='bbox 2957 2965 3069 3018; x_wconf 84' lang='grc' dir='ltr'><strong>τῶν</strong></span> <span class='ocrx_word' id='word_1_405' title='bbox 3126 2966 3567 3035; x_wconf 81' lang='grc' dir='ltr'>ἐπαινουμένων,</span> <span class='ocrx_word' id='word_1_406' title='bbox 3628 2965 3796 3019; x_wconf 83' lang='grc' dir='ltr'>αττιον</span> 
     </span>
    </p>
   </div>
   <div class='ocr_carea' id='block_1_59' title="bbox 533 3046 2105 3129">
    <p class='ocr_par' dir='ltr' id='par_1_59' title="bbox 533 3046 2105 3125">
     <span class='ocr_line' id='line_1_59' title="bbox 533 3046 2105 3125; baseline 0.005 -25"><span class='ocrx_word' id='word_1_407' title='bbox 533 3046 694 3112; x_wconf 77' lang='lat' dir='ltr'><strong>Deus,</strong></span> <span class='ocrx_word' id='word_1_408' title='bbox 722 3050 814 3119; x_wconf 87' lang='lat' dir='ltr'><strong>qui</strong></span> <span class='ocrx_word' id='word_1_409' title='bbox 847 3065 943 3120; x_wconf 91' lang='lat' dir='ltr'><strong>per</strong></span> <span class='ocrx_word' id='word_1_410' title='bbox 970 3057 1221 3105; x_wconf 88' lang='lat' dir='ltr'><strong>naturam</strong></span> <span class='ocrx_word' id='word_1_411' title='bbox 1248 3052 1393 3106; x_wconf 90' lang='lat' dir='ltr'><strong>nullo</strong></span> <span class='ocrx_word' id='word_1_412' title='bbox 1424 3063 1601 3123; x_wconf 87' lang='lat' dir='ltr'><strong>egeat,</strong></span> <span class='ocrx_word' id='word_1_413' title='bbox 1628 3054 1811 3125; x_wconf 85' lang='lat' dir='ltr'><strong>sitque</strong></span> <span class='ocrx_word' id='word_1_414' title='bbox 1844 3055 1958 3124; x_wconf 88' lang='lat' dir='ltr'><strong>ipsa</strong></span> <span class='ocrx_word' id='word_1_415' title='bbox 2010 3068 2105 3123; x_wconf 87' lang='lat' dir='ltr'><strong>per</strong></span> 
     </span>
    </p>
   </div>
   <div class='ocr_carea' id='block_1_60' title="bbox 2206 3046 3794 3129">
    <p class='ocr_par' dir='ltr' id='par_1_60' title="bbox 2208 3053 3794 3129">
     <span class='ocr_line' id='line_1_60' title="bbox 2208 3053 3794 3129; baseline -0.003 -16"><span class='ocrx_word' id='word_1_416' title='bbox 2208 3061 2288 3123; x_wconf 91' lang='grc' dir='ltr'><strong>εἰς</strong></span> <span class='ocrx_word' id='word_1_417' title='bbox 2315 3057 2567 3129; x_wconf 81' lang='grc' dir='ltr'>ἀφορμὴν</span> <span class='ocrx_word' id='word_1_418' title='bbox 2605 3056 2844 3110; x_wconf 82' lang='grc' dir='ltr'>ἐπαίνων</span> <span class='ocrx_word' id='word_1_419' title='bbox 2893 3055 3053 3108; x_wconf 83' lang='grc' dir='ltr'>ἐαυτδ</span> <span class='ocrx_word' id='word_1_420' title='bbox 3090 3056 3199 3118; x_wconf 84' lang='grc' dir='ltr'>τοῖς</span> <span class='ocrx_word' id='word_1_421' title='bbox 3257 3053 3621 3125; x_wconf 81' lang='grc' dir='ltr'>βουλομένοις</span> <span class='ocrx_word' id='word_1_422' title='bbox 3660 3071 3794 3126; x_wconf 83' lang='grc' dir='ltr'>παρ·</span> 
     </span>
    </p>
   </div>
   <div class='ocr_carea' id='block_1_61' title="bbox 527 3140 2105 3220">
    <p class='ocr_par' dir='ltr' id='par_1_61' title="bbox 527 3140 2105 3215">
     <span class='ocr_line' id='line_1_61' title="bbox 527 3140 2105 3215; baseline 0.004 -21"><span class='ocrx_word' id='word_1_423' title='bbox 527 3155 587 3194; x_wconf 91' lang='lat' dir='ltr'><strong>se</strong></span> <span class='ocrx_word' id='word_1_424' title='bbox 625 3140 816 3209; x_wconf 85' lang='lat' dir='ltr'><strong>gloria,</strong></span> <span class='ocrx_word' id='word_1_425' title='bbox 846 3156 911 3195; x_wconf 87' lang='lat' dir='ltr'><strong>ac</strong></span> <span class='ocrx_word' id='word_1_426' title='bbox 941 3143 1342 3212; x_wconf 79' lang='lat' dir='ltr'><strong>magniﬁcentia</strong></span> <span class='ocrx_word' id='word_1_427' title='bbox 1364 3158 1553 3200; x_wconf 92' lang='lat' dir='ltr'><strong>eorum</strong></span> <span class='ocrx_word' id='word_1_428' title='bbox 1587 3144 1677 3215; x_wconf 92' lang='lat' dir='ltr'><strong>qui</strong></span> <span class='ocrx_word' id='word_1_429' title='bbox 1705 3146 2013 3210; x_wconf 81' lang='lat' dir='ltr'><strong>laudantur,</strong></span> <span class='ocrx_word' id='word_1_430' title='bbox 2047 3161 2105 3201; x_wconf 87' lang='lat' dir='ltr'><strong>se</strong></span> 
     </span>
    </p>
   </div>
   <div class='ocr_carea' id='block_1_62' title="bbox 2206 3140 3793 3220">
    <p class='ocr_par' dir='ltr' id='par_1_62' title="bbox 2209 3146 3793 3220">
     <span class='ocr_line' id='line_1_62' title="bbox 2209 3146 3793 3220; baseline -0.001 -17"><span class='ocrx_word' id='word_1_431' title='bbox 2209 3149 2374 3220; x_wconf 82' lang='grc' dir='ltr'>ἐχειν,</span> <span class='ocrx_word' id='word_1_432' title='bbox 2416 3149 2517 3202; x_wconf 84' lang='grc' dir='ltr'>οὐκ</span> <span class='ocrx_word' id='word_1_433' title='bbox 2570 3147 2824 3201; x_wconf 83' lang='grc' dir='ltr'>ἐπίτασιν</span> <span class='ocrx_word' id='word_1_434' title='bbox 2858 3147 2960 3217; x_wconf 79' lang='grc' dir='ltr'><strong>τῆς</strong></span> <span class='ocrx_word' id='word_1_435' title='bbox 2991 3146 3200 3211; x_wconf 87' lang='grc' dir='ltr'>οἰκείας</span> <span class='ocrx_word' id='word_1_436' title='bbox 3250 3147 3410 3219; x_wconf 82' lang='grc' dir='ltr'>δόξης</span> <span class='ocrx_word' id='word_1_437' title='bbox 3458 3148 3793 3219; x_wconf 76' lang='grc' dir='ltr'>δεχόμενον·</span> 
     </span>
    </p>
   </div>
   <div class='ocr_carea' id='block_1_63' title="bbox 527 3227 2105 3310">
    <p class='ocr_par' dir='ltr' id='par_1_63' title="bbox 527 3231 2105 3308">
     <span class='ocr_line' id='line_1_63' title="bbox 527 3231 2105 3308; baseline 0.006 -25"><span class='ocrx_word' id='word_1_438' title='bbox 527 3231 642 3299; x_wconf 92' lang='lat' dir='ltr'><strong>ipse</strong></span> <span class='ocrx_word' id='word_1_439' title='bbox 699 3231 1001 3290; x_wconf 83' lang='lat' dir='ltr'><strong>volentibus</strong></span> <span class='ocrx_word' id='word_1_440' title='bbox 1050 3235 1102 3288; x_wconf 93' lang='lat' dir='ltr'><strong>in</strong></span> <span class='ocrx_word' id='word_1_441' title='bbox 1135 3234 1499 3290; x_wconf 83' lang='lat' dir='ltr'><strong>laudationem</strong></span> <span class='ocrx_word' id='word_1_442' title='bbox 1552 3246 1930 3308; x_wconf 85' lang='lat' dir='ltr'><strong>argumentum</strong></span> <span class='ocrx_word' id='word_1_443' title='bbox 1978 3253 2105 3307; x_wconf 91' lang='lat' dir='ltr'><strong>per-</strong></span> 
     </span>
    </p>
   </div>
   <div class='ocr_carea' id='block_1_64' title="bbox 2206 3227 3793 3310">
    <p class='ocr_par' dir='ltr' id='par_1_64' title="bbox 2210 3237 3793 3310">
     <span class='ocr_line' id='line_1_64' title="bbox 2210 3237 3793 3310; baseline -0.001 -18"><span class='ocrx_word' id='word_1_444' title='bbox 2210 3241 2309 3310; x_wconf 81' lang='grc' dir='ltr'>τὴν</span> <span class='ocrx_word' id='word_1_445' title='bbox 2343 3238 2400 3291; x_wconf 71' lang='grc' dir='ltr'>δὲ</span> <span class='ocrx_word' id='word_1_446' title='bbox 2435 3237 2745 3310; x_wconf 87' lang='grc' dir='ltr'>προθυμίαν</span> <span class='ocrx_word' id='word_1_447' title='bbox 2787 3237 2896 3290; x_wconf 85' lang='grc' dir='ltr'><strong>τῶν</strong></span> <span class='ocrx_word' id='word_1_448' title='bbox 2930 3238 3265 3307; x_wconf 85' lang='grc' dir='ltr'>εἰσαγόντων</span> <span class='ocrx_word' id='word_1_449' title='bbox 3318 3238 3562 3309; x_wconf 83' lang='grc' dir='ltr'>ἰέμενον.</span> <span class='ocrx_word' id='word_1_450' title='bbox 3596 3238 3793 3292; x_wconf 88' lang='grc' dir='ltr'>Τούτου</span> 
     </span>
    </p>
   </div>
   <div class='ocr_carea' id='block_1_65' title="bbox 524 3322 2105 3400">
    <p class='ocr_par' dir='ltr' id='par_1_65' title="bbox 524 3322 2101 3399">
     <span class='ocr_line' id='line_1_65' title="bbox 524 3322 2101 3399; baseline 0.004 -23"><span class='ocrx_word' id='word_1_451' title='bbox 524 3322 706 3377; x_wconf 87' lang='lat' dir='ltr'><strong>mittat</strong></span> <span class='ocrx_word' id='word_1_452' title='bbox 731 3322 932 3378; x_wconf 89' lang='lat' dir='ltr'><strong>nullum</strong></span> <span class='ocrx_word' id='word_1_453' title='bbox 968 3325 1090 3380; x_wconf 88' lang='lat' dir='ltr'><strong>inde</strong></span> <span class='ocrx_word' id='word_1_454' title='bbox 1135 3326 1319 3396; x_wconf 67' lang='lat' dir='ltr'><strong>gloriae</strong></span> <span class='ocrx_word' id='word_1_455' title='bbox 1362 3336 1714 3398; x_wconf 85' lang='lat' dir='ltr'><strong>augmentum</strong></span> <span class='ocrx_word' id='word_1_456' title='bbox 1761 3329 2101 3399; x_wconf 86' lang='lat' dir='ltr'><strong>suscipiens;</strong></span> 
     </span>
    </p>
   </div>
   <div class='ocr_carea' id='block_1_66' title="bbox 2206 3322 3795 3400">
    <p class='ocr_par' dir='ltr' id='par_1_66' title="bbox 2211 3324 3795 3400">
     <span class='ocr_line' id='line_1_66' title="bbox 2211 3324 3795 3400; baseline 0 -19"><span class='ocrx_word' id='word_1_457' title='bbox 2211 3326 2501 3398; x_wconf 77' lang='grc' dir='ltr'>τοιγαροῦν</span> <span class='ocrx_word' id='word_1_458' title='bbox 2534 3324 2679 3380; x_wconf 73' lang='grc' dir='ltr'>οὕτω</span> <span class='ocrx_word' id='word_1_459' title='bbox 2712 3326 3070 3392; x_wconf 74' lang='grc' dir='ltr'>διατεθέν-σος,</span> <span class='ocrx_word' id='word_1_460' title='bbox 3105 3328 3242 3399; x_wconf 86' lang='grc' dir='ltr'>φέρε</span> <span class='ocrx_word' id='word_1_461' title='bbox 3274 3329 3386 3381; x_wconf 81' lang='grc' dir='ltr'>τῶν</span> <span class='ocrx_word' id='word_1_462' title='bbox 3434 3330 3542 3399; x_wconf 83' lang='grc' dir='ltr'>τῆς</span> <span class='ocrx_word' id='word_1_463' title='bbox 3592 3328 3795 3400; x_wconf 83' lang='grc' dir='ltr'>παρού-</span> 
     </span>
    </p>
   </div>
   <div class='ocr_carea' id='block_1_67' title="bbox 525 3410 2105 3491">
    <p class='ocr_par' dir='ltr' id='par_1_67' title="bbox 525 3416 2105 3491">
     <span class='ocr_line' id='line_1_67' title="bbox 525 3416 2105 3491; baseline 0.005 -24"><span class='ocrx_word' id='word_1_464' title='bbox 525 3417 619 3467; x_wconf 79' lang='lat' dir='ltr'><strong>sed</strong></span> <span class='ocrx_word' id='word_1_465' title='bbox 684 3430 872 3470; x_wconf 87' lang='lat' dir='ltr'><strong>eorum</strong></span> <span class='ocrx_word' id='word_1_466' title='bbox 922 3417 1013 3486; x_wconf 89' lang='lat' dir='ltr'><strong>qui</strong></span> <span class='ocrx_word' id='word_1_467' title='bbox 1068 3416 1331 3488; x_wconf 87' lang='lat' dir='ltr'><strong>inferunt,</strong></span> <span class='ocrx_word' id='word_1_468' title='bbox 1398 3419 1733 3475; x_wconf 84' lang='lat' dir='ltr'><strong>alacritatem</strong></span> <span class='ocrx_word' id='word_1_469' title='bbox 1804 3421 2105 3491; x_wconf 89' lang='lat' dir='ltr'><strong>impensius</strong></span> 
     </span>
    </p>
   </div>
   <div class='ocr_carea' id='block_1_68' title="bbox 2206 3410 3797 3491">
    <p class='ocr_par' dir='ltr' id='par_1_68' title="bbox 2214 3410 3797 3490">
     <span class='ocr_line' id='line_1_68' title="bbox 2214 3410 3797 3490; baseline 0 -19"><span class='ocrx_word' id='word_1_470' title='bbox 2214 3435 2313 3489; x_wconf 89' lang='grc' dir='ltr'><strong>σης</strong></span> <span class='ocrx_word' id='word_1_471' title='bbox 2335 3417 2531 3488; x_wconf 77' lang='grc' dir='ltr'>ἑορτῆς</span> <span class='ocrx_word' id='word_1_472' title='bbox 2550 3415 2891 3487; x_wconf 72' lang='grc' dir='ltr'>ἐφαψώμεθα</span> <span class='ocrx_word' id='word_1_473' title='bbox 2910 3416 3085 3485; x_wconf 88' lang='grc' dir='ltr'>λόγων</span> <span class='ocrx_word' id='word_1_474' title='bbox 3109 3434 3123 3449; x_wconf 77' lang='grc' dir='ltr'><strong>ο</strong></span> <span class='ocrx_word' id='word_1_475' title='bbox 3148 3417 3245 3471; x_wconf 77' lang='grc' dir='ltr'><strong>καί</strong></span> <span class='ocrx_word' id='word_1_476' title='bbox 3268 3418 3401 3488; x_wconf 78' lang='grc' dir='ltr'>περὶ</span> <span class='ocrx_word' id='word_1_477' title='bbox 3423 3410 3502 3472; x_wconf 79' lang='grc' dir='ltr'>ὧν</span> <span class='ocrx_word' id='word_1_478' title='bbox 3521 3417 3797 3490; x_wconf 80' lang='grc' dir='ltr'>προήχθη-</span> 
     </span>
    </p>
   </div>
   <div class='ocr_carea' id='block_1_69' title="bbox 527 3505 2105 3583">
    <p class='ocr_par' dir='ltr' id='par_1_69' title="bbox 527 3505 2104 3582">
     <span class='ocr_line' id='line_1_69' title="bbox 527 3505 2104 3582; baseline 0.006 -24"><span class='ocrx_word' id='word_1_479' title='bbox 527 3505 735 3563; x_wconf 84' lang='lat' dir='ltr'><strong>voleus.</strong></span> <span class='ocrx_word' id='word_1_480' title='bbox 768 3507 864 3564; x_wconf 82' lang='lat' dir='ltr'><strong>His</strong></span> <span class='ocrx_word' id='word_1_481' title='bbox 886 3525 1016 3581; x_wconf 82' lang='lat' dir='ltr'><strong>ergo</strong></span> <span class='ocrx_word' id='word_1_482' title='bbox 1047 3514 1099 3568; x_wconf 90' lang='lat' dir='ltr'><strong>in</strong></span> <span class='ocrx_word' id='word_1_483' title='bbox 1126 3515 1272 3569; x_wconf 90' lang='lat' dir='ltr'><strong>hunc</strong></span> <span class='ocrx_word' id='word_1_484' title='bbox 1323 3514 1540 3568; x_wconf 91' lang='lat' dir='ltr'><strong>modum</strong></span> <span class='ocrx_word' id='word_1_485' title='bbox 1567 3513 1808 3579; x_wconf 87' lang='lat' dir='ltr'><strong>statutis,</strong></span> <span class='ocrx_word' id='word_1_486' title='bbox 1860 3529 1960 3580; x_wconf 86' lang='lat' dir='ltr'><strong>age</strong></span> <span class='ocrx_word' id='word_1_487' title='bbox 1993 3512 2104 3582; x_wconf 89' lang='lat' dir='ltr'><strong>jam</strong></span> 
     </span>
    </p>
   </div>
   <div class='ocr_carea' id='block_1_70' title="bbox 2206 3505 3793 3583">
    <p class='ocr_par' dir='ltr' id='par_1_70' title="bbox 2218 3507 3793 3583">
     <span class='ocr_line' id='line_1_70' title="bbox 2218 3507 3793 3583; baseline 0 -19"><span class='ocrx_word' id='word_1_488' title='bbox 2218 3527 2317 3583; x_wconf 85' lang='grc' dir='ltr'><strong>μεν</strong></span> <span class='ocrx_word' id='word_1_489' title='bbox 2348 3510 2549 3577; x_wconf 88' lang='grc' dir='ltr'>λέγειν,</span> <span class='ocrx_word' id='word_1_490' title='bbox 2578 3508 2708 3579; x_wconf 77' lang='grc' dir='ltr'>περὶ</span> <span class='ocrx_word' id='word_1_491' title='bbox 2732 3507 2939 3561; x_wconf 83' lang='grc' dir='ltr'>τούτων</span> <span class='ocrx_word' id='word_1_492' title='bbox 2973 3509 3072 3579; x_wconf 81' lang='grc' dir='ltr'>τὴν</span> <span class='ocrx_word' id='word_1_493' title='bbox 3106 3509 3345 3578; x_wconf 74' lang='grc' dir='ltr'>σπουδὴν</span> <span class='ocrx_word' id='word_1_494' title='bbox 3375 3509 3793 3580; x_wconf 64' lang='grc' dir='ltr'>ἐνσησὼμεθα.</span> 
     </span>
    </p>
   </div>
   <div class='ocr_carea' id='block_1_71' title="bbox 527 3599 3793 3677">
    <p class='ocr_par' dir='ltr' id='par_1_71' title="bbox 527 3599 3793 3677">
     <span class='ocr_line' id='line_1_71' title="bbox 527 3599 3793 3677; baseline 0.001 -25"><span class='ocrx_word' id='word_1_495' title='bbox 527 3599 748 3655; x_wconf 78' lang='lat' dir='ltr'><strong>festivos</strong></span> <span class='ocrx_word' id='word_1_496' title='bbox 777 3604 1056 3672; x_wconf 84' lang='lat' dir='ltr'><strong>praesentis</strong></span> <span class='ocrx_word' id='word_1_497' title='bbox 1105 3607 1243 3664; x_wconf 88' lang='lat' dir='ltr'><strong>lucis</strong></span> <span class='ocrx_word' id='word_1_498' title='bbox 1293 3622 1576 3664; x_wconf 87' lang='lat' dir='ltr'><strong>sermones</strong></span> <span class='ocrx_word' id='word_1_499' title='bbox 1625 3609 2006 3677; x_wconf 89' lang='lat' dir='ltr'><strong>auspieentur;</strong></span> <span class='ocrx_word' id='word_1_500' title='bbox 2042 3622 2106 3661; x_wconf 88' lang='lat' dir='ltr'><strong>ac</strong></span> <span class='ocrx_word' id='word_1_501' title='bbox 2151 3605 2205 3660; x_wconf 92' lang='lat' dir='ltr'><strong>in</strong></span> <span class='ocrx_word' id='word_1_502' title='bbox 2234 3603 2334 3667; x_wconf 89' lang='lat' dir='ltr'><strong>eis.</strong></span> <span class='ocrx_word' id='word_1_503' title='bbox 2374 3604 2441 3658; x_wconf 92' lang='lat' dir='ltr'><strong>de</strong></span> <span class='ocrx_word' id='word_1_504' title='bbox 2475 3603 2670 3672; x_wconf 91' lang='lat' dir='ltr'><strong>quibus</strong></span> <span class='ocrx_word' id='word_1_505' title='bbox 2726 3601 2993 3670; x_wconf 59' lang='lat' dir='ltr'><strong>carpimus</strong></span> <span class='ocrx_word' id='word_1_506' title='bbox 3044 3600 3186 3669; x_wconf 88' lang='lat' dir='ltr'><strong>loqui</strong></span> <span class='ocrx_word' id='word_1_507' title='bbox 3237 3615 3460 3670; x_wconf 82' lang='lat' dir='ltr'><strong>operam</strong></span> <span class='ocrx_word' id='word_1_508' title='bbox 3510 3612 3793 3670; x_wconf 83' lang='lat' dir='ltr'><strong>ponamus.</strong></span> 
     </span>
    </p>
   </div>
   <div class='ocr_carea' id='block_1_72' title="bbox 602 3688 2105 3768">
    <p class='ocr_par' dir='ltr' id='par_1_72' title="bbox 602 3688 2105 3768">
     <span class='ocr_line' id='line_1_72' title="bbox 602 3688 2105 3768; baseline 0.007 -26"><span class='ocrx_word' id='word_1_509' title='bbox 602 3688 896 3747; x_wconf 87' lang='lat' dir='ltr'><strong>Enimvero</strong></span> <span class='ocrx_word' id='word_1_510' title='bbox 919 3710 1039 3764; x_wconf 67' lang='lat' dir='ltr'><strong>quae</strong></span> <span class='ocrx_word' id='word_1_511' title='bbox 1062 3705 1211 3752; x_wconf 85' lang='lat' dir='ltr'><strong>tanta</strong></span> <span class='ocrx_word' id='word_1_512' title='bbox 1244 3699 1328 3754; x_wconf 91' lang='lat' dir='ltr'><strong>vis</strong></span> <span class='ocrx_word' id='word_1_513' title='bbox 1362 3699 1497 3755; x_wconf 87' lang='lat' dir='ltr'><strong>artis</strong></span> <span class='ocrx_word' id='word_1_514' title='bbox 1542 3708 1919 3768; x_wconf 85' lang='lat' dir='ltr'><strong>argumentum</strong></span> <span class='ocrx_word' id='word_1_515' title='bbox 1971 3713 2105 3766; x_wconf 69' lang='lat' dir='ltr'><strong>prae-</strong></span> 
     </span>
    </p>
   </div>
   <div class='ocr_carea' id='block_1_73' title="bbox 2206 3688 3795 3768">
    <p class='ocr_par' dir='ltr' id='par_1_73' title="bbox 2291 3690 3795 3762">
     <span class='ocr_line' id='line_1_73' title="bbox 2291 3690 3795 3762; baseline -0.003 -14"><span class='ocrx_word' id='word_1_516' title='bbox 2291 3693 2455 3747; x_wconf 77' lang='grc' dir='ltr'>Ἀλλά</span> <span class='ocrx_word' id='word_1_517' title='bbox 2481 3692 2564 3757; x_wconf 83' lang='grc' dir='ltr'><strong>τίς</strong></span> <span class='ocrx_word' id='word_1_518' title='bbox 2601 3692 2669 3746; x_wconf 83' lang='grc' dir='ltr'>ἂν</span> <span class='ocrx_word' id='word_1_519' title='bbox 2707 3690 2939 3761; x_wconf 87' lang='grc' dir='ltr'>δύναμις</span> <span class='ocrx_word' id='word_1_520' title='bbox 2977 3692 3200 3762; x_wconf 80' lang='grc' dir='ltr'>τεχνικὴ</span> <span class='ocrx_word' id='word_1_521' title='bbox 3228 3692 3292 3745; x_wconf 78' lang='grc' dir='ltr'>τὸ</span> <span class='ocrx_word' id='word_1_522' title='bbox 3319 3692 3499 3762; x_wconf 77' lang='grc' dir='ltr'>παρὸν</span> <span class='ocrx_word' id='word_1_523' title='bbox 3537 3690 3795 3761; x_wconf 84' lang='grc' dir='ltr'>μεθοδεύ-</span> 
     </span>
    </p>
   </div>
   <div class='ocr_carea' id='block_1_74' title="bbox 526 3780 2105 3862">
    <p class='ocr_par' dir='ltr' id='par_1_74' title="bbox 526 3788 2105 3859">
     <span class='ocr_line' id='line_1_74' title="bbox 526 3788 2105 3859; baseline 0.004 -24"><span class='ocrx_word' id='word_1_524' title='bbox 526 3794 654 3836; x_wconf 86' lang='lat' dir='ltr'><strong>sens</strong></span> <span class='ocrx_word' id='word_1_525' title='bbox 706 3797 950 3851; x_wconf 79' lang='lat' dir='ltr'><strong>congrue</strong></span> <span class='ocrx_word' id='word_1_526' title='bbox 1004 3790 1338 3855; x_wconf 85' lang='lat' dir='ltr'><strong>tractaverit,</strong></span> <span class='ocrx_word' id='word_1_527' title='bbox 1390 3799 1452 3845; x_wconf 90' lang='lat' dir='ltr'><strong>ut</strong></span> <span class='ocrx_word' id='word_1_528' title='bbox 1498 3790 1643 3859; x_wconf 88' lang='lat' dir='ltr'><strong>quod</strong></span> <span class='ocrx_word' id='word_1_529' title='bbox 1692 3790 1889 3859; x_wconf 88' lang='lat' dir='ltr'><strong>cuique</strong></span> <span class='ocrx_word' id='word_1_530' title='bbox 1933 3788 2105 3843; x_wconf 88' lang='lat' dir='ltr'><strong>ordini</strong></span> 
     </span>
    </p>
   </div>
   <div class='ocr_carea' id='block_1_75' title="bbox 2206 3780 3792 3862">
    <p class='ocr_par' dir='ltr' id='par_1_75' title="bbox 2212 3780 3792 3862">
     <span class='ocr_line' id='line_1_75' title="bbox 2212 3780 3792 3862; baseline -0.003 -24"><span class='ocrx_word' id='word_1_531' title='bbox 2212 3802 2375 3862; x_wconf 68' lang='grc' dir='ltr'>σειεν,</span> <span class='ocrx_word' id='word_1_532' title='bbox 2403 3784 2478 3847; x_wconf 79' lang='grc' dir='ltr'>ὡς</span> <span class='ocrx_word' id='word_1_533' title='bbox 2491 3784 2707 3853; x_wconf 78' lang='grc' dir='ltr'>ἑκάστῳ</span> <span class='ocrx_word' id='word_1_534' title='bbox 2732 3782 3058 3836; x_wconf 82' lang='grc' dir='ltr'>ἀκολουθίαν</span> <span class='ocrx_word' id='word_1_535' title='bbox 3092 3780 3587 3852; x_wconf 82' lang='grc' dir='ltr'>ἁπεξεργάσασθαι</span> <span class='ocrx_word' id='word_1_536' title='bbox 3608 3782 3757 3849; x_wconf 81' lang='grc' dir='ltr'>τάξει</span> <span class='ocrx_word' id='word_1_537' title='bbox 3779 3796 3792 3845; x_wconf 91' lang='grc'>;</span> 
     </span>
    </p>
   </div>
   <div class='ocr_carea' id='block_1_76' title="bbox 528 3872 2105 3952">
    <p class='ocr_par' dir='ltr' id='par_1_76' title="bbox 528 3881 2105 3952">
     <span class='ocr_line' id='line_1_76' title="bbox 528 3881 2105 3952; baseline 0.004 -23"><span class='ocrx_word' id='word_1_538' title='bbox 528 3885 956 3931; x_wconf 87' lang='lat' dir='ltr'><strong>consentaneum</strong></span> <span class='ocrx_word' id='word_1_539' title='bbox 974 3888 1076 3941; x_wconf 89' lang='lat' dir='ltr'><strong>est,</strong></span> <span class='ocrx_word' id='word_1_540' title='bbox 1101 3883 1323 3952; x_wconf 78' lang='lat' dir='ltr'><strong>exsequi</strong></span> <span class='ocrx_word' id='word_1_541' title='bbox 1351 3882 1559 3951; x_wconf 86' lang='lat' dir='ltr'><strong>queat?</strong></span> <span class='ocrx_word' id='word_1_542' title='bbox 1583 3882 1842 3949; x_wconf 69' lang='lat' dir='ltr'><strong>Quaenam</strong></span> <span class='ocrx_word' id='word_1_543' title='bbox 1868 3881 2105 3935; x_wconf 89' lang='lat' dir='ltr'><strong>instituta</strong></span> 
     </span>
    </p>
   </div>
   <div class='ocr_carea' id='block_1_77' title="bbox 2206 3872 3793 3952">
    <p class='ocr_par' dir='ltr' id='par_1_77' title="bbox 2211 3872 3793 3946">
     <span class='ocr_line' id='line_1_77' title="bbox 2211 3872 3793 3946; baseline -0.002 -16"><span class='ocrx_word' id='word_1_544' title='bbox 2211 3877 2309 3939; x_wconf 82' lang='grc' dir='ltr'>Τίς</span> <span class='ocrx_word' id='word_1_545' title='bbox 2345 3876 2633 3946; x_wconf 82' lang='grc' dir='ltr'>σύγκρισις</span> <span class='ocrx_word' id='word_1_546' title='bbox 2682 3872 3148 3945; x_wconf 76' lang='grc' dir='ltr'>παραϐαλλομένη</span> <span class='ocrx_word' id='word_1_547' title='bbox 3190 3874 3250 3927; x_wconf 72' lang='grc' dir='ltr'><strong>τὸ</strong></span> <span class='ocrx_word' id='word_1_548' title='bbox 3293 3875 3484 3945; x_wconf 83' lang='grc' dir='ltr'>ὅμοιον</span> <span class='ocrx_word' id='word_1_549' title='bbox 3509 3875 3793 3946; x_wconf 77' lang='grc' dir='ltr'>παραστή-</span> 
     </span>
    </p>
   </div>
   <div class='ocr_carea' id='block_1_78' title="bbox 527 3956 2105 4041">
    <p class='ocr_par' dir='ltr' id='par_1_78' title="bbox 527 3968 2105 4041">
     <span class='ocr_line' id='line_1_78' title="bbox 527 3968 2105 4041; baseline 0.004 -21"><span class='ocrx_word' id='word_1_550' title='bbox 527 3968 861 4036; x_wconf 88' lang='lat' dir='ltr'><strong>comparatio</strong></span> <span class='ocrx_word' id='word_1_551' title='bbox 896 3968 1013 4038; x_wconf 88' lang='lat' dir='ltr'><strong>ejus</strong></span> <span class='ocrx_word' id='word_1_552' title='bbox 1064 3970 1135 4025; x_wconf 89' lang='lat' dir='ltr'><strong>sit</strong></span> <span class='ocrx_word' id='word_1_553' title='bbox 1190 3977 1631 4041; x_wconf 87' lang='lat' dir='ltr'><strong>representatura</strong></span> <span class='ocrx_word' id='word_1_554' title='bbox 1675 3971 2105 4036; x_wconf 81' lang='lat' dir='ltr'><strong>similitudinem,</strong></span> 
     </span>
    </p>
   </div>
   <div class='ocr_carea' id='block_1_79' title="bbox 2206 3956 3792 4041">
    <p class='ocr_par' dir='ltr' id='par_1_79' title="bbox 2214 3956 3792 4040">
     <span class='ocr_line' id='line_1_79' title="bbox 2214 3956 3792 4040; baseline -0.003 -17"><span class='ocrx_word' id='word_1_555' title='bbox 2214 3985 2298 4023; x_wconf 89' lang='grc' dir='ltr'><strong>σει</strong></span> <span class='ocrx_word' id='word_1_556' title='bbox 2350 3965 2522 4040; x_wconf 73' lang='grc' dir='ltr'><strong>[Μαι.</strong></span> <span class='ocrx_word' id='word_1_557' title='bbox 2577 3965 2995 4039; x_wconf 82' lang='grc' dir='ltr'>ἀντιπαραστ.],</span> <span class='ocrx_word' id='word_1_558' title='bbox 3029 3956 3186 4035; x_wconf 80' lang='grc' dir='ltr'>ᾧτινι</span> <span class='ocrx_word' id='word_1_559' title='bbox 3247 3966 3306 4019; x_wconf 80' lang='grc' dir='ltr'>τὸ</span> <span class='ocrx_word' id='word_1_560' title='bbox 3364 3967 3484 4019; x_wconf 72' lang='grc' dir='ltr'>ἴσον</span> <span class='ocrx_word' id='word_1_561' title='bbox 3533 3969 3656 4031; x_wconf 84' lang='grc' dir='ltr'>τοῖς</span> <span class='ocrx_word' id='word_1_562' title='bbox 3707 3964 3792 4019; x_wconf 82' lang='grc' dir='ltr'><strong>ἀπ’</strong></span> 
     </span>
    </p>
   </div>
   <div class='ocr_carea' id='block_1_80' title="bbox 526 4056 2105 4132">
    <p class='ocr_par' dir='ltr' id='par_1_80' title="bbox 526 4056 2105 4132">
     <span class='ocr_line' id='line_1_80' title="bbox 526 4056 2105 4132; baseline 0.004 -22"><span class='ocrx_word' id='word_1_563' title='bbox 526 4056 613 4111; x_wconf 90' lang='lat' dir='ltr'><strong>cui</strong></span> <span class='ocrx_word' id='word_1_564' title='bbox 661 4058 790 4112; x_wconf 87' lang='lat' dir='ltr'><strong>nihil</strong></span> <span class='ocrx_word' id='word_1_565' title='bbox 829 4075 857 4112; x_wconf 91' lang='lat' dir='ltr'><strong>a</strong></span> <span class='ocrx_word' id='word_1_566' title='bbox 884 4062 1081 4115; x_wconf 71' lang='lat' dir='ltr'><strong>sazculo</strong></span> <span class='ocrx_word' id='word_1_567' title='bbox 1109 4063 1357 4131; x_wconf 85' lang='lat' dir='ltr'><strong>apparuit</strong></span> <span class='ocrx_word' id='word_1_568' title='bbox 1380 4061 1631 4132; x_wconf 77' lang='lat' dir='ltr'><strong>aequale?</strong></span> <span class='ocrx_word' id='word_1_569' title='bbox 1669 4063 1805 4129; x_wconf 86' lang='lat' dir='ltr'><strong>Quia</strong></span> <span class='ocrx_word' id='word_1_570' title='bbox 1848 4063 1993 4117; x_wconf 90' lang='lat' dir='ltr'><strong>enim</strong></span> <span class='ocrx_word' id='word_1_571' title='bbox 2022 4063 2105 4131; x_wconf 87' lang='lat' dir='ltr'><strong>qui</strong></span> 
     </span>
    </p>
   </div>
   <div class='ocr_carea' id='block_1_81' title="bbox 2206 4056 3792 4132">
    <p class='ocr_par' dir='ltr' id='par_1_81' title="bbox 2214 4056 3792 4130">
     <span class='ocr_line' id='line_1_81' title="bbox 2214 4056 3792 4130; baseline -0.006 -15"><span class='ocrx_word' id='word_1_572' title='bbox 2214 4061 2408 4124; x_wconf 79' lang='grc' dir='ltr'>αἰῶνος</span> <span class='ocrx_word' id='word_1_573' title='bbox 2441 4058 2542 4113; x_wconf 82' lang='grc' dir='ltr'>οὐκ</span> <span class='ocrx_word' id='word_1_574' title='bbox 2569 4056 2727 4128; x_wconf 77' lang='grc' dir='ltr'>ὤφθη</span> <span class='ocrx_word' id='word_1_575' title='bbox 2763 4075 2778 4124; x_wconf 87' lang='grc'><strong>;</strong></span> <span class='ocrx_word' id='word_1_576' title='bbox 2812 4059 2966 4113; x_wconf 74' lang='grc' dir='ltr'>Ἐπεί</span> <span class='ocrx_word' id='word_1_577' title='bbox 2992 4057 3103 4130; x_wconf 86' lang='grc' dir='ltr'><strong>γὰρ</strong></span> <span class='ocrx_word' id='word_1_578' title='bbox 3159 4059 3209 4110; x_wconf 91' lang='grc' dir='ltr'><strong>οἰ</strong></span> <span class='ocrx_word' id='word_1_579' title='bbox 3254 4057 3352 4120; x_wconf 84' lang='grc' dir='ltr'>τὰς</span> <span class='ocrx_word' id='word_1_580' title='bbox 3406 4057 3676 4121; x_wconf 85' lang='grc' dir='ltr'>τοιαύτας</span> <span class='ocrx_word' id='word_1_581' title='bbox 3703 4059 3792 4109; x_wconf 81' lang='grc' dir='ltr'><strong>ἀν-</strong></span> 
     </span>
    </p>
   </div>
   <div class='ocr_carea' id='block_1_82' title="bbox 525 4146 2105 4224">
    <p class='ocr_par' dir='ltr' id='par_1_82' title="bbox 525 4146 2105 4224">
     <span class='ocr_line' id='line_1_82' title="bbox 525 4146 2105 4224; baseline 0.005 -24"><span class='ocrx_word' id='word_1_582' title='bbox 525 4146 790 4217; x_wconf 86' lang='lat' dir='ltr'><strong>ejusmodi</strong></span> <span class='ocrx_word' id='word_1_583' title='bbox 825 4161 1145 4220; x_wconf 79' lang='lat' dir='ltr'><strong>argumenta</strong></span> <span class='ocrx_word' id='word_1_584' title='bbox 1176 4163 1416 4220; x_wconf 85' lang='lat' dir='ltr'><strong>versant,</strong></span> <span class='ocrx_word' id='word_1_585' title='bbox 1449 4154 1722 4209; x_wconf 87' lang='lat' dir='ltr'><strong>similibus</strong></span> <span class='ocrx_word' id='word_1_586' title='bbox 1746 4155 1999 4224; x_wconf 64' lang='lat' dir='ltr'><strong>aequalia,</strong></span> <span class='ocrx_word' id='word_1_587' title='bbox 2026 4155 2105 4208; x_wconf 83' lang='lat' dir='ltr'><strong>vel</strong></span> 
     </span>
    </p>
   </div>
   <div class='ocr_carea' id='block_1_83' title="bbox 2206 4146 3790 4224">
    <p class='ocr_par' dir='ltr' id='par_1_83' title="bbox 2214 4148 3790 4221">
     <span class='ocr_line' id='line_1_83' title="bbox 2214 4148 3790 4221; baseline -0.004 -14"><span class='ocrx_word' id='word_1_588' title='bbox 2214 4153 2513 4217; x_wconf 87' lang='grc' dir='ltr'>ελίττοντες</span> <span class='ocrx_word' id='word_1_589' title='bbox 2564 4151 3033 4217; x_wconf 51' lang='lat' dir='ltr'><strong>tia-aﬂaquch</strong></span> <span class='ocrx_word' id='word_1_590' title='bbox 3079 4150 3287 4221; x_wconf 87' lang='grc' dir='ltr'>ὁμοίοις</span> <span class='ocrx_word' id='word_1_591' title='bbox 3344 4148 3521 4220; x_wconf 82' lang='grc' dir='ltr'>ῐσα,ἢ</span> <span class='ocrx_word' id='word_1_592' title='bbox 3575 4148 3790 4220; x_wconf 76' lang='grc' dir='ltr'>μείζονα</span> 
     </span>
    </p>
   </div>
   <div class='ocr_carea' id='block_1_84' title="bbox 525 4236 2109 4314">
    <p class='ocr_par' dir='ltr' id='par_1_84' title="bbox 525 4236 2109 4314">
     <span class='ocr_line' id='line_1_84' title="bbox 525 4236 2109 4314; baseline 0.006 -23"><span class='ocrx_word' id='word_1_593' title='bbox 525 4236 732 4305; x_wconf 84' lang='lat' dir='ltr'><strong>majora</strong></span> <span class='ocrx_word' id='word_1_594' title='bbox 762 4242 1061 4298; x_wconf 89' lang='lat' dir='ltr'><strong>minoribus</strong></span> <span class='ocrx_word' id='word_1_595' title='bbox 1092 4257 1188 4313; x_wconf 91' lang='lat' dir='ltr'><strong>per</strong></span> <span class='ocrx_word' id='word_1_596' title='bbox 1227 4246 1693 4312; x_wconf 88' lang='lat' dir='ltr'><strong>comparationem</strong></span> <span class='ocrx_word' id='word_1_597' title='bbox 1743 4254 2109 4314; x_wconf 89' lang='lat' dir='ltr'><strong>opponentes,</strong></span> 
     </span>
    </p>
   </div>
   <div class='ocr_carea' id='block_1_85' title="bbox 524 4331 2108 4405">
    <p class='ocr_par' dir='ltr' id='par_1_85' title="bbox 524 4331 2108 4405">
     <span class='ocr_line' id='line_1_85' title="bbox 524 4331 2108 4405; baseline 0.004 -23"><span class='ocrx_word' id='word_1_598' title='bbox 524 4331 720 4384; x_wconf 83' lang='lat' dir='ltr'><strong>exinde</strong></span> <span class='ocrx_word' id='word_1_599' title='bbox 776 4333 1067 4389; x_wconf 87' lang='lat' dir='ltr'><strong>verborum</strong></span> <span class='ocrx_word' id='word_1_600' title='bbox 1129 4350 1193 4389; x_wconf 89' lang='lat' dir='ltr'><strong>ac</strong></span> <span class='ocrx_word' id='word_1_601' title='bbox 1245 4336 1512 4390; x_wconf 83' lang='lat' dir='ltr'><strong>orationis</strong></span> <span class='ocrx_word' id='word_1_602' title='bbox 1547 4346 1818 4391; x_wconf 85' lang='lat' dir='ltr'><strong>venantur</strong></span> <span class='ocrx_word' id='word_1_603' title='bbox 1861 4336 2108 4405; x_wconf 88' lang='lat' dir='ltr'><strong>copiam;</strong></span> 
     </span>
    </p>
   </div>
   <div class='ocr_carea' id='block_1_86' title="bbox 522 4423 2110 4495">
    <p class='ocr_par' dir='ltr' id='par_1_86' title="bbox 522 4423 2110 4495">
     <span class='ocr_line' id='line_1_86' title="bbox 522 4423 2110 4495; baseline 0.002 -17"><span class='ocrx_word' id='word_1_604' title='bbox 522 4423 731 4480; x_wconf 88' lang='lat' dir='ltr'><strong>ideirco</strong></span> <span class='ocrx_word' id='word_1_605' title='bbox 776 4424 1093 4481; x_wconf 80' lang='lat' dir='ltr'><strong>facillimum</strong></span> <span class='ocrx_word' id='word_1_606' title='bbox 1116 4427 1329 4482; x_wconf 86' lang='lat' dir='ltr'><strong>exsistit</strong></span> <span class='ocrx_word' id='word_1_607' title='bbox 1356 4442 1584 4485; x_wconf 88' lang='lat' dir='ltr'><strong>examen</strong></span> <span class='ocrx_word' id='word_1_608' title='bbox 1628 4428 1993 4495; x_wconf 87' lang='lat' dir='ltr'><strong>inventorum,</strong></span> <span class='ocrx_word' id='word_1_609' title='bbox 2021 4443 2110 4482; x_wconf 90' lang='lat' dir='ltr'><strong>ve-</strong></span> 
     </span>
    </p>
   </div>
   <div class='ocr_carea' id='block_1_87' title="bbox 2210 4242 3790 4315">
    <p class='ocr_par' dir='ltr' id='par_1_87' title="bbox 2210 4242 3790 4315">
     <span class='ocr_line' id='line_1_87' title="bbox 2210 4242 3790 4315; baseline -0.003 -18"><span class='ocrx_word' id='word_1_610' title='bbox 2210 4246 2325 4308; x_wconf 85' lang='grc' dir='ltr'>τοῖς</span> <span class='ocrx_word' id='word_1_611' title='bbox 2363 4244 2613 4298; x_wconf 82' lang='grc' dir='ltr'>ἐλάττοσι</span> <span class='ocrx_word' id='word_1_612' title='bbox 2663 4244 2774 4298; x_wconf 86' lang='grc' dir='ltr'><strong>τῶν</strong></span> <span class='ocrx_word' id='word_1_613' title='bbox 2830 4243 3180 4315; x_wconf 80' lang='grc' dir='ltr'>πραγμάτων</span> <span class='ocrx_word' id='word_1_614' title='bbox 3223 4242 3629 4314; x_wconf 81' lang='grc' dir='ltr'>εἰσδεχομένων</span> <span class='ocrx_word' id='word_1_615' title='bbox 3655 4244 3790 4295; x_wconf 82' lang='grc' dir='ltr'>ἀντι-</span> 
     </span>
    </p>
   </div>
   <div class='ocr_carea' id='block_1_88' title="bbox 2213 4335 3787 4408">
    <p class='ocr_par' dir='ltr' id='par_1_88' title="bbox 2213 4335 3787 4408">
     <span class='ocr_line' id='line_1_88' title="bbox 2213 4335 3787 4408; baseline -0.004 -17"><span class='ocrx_word' id='word_1_616' title='bbox 2213 4337 2627 4408; x_wconf 88' lang='grc' dir='ltr'>παρατιθέντες,</span> <span class='ocrx_word' id='word_1_617' title='bbox 2663 4340 2727 4391; x_wconf 76' lang='grc' dir='ltr'><strong>ἐκ</strong></span> <span class='ocrx_word' id='word_1_618' title='bbox 2789 4337 2997 4391; x_wconf 86' lang='grc' dir='ltr'>τούτων</span> <span class='ocrx_word' id='word_1_619' title='bbox 3037 4336 3138 4407; x_wconf 78' lang='grc' dir='ltr'><strong>τὴν</strong></span> <span class='ocrx_word' id='word_1_620' title='bbox 3192 4336 3459 4406; x_wconf 84' lang='grc' dir='ltr'>εὐπορίαν</span> <span class='ocrx_word' id='word_1_621' title='bbox 3513 4335 3787 4407; x_wconf 76' lang='grc' dir='ltr'>θηρῶνται</span> 
     </span>
    </p>
   </div>
   <div class='ocr_carea' id='block_1_89' title="bbox 2213 4426 3786 4499">
    <p class='ocr_par' dir='ltr' id='par_1_89' title="bbox 2213 4426 3786 4499">
     <span class='ocr_line' id='line_1_89' title="bbox 2213 4426 3786 4499; baseline -0.003 -17"><span class='ocrx_word' id='word_1_622' title='bbox 2213 4430 2321 4483; x_wconf 85' lang='grc' dir='ltr'>τῶν</span> <span class='ocrx_word' id='word_1_623' title='bbox 2349 4428 2524 4497; x_wconf 87' lang='grc' dir='ltr'>λόγων</span> <span class='ocrx_word' id='word_1_624' title='bbox 2545 4445 2559 4461; x_wconf 80' lang='grc' dir='ltr'><strong>ο</strong></span> <span class='ocrx_word' id='word_1_625' title='bbox 2594 4429 2685 4482; x_wconf 85' lang='grc' dir='ltr'><strong>διά</strong></span> <span class='ocrx_word' id='word_1_626' title='bbox 2709 4446 2791 4482; x_wconf 88' lang='grc' dir='ltr'><strong>τοι</strong></span> <span class='ocrx_word' id='word_1_627' title='bbox 2821 4427 2978 4482; x_wconf 77' lang='grc' dir='ltr'>τοῦτο</span> <span class='ocrx_word' id='word_1_628' title='bbox 3011 4428 3185 4499; x_wconf 65' lang='grc' dir='ltr'>ρᾴατη</span> <span class='ocrx_word' id='word_1_629' title='bbox 3235 4427 3336 4495; x_wconf 77' lang='grc' dir='ltr'>μὲν</span> <span class='ocrx_word' id='word_1_630' title='bbox 3379 4427 3568 4491; x_wconf 79' lang='grc' dir='ltr'>αὐτοῖς</span> <span class='ocrx_word' id='word_1_631' title='bbox 3623 4430 3657 4497; x_wconf 76' lang='grc' dir='ltr'><strong>ἡ</strong></span> <span class='ocrx_word' id='word_1_632' title='bbox 3690 4426 3786 4479; x_wconf 82' lang='grc' dir='ltr'>τῶν</span> 
     </span>
    </p>
   </div>
   <div class='ocr_carea' id='block_1_90' title="bbox 521 4509 2105 4590">
    <p class='ocr_par' dir='ltr' id='par_1_90' title="bbox 521 4514 2103 4584">
     <span class='ocr_line' id='line_1_90' title="bbox 521 4514 2103 4584; baseline 0.003 -18"><span class='ocrx_word' id='word_1_633' title='bbox 521 4525 1003 4582; x_wconf 72' lang='lat' dir='ltr'><strong>rumque-eorum,</strong></span> <span class='ocrx_word' id='word_1_634' title='bbox 1053 4528 1176 4583; x_wconf 71' lang='lat' dir='ltr'><strong>quae</strong></span> <span class='ocrx_word' id='word_1_635' title='bbox 1225 4515 1481 4571; x_wconf 91' lang='lat' dir='ltr'><strong>dicuntur</strong></span> <span class='ocrx_word' id='word_1_636' title='bbox 1526 4516 1791 4584; x_wconf 81' lang='lat' dir='ltr'><strong>judicium</strong></span> <span class='ocrx_word' id='word_1_637' title='bbox 1832 4514 2040 4571; x_wconf 89' lang='lat' dir='ltr'><strong>habet:</strong></span> <span class='ocrx_word' id='word_1_638' title='bbox 2075 4531 2103 4569; x_wconf 93' lang='lat' dir='ltr'><strong>a</strong></span> 
     </span>
    </p>
   </div>
   <div class='ocr_carea' id='block_1_91' title="bbox 2206 4509 3784 4590">
    <p class='ocr_par' dir='ltr' id='par_1_91' title="bbox 2208 4516 3784 4590">
     <span class='ocr_line' id='line_1_91' title="bbox 2208 4516 3784 4590; baseline -0.003 -18"><span class='ocrx_word' id='word_1_639' title='bbox 2208 4519 2546 4590; x_wconf 82' lang='grc' dir='ltr'>εὑρεθέντων</span> <span class='ocrx_word' id='word_1_640' title='bbox 2591 4519 2840 4583; x_wconf 81' lang='grc' dir='ltr'>ἐξέτασις</span> <span class='ocrx_word' id='word_1_641' title='bbox 2865 4534 2878 4548; x_wconf 89' lang='grc'><strong>·</strong></span> <span class='ocrx_word' id='word_1_642' title='bbox 2913 4516 3122 4590; x_wconf 84' lang='grc' dir='ltr'>ἀληθὴς</span> <span class='ocrx_word' id='word_1_643' title='bbox 3157 4517 3214 4571; x_wconf 85' lang='grc' dir='ltr'>δὲ</span> <span class='ocrx_word' id='word_1_644' title='bbox 3244 4520 3278 4589; x_wconf 83' lang='grc' dir='ltr'><strong>ἡ</strong></span> <span class='ocrx_word' id='word_1_645' title='bbox 3315 4518 3429 4571; x_wconf 87' lang='grc' dir='ltr'>τῶν</span> <span class='ocrx_word' id='word_1_646' title='bbox 3475 4518 3784 4588; x_wconf 84' lang='grc' dir='ltr'>λεγομένων</span> 
     </span>
    </p>
   </div>
   <div class='ocr_carea' id='block_1_92' title="bbox 521 4605 2105 4674">
    <p class='ocr_par' dir='ltr' id='par_1_92' title="bbox 521 4605 2105 4674">
     <span class='ocr_line' id='line_1_92' title="bbox 521 4605 2105 4674; baseline 0.005 -21"><span class='ocrx_word' id='word_1_647' title='bbox 521 4615 633 4669; x_wconf 89' lang='lat' dir='ltr'><strong>quo</strong></span> <span class='ocrx_word' id='word_1_648' title='bbox 663 4612 844 4656; x_wconf 88' lang='lat' dir='ltr'><strong>autem</strong></span> <span class='ocrx_word' id='word_1_649' title='bbox 872 4605 1114 4674; x_wconf 87' lang='lat' dir='ltr'><strong>superati</strong></span> <span class='ocrx_word' id='word_1_650' title='bbox 1155 4616 1283 4660; x_wconf 90' lang='lat' dir='ltr'><strong>sunt</strong></span> <span class='ocrx_word' id='word_1_651' title='bbox 1314 4616 1521 4662; x_wconf 83' lang='lat' dir='ltr'><strong>naturae</strong></span> <span class='ocrx_word' id='word_1_652' title='bbox 1573 4607 1729 4671; x_wconf 80' lang='lat' dir='ltr'><strong>ﬁnes,</strong></span> <span class='ocrx_word' id='word_1_653' title='bbox 1775 4608 1901 4663; x_wconf 87' lang='lat' dir='ltr'><strong>huic</strong></span> <span class='ocrx_word' id='word_1_654' title='bbox 1940 4621 2105 4663; x_wconf 92' lang='lat' dir='ltr'><strong>enco-</strong></span> 
     </span>
    </p>
   </div>
   <div class='ocr_carea' id='block_1_93' title="bbox 523 4693 2106 4769">
    <p class='ocr_par' dir='ltr' id='par_1_93' title="bbox 523 4693 2106 4769">
     <span class='ocr_line' id='line_1_93' title="bbox 523 4693 2106 4769; baseline 0.004 -24"><span class='ocrx_word' id='word_1_655' title='bbox 523 4693 755 4745; x_wconf 88' lang='lat' dir='ltr'><strong>miorum</strong></span> <span class='ocrx_word' id='word_1_656' title='bbox 803 4693 948 4763; x_wconf 85' lang='lat' dir='ltr'><strong>leges</strong></span> <span class='ocrx_word' id='word_1_657' title='bbox 984 4695 1209 4765; x_wconf 87' lang='lat' dir='ltr'><strong>obsequi</strong></span> <span class='ocrx_word' id='word_1_658' title='bbox 1271 4710 1376 4750; x_wconf 90' lang='lat' dir='ltr'><strong>non</strong></span> <span class='ocrx_word' id='word_1_659' title='bbox 1425 4697 1627 4752; x_wconf 86' lang='lat' dir='ltr'><strong>valent.</strong></span> <span class='ocrx_word' id='word_1_660' title='bbox 1678 4695 1759 4752; x_wconf 80' lang='lat' dir='ltr'><strong>Ne</strong></span> <span class='ocrx_word' id='word_1_661' title='bbox 1805 4698 1926 4766; x_wconf 86' lang='lat' dir='ltr'><strong>quis</strong></span> <span class='ocrx_word' id='word_1_662' title='bbox 1977 4713 2106 4769; x_wconf 90' lang='lat' dir='ltr'><strong>ergo</strong></span> 
     </span>
    </p>
   </div>
   <div class='ocr_carea' id='block_1_94' title="bbox 519 4784 2102 4859">
    <p class='ocr_par' dir='ltr' id='par_1_94' title="bbox 519 4784 2102 4859">
     <span class='ocr_line' id='line_1_94' title="bbox 519 4784 2102 4859; baseline 0.004 -22"><span class='ocrx_word' id='word_1_663' title='bbox 519 4784 831 4852; x_wconf 79' lang='lat' dir='ltr'><strong>superantia</strong></span> <span class='ocrx_word' id='word_1_664' title='bbox 858 4796 1066 4839; x_wconf 74' lang='lat' dir='ltr'><strong>natura:</strong></span> <span class='ocrx_word' id='word_1_665' title='bbox 1090 4787 1380 4850; x_wconf 89' lang='lat' dir='ltr'><strong>rationem,</strong></span> <span class='ocrx_word' id='word_1_666' title='bbox 1405 4802 1468 4841; x_wconf 91' lang='lat' dir='ltr'><strong>ac</strong></span> <span class='ocrx_word' id='word_1_667' title='bbox 1491 4788 1646 4857; x_wconf 72' lang='lat' dir='ltr'><strong>siqua</strong></span> <span class='ocrx_word' id='word_1_668' title='bbox 1681 4789 1730 4842; x_wconf 91' lang='lat' dir='ltr'><strong>ei</strong></span> <span class='ocrx_word' id='word_1_669' title='bbox 1767 4803 2102 4859; x_wconf 84' lang='lat' dir='ltr'><strong>consequen-</strong></span> 
     </span>
    </p>
   </div>
   <div class='ocr_carea' id='block_1_95' title="bbox 523 4874 2103 4949">
    <p class='ocr_par' dir='ltr' id='par_1_95' title="bbox 523 4874 2103 4949">
     <span class='ocr_line' id='line_1_95' title="bbox 523 4874 2103 4949; baseline 0.004 -20"><span class='ocrx_word' id='word_1_670' title='bbox 523 4884 609 4929; x_wconf 86' lang='lat' dir='ltr'><strong>ter</strong></span> <span class='ocrx_word' id='word_1_671' title='bbox 638 4874 838 4930; x_wconf 87' lang='lat' dir='ltr'><strong>habent</strong></span> <span class='ocrx_word' id='word_1_672' title='bbox 889 4877 1077 4931; x_wconf 88' lang='lat' dir='ltr'><strong>iisdem</strong></span> <span class='ocrx_word' id='word_1_673' title='bbox 1125 4887 1298 4933; x_wconf 90' lang='lat' dir='ltr'><strong>tentet</strong></span> <span class='ocrx_word' id='word_1_674' title='bbox 1334 4881 1626 4949; x_wconf 81' lang='lat' dir='ltr'><strong>subjicere.</strong></span> <span class='ocrx_word' id='word_1_675' title='bbox 1690 4878 1903 4933; x_wconf 84' lang='lat' dir='ltr'><strong>Nullam</strong></span> <span class='ocrx_word' id='word_1_676' title='bbox 1960 4881 2103 4935; x_wconf 90' lang='lat' dir='ltr'><strong>enim</strong></span> 
     </span>
    </p>
   </div>
   <div class='ocr_carea' id='block_1_96' title="bbox 520 4965 2133 5041">
    <p class='ocr_par' dir='ltr' id='par_1_96' title="bbox 520 4965 2133 5041">
     <span class='ocr_line' id='line_1_96' title="bbox 520 4965 2133 5041; baseline 0.001 -19"><span class='ocrx_word' id='word_1_677' title='bbox 520 4965 614 5022; x_wconf 84' lang='lat' dir='ltr'><strong>illa</strong></span> <span class='ocrx_word' id='word_1_678' title='bbox 647 4982 941 5037; x_wconf 88' lang='lat' dir='ltr'><strong>congruam</strong></span> <span class='ocrx_word' id='word_1_679' title='bbox 972 4977 1163 5023; x_wconf 86' lang='lat' dir='ltr'><strong>mutuo</strong></span> <span class='ocrx_word' id='word_1_680' title='bbox 1203 4972 1640 5025; x_wconf 89' lang='lat' dir='ltr'><strong>communionem</strong></span> <span class='ocrx_word' id='word_1_681' title='bbox 1677 4972 1930 5041; x_wconf 83' lang='lat' dir='ltr'><strong>ingerunt</strong></span> <span class='ocrx_word' id='word_1_682' title='bbox 1964 4973 2133 5027; x_wconf 45' lang='lat' dir='ltr'><strong>mul»</strong></span> 
     </span>
    </p>
   </div>
   <div class='ocr_carea' id='block_1_97' title="bbox 520 5058 2105 5133">
    <p class='ocr_par' dir='ltr' id='par_1_97' title="bbox 520 5058 2105 5133">
     <span class='ocr_line' id='line_1_97' title="bbox 520 5058 2105 5133; baseline 0.003 -20"><span class='ocrx_word' id='word_1_683' title='bbox 520 5068 748 5129; x_wconf 90' lang='lat' dir='ltr'><strong>tumque</strong></span> <span class='ocrx_word' id='word_1_684' title='bbox 790 5060 1022 5115; x_wconf 84' lang='lat' dir='ltr'><strong>invicem</strong></span> <span class='ocrx_word' id='word_1_685' title='bbox 1072 5059 1367 5115; x_wconf 89' lang='lat' dir='ltr'><strong>discrimen</strong></span> <span class='ocrx_word' id='word_1_686' title='bbox 1432 5061 1746 5116; x_wconf 90' lang='lat' dir='ltr'><strong>ostendunt.</strong></span> <span class='ocrx_word' id='word_1_687' title='bbox 1796 5058 1932 5117; x_wconf 87' lang='lat' dir='ltr'><strong>lliuc</strong></span> <span class='ocrx_word' id='word_1_688' title='bbox 1975 5077 2105 5133; x_wconf 88' lang='lat' dir='ltr'><strong>ergo</strong></span> 
     </span>
    </p>
   </div>
   <div class='ocr_carea' id='block_1_98' title="bbox 523 5150 2101 5222">
    <p class='ocr_par' dir='ltr' id='par_1_98' title="bbox 523 5150 2101 5222">
     <span class='ocr_line' id='line_1_98' title="bbox 523 5150 2101 5222; baseline 0.002 -19"><span class='ocrx_word' id='word_1_689' title='bbox 523 5150 655 5203; x_wconf 88' lang='lat' dir='ltr'><strong>mihi</strong></span> <span class='ocrx_word' id='word_1_690' title='bbox 679 5150 849 5206; x_wconf 86' lang='lat' dir='ltr'><strong>ardua</strong></span> <span class='ocrx_word' id='word_1_691' title='bbox 881 5161 1104 5222; x_wconf 88' lang='lat' dir='ltr'><strong>apparet</strong></span> <span class='ocrx_word' id='word_1_692' title='bbox 1126 5150 1402 5209; x_wconf 86' lang='lat' dir='ltr'><strong>excellens</strong></span> <span class='ocrx_word' id='word_1_693' title='bbox 1425 5153 1730 5222; x_wconf 86' lang='lat' dir='ltr'><strong>argumenti</strong></span> <span class='ocrx_word' id='word_1_694' title='bbox 1770 5154 2101 5221; x_wconf 68' lang='lat' dir='ltr'><strong>praestantia,</strong></span> 
     </span>
    </p>
   </div>
   <div class='ocr_carea' id='block_1_99' title="bbox 524 5241 2102 5316">
    <p class='ocr_par' dir='ltr' id='par_1_99' title="bbox 524 5241 2102 5316">
     <span class='ocr_line' id='line_1_99' title="bbox 524 5241 2102 5316; baseline 0.004 -23"><span class='ocrx_word' id='word_1_695' title='bbox 524 5254 625 5294; x_wconf 89' lang='lat' dir='ltr'><strong>nec</strong></span> <span class='ocrx_word' id='word_1_696' title='bbox 656 5241 770 5295; x_wconf 78' lang='lat' dir='ltr'><strong>ﬁeri</strong></span> <span class='ocrx_word' id='word_1_697' title='bbox 814 5258 1006 5312; x_wconf 88' lang='lat' dir='ltr'><strong>posse,</strong></span> <span class='ocrx_word' id='word_1_698' title='bbox 1062 5253 1122 5298; x_wconf 92' lang='lat' dir='ltr'><strong>ut</strong></span> <span class='ocrx_word' id='word_1_699' title='bbox 1163 5243 1289 5299; x_wconf 85' lang='lat' dir='ltr'><strong>ullis</strong></span> <span class='ocrx_word' id='word_1_700' title='bbox 1335 5245 1563 5316; x_wconf 84' lang='lat' dir='ltr'><strong>regulis,</strong></span> <span class='ocrx_word' id='word_1_701' title='bbox 1623 5258 1804 5297; x_wconf 90' lang='lat' dir='ltr'><strong>rerum</strong></span> <span class='ocrx_word' id='word_1_702' title='bbox 1847 5243 2003 5299; x_wconf 82' lang='lat' dir='ltr'><strong>nobis</strong></span> <span class='ocrx_word' id='word_1_703' title='bbox 2049 5245 2102 5299; x_wconf 91' lang='lat' dir='ltr'><strong>in</strong></span> 
     </span>
    </p>
   </div>
   <div class='ocr_carea' id='block_1_100' title="bbox 524 5334 2101 5407">
    <p class='ocr_par' dir='ltr' id='par_1_100' title="bbox 524 5334 2101 5407">
     <span class='ocr_line' id='line_1_100' title="bbox 524 5334 2101 5407; baseline 0.006 -27"><span class='ocrx_word' id='word_1_704' title='bbox 524 5334 819 5397; x_wconf 57' lang='lat' dir='ltr'><strong>qttaastione</strong></span> <span class='ocrx_word' id='word_1_705' title='bbox 845 5336 1140 5402; x_wconf 89' lang='lat' dir='ltr'><strong>positarum</strong></span> <span class='ocrx_word' id='word_1_706' title='bbox 1159 5337 1467 5406; x_wconf 82' lang='lat' dir='ltr'><strong>explicatio,</strong></span> <span class='ocrx_word' id='word_1_707' title='bbox 1489 5335 1555 5391; x_wconf 89' lang='lat' dir='ltr'><strong>ad</strong></span> <span class='ocrx_word' id='word_1_708' title='bbox 1592 5334 1791 5390; x_wconf 89' lang='lat' dir='ltr'><strong>similia</strong></span> <span class='ocrx_word' id='word_1_709' title='bbox 1817 5336 2101 5407; x_wconf 88' lang='lat' dir='ltr'><strong>dirigatur.</strong></span> 
     </span>
    </p>
   </div>
   <div class='ocr_carea' id='block_1_101' title="bbox 521 5420 2104 5494">
    <p class='ocr_par' dir='ltr' id='par_1_101' title="bbox 521 5420 2104 5494">
     <span class='ocr_line' id='line_1_101' title="bbox 521 5420 2104 5494; baseline 0.005 -19"><span class='ocrx_word' id='word_1_710' title='bbox 521 5420 792 5476; x_wconf 76' lang='lat' dir='ltr'><strong>Caeterum</strong></span> <span class='ocrx_word' id='word_1_711' title='bbox 851 5425 978 5480; x_wconf 90' lang='lat' dir='ltr'><strong>licet</strong></span> <span class='ocrx_word' id='word_1_712' title='bbox 1033 5427 1201 5483; x_wconf 88' lang='lat' dir='ltr'><strong>hocce</strong></span> <span class='ocrx_word' id='word_1_713' title='bbox 1265 5427 1569 5494; x_wconf 83' lang='lat' dir='ltr'><strong>argumenti</strong></span> <span class='ocrx_word' id='word_1_714' title='bbox 1642 5442 1822 5482; x_wconf 90' lang='lat' dir='ltr'><strong>rerum</strong></span> <span class='ocrx_word' id='word_1_715' title='bbox 1883 5428 2104 5483; x_wconf 90' lang='lat' dir='ltr'><strong>omnino</strong></span> 
     </span>
    </p>
   </div>
   <div class='ocr_carea' id='block_1_102' title="bbox 524 5514 2102 5590">
    <p class='ocr_par' dir='ltr' id='par_1_102' title="bbox 524 5514 2102 5590">
     <span class='ocr_line' id='line_1_102' title="bbox 524 5514 2102 5590; baseline 0.007 -26"><span class='ocrx_word' id='word_1_716' title='bbox 524 5515 971 5581; x_wconf 87' lang='lat' dir='ltr'><strong>consequentiam</strong></span> <span class='ocrx_word' id='word_1_717' title='bbox 995 5526 1236 5586; x_wconf 87' lang='lat' dir='ltr'><strong>superet,</strong></span> <span class='ocrx_word' id='word_1_718' title='bbox 1266 5518 1407 5573; x_wconf 88' lang='lat' dir='ltr'><strong>haud</strong></span> <span class='ocrx_word' id='word_1_719' title='bbox 1446 5514 1627 5574; x_wconf 80' lang='lat' dir='ltr'><strong>tamen</strong></span> <span class='ocrx_word' id='word_1_720' title='bbox 1675 5518 2102 5590; x_wconf 85' lang='lat' dir='ltr'><strong>permittendum</strong></span> 
     </span>
    </p>
   </div>
   <div class='ocr_carea' id='block_1_103' title="bbox 526 5600 2100 5679">
    <p class='ocr_par' dir='ltr' id='par_1_103' title="bbox 526 5600 2100 5679">
     <span class='ocr_line' id='line_1_103' title="bbox 526 5600 2100 5679; baseline 0.008 -23"><span class='ocrx_word' id='word_1_721' title='bbox 526 5614 583 5656; x_wconf 86' lang='lat' dir='ltr'><strong>ut</strong></span> <span class='ocrx_word' id='word_1_722' title='bbox 620 5618 717 5656; x_wconf 89' lang='lat' dir='ltr'><strong>nos</strong></span> <span class='ocrx_word' id='word_1_723' title='bbox 750 5604 874 5656; x_wconf 81' lang='lat' dir='ltr'><strong>illud</strong></span> <span class='ocrx_word' id='word_1_724' title='bbox 896 5605 1135 5677; x_wconf 67' lang='lat' dir='ltr'><strong>effugiat,</strong></span> <span class='ocrx_word' id='word_1_725' title='bbox 1172 5611 1457 5678; x_wconf 87' lang='lat' dir='ltr'><strong>nequando</strong></span> <span class='ocrx_word' id='word_1_726' title='bbox 1490 5600 1761 5668; x_wconf 67' lang='lat' dir='ltr'><strong>frustrati</strong></span> <span class='ocrx_word' id='word_1_727' title='bbox 1811 5612 2100 5679; x_wconf 87' lang='lat' dir='ltr'><strong>desiderio,</strong></span> 
     </span>
    </p>
   </div>
   <div class='ocr_carea' id='block_1_104' title="bbox 528 5699 1428 5770">
    <p class='ocr_par' dir='ltr' id='par_1_104' title="bbox 528 5699 1428 5770">
     <span class='ocr_line' id='line_1_104' title="bbox 528 5699 1428 5770; baseline 0.011 -21"><span class='ocrx_word' id='word_1_728' title='bbox 528 5710 635 5750; x_wconf 88' lang='lat' dir='ltr'><strong>una</strong></span> <span class='ocrx_word' id='word_1_729' title='bbox 665 5708 788 5749; x_wconf 89' lang='lat' dir='ltr'><strong>cum</strong></span> <span class='ocrx_word' id='word_1_730' title='bbox 815 5712 878 5752; x_wconf 92' lang='lat' dir='ltr'><strong>eo</strong></span> <span class='ocrx_word' id='word_1_731' title='bbox 903 5699 1106 5767; x_wconf 86' lang='lat' dir='ltr'><strong>pietate</strong></span> <span class='ocrx_word' id='word_1_732' title='bbox 1129 5702 1428 5770; x_wconf 89' lang='lat' dir='ltr'><strong>privemur.</strong></span> 
     </span>
    </p>
   </div>
   <div class='ocr_carea' id='block_1_105' title="bbox 2208 4602 3784 4683">
    <p class='ocr_par' dir='ltr' id='par_1_105' title="bbox 2208 4602 3784 4683">
     <span class='ocr_line' id='line_1_105' title="bbox 2208 4602 3784 4683; baseline -0.001 -21"><span class='ocrx_word' id='word_1_733' title='bbox 2208 4611 2487 4683; x_wconf 77' lang='grc' dir='ltr'>ἐπίκρισις</span> <span class='ocrx_word' id='word_1_734' title='bbox 2523 4611 2733 4679; x_wconf 86' lang='grc' dir='ltr'>γίνεται</span> <span class='ocrx_word' id='word_1_735' title='bbox 2754 4627 2769 4640; x_wconf 71' lang='grc' dir='ltr'><strong>ο</strong></span> <span class='ocrx_word' id='word_1_736' title='bbox 2798 4602 2844 4678; x_wconf 86' lang='grc' dir='ltr'>ᾧ</span> <span class='ocrx_word' id='word_1_737' title='bbox 2871 4609 2927 4662; x_wconf 84' lang='grc' dir='ltr'>δὲ</span> <span class='ocrx_word' id='word_1_738' title='bbox 2954 4611 3003 4663; x_wconf 92' lang='grc' dir='ltr'><strong>οί</strong></span> <span class='ocrx_word' id='word_1_739' title='bbox 3030 4611 3126 4680; x_wconf 84' lang='grc' dir='ltr'>τῆς</span> <span class='ocrx_word' id='word_1_740' title='bbox 3152 4609 3370 4679; x_wconf 83' lang='grc' dir='ltr'>φύσεως</span> <span class='ocrx_word' id='word_1_741' title='bbox 3399 4610 3519 4680; x_wconf 84' lang='grc' dir='ltr'>ὅροι</span> <span class='ocrx_word' id='word_1_742' title='bbox 3547 4609 3784 4681; x_wconf 78' lang='grc' dir='ltr'>ἡττήθη-</span> 
     </span>
    </p>
   </div>
   <div class='ocr_carea' id='block_1_106' title="bbox 2208 4701 3781 4773">
    <p class='ocr_par' dir='ltr' id='par_1_106' title="bbox 2208 4701 3781 4773">
     <span class='ocr_line' id='line_1_106' title="bbox 2208 4701 3781 4773; baseline -0.004 -17"><span class='ocrx_word' id='word_1_743' title='bbox 2208 4721 2326 4769; x_wconf 83' lang='grc' dir='ltr'>σαν,</span> <span class='ocrx_word' id='word_1_744' title='bbox 2388 4703 2565 4772; x_wconf 85' lang='grc' dir='ltr'>τούτῳ</span> <span class='ocrx_word' id='word_1_745' title='bbox 2617 4701 2728 4755; x_wconf 87' lang='grc' dir='ltr'><strong>τῶν</strong></span> <span class='ocrx_word' id='word_1_746' title='bbox 2758 4701 3054 4771; x_wconf 83' lang='grc' dir='ltr'>ἐγκωμίων</span> <span class='ocrx_word' id='word_1_747' title='bbox 3113 4704 3162 4755; x_wconf 89' lang='grc' dir='ltr'><strong>οἰ</strong></span> <span class='ocrx_word' id='word_1_748' title='bbox 3212 4702 3390 4772; x_wconf 84' lang='grc' dir='ltr'>νόμοι,</span> <span class='ocrx_word' id='word_1_749' title='bbox 3443 4701 3781 4773; x_wconf 81' lang='grc' dir='ltr'>λειτουργεῖν</span> 
     </span>
    </p>
   </div>
   <div class='ocr_carea' id='block_1_107' title="bbox 2206 4791 3778 4866">
    <p class='ocr_par' dir='ltr' id='par_1_107' title="bbox 2206 4791 3778 4866">
     <span class='ocr_line' id='line_1_107' title="bbox 2206 4791 3778 4866; baseline -0.003 -17"><span class='ocrx_word' id='word_1_750' title='bbox 2206 4795 2595 4866; x_wconf 80' lang='grc' dir='ltr'>ἐξησθένησαν.</span> <span class='ocrx_word' id='word_1_751' title='bbox 2629 4792 2723 4849; x_wconf 83' lang='grc' dir='ltr'><strong>Διὸ</strong></span> <span class='ocrx_word' id='word_1_752' title='bbox 2749 4794 2825 4865; x_wconf 84' lang='grc' dir='ltr'>μὴ</span> <span class='ocrx_word' id='word_1_753' title='bbox 2845 4797 2958 4858; x_wconf 87' lang='grc' dir='ltr'>τοῖς</span> <span class='ocrx_word' id='word_1_754' title='bbox 2998 4795 3184 4858; x_wconf 83' lang='grc' dir='ltr'>αὐτοῖς</span> <span class='ocrx_word' id='word_1_755' title='bbox 3207 4794 3277 4848; x_wconf 86' lang='grc' dir='ltr'><strong>τὰ</strong></span> <span class='ocrx_word' id='word_1_756' title='bbox 3304 4796 3405 4865; x_wconf 80' lang='grc' dir='ltr'>τῆς</span> <span class='ocrx_word' id='word_1_757' title='bbox 3440 4794 3664 4863; x_wconf 81' lang='grc' dir='ltr'>φύσεως</span> <span class='ocrx_word' id='word_1_758' title='bbox 3704 4791 3778 4858; x_wconf 78' lang='grc' dir='ltr'>ἐξ·</span> 
     </span>
    </p>
   </div>
   <div class='ocr_carea' id='block_1_108' title="bbox 2203 4885 3781 4961">
    <p class='ocr_par' dir='ltr' id='par_1_108' title="bbox 2203 4885 3781 4961">
     <span class='ocr_line' id='line_1_108' title="bbox 2203 4885 3781 4961; baseline -0.003 -21"><span class='ocrx_word' id='word_1_759' title='bbox 2203 4887 2479 4961; x_wconf 84' lang='grc' dir='ltr'>ῃρημένα,</span> <span class='ocrx_word' id='word_1_760' title='bbox 2515 4886 2609 4941; x_wconf 79' lang='grc' dir='ltr'>καὶ</span> <span class='ocrx_word' id='word_1_761' title='bbox 2661 4886 2732 4939; x_wconf 84' lang='grc' dir='ltr'><strong>τὰ</strong></span> <span class='ocrx_word' id='word_1_762' title='bbox 2760 4887 2938 4960; x_wconf 80' lang='grc' dir='ltr'>ταύτῃ</span> <span class='ocrx_word' id='word_1_763' title='bbox 2983 4885 3231 4956; x_wconf 80' lang='grc' dir='ltr'>ἑπόμενα</span> <span class='ocrx_word' id='word_1_764' title='bbox 3264 4886 3708 4941; x_wconf 78' lang='grc' dir='ltr'>καθυποϐἀλλειν</span> <span class='ocrx_word' id='word_1_765' title='bbox 3758 4885 3781 4935; x_wconf 77' lang='grc' dir='ltr'><strong>ό</strong></span> 
     </span>
    </p>
   </div>
   <div class='ocr_carea' id='block_1_109' title="bbox 2207 4962 3777 5052">
    <p class='ocr_par' dir='ltr' id='par_1_109' title="bbox 2207 4962 3777 5052">
     <span class='ocr_line' id='line_1_109' title="bbox 2207 4962 3777 5052; baseline -0.004 -18"><span class='ocrx_word' id='word_1_766' title='bbox 2207 4980 2535 5052; x_wconf 83' lang='grc' dir='ltr'>βουλόμενος</span> <span class='ocrx_word' id='word_1_767' title='bbox 2595 4979 2895 5051; x_wconf 85' lang='grc' dir='ltr'>πειράσθω.</span> <span class='ocrx_word' id='word_1_768' title='bbox 2948 4979 3224 5051; x_wconf 76' lang='grc' dir='ltr'>Οὑδεμίαν</span> <span class='ocrx_word' id='word_1_769' title='bbox 3276 4979 3386 5050; x_wconf 69' lang='grc' dir='ltr'><strong>γὰρ</strong></span> <span class='ocrx_word' id='word_1_770' title='bbox 3440 4962 3777 5050; x_wconf 64' lang='grc' dir='ltr'>κατάλληλον</span> 
     </span>
    </p>
   </div>
   <div class='ocr_carea' id='block_1_110' title="bbox 2205 5067 3777 5143">
    <p class='ocr_par' dir='ltr' id='par_1_110' title="bbox 2205 5067 3777 5143">
     <span class='ocr_line' id='line_1_110' title="bbox 2205 5067 3777 5143; baseline -0.004 -16"><span class='ocrx_word' id='word_1_771' title='bbox 2205 5075 2493 5128; x_wconf 84' lang='grc' dir='ltr'>κοινωνίαν</span> <span class='ocrx_word' id='word_1_772' title='bbox 2531 5075 2669 5143; x_wconf 85' lang='grc' dir='ltr'>πρὸς</span> <span class='ocrx_word' id='word_1_773' title='bbox 2706 5067 2881 5126; x_wconf 67' lang='grc' dir='ltr'>ταῦτα</span> <span class='ocrx_word' id='word_1_774' title='bbox 2926 5073 3117 5126; x_wconf 81' lang='grc' dir='ltr'>ἐκεῖνα</span> <span class='ocrx_word' id='word_1_775' title='bbox 3160 5071 3503 5143; x_wconf 82' lang='grc' dir='ltr'>εἰσφέρουσι,</span> <span class='ocrx_word' id='word_1_776' title='bbox 3554 5073 3692 5127; x_wconf 75' lang='grc' dir='ltr'>πολὺ</span> <span class='ocrx_word' id='word_1_777' title='bbox 3727 5071 3777 5123; x_wconf 58' lang='lat' dir='ltr'><strong>ea</strong></span> 
     </span>
    </p>
   </div>
   <div class='ocr_carea' id='block_1_111' title="bbox 2203 5160 3777 5238">
    <p class='ocr_par' dir='ltr' id='par_1_111' title="bbox 2203 5160 3777 5238">
     <span class='ocr_line' id='line_1_111' title="bbox 2203 5160 3777 5238; baseline -0.003 -19"><span class='ocrx_word' id='word_1_778' title='bbox 2203 5167 2486 5238; x_wconf 74' lang='grc' dir='ltr'>διεστηκὸς</span> <span class='ocrx_word' id='word_1_779' title='bbox 2509 5164 2786 5234; x_wconf 79' lang='grc' dir='ltr'>ἑκατέρων</span> <span class='ocrx_word' id='word_1_780' title='bbox 2809 5164 3153 5218; x_wconf 85' lang='grc' dir='ltr'>δεικνύντων.</span> <span class='ocrx_word' id='word_1_781' title='bbox 3179 5164 3375 5217; x_wconf 86' lang='grc' dir='ltr'>Ἔνθεν</span> <span class='ocrx_word' id='word_1_782' title='bbox 3404 5160 3501 5217; x_wconf 76' lang='grc' dir='ltr'>οὖν</span> <span class='ocrx_word' id='word_1_783' title='bbox 3524 5167 3651 5235; x_wconf 72' lang='grc' dir='ltr'><strong>ἐμοί⁵</strong></span> <span class='ocrx_word' id='word_1_784' title='bbox 3666 5163 3777 5216; x_wconf 69' lang='grc' dir='ltr'>δύου</span> 
     </span>
    </p>
   </div>
   <div class='ocr_carea' id='block_1_112' title="bbox 2203 5250 3780 5328">
    <p class='ocr_par' dir='ltr' id='par_1_112' title="bbox 2203 5250 3780 5328">
     <span class='ocr_line' id='line_1_112' title="bbox 2203 5250 3780 5328; baseline -0.001 -21"><span class='ocrx_word' id='word_1_785' title='bbox 2203 5254 2406 5327; x_wconf 89' lang='grc' dir='ltr'>ληπτον</span> <span class='ocrx_word' id='word_1_786' title='bbox 2441 5257 2539 5328; x_wconf 79' lang='grc' dir='ltr'>μὲν</span> <span class='ocrx_word' id='word_1_787' title='bbox 2567 5256 2630 5310; x_wconf 81' lang='grc' dir='ltr'>τὸ</span> <span class='ocrx_word' id='word_1_788' title='bbox 2649 5250 3091 5325; x_wconf 63' lang='grc' dir='ltr'>τῆςύποθέσεως</span> <span class='ocrx_word' id='word_1_789' title='bbox 3120 5255 3571 5327; x_wconf 75' lang='grc' dir='ltr'>ύπερανεστηκὸς</span> <span class='ocrx_word' id='word_1_790' title='bbox 3603 5255 3780 5324; x_wconf 78' lang='grc' dir='ltr'>φαίνε-</span> 
     </span>
    </p>
   </div>
   <div class='ocr_carea' id='block_1_113' title="bbox 2203 5336 3782 5418">
    <p class='ocr_par' dir='ltr' id='par_1_113' title="bbox 2203 5336 3782 5418">
     <span class='ocr_line' id='line_1_113' title="bbox 2203 5336 3782 5418; baseline -0.003 -18"><span class='ocrx_word' id='word_1_791' title='bbox 2203 5364 2326 5401; x_wconf 87' lang='grc' dir='ltr'>ται·</span> <span class='ocrx_word' id='word_1_792' title='bbox 2354 5348 2455 5401; x_wconf 84' lang='grc' dir='ltr'>οὒκ</span> <span class='ocrx_word' id='word_1_793' title='bbox 2490 5348 2713 5418; x_wconf 79' lang='grc' dir='ltr'>ἐφικτὸν</span> <span class='ocrx_word' id='word_1_794' title='bbox 2745 5347 2801 5401; x_wconf 81' lang='grc' dir='ltr'><strong>δέ</strong></span> <span class='ocrx_word' id='word_1_795' title='bbox 2835 5346 3057 5400; x_wconf 87' lang='grc' dir='ltr'>κανόσιν</span> <span class='ocrx_word' id='word_1_796' title='bbox 3084 5344 3414 5399; x_wconf 82' lang='grc' dir='ltr'>ἀπευθύνειν</span> <span class='ocrx_word' id='word_1_797' title='bbox 3444 5345 3583 5416; x_wconf 81' lang='grc' dir='ltr'>πρὸς</span> <span class='ocrx_word' id='word_1_798' title='bbox 3629 5336 3782 5415; x_wconf 73' lang='grc' dir='ltr'>ὃμοια</span> 
     </span>
    </p>
   </div>
   <div class='ocr_carea' id='block_1_114' title="bbox 2201 5436 3780 5512">
    <p class='ocr_par' dir='ltr' id='par_1_114' title="bbox 2201 5436 3780 5512">
     <span class='ocr_line' id='line_1_114' title="bbox 2201 5436 3780 5512; baseline -0.004 -19"><span class='ocrx_word' id='word_1_799' title='bbox 2201 5440 2301 5509; x_wconf 81' lang='grc' dir='ltr'>τὴν</span> <span class='ocrx_word' id='word_1_800' title='bbox 2333 5439 2441 5494; x_wconf 81' lang='grc' dir='ltr'><strong>τῶν</strong></span> <span class='ocrx_word' id='word_1_801' title='bbox 2472 5442 2760 5512; x_wconf 81' lang='grc' dir='ltr'>φυομένων</span> <span class='ocrx_word' id='word_1_802' title='bbox 2788 5440 3102 5508; x_wconf 83' lang='grc' dir='ltr'>κεφαλαίων</span> <span class='ocrx_word' id='word_1_803' title='bbox 3145 5438 3477 5504; x_wconf 82' lang='grc' dir='ltr'>ἐξάπλωσιν.</span> <span class='ocrx_word' id='word_1_804' title='bbox 3546 5438 3691 5508; x_wconf 74' lang='grc' dir='ltr'>Πλὴν</span> <span class='ocrx_word' id='word_1_805' title='bbox 3733 5436 3780 5487; x_wconf 74' lang='grc' dir='ltr'><strong>εἰ</strong></span> 
     </span>
    </p>
   </div>
   <div class='ocr_carea' id='block_1_115' title="bbox 2203 5527 3779 5605">
    <p class='ocr_par' dir='ltr' id='par_1_115' title="bbox 2203 5527 3779 5605">
     <span class='ocr_line' id='line_1_115' title="bbox 2203 5527 3779 5605; baseline -0.004 -17"><span class='ocrx_word' id='word_1_806' title='bbox 2203 5534 2299 5588; x_wconf 77' lang='grc' dir='ltr'>καὶ</span> <span class='ocrx_word' id='word_1_807' title='bbox 2321 5533 2499 5605; x_wconf 82' lang='grc' dir='ltr'>πάντη</span> <span class='ocrx_word' id='word_1_808' title='bbox 2523 5535 2632 5586; x_wconf 84' lang='grc' dir='ltr'>τῶν</span> <span class='ocrx_word' id='word_1_809' title='bbox 2653 5533 2752 5603; x_wconf 79' lang='grc' dir='ltr'><strong>τῆς</strong></span> <span class='ocrx_word' id='word_1_810' title='bbox 2773 5531 3100 5594; x_wconf 84' lang='grc' dir='ltr'>ἀκολουθίας</span> <span class='ocrx_word' id='word_1_811' title='bbox 3131 5531 3476 5601; x_wconf 86' lang='grc' dir='ltr'>πραγμάτων</span> <span class='ocrx_word' id='word_1_812' title='bbox 3505 5530 3567 5583; x_wconf 80' lang='grc' dir='ltr'>τὸ</span> <span class='ocrx_word' id='word_1_813' title='bbox 3617 5527 3779 5599; x_wconf 80' lang='grc' dir='ltr'>παρὸν</span> 
     </span>
    </p>
   </div>
   <div class='ocr_carea' id='block_1_116' title="bbox 2203 5618 3772 5696">
    <p class='ocr_par' dir='ltr' id='par_1_116' title="bbox 2203 5618 3772 5696">
     <span class='ocr_line' id='line_1_116' title="bbox 2203 5618 3772 5696; baseline -0.004 -18"><span class='ocrx_word' id='word_1_814' title='bbox 2203 5624 2487 5696; x_wconf 76' lang='grc' dir='ltr'>ἐξῄρηται,</span> <span class='ocrx_word' id='word_1_815' title='bbox 2521 5624 2639 5676; x_wconf 77' lang='grc' dir='ltr'>ἐνὸν</span> <span class='ocrx_word' id='word_1_816' title='bbox 2683 5623 2757 5694; x_wconf 83' lang='grc' dir='ltr'>μὴ</span> <span class='ocrx_word' id='word_1_817' title='bbox 2791 5623 3086 5693; x_wconf 84' lang='grc' dir='ltr'>ἐκφεύγειν</span> <span class='ocrx_word' id='word_1_818' title='bbox 3116 5623 3207 5676; x_wconf 84' lang='grc' dir='ltr'>τὸν</span> <span class='ocrx_word' id='word_1_819' title='bbox 3249 5622 3522 5695; x_wconf 79' lang='grc' dir='ltr'>ἡμέτερον</span> <span class='ocrx_word' id='word_1_820' title='bbox 3551 5618 3772 5694; x_wconf 57' lang='lat' dir='ltr'><strong>[adﬁcit],</strong></span> 
     </span>
    </p>
   </div>
   <div class='ocr_carea' id='block_1_117' title="bbox 2207 5708 3775 5785">
    <p class='ocr_par' dir='ltr' id='par_1_117' title="bbox 2207 5708 3775 5785">
     <span class='ocr_line' id='line_1_117' title="bbox 2207 5708 3775 5785; baseline -0.002 -20"><span class='ocrx_word' id='word_1_821' title='bbox 2207 5713 2418 5783; x_wconf 84' lang='grc' dir='ltr'>μήποτε</span> <span class='ocrx_word' id='word_1_822' title='bbox 2449 5713 2549 5783; x_wconf 80' lang='grc' dir='ltr'><strong>τῆς</strong></span> <span class='ocrx_word' id='word_1_823' title='bbox 2577 5712 2816 5781; x_wconf 69' lang='grc' dir='ltr'>ἐφέσεως</span> <span class='ocrx_word' id='word_1_824' title='bbox 2849 5712 3266 5785; x_wconf 78' lang='grc' dir='ltr'>διαμαρτόντες,</span> <span class='ocrx_word' id='word_1_825' title='bbox 3311 5713 3407 5768; x_wconf 76' lang='grc' dir='ltr'><strong>καί</strong></span> <span class='ocrx_word' id='word_1_826' title='bbox 3448 5712 3507 5766; x_wconf 74' lang='grc' dir='ltr'><strong>τὸ</strong></span> <span class='ocrx_word' id='word_1_827' title='bbox 3546 5708 3775 5769; x_wconf 73' lang='grc' dir='ltr'>εὖτεεεῐν</span> 
     </span>
    </p>
   </div>
   <div class='ocr_carea' id='block_1_118' title="bbox 2206 5801 3476 5875">
    <p class='ocr_par' dir='ltr' id='par_1_118' title="bbox 2206 5801 3476 5875">
     <span class='ocr_line' id='line_1_118' title="bbox 2206 5801 3476 5875; baseline 0.003 -21"><span class='ocrx_word' id='word_1_828' title='bbox 2206 5803 2302 5856; x_wconf 75' lang='grc' dir='ltr'><strong>σὺν</strong></span> <span class='ocrx_word' id='word_1_829' title='bbox 2332 5801 2507 5875; x_wconf 79' lang='grc' dir='ltr'>ταύτῃ</span> <span class='ocrx_word' id='word_1_830' title='bbox 2536 5801 2946 5873; x_wconf 82' lang='grc' dir='ltr'>ἁφαιρεθῶμεν.</span> <span class='ocrx_word' id='word_1_831' title='bbox 3462 5822 3476 5830; x_wconf 80' lang='lat'><strong><em>&#39;</em></strong></span> 
     </span>
    </p>
   </div>
  </div>
