4060 6420
276 392 411 456 1405

1220 395 1304 458 ΙΝ
1342 397 1448 460 SS.
1486 398 1752 459 MARLE
1794 398 2524 460 PRAESENTATIONEM.

3382 390 3519 454 itas
3574 350 3589 361 “

350 504 509 559 Ἐπεὶ
536 503 644 576 γὰρ
673 504 880 560 ἄνωθεν
933 507 1071 576 ἡμῖν
1117 507 1417 581 είσφρήσας
1454 512 1482 563 6
1529 510 1624 564 τοῦ
1673 511 1846 581 ὄφεως

2022 512 2155 579 Quia
2172 513 2313 567 enim
2349 530 2375 564 a
2399 510 2661 580 principio
2692 509 2998 578 irrumpens
3048 507 3316 575 serpentis
3344 510 3516 573 virus,

272 601 371 664 ἰὸς,
403 600 734 671 ὑποσμύχων
755 617 812 654 τε
840 601 990 655 ἔνδον
1018 604 1371 659 κατεδαπάνα
1398 604 1458 657 τὸ
1478 604 1654 673 γένος·
1679 622 1734 656 νε
1745 604 1845 674 μό-

275 707 432 762 μενος
462 691 520 744 δὲ
548 691 637 744 ἀεὶ
659 692 784 755 τοὺς
818 693 942 747 καθ’
991 694 1216 758 ἕκαστα,
1266 697 1366 749 οὐκ
1412 695 1492 750 ἔτι
1535 697 1635 766 τῆς
1673 696 1846 766 νομῆς

272 779 623 844 ἀνεκόπτετο,
665 781 784 844 ,οὐδ’
820 782 1159 854 ἀλεξιτήριον
1195 787 1486 855 φάρμακον
1525 786 1847 856 ἀποσμῆχον

270 870 458 925 τοῦτον
485 871 793 927 ἐδείκνυτοο
821 873 936 927 ἀλλ’
966 874 1170 945 ὁμοίως
1210 877 1454 940 ἅπαντας
1486 877 1562 941 ὡς
1612 877 1847 930 ὕπουλόν

270 981 322 1016 τι
342 962 565 1033 τραῦμα
616 964 1047 1034 ἐνδιαδυόμενος,
1096 967 1225 1030 τοὺς
1264 968 1846 1038 ὑπογιγνωσκομένους

273 1054 444 1127 [Μαι.
489 1055 981 1129 ύπογιγνομένους]
1021 1058 1467 1127 κατελυμαίνετοι
1502 1060 1703 1113 Τοῦτον
1741 1059 1848 1112 τοί-

271 1165 364 1201 νυν
416 1148 444 1200 6
496 1148 840 1217 Δημιουργδς
889 1148 1081 1220 ἐξᾶραι
1127 1149 1429 1221 βουληθεὶς,
1490 1152 1585 1205 καὶ
1651 1149 1846 1203 ἑαυτοῦ

274 1238 374 1307 μὲν
424 1236 522 1308 τὴν
558 1238 910 1306 δυναστείαν,
968 1238 1062 1293 τοῦ
1117 1241 1457 1312 τετρωμένου
1504 1242 1562 1295 δὲ
1622 1240 1720 1311 τὴν
1769 1242 1848 1293 ἰα-

267 1330 453 1403 ⁴ιιιρείιιν
487 1330 854 1395 ἐνδείξασθαι,
894 1333 1199 1401 μηχανᾶται
1255 1332 1398 1385 κατά
1433 1331 1526 1385 τοῦ
1584 1329 1837 1404 τρώσαν-

271 1439 360 1486 τος
388 1423 480 1476 τὸν
504 1423 757 1493 κείμενον
787 1424 1112 1495 ἀναστῆσαι,
1142 1424 1239 1478 καὶ
1271 1423 1420 1494 αὐτῷ
1445 1425 1514 1476 τά
1553 1424 1650 1493 τῆς
1687 1423 1846 1492 νίκης

270 1515 683 1586 κατεγχειρίσαι
704 1529 718 1543 ·
766 1513 1019 1584 λαμπρὸν
1050 1512 1299 1568 ἐντεῦθεν
1335 1513 1397 1566 τὸ
1437 1513 1721 1582 τρόπαιον,
1751 1513 1847 1564 καὶ

265 1601 365 1675 τήν
391 1605 486 1656 τοῦ
539 1602 860 1674 φθείραντος
891 1599 1064 1676 ἧτταν
1109 1602 1494 1674 δημοσιεύεται
1527 1600 1696 1674 [Μαι.
1747 1602 1845 1672 δη-

271 1693 595 1767 μοσιεύων].
629 1695 800 1749 Τοῦτο
853 1695 911 1749 δὲ
942 1696 1042 1767 οὐχ
1081 1695 1284 1767 ἑτέρως
1317 1695 1596 1749 ἐκϐαίνειν
1644 1691 1756 1747 οἷόν
1784 1710 1843 1746 τε

264 1785 353 1859 ἦν,
382 1791 432 1843 εἰ
466 1789 541 1860 μὴ
570 1786 669 1859 τὴν
713 1788 807 1842 τοῦ
838 1788 1192 1860 νενοσηκότος
1218 1791 1312 1843 τὸν
1342 1788 1527 1861 ἰατρὸν
1571 1786 1843 1841 ὑποδύντα

1951 618 2015 658 ac
2037 605 2181 659 intus
2208 604 2444 668 latitans,
2470 604 2760 656 humanum
2784 601 3136 656 consumebat
3171 613 3339 670 genus
3365 616 3381 665 ;
3403 600 3521 655 sin-

1949 696 2210 766 gnlosque
2255 711 2469 764 semper
2522 696 2839 764 depascens,
2896 692 3123 747 necdum
3177 707 3207 746 a
3267 694 3517 760 pastione

1951 786 2357 854 prohibebatur,
2382 802 2477 840 nec
2506 795 2940 853 praesentaneum
2966 783 3130 837 ullum
3188 781 3514 845 remedium,

1950 878 2023 931 illi
2055 878 2369 939 exterendo,
2421 877 2844 941 ostendebatur;
2905 874 2996 927 sed
3044 872 3205 926 simili
3248 873 3520 941 subjectos

1949 985 2136 1025 omnes
2164 970 2395 1033 ratione,
2423 970 2617 1023 occulti
2661 967 2905 1021 vulneris
2951 965 3144 1028 instar,
3188 965 3293 1018 ima
3327 979 3519 1033 perva-

1950 1062 2103 1127 dens,
2128 1052 2386 1115 vitiabat:
2421 1061 2609 1114 volens
2656 1061 2837 1127 itaque
2869 1073 3049 1112 rerum
3081 1057 3347 1112 Conditor
3386 1054 3517 1111 illud

1950 1152 2138 1207 tollere
2169 1162 2329 1222 atque
2361 1163 2471 1206 tum
2507 1152 2802 1221 potentiam
2845 1165 3021 1214 suam,
3063 1159 3176 1203 tum
3224 1149 3392 1203 saucii
3429 1162 3517 1201 sa-

1948 1242 2221 1295 nationem
2249 1242 2527 1302 exhibere,
2564 1239 2614 1293 id
2644 1238 2863 1292 molitur
2912 1246 2971 1290 ut
3020 1236 3286 1307 iacentem
3323 1233 3517 1287 adver-

1922 1336 2043 1388 sus
2074 1332 2431 1388 sauciatorem
2458 1334 2691 1400 erigens,
2723 1331 2773 1384 ei
2803 1328 3093 1383 victoriam'
3123 1327 3344 1380 tribuat.
3380 1323 3516 1378 Hinc

1948 1439 2078 1495 ergo
2122 1424 2314 1479 illustri
2368 1423 2641 1491 trophaeo,
2696 1420 2934 1473 auctoris
2980 1417 3226 1472 interitus
3282 1413 3517 1468 traducit

1947 1517 2256 1571 victoriam.
2288 1515 2342 1569 Id
2382 1528 2546 1582 porro
2577 1513 2719 1567 haud
2751 1511 2854 1565 alia
2888 1510 3099 1563 ratione
3138 1506 3252 1560 ﬁeri
3284 1511 3513 1574 poterat,
3552 1516 3555 1521 λ

1948 1621 2107 1675 quam
2168 1613 2229 1659 ut
2287 1604 2526 1658 medicus
2578 1601 2888 1672 aegrotantis
2942 1598 3171 1652 indueus
3242 1606 3514 1659 naturam,

1945 1695 2143 1751 blando
2172 1692 2431 1764 eiusmodi
2475 1693 2661 1748 habitu
2685 1733 2701 1759 ,
2751 1690 2892 1759 quod
2934 1698 3051 1744 erat
3080 1688 3327 1742 vitiatum
3361 1685 3427 1739 ad
3457 1698 3518 1739 se

1949 1787 2222 1854 traheret;
2256 1794 2313 1839 ut
2342 1794 2656 1854 comparato
2688 1798 2791 1838 usu
2823 1794 3168 1853 congressus,
3208 1778 3519 1847 inopinatus

265 1876 462 1947 φύσιν,
511 1876 663 1948 ἠπίῳ
686 1876 764 1947 τῷ
810 1877 1052 1948 σχήματι
1098 1878 1237 1948 πρὸς
1267 1877 1460 1931 ἐαυτὸν
1488 1877 1634 1944 ἐλξοι
1661 1875 1722 1930 τὸ
1746 1875 1842 1930 λυ-

1951 1877 2210 1942 irrueret;
2281 1882 2444 1944 atque
2512 1875 2623 1940 hoc
2674 1873 2867 1939 modo,
2927 1870 3099 1926 morbi
3175 1882 3339 1924 causa
3405 1867 3515 1920 vim

269 1969 617 2039 μαινόμενον,
656 1967 722 2021 ἵν’
753 1970 811 2022 ἐν
838 1967 916 2038 τῷ
943 1969 1165 2040 συνήθει
1200 1969 1568 2040 προσδραμὸν,
1609 1967 1685 2036 τῷ
1715 1967 1840 2022 ἀδο·

264 2063 414 2130 κήτῳ
448 2060 756 2133 προσπέσῃ,
790 2060 886 2112 καὶ
931 2058 1075 2113 οὕτω
1114 2060 1185 2113 τὰ
1212 2060 1313 2130 τῆς
1352 2060 1511 2113 νόσου
1545 2061 1674 2132 ῥᾷον
1703 2059 1838 2112 ἀπο-

265 2150 474 2222 παυθῇ,
522 2151 618 2205 τοῦ
665 2151 839 2205 αἰτίου
873 2150 1080 2223 ταύτης
1121 2153 1202 2215 εἰς
1250 2150 1481 2205 καθόλου
1534 2151 1840 2222 ἀδυναμίαν

261 2246 636 2314 χωρήσαντος.
683 2245 836 2299 Ἐπεὶ
863 2245 921 2298 δέ
950 2243 1123 2298 ταῦτα
1151 2243 1328 2308 οὕτως
1359 2242 1707 2314 ᾠκονομήθη,
1735 2242 1840 2296 ἔδει

260 2336 318 2390 δέ
344 2337 402 2402 ἐξ
428 2332 498 2409 ἧς
527 2336 765 2407 ἀρχῆθεν
788 2337 847 2390 τὸ
871 2336 1044 2391 δεινδν
1069 2336 1306 2408 ὡρμήθη
1335 2335 1515 2405 ῥίζης,
1547 2337 1613 2387 ἐκ
1638 2333 1842 2404 ταύτης

262 2427 358 2499 τὴν
391 2428 636 2500 ἰατρείαν
666 2429 1110 2499 ἀναϐλαστῆσαν
1154 2427 1250 2481 καὶ
1273 2425 1340 2480 δι’
1373 2423 1441 2500 ἦς
1478 2424 1598 2480 ὀδοῦ
1629 2426 1765 2497 πρὸς
1782 2425 1842 2478 τὸ

262 2522 421 2589 γένος
460 2520 719 2591 εἰσήχθη,
771 2520 862 2574 διὰ
903 2521 1111 2592 ταύτης
1144 2519 1496 2592 ἐξελαθῆναιο
1535 2521 1568 2591 ἡ
1610 2520 1668 2574 δὲ
1711 2515 1842 2591 ἧνή

260 2611 543 2680 γυναικῶν
587 2612 847 2677 εὐκολία,
891 2612 993 2665 οὐκ
1051 2610 1311 2679 ἀσφαλῶς
1357 2610 1458 2680 τήν
1503 2609 1706 2663 εἴσοδον
1754 2609 1845 2676 ἐξ-

263 2705 548 2772 ανοίξασα,
583 2705 751 2775 ἑαυτῇ
786 2721 845 2757 τε
884 2706 980 2756 καί⁵
1006 2702 1085 2772 τῷ
1135 2702 1360 2773 οἰκείῳ,
1387 2702 1482 2756 καί
1516 2704 1629 2766 τοῖς
1656 2702 1850 2769 ἔπειτα,

264 2793 362 2865 τὴν
384 2794 567 2864 λύμην
611 2792 1046 2847 διασκεδάσασα’
1098 2792 1195 2846 καὶ
1240 2790 1304 2858 δὴ
1357 2790 1517 2843 τοῦτο
1576 2807 1843 2861 πραγμα-

265 2886 505 2940 τεύεται.
547 2885 688 2938 Ἀλλ’
710 2883 898 2954 ἐπειδὴ
924 2883 1092 2953 ἐγγὺς
1121 2883 1390 2953 ἐγενόμην
1417 2883 1518 2953 τῆς
1540 2882 1847 2946 ὑποθέσεως

266 2971 551 3044 ἀμηχανίᾳ
577 2971 671 3025 τοῦ
709 2971 1039 3042 πράγματος
1070 2972 1165 3026 τὸν
1198 2972 1355 3041 λόγον
1385 2973 1733 3043 κατέχομαι,“
1754 2972 1849 3026 καὶ

264 3063 343 3135 τῷ
371 3063 598 3135 μεγέθει
643 3063 737 3117 τοῦ
792 3063 1074 3133 θαύματος
1124 3064 1224 3132 τὴν
1253 3063 1495 3117 διάνοιαν
1535 3062 1850 3135 καταπλήτ-

1945 1982 2156 2023 omnem
2181 1967 2478 2032 amittente,
2501 1964 2616 2034 ejus
2636 1963 2844 2019 curatio
2868 1962 3078 2018 facilior
3097 1969 3264 2016 esset.
3287 1957 3517 2025 Quando

1947 2069 2124 2114 autem
2164 2059 2281 2114 haec
2318 2059 2392 2112 ita
2437 2057 2649 2111 fuerant
2686 2055 2923 2124 provisa,
2957 2066 3160 2123 parque
3186 2059 3328 2115 erat,
3357 2056 3418 2103 ut
3448 2046 3517 2100 ab

1944 2149 2130 2203 eadem
2156 2149 2271 2218 ipsa
2298 2147 2482 2202 radice
2507 2161 2573 2200 ex
2610 2161 2714 2216 qua
2745 2144 2943 2199 malum
2975 2158 3005 2196 a
3037 2140 3300 2212 principio
3332 2146 3513 2193 ortum

1945 2246 2082 2301 erat,
2114 2237 2403 2291 ntedicatio
2450 2250 2665 2305 quoque
2709 2235 3069 2305 germinaret;
3106 2240 3271 2299 utque
3323 2226 3515 2282 eadem

1946 2324 2236 2394 pelleretur
2268 2325 2388 2390 via,
2424 2339 2527 2394 qua
2581 2324 2633 2377 in
2674 2323 2950 2377 hominum
2989 2335 3156 2388 genus
3207 2319 3515 2383 invaserat;

1947 2429 1977 2470 a
2009 2414 2253 2470 muliebri
2277 2415 2530 2469 nimirum
2558 2413 2818 2468 facilitate
2838 2451 2854 2477 ,
2883 2427 3004 2483 qua:
3027 2413 3241 2466 incaute
3267 2409 3519 2478 aperiens

1947 2505 2150 2559 aditum
2171 2546 2187 2572 ,
2214 2505 2316 2560 sibi
2349 2507 2576 2574 pariter,
2610 2506 2854 2572 viroque,
2886 2515 3044 2571 atque
3074 2500 3308 2571 posteris
3337 2499 3520 2568 perni-

1947 2598 2086 2653 ciem
2125 2596 2410 2652 ascivisset
2446 2615 2460 2650 :
2499 2597 2578 2651 sic
2625 2595 2846 2650 omnino
2888 2608 2977 2648 res
3024 2591 3230 2647 habuit.
3285 2589 3521 2657 Ateuim,

1947 2688 2168 2757 propior
2187 2684 2295 2754 iam
2328 2694 2644 2754 argumento
2670 2685 2865 2751 factus,
2891 2694 3077 2739 teneor
3102 2681 3180 2736 rei
3213 2678 3525 2734 difﬁcultate

1950 2788 2009 2831 ut
2042 2792 2110 2832 ue
2139 2776 2348 2831 valeam
2400 2776 2583 2844 loqui;
2626 2789 2831 2845 proque
2867 2772 3110 2829 miraculi
3155 2770 3524 2839 magnitudine

1947 2868 2130 2923 animo
2156 2867 2440 2937 percellor,
2470 2869 2561 2937 qui
2590 2881 2787 2922 novum
2816 2881 2881 2921 ac
2928 2864 3179 2919 mirabile
3207 2861 3522 2933 mysterium

1950 2960 2002 3013 in
2036 2957 2201 3013 terris
2223 2956 2432 3012 videant
2463 2957 2855 3022 consummari,
2890 2970 2957 3012 ac
2997 2955 3140 3025 quod
3175 2964 3303 3008 ante
3329 2951 3527 3007 saecula

1949 3050 2128 3106 omnia
2156 3065 2354 3106 arcane
2378 3051 2699 3119 promissum
2724 3058 2861 3112 erat,
2885 3046 3177 3101 salutarem
3200 3059 3343 3098 nunc
3366 3043 3524 3097 finem

262 3134 430 3227 τομαι
466 3155 647 3229 [Μαι.
690 3153 1026 3226 ἐκπλήττ.],
1065 3153 1214 3217 ξένον
1235 3152 1379 3224 ὁρῶν
1404 3153 1498 3207 καὶ⁵
1542 3134 1848 3224 παράδοξον

1951 3140 2198 3210 adipisci.
2232 3138 2347 3195 Hoc
2384 3138 2515 3195 illud
2546 3148 2830 3209 parentum
2860 3137 3096 3207 Virginis
3132 3134 3467 3205 privilegium
3505 3147 3523 3186 :

269 3203 371 3302 ιπῗ
396 3203 507 3319 γῆις
555 3203 884 3317 τελούμενοᾷ
927 3203 1375 3318 μῦᾇτῖῥιὶινξζὲιι
1407 3203 1848 3316 ι’ὲερεῖζέὰζρῖτῖᾼν

1952 3233 2070 3287 haec
2114 3232 2300 3295 initia,
2344 3246 2561 3287 omnem
2597 3245 2907 3286 sermonum
2959 3227 3233 3282 vincentia
3271 3224 3528 3293 amplitu-

268 3339 485 3394 αἰώνων
530 3339 787 3410 ἀρρήτως
822 3336 1138 3407 ἐπηγγέλθη
1184 3335 1474 3406 σωτήριον,
1520 3337 1652 3388 νυνὶ⁴
1681 3335 1853 3406 πέρας

268 3428 673 3501 ιίσδεχόμενον.
714 3427 887 3481 Τοῦτο
918 3426 1122 3498 δηλαδὴ
1152 3426 1258 3480 τῶν
1290 3425 1390 3495 τὴν
1441 3425 1721 3496 Παρθένον
1757 3441 1850 3478 τε-

268 3519 482 3583 κόντων
524 3518 898 3588 ἀνῳκίσμενον
928 3513 1270 3589 [ἐγκώμιον]
1298 3529 1314 3545 °
1339 3513 1498 3568 τοῦτο
1542 3513 1849 3585 προοίμιον,

270 3612 455 3666 πᾶσαν
484 3609 752 3679 ὲκφεῢγον
781 3608 959 3675 λόγων
994 3606 1259 3661 ἐπίδοσιν.
1294 3605 1482 3677 Τούτῳ
1521 3605 1848 3676 προσϐαλὼν

214 3704 235 3719 ⁵·
272 3697 371 3767 μὲν
409 3697 439 3749 6
490 3694 649 3759 νοῦς,
685 3695 788 3749 οὒκ
839 3693 1207 3765 ἐξασθενήσας
1251 3693 1309 3747 δὲ
1349 3693 1457 3747 τῶν
1502 3695 1718 3749 οἰκείων
1764 3694 1853 3759 ἐξ·

258 3788 491 3865 έστηκε.
534 3791 749 3845 Σκοποῦ
790 3790 900 3862 γὰρ
946 3791 1095 3854 ὅστις
1148 3788 1215 3844 ἂν
1252 3784 1306 3843 εἴ
1336 3789 1365 3842 6
1423 3789 1600 3844 ταῦτα
1644 3790 1855 3861 διερευι-

265 3884 536 3955 νὼμενος,
570 3882 757 3954 ἡλίκον
783 3883 1036 3936 ἐντεῦθεν
1061 3881 1305 3951 ἀνεφάνη
1336 3881 1398 3934 τὸ
1427 3880 1636 3951 θαῦμα.
1663 3880 1855 3935 Φιλαν-

268 3977 490 4048 θρωττίᾳ⁵
538 3975 675 4048 μόνῃ
708 3977 774 4028 ἐκ
804 3975 878 4045 μὴ
907 3974 1079 4035 ὄντων
1116 3973 1222 4027 ὑπὸ
1256 3972 1352 4027 τοῦ
1402 3974 1645 4029 πλάστου
1703 3991 1851 4045 παρ-

268 4069 541 4140 ήχθημενσ
559 4068 643 4121 ἐπ’
669 4067 853 4137 ἔργοις
873 4067 1100 4133 ἀγαθοῖς
1116 4066 1207 4120 τὸν
1220 4065 1554 4138 παράδεισον
1579 4068 1855 4120 κατοικεῖν

271 4162 727 4232 προσετάγημεν·
761 4160 861 4230 τὴν
891 4158 1113 4230 ἐντολὴν
1152 4158 1473 4230 ἀϐουλήτως
1509 4157 1857 4228 ἀπεκρούσα-

271 4250 412 4320 μεθα
431 4268 447 4283 ·
480 4249 713 4303 θάνατον
744 4251 811 4318 τῇ
843 4247 1158 4318 προαιρέσει
1185 4246 1653 4317 ἐπεσπασάμεθα·
1684 4249 1856 4317 ἐπηγ-

267 4342 437 4413 γέλθη
469 4341 621 4412 παρὰ
647 4340 740 4394 τοῦ
769 4339 1052 4401 κτίσαντος
1079 4337 1387 4410 ἐλευθερία,
1412 4339 1508 4391 καὶ
1528 4337 1593 4390 τὸ
1619 4339 1855 4406 πρᾶγμα

268 4436 495 4505 ἔμελλε,
543 4436 637 4489 καὶ
678 4437 706 4487 6
751 4432 942 4504 χρόνος
993 4431 1119 4493 τοὺς
1158 4430 1504 4501 ἐπιτηδείους
1552 4426 1851 4498 ἀνηρεύνα.

268 4529 620 4599 Παρέτρεχον
675 4524 731 4579 αἱ
792 4522 1011 4592 γενεαὶο
1076 4523 1134 4576 αἰ
1197 4521 1531 4592 προφητεῖαι
1607 4519 1855 4589 συνεχεῖς
1884 4541 1933 4599 ο

270 4616 670 4671 κατεϐάλλοντο
694 4631 708 4644 ο
757 4615 816 4666 ἐν
861 4610 1074 4664 ἐλπίσιν
1127 4606 1195 4682 ἦν
1224 4611 1290 4664 τὰ
1319 4609 1430 4663 τῶν
1472 4606 1851 4678 πατριαρχῶν,

268 4712 363 4766 καὶ
393 4694 619 4764 πάντων
648 4708 895 4761 δικαίων.
924 4696 927 4701 ’
964 4703 1218 4776 Ἀϐραὰμ
1277 4701 1625 4772 παρέδραμε,
1676 4699 1773 4754 καὶ
1803 4698 1854 4751 οἱ

273 4805 393 4873 μετ’
427 4803 636 4856 ἐκεῖνον
661 4802 717 4853 ἐν
744 4798 1036 4868 συμϐόλοις
1064 4796 1134 4848 τὰ
1155 4797 1253 4865 τῆς
1274 4778 1491 4865 ἡμέρας
1526 4791 1850 4863 μυηθέντες,

270 4895 368 4947 καὶ
421 4891 562 4962 πρὸς
609 4891 712 4960 τὴν
765 4888 992 4942 ἔκϐασιν
1040 4885 1133 4939 τοῦ
1193 4884 1482 4955 μέλλοντος
1536 4882 1852 4953 κεχηνότες.

269 4981 518 5051 Μωῡσῆς
554 4983 583 5034 ό
625 4980 915 5041 θεσπέσιος
951 4974 1213 5046 ἐμφανῶς
1242 4975 1322 5037 εἰς
1350 4973 1478 5037 τοὺς
1512 4972 1720 5034 τύπους
1760 4969 1852 5024 τοῦ

272 5072 584 5143 μυστηρίου
614 5070 858 5142 θεωρῶν,
892 5069 989 5123 καὶ
1021 5067 1091 5120 τὰ
1118 5069 1220 5136 τῆς
1249 5064 1513 5134 ἀληθείας
1546 5061 1855 5125 κατανοῶν,

268 5164 450 5218 ἐδόκει
477 5165 613 5235 πρὸς
636 5161 813 5232 ἑαυτῷ
834 5158 1176 5231 πληροῦσθαι
1202 5158 1270 5212 τὰ
1291 5155 1727 5228 προδηλούμενα.
1768 5154 1856 5208 Ἐν

267 5259 336 5328 τῇ
369 5257 569 5327 ἐρήμῳ
593 5258 625 5325 ἡ
651 5254 827 5318 ἐλπίς.
869 5256 958 5308 Ἐν
986 5256 1096 5316 τοῖς
1122 5251 1234 5306 τῶν
1264 5250 1470 5321 κριτῶν
1499 5247 1857 5317 δημαγωγοῖς

268 5350 302 5418 ἡ
336 5347 663 5417 προσδοκία.
714 5345 969 5415 Σαμουὴλ
1004 5343 1427 5415 ἐχρηματίζετο.
1474 5338 1640 5393 Δαϐἰδ
1690 5337 1855 5406 ἐγγὺς

265 5436 368 5509 τὴν
402 5437 619 5511 ἡμέραν
641 5436 963 5507 ἀναφωνῶν,
996 5436 1380 5506 ἁπεμάκρυνε.
1402 5431 1524 5486 Τῶν
1555 5429 1856 5501 προφητῶν

162 5531 165 5534 ’
266 5528 297 5580 6
327 5527 493 5600 χορὸς
539 5528 877 5602 διαπρυσίως
915 5529 1208 5599 ἐκήρυττε,
1243 5524 1339 5578 καὶ
1365 5523 1460 5576 ἐπὶ
1489 5513 1683 5591 θύραις
1714 5516 1855 5574 εἶναι

343 5660 479 5743 ῖῼο)
647 5665 836 5718 iisdem
894 5665 999 5743 orti
1041 5663 1370 5743 majoribus._
1397 5663 1558 5743 Atqui
1598 5661 1735 5743 alter
1770 5674 1855 5743 ,ετ

268 5730 616 5802 τεςίσίι-ἱίηι
677 5743 830 5799 erat,
878 5734 1016 5788 lter
1064 5730 1139 5788 ex'
1182 5730 1545 5794 sacerdotali,
1584 5742 1642 5786 ut
1697 5730 1861 5802 habet

265 5800 552 5873 receptior
602 5804 850 5863 historia.
894 5804 1062 5860 Erant
1095 5804 1259 5861 iidem
1299 5803 1651 5861 nihilominus
1691 5800 1860 5871 majo—

1946 3322 2151 3378 dinem.
2203 3322 2341 3379 Huic
2385 3322 2598 3378 animus
2648 3322 2959 3385 intendens,
3011 3319 3114 3375 nisi
3166 3327 3249 3374 est
3301 3316 3528 3373 debilior

1946 3411 2200 3481 effectus,
2235 3428 2266 3467 a
2296 3415 2529 3483 propriis
2565 3414 2821 3469 excessit.
2848 3410 3147 3469 Considera
3172 3409 3340 3472 enim,
3373 3406 3527 3477 quis—

1950 3506 2074 3574 quis
2111 3519 2171 3561 es
2206 3506 2297 3577 qui
2334 3508 2435 3561 ista
2469 3506 2752 3569 scrutaris,
2784 3520 2945 3574 quam
2982 3504 3107 3558 inde
3142 3517 3392 3572 magnum
3425 3500 3529 3555 mi-

1950 3596 2192 3658 raculum
2232 3596 2422 3652 eluxit.
2474 3596 2601 3652 Sola
2650 3595 2984 3665 benignitate
3029 3609 3060 3648 a
3102 3593 3210 3648 Deo
3244 3593 3422 3662 plaste
3458 3604 3524 3645 ex

1956 3687 2125 3742 nihilo
2154 3687 2406 3756 producti
2450 3686 2730 3742 fueramus
2757 3702 2773 3741 :
2802 3684 3015 3754 iussum
3046 3690 3165 3739 erat
3199 3682 3251 3736 in
3277 3681 3531 3751 cperibus

1954 3778 2112 3834 bouis
2146 3779 2454 3848 paradisum
2487 3777 2667 3833 colere
2695 3793 2709 3830 :
2734 3784 3063 3846 praeceptum
3096 3772 3417 3843 insipienter
3447 3785 3532 3826 re-

1954 3867 2235 3941 pellentes,
2266 3877 2497 3922 mortem
2539 3874 2724 3922 nostra
2770 3864 2870 3934 ipsi
2918 3862 3195 3917 voluntate
3223 3869 3527 3914 attraxere-

1958 3973 2080 4014 mus
2116 3981 2127 4014 :
2154 3959 2380 4014 Creator
2406 3957 2710 4012 libertatem
2742 3954 3015 4023 pollicitus
3042 3962 3156 4018 est;
3189 3958 3413 4019 eratque
3442 3963 3529 4003 res

1962 4049 2162 4114 futura,
2195 4064 2258 4103 ac
2283 4057 2496 4115 tempus
2525 4060 2620 4101 eos
2665 4045 2965 4114 qua'rebat,
3000 4042 3090 4112 qui
3124 4040 3296 4095 idonei
3323 4046 3525 4094 essent.

1955 4141 2309 4198 Prazteribant
2328 4145 2517 4194 aetates
2536 4155 2550 4203 ;
2571 4134 2726 4206 juges
2751 4134 3047 4205 prophetia:
3067 4130 3524 4201 subjiciebantur;

1956 4239 2012 4292 in
2057 4250 2155 4306 spe
2202 4241 2359 4288 erant
2405 4232 2840 4301 patriarcharum
2888 4225 3129 4282 omnium
3166 4238 3231 4278 ac
3257 4222 3528 4292 iustorum

1954 4341 2044 4382 res
2076 4324 2282 4395 posita.
2330 4323 2606 4379 Abraham
2643 4317 2993 4389 praeterierat,
3034 4315 3259 4382 ejusque
3293 4310 3525 4380 posteri,

1955 4433 2076 4474 cum
2092 4416 2200 4471 diei
2220 4414 2360 4470 illius
2387 4418 2785 4480 sacramentum
2816 4407 2867 4461 iu
2890 4403 3139 4478 symbolis
3163 4401 3527 4462 didiscissent,

1958 4518 2119 4577 atque
2170 4506 2368 4561 animis
2416 4504 2483 4557 ad
2520 4502 2717 4556 futura:
2774 4498 2850 4554 rei
2915 4509 3167 4552 eventum
3234 4492 3525 4546 inhiareut.

1964 4604 2171 4674 Moyses
2199 4601 2290 4654 ille
2322 4596 2653 4655 admirabilis
2677 4594 2730 4648 in
2770 4590 3008 4663 mysterii
3050 4588 3249 4658 ﬁguras
3279 4585 3524 4652 intuens,

1961 4710 2025 4749 ac
2073 4692 2355 4747 veritatem
2410 4685 2776 4757 perspiciens,
2831 4682 2970 4750 apud
3005 4693 3101 4743 se,
3141 4691 3205 4732 ac
3236 4684 3394 4730 aetate
3432 4689 3530 4730 sua

1961 4784 2236 4855 impletum
2271 4780 2337 4836 iri
2364 4778 2747 4835 existimabat:
2791 4782 2908 4829 erat
2941 4787 3065 4842 spes
3092 4771 3147 4826 in
3191 4770 3404 4824 deserto
3432 4784 3447 4822 :
3475 4766 3528 4820 in

1952 4867 2227 4951 iudicibus
2274 4873 2455 4945 populi
2502 4871 2808 4928 rectoribus
2862 4865 3197 4936 exspectatio
3236 4880 3253 4917 :
3313 4858 3529 4951 Samuel

1956 4950 2274 5038 responsum
2318 4964 2660 5033 accipiebat:
2699 4959 2862 5014 David
2895 4957 3245 5027 propinquam
3292 4950 3530 5004 clamans

1958 5061 2133 5124 diem,
2184 5057 2399 5125 longius
2450 5052 2851 5109 subm0vebat:
2909 5048 3285 5116 prophetarum
3332 5041 3528 5094 chorus

1959 5151 2105 5207 clara
2131 5147 2463 5220 praedicabat
2501 5159 2655 5209 voce,
2682 5159 2746 5197 ac
2770 5140 3044 5195 Christum
3076 5148 3241 5204 prope
3275 5132 3328 5185 in
3348 5129 3529 5198 januis

1958 5241 2337 5297 annuntiabat.
2353 5238 2622 5294 Cancrum
2641 5247 2830 5290 omnes
2848 5247 2942 5300 spe
2967 5226 3227 5288 frustrati,
3246 5225 3526 5286 abierunt;

1959 5337 2101 5402 quod
2143 5331 2397 5385 nimirum
2438 5336 2651 5394 tempus
2680 5321 2935 5377 deﬁceret
2964 5334 3084 5374 cum
3132 5317 3197 5370 iis
3251 5313 3340 5383 qui
3383 5312 3526 5382 digni

1958 5435 2134 5481 erant.
2166 5423 2336 5479 Porro
2370 5419 2576 5475 invenit
2599 5417 2699 5472 sibi
2727 5428 2996 5484 congruos
3024 5410 3209 5465 iisdem
3241 5414 3535 5475 prognatos

1960 5507 2256 5585 majoribus
2282 5512 2419 5584 (20),
2471 5520 2632 5579 atque
2670 5509 2722 5562 in
2786 5520 2908 5562 eum
2956 5502 3114 5557 tinem
3161 5514 3190 5553 a
3226 5510 3404 5551 rerum
3437 5509 3533 5547 au-

1967 5672 2075 5723 res,
2112 5673 2176 5712 ac
2201 5649 2798 5726 conjttnctae__familia_:,
2831 5661 2896 5726 eo
2924 5643 3063 5726 quod
3095 5640 3264 5726 tribus
3305 5635 3451 5708 regia
3478 5642 3538 5689 et

1963 5716 2322 5785 sacerdotalis
2346 5724 2455 5791 iam
2483 5723 2610 5780 olim
2639 5718 2889 5789 conjugia
2928 5716 3235 5771 miscerent.
