4060 6428
540 394 673 456 1107

1668 383 1987 445 GEORGII
2030 378 2626 441 NlCOMEDlENSIS

3664 379 3799 444 ινδ

536 514 688 559 rlOl'e
719 508 968 571 paratus;
995 497 1258 564 Joachim,
1290 494 1530 564 inquam,
1563 511 1624 550 ac
1651 495 1897 561 Annam;
1928 507 2116 562 paren:

2227 489 2319 543 τὸν
2363 489 2599 559 Χριστὸν
2653 485 2986 556 κατεμήνυε.
3042 486 3253 549 Πάντες
3298 486 3409 540 τῶν
3438 487 3801 544 ἐλπισθέντων

543 608 623 650 tes
654 594 789 661 ejus,
818 605 937 661 qua:
963 589 1379 660 promissionum
1412 585 1536 642 linis
1569 585 1905 640 conciliatrix
1946 583 2107 637 l‘oret.

539 685 630 749 Hi,
685 683 862 752 prima
911 683 978 734 ad
1027 694 1161 749 opus
1218 684 1650 748 prmstrnxerunt
1701 674 2111 744 praedictionum

540 777 690 830 initia
727 793 741 830 :
785 775 861 841 hi,
911 780 1345 841 exspectatornm
1398 769 1634 822 radicem
1695 766 2106 834 germinarunt:

540 867 632 932 hi,
687 866 1079 936 promissorum
1133 860 1543 913 fundamentum
1596 857 1885 925 jeccrnnt:
1928 870 1991 910 ex
2031 854 2116 909 bis

543 957 696 1009 nobis
752 953 975 1008 emersit
1033 950 1285 1005 sanitatis
1346 948 1697 1017 myrctlteca:
1741 960 1804 998 ex
1849 945 1966 1008 his,
1998 952 2113 996 orla

538 1045 739 1115 prodiit
767 1044 964 1097 laetitiae
987 1040 1326 1095 conciliatrix
1355 1056 1368 1091 :
1396 1054 1460 1091 ex
1488 1038 1592 1099 his,
1620 1034 1914 1103 praeierunt
1934 1031 2109 1103 gaudii

544 1135 791 1205 pignora.
840 1131 902 1184 lli
935 1132 1113 1199 itaque
1145 1130 1211 1182 ob
1254 1127 1608 1181 excellentem
1642 1124 1918 1186 virtutem,
1951 1134 2113 1190 supra

540 1241 730 1282 omnes
767 1225 879 1278 noti
930 1222 1066 1276 liunt
1107 1220 1216 1275 Deo
1249 1217 1526 1283 Creatori;
1564 1225 1622 1270 ut
1655 1215 1747 1284 qui
1786 1212 2018 1283 prmsciti
2052 1226 2116 1266 ac

541 1317 789 1375 destinati
843 1316 896 1371 in
952 1312 1335 1384 mysteriorum
1388 1304 1694 1364 divinorum
1755 1302 2143 1359 ministerium‘

539 1418 715 1466 erant.
749 1407 1109 1474 Quamobrem
1144 1404 1285 1457 viam
1319 1415 1534 1457 omnem
1561 1398 1939 1453 mandatorum
1973 1394 2121 1450 ince-

541 1503 751 1564 dentes,
785 1499 851 1553 ad
881 1509 1151 1552 summum
1183 1498 1472 1549 evaserunt
1506 1487 1857 1559 perfectionis
1890 1486 2118 1553 apicem,

542 1592 752 1660 solique
785 1605 847 1643 ea
894 1597 1024 1642 sunt
1065 1583 1384 1646 consecuti,
1413 1596 1534 1650 qua:
1578 1596 1607 1633 a
1649 1578 1846 1634 smculo
1904 1575 2120 1646 plurimi

541 1683 845 1752 cupierunt.
909 1679 1225 1746 Quanquam
1283 1675 1429 1729 enim
1484 1687 1772 1728 commune
1844 1670 2121 1725 hominum

541 1787 711 1843 genus
744 1770 993 1824 etfectum
1038 1778 1119 1823 est
1155 1765 1424 1835 particeps
1452 1804 1468 1829 ,
1505 1763 1561 1817 hi
1616 1772 1793 1816 tamen
1822 1759 2019 1813 eximia
2060 1771 2123 1813 ac

2215 578 2585 648 ἀποτυχόντες
2630 577 2971 647 ἀπέδραμον,
3021 577 3321 649 ἐπειδήπερ
3378 579 3406 632 ὁ
3461 578 3654 649 χρόνος
3708 581 3801 635 σὺν

2214 672 2327 734 τοῖς
2357 670 2531 735 ἀξίοις
2575 669 2976 739 ἀπελίμπανεν.
3027 660 3171 740 Εὗρε
3198 668 3265 740 δὴ
3293 670 3421 733 τοὺς
3465 670 3706 734 οἰκείους
3741 673 3803 726 ἐκ

2215 761 2323 814 τῶν
2350 760 2531 813 αὐτῶν
2562 760 2924 831 ὡρμημένους
2944 800 2958 825 ,
2987 758 3082 812 καὶ
3122 757 3257 830 πρὸς
3286 756 3447 811 τοῦτο
3472 758 3552 828 τῷ
3583 759 3796 833 κτίστῃ

2217 852 2721 922 εύτρεπισμένους·
2788 851 3044 920 Ἰωακείμ
3089 869 3235 921 φημι
3268 852 3368 907 καὶ
3418 854 3625 908 Ἀνναν
3679 858 3804 922 τοὺς

2174 948 2181 959 '
2216 942 2516 1011 ghmltiav
2546 941 2639 995 τοῦ
2670 941 2856 1005 τέλους
2885 940 2994 996 τῶν
3027 942 3380 1013 μηνυθέντων
3409 945 3803 1010 άποτεκόντας.

2218 1027 2379 1088 Οὗτοι
2426 1033 2496 1086 τὰ
2538 1033 2651 1085 τῶν
2701 1034 3062 1104 προρρήσεων
3101 1037 3182 1097 είς
3209 1034 3371 1105 ἔργον
3440 1037 3808 1093 κατεϐάλοντο

2221 1126 2515 1195 προοίμια’
2582 1119 2729 1179 οὗτοι
2788 1126 2899 1179 τῶν
2953 1126 3442 1197 προσδοκηθέντων
3494 1129 3596 1198 τὴν
3650 1130 3807 1202 ῥίζαν

2220 1216 2562 1285 ἐὸλάστησαν
2582 1232 2596 1247 ⁸
2624 1208 2773 1270 οὗτοι
2801 1216 2912 1270 τῶν
2940 1218 3393 1287 ἐπηγγελθέντων
3423 1220 3517 1273 τὸν
3553 1222 3806 1292 θεμέλιον

2221 1304 2569 1375 κατέπηξαν·
2618 1306 2685 1359 ἐκ
2730 1304 2937 1360 τούτων
2967 1308 3100 1377 ἡμῖν
3149 1309 3183 1379 ἡ
3214 1308 3319 1378 τῆς
3350 1311 3598 1380 ἰατρείας
3638 1329 3809 1383 μυρο-

2223 1396 2364 1466 θήκη
2416 1398 2830 1470 κατεσκευάσθη
2852 1414 2865 1428 ·
2915 1403 2980 1453 ἐκ
3010 1400 3222 1453 τούτων
3263 1402 3298 1471 ή
3332 1401 3436 1472 τῆς
3461 1403 3813 1474 εὐφροσύνης

2222 1488 2560 1541 ἀνατέταλκε
2612 1488 2915 1562 πρόξενοςο
2975 1490 3043 1543 ἐκ
3091 1490 3300 1545 τούτων
3357 1491 3427 1545 τά
3469 1493 3569 1562 τῆς
3633 1496 3814 1565 χαρᾶς

2225 1578 2669 1649 προωδοποίησεν
2710 1580 2966 1652 ἐνέχυρα.
3001 1572 3164 1634 Οὗτοι
3206 1581 3391 1636 τοίνυν
3424 1582 3493 1637 δι’
3530 1584 3813 1654 ὑπερϐάλ-

2223 1665 2421 1720 λουσαν
2476 1667 2703 1739 ἀρετὴν,
2754 1669 2907 1738 παρὰ
2941 1669 3153 1734 πάντας
3181 1671 3458 1743 γνώριμοι
3480 1673 3562 1744 τῷ
3596 1676 3812 1747 Κτίστῃ

2226 1758 2608 1823 καθίστανται,
2647 1758 2826 1812 καίτοι
2877 1761 3323 1830 προγνωσθέντες
3366 1764 3463 1817 καὶ⁴
3492 1764 3816 1835 ὅρια-θέντες

542 1836 797 1928 peculiari
833 1856 990 1909 laude
1026 1851 1588 1908 claruerunt.Etenim
1623 1849 1715 1919 qui
1750 1864 1838 1904 res
1860 1848 2116 1902 maximas

2230 1850 2311 1910 είς
2351 1847 2511 1902 θείων
2558 1849 2874 1919 μυστηρίων
2911 1850 3279 1922 λειτουργίαν.
3334 1853 3429 1908 Διὸ
3470 1856 3664 1909 πᾶσαν
3701 1857 3816 1911 ὁδὸν

540 1961 766 2022 gerunt,
803 1950 1060 2019 majorem
1097 1947 1166 2001 ab
1216 1947 1294 2000 eis
1346 1945 1615 2013 recipiunt
1650 1942 1900 2012 gloriam,
1956 1955 2117 2009 quam

539 2054 769 2109 quorum
807 2038 908 2091 illa:
936 2052 1105 2091 causa
1150 2044 1409 2104 geruntur
1440 2055 1455 2089 :
1486 2042 1743 2109 tantoque
1779 2034 1829 2087 id
1862 2031 2114 2101 amplius,

539 2141 744 2200 quanto
792 2130 1050 2183 facinoris
1106 2127 1446 2183 necessitudo
1487 2127 1723 2180 maxima
1757 2132 2114 2179 monstratur.

540 2221 640 2277 llic
669 2229 847 2275 autem
876 2220 1009 2274 nihil
1040 2220 1269 2273 vicinius
1300 2234 1363 2273 ac
1395 2228 1679 2286 cognatum
1722 2216 1894 2287 magis
1926 2215 2119 2268 existi-

540 2313 673 2365 mari
698 2321 881 2381 queat,
911 2311 994 2368 iis.
1021 2326 1142 2381 quas
1167 2310 1446 2379 patrandis
1481 2308 1817 2362 mirabilibus
1855 2308 1907 2360 in
1938 2305 2116 2359 media

539 2412 811 2471 assumpta
863 2400 1104 2456 luerunt.
1162 2400 1273 2454 Sibi
1311 2400 1508 2468 quippe
1558 2398 1789 2453 Verbum
1827 2411 1895 2449 ex
1923 2410 2114 2449 eorunt

539 2507 717 2546 massa
777 2491 1179 2547 tabernaculum
1224 2504 1543 2554 exstruens,
1595 2504 1662 2544 ex
1711 2488 1897 2544 eodem
1938 2487 2117 2541 altiori

539 2596 703 2649 supra
735 2580 1069 2635 intellectum
1101 2580 1334 2643 ratione,
1364 2580 1611 2633 humanae
1648 2585 1855 2631 natura:
1882 2590 2116 2630 massam

538 2673 856 2741 assumpsit,
911 2687 1105 2726 noram
1158 2685 1411 2741 prorsus,
1446 2685 1566 2724 cum
1595 2669 1863 2724 actionem
1901 2668 2119 2737 dispen-

539 2780 690 2829 sans,
727 2776 838 2820 tum
864 2765 1130 2834 cogitatus
1157 2766 1455 2829 inventum.

2223 1939 2442 2007 ἐντολῆς
2477 1938 2818 2009 βαδίσαντες,
2859 1940 2994 2011 πρὸς
3032 1928 3317 2014 ἀκρότητᾶ
3342 1945 3443 2014 τῆς
3468 1946 3816 2018 τελειότητος

2219 2030 2598 2101 κατήντησαν,
2652 2030 2747 2083 καὶ
2799 2030 2951 2100 μόνοι
2998 2031 3107 2084 τῶν
3158 2033 3433 2099 πλείστοις
3489 2036 3550 2102 ἐξ
3614 2038 3816 2102 αἰῶνος

2219 2117 2680 2187 ἐπιθυμουμένων
2729 2117 3015 2189 ἐπέτυχον.
3080 2120 3143 2172 Εἰ
3206 2120 3316 2189 γάρ
3368 2121 3467 2175 καὶ
3517 2122 3579 2174 τὸ
3637 2121 3815 2175 κοινὸν

2220 2210 2400 2264 αὐτῶν
2426 2210 2527 2280 τῆς
2568 2210 2784 2279 φύσεως
2824 2211 3170 2282 μετείληφεν,
3197 2212 3314 2266 ἀλλ’
3355 2213 3645 2284 ἐξαίρετον
3671 2210 3815 2270 οὗτοι

2218 2301 2280 2354 τὸ
2306 2300 2461 2363 κλέος
2482 2301 2804 2370 ἠνέγκαντο.
2837 2302 2946 2355 Καὶ
2971 2303 3080 2374 γὰρ
3107 2302 3158 2357 δι
3184 2297 3272 2358 ’ὧν
3295 2305 3363 2359 τά
3396 2306 3641 2376 μέγιστα
3675 2322 3815 2363 κατι

2221 2382 2509 2462 ὀρθοῦνται
2554 2392 2661 2446 τῶν
2721 2394 3090 2464 πραγμάτων,
3140 2396 3295 2449 αὐτοὶ
3345 2396 3574 2467 μείζονα
3607 2398 3725 2453 τῶν
3753 2399 3816 2453 δι’

2223 2480 2318 2543 οὓς
2380 2480 2720 2545 τελειοῦται,
2772 2484 2871 2555 τὴν
2928 2484 3086 2551 δόξαν
3138 2486 3464 2556 εἰλήφασιν·
3517 2491 3623 2544 καὶ
3676 2493 3817 2562 τόσῳ

2227 2571 2452 2643 μᾶλλον,
2476 2572 2599 2625 ὅσον
2643 2572 2704 2626 τὸ
2751 2574 3189 2644 κατορθούμενον
3224 2578 3286 2631 τὸ
3337 2580 3689 2637 οἰκειότατον
3731 2583 3814 2634 ἐνο

2224 2663 2518 2719 δείκνυται.
2564 2664 2829 2718 Ἐνταῦθα
2858 2664 2914 2718 δὲ
2951 2667 3053 2719 οὐκ
3090 2666 3155 2721 ἂν
3187 2667 3361 2739 [Μαι.
3395 2672 3507 2723 οὐδ’
3537 2671 3607 2726 ἂν
3633 2671 3655 2744 Ἰ
3685 2673 3815 2726 ὑπο-

2227 2755 2488 2825 πτευθείη
2515 2754 2618 2827 τὴν
2667 2755 2945 2825 ἐγγύτητα
2992 2757 3156 2812 πλέον
3191 2759 3517 2830 φερόμενον,
3550 2763 3674 2815 τῶν
3721 2764 3816 2816 ὅσα

536 2858 649 2920 τοῖς
684 2857 1008 2928 παραδόξοις
1042 2855 1148 2909 τῶν
1214 2855 1507 2926 δρωμένων
1577 2854 1712 2927 πρὸς
1757 2852 2039 2925 μεσιτείαν
2097 2849 2491 2921 παρείληπται.
2550 2849 2657 2903 Τοῦ
2706 2851 2814 2921 γάρ
2869 2850 3051 2904 αὐτῶν
3121 2853 3445 2922 φυράματος
3481 2855 3672 2925 ἐαυτῷ
3704 2855 3801 2928 τὴν

541 2948 747 3019 σκηνὴν
775 2950 802 3000 ὁ
831 2948 1004 3016 Λόγος
1037 2949 1386 3019 δειμάμενος,
1412 2951 1476 3002 ἐκ
1505 2948 1707 3019 ταύτης
1732 2947 1874 3018 ὑπὲρ
1938 2945 2063 3001 νοῦν
2090 2945 2153 2999 τὸ
2190 2943 2536 3017 ἀνθρώπινον
2573 2942 2766 3013 εἴληφε
2818 2942 3066 3015 φύραμα,
3099 2943 3259 3016 ξένην
3299 2945 3478 3017 πάντη
3545 2948 3816 3003 διοικονο·

540 3043 809 3115 μούμενος
834 3043 926 3096 καὶ
950 3044 1151 3114 πρᾶξιν
1177 3045 1270 3096 καὶ
1299 3045 1503 3115 νόησιν.

611 3136 702 3190 Sic
726 3137 928 3205 itaque,
953 3138 1199 3205 hancque
1222 3138 1272 3189 in
1303 3137 1542 3199 modum,
1569 3120 1688 3204 quae
1713 3134 1971 3204 praeclara
1999 3149 2123 3206 ges-

539 3228 760 3291 sissent,
801 3228 1107 3281 sterilitatis
1144 3228 1356 3281 ratione
1383 3227 1751 3291 declarantur,
1782 3242 1844 3281 ac
1871 3228 2119 3282 orbitatis
2147 3207 2189 3266 θ

538 3320 766 3384 morbo,
797 3318 1005 3372 occulta
1034 3334 1219 3371 eorum
1253 3318 1468 3372 virtutis
1512 3327 1800 3387 augmenta
1834 3318 2119 3387 publican-

538 3420 651 3463 tur.
689 3409 821 3462 (lum
861 3410 1002 3462 enim
1049 3409 1302 3477 legitimae
1330 3410 1770 3472 consuetudines,
1814 3407 2120 3462 numerosi-

542 3509 652 3554 tate
692 3500 855 3567 prolis
892 3500 1143 3569 pietatem
1181 3500 1575 3564 decernerent,
1606 3510 1924 3567 certumque
1955 3499 2121 3553 bene-

540 3590 795 3644 dictionis
830 3600 1230 3658 argumentum,
1270 3600 1477 3643 natura:
1507 3591 1809 3645 ubertatem
1837 3590 2117 3656 haberent,

539 3697 610 3737 ex
641 3696 704 3736 ea
733 3683 944 3737 abunde
972 3683 1267 3736 hostiarum
1296 3684 1785 3752 acceptabilitatem
1831 3683 1898 3737 ad
1942 3683 2122 3752 propi-

543 3775 819 3827 tiatinnem
865 3778 1196 3829 censebant:
1240 3775 1403 3845 idque
1448 3777 1642 3844 opinor
1695 3773 1839 3829 haud
1882 3775 2056 3828 aliene
2089 3789 2118 3828 a

543 3867 752 3918 ratione
787 3864 918 3934 (2i),
948 3877 1107 3919 autve
1132 3865 1476 3920 olferentium
1507 3880 1705 3931 crassae
1736 3866 1902 3919 menti
1940 3865 2119 3920 minus

538 3969 796 4024 congrue.
841 3956 975 4019 Quia
1024 3956 1168 4010 enim
1203 3955 1322 4025 ejus
1363 3956 1461 4009 aevi
1510 3955 1758 4010 homines
1794 3955 2118 4010 addictiores

539 4049 853 4115 corporeis,
890 4049 1417 4116 augmento-carnali
1473 4050 1612 4103 bona
1658 4048 1825 4113 animi
1858 4058 2118 4118 contege-

542 4140 693 4203 bant,
723 4155 783 4193 ac
813 4140 1126 4195 uberiorum
1154 4141 1544 4195 charismatum
1601 4141 1836 4210 Spiritus
1871 4140 2113 4210 hospites

540 4238 716 4293 erant,
741 4245 806 4284 ex
835 4230 900 4283 iis
929 4242 1177 4299 acceptas
1201 4233 1445 4286 victimas
1470 4246 1535 4286 ac
1563 4243 1690 4286 vota
1714 4230 2113 4301 coajectabant.

539 4320 676 4375 Cum
705 4336 834 4391 ergo
865 4323 957 4391 qui
985 4325 1189 4377 umbrae
1219 4323 1595 4378 deserviebant
1627 4323 1699 4376 ita
1735 4323 1972 4377 moribus
1999 4332 2114 4378 sta-

542 4419 712 4464 tutum
748 4413 1029 4478 haberent,
1056 4413 1233 4467 oblata
1265 4430 1293 4468 a
1315 4414 1478 4483 justis
1508 4415 1669 4481 dona,
1701 4429 1768 4470 eo
1796 4417 1937 4485 quod
1965 4416 2115 4486 prole

540 4512 813 4565 carerent,
859 4518 963 4557 non
1010 4490 1377 4571 admiserunt;
1413 4505 1748 4576 illegitimum
1780 4507 2113 4561 arbitrantes

542 4602 599 4642 nt
624 4592 677 4644 in
712 4592 794 4646 eis
846 4594 1103 4647 hactenus
1131 4595 1463 4650 obtinentem
1514 4610 1576 4650 ac
1623 4603 1892 4650 servatam
1936 4596 2111 4667 legum

540 4682 897 4736 atabilitatem
926 4685 1314 4738 convellerent.

617 4770 811 4825 Verum
857 4789 961 4827 non
984 4776 1159 4829 desint
1185 4777 1273 4844 qui
1306 4777 1427 4832 inde
1470 4780 1824 4846 qumstionem
1858 4779 2111 4835 studeant

542 4877 778 4930 movere,
820 4879 882 4918 ac
930 4866 1114 4919 dicant
1144 4883 1160 4919 :
1188 4867 1464 4935 Siquidem
1511 4871 1577 4923 ad
1614 4872 1717 4924 hoc
1759 4870 1914 4923 electi
1956 4865 2112 4926 er'ant

543 4951 862 5007 castissima:
908 4953 1139 5025 Virginis
1166 4966 1447 5024 parentes,
1485 4975 1742 5028 quorsum
1776 4958 1857 5012 eis
1880 4962 1944 5014 ad
1988 4962 2114 5018 illud

543 5057 713 5109 usque
743 5054 953 5114 tempus
977 5047 1195 5103 occlusa
1229 5059 1543 5102 manserunt
1572 5049 1920 5104 fecunditatis
1952 5052 2112 5116 dona,

544 5133 937 5205 plurimamque
981 5146 1195 5193 aetatem
1240 5140 1388 5208 prole
1420 5150 1667 5196 carentes
1695 5153 1955 5211 egerunt;
1991 5159 2111 5196 cum

546 5230 802 5294 praeterea
833 5237 975 5283 esset
1008 5232 1450 5307 praedestinatum
1483 5241 1541 5286 ut
1573 5232 1818 5303 mysterii
1851 5235 2113 5289 exhibitio

618 5348 916 5418 (‘21)ﬂaud
959 5353 1128 5406 aliene
1161 5370 1192 5405 (ι
1227 5365 1451 5409 ratione.
1490 5354 1741 5410 Doctrina
1788 5357 1900 5411 haec
1935 5358 2111 5415 minus

542 5431 841 5496 consonate
861 5423 1116 5496 ⁸ιγ’ἰιιιιιιιιιι·
1153 5425 1310 5496 (lictis
1334 5441 1362 5477 a
1393 5424 1628 5487 Georgio
1662 5428 1802 5480 inter
1832 5429 2110 5496 explican-

547 5490 670 5542 dam
691 5489 964 5542 historiam
984 5493 1462 5559 sauctaaMariteutt
1479 5497 1722 5550 dicebam
1750 5489 1927 5557 modo.
1955 5501 2111 5552 mibi-

546 5572 651 5639 que
680 5560 921 5612 nonnihil
958 5565 1128 5639 reddit
1163 5578 1498 5639 suspectam,
1532 5565 1729 5639 Leonis
1757 5568 1937 5621 Allalii
1975 5584 2107 5622 cou-

541 5633 834 5706 jecturatn.
867 5645 949 5707 .ac
981 5633 1133 5707 tidem
1155 5634 1411 5707 Codicum
1453 5636 1500 5688 ei
1542 5636 1950 5692 iuscribentium
1973 5679 1987 5703 ,
2020 5641 2107 5707 qui

549 5699 712 5778 sciam
773 5699 1196 5778 antiquariorum
1247 5704 1561 5759 facilitatem
1608 5699 1982 5778 praeligcndis
2018 5699 2109 5762 aut

550 5766 869 5831 ampliandis
895 5771 1081 5837 titulis,
1108 5773 1305 5841 unique
1328 5788 1478 5829 certo
1504 5792 1566 5831 ac
1599 5766 1875 5834 faittosivori
1901 5781 2104 5839 auctori

2299 3130 2456 3185 Οὕτω
2488 3131 2609 3201 μέν,
2641 3131 2783 3184 οὔτω
2814 3130 2881 3184 τὰ
2908 3131 3013 3184 τῶν
3047 3130 3230 3184 καλῶν
3259 3130 3596 3197 διανύοντες,
3639 3135 3808 3188 ἁπαι-

2220 3221 2309 3292 δίᾳ
2352 3222 2527 3276 ταῦτα
2576 3223 3057 3305 καταμηνύοζιταν
3094 3223 3190 3275 καὶ
3239 3224 3587 3295 στειρώσεως
3640 3228 3803 3296 νοσή-

2224 3332 2357 3385 ματι
2378 3314 2449 3367 τὰ
2473 3315 2571 3383 τῆς
2602 3316 2802 3384 ἀρετῆς
2829 3315 3008 3368 αὐτῶν
3036 3314 3389 3385 κρυπτόμενα
3419 3315 3482 3385 δη
3494 3317 3812 3384 μοσιεύεται

2220 3404 2695 3475 πλεονεκτήματα.
2731 3406 2851 3459 Τῶν
2899 3406 3008 3477 γὰρ
3044 3406 3248 3475 ἐθίμων
3307 3407 3399 3459 τοῦ
3438 3409 3612 3476 νόμου
3649 3426 3814 3478 προσ-

2218 3496 2427 3560 τάξεων
2478 3498 2542 3565 τῇ
2590 3496 2844 3566 εὐτεκνίᾳ
2896 3495 3201 3566 κρινουσῶν
3243 3496 3341 3567 τὴν
3371 3497 3691 3565 εὐσέϐειαν,
3725 3500 3813 3552 καὶ

2218 3587 2525 3657 τεκμήριον
2576 3586 2804 3654 ἀψευδὲς
2840 3587 3098 3655 εὐλογίας
3135 3589 3234 3657 τὴν
3285 3588 3546 3657 εὐθηνίαν
3578 3590 3686 3659 τῆς
3722 3591 3814 3661 φύ-

2222 3694 2360 3739 σεως
2409 3677 2801 3747 λογιζομένων,
2855 3679 2915 3742 ἐξ
2958 3679 3130 3748 αὐτῆς
3173 3679 3267 3733 τοῦ
3296 3679 3671 3751 ὲξιλὰσματος
3710 3682 3813 3736 τῶν

2220 3769 2426 3843 θυσιῶν
2473 3769 2763 3838 ἐπέκρινον
2795 3769 2856 3822 τὸ
2893 3770 3135 3825 δεκτέον.
3182 3772 3350 3825 Ούδέν
3381 3772 3599 3841 ἀλόγως
3638 3770 3811 3843 οἶμαι,

2218 3840 2341 3912 οὐδὲ
2397 3860 2499 3929 τῆς
2561 3860 2669 3913 τῶν
2730 3862 3088 3931 προαγόντων
3146 3863 3461 3934 παχύτητος
3529 3840 3813 3938 ἀλλότριον

2220 3951 2619 4018 θεσπιζουσῶν.
2662 3952 2900 4025 νἘπειδὴ
2947 3957 3056 4027 γὰρ
3105 3957 3569 4029 σωματικώτερον
3607 3962 3659 4013 οἱ
3698 3961 3812 4014 τότε

2220 4042 2516 4109 διέκειντο,
2566 4047 2633 4116 τῇ
2685 4048 2785 4116 τῆς
2839 4046 3043 4119 σαρκὸς
3097 4047 3336 4101 ἐπιδόσει
3384 4050 3455 4101 τὰ
3503 4051 3606 4121 τῆς
3639 4051 3812 4121 ψυχῆς

2221 4135 2693 4202 συγκαλύπτοντες
2724 4138 2905 4204 ἀγαθά
2925 4154 2936 4167 ο
2969 4138 3109 4204 ξένοι
3136 4156 3194 4192 τε
3228 4140 3335 4193 τῶν
3363 4140 3459 4193 τοῦ
3489 4143 3806 4211 Πνεύματος

2217 4226 2458 4296 δαψιλῶν
2500 4228 2862 4300 χαρισμάτων
2914 4230 3306 4299 τυγχάνοντες,
3354 4232 3416 4284 τὸ
3446 4234 3809 4286 εὐαπόδεκτον

2218 4322 2284 4374 ἐκ
2308 4319 2512 4372 τούτων
2548 4321 3031 4390 κατεστοχάζοντο.
3076 4320 3247 4374 Τοῦτο
3287 4323 3468 4376 τοίνυν
3497 4326 3549 4377 οἱ
3582 4328 3652 4395 τῇ
3685 4325 3808 4393 σκιᾷ

2217 4410 2565 4475 δουλεύοντες
2611 4411 2671 4465 τὸ
2723 4411 2845 4474 ἔθος
2892 4412 3249 4482 κατέχοντες,
3304 4414 3603 4480 ἀπαιδείας
3654 4418 3807 4470 ἕνεκα

2221 4503 2331 4557 τῶν
2359 4503 2607 4568 δικαίων,
2638 4504 2704 4556 τὰ
2729 4503 3123 4573 προσαγόμενα
3153 4507 3213 4558 οὐ
3245 4505 3603 4575 προσήκαντο
3632 4507 3803 4577 δῶρα,

2218 4597 2319 4648 οὐκ
2334 4595 2558 4664 ἔννομον
2574 4591 2712 4647 εἶναι
2737 4594 3058 4664 νομίσαντες
3076 4596 3133 4647 ἐν
3147 4595 3357 4659 τούτοις
3380 4597 3671 4650 ἀνακινεῖν
3699 4597 3797 4651 τῶν

2220 4689 2401 4758 νόμων
2432 4687 2494 4740 τὸ
2517 4689 2801 4756 στάσιμον,
2836 4689 2932 4741 καὶ
2962 4688 3155 4758 μέχρις
3186 4688 3412 4741 ἐκείνων
3444 4689 3800 4760 τηρούμενον.

2302 4778 2443 4833 Ἀλλ’
2464 4779 2615 4841 είκος
2639 4780 2876 4851 ἀπορίαν
2900 4778 3041 4841 τινὲς
3063 4781 3194 4849 ἡμῖν
3217 4778 3469 4831 ἐντεῦθεν
3495 4781 3802 4849 ἐπεισάγειν

2219 4875 2593 4943 πειράσονται.
2647 4874 2710 4926 Εἰ
2759 4874 2867 4942 γὰρ
2903 4877 2982 4938 εἰς
3010 4874 3171 4927 τοῦτο
3205 4874 3398 4943 ἐτυχον
3437 4870 3585 4928 εἶναι
3616 4876 3800 4943 ἐξειλε-

2214 4967 2413 5036 γμένοι
2446 4967 2749 5035 φάσκοντες
2775 4963 2827 5019 οἱ
2858 4969 2954 5036 τῆς
2990 4967 3269 5034 πανάγνου
3309 4970 3664 5037 γεννήτορες,
3698 4967 3801 5028 πῶς

2211 5059 2396 5121 αὐτοῖς
2420 5057 2614 5127 μέχρις
2642 5057 2852 5109 ἐκείνου
2875 5058 2944 5109 τὰ
2966 5057 3065 5121 τῆς
3088 5057 3439 5118 παιδοποιίας
3473 5056 3796 5124 ἀπεκλείσθη

2215 5146 2552 5217 χαρίσματα,
2581 5147 2674 5201 καὶ
2706 5146 2892 5213 ἄγονοι
2928 5146 2988 5199 τὸ
3014 5149 3267 5200 πλεῖστον
3297 5147 3388 5200 τοῦ
3420 5147 3542 5217 βίου
3572 5150 3796 5218 augm-

2212 5237 2308 5290 καὶ
2341 5237 2476 5306 πρὸς
2522 5237 2692 5309 [Μαι.
2734 5240 2791 5291 ἐν
2821 5237 2977 5310 πρὸς]
3015 5239 3226 5302 τούτοις
3259 5238 3331 5291 τὰ
3357 5240 3450 5292 τοῦ
3484 5240 3795 5311 μυστηρίου

2221 5369 2482 5433 tractatus
2525 5361 2764 5430 ejusdem
2800 5365 3104 5433 argumenti
3146 5363 3473 5417 tribuendis.
3513 5362 3713 5418 Verum
3746 5372 3799 5416 nt

2218 5432 2466 5499 Georgii.
2500 5434 2692 5496 nostri,
2726 5444 2821 5486 aut
2853 5432 2993 5487 alius
3017 5434 3087 5487 sit
3131 5435 3245 5487 haec
3288 5435 3464 5486 oratio
3486 5474 3501 5495 ,
3539 5434 3800 5486 luculenta

2221 5513 2373 5556 certe
2413 5510 2497 5555 est
2536 5518 2598 5554 ac
2632 5504 2853 5567 diserta,
2892 5505 3163 5573 dignaque
3203 5514 3259 5573 ut
3285 5504 3428 5573 juris
3461 5504 3656 5573 publici
3690 5506 3799 5558 liat.

2219 5588 2282 5643 ac
2331 5582 2663 5643 pmponatur
2693 5573 2773 5626 uti
2824 5568 3252 5643 aliae—Georgii“,
3286 5568 3499 5627 'Maria:
3534 5584 3804 5642 concepta:

2217 5641 2612 5707 laudatoribus,
2646 5658 2710 5695 ex
2751 5657 2854 5710 qua
2903 5641 3160 5708 discant,
3182 5643 3379 5697 nedum
3418 5654 3481 5696 ut
3519 5641 3806 5698 exerceant

2215 5711 2485 5793 calamum
2511 5750 2524 5773 ,
2572 5726 2758 5793 verum
2795 5713 2963 5767 etiam
2997 5714 3050 5767 in
3092 5728 3200 5783 quo
3231 5722 3551 5781 exerceant,
3595 5722 3651 5769 ut
3694 5711 3805 5780 jam

2215 5797 2410 5851 smptus
2441 5797 2647 5837 ιιιοιιυι.

2452 5914 2479 5921 .-
