4060 6422
279 393 415 463 1109

1241 383 1325 446 ΙΝ
1371 383 1476 445 SS.
1519 381 1787 445 ΜΑΗΙᾹΞ
1824 383 2562 448 ΡΒΕΞΕΝΤΑΤΙΟΝΕΜ.

3412 386 3554 454 1410

277 504 452 580 ἀρχὴν
477 499 778 572 λαμϐάνειν
809 493 1171 572 προώρισται,
1202 495 1298 550 καὶ
1323 493 1384 560 ἐξ
1411 493 1594 548 αὐτῶν
1623 495 1658 564 ή
1685 490 1860 566 τούτῳ

1975 495 2179 549 initium
2209 506 2472 561 sumeret,
2512 511 2576 551 ac
2610 495 2795 552 divino
2825 496 3202 554 annuntiatum
3245 503 3548 570 praeconio,

273 595 611 666 λειτουργεῖν
644 591 916 663 μέλλουσα
937 593 1038 662 τὴν
1067 589 1292 662 πρόοδον
1319 587 1466 659 ἔχειν
1491 585 1854 657 ἀναπεφώνη-

273 706 364 744 ται
386 703 402 745 :
425 687 486 740 El
507 684 579 739 τὰ
609 683 871 738 δοκοῦντα
895 683 1020 737 τότε
1046 681 1124 754 τῷ
1153 681 1303 752 νόμῳ
1314 678 1616 742 ἀνελλιπῶς
1639 677 1866 750 ἐξεπλή-

279 795 460 852 ρωσαν
481 795 497 810 ο
546 779 596 830 εί
624 775 861 846 ἄφθονον
887 775 980 829 τὸν
1003 774 1112 828 τῶν
1140 775 1357 846 ἀρετῶν
1389 774 1560 844 ἑσμὸν
1593 771 1864 843 θησαυρί-

277 888 490 933 σαντες,
523 869 862 940 ἀφθονότερα
887 867 945 920 δὲ
967 861 1048 930 οἷς
1080 867 1132 920 οί
1163 866 1285 920 τότε
1307 866 1368 919 τὸ
1397 865 1605 919 τέλειον
1625 863 1863 935 ἔκρινον,

276 959 638 1030 ἐπεφέροντο,
697 958 816 1022 πῶς
862 957 958 1012 τοῦ
1003 957 1072 1010 δι’
1102 951 1164 1011 οῦ
1207 955 1434 1027 ἔμελλον
1481 955 1577 1010 τοῦ
1620 954 1860 1025 πέρατος

275 1054 597 1124 ἐπικρατεῖν
631 1049 1044 1121 ἀπετύγχανονς
1077 1048 1196 1113 πῶς
1229 1051 1286 1102 ὲν
1304 1041 1349 1116 ᾧ
1381 1048 1450 1102 τά
1477 1048 1588 1101 τῶν
1617 1047 1866 1118 προρρήρ

275 1163 416 1200 σεων
450 1143 528 1215 τῷ
561 1145 662 1216 τῆς
711 1143 1000 1208 ἀπαιδείας
1046 1135 1195 1197 οὗτοι
1241 1144 1510 1213 νοσήματι
1551 1141 1652 1212 τῆς
1681 1140 1862 1211 ὁρμῆς

274 1239 612 1303 ἀνέκοπτονς
648 1238 762 1300 πῶς
790 1237 836 1290 δ’
877 1237 978 1290 οὐκ
1009 1235 1068 1302 ἐξ
1102 1229 1178 1308 ὧν
1208 1235 1270 1288 τδ
1302 1235 1484 1288 κοινὸν
1515 1232 1808 1286 ἀναλαϐεῖν
1837 1233 1866 1284 ό

275 1331 447 1400 Λόγος
483 1329 774 1400 ἠπείγετο,
813 1329 1093 1398 πλήθοντα
1140 1329 1211 1381 τὰ
1244 1327 1510 1399 προοίμια
1549 1325 1864 1390 ἐδείκνυτο;

287 1423 500 1476 Ἐκεῖνο
531 1421 714 1491 μέντοι
743 1420 876 1490 ἡμῖν
903 1419 1135 1489 ἀψευδὲς
1165 1419 1303 1488 πρὸς
1359 1416 1661 1486 ἀπολογίαν
1691 1416 1865 1486 ὀφθή-

278 1532 452 1578 σεται,
479 1514 555 1578 ὼς
585 1515 666 1567 ὅτι
701 1515 729 1566 ό
753 1513 862 1566 τῶν
897 1512 1206 1583 μελλόντων
1236 1511 1443 1582 ταμίας
1475 1511 1572 1564 καὶ
1599 1509 1866 1581 δημιουρ-

276 1610 372 1676 γὸς
399 1607 510 1660 τῶν
548 1605 828 1668 ἁπάντων,
873 1602 1096 1658 ἐπειδάν
1127 1621 1178 1656 τι
1208 1603 1318 1656 τῶν
1354 1603 1689 1674 ἀπορρήτων
1717 1603 1868 1654 οἰκο-

275 1697 464 1766 νομεῖν
500 1692 757 1764 βουληθῇ,
812 1692 873 1746 οὐ
930 1692 1150 1762 φύσεως
1203 1691 1442 1745 ἐπιδόσει
1492 1691 1589 1745 καὶ
1633 1689 1870 1762 ἀφθονίᾳ

273 1786 374 1857 τὴν
411 1783 521 1840 τῶν
567 1785 872 1856 μελλόντων
915 1785 1092 1858 ἀρχὴν
1133 1785 1557 1850 καταϐάλλεται,
1606 1783 1744 1838 ἀλλά
1771 1783 1865 1836 δυ-

1968 595 2030 640 ut
2061 600 2180 654 quae
2225 587 2486 657 mysterio
2515 595 2664 642 esset
2708 587 3113 658 ministratura,
3145 605 3211 646 ex
3255 592 3337 646 eis
3367 593 3553 662 prodi-

1967 677 2086 732 ret?
2124 678 2402 748 Siquidem
2435 678 2568 750 legis
2605 679 2741 734 scita
2774 680 2981 748 integre
3027 681 3387 750 impleverant
3421 701 3436 739 :
3476 687 3553 740 si-

1965 770 2181 840 quidem
2243 771 2498 826 virtutum
2561 771 2664 828 sibi
2731 774 3038 828 uberiorem
3111 777 3552 830 thesaurizantes

1967 877 2239 927 messem,
2279 865 2530 921 uberiora
2581 865 2918 930 offerebant,
2979 883 3139 936 quam
3181 869 3382 937 quibus
3433 870 3552 938 ejus

1966 955 2144 1009 aetatis
2184 955 2431 1010 homines
2486 956 2784 1026 perfectum
2831 957 3224 1024 decernerent;
3279 961 3552 1026 quomodo

1966 1063 2033 1103 eo
2060 1046 2482 1114 frustrabantur,
2532 1064 2640 1118 quo
2685 1049 2863 1103 medio
2894 1058 3054 1104 erant
3079 1049 3325 1118 adepturi
3354 1049 3552 1105 (litem?

1944 1138 2250 1204 Quomodo
2293 1139 2347 1193 in
2392 1153 2500 1208 quo
2539 1149 2695 1194 erant
2743 1141 2928 1208 positae
2959 1141 3358 1209 praedictiones,
3395 1142 3451 1196 in
3487 1157 3554 1196 eo

1971 1231 2083 1294 illi,
2133 1231 2438 1286 sterilitatis
2507 1231 2638 1285 vitio
2693 1231 3034 1298 laborantes,
3101 1233 3550 1302 impedimentum

1969 1323 2276 1379 habebant?
2300 1323 2580 1390 Quomodo
2606 1336 2784 1378 autem
2811 1340 2874 1379 ex
2905 1327 3100 1394 quibus
3134 1326 3370 1381 Verbum
3401 1342 3555 1381 com-

1971 1431 2189 1470 munem
2229 1425 2478 1469 naturam
2519 1431 2773 1484 reparare
2803 1417 3076 1482 studebat,
3109 1433 3214 1472 non
3249 1420 3555 1474 exuberan-

1973 1509 2043 1564 tia
2077 1509 2478 1564 exhibebantur
2509 1509 2704 1562 inltia?
2733 1510 2789 1564 ld
2823 1511 3104 1565 enimvero
3137 1524 3345 1565 certum
3399 1513 3554 1568 nobis

1970 1601 2037 1654 ad
2071 1599 2446 1656 defensionem
2490 1599 2790 1666 videbitur;
2842 1609 2901 1654 ut
2934 1601 3212 1668 nimirum,
3247 1603 3550 1657 futurorum

1971 1693 2333 1762 dispensator,
2368 1694 2856 1763 universorumque
2889 1691 3068 1762 opifex
3111 1693 3272 1755 Deus,
3304 1705 3363 1748 ut
3397 1710 3556 1751 arca-

1970 1801 2098 1839 num
2134 1785 2337 1854 aliquid
2363 1800 2428 1839 ac
2465 1785 2712 1842 mirabile
2744 1787 2870 1840 velit
2898 1787 3238 1853 dispensare,
3273 1784 3554 1852 haudqua-

275 1881 497 1950 νάμεως
525 1877 834 1950 περιουσίᾳ,
858 1875 957 1931 καὶ
981 1877 1186 1948 ἀπορίᾳ
1219 1878 1561 1948 πραγμάτων
1587 1874 1866 1959 τὸμέλλον

1975 1893 2132 1946 quam
2165 1889 2372 1932 natura:
2402 1881 2694 1934 crementis
2722 1895 2786 1934 ac
2818 1881 3084 1940 ubertate,
3113 1877 3415 1933 futurorum
3443 1877 3550 1932 ini-

275 1969 694 2031 κατασκευάζει.
745 1970 858 2023 Καὶ
895 1969 1003 2042 γὰρ
1047 1968 1343 2022 ίδιαίτατον
1387 1969 1486 2039 μὲν
1517 1968 1674 2022 τοῦτο
1702 1967 1862 2022 Θεοῦ.

275 2065 350 2118 Οὐ
369 2063 820 2134 θαυμαστότατον
841 2061 899 2115 δὲ
921 2061 978 2114 τὸ
999 2060 1100 2130 τῆς
1125 2060 1452 2122 ἀκολουθίας
1500 2061 1601 2130 τῆς
1627 2059 1862 2128 φύσεως.

275 2154 436 2210 Οὕτω
458 2154 536 2226 τῷ
584 2153 838 2224 Ἀϐραὰμ
871 2153 1246 2222 ὑποσχόμενος
1286 2150 1487 2222 πλήθει
1525 2152 1746 2222 ἄστρων
1771 2150 1868 2205 καὶ

271 2246 493 2318 ψάμμῳ
555 2245 834 2315 θαλάσσης
864 2243 962 2315 τὴν
991 2243 1084 2298 τοῦ
1119 2243 1440 2315 σπέρματος
1470 2241 1867 2306 ἀπεικάςεσθαι

274 2339 534 2411 πρόοδον,
588 2339 689 2390 οὐκ
741 2335 1012 2406 εὐκληρία
1064 2333 1224 2387 τοῦτο
1291 2333 1512 2403 φύσεως
1569 2334 1648 2399 εἰς
1704 2332 1868 2403 ἔργον

275 2431 608 2502 ἐξήνεγκεν,
641 2428 757 2482 ἀλλ’
800 2427 1087 2490 ἀσθενείας
1133 2426 1446 2496 συμϐόλοις,
1491 2426 1588 2480 καὶ
1639 2425 1870 2496 δυνάμει

274 2525 340 2594 τῇ
383 2519 585 2574 ἑαυτοῦ
631 2518 730 2590 τὴν
769 2519 1065 2588 ὑπόσχεσιν
1113 2517 1524 2588 ἐξεπλήρωσεν.
1572 2514 1734 2570 Οὕτω
1777 2517 1870 2570 τὸν

277 2613 539 2685 Σαμουὴλ
587 2612 932 2683 παρήγαγεν.
989 2608 1148 2663 Οὕτω
1197 2610 1292 2662 τὸν
1337 2609 1596 2680 Ἰωάννην
1646 2609 1869 2680 κήρυκα

273 2709 370 2779 τῆς
398 2704 711 2776 οἰκονομίας
740 2702 1125 2774 παρέπεμψεν.
1157 2700 1314 2754 Οῦτω
1333 2701 1391 2754 δὲ
1417 2701 1513 2753 καὶ
1542 2699 1610 2754 τά
1639 2700 1870 2753 πλεῖστα

273 2801 386 2854 τῶν
442 2803 525 2864 είς
566 2800 716 2871 ἡμᾶς
766 2796 1090 2870 παραδόξως
1120 2795 1367 2870 ῂκόντων
1398 2793 1744 2864 πραγμάτων
1780 2794 1872 2846 ὲκ-

273 2891 453 2947 ϐάντα
478 2892 542 2946 ἀν
562 2908 644 2954 τις
669 2889 1092 2962 διερευνώμενος
1121 2886 1346 2952 κατίδοι,
1378 2886 1438 2939 οὐ
1473 2885 1626 2956 παρά
1651 2883 1730 2956 τῷ
1759 2888 1872 2949 τοῖς

275 2985 562 3049 πλείστοις
607 2983 889 3051 δοκοῦντι,
948 2981 1100 3054 παρά
1145 2981 1203 3036 δὲ
1247 2978 1343 3035 τοῦ
1397 2979 1573 3036 αἰτίου
1615 2977 1695 3051 τῷ
1737 2980 1871 3049 πρέ-

277 3094 420 3131 ποντ
429 3095 466 3131 ι.

304 3281 321 3314 ι
354 3264 524 3336 Ἐμοὶ
553 3263 610 3317 δὲ
643 3263 764 3317 οὐδὲ
792 3262 955 3334 μέχρι
985 3260 1194 3315 τούτων
1219 3261 1289 3314 τά
1317 3262 1417 3331 τῆς
1460 3257 1669 3322 λύσεως
1707 3257 1872 3330 ἕστη-

276 3373 410 3412 κεν⁴
442 3355 583 3411 ἀλλά
612 3356 709 3409 καὶ
737 3355 926 3426 ἕτερόν
973 3371 1028 3408 τι
1061 3353 1161 3408 οὐκ
1186 3353 1452 3408 ἀπίθανον
1485 3345 1874 3422 ἐπεισέρχεται

278 3451 487 3520 λέγειν.
520 3449 588 3502 Τί
617 3449 673 3503 δὲ
697 3446 860 3504 τοῦτό
889 3449 1074 3514 ὲστιν;
1108 3447 1224 3501 Οὐκ
1252 3447 1318 3500 ἂν
1348 3445 1573 3515 ἔκδηλον
1613 3448 1727 3508 τοῖς
1753 3444 1875 3498 τότε

279 3543 343 3596 τὸ
389 3541 624 3604 εὐσεϐὲς
662 3537 814 3611 αὐτῷ
854 3538 1168 3609 κατεφάνη*
1202 3537 1302 3590 οὐκ
1336 3536 1403 3591 ἂν
1437 3538 1470 3608 ἡ
1505 3537 1747 3606 ὲγγὺτης
1772 3536 1874 3588 αὐ-

282 3634 390 3688 τῶν
424 3633 564 3704 πρὸς
609 3633 669 3686 τὸ
706 3631 884 3696 Θεῖον,
937 3629 998 3684 τὸ
1033 3629 1252 3701 βέϐαιον
1285 3627 1353 3682 δι’
1386 3629 1551 3699 εὐχῆς
1579 3627 1870 3698 δεξαμένη,

281 3725 376 3780 τδν
423 3723 733 3794 φιλόνεικον
792 3721 952 3788 λόγον
1009 3719 1119 3772 τῶν
1172 3717 1534 3784 δισταζόντων
1586 3716 1873 3794 ἀπώσατο.

283 3818 399 3872 Νῦν
423 3815 486 3871 δὲ
518 3818 578 3870 ὲν
622 3814 784 3886 χρείᾳ
808 3811 1004 3866 τούτου
1041 3809 1437 3876 καταστάντες,
1468 3808 1680 3873 ἔδειξαν
1713 3807 1876 3871 εὐθὺς

283 3911 434 3974 ὅπως
467 3909 568 3980 τὴν
595 3904 910 3976 οἰκειότητα
938 3904 1042 3957 κάν
1095 3905 1209 3966 τοῖς
1251 3901 1432 3964 ἄλλοις
1465 3900 1601 3972 πρὸς
1627 3899 1718 3952 τὸν
1742 3897 1877 3952 Θεὸν

287 3997 457 4074 εἶχον,
488 3999 585 4054 τοῦ
615 3998 855 4072 φανεροῦ
890 3998 952 4051 τὸ
984 3996 1190 4067 ἀφανὲς
1220 3994 1401 4048 αὐτῶν
1433 3991 1874 4064 δημοσιεύοντος.

300 4093 457 4146 Ἐπεὶ
505 4086 602 4145 οῦν
644 4091 695 4144 οἱ
746 4089 947 4143 δίκαιοι
996 4087 1099 4158 τὴν
1145 4085 1333 4155 δέησιν
1388 4083 1744 4153 ἁνεκίνησαν,
1776 4080 1878 4133 οὐκ

286 4184 596 4256 ἀμφίϐολον
642 4183 742 4254 τὴν
787 4180 1036 4248 ἐπίταξιν
1095 4177 1244 4251 [Leg.
1287 4173 1589 4246 ἐπίτευξιν]
1634 4172 1876 4244 ἐπήλπι-

289 4294 407 4333 σαν.
438 4277 514 4332 Οὐ
540 4275 620 4348 τῷ
649 4273 896 4345 λογισμῷ
923 4271 1148 4326 τοιαῦτα
1181 4269 1502 4339 ἐπέκριναν,
1537 4268 1620 4320 ὅτι
1653 4267 1702 4318 εί
1737 4265 1878 4317 πὰν-

287 4387 396 4436 τως
429 4369 548 4442 ᾔδει
594 4369 622 4422 ὁ
645 4350 998 4438 τῶνάδὴλιον
1035 4362 1307 4434 γνώστης,
1349 4361 1437 4413 ἐπ’
1463 4358 1654 4428 ἀγαθῷ
1684 4357 1753 4411 τὰ
1783 4357 1880 4427 τῆς

287 4451 640 4530 τεκνογονίας
681 4458 1048 4532 ὲκϐήσεσθαι,
1087 4455 1188 4510 οὐκ
1216 4453 1282 4509 ἂν
1323 4452 1532 4507 τούτων
1571 4453 1671 4521 τὴν
1711 4450 1878 4520 φύσιν

1972 1969 2102 2023 tium
2129 1977 2440 2038 perstruat;
2471 1971 2568 2025 sed
2600 1980 2660 2024 ut
2705 1971 2956 2040 potentia:
2987 1970 3264 2024 allluentia
3287 2009 3302 2033 ,
3337 1985 3550 2023 rerum-

1967 2073 2073 2128 que
2117 2059 2320 2130 inopia.
2355 2059 2563 2114 Etenim
2599 2061 2689 2115 Dei
2728 2063 2960 2115 maxime
2989 2064 3206 2131 propria
3239 2077 3301 2116 ea
3327 2077 3547 2117 cecono-

1971 2151 2077 2204 mia
2117 2160 2201 2206 est
2231 2172 2244 2206 :
2273 2167 2375 2206 nec
2423 2167 2688 2206 summam
2739 2155 2901 2208 habet
2933 2155 3374 2217 admirationem,
3408 2152 3550 2222 quod

1969 2241 2146 2296 ordini
2175 2251 2380 2296 naturae
2417 2252 2780 2297 consentanee
2822 2245 3004 2298 habet.
3047 2244 3137 2298 Sic
3161 2261 3284 2298 cum
3311 2245 3546 2298 Abrahae

1973 2335 2246 2404 pollicitus
2270 2345 2436 2402 esset,
2463 2335 2578 2391 fore
2607 2346 2664 2390 ut
2687 2338 2806 2406 ejus
2828 2338 3052 2391 seminis
3081 2339 3384 2406 provenlio,
3413 2338 3557 2391 mul-

1975 2427 2187 2482 titudini
2210 2427 2485 2482 stellarum
2503 2443 2567 2482 ac
2593 2443 2774 2483 arente
2793 2429 2957 2482 maris
2978 2429 3172 2483 similis
3195 2438 3340 2482 esset
3361 2431 3424 2489 ³⁸,
3447 2444 3555 2483 non

1977 2518 2029 2573 id
2076 2529 2285 2573 natura:
2315 2518 2579 2575 felicitate
2608 2523 2674 2574 ad
2704 2535 2838 2588 opus
2871 2522 3120 2588 reduxit;
3153 2524 3246 2576 sed
3284 2521 3564 2575 imbecilli-

1974 2613 2102 2668 tatis
2148 2613 2435 2684 symbolis,
2463 2628 2668 2683 suaque
2713 2615 2830 2684 ipse
2857 2617 3096 2682 potentia
3124 2655 3138 2676 ,
3168 2615 3312 2683 quod
3355 2613 3564 2682 promi-

1972 2705 2152 2770 sisset,
2205 2705 2478 2775 implevit.
2517 2705 2574 2760 In
2624 2707 2768 2761 hunc
2815 2708 3032 2760 modum
3085 2706 3392 2762 Satnuelem
3427 2724 3556 2776 pro-

1971 2795 2166 2852 duxit:
2212 2799 2290 2852 sic
2317 2798 2582 2853 Joannem
2623 2799 2941 2853 oeconomiae
2977 2811 3278 2866 praeconem
3336 2800 3555 2868 praemi-

1973 2889 2064 2944 sit.
2099 2887 2190 2943 Sic
2221 2905 2465 2958 prorsus,
2517 2900 2574 2943 ut
2604 2889 2729 2959 quis
2757 2901 3052 2955 scrutetur,
3100 2891 3390 2943 maximam
3435 2905 3562 2958 par-

1972 2989 2082 3036 tem
2106 2982 2351 3036 evenisse
2383 2982 2694 3050 perspiciet,
2728 2997 2938 3048 eorum,
2973 2997 3096 3051 qum
3137 2983 3462 3036 mirabiliter
3500 2984 3557 3036 in

1974 3089 2074 3130 nos
2114 3083 2501 3144 pervenerunt,
2537 3074 2678 3128 baud
2720 3089 2824 3142 qua
2858 3075 3068 3127 ratione
3104 3074 3379 3144 plerisque
3409 3074 3563 3128 vidc-

1898 3201 1945 3260 ο
1977 3165 2162 3230 batur,
2189 3167 2282 3220 sed
2321 3175 2379 3220 ut
2413 3166 2623 3220 auctori
2655 3180 2957 3236 congruum
2989 3174 3126 3220 erat.

2051 3255 2178 3310 Mihi
2211 3255 2562 3310 nihilominus
2604 3256 2744 3310 haud
2793 3257 2846 3310 in
2875 3257 2940 3311 iis
2966 3256 3164 3310 solutio
3193 3255 3337 3310 sistit
3373 3273 3388 3311 :
3421 3257 3553 3326 quin

1978 3347 2121 3402 aliud
2153 3347 2428 3418 quidpiam
2464 3362 2570 3402 non
2617 3349 2970 3416 improbabile
3003 3349 3290 3402 dicendum
3337 3364 3560 3403 succur-

1979 3442 2072 3496 rit.
2101 3441 2238 3508 Quid
2273 3456 2400 3494 vcro
2433 3440 2600 3494 illud?
2645 3440 2840 3494 Eorum
2875 3441 3045 3510 pietas
3078 3457 3184 3494 non
3230 3441 3562 3496 iunotuisset

1977 3533 2096 3602 ejus
2125 3532 2302 3586 aetatis
2345 3532 2701 3588 hominibus:
2750 3546 2938 3587 eorum
2989 3535 3055 3586 ad
3095 3533 3263 3586 Deum
3323 3535 3564 3588 necessi-

1981 3627 2108 3679 tudo
2131 3625 2198 3679 ab
2221 3626 2467 3678 oratione
2499 3626 2817 3678 conlirmata
2837 3665 2853 3692 ,
2883 3625 3302 3694 haudquaquam
3337 3631 3560 3682 submo-

1982 3719 2152 3773 visset
2185 3719 2584 3772 contentiosum
2626 3700 2936 3771 sermonem
2987 3719 3265 3772 hominum
3305 3719 3560 3773 dubitan-

1982 3810 2141 3864 tium.
2203 3807 2357 3862 Nunc
2411 3819 2593 3862 autem
2651 3809 2703 3863 in
2749 3825 2812 3864 ea
2859 3811 3144 3865 constituti
3204 3812 3562 3880 necessitate,

1982 3903 2231 3971 protinus
2262 3903 2654 3965 ostenderunt,
2687 3910 2746 3954 ut
2783 3903 2836 3955 in
2868 3903 2990 3956 aliis
3038 3917 3252 3972 quoque
3296 3903 3564 3974 haberent

1981 3992 2434 4046 necessitudinem
2469 4006 2592 4045 cum
2627 3989 2757 4057 Deo,
2789 3993 3094 4060 publicante
3121 4003 3320 4047 eventu
3353 3994 3564 4062 perspi-

1980 4098 2102 4148 cuo,
2127 4084 2267 4150 quod
2300 4091 2419 4137 erat
2447 4083 2758 4136 obscurum.
2795 4081 3089 4152 Postquam
3117 4099 3246 4153 ergo
3272 4085 3404 4155 justi
3439 4102 3564 4141 ora-

1984 4175 2182 4228 tionem
2218 4175 2553 4238 movissent,
2591 4173 2724 4227 nihil
2758 4191 2816 4229 sc
2848 4176 2952 4229 voti
3001 4187 3280 4244 compotes
3312 4177 3426 4231 fore
3459 4178 3562 4232 du-

1981 4267 2242 4320 bitarunt.
2296 4265 2406 4322 Nec
2456 4267 2752 4337 quidquam
2802 4254 3068 4340 ejusmodi
3127 4285 3313 4324 secum
3379 4271 3566 4326 animo

1982 4365 2328 4422 statuerunt;
2363 4367 2418 4410 ut
2446 4358 2702 4410 nimirum
2754 4357 3088 4411 occultorum
3117 4362 3366 4428 cognitor
3394 4362 3560 4426 Deus,

1983 4447 2250 4518 siquidem
2311 4449 2362 4502 iu
2419 4451 2563 4503 bono
2617 4463 2894 4503 cessuram
2949 4449 3196 4506 sciviSSet
3265 4453 3561 4507 editionem

291 4554 651 4608 ἀπέκλεισεν*
698 4552 802 4605 οὐκ
847 4550 914 4605 ἂν
955 4549 1150 4620 ἀγονίᾲ
1192 4545 1284 4600 τὸν
1317 4546 1430 4616 βίον
1462 4543 1620 4615 ἡμῶν
1659 4541 1871 4596 κατεδί-

1985 4541 2174 4612 prolis,
2225 4540 2643 4610 haudquaquam
2689 4555 2875 4594 eorum
2907 4547 3115 4595 naturae
3138 4552 3284 4598 esset
3309 4545 3563 4600 occlusu-

292 4664 486 4702 κασεν.
515 4644 608 4698 Διὸ
645 4643 739 4698 ἐπὶ
775 4641 869 4696 τὸν
913 4639 1190 4712 ’Δϐραάμ,
1231 4640 1325 4692 καὶ
1352 4637 1592 4708 Σάρραν,
1621 4637 1719 4690 καὶ
1756 4637 1871 4689 Ἀν-

1981 4649 2075 4688 rus
2099 4630 2276 4699 fores;
2315 4632 2728 4700 haudquaquam
2784 4631 2852 4686 iis
2901 4635 3168 4702 angustiis
3213 4651 3400 4690 eorum
3451 4639 3567 4691 ad-

291 4756 392 4794 ναν
415 4737 682 4810 ἀλλήλους
706 4735 948 4806 καθορᾷν
971 4732 1422 4804 παρεκελεύοντο,
1450 4731 1544 4784 καὶ
1575 4731 1694 4798 μετ’
1726 4727 1871 4781 ὲκεί-

1981 4725 2221 4780 dicturus
2257 4723 2444 4777 vitam.
2497 4724 2859 4790 Quamobrem
2889 4739 3009 4779 sese
3052 4735 3239 4781 mutuo
3269 4729 3563 4784 hortaban-

290 4847 400 4884 νων
426 4827 526 4899 τὴν
549 4827 650 4896 τῆς
683 4825 854 4896 εὐχῆς
880 4823 1293 4894 ἀπολαμϐάνειν
1323 4820 1685 4892 παρώτρυνον
1715 4817 1871 4890 ἐκϐα-

1983 4823 2090 4881 tur,
2123 4823 2182 4870 ut
2211 4815 2263 4870 in
2289 4816 2588 4880 Abraham,
2629 4814 2953 4886 Saramque,
2991 4826 3045 4872 et
3075 4821 3286 4875 Annam
3321 4824 3561 4892 reSpica-

295 4937 404 4976 σιν.
435 4939 454 4972 ι
481 4918 662 4974 Καλὸν
682 4914 778 4972 οὖν
811 4917 946 4988 ἡμῖν
967 4909 1136 4980 οῦτοι,
1159 4913 1295 4984 φησὶ
1314 4953 1329 4978 ,
1354 4910 1713 4982 παράδειγμα
1743 4907 1882 4980 πρό-

293 5029 538 5080 κεινται,
596 5013 646 5065 εί
688 5010 1030 5073 ἀδιστᾶκτως
1069 5010 1166 5079 τὴν
1212 5005 1399 5077 δέησιν
1441 5001 1878 5076 προϐαλοίμεθα.

295 5107 478 5161 Καλὸν
505 5107 806 5176 τεκμήριον
828 5105 861 5173 ἡ
886 5103 986 5172 τῆς
1013 5101 1227 5172 Σάρρας
1263 5097 1551 5170 στείρωσις
1576 5097 1656 5159 είς
1680 5094 1882 5149 ἁπαλό-

296 5215 438 5268 τητα
503 5194 926 5268 μεταϐληθεῖσα.
985 5193 1163 5246 Καλὸν
1234 5193 1462 5261 σημεῖον
1513 5191 1547 5260 ἠ
1596 5187 1672 5260 τῷ
1730 5189 1879 5260 γήρᾳ

337 5290 673 5361 καμφθεῖσα,
696 5290 776 5352 εἰς
799 5285 1157 5358 ἀκμαζόντων
1189 5283 1365 5356 μελῶν
1391 5283 1674 5355 ἐνέργειαν
1706 5298 1876 5352 μετα-

264 5384 648 5438 σκευασθείσα.
671 5380 968 5452 Βλέψωμεν
989 5380 1068 5442 εἰς
1102 5379 1305 5431 ’Ἄνναν
1323 5377 1423 5446 τὴν
1456 5374 1696 5430 Ἐλκανᾶ
1717 5373 1798 5446 [Μ
1806 5373 1888 5428 ale

299 5475 469 5532 Allat.
495 5478 555 5532 ὲν
585 5472 786 5546 Κανᾷ]
808 5513 825 5539 ,
853 5473 916 5526 τὸ
950 5473 1063 5526 ἴσον
1098 5472 1230 5542 ἡμῖν
1255 5469 1426 5534 πάθος
1454 5469 1520 5523 δι’
1552 5469 1719 5540 εὐχῆς
1746 5469 1884 5522 ἀπο-

301 5567 561 5641 θεμένην.
599 5566 880 5638 Μάθωμεν
913 5564 1085 5634 αὐτῆς
1121 5563 1180 5615 τὸ
1228 5563 1324 5632 τῆς
1357 5561 1596 5631 δεήσεως
1625 5560 1885 5630 ἔμμονον,

300 5661 400 5716 καὶ
437 5662 506 5714 τὸ
551 5659 650 5730 τῆς
687 5657 930 5720 διανοίας
987 5655 1253 5726 ἔμπυρον.
1309 5654 1532 5724 Γνῶμεν
1588 5655 1736 5718 ὅπως
1793 5655 1888 5708 καὶ

369 5812 414 5846 ³⁸
463 5815 600 5873 Gen.
643 5829 777 5882 nu,
843 5813 930 5868 l7.

1984 4915 2137 4975 rent;
2169 4923 2356 4978 seque,
2383 4920 2442 4964 ut
2461 4926 2583 4964 cum
2609 4909 2714 4966 illis
2741 4911 3004 4964 orationis
3035 4927 3286 4968 eventum
3314 4917 3562 4984 accipere

1992 5012 2354 5068 mererentur,
2399 5005 2787 5072 provocabant.
2822 5021 2842 5055 ι
2882 5003 3204 5059 Pneclarum
3233 5005 3434 5074 itaque,
3482 5009 3566 5060 in-

1989 5096 2138 5166 quit,
2187 5096 2342 5150 nobis
2374 5094 2447 5149 illi
2485 5096 2796 5164 exemplum
2833 5097 3096 5166 prOpOSiti
3147 5108 3302 5162 sunt,
3339 5108 3401 5152 ut
3429 5100 3564 5155 nihil

1987 5185 2300 5241 haesitantes
2331 5186 2630 5241 orationem
2667 5201 2999 5254 promamus.
3040 5206 3060 5238 ι
3092 5186 3341 5242 Prmclari
3397 5205 3565 5262 argu-

1988 5279 2154 5334 menti
2187 5279 2306 5334 loco
2335 5291 2420 5338 est
2462 5278 2608 5334 Sara:
2632 5280 2892 5334 sterilitas
2931 5282 2981 5334 in
3009 5281 3286 5336 mollitiem
3334 5295 3564 5338 mutata.

1985 5369 2312 5426 Praeclarum
2339 5373 2578 5442 signum,
2607 5361 2829 5427 incurva
2858 5372 2946 5426 illa
2972 5373 3146 5439 senio,
3177 5375 3228 5426 iu
3253 5384 3564 5444 vegetorum

1986 5465 2356 5520 membrorum
2417 5463 2786 5536 operationem
2830 5480 3118 5520 conversa.
3183 5464 3564 5536 Respiciamus

1987 5559 2040 5614 in
2070 5573 2188 5613 eam
2237 5559 2448 5614 [Sicanae
2499 5559 2742 5622 Annam,
2789 5558 2968 5615 simile
3017 5558 3173 5635 nobis
3228 5559 3417 5614 vitium
3471 5573 3565 5627 per

1988 5665 2176 5723 preces
2222 5650 2600 5720 depellentem.
2635 5648 2920 5707 Discamus
2955 5654 3072 5721 ejus
3115 5652 3382 5709 orationis
3431 5666 3564 5709 cono
