4060 6424
572 370 708 439 1-111

1707 371 2029 435 GEORGII
2068 369 2671 434 NICOMEDIENSIS

3709 374 3824 444 1112

568 486 849 552 stantiam,
898 497 962 542 ac
994 486 1162 540 animi
1197 485 1488 542 fervorem.
1530 484 1853 541 Noverimus
1894 497 2152 556 ntqnan-

2262 483 2381 554 μεθ’
2414 483 2575 555 ἡμῶν
2597 482 3001 556 ἐγκαλουμένη,
3028 484 3129 539 οὒκ
3153 483 3390 539 ἐνεδίδου
3412 489 3822 561 προσευχομένη.

568 594 733 655 quam
782 579 972 637 eadem
1021 578 1305 632 nobiscum
1346 578 1556 634 ratione
1589 578 1640 632 in
1683 579 1889 634 crimen
1924 586 2150 643 vocata,

570 672 712 725 haud
740 678 919 723 tamen
952 669 1019 723 ab
1048 670 1293 725 oratione
1337 670 1629 726 destiterit.
1663 669 1813 725 Hanc
1845 684 1943 725 nos
1973 669 2154 724 imite-

568 778 708 818 mur.
766 762 899 831 Ejus
939 777 1076 831 pone
1116 762 1340 832 vesngia
1390 750 1544 830 sequi
1601 762 1937 815 studeamns.
1997 753 2153 814 Ducit

562 855 683 910 haec
713 855 779 907 ad
812 856 1133 922 petitionem
1158 870 1337 909 rerum
1361 862 1734 922 speratarum;
1764 854 2153 922 petitionisque

570 948 1033 1013 COItSCt'UliOIIGI“,
1073 961 1138 1000 ex
1174 947 1239 1001 iis
1266 961 1386 1013 quae
1411 957 1493 1001 est
1527 955 1771 1015 operata,
1799 945 2081 1015 promittit.
2124 963 2145 997 ι

562 1036 683 1092 Hoc
735 1041 919 1107 itaque
959 1038 1092 1107 justi
1139 1038 1427 1094 consilium
1479 1040 1531 1091 in
1586 1053 1725 1107 opus
1775 1037 2149 1102 deduxerunt,

566 1129 825 1198 quocirca
875 1130 999 1183 inde
1045 1129 1190 1182 hunc
1219 1130 1298 1183 eis
1351 1128 1569 1187 modum
1601 1129 1992 1184 accinebantur
2025 1143 2163 1198 υτον

560 1220 797 1275 cationis
825 1221 987 1274 verba
1023 1238 1035 1273 :
1078 1239 1099 1272 ι
1133 1220 1235 1286 Τιι,
1269 1219 1478 1288 inquit,
1512 1219 1768 1282 Domine,
1796 1219 1886 1287 qui
1912 1217 2153 1273 Patriaro

564 1313 685 1366 clue
730 1312 1025 1380 promisisti
1090 1310 1205 1364 fore
1273 1320 1332 1364 ut
1388 1325 1551 1379 super
1632 1324 1918 1364 numerum
1974 1324 2153 1363 arente

568 1400 734 1453 maris
772 1399 889 1464 ejus
937 1400 1326 1468 tnultiplicares
1378 1415 1593 1467 semen,
1629 1400 2046 1470 haudquaquam
2098 1399 2150 1454 id

568 1491 887 1561 multiplicis
940 1493 1106 1562 prolis
1158 1492 1394 1546 editione
1425 1491 1626 1555 fecisti,
1668 1492 1767 1546 sed
1801 1491 1962 1545 unius
1990 1502 2110 1545 ortu
2135 1533 2148 1558 ,

569 1584 987 1653 promissionem
1030 1583 1282 1654 implesti.
1320 1582 1398 1637 Tu
1431 1582 1754 1653 promissam
1789 1591 2015 1646 terram,
2042 1598 2150 1637 non

568 1691 632 1730 ex
684 1677 900 1739 multis,
949 1677 1040 1731 sed
1074 1691 1139 1729 ex
1170 1690 1276 1731 uno
1319 1676 1503 1730 hocin
1552 1676 1925 1731 haereditatem
1961 1676 2151 1730 disui-

570 1768 757 1822 buisti.
787 1768 864 1821 Tu
893 1767 1043 1822 Sara:
1076 1768 1542 1834 infecunditatem,
1571 1768 1625 1822 in
1660 1769 1825 1838 prolis
1848 1768 2149 1823 fecundita-

2260 575 2479 647 Ταύτην
2513 578 2678 647 ἡμεῖς
2714 575 3111 647 μιμησώμεθα.
3162 576 3383 647 Ταύτης
3416 578 3649 633 κατόπιν
3692 579 3824 651 βαδί-

2214 724 2219 729 ,
2261 665 2374 731 ζειν
2404 666 2778 737 ἐπειγώμεθα.
2832 665 2981 739 Αὕτη
3019 671 3354 740 χειραγωγεῖ
3386 669 3522 753 πρὸς
3558 670 3667 726 τῶν
3695 672 3829 727 ἐλπι-

2260 755 2506 826 ζομένων
2557 756 2657 828 τὴν
2702 756 2942 829 αἴτησιν,
2994 759 3093 812 καὶ
3146 759 3245 827 τὴν
3294 759 3598 830 ἐπιτυχίαν,
3647 759 3715 815 δι’
3762 756 3829 817 ὧν

2261 849 2586 919 ἐνήργησεν,
2633 849 3056 918 ἐπαγγέλλεται.
3110 868 3130 902 ι
3160 849 3380 920 Ταύτην
3407 851 3699 923 τοιγαροῦν
3743 854 3830 926 τὴν

2262 940 2575 1010 συμϐουλὴν
2612 941 2662 993 oi
2704 941 2904 994 δίκαιοι
2946 942 3027 1005 είς
3070 941 3233 1011 ἔργον
3273 941 3600 1012 ἐξήνεγκαν,
3649 944 3729 998 διὸ
3769 948 3829 1001 τά

2258 1032 2357 1102 τῆς
2381 1033 2547 1103 εὐχῆς
2575 1033 2830 1087 ἐντεῦθεν
2852 1033 3399 1106 αὐτοῖς’κατεπῄδετο
3422 1036 3667 1107 ῥήματα.
3700 1056 3718 1089 ι
3748 1039 3829 1103 Σὺ,

2261 1124 2416 1194 φησι,
2461 1124 2661 1195 Κύριε,
2707 1125 2786 1196 τῷ
2818 1128 3139 1199 πατριάρχῃ
3173 1126 3672 1198 ἐπαγγειλάμενος,
3704 1129 3828 1201 ὑπὲρ

2259 1212 2496 1283 ἀριθμὸν
2518 1212 2749 1284 ψάμμου
2774 1214 3054 1287 θαλάσσης
3085 1217 3185 1287 τὴν
3211 1218 3307 1269 τοῦ
3342 1218 3664 1289 σπέρματος
3683 1219 3829 1274 αὑτοῦ

2260 1303 2556 1374 πληθύνειν
2584 1305 2847 1372 ἐπίδοσιν,
2882 1308 2983 1361 οὐκ
3015 1308 3080 1360 ἐκ
3118 1309 3478 1374 πολυτεκνίας
3510 1312 3671 1366 τοῦτο
3695 1314 3832 1385 svsp-

2258 1397 2435 1465 γήσας
2468 1394 2636 1467 [Μαι.
2674 1397 3009 1470 ἐνήργησας]
3032 1441 3046 1464 ,
3081 1399 3197 1453 ἀλλ’
3221 1402 3288 1453 ἐκ
3322 1402 3419 1471 τῆς
3438 1401 3536 1456 τοῦ
3562 1403 3683 1467 ἐνὸς
3708 1421 3831 1475 προ-

2258 1486 2405 1549 όδου,
2439 1486 2536 1557 τὴν
2561 1487 2860 1557 ὑπόσχεσιν
2886 1488 3208 1554 ἐξετέλεσας
3228 1506 3244 1522 ο
3284 1491 3352 1545 σὺ
3389 1491 3489 1563 τὴν
3517 1494 3835 1564 κατάσχεσιν

2257 1582 2356 1649 τῆς
2377 1578 2501 1648 γῆς,
2521 1579 2624 1633 οὐκ
2652 1581 2715 1632 ἐκ
2743 1579 3029 1642 πλειόνων,
3056 1580 3194 1637 ἀλλὰ
3220 1583 3316 1637 τοῦ
3340 1584 3458 1648 ἐνὸς
3479 1585 3675 1641 τούτου
3692 1588 3836 1660 ἐκλη-

2259 1669 2580 1741 ροδότησας.
2616 1670 2690 1725 Σὺ
2725 1670 2825 1741 τὴν
2852 1672 3076 1739 ἀγονίαν
3102 1673 3201 1743 τῆς
3233 1674 3450 1746 Σάρρας
3479 1678 3563 1740 είς
3590 1694 3832 1746 τεκνογο-

2258 1761 2375 1814 νίαν
2407 1760 2725 1830 μετέϐαλες.
2755 1763 2828 1816 Συ
2859 1764 2928 1818 τὰ
2958 1766 3268 1836 παρειμένα
3293 1767 3504 1839 ταύτης
3522 1769 3688 1842 μέλη,
3715 1771 3836 1841 πρὸς

570 1868 673 1915 tem
704 1860 935 1912 vertisti.
975 1858 1053 1912 Tn
1082 1860 1201 1929 ejus
1228 1860 1454 1913 remissa
1486 1861 1752 1926 membra,
1778 1870 1837 1914 ut
1867 1871 1955 1915 tuo
1978 1861 2152 1916 inser-

2257 1853 2357 1923 τὴν
2392 1852 2491 1924 σὴν
2522 1853 2743 1925 ἐντολὴν
2774 1856 3129 1929 ὑπουργῆσαι
3154 1858 3469 1931 ἐνίσχυσας.
3503 1863 3579 1916 Σὺ
3605 1863 3704 1936 τὴν
3723 1865 3837 1918 ἀπι-

568 1954 744 2007 virent
774 1961 1064 2022 praecepto,
1123 1952 1413 2007 roborasti.
1448 1952 1525 2005 Tu
1563 1953 1681 2022 ejus
1722 1954 2152 2008 incredulitatem

566 2046 623 2100 in
669 2045 828 2098 fidem
886 2044 1270 2104 contmntasti,
1333 2034 1495 2111 inque
1540 2045 1675 2098 nihil
1721 2046 2152 2100 harsitahumhm

566 2145 836 2200 mentem,
882 2134 1185 2189 haesitantis
1229 2133 1394 2187 animi
1433 2143 1611 2187 motus
1656 2134 1851 2189 cedere
1891 2134 2147 2190 effecisti.

566 2226 685 2282 Non
713 2228 974 2289 ridemus,
999 2226 1182 2291 utilia,
1203 2224 1379 2281 sed'ut
1410 2229 1589 2291 Anna,
1614 2226 2011 2296 supplicamus.
2036 2226 2151 2282 Non

565 2319 737 2371 dubio
765 2316 950 2369 animo
979 2331 1166 2370 sumus
1198 2315 1248 2369 in
1274 2315 1556 2381 oratione;
1586 2316 1680 2370 sed
1711 2331 1900 2371 sumus
1925 2327 2073 2370 certa
2100 2318 2151 2370 iu

562 2417 817 2462 eventum
856 2405 977 2458 fide.
1007 2405 1087 2458 Tu
1133 2404 1377 2473 patribus
1422 2405 1624 2459 nostris
1663 2404 1928 2459 mirabilia
1960 2420 2154 2474 opera-

568 2506 659 2549 tus
684 2509 762 2549 es.
793 2494 873 2549 'l'u
907 2491 1075 2549 Jacob
1101 2494 1423 2553 benedixisti
1445 2532 1459 2557 ,
1492 2509 1797 2561 nomenque
1838 2495 1887 2549 ei
1931 2494 2153 2551 lsraelis

568 2588 862 2653 indidisti,
935 2601 1045 2656 quo
1098 2586 1214 2652 ejus
1267 2586 1393 2641 inde
1450 2586 1617 2640 animi
1683 2588 2151 2657 perspicacitatem

562 2680 849 2734 innueres.
884 2682 1011 2748 Ejus
1035 2689 1088 2733 tu
1112 2680 1304 2734 semini
1334 2680 1726 2747 profectionem
1752 2681 1805 2734 in
1833 2679 2152 2752 Egyptum,

565 2771 912 2841 salutemque
949 2771 1256 2840 providiSti.
1290 2770 1405 2825 Non
1446 2771 1743 2839 permisisti
1777 2783 1833 2826 nt
1867 2769 2150 2842 Egyptia-

565 2879 689 2917 rum
730 2862 1026 2917 crudelitas
1061 2862 1315 2933 populum
1366 2874 1514 2917 tuum
1549 2865 1901 2932 deprimeret.
1939 2864 2019 2919 Tu
2069 2864 2154 2919 in-

565 2954 866 3009 tolerandis
892 2953 1059 3024 plagis
1083 2955 1390 3014 incredulos
1422 2956 1735 3026 castigasti,
1769 2967 1827 3011 ut
1848 2967 1901 3011 et
1930 2968 2018 3010 tua
2057 2957 2153 3011 be-

568 3045 808 3113 nignitas
829 3055 1033 3113 ρςιιεεοι
1051 3055 1154 3109 ret,
1190 3060 1486 3114 eorumque
1509 3046 1737 3101 durities
1759 3046 2151 3102 declararetur.

567 3135 649 3191 Tu
689 3153 883 3190 novum
931 3138 982 3191 in
1025 3138 1161 3191 mari
1195 3138 1297 3192 iter
1329 3137 1602 3193 invenisti.
1640 3137 1717 3193 Tu
1752 3139 2148 3194 elementorum
2190 3184 2195 3191 .

2178 3197 2225 3255 C

566 3232 796 3286 virtutes
830 3231 1118 3286 inuovasti.
1157 3229 1237 3283 Tu
1274 3241 1525 3286 naturam
1573 3231 1774 3285 ﬂuxam
1801 3270 1817 3298 ,
1850 3232 1905 3287 in
1952 3232 2145 3288 duram

565 3324 801 3394 speciem
828 3324 1167 3389 ronvertisti,
1205 3325 1570 3395 populumque
1602 3335 1753 3379 tuum
1787 3325 1950 3381 siccis
1980 3325 2152 3380 vesti-

561 3416 670 3486 giis
726 3417 1033 3470 traduxisti.
1090 3417 1170 3470 Tu
1230 3420 1450 3472 uberem
1509 3431 1689 3473 escam
1745 3416 1795 3472 ei
1844 3418 1896 3471 in
1939 3418 2156 3473 deserto

564 3508 775 3577 pluisti,
804 3509 1244 3579 esurientemqne
1269 3511 1333 3562 ad
1368 3524 1541 3578 usque
1569 3511 1913 3564 saturitatem
1946 3510 2151 3565 aluisti.

569 3601 651 3657 Tu
695 3603 888 3657 duram
926 3615 1137 3674 petram
1187 3620 1381 3675 aquam
1416 3604 1686 3660 scaturire
1737 3604 1936 3670 fecisti,
1982 3620 2048 3662 ac
2080 3606 2156 3661 si-

570 3697 793 3751 tientem
826 3697 1078 3766 populum
1111 3698 1330 3765 potasti.
1364 3697 1444 3750 Ad
1474 3712 1595 3752 eam
1628 3712 1726 3751 nos
1761 3697 2110 3766 respicientes
2136 3737 2151 3763 ,

572 3790 990 3859 haudquaquam
1033 3789 1307 3843 dubietate
1353 3804 1541 3860 preces
1592 3790 2014 3860 supprimimus,
2060 3794 2154 3846 sed

568 3881 739 3935 animi
793 3883 1109 3937 sinceritate
1174 3898 1320 3951 spem
1372 3872 1727 3937 intendimus.
1776 3881 1931 3937 Tune
1984 3884 2151 3948 enim,

568 3973 837 4039 Domine,
861 3973 927 4027 iis
978 3971 1337 4040 producendis
1377 3971 1597 4038 ellicax,
1633 3988 1751 4041 quae
1786 3973 2011 4041 produci
2060 3988 2156 4027 ne-

566 4066 820 4132 quihanl,
873 4063 926 4115 in
980 4061 1044 4117 iis
1096 4076 1217 4130 quae
1245 4061 1496 4116 humanae
1530 4071 1659 4116 sunt
1692 4061 1967 4117 facultatis
1994 4064 2150 4133 juxta

571 4153 949 4227 primigeniam
997 4153 1263 4207 rationem
1286 4191 1301 4218 ,
1335 4167 1434 4223 pro
1484 4163 1573 4207 tua
1610 4152 1900 4209 clementia
1937 4155 2154 4225 adjutor

568 4262 679 4300 non
727 4245 876 4300 eris?
925 4244 1202 4314 Siquidem
1248 4255 1360 4299 toto
1393 4244 1649 4300 distantia
1678 4260 1877 4312 genere
1912 4262 2155 4300 commn-

571 4336 735 4391 nioue
767 4336 1111 4405 temperasti;
1152 4336 1337 4406 quidni
1378 4337 1526 4391 unita
1562 4352 1659 4406 per
1692 4348 1981 4402 naturam,
2013 4338 2066 4393 in
2100 4339 2153 4393 id

563 4425 713 4496 quod
752 4428 1028 4496 proprimn
1066 4429 1288 4491 habent,
1323 4429 1593 4482 imbecilla
1641 4428 2017 4484 converteris?
2067 4428 2155 4484 Si-

566 4518 786 4588 quidem
825 4519 1128 4587 produxisti
1174 4525 1421 4572 naturam
1453 4534 1518 4573 ex
1550 4519 1718 4573 nihilo
1741 4563 1757 4586 ,
1786 4521 1973 4589 quidni
2008 4521 2148 4575 male
2183 4534 2227 4590 ι)

568 4610 856 4665 habentem
900 4618 1156 4678 tanquam
1189 4608 1451 4664 Dominus
1507 4611 1934 4666 instanraveris?
1971 4611 2146 4667 Tuum

562 4713 674 4766 est,
712 4704 960 4767 Domine,
994 4719 1132 4772 opus
1166 4704 1297 4757 illud
1332 4722 1344 4757 :
1378 4713 1522 4757 tuum
1552 4696 1786 4771 facinus,
1811 4706 1955 4773 quod
1984 4722 2148 4762 nemo

562 4796 705 4850 alius
743 4812 768 4847 a
799 4807 851 4850 te
876 4807 1133 4864 praestare
1168 4798 1353 4866 possit.
1380 4796 1624 4852 Potentia
1655 4808 1744 4851 tua
1782 4811 1868 4853 res
1898 4800 2148 4854 tnaxintaa

562 4891 815 4962 prodigio
845 4901 1151 4959 patrantur.
1187 4890 1299 4944 Tua
1321 4890 1586 4958 iussione,
1610 4889 1836 4945 ﬂumina
1867 4902 2149 4946 revertun-

564 4997 676 5049 tur,
730 4999 797 5040 ac
848 4984 901 5039 in
960 4985 1291 5039 contrarium
1348 4984 1537 5038 ﬂuunt.
1591 4983 1708 5037 Tuo
1758 4984 1840 5038 sol
1875 4995 2150 5055 prtecepto

565 5092 805 5133 cursnnr
834 5077 1062 5144 ittitibcl,
1100 5076 1456 5144 retrahitque.
1507 5074 1622 5129 Tuo
1661 5084 1792 5127 nutu
1837 5075 2149 5144 multigenaa

564 5168 847 5224 brutarum
879 5171 1235 5225 animantium
1280 5168 1490 5237 species
1518 5166 1764 5221 fecunda
1804 5168 1870 5221 ad
1920 5182 2148 5222 succes-

564 5261 775 5316 sionem
819 5270 1161 5331 permanent.
1199 5261 1541 5317 Ordinatioui
1581 5270 1683 5314 tute
1712 5260 1910 5314 cedunt
1937 5260 2142 5325 omnia,

568 5368 668 5408 nec
715 5354 1006 5423 quidquam
1061 5363 1152 5408 tuo
1201 5363 1469 5423 praerepto
1522 5350 1747 5407 resistit.
1802 5349 1884 5406 Tu
1929 5366 2145 5422 quoque

566 5449 777 5500 Annam
817 5446 961 5501 illam
1001 5446 1190 5501 eodem
1241 5447 1575 5501 laborantem
1625 5443 1878 5498 orbitatis
1930 5445 2141 5507 morbo,

567 5539 735 5593 multa
769 5541 920 5610 prole
963 5540 1198 5605 donasti,
1249 5555 1313 5593 ac
1347 5553 1466 5593 eam
1511 5551 1632 5605 qua:
1686 5534 1882 5590 multos
1911 5535 2144 5590 habebat

568 5633 792 5696 liberos,
841 5633 960 5686 sine
1008 5631 1193 5686 liberis
1240 5629 1493 5686 ell'ecisti.
1544 5627 1655 5683 Nos
1691 5643 1929 5698 quoque,
1970 5641 2006 5682 ο
2038 5625 2146 5681 Do-

566 5721 735 5786 tuine,
788 5723 986 5790 probro
1028 5721 1312 5784 efﬁcimur,
1351 5737 1456 5776 non
1496 5736 1600 5775 una
1634 5721 1898 5775 duntaxat
1946 5729 2141 5774 contu-

572 5810 776 5867 hernali
817 5812 1123 5878 proferente
1163 5812 1383 5880 femina,
1438 5815 1530 5870 sed
1564 5813 1706 5871 tribu
1739 5813 1991 5870 universa
2027 5822 2131 5867 tra-

2260 1947 2413 2000 στίαν
2462 1946 2672 2019 ταύτης
2718 1950 2801 2011 εἰς
2852 1949 3040 2003 πίστιν
3071 1953 3451 2023 μετήνεγκας,
3496 1957 3596 2009 καὶ
3626 1958 3705 2019 είς
3738 1956 3837 2011 ἀδί-

2259 2055 2492 2091 στακτον
2515 2038 2744 2109 γνώμην
2771 2041 2840 2095 τά
2862 2044 2957 2093 τοῦ
2985 2042 3279 2097 διστακτοῦ
3305 2046 3741 2114 μετεσκεύασας.
3769 2049 3833 2103 Oti

2260 2129 2540 2201 γελῶμεν,
2583 2131 2658 2196 ὡς
2696 2132 2903 2204 ἐκείνη,
2954 2135 3071 2188 ἀλλ’
3102 2136 3444 2208 ἱκετεύομεν,
3472 2138 3549 2203 ὼς
3577 2142 3615 2211 ἠ
3662 2142 3834 2194 Ἄννα.

2258 2223 2373 2278 Οὐκ
2398 2223 2820 2294 ἀμφιϐάλλομεν
2848 2228 2928 2289 είς
2957 2226 3056 2299 τὴν
3083 2228 3273 2299 δέησιν
3291 2246 3305 2260 ·
3344 2231 3484 2286 ἀλλὰ
3514 2232 3834 2304 πιστεύομεν

2256 2316 2337 2378 εἰς
2359 2315 2459 2385 τὴν
2481 2314 2728 2371 ἔκϐασιν.
2754 2317 2827 2371 Σὺ
2851 2318 2921 2372 τὰ
2942 2321 3225 2390 παράδοξα
3252 2325 3365 2387 τοῖς
3392 2326 3673 2396 πατράσιν
3693 2328 3725 2396 ἡ
3735 2326 3836 2397 μῶν

2258 2407 2590 2478 ἐνήργησας.
2633 2410 2707 2463 Σὺ
2746 2410 2837 2463 τὸν
2881 2410 3079 2465 Ἰακὼϐ
3118 2412 3449 2485 εὐλόγησας,
3487 2418 3589 2470 καὶ
3637 2417 3835 2491 Ἰσραὴλ

2260 2499 2652 2570 μετεκάλεσας,
2680 2501 2741 2554 τὸ
2762 2502 3069 2575 διορατικὺν
3098 2506 3263 2560 αὐτοῦ
3295 2506 3551 2563 ἐντεῦθεν
3604 2509 3834 2563 ύπαινιτ-

2256 2591 2506 2661 τόμενος.
2561 2592 2633 2644 Σὺ
2671 2592 2751 2663 τῷ
2788 2594 3065 2666 σπέρματι
3099 2598 3267 2651 αὐτοῦ
3305 2600 3408 2670 τὴν
3452 2603 3533 2664 εἰς
3574 2602 3834 2670 Αἴγυπτον

2256 2682 2584 2755 ὁδοιπορίαν,
2610 2685 2707 2739 καὶ
2732 2688 3068 2760 συντήρησιν
3093 2688 3478 2762 ᾠκονόμησας.
3506 2694 3586 2749 Σὺ
3620 2694 3728 2748 τῶν
3754 2694 3836 2748 A1-

2257 2779 2506 2848 γυπτίων
2531 2778 2631 2850 τὴν
2666 2781 2985 2851 μιαιφονίαν
3016 2781 3094 2852 τῷ
3125 2781 3243 2854 λαῷ
3284 2801 3377 2838 σου
3402 2782 3565 2856 [Leg.
3597 2785 3694 2840 τὸν
3723 2786 3835 2841 λαόν

2260 2870 2378 2943 σου]
2415 2871 2888 2942 κατασμικρύνειν
2932 2872 2993 2926 ού
3055 2872 3470 2944 συνεχώρησας.
3502 2876 3582 2930 Σὺ
3618 2874 3836 2946 πληγαῖς

2256 2962 2558 3032 ἀφορήτοις
2587 2963 2953 3028 ἀπειθοῦντας
2977 2962 3202 3026 τούτους
3227 2963 3515 3030 ἐκόλασας,
3552 2956 3655 3021 ἵνα
3674 2969 3764 3020 καὶ
3784 2964 3839 3017 τὸ

2259 3053 2349 3106 σὺν
2372 3052 2393 3125 [
2418 3054 2554 3108 Male
2588 3054 2752 3107 Allat.
2780 3054 2841 3106 τὸ
2865 3053 3066 3127 σοφὸν]
3103 3054 3493 3126 φιλάνθρωπον
3530 3056 3835 3128 ἀναδειχθῇ,

2258 3144 2532 3198 κάκείνων
2568 3145 2629 3198 τὸ
2657 3145 2973 3216 ἀμείλικτον
3002 3149 3319 3218 φανερωθῇ.
3348 3148 3422 3200 Σὺ
3455 3147 3621 3220 ξένην
3651 3147 3764 3202 ὁδὸν
3788 3149 3839 3200 ἐν

2260 3236 2508 3309 Θαλάσσῃ
2540 3236 2936 3307 ἐνεούργησας.
2975 3238 3048 3291 Σὺ
3092 3239 3191 3300 τὰς
3227 3239 3337 3291 τῶν
3372 3240 3664 3308 στοιχείων
3700 3241 3839 3308 ἐνερ-

2258 3330 2415 3398 γείας
2455 3330 2913 3400 ἐκαινοτόμησας.
2946 3330 3017 3384 Σὺ
3059 3330 3158 3400 τὴν
3198 3328 3374 3401 ῥοώδη
3409 3328 3615 3399 φύσιν,
3649 3332 3726 3394 είς
3759 3333 3839 3384 ἀν-

2257 3421 2486 3474 τίτυπον
2512 3421 2700 3493 σχῆμα
2730 3421 3097 3491 μετέστησας,
3126 3421 3221 3474 καὶ⁴
3246 3420 3336 3474 τὸν
3359 3420 3488 3475 λαόν
3513 3437 3614 3475 σου
3639 3420 3838 3492 ἀϐρόχνρ

2260 3514 2456 3587 πορείᾳ
2484 3513 2825 3577 διεϐίϐασας.
2851 3515 2924 3569 Σὺ
2956 3513 3054 3586 τὴν
3075 3513 3310 3584 ἄφθονον
3330 3513 3539 3587 τροφὴν
3569 3517 3631 3568 ἐν
3661 3515 3838 3588 ἐρήμῳ

2258 3603 2657 3676 ἐπώμϐρησας,
2686 3603 2784 3658 καὶ
2815 3604 3087 3659 πεινῶντα
3118 3605 3308 3659 τοῦτον
3338 3606 3419 3671 είς
3445 3607 3614 3678 κόρον
3637 3607 3838 3678 ἐξέθρε-

2256 3697 2386 3767 ψας.
2423 3696 2495 3750 Σὺ
2532 3695 2630 3767 τὴν
2663 3689 2973 3768 ἀκρότομον
3021 3697 3231 3769 πέτραν
3271 3696 3416 3772 ὕδωρ
3451 3700 3711 3770 πηγάσαι
3748 3713 3837 3752 πε-

2256 3776 2514 3857 ποίηκας,
2536 3790 2632 3843 καὶ
2652 3788 2892 3858 διψῶντα
2914 3787 3103 3842 τοῦτον
3124 3791 3406 3854 ἐπότισας.
3430 3791 3583 3863 Πρὸς
3602 3792 3672 3864 ἣν
3692 3792 3837 3862 ἡμεῖς

2256 3878 2684 3943 ἀποϐλέποντες,
2716 3880 2816 3933 οὐκ
2857 3879 3161 3951 ἀμφιϐολίᾳ
3193 3882 3260 3934 τὰ
3292 3882 3395 3954 τῆς
3440 3883 3611 3954 εὐχῆς
3684 3901 3837 3941 κατα-

2259 3966 2584 4039 στέλλομεν,
2613 3968 2728 4021 ἀλλ’
2765 3968 3092 4040 εἰλικρινείά
3132 3970 3200 4022 τὰ
3237 3969 3337 4040 τῆς
3372 3970 3596 4037 ἐλπίδος
3619 3972 3837 4026 ἐκτείνο-

2260 4076 2382 4131 μεν.
2408 4061 2483 4113 Οὐ
2505 4059 2615 4129 γὰρ
2640 4060 2725 4129 ἐφ’
2744 4054 2826 4125 οἷς
2846 4060 2948 4113 οὐκ
2974 4060 3112 4126 ἐστι,
3136 4060 3330 4132 Κύριε,
3351 4063 3635 4133 παράγειν
3657 4064 3692 4118 ἃ
3717 4080 3833 4136 προσ

2256 4149 2421 4223 ήχθη,
2449 4150 2757 4221 ἐνήργησας
2795 4148 3023 4222 [Melius
3053 4149 3416 4223 ἐνεργήσας],
3444 4154 3561 4214 τοῖς
3584 4153 3675 4223 ἐφ’
3720 4154 3833 4223 ἡμῖν

2256 4243 2533 4313 κειμένοις
2558 4243 2702 4299 κατὰ
2722 4242 2814 4296 τὸν
2846 4242 2937 4297 σδν
2962 4243 3189 4313 ἀρχικὸν
3210 4244 3356 4314 ὅρον,
3384 4245 3447 4297 οὐ
3466 4248 3829 4317 συνεργήσεις,

2257 4336 2645 4408 φιλάνθρωπε;
2716 4334 2864 4389 Εἰτά
2890 4339 3059 4390 παντὶ
3099 4328 3425 4406 διεστηκότα
3462 4337 3544 4408 τῷ
3586 4340 3736 4407 γένει
3764 4336 3833 4398 είς

2257 4429 2546 4483 κοινωνίαν
2582 4428 2886 4500 ἐκέρασας,
2918 4428 2988 4481 τά
3016 4428 3277 4498 ἡνωμένα
3306 4431 3372 4499 τῇ
3406 4428 3620 4499 φύσειδ,
3666 4424 3829 4502 [πρὸς]

2255 4521 2315 4574 τὸ
2345 4519 2476 4574 ἴδιον
2504 4521 2606 4574 οὐκ
2637 4519 2998 4591 ἀναστρέψεις
3039 4518 3517 4588 ἐξασθενήσαντα;
3550 4520 3615 4572 Ei.
3656 4524 3729 4589 μὴ
3756 4516 3832 4571 οὖν

2261 4629 2363 4666 σαν
2402 4612 2502 4683 τὴν
2533 4610 2696 4681 φύσιν
2736 4614 3084 4683 παρήγαγες,
3123 4611 3198 4681 μὴ
3233 4606 3293 4664 εὖ
3320 4611 3718 4681 διακειμένην,
3746 4610 3829 4662 οὐκ

2257 4706 2604 4777 ἀελοροώσεις,
2625 4705 2699 4767 ὡς
2721 4705 2955 4777 Κύριοςλ
2980 4705 3098 4771 Σὺν,
3120 4698 3167 4757 ὦ
3184 4705 3452 4768 Δέσποτα,
3474 4703 3641 4757 τοῦτο
3666 4702 3824 4775 ἔργον.

2258 4798 2358 4851 Σὺν
2381 4799 2442 4850 τὸ
2468 4794 2829 4866 κατόρθωμα,
2853 4796 2915 4848 τὸ
2940 4797 3108 4850 πᾶσιν
3130 4797 3434 4866 ἀμήχανον.
3459 4795 3533 4863 Σῇ
3553 4790 3824 4860 δυναστείᾳ

2257 4891 2326 4945 τά
2342 4890 2573 4960 μέγιστα
2595 4888 2704 4942 τῶν
2724 4887 3070 4960 πραγμάτων
3083 4904 3139 4939 τε
3150 4889 3554 4958 ρατουργείται.
3579 4886 3659 4956 Σῇ
3680 4897 3823 4954 προσ-

2255 4984 2409 5050 τάξει
2457 4982 2568 5037 τῶν
2599 4981 2861 5051 ποταμῶν
2901 4980 2971 5034 τὰ
2996 4980 3248 5052 ῥεύματα
3272 4981 3353 5044 εἰς
3375 4978 3689 5049 τοῦμπαλιν
3712 4978 3827 5030 dva-

2255 5076 2460 5145 τρέχει.
2501 5073 2575 5145 Σῇ
2612 5072 2859 5126 κελεύσει
2887 5075 2915 5127 ὁ
2939 5073 3091 5142 ἥλιος
3122 5072 3215 5125 τὸν
3242 5071 3446 5144 δρόμον
3475 5067 3822 5139 ἀναχαιτίζει.

2255 5170 2330 5240 Σῇ
2364 5169 2643 5222 ἐπινεύσει
2673 5168 2741 5221 τὰ
2784 5164 3040 5235 πολυειδῆ
3084 5165 3194 5217 τῶν
3229 5165 3441 5234 ἀγόνων
3476 5162 3673 5236 [Μαι.
3711 5157 3823 5213 ἀλό-

2254 5255 2403 5329 γων]
2432 5262 2563 5327 γένη
2593 5295 2610 5321 ,
2642 5258 2845 5326 γόνιμα
2884 5256 3020 5326 πρὸς
3060 5255 3307 5327 διαδοχὴν
3358 5254 3703 5325 διαμένουσι.
3754 5252 3823 5321 Τῇ

2255 5351 2321 5419 σῇ
2347 5348 2590 5414 διατάξει
2615 5349 2792 5403 πάντα
2816 5349 3058 5412 ὑπείκει,
3087 5347 3185 5401 καὶ
3214 5348 3294 5418 τῷ
3323 5346 3711 5419 προστάγματι
3741 5362 3823 5399 σου

2253 5441 2406 5494 οὐδὲν
2447 5441 2784 5496 ἀντιπίπτει.
2840 5441 2912 5494 Σὺ
2963 5441 3058 5494 καὶ
3108 5442 3207 5509 τὴν
3270 5440 3470 5493 Ἄνναν
3516 5441 3616 5510 τὴν
3664 5439 3826 5507 αὐτὴν

2251 5533 2510 5587 ἀτεκνίαν
2544 5536 2854 5603 νοσήσασαν
2894 5534 2975 5596 είς
3028 5530 3387 5585 πολυτεκνίαν
3425 5531 3825 5601 μετεποίησαέ,

2251 5626 2348 5681 καὶ
2378 5627 2479 5696 τὴν
2523 5624 2849 5679 πολύτεκνον
2901 5625 2981 5686 είς
3029 5623 3257 5677 ἄτεκνον
3307 5622 3626 5693 μετέϐαλες.
3670 5622 3825 5676 Ἔτει

2251 5721 2349 5775 καὶ
2383 5723 2513 5793 ἡμῖν
2546 5720 2852 5791 ὀνειδισμὸς
2878 5758 2893 5782 ,
2929 5713 2974 5771 ὧ
3010 5717 3284 5778 Δέσποτα.
3324 5718 3426 5771 οὐκ
3460 5719 3525 5771 ἐκ
3561 5718 3689 5789 μιᾶς
3729 5715 3824 5782 τὶς

2254 5814 2503 5866 συνοίκου
2549 5813 2808 5882 γυναικὸς
2836 5812 3228 5882 ἐκφερόμενος,
3256 5809 3392 5864 ἀλλὰ
3423 5811 3577 5884 παρὰ
3597 5812 3697 5881 τῆς
3725 5826 3823 5880 φυ-
