4060 6430
323 369 461 433 1413

1283 376 1366 437 ΙΝ
1406 377 1511 440 SS.
1551 376 1818 439 MARIJE
1854 371 2588 440 PR/ESENTATIONEM.

3436 384 3605 479 tua

320 482 420 551 λῆς
466 479 687 550 ἀπάσης
728 480 1268 554 ὲκτραγῳδούμενος.
1321 487 1394 540 Σὺ
1434 486 1660 552 δυνατὸς
1709 488 1886 541 τοῦτον

2003 483 2121 551 gice
2147 482 2426 537 illudente.
2463 483 2620 540 Potes
2644 485 2756 555 ipse
2779 484 2907 541 illud
2935 487 3170 546 auferre.
3196 488 3359 549 Vales
3390 500 3570 555 otian-

320 572 539 642 ἐξᾶραι·
569 573 634 626 σὺ
663 574 845 638 ἱκανὸς
867 575 967 644 τὴν
991 576 1093 647 τῆς
1115 579 1329 647 φύσεως
1352 580 1550 650 ἀργίαν
1578 583 1657 644 είς
1684 598 1895 651 καρπο-

323 664 521 735 φορίαν
551 660 954 738 ὲξευτρεπίσαι.
986 669 1077 722 Διὸ
1102 670 1236 741 πρὸς
1267 669 1328 723 σὲ
1367 669 1559 725 τοῦτον
1585 671 1772 735 ἁπλῶς
1808 675 1898 727 τὸν

323 755 446 809 νοῦν
484 756 879 828 ἐνστησάμενοι
898 800 913 822 ,
941 760 1039 831 οὐχ
1068 761 1270 833 ἑτέρως
1312 763 1635 835 ἐκκλίνομεν
1655 806 1668 829 ,
1705 766 1898 835 μέχρις

323 848 389 901 ἂν
414 848 523 902 τῶν
548 849 889 919 αἰτουμένων
929 852 988 905 τὸ
1020 854 1195 924 πέρας
1223 854 1554 926 κατίδοιμεν·
1590 858 1664 928 μὴ
1697 854 1896 928 βραδύ-

322 955 434 992 νειν
459 939 568 1008 γὰρ
598 940 760 1009 ἴσμεν
792 940 883 997 τὸν
912 943 970 995 ὲν
996 946 1111 1007 τοῖς
1134 944 1314 1008 ἄλλοις
1339 946 1551 1015 ταχέως
1566 948 1896 1029 προφθάντα

320 1030 420 1094 τὰς
447 1032 713 1099 αἰτήσεις.

391 1122 541 1190 Δῦτη
571 1123 681 1177 τῶν
707 1124 933 1179 δικαίων
978 1128 1013 1197 ή
1049 1126 1250 1195 δέησις,
1291 1128 1355 1183 τδ
1387 1128 1675 1202 εἰλικρινὲς
1713 1133 1895 1189 αὐτῶν

318 1213 681 1283 τεκμηριῶσα
709 1218 809 1285 τῆς
838 1216 1095 1281 πίστεως
1117 1219 1213 1272 καὶ
1237 1216 1318 1283 οἷς
1344 1220 1582 1293 ἐρρώσθη
1609 1221 1777 1295 [Μαι.
1804 1225 1897 1297 sp-

324 1302 501 1376 ρήθη]
545 1304 608 1357 τδ
654 1305 713 1358 ἐν
763 1309 876 1369 τοῖς
944 1308 1127 1372 ἀλλοις
1164 1310 1450 1383 εὐδόκιμον
1496 1315 1891 1385 προφαίνουσα,

322 1393 491 1447 Τοῦτο
517 1396 615 1464 τῆς
646 1396 788 1450 κατά
811 1398 873 1451 τὸ
905 1399 1135 1470 κρύφιον
1166 1402 1346 1456 αὐτῶν
1376 1404 1660 1470 εὐσεϐείας
1686 1408 1895 1479 προχά-

326 1502 532 1556 ραγμα.
579 1488 689 1540 Καὶ
723 1489 894 1561 γάρή
937 1490 1046 1545 τῶν
1084 1492 1258 1560 λόγων
1293 1493 1550 1563 πρόοδος,
1596 1497 1696 1568 τὴν
1729 1499 1787 1564 ἐξ
1819 1492 1894 1554 ὧν

321 1576 560 1647 προῆλθε
610 1582 956 1652 καταμηνύει
989 1583 1252 1640 διάθεσιν.
1306 1587 1368 1639 Ἀ
1402 1587 1511 1659 γὰρ
1545 1588 1690 1644 ἔνδον
1711 1592 1895 1663 κέκρύ-

317 1682 482 1718 πτετο
515 1667 589 1738 μὴ
609 1667 915 1740 δηλούμενα
954 1674 1280 1743 πράγματα,
1311 1676 1467 1730 τοῦτο
1486 1675 1636 1748 [Leg.
1659 1679 1891 1753 τούτων]

321 1755 567 1826 σύμϐολα
595 1761 962 1831 προαγόμενοι
984 1765 1033 1817 oi
1064 1764 1213 1833 λόγοι
1242 1767 1616 1822 καθίστανται⁸
1648 1772 1743 1824 καὶ
1766 1771 1891 1835 νοῦς

321 1849 419 1916 μὲν
445 1848 540 1901 τὸν
567 1827 725 1919 λάθον
755 1827 991 1922 ἐκφέρει.
1021 1827 1192 1923 Λόγος
1221 1857 1300 1923 δὲ,
1336 1858 1437 1927 τῆς
1466 1859 1647 1932 ψυχῆς
1680 1861 1749 1915 τὰ
1781 1827 1888 1917 ml
1919 1827 1963 1882 Β

316 1935 380 2007 θή
390 1954 537 2007 ματα
563 1942 946 2009 καταγγέλλει.
978 1945 1092 1998 Καὶ
1115 1946 1183 2000 τά
1214 1947 1314 2018 μὲν
1339 1949 1529 2019 ἄδηλα,
1583 1952 1715 2021 δῆλα
1758 1953 1889 2007 καθ-

318 2024 522 2096 ίστησι,
558 2028 666 2082 τῶν
700 2032 1088 2115 πραττομένων
1109 2034 1168 2088 δὲ
1203 2036 1301 2101 τὰς
1338 2040 1513 2111 ἀρχὰς
1545 2042 1884 2115 ὑποτίθησιν.

316 2113 473 2170 Οὕτω
499 2118 681 2171 τοίνυν
705 2114 813 2173 τῶν
839 2121 1066 2177 δικαίων
1093 2127 1126 2197 ή
1155 2126 1339 2198 δέησις
1368 2132 1448 2193 είς
1478 2130 1638 2201 ἔργον
1670 2113 1885 2204 ἠνύετο.

314 2205 405 2259 Διὸ
442 2211 817 2282 χρηματισμῷ
843 2212 904 2265 τὸ
928 2214 1122 2284 μέλλον
1155 2219 1576 2290 κατεμηνύοντο.
1612 2224 1675 2275 Ὢ
1701 2241 1884 2297 παρα-

311 2294 466 2363 δόξου
504 2299 822 2371 ὲπιτυχίαςί
868 2304 933 2356 Ὢ
977 2306 1144 2377 εὐχῆς
1172 2309 1297 2373 τοὺς
1334 2311 1601 2382 οὐρανοὺς
1635 2294 1889 2386 διασχού-

312 2404 436 2460 σης,
476 2391 572 2444 καὶ
612 2393 749 2463 πρὸς
777 2395 928 2465 αὐτῷ
957 2396 1036 2467 τῷ
1075 2398 1249 2470 θρόνῳ
1291 2401 1575 2473 τῆςηδόξης
1616 2422 1887 2477 προσανα-

312 2478 562 2550 πτάσηςί
620 2481 683 2532 Ὢ
722 2481 934 2552 ἀλόγων
978 2483 1165 2556 [Μαι.
1201 2486 1378 2555 λόγων
1408 2489 1557 2563 τῶν]
1600 2492 1708 2546 τῶν
1746 2494 1885 2566 ὑπὲρ

308 2571 471 2639 λόγον
489 2573 915 2643 ἀνυμνησάντων
933 2576 996 2629 τὸ
1019 2576 1276 2646 μέγεθοςι
1313 2581 1532 2653 Ἐπειδὴ
1552 2582 1609 2636 δὲ
1633 2585 1694 2637 τὸ
1716 2601 1887 2656 μηνυ-

308 2661 400 2716 θὲν
437 2664 521 2728 ὡς
545 2662 624 2729 ὃν,
661 2667 694 2736 ὴ
743 2667 928 2738 μήτηρ
968 2667 1232 2734 λαϐοῦσα,
1279 2672 1339 2725 τὸ
1364 2673 1763 2745 τεχθησόμενον
1806 2677 1886 2750 τῷ

304 2750 424 2822 Θεῷ
458 2753 752 2824 ἁφιεροῦν,
781 2756 875 2809 καὶ
901 2759 957 2810 ὲν
988 2757 1101 2826 ναῷ
1122 2760 1472 2816 ἀνατίθεσθαι
1507 2764 1848 2837 ὑπισχνεῖται
1868 2783 1881 2797 ⁶

304 2842 371 2895 Τί
403 2843 590 2909 τοῦτο,
619 2839 664 2898 ὦ
700 2846 894 2912 Ἀννα,
928 2849 1137 2918 εἴποιμι
1165 2850 1232 2904 ἂν
1264 2853 1400 2925 πρὸς
1431 2854 1669 2926 ταύτην;
1697 2858 1761 2910 Τί
1791 2856 1883 2913 τοῦ

306 2933 603 3003 μέλλοντος
632 2939 954 3009 προτρέχεις
980 2941 1077 3006 τῆς
1113 2943 1377 3014 προόδου;
1415 2944 1481 2999 Τί
1509 2949 1573 3018 τῇ
1606 2949 1886 3022 προθυμίᾳ

307 3026 649 3095 προφθὼιεις
678 3030 740 3082 τὸ
772 3033 1203 3104 κηρυττόμενον;
1246 3037 1311 3090 Τί
1349 3037 1410 3091 τὸ
1457 3039 1625 3110 μήπω
1657 3042 1886 3113 γενόμε-

309 3135 396 3171 νον
425 3119 548 3190 Θεῷ
582 3121 769 3192 φέρειν
794 3125 1205 3202 κατεπαγγέλλῃ
1229 3126 1309 3194 ὡς
1335 3131 1555 3202 ἑνχερσὶ
1590 3134 1886 3205 κατεχόμε-
1912 3156 1958 3219 c

309 3226 416 3266 νον.
448 3212 580 3267 Δέον
618 3213 711 3267 τὸν
742 3215 844 3285 τῆς
871 3217 1061 3282 ὠδῖνος
1091 3220 1282 3290 καιρὸν
1313 3220 1704 3291 ἀναμείνασαν,
1748 3225 1889 3279 οὕτω

305 3300 482 3381 δῶρον
530 3302 609 3373 τῷ
658 3303 719 3369 ἐξ
766 3308 938 3378 αὐτῆς
971 3308 1050 3381 τῷ
1077 3310 1331 3365 δεδωκότι
1353 3314 1885 3383 .προσανατίθεσθαι.

307 3391 441 3444 Δέον
479 3391 561 3460 τῷ
586 3393 681 3446 τοῦ
715 3395 913 3466 ἀδήλου
962 3400 1161 3470 πέρατι
1196 3400 1684 3476 συστοχαζομένην,
1715 3406 1791 3475 μὴ
1820 3408 1885 3477 τῇ

311 3482 659 3554 προκηρύξει
686 3485 1075 3559 διαμαρτάνειν
1120 3491 1230 3545 τῶν
1277 3492 1645 3564 ὑποσχέσεων.
1688 3495 1752 3551 ’Ὡ
1787 3497 1886 3573 τῆς

312 3572 424 3624 τῶν
452 3572 682 3627 δικαίων
703 3575 939 3642 πίστεως
964 3578 977 3631 1
1007 3579 1071 3632 Ὢ
1097 3582 1304 3653 μητρὸς
1333 3584 1710 3655 μεγαλοψύχου
1740 3572 1885 3656 γνώ-

308 3677 483 3733 ρισμα
510 3665 524 3717 l
560 3665 677 3718 Οὐκ
703 3667 1113 3739 ἀμφισϐητήσει
1141 3671 1203 3724 τὸ
1238 3672 1432 3742 μέλλον
1457 3675 1794 3748 συνέκρινεν·
1821 3676 1883 3731 οὐ

300 3753 596 3828 δισταγμῷ
625 3757 684 3811 τὶ)
710 3761 982 3831 κηρυχθέν
1012 3761 1431 3839 [ἀνεϐάλλετο]·
1462 3769 1524 3822 οὐ
1554 3770 1653 3841 τὴν
1684 3770 1885 3841 ἑαυτῆς

302 3846 606 3916 κατενόησε
660 3847 852 3920 μέχρις
899 3851 1108 3906 ἐκείνου
1153 3854 1526 3928 ἀνεπιτήδειον
1580 3859 1770 3928 φύσιν·
1820 3859 1881 3913 οὐ

298 3934 599 4009 δυσχερείᾳ
639 3939 735 3993 τοῦ
764 3942 1065 4013 ἀσυνήθους
1104 3945 1238 4016 πρὸς
1267 3947 1577 4018 ἀντιλογίαν
1607 3951 1843 4023 κατέστη
1864 3965 1879 3982 ⁸

297 4029 359 4081 οὐ
390 4029 470 4100 τῷ
503 4030 585 4101 μὴ
612 4030 820 4103 δυνατῷ
845 4033 1054 4107 ἀγωνίᾳ
1075 4035 1174 4107 τὴν
1191 4036 1368 4108 ψυχὴν
1390 4040 1737 4109 περιέϐαλεν.
1768 4041 1882 4095 Οὐκ

294 4119 585 4190 ἠπόρησεν
622 4121 682 4174 ἑν
727 4123 892 4194 ἑαυτῇ
936 4124 1289 4199 λογιζομένη,
1319 4127 1395 4192 ὡς
1439 4129 1598 4182 εἴωθε
1636 4133 1749 4193 τοῖς
1784 4131 1879 4187 ἄλ·-

293 4207 447 4278 λοις;
483 4205 640 4280 Ἀρα
671 4210 749 4283 μὴ
784 4213 865 4276 είς
893 4214 1110 4284 ἀπάτην
1137 4216 1205 4270 τά
1236 4215 1331 4269 τοῦ
1372 4217 1621 4288 χρησμοῦ
1666 4219 1876 4290 ἀποϐή-

2009 582 2114 625 tem
2149 583 2397 626 naturam
2434 575 2485 628 in
2517 575 2801 631 fecundam
2835 579 3093 634 mutando
3134 592 3339 650 aptare.
3373 584 3576 652 Quam.

2000 664 2187 718 obrcm
2213 666 2599 730 eamomnino,
2644 676 2695 722 te
2726 682 2905 722 coram
2935 680 3167 725 mentem
3192 689 3571 747 proponentes,

2001 769 2108 809 non
2150 757 2307 809 aliter
2337 757 2702 825 deﬂectimus,
2745 761 2917 816 donec
2945 765 3261 831 petitionum
3292 770 3452 824 tinem
3496 761 3575 825 vi-

1997 844 2244 902 deamus.
2285 849 2501 904 Scimus
2545 851 2691 905 enim
2749 851 2864 907 fore
2899 862 2958 908 ut
2993 869 3099 910 non
3132 858 3335 925 tardes,
3381 863 3471 931 qui
3517 863 3571 917 in

2000 937 2120 994 aliis
2154 941 2262 994 cito
2287 941 2560 996 orationes
2590 958 2845 1013 occupes.
2879 963 2899 997 ι

2069 1126 2196 1183 Haec
2221 1127 2485 1196 iustorum
2514 1131 2707 1195 oratio,
2740 1132 3004 1187 sinceram
3037 1149 3222 1189 eorum
3256 1136 3412 1192 [idem
3444 1153 3571 1208 per.

1998 1220 2186 1288 spicue
2229 1221 2504 1285 iudicans,
2539 1236 2755 1291 quaque
2789 1225 3044 1278 exaudita
3076 1224 3197 1290 fuit,
3228 1228 3481 1295 probatos
3516 1231 3570 1285 in

1997 1309 2119 1364 aliis
2165 1326 2342 1365 mores
2384 1311 2688 1367 declarans.
2742 1314 2866 1367 Haec
2903 1315 3140 1382 pietatis,
3175 1333 3334 1385 quam
3373 1320 3426 1373 itt
3474 1337 3569 1376 occ

1997 1396 2142 1451 culto
2186 1397 2471 1465 colebant,
2521 1402 2764 1468 quaedam
2811 1403 2957 1456 velut
2999 1405 3320 1473 designatio.
3366 1409 3571 1478 Quippe

1998 1484 2130 1541 foris
2157 1487 2471 1556 deprompta
2511 1491 2706 1556 verba,
2755 1492 3185 1560 depromentium
3228 1495 3568 1554 affectionem

1996 1578 2322 1649 signiﬁcant.
2363 1578 2494 1646 Quae
2525 1582 2671 1635 enim
2709 1582 2851 1636 intus
2884 1584 3095 1637 occulta
3140 1588 3478 1654 tegebantur,
3509 1605 3569 1643 ea

1996 1672 2281 1727 verborum
2316 1673 2578 1743 symbolis
2600 1674 2651 1728 in
2680 1674 2855 1743 palam
2886 1686 3115 1746 aguntur
3141 1696 3155 1733 :
3183 1694 3247 1733 ac
3274 1695 3426 1735 mens
3454 1682 3570 1749 qui-

1995 1764 2115 1817 dem
2151 1781 2454 1820 sermonem
2488 1765 2672 1833 elfert;
2728 1782 2909 1822 sermo
2957 1781 3137 1824 autem
3196 1750 3362 1827 animi
3404 1772 3569 1829 aﬂ‘ec-

1994 1855 2199 1910 tionum
2249 1857 2471 1912 nuntius
2532 1858 2767 1924 exsistit,
2805 1874 2869 1913 ac
2897 1874 2958 1913 ea
2994 1875 3114 1928 qua:
3150 1862 3382 1918 obscura
3413 1874 3585 1938 erant

1991 1946 2275 2017 perspicua
2306 1947 2453 2013 facit,
2484 1949 2868 2020 actionumque
2892 1952 3154 2022 principia
3186 1957 3443 2011 ostendit.
3477 1958 3569 2015 Sic

1990 2050 2118 2105 ergo
2143 2036 2421 2106 justorum
2447 2039 2622 2094 oratio
2653 2055 2818 2109 opere
2861 2043 3235 2111 complebatur
3263 2063 3276 2100 :
3312 2048 3566 2116 quocirca

1990 2124 2228 2181 futurum
2269 2128 2349 2201 rei
2380 2137 2630 2183 eventum
2678 2130 2898 2187 oraculo
2940 2133 3229 2190 docentur.
3269 2137 3313 2192 0
3347 2140 3568 2195 mirabi-

1991 2214 2095 2269 lem
2125 2215 2499 2285 adeptioneml
2538 2217 2582 2272 Ο
2629 2222 2992 2289 precationem
3035 2225 3204 2281 cmlos
3246 2242 3566 2298 supergres-

1992 2320 2134 2372 sam,
2163 2322 2392 2377 quaeque
2421 2309 2485 2363 ad
2518 2310 2691 2378 ipsum
2736 2314 2988 2367 thronum
3018 2316 3202 2384 gloriae
3227 2319 3490 2376 evolavit!
3521 2322 3565 2377 0

1991 2412 2293 2461 sermones,
2346 2399 2542 2467 quibus
2592 2416 2782 2457 eorum
2833 2403 3048 2459 laudata
3102 2418 3184 2462 est
3231 2413 3563 2479 magnitudo,

1990 2501 2112 2556 qua:
2158 2497 2284 2542 sunt
2313 2489 2522 2559 majora
2571 2494 3031 2560 sermonelQuod
3073 2513 3203 2553 vero
3248 2500 3440 2557 futurae
3487 2507 3565 2560 rei

1992 2579 2275 2642 nuntium,
2331 2589 2588 2650 tauquam
2625 2583 2735 2653 jam
2790 2596 2968 2651 esset,
3017 2600 3191 2644 mater
3243 2594 3563 2662 accepisset,

1991 2672 2322 2729 nascituram
2355 2674 2559 2742 prolem
2586 2674 2695 2731 Deo
2724 2691 2783 2732 se
2806 2691 3270 2749 consecraturam,
3313 2693 3476 2752 atque
3509 2687 3563 2743 in

1993 2764 2193 2832 templo
2225 2764 2531 2821 oblaturam
2585 2768 2890 2838 pollicetur.
2932 2771 3070 2837 Quid
3126 2775 3251 2840 hoc,
3299 2791 3333 2831 ο
3384 2780 3561 2846 Anna,

1988 2853 2218 2908 dixerim
2252 2855 2319 2910 ad
2351 2856 2513 2911 eam?
2545 2854 2611 2912 Ut
2642 2859 2770 2926 quid
2799 2858 2995 2917 futura:
3021 2864 3094 2917 rei
3120 2869 3395 2933 processui
3429 2884 3566 2938 prm-

1986 2946 2198 3001 curris?
2249 2946 2520 3013 Quorsum
2570 2951 2855 3005 alacritate
2913 2955 3078 3009 animi
3134 2959 3275 3026 quod
3330 2961 3566 3016 edicitur

1990 3037 2291 3105 praevenis?
2330 3037 2697 3105 Quamobrem
2744 3042 2889 3111 quod
2945 3045 3177 3101 necdum
3229 3061 3409 3105 ortum
3446 3064 3561 3119 est,

1988 3126 2182 3183 otIerre
2207 3130 2316 3184 Deo
2336 3132 2630 3199 promittis,
2661 3142 2915 3205 tauquam
2938 3135 2991 3190 iu
3020 3140 3267 3193 manibus
3298 3143 3563 3198 haberes?

1990 3216 2099 3273 Par
2126 3231 2245 3274 erat
2276 3232 2337 3276 ut
2382 3233 2694 3292 exspectato
2743 3238 2931 3296 partus
2981 3237 3221 3298 tempore
3251 3233 3327 3286 sic
3366 3250 3564 3291 munus

1990 3310 2136 3377 quod
2169 3320 2317 3366 esset
2357 3312 2592 3382 editura,
2630 3317 2801 3371 datori
2843 3317 3083 3374 offerret.
3117 3319 3219 3375 Par
3245 3334 3362 3377 erat
3390 3334 3447 3378 ut
3476 3326 3562 3379 in-

1989 3404 2126 3457 certi
2171 3415 2401 3461 eventus
2444 3407 2605 3463 ﬁnem
2646 3410 2979 3478 observans,
3015 3415 3425 3488 haudquaquam
3464 3436 3564 3480 yo-

1996 3506 2130 3557 vens
2180 3494 2444 3551 violandae
2478 3501 2859 3568 promissionis
2886 3505 3181 3572 periculum
3235 3509 3557 3566 incurreret.

1985 3582 2032 3639 Ο
2060 3582 2331 3653 iustorum
2363 3590 2555 3646 ﬁdem!
2591 3591 2636 3648 Ο
2662 3596 3019 3661 magnanimae
3046 3599 3239 3655 Matris
3271 3602 3557 3661 indicium!

1984 3674 2141 3730 Nulla
2171 3676 2451 3734 dubietate
2490 3680 2729 3739 futurum
2760 3689 3131 3756 comparavit,
3165 3692 3418 3763 nullaque
3454 3697 3561 3751 lia:-

1985 3766 2244 3823 sitatione
2289 3773 2428 3840 quod
2474 3783 2591 3829 erat
2638 3777 2944 3831 nuntiatum
2998 3780 3113 3835 fore
3147 3783 3375 3839 distulit.
3416 3786 3559 3842 Nihil

1984 3856 2221 3927 ineptam
2257 3861 2519 3920 hactenus
2551 3874 2797 3921 naturam
2827 3870 3212 3928 consideravit.
3261 3873 3555 3947 Haudqua-

1984 3964 2148 4019 quam
2189 3953 2419 4010 insuette
2448 3960 2523 4010 rei
2569 3957 2884 4015 diﬂicultate
2920 3964 3121 4018 moveri
3151 3979 3211 4019 se
3240 3967 3305 4021 ad
3334 3980 3555 4023 contra-

1982 4036 2275 4101 dicend'um
2324 4049 2468 4104 sivit.
2512 4051 2936 4123 Haudquaquam
2973 4072 3071 4126 pro
3101 4060 3178 4114 rei
3212 4062 3556 4131 impossibili-

1982 4140 2092 4190 tate
2130 4139 2368 4193 auimum
2403 4141 2666 4195 anxielali
2719 4144 2885 4199 dedit.
2936 4145 3052 4202 Non
3091 4149 3360 4207 dubitavit
3411 4156 3556 4224 apud

1979 4239 2039 4282 se
2068 4230 2339 4296 cogitans,
2376 4232 2451 4284 uti
2479 4237 2765 4289 consuevit
2793 4236 3042 4292 accidere
3064 4239 3186 4294 aliis
3215 4258 3229 4294 :
3262 4241 3402 4296 Num
3430 4261 3556 4300 ora-

294 4317 481 4369 σοιτο;
516 4299 668 4375 *Ανρα
709 4303 785 4376 μὴ
826 4305 860 4376 ἡ
890 4306 1078 4377 χρονία
1112 4308 1399 4379 στείρωσις
1426 4313 1540 4375 τοῖς
1573 4314 1669 4380 τῆς
1701 4313 1876 4380 ἑπαγ-

1986 4316 2157 4371 culum
2194 4319 2248 4373 in
2287 4321 2653 4391 deceptionem
2691 4326 2884 4381 cedet?
2922 4327 3058 4382 Num
3101 4330 3352 4386 diuturna
3388 4339 3555 4397 stari:

292 4393 485 4461 γελίας
541 4395 905 4464 ὑπαντήσειεν
938 4391 1125 4465 ςτΔρα
1181 4398 1255 4467 μὴ
1311 4398 1411 4468 τῆς
1448 4398 1806 4469 ψυχαγωγίας
1849 4403 1876 4456 ὁ

1986 4408 2104 4463 litas
2126 4412 2469 4483 promissiOni
2499 4415 2773 4472 incurret?
2804 4418 2942 4475 Num
2969 4422 3060 4491 qui
3094 4427 3343 4492 apparuit
3369 4443 3433 4483 eo
3461 4443 3553 4485 ve-

291 4486 488 4551 φανεὶς
511 4487 752 4556 κομίζων
773 4482 906 4559 ἧκεν
926 4490 1219 4559 εὐαγγέλια
1238 4509 1254 4555 ;
1289 4492 1419 4545 Ἰδοὺ
1442 4493 1511 4547 τὰ
1532 4495 1632 4565 τῆς
1655 4493 1873 4564 ἡλικίας

1986 4500 2090 4566 uit,
2121 4512 2179 4556 ut
2227 4503 2490 4561 mulceret
2528 4509 2759 4564 nuntio?
2790 4512 2929 4566 Ecce
2957 4482 3070 4582 jam
3110 4482 3361 4572 deﬂoruit
3393 4530 3550 4576 artas.

288 4577 644 4649 παρήϐησεν.
706 4581 836 4636 Ἰδοὺ
882 4583 942 4636 τδ
990 4582 1091 4653 τῆς
1133 4584 1316 4655 ἀκμῆς
1371 4586 1739 4657 ἀνθηρότατον
1796 4586 1874 4657 τῷ

1986 4591 2116 4648 Ecce
2159 4591 2272 4663 jam
2324 4596 2740 4654 ﬂorentissimus
2770 4602 2922 4672 vigor
2970 4613 3210 4675 tempore
3261 4613 3548 4669 emarcuit.

287 4670 474 4741 χρόνῳ
508 4672 857 4742 μαραίνεται.
895 4674 1031 4729 Ἰδοὺ
1062 4676 1123 4728 τὸ
1166 4676 1273 4730 τῶν
1311 4676 1488 4746 μελῶν
1520 4678 1874 4750 ἰσχυρότατον

1986 4681 2117 4739 Ecce
2144 4685 2254 4753 jam
2283 4688 2648 4744 membrorum
2690 4670 3211 4764 prmeipuumcrobur
3258 4702 3326 4757 ad
3357 4703 3552 4760 debili-

289 4762 427 4831 πρὸς
452 4763 677 4818 ἔκλυσιν
703 4766 1003 4836 ἐπείγεται.
1035 4767 1109 4820 Τὸ
1131 4767 1226 4821 τοῦ
1282 4768 1398 4838 βίου
1436 4769 1692 4823 πλεῖστον
1727 4786 1871 4840 παρ-

284 4852 555 4923 έδραμεν.
594 4855 652 4908 '0
689 4858 801 4921 τοῖς
851 4861 1019 4912 πᾶσιν
1055 4858 1236 4930 [Μαι.
1268 4856 1495 4932 παισὶν]
1537 4861 1871 4929 ἐπαγγέλλε-

285 4943 414 4999 σθαι
444 4943 883 5017 [ιερ.ὲπαγάλλ.
909 4948 1381 5022 ]παρασκευάζων
1415 4952 1605 5023 καιρὸς
1631 4953 1871 5023 ὑποφεύ-

282 5050 394 5100 γει.
449 5035 516 5088 'H
565 5036 667 5105 τῆς
701 5038 1043 5104 παιδοποιίας
1065 5040 1211 5111 χαρά
1252 5044 1310 5094 ἐν
1342 5044 1649 5114 προοιμίοις
1677 5044 1740 5097 τὸ
1769 5060 1870 5097 πο-

285 5126 467 5180 θεινὸν
496 5127 654 5197 φέρει
674 5130 809 5202 πρὸς
824 5131 901 5202 τῷ
918 5134 1172 5205 γήρᾳτάς
1193 5134 1531 5205 ἐπικαρπίας
1553 5136 1869 5201 ἐλπίζουσα.

280 5216 351 5269 Τί
386 5219 531 5288 πρὸς
564 5220 661 5291 τὴν
683 5222 888 5292 δέησιν,
922 5224 1018 5277 καὶ
1040 5227 1137 5296 τὴν
1165 5227 1503 5294 ἐπαγγελίαν
1531 5227 1867 5298 ὲπασχολοῦ-

280 5325 386 5379 μαι
412 5326 431 5374 ;
465 5310 638 5365 Οὐδὲν
663 5313 903 5367 τοιοῦτον
944 5317 978 5387 ἠ
1013 5317 1180 5370 Ἀννα
1200 5316 1276 5386 τῷ
1305 5317 1550 5388 λογισμῷ
1578 5336 1869 5391 παρεμπε-

282 5397 399 5450 σεῖν
432 5413 843 5472 συνεχωρησενο
875 5404 989 5459 ἀλλ’
1017 5407 1152 5477 ὁμοῦ
1177 5423 1239 5460 τε
1272 5407 1341 5461 τὰ
1376 5408 1474 5477 τῆς
1507 5409 1672 5479 εὐχῆς
1733 5427 1867 5464 κατ-

277 5488 580 5556 εϐάλλετο,
633 5493 728 5546 καὶ
786 5495 885 5566 τὴν
914 5498 1198 5565 ὲπίτευξιν
1249 5498 1455 5569 ταύτης
1513 5501 1592 5571 τῷ
1647 5501 1869 5571 ὀφθέντι

276 5581 671 5655 κατεμηνύθη,
727 5589 822 5641 καὶ
869 5589 946 5652 ὡς
1002 5590 1100 5662 ἤδη
1154 5592 1457 5663 κατέχουσα
1520 5593 1603 5662 τὸ.
1642 5595 1870 5666 προσδο-

274 5671 553 5742 κώμενον,
608 5681 678 5747 τῇ
733 5680 937 5751 σφοδρᾷ
959 5682 1237 5753 προθυμίᾳ
1284 5683 1362 5753 τῷ
1377 5683 1489 5754 ναῷ
1510 5683 1668 5738 τοῦτο
1699 5703 1868 5758 προσ-

271 5762 433 5830 άγειν
505 5765 796 5836 ⁴ινδ-τεείγετο.
850 5771 946 5835 Τίς
1004 5772 1070 5825 ἂν
1113 5772 1269 5841 λόγος
1313 5772 1374 5826 τὸ
1449 5775 1548 5846 τῆς
1627 5777 1864 5840 πίστεως

1978 4782 2138 4830 tatem
2186 4778 2377 4834 tendit.
2409 4780 2640 4836 Maxima
2672 4784 2793 4839 vita:
2823 4802 2950 4856 pars
2977 4790 3207 4847 decursa
3239 4804 3340 4851 est.
3381 4795 3549 4854 Tem-

1973 4882 2091 4937 pus,
2127 4884 2240 4940 quo
2290 4870 2534 4941 prolibus
2588 4876 2709 4942 quis
2755 4878 2945 4935 lubens
2989 4882 3321 4952 adgaudeat,
3376 4889 3553 4960 iisque

1972 4960 2192 5028 gestiat,
2228 4962 2495 5033 subfugil.
2525 4963 2761 5021 Edenda:
2790 4972 2956 5038 prolis
2987 4975 3239 5042 gaudium
3266 4977 3550 5036 desidera-

1974 5049 2080 5104 bile
2107 5050 2233 5119 qnid
2261 5053 2457 5121 primis
2484 5057 2644 5112 annis
2675 5057 2852 5126 affert,
2878 5062 3114 5118 fructum
3142 5082 3367 5135 sperans
3396 5074 3551 5141 Tgravi

1971 5141 2123 5196 senio
2153 5151 2332 5198 aetate.
2365 5142 2435 5199 Ut
2465 5147 2591 5216 quid
2618 5152 2853 5205 orationi
2888 5168 2953 5208 ac
2976 5157 3550 5223 promissioniimtno-

1973 5231 2105 5285 ror?
2128 5231 2271 5287 Nihil
2297 5236 2451 5291 Anna
2474 5236 2740 5305 ejusmodi
2766 5243 2948 5297 animo
2981 5244 3222 5302 incidere
3251 5253 3543 5319 permisit:

1969 5324 2210 5392 quiuimo
2238 5337 2295 5380 ut
2323 5343 2445 5382 mox
2479 5340 2696 5397 precata
2736 5343 2879 5388 esset
2913 5374 2929 5401 ,
2963 5346 3125 5407 atque
3153 5341 3221 5395 ab
3250 5340 3549 5413 apparénte

1969 5416 2160 5485 angelo
2181 5420 2424 5487 prosperi
2452 5436 2740 5478 successus
2782 5428 3035 5482 nuntium
3065 5434 3390 5502 accepisset,
3422 5438 3545 5492 vel-

1969 5519 2027 5563 ut
2049 5509 2161 5576 jam
2194 5522 2397 5568 teneret
2426 5523 2792 5584 exspectatam
2826 5520 3055 5587 prolem,
3105 5524 3407 5585 vehementi
3433 5530 3547 5586 ala-

1968 5601 2161 5653 critate
2194 5600 2414 5659 festinat
2464 5603 2515 5655 in
2553 5605 2751 5672 templo
2800 5607 3020 5665 offerre.
3060 5611 3315 5677 Quanam
3365 5622 3546 5673 oratio

1968 5705 2252 5746 accensam
2298 5693 2442 5747 illam
2478 5696 2635 5750 tidem
2674 5696 2895 5755 laudare
2933 5700 3199 5771 suﬂiciat,
3245 5722 3339 5776 per
3381 5726 3543 5779 quam

1968 5782 2076 5837 vati
2104 5797 2322 5854 compos
2355 5784 2545 5841 etfecta
2572 5786 2693 5843 est?
2724 5804 2822 5860 per
2850 5807 3010 5862 quant
3040 5794 3173 5853 nihil
3198 5800 3409 5859 animus
3441 5804 3540 5858 du-
