4060 6428
500 360 634 425 lilii

1625 342 1943 406 GEORGII
1990 337 2460 401 NICOMEDIEN
2473 337 2589 397 SIS

3623 328 3747 394 1ί16

498 470 718 531 bietatis
757 465 992 525 stimulis
1026 463 1340 519 vulneratus
1372 456 1508 513 fuit?
1542 455 1596 511 Id
1626 456 1783 526 plane
1814 455 2074 509 immnta-
2104 522 2110 534 4

2218 449 2352 520 ὑτῆς
2400 446 2704 501 ἐπαινέσειε
2748 442 3042 514 διάπυρον·
3085 441 3153 496 δι’
3189 430 3255 513 ἧς
3288 440 3396 497 τῶν
3431 441 3751 512 αἰτηθέντων

498 567 624 623 bilis
652 563 777 618 ﬁdei
816 560 1047 623 facinus,
1081 570 1177 645 εχει·
1206 568 1370 624 quam
1405 550 1682 620 prOpbcta:
1715 561 1905 602 omnes
1934 544 2080 598 futu-

500 660 577 712 ris
606 672 703 710 ceu
746 639 1485 725 prabeutibus'crediderunt
1522 662 1537 696 :
1590 657 1755 713 quam
1788 656 1914 696 vere
1943 639 2083 695 deli;

501 731 1012 806 niens‘admirabilis
1035 743 1254 803 Paulus,
1281 740 1356 793 ait
1379 757 1392 793 :
1420 736 1582 792 Fides
1604 746 1679 790 est
1702 734 2080 803 sperandorum

500 839 830 899 substantia;
870 844 1239 905 argumentum
1272 844 1444 882 rerum
1474 844 1577 881 non
1623 824 1987 895 apparentia»:
2014 822 2078 877 '°.

503 930 638 995 Quia
672 927 814 1001 enim
858 924 1002 992 quod
1036 928 1308 990 speratur,
1347 930 1536 971 eorum
1580 913 1794 966 videtur
1826 924 1943 978 qua:
1977 922 2082 960 non

504 1020 796 1075 txsistnnt,
822 1028 926 1067 non
956 1010 1257 1063 subsistens
1282 1021 1377 1076 per
1411 1019 1490 1070 se,
1526 1016 1684 1057 autve
1717 1009 1959 1067 tempore
1988 1012 2083 1051 ne-

507 1109 778 1166 cessitatis
826 1119 1091 1175 apparens
1119 1140 1135 1165 ,
1172 1101 1508 1168 dubiumque
1555 1105 1805 1152 eventum
1837 1088 2085 1145 obscuri-

508 1214 616 1257 tate
651 1201 853 1263 ferens,
885 1212 949 1251 ac
978 1194 1151 1264 magis
1173 1192 1239 1247 ad
1262 1192 1554 1247 obScurum
1589 1199 1849 1257 vergens;
1886 1182 2089 1236 ideirco

507 1295 746 1350 ostendit
800 1290 1014 1346 ﬁrmam
1075 1304 1140 1342 ac
1209 1284 1606 1341 immutabilem
1658 1279 1818 1334 ﬁdem
1891 1275 2091 1330 habere

508 1386 831 1443 substantia:
877 1383 1181 1442 rationem,
1229 1389 1286 1432 ut
1317 1390 1496 1431 rerum
1545 1374 1598 1426 in
1650 1385 1746 1438 spe
1790 1367 2089 1438 positarum

510 1479 886 1537 exsisteutiam
913 1476 1217 1530 subsistere
1248 1470 1434 1531 faciat,
1468 1480 1632 1534 seque
1658 1464 1829 1531 ipsam
1855 1457 2093 1528 practice

512 1571 859 1640 sperantibus
889 1569 1110 1620 inserat.
1146 1565 1527 1631 Argumentum
1553 1570 1756 1621 autem,
1784 1553 2093 1620 ait",rerum

515 1682 618 1717 non
643 1652 1041 1728 appar'emium;
1075 1656 1214 1726 quod
1249 1669 1363 1707 rem
1403 1652 1529 1704 olim
1558 1649 1660 1701 tide
1688 1651 2091 1712 exspectatam,

514 1766 883 1824 processuque
918 1747 1172 1816 temporis
1215 1746 1266 1797 in
1317 1759 1451 1812 opus
1494 1740 1816 1799 deductam,
1859 1749 1922 1787 ac
1950 1732 2095 1785 velut

2181 542 2241 597 οὐ
2277 542 2568 613 διήμαρτε·
2619 538 2688 592 δι’
2721 532 2790 612 ἧς
2832 539 2946 601 τοῖς
2994 536 3094 606 τῆς
3142 533 3477 608 ἀμφιϐολίας
3517 535 3754 605 κέντροις

2182 636 2280 706 τὴν
2326 636 2565 688 διάνοιαν
2593 632 2693 687 οὐκ
2735 630 2986 702 ἐτρώθης
3021 631 3233 692 Ὄντως
3262 627 3641 699 ἀμεταϐλήτου
3670 628 3757 681 πί·

2186 745 2358 790 στεως
2408 722 2476 797 ἦν
2505 725 2569 778 τὸ
2604 722 3070 794 κατορθούμενον,
3107 720 3174 773 δι’
3214 714 3282 792 ἧς
3313 719 3594 790 προφῆται
3627 719 3757 771 πάν-

2183 836 2277 882 τες
2324 820 2436 881 τοῖς
2488 815 2775 888 μέλλουσιν
2819 815 2896 878 ὡς
2948 812 3242 868 ἐνεστῶσιν
3296 808 3651 879 ἐπείσθησαν·
3701 810 3762 878 ἢν

2188 909 2433 980 ἀψευδῶς
2450 911 2477 963 ὁ
2504 908 2789 970 Θεσπέσιος
2818 906 3029 968 Παῦλος
3042 903 3361 975 ὁριζόμενός
3378 918 3533 971 φησι·
3561 903 3765 966 Πίστις

2186 1003 2361 1058 ἐστίν
2390 999 2793 1071 ἐλπιζομένων
2820 1001 3187 1063 ὑπόστασις,
3210 995 3575 1065 πραγμάτων
3604 996 3765 1064 ἐλεγ-

2189 1113 2298 1164 χος
2328 1095 2400 1149 οὐ
2437 1091 2857 1162 βλεπομένων.
2901 1089 3124 1161 Ἐπειδὴ
3160 1090 3270 1161 γάρ
3315 1088 3378 1140 τὸ
3400 1085 3769 1155 ἐλπιζόμενον,

2190 1185 2298 1239 τῶν
2329 1185 2697 1255 ἀνυπάρκτων
2738 1179 2880 1236 εἶναι
2909 1181 3079 1247 δοκεῖ,
3108 1179 3185 1250 μὴ
3215 1179 3451 1249 ὑφεστὸς
3468 1177 3592 1231 καθ’
3627 1176 3770 1239 αὐτὸ,

2196 1275 2330 1345 μηδὲ
2362 1274 2438 1344 τῷ
2469 1275 2648 1344 χρόνῳ
2690 1272 2791 1343 τῆς
2831 1271 3020 1342 χρείας
3067 1270 3436 1340 βλεπόμενον·
3479 1267 3772 1339 ἀμφίϐολόν

2192 1384 2253 1420 τε
2275 1366 2353 1437 τῷ
2387 1368 2585 1434 ἀφανεῖ
2625 1366 2725 1435 τὴν
2769 1364 2999 1417 ἑκϐασιν
3035 1363 3234 1433 φέρον,
3280 1361 3382 1433 καὶ
3416 1361 3559 1431 πρὸς
3590 1359 3774 1430 ἄδηλον

2197 1459 2400 1530 μᾶλλον
2429 1460 2526 1527 τὴν
2558 1457 2732 1528 ῥοπὴν
2757 1455 2901 1525 ἕχον,
2927 1454 3101 1526 ταύτῃ
3126 1454 3401 1507 δείκνυσιν
3427 1452 3775 1514 ὑποστάσεως

2195 1551 2357 1620 λόγον
2387 1551 2488 1621 τὴν
2529 1550 2925 1618 ἀμετάπτωτον
2969 1549 3153 1602 πίστιν
3189 1547 3449 1617 ἐπέχειν,
3489 1544 3774 1599 οὑσιοῦσάν

2195 1661 2255 1697 τε
2282 1643 2393 1696 τῶν
2420 1641 2795 1712 ἐλπιζομένων
2825 1642 2923 1712 τὴν
2955 1640 3212 1708 ὓπαρξιν,
3245 1639 3341 1692 καὶ
3373 1636 3582 1706 ἑαυτὴν
3609 1634 3773 1687 ὲνθεῐ-

2201 1754 2300 1789 σαν
2339 1734 2660 1807 πρακτικῶς
2691 1737 2804 1798 τοῖς
2833 1732 3135 1797 ἐλπίζουσι.
3166 1731 3239 1784 Τὸ
3267 1731 3325 1783 δὲ
3348 1769 3365 1794 ,
3414 1725 3778 1797 Πραγμάτων

515 1855 894 1917 argumentum
931 1857 993 1894 ac
1022 1840 1368 1900 evictiouem,
1402 1847 1590 1888 verum
1629 1843 1808 1882 rerum
1840 1835 2092 1880 eventum

2212 1828 2448 1897 ἔλεγχος
2485 1825 3012 1894 οὔβλεπομένων,
3059 1826 3124 1876 τὸ
3172 1821 3304 1875 ποτὲ
3340 1820 3442 1891 μὲν
3488 1822 3559 1889 τῇ
3610 1819 3780 1871 πίστει.

499 1934 891 2009 Τοργιεερηιεμ
930 1933 1021 1986 Sic
1060 1932 1148 1985 illa
1172 1970 1187 1995 ,
1216 1938 1447 1983 mentem
1481 1937 1745 1993 superans
1770 1918 1929 1973 Verbi
1970 1914 2095 1969 illud

518 2030 858 2102 mysterium,
888 2027 1017 2080 olim
1062 2012 1284 2093 quidem
1335 2016 1728 2088 praedicatum,
1773 2010 1879 2064 ﬁde
1918 2016 2097 2061 autem

518 2131 888 2191 exspectatura
914 2159 930 2186 ,
964 2133 1027 2171 ac
1080 2117 1240 2184 longo
1276 2121 1397 2181 post
1441 2120 1686 2177 tempore
1737 2103 2098 2165 declaratum,

518 2215 599 2269 rei
641 2212 1007 2279 impletionem
1035 2247 1051 2274 ,
1098 2211 1480 2275 argumentum
1526 2213 1591 2253 ac
1635 2211 1733 2251 ceu
1773 2192 2099 2249 evictionem

520 2300 777 2357 OStendit.

1364 2487 1391 2501 ρ

597 2581 732 2637 Cum
760 2580 901 2634 hanc
923 2590 1049 2646 ergo
1069 2573 1198 2643 justi
1224 2568 1665 2641 prehendissem,
1689 2565 2105 2633 haudquaquam

526 2692 555 2729 a
578 2690 676 2743 spe
717 2668 1174 2742 petitionibusque
1195 2664 1549 2726 exciderunt;
1574 2657 1927 2729 quamobrem
1948 2654 2108 2708 etiam

528 2764 936 2821 immaculatam
978 2759 1123 2812 illam
1161 2758 1407 2828 gignunt,
1451 2751 1878 2820 regenerationis
1909 2757 2112 2802 nostra:

528 2859 824 2913 auctricem
847 2872 863 2923 ;
888 2863 1087 2908 nostrae
1111 2848 1511 2905 reformationis
1537 2859 1758 2900 causam
1779 2858 1794 2907 ;
1833 2856 1929 2912 per
1949 2855 2111 2911 quam

530 2951 716 3006 vitiata
753 2951 805 3003 in
844 2947 999 3001 nobis
1027 2945 1117 2999 Dei
1148 2946 1325 3010 imago
1349 2941 1415 2994 ad
1445 2954 1603 2992 suum
1630 2935 1792 2992 rediit
1824 2936 2111 2997 decorem;

531 3059 627 3114 per
651 3055 812 3111 quam
850 3037 1066 3092 tunicas
1098 3033 1306 3103 peccati
1344 3031 1686 3100 abjicientes,
1714 3024 1891 3080 induti
1926 3036 2116 3077 sumus

531 3134 725 3192 stolam
775 3130 995 3185 hnninis
1041 3146 1054 3183 :
1120 3126 1505 3196 prepbetarum
1554 3121 1699 3175 illam
1766 3116 2115 3173 acc-latitatio—

533 3240 695 3291 nem;
726 3224 1031 3278 divinorum
1070 3217 1459 3288 plenitudinem
1492 3211 1873 3273 oraculorum;
1915 3217 2115 3261 nostra:

535 3316 664 3372 illud
697 3314 885 3369 salutis
914 3319 1099 3381 caput.
1137 3310 1182 3363 0
1225 3307 1434 3362 felicem
1475 3305 1620 3360 illam
1666 3312 1949 3373 parentum
1991 3313 2119 3369 pro»

536 3409 673 3481 lem!
718 3407 762 3462 0
793 3416 1049 3477 partum,
1086 3416 1191 3470 quo
1222 3402 1362 3455 bona
1401 3399 1509 3451 vim
1550 3410 1765 3451 omnem
1810 3393 2118 3447 intellectus

537 3502 871 3572 superantia,
900 3496 1234 3567 genitoribus
1259 3499 1570 3560 comparata
1599 3496 1749 3542 sunt.
1775 3485 1832 3539 In
1860 3483 2118 3539 humanis

536 3594 782 3664 quidem,
826 3598 884 3640 ut
932 3586 1019 3640 cui
1057 3583 1336 3650 contingat
1391 3579 1507 3633 ﬁeri
1543 3586 1750 3646 patrem
1779 3614 1794 3638 ,
1848 3572 2117 3642 siquidem

541 3697 685 3742 natae
716 3683 911 3753 proles,
937 3678 1021 3734 vel
1053 3675 1297 3732 saeculari
1326 3673 1614 3743 splendore
1642 3666 1969 3737 Spectabiles
1996 3663 2116 3718 fne-

544 3777 686 3841 rint,
719 3783 810 3827 aut
847 3773 1104 3825 virtutum
1149 3767 1269 3822 luce
1316 3763 1617 3819 claruerint
1643 3801 1659 3827 ,
1698 3760 1783 3813 vel
1835 3766 2118 3810 strenuum

543 3867 696 3937 quid,
723 3879 787 3918 ac
807 3875 1013 3930 magna:
1041 3855 1375 3911 fortitudinis
1406 3851 1618 3906 (acinus
1643 3850 1879 3919 gessisse
1906 3846 2124 3899 videan—

546 3934 655 4019 tur,
707 3954 848 4009 haud
893 3950 1181 4005 mediocris
1228 3946 1354 4000 inde
1401 3943 1477 3997 illi
1527 3943 1699 3996 honor
1741 3936 1987 4000 accedit,
2029 3934 2121 4006 qui

544 4045 924 4103 communione
1000 4049 1208 4095 natura:
1286 4037 1451 4091 etiam
1533 4032 1719 4104 gloriae
1786 4028 2121 4084 consortium

546 4144 696 4198 ineat
727 4154 742 4191 :
777 4140 830 4191 in
858 4137 942 4191 his
970 4144 1173 4197 autem,
1201 4143 1445 4199 quaenam
1479 4126 1614 4180 adeo
1647 4122 1925 4179 excellens
1956 4119 2125 4190 gloria

545 4229 846 4302 excogitari
902 4225 1097 4297 possit,
1148 4222 1301 4290 cujus
1334 4221 1369 4273 ii
1420 4214 1809 4288 prmrogativas
1855 4227 1962 4265 non
2011 4210 2125 4264 sint

545 4320 868 4383 consecuti?
918 4317 1118 4374 Verum
1172 4312 1301 4383 quid
1354 4324 1491 4378 opus
1538 4303 1816 4376 prolixiori
1871 4313 2126 4356 sermone

548 4415 834 4470 molestum
893 4406 1006 4462 tieri
1058 4399 1432 4459 auditoribus?
1472 4395 1939 4464 Quemadmodum
1978 4391 2123 4444 enim

2200 1919 2573 1991 προσδοκηθὲν
2598 1957 2613 1982 ,
2649 1918 2893 1987 προῖόντι
2923 1918 2981 1971 δὲ
3010 1915 3093 1985 *τῷ
3129 1914 3310 1986 χρόνῳ
3357 1914 3439 1977 είς
3480 1913 3659 1983 ἔργον
3698 1908 3780 1975 ἐξ·

2199 2011 2440 2081 ενεχθὲν,
2470 2010 2567 2065 καὶ
2596 2010 2761 2064 οἱονεὶ
2790 2010 3010 2079 ἔλεγχον
3038 2006 3320 2078 παριστῶν
3350 2006 3449 2078 τὴν
3483 2006 3668 2075 ἀληθῆ
3687 2005 3784 2057 τῶν

2203 2106 2551 2175 πραγμάτων
2585 2101 2833 2156 ἑκϐασιν.
2875 2101 3031 2155 υῦτω
3064 2100 3125 2153 τὸ
3158 2099 3301 2169 ὑπὲρ
3335 2098 3459 2151 νοῦν
3486 2096 3589 2150 τοῦ
3621 2097 3784 2163 Λόγου

2208 2198 2530 2267 μυστήριον,
2583 2192 2775 2264 πρώην
2832 2192 2931 2263 μὲν
2986 2191 3435 2262 κηρυττόμενον,
3499 2189 3691 2240 πίστει
3736 2188 3787 2240 δὲ

2206 2285 2682 2358 προσδοκώμενον,
2709 2282 2923 2346 πολλοῖς
2951 2282 3182 2353 ὕστερον
3208 2280 3429 2353 χρόνοις
3453 2278 3785 2351 φανερωθὲν,

2208 2379 2431 2449 ἔλεγχον
2480 2376 2622 2448 αὓτη
2665 2377 2766 2446 τὴν
2810 2374 2904 2428 τοῦ
2948 2374 3273 2446 πράγματος
3321 2371 3622 2443 παρέδειξε
3666 2370 3791 2440 πλή-

2213 2486 2399 2542 ρωσιν.

2282 2561 2500 2630 Ταύτης
2528 2559 2708 2612 τοίνυν
2732 2560 2785 2611 οἱ
2806 2557 3006 2612 δίκαιοι
3030 2554 3382 2627 δραξάμενοι,
3410 2552 3522 2606 τῶν
3552 2551 3792 2621 αἰτηθέν-

2210 2670 2341 2719 των,
2375 2653 2471 2706 καὶ
2502 2651 2872 2704 ἐλπισθέντων
2904 2650 2966 2702 οὐ
2998 2649 3322 2719 διήμαρτον·
3348 2645 3429 2699 διὸ
3449 2644 3553 2699 καὶ
3575 2646 3792 2712 γεννῶσι

2228 2744 2329 2813 τὴν
2381 2742 2693 2814 ἄχραντον,
2752 2740 2853 2812 τὴν
2911 2741 3012 2810 τῆς
3065 2738 3487 2809 ἁναγεννήσεως
3540 2736 3793 2809 πρόξενον

2215 2835 2394 2907 ἡμῶν,
2428 2835 2529 2905 τὴν
2564 2834 2665 2903 τῆς
2703 2831 3061 2901 ἀναπλάσεῳς
3111 2830 3271 2902 ἡμῶν
3303 2831 3509 2884 αἰτίαν·
3554 2830 3624 2882 δι’
3647 2824 3712 2900 ἧς
3741 2827 3795 2880 τὸ

2217 2928 2337 2981 κατ’
2374 2924 2561 2978 εἰκόνα
2590 2924 2727 2977 Θεοῦ
2783 2921 3107 2994 ἁχρειωθὲν,
3157 2922 3296 2993 πρὸς
3327 2922 3428 2991 τὴν
3459 2922 3677 2975 οἰκείαν
3709 2922 3797 2973 ἑπ-

2217 3014 2448 3087 ανῆλθεν
2465 3014 2821 3085 εὐπρέπειαν·
2845 3013 2913 3065 δι’
2942 3008 3012 3083 ἧς
3039 3013 3166 3075 τοὺς
3197 3013 3297 3082 τῆς
3328 3012 3616 3083 ἁμαρτίας
3642 3011 3797 3082 χιτῶ-

2219 3127 2317 3173 νας
2349 3108 2753 3170 ὰποϐάλλοντες
2795 3104 2977 3178 [Μαι.
3009 3104 3313 3177 ἀποϐαλὸν]
3343 3106 3444 3175 τὴν
3488 3104 3593 3159 τοῦ
3629 3106 3798 3174 φωτὸς

2219 3200 2414 3272 στολὴν
2437 3197 2865 3269 ἡμφιασάμεθα.
2891 3197 2964 3248 Τὸ
2984 3196 3090 3251 τῶν
3108 3197 3408 3269 προφητῶν
3434 3198 3796 3269 ἀναφώνημα*

2216 3290 2278 3342 τὸ
2307 3290 2415 3342 τῶν
2463 3287 2626 3341 θείων
2658 3285 2925 3359 χρησμῶν
2965 3286 3313 3358 ὲκπλήρωμα
3342 3306 3356 3320 ·
3410 3290 3472 3342 τὸ
3517 3290 3624 3360 τῆς
3658 3288 3803 3360 ἡμῶν

2222 3383 2499 3453 σωτηρίας
2545 3380 2864 3449 κεφάλαιον.
2926 3381 2992 3433 ’Ὢ
3034 3382 3133 3451 τῆς
3181 3380 3291 3434 τῶν
3335 3381 3616 3435 τεκόντων
3658 3382 3800 3434 εὐτε-

2222 3474 2411 3538 κνίαςί
2451 3475 2514 3528 Ὢ
2547 3473 2641 3526 τοῦ
2677 3475 2836 3526 τόκου
2876 3472 2946 3525 τὰ
2990 3474 3132 3545 ὑπὲρ
3162 3474 3288 3528 νοῦν
3319 3476 3508 3544 ἀγαθὰ
3542 3476 3803 3549 προξενή-

2222 3582 2416 3628 σαντος
2446 3566 2559 3628 τοῖς
2585 3564 2908 3633 ὲνέγκασινί
2945 3564 3068 3617 Ἐπὶ
3097 3565 3199 3634 μὲν
3229 3564 3340 3635 γὰρ
3365 3566 3475 3620 τῶν
3506 3568 3637 3621 καθ’
3666 3570 3803 3639 ἡμᾶς

2220 3655 2336 3708 ὅσοι
2372 3654 2612 3724 πατέρες
2635 3654 2830 3723 ἔτυχον
2854 3653 3134 3721 γενέσθαι,
3165 3654 3288 3725 ἦτοι
3322 3660 3626 3726 κοσμικαῖς
3655 3675 3803 3729 περι-

2221 3745 2477 3816 φανείαις
2499 3745 2627 3808 τοὺς
2652 3744 2713 3809 ἐξ
2736 3744 2918 3799 αὐτῶν
2940 3745 3307 3816 προελθόντας
3332 3748 3800 3821 ἀνακηρυχθῆναι,

2223 3837 2258 3908 ἢ
2287 3836 2363 3907 τῷ
2386 3836 2498 3902 τῶν
2528 3837 2744 3908 ἀρετῶν
2774 3837 2917 3905 φωτὶ
2952 3836 3417 3909 καταλαμφθῆναι
3441 3855 3455 3869 ’
3493 3841 3528 3911 ἢ
3567 3840 3803 3909 γενναῖόν

2222 3947 2276 3983 τι
2304 3929 2402 3984 καὶ
2436 3929 2586 4000 μέγα
2620 3929 2923 3983 δοκούντων
2949 3930 3050 3999 τῆς
3073 3929 3330 4000 ἀνδρείας
3360 3932 3803 4004 κατορθωμάτων

2225 4022 2563 4089 ἐνδείξασθαι
2590 4059 2604 4085 ,
2646 4022 2706 4075 οὐ
2752 4023 2814 4074 τὸ
2853 4022 3016 4092 τυχὸν
3059 4023 3247 4085 αὐτοῖς
3296 4024 3363 4076 ὲκ
3396 4023 3613 4079 τούτων
3660 4025 3804 4087 κλέος

2227 4113 2622 4185 προσγίνεται,
2656 4114 2739 4195 τῇχ
2758 4112 3020 4184 κοινωνίᾳ
3047 4113 3148 4182 τῆς
3179 4112 3403 4182 φύσεως
3437 4115 3804 4185 συμμετεχόν-

2227 4223 2337 4258 των
2380 4206 2481 4274 τῆς
2513 4205 2779 4270 εὐδοξίας·
2811 4205 2904 4257 ἐπὶ
2954 4204 3012 4257 δὲ
3053 4204 3260 4258 τούτων
3308 4204 3394 4269 τίς
3432 4205 3503 4260 ἂν
3538 4206 3803 4278 ὑπερϐολὴ

2227 4300 2386 4370 δόξης
2420 4298 2764 4369 ἐπινοηθείη,
2796 4292 2865 4368 ἦς
2891 4295 3001 4350 τῶν
3041 4297 3352 4367 πρεσϐείων
3383 4299 3489 4354 οὐκ
3518 4300 3800 4370 ἐπέτυχον;

2230 4392 2324 4446 καὶ
2358 4392 2411 4444 τί
2455 4392 2541 4444 δεῖ
2576 4388 3029 4461 μακρολογοῦντα
3079 4392 3193 4453 τοῖς
3248 4389 3562 4462 ἀκροαταῖς
3615 4411 3803 4467 παρεν-

547 4518 711 4574 quam
747 4507 1069 4572 genuerunt,
1115 4505 1428 4563 supremum
1462 4486 1651 4558 gloria:
1691 4486 1924 4554 apicem,
1957 4480 2110 4537 Crea‘

2230 4483 2690 4574 οχλεῖνςὭσπερ
2712 4481 2821 4553 γὰρ
2858 4483 2891 4553 ἡ
2926 4480 3208 4553 τεχθείσα,
3247 4482 3311 4536 τὸ
3358 4486 3649 4540 ἀνώτατον
3680 4486 3805 4555 πλὴν

552 4573 669 4651 tore
699 4607 808 4648 uno
834 4598 1083 4658 excepto,
1111 4583 1348 4652 accepit;
1389 4582 1469 4637 sic
1504 4589 1558 4634 et
1593 4578 1683 4632 isti
1720 4573 2125 4645 incomparabi-

549 4687 654 4741 lem
698 4700 809 4755 ρεαδ
843 4681 1157 4753 parentibus
1200 4676 1454 4733 omnibus
1494 4673 1720 4744 gloriam
1752 4672 2129 4726 obtinuerunt.

556 4777 746 4833 Divina
791 4776 975 4843 itaque
1018 4770 1192 4842 puella
1241 4779 1396 4839 partu
1446 4766 1611 4830 edita,
1660 4771 1927 4819 convocat
1973 4762 2130 4814 Amra

553 4871 760 4926 amicas
794 4882 860 4922 ac
889 4865 1124 4926 sodales,
1157 4862 1339 4931 aitque
1373 4878 1387 4915 :

624 4961 860 5027 Venite,
895 4971 1017 5012 meo
1069 4958 1406 5025 congaudete
1461 4949 1665 5020 partui.
1710 4945 1943 5011 Venite,
1999 4959 2132 4999 mea:

552 5056 728 5128 prolis
773 5052 1019 5108 editione
1050 5048 1335 5103 lmtamini.
1378 5042 1596 5106 Venite,
1625 5055 1747 5096 eam
1781 5037 1981 5103 videte,
2014 5051 2134 5107 quae

556 5156 753 5217 praeter
783 5159 932 5215 spem
968 5143 1152 5196 lactat.
1187 5138 1402 5202 Venite,
1451 5141 1666 5189 enatam
1716 5131 1927 5202 virgam
1957 5146 2025 5186 ex
2055 5131 2137 5183 iu-

557 5240 803 5296 fecundis
867 5236 1069 5291 lumbis
1129 5232 1394 5301 aspicite,
1462 5228 1818 5295 sterilemque
1875 5223 2134 5278 feminam

557 5315 771 5389 uterum
800 5338 1043 5401 gestasse
1071 5326 1435 5380 considerate.
1468 5318 1682 5382 Venite,
1713 5328 2013 5371 vestrarum
2041 5331 2139 5370 ex-

559 5423 970 5494 probrationum
1022 5418 1255 5472 fraetum
1301 5413 1614 5485 perdiscite,
1647 5422 1895 5480 epusqne
1945 5422 2137 5477 preca-

560 5516 724 5571 tionis
759 5514 1006 5568 lustrate.
1044 5509 1226 5563 Alacri
1258 5506 1571 5561 concurrite
1603 5502 1811 5566 animo,
1840 5516 1902 5554 ac
1934 5499 2140 5554 adven-

562 5607 637 5662 tui
683 5609 734 5662 in
768 5605 1028 5661 temetum
1064 5601 1272 5673 ιιι-πίω.
1301 5597 1509 5654 Ornate
1542 5596 1724 5661 \‘iCOs;
1762 5593 2039 5662 ingressus
2072 5590 2138 5643 il-

659 5759 700 5790 "
744 5758 909 5813 llebr.
941 5774 1019 5823 xu,
1059 5758 1108 5810 ί.

2230 4574 2324 4628 τοῦ
2356 4573 2709 4645 Δημιουργοῦ
2737 4574 2841 4644 τῆς
2873 4573 3034 4645 δόξης
3066 4573 3409 4644 ἀπείληφεν·
3436 4576 3584 4632 οὕτω
3613 4579 3707 4633 καὶ
3729 4572 3804 4631 οὗ·
3856 4590 3863 4595 ’

2229 4684 2315 4719 τοι
2344 4666 2406 4719 τὸ
2446 4664 2541 4718 τοῦ
2587 4664 2779 4728 κλέους
2820 4664 3160 4737 ἀσύγκριτον
3193 4669 3516 4738 παρὰ.τοὺς
3556 4672 3801 4729 τεκόντας

2230 4756 2719 4829 ἀπεκληρώσαντο,
2753 4756 3058 4828 Τεχθείσης
3102 4758 3284 4813 τοίνυν
3315 4763 3416 4831 τῆς
3446 4759 3800 4831 θεόπαιδος,ή

2262 4851 2411 4904 Αννα
2432 4849 2532 4913 τὰς
2578 4849 2740 4919 φίλας
2767 4851 3143 4921 συνεκαλεῖτο,

2307 4943 2495 5009 Δεῦτε,
2540 4943 2798 5011 λέγουσα,
2852 4942 2931 5017 τῷ
2959 4941 3078 5013 ἐμῷ
3099 4942 3245 5014 τόκῳ
3269 4945 3609 5017 συγχάρητε.
3634 4946 3801 5008 Δεῦτε,

2231 5040 2352 5100 ταῖς
2382 5039 2544 5107 ἐμαῖς
2573 5010 2760 5089 ὠδῖσιν
2793 5010 3160 5106 saepem“.
3194 5010 3689 5093 ’Δεῦτεηθεάσασθε
3718 5036 3800 5107 τὴν

2234 5129 2365 5199 παρ’
2425 5128 2621 5182 ἐλπίδα
2662 5126 3022 5199 θηλάζουσαν.
3074 5128 3274 5193 Δεῦτε,
3312 5128 3411 5199 τὴν
3451 5128 3513 5194 ἐξ
3549 5132 3800 5202 ἀκάρπων

2234 5220 2479 5289 λαγόνων
2508 5219 2846 5287 ἀναφυεῖσαν
2884 5218 3080 5288 ῥάϐδον
3122 5218 3401 5282 κατίδετε,
3437 5221 3533 5273 καὶ
3560 5222 3663 5290 τὴν
3692 5222 3803 5288 ἄγο-

2238 5329 2328 5366 νον
2374 5312 2647 5383 κυοφόρον
2676 5314 3076 5382 κατανοήσατε.
3122 5311 3313 5375 Δεῦτε,
3346 5311 3456 5365 τῶν
3500 5312 3807 5384 ὀνειδισμῶν

2236 5403 2395 5477 ἡμῶν
2444 5405 2537 5457 τὸν
2578 5404 2791 5475 καρπὸν
2841 5402 3231 5474 καταμάθετε,
3276 5404 3370 5457 καὶ
3414 5404 3477 5458 τὸ
3521 5404 3622 5475 τῆς
3654 5403 3808 5474 εὐχῆς

2235 5497 2397 5568 ἔργον
2426 5496 2838 5567 ἀνιστορήσατε.
2868 5494 3213 5565 Συνδράμετε
3242 5493 3563 5565 προθύμως,
3594 5495 3689 5549 καὶ
3720 5496 3811 5560 τὴν

2237 5592 2294 5644 ὲν
2315 5588 2431 5659 ναῷ
2455 5586 2643 5659 ἄφιξιν
2670 5588 3155 5659 προοδοποιῆσατε.
3183 5588 3513 5659 Κοσμὴσατε
3537 5588 3628 5648 τὰς
3649 5584 3811 5643 sitati-
