4060 6480
401 377 538 447 1425

1353 381 1432 444 IN
1474 382 1579 447 SS.
1623 380 1822 444 DEIP-
1861 381 2310 449 INGRESSUM
2349 381 2430 443 IN
2469 382 2695 449 TEMP.

3494 373 3657 459 ~itas

398 470 802 547 Τδηκατάσκιον
822 490 972 566 δρας,
1014 491 1076 547 ἐν
1103 483 1150 560 ᾧ
1178 491 1509 562 κατοικῆσαι
1545 494 1573 546 6
1624 493 1797 561 Λόγος
1841 492 1986 546 εὐδό-

2100 493 2141 545 iu
2175 507 2281 561 quo
2326 491 2587 547 reclinata
2631 503 2845 556 natura,
2875 491 3081 561 peccati
3111 490 3398 547 declinavit
3425 497 3657 558 aestum;

400 599 573 655 κησεν
593 602 608 617 ·
654 586 713 639 ἐν
745 577 789 653 ᾧ
815 586 849 657 ή
877 585 1042 655 φύσις
1087 582 1461 647 ὑποκλιθεῖσα,
1507 582 1609 654 τὴν
1656 584 1854 639 καῦσιν
1878 585 1979 656 τῆς

2100 598 2146 639 ει
2179 599 2287 654 quo
2339 584 2482 638 nulla
2520 601 2679 639 manu
2738 585 3016 641 revolutus
3061 584 3337 658 angularis
3373 583 3460 638 ille
3498 580 3657 654 lapis,

400 676 682 750 ἁμαρτίας
711 676 986 744 ἐξέκλινεν
1008 695 1023 710 ·
1050 677 1111 743 ἐξ
1127 672 1189 733 οῦ
1219 676 1653 749 ἀχειροτεύκτως
1676 678 1705 731 ὁ
1734 678 1981 750 ἀκρογω-

404 768 577 831 νιαῖος
611 766 954 833 ἐκκυλισθεὶς
981 766 1153 832 λίθος,
1173 766 1273 839 τὴν
1297 768 1482 821 είκόνα
1509 766 1605 822 τοῦ
1632 766 1829 838 ἐχθροῦ
1857 785 1983 832 συνέ-

403 857 618 930 έτριψε,
665 861 763 914 καὶ
804 861 887 925 είς
916 859 1045 932 χοῦν
1078 859 1444 930 ἀπελίκμησε.
1499 860 1660 924 Δέξαι
1686 860 1784 931 τὴν
1816 862 1986 915 κατά-

406 965 618 1020 καρπον
640 949 849 1014 ἐλαίαν,
878 943 1029 1022 δι’ἦς
1058 950 1120 1002 τὸ
1165 948 1417 1019 ῑλαρύνον
1446 947 1739 1001 ἀνέϐλυσεν
1782 947 1981 1009 ἐλαιον,

409 1040 505 1091 καὶ
538 1038 639 1110 τὴν
677 1040 859 1093 κτίσιν
888 1039 1112 1094 ἐλίπανε
1136 1053 1151 1069 ⁸
1179 1038 1270 1093 τὸν
1307 1037 1498 1110 θρόνον
1519 1038 1610 1090 τὸν
1651 1037 1862 1104 ἔνδοξον
1881 1053 1895 1067 ·
1925 1038 1987 1089 τὸ

362 1198 371 1207 Δ.
413 1128 692 1198 βασιλικόν
752 1130 957 1202 ὄχημα,
1011 1133 1070 1185 ἐν
1114 1124 1160 1198 ᾧ
1209 1132 1239 1185 6
1294 1131 1466 1202 Λόγος
1506 1130 1798 1200 ὀχούμενος
1850 1129 1988 1200 μετά

412 1225 617 1295 σαρκὸς
644 1227 960 1296 ἐπεδήμησε
982 1243 999 1258 ·
1031 1225 1133 1296 τὴν
1171 1224 1310 1280 Σιὼν
1347 1226 1449 1294 τὴν
1497 1225 1676 1293 ἁγίαν,
1719 1225 1785 1297 ῆν
1808 1223 1838 1274 6
1882 1226 1988 1292 Δη-

413 1316 681 1388 μιουργδς
714 1317 1028 1385 ἐξελέξατο·
1054 1319 1121 1390 ἢν
1146 1317 1227 1389 τῷ
1257 1321 1355 1390 τῆς
1393 1318 1653 1390 προνοίας
1686 1316 1848 1386 λόγῳ,
1885 1315 1990 1386 πρὸ

411 1406 521 1458 τῶν
545 1407 763 1461 αἰώνων
795 1408 1096 1480 ἡτοίμασεν
1116 1425 1131 1439 ·
1163 1403 1276 1482 ἐνῇ
1306 1406 1582 1480 σαρκικῶς
1616 1408 1899 1476 ἐγεννήθη·
1932 1404 1994 1470 ἐξ

411 1492 481 1570 ἦς
536 1498 837 1569 προελθὼν,
869 1500 978 1554 τῶν
1006 1498 1219 1553 ἀσεϐῶν
1260 1499 1358 1562 τὰς
1389 1498 1649 1567 δυνάμεις
1679 1497 1989 1568 συνέτριψε.

413 1590 687 1663 Περίλαϐε
714 1591 815 1661 τὴν
837 1590 1243 1664 Σαλομώντειον
1276 1590 1487 1661 κλίνην,
1608 1587 1792 1659 κύκλῳ
1816 1587 1993 1658 ’δορυο

414 1660 673 1751 φοροῦσιν
710 1660 1054 1751 οίίέξήκοντα
1090 1660 1343 1735 δυνατοί·
1383 1660 1440 1733 at
1484 1660 1584 1750 τῆς
1633 1676 1994 1731 θεοπνεύστου

413 1773 639 1842 Γραφῆς
668 1772 921 1842 ἀψευδεῖς
946 1775 1301 1845 προφητεῖαι,
1334 1771 1397 1824 τὸ
1431 1769 1599 1840 κῦρος
1647 1768 1850 1836 ταύτης
1895 1768 1996 1835 τῆς

2086 678 2255 732 hostis
2293 678 2549 732 contrivit
2591 678 2901 747 imaginem,
2936 694 2999 733 ac
3031 679 3081 733 in
3110 679 3381 749 pulverem
3430 676 3662 732 commi-

2089 771 2203 824 nttit
2234 769 2301 824 ".
2352 771 2553 838 A‘ccipe
2597 770 2793 823 olivam
2854 769 3186 824 l'ructil'cram
3240 770 3308 835 ³¹,
3351 785 3446 839 per
3497 784 3658 838 quam

2088 860 2327 913 manavit
2358 860 2536 914 oleum
2566 860 2695 913 illud
2729 860 3044 914 exhilaratus
3082 859 3128 891 ⁸³
3157 872 3448 931 creataque
3481 859 3662 914 omnia

2086 952 2443 1021 impingnavit
2480 970 2494 1006 :
2534 953 2750 1019 Accipe,
2788 953 3030 1022 inquam,
3064 952 3316 1005 tltronum
3368 950 3514 1005 illum
3546 950 3663 1017 glo-

2091 1042 2212 1095 ria:
2247 1056 2464 1095 currum
2523 1042 2776 1107 regalem,
2830 1056 2937 1110 quo
2989 1050 3200 1094 vectum
3240 1042 3291 1092 in
3336 1051 3501 1092 carne
3530 1037 3666 1091 Ver-

2089 1134 2213 1184 bum
2243 1132 2297 1184 in
2331 1142 2530 1185 terram
2573 1132 2787 1186 advenit
2826 1150 2837 1186 :
2876 1130 3005 1186 Sion
3040 1132 3183 1185 illam
3209 1138 3477 1189 sanctam,
3503 1144 3665 1196 quam

2088 1224 2319 1279 Creator
2346 1224 2744 1296 elegit“;quam
2776 1240 2872 1294 pro
2902 1225 3112 1278 ratione.
3145 1221 3517 1293 providentur,
3543 1231 3669 1275 ante

2092 1314 2286 1368 sa‘cula
2331 1313 2570 1383 paravit;
2690 1330 2757 1370 ex
2792 1329 2895 1383 qua
2933 1328 3097 1367 carne
3129 1324 3288 1367 natus
3327 1320 3436 1375 est;
3466 1326 3530 1364 ex
3562 1325 3668 1379 qua

2093 1405 2375 1469 prodiens,
2423 1403 2713 1472 impiorum
2769 1402 3036 1468 confregit
3084 1403 3247 1454 vires.
3299 1399 3672 1469 Complectere

2096 1494 2407 1549 Salomonis
2457 1494 2737 1557 lectulum,
2789 1507 2951 1562 quem
3008 1505 3140 1563 gyro
3190 1492 3465 1560 sesaginta
3504 1490 3672 1544 fortis

2095 1587 2340 1640 ambiunt
2374 1601 2439 1641 ac
2464 1587 2671 1656 stipant
2701 1584 2767 1651 ⁸⁸,
2812 1599 2953 1638 verae
2991 1584 3247 1638 nimirum
3293 1582 3609 1651 prophetia,
3641 1596 3670 1632 a

2099 1677 2208 1733 Deo
2243 1678 2518 1748 inspirata
2547 1677 2859 1743 Scriptum,
2893 1676 3133 1730 divinum
3158 1672 3275 1741 ejus
3306 1669 3670 1741 puerperium,

2097 1787 2163 1826 ex
2206 1772 2271 1825 iis
2304 1785 2424 1838 quae
2456 1772 2853 1840 praedixerunt,
2895 1767 3203 1822 testimonio
3252 1761 3675 1825 continuantes;

416 1861 718 1927 θεοτοκίας,
756 1860 822 1915 δι’
877 1855 952 1916 ὧν
996 1863 1276 1933 ἐμήνυσαν
1332 1857 1743 1932 μαρτυροῦσαι·
1798 1858 1856 1911 ἐν
1905 1851 1997 1929 ᾖὸ

2100 1864 2152 1915 in
2191 1876 2299 1930 quo
2337 1858 2565 1916 Verbum
2597 1867 2873 1927 assumpta
2905 1873 3071 1913 carne
3109 1855 3452 1917 recumbens,
3480 1866 3676 1906 exsuro

415 1956 591 2025 Λόγος
622 1952 934 2018 ἀναπεσὼν,
975 1953 1114 2026 μετά
1160 1951 1363 2022 σαρκὸς
1421 1950 1715 2021 ἐξηγέρθη,
1762 1948 1856 2002 καὶ
1896 1946 1991 2001 τοῦ

413 2046 613 2119 ἐχθροῦ
661 2048 762 2118 τὴν
810 2045 1069 2118 τύραννον
1124 2043 1402 2116 κραταιῶς
1456 2041 1693 2107 ἐπάταξε
1738 2040 1989 2110 δύναμιν.

412 2137 632 2210 Ταύτην
667 2139 701 2209 ὴ
756 2136 1073 2209 προφητικὴ
1124 2135 1285 2199 λαϐὶς
1316 2134 1663 2200 ἐξεικόνισεν,
1700 2134 1735 2204 ή
1775 2131 1869 2184 τὸν
1894 2132 1991 2185 ἄν·

412 2228 597 2300 θρακα
635 2226 1021 2299 φέρουσα,καὶ
1050 2226 1118 2279 τὰ
1141 2226 1296 2296 χείλη
1348 2223 1719 2295 καθαίρουσα·
1759 2222 1793 2293 ή
1836 2237 1996 2291 aspa-

410 2321 590 2391 φικῶς
609 2319 1011 2392 φυλαττομένη.
1044 2320 1137 2373 καὶ
1162 2317 1250 2373 διὰ
1282 2316 1597 2388 Πνεύματος
1616 2315 1772 2384 ἀγίου
1793 2329 1996 2384 κηρυτ-

418 2414 652 2486 τομένη.
689 2411 906 2477 Ταύτην
936 2414 970 2482 ή
1000 2408 1412 2482 ἐσφραγισμένη
1465 2407 1646 2479 βίϐλος
1699 2406 1993 2476 ἐμήνυσεν,

411 2512 482 2578 ἢν
512 2505 688 2569 οὐδεὶς
719 2505 929 2573 ἀνέγνω
968 2504 1314 2574 γραμμάτων
1363 2500 1702 2570 ἐπιστήμων,
1737 2496 1875 2568 πλὴν
1899 2494 1994 2549 τοῦ

413 2598 835 2671 σφραγίσαντος,
866 2596 963 2650 καὶ
982 2595 1121 2664 ὺπέρ
1148 2593 1305 2662 λόγον
1331 2593 1686 2663 τηρήσαντος.
1715 2587 1932 2658 Ταύτην
1968 2589 1997 2643 ὁ

410 2685 808 2758 καθαρώτατος
881 2685 1048 2755 τόμος
1104 2682 1393 2752 ἐδήλωσεν,
1454 2684 1511 2762 ἐν
1555 2674 1600 2748 ᾧ
1650 2678 1913 2750 ἀγράφως
1968 2680 1998 2732 ό

410 2762 587 2848 Λόγος
632 2775 1013 2849 ἐγχαραχθεὶς.
1068 2774 1129 2828 τὸ
1188 2774 1283 2844 τῆς
1340 2774 1556 2841 ἀπάτης
1632 2771 1996 2842 χειρόγραφον

414 2870 651 2940 ἔσχισεν.
688 2866 836 2938 Αὕτη
877 2865 1027 2919 ἐστὶν
1075 2864 1109 2935 ή
1160 2864 1225 2916 ἐκ
1256 2861 1446 2928 δεξιῶν
1490 2859 1625 2914 Θεοῦ
1666 2856 1996 2929 παρεστῶσα

305 2974 321 2984 ’
415 2960 706 3031 βασίλισσα
723 2976 738 2992 ·
772 2960 806 3031 ή
833 2958 1060 3028 πλησίον
1073 2955 1153 3026 τῷ
1177 2954 1385 3019 κάλλει,
1410 2954 1505 3006 καὶ
1527 2956 1590 3023 τῇ
1613 2951 1960 3023 λαμπρότητι
1979 2963 1992 2976 °

413 3055 454 3123 ή
477 3051 658 3122 ὡραία
682 3055 746 3122 τῇ
782 3050 965 3121 φύσει,
1012 3047 1110 3102 καὶ
1160 3046 1351 3117 μώμου
1386 3043 1732 3106 ἀνεπίδεκτος
1758 3060 1772 3073 ·
1804 3044 1837 3113 ἡ
1890 3041 1998 3094 ἀπὸ

414 3143 655 3198 Λιὸάνου
691 3143 791 3214 τῆς
834 3139 1135 3213 παρθενίας
1186 3137 1435 3203 ἀνιοῦσα,
1494 3140 1588 3203 καὶ
1642 3136 1738 3188 τὸν
1791 3136 1997 3203 κόσμον

418 3233 745 3304 μυρίζουσα.
777 3231 840 3299 ἐξ
868 3226 937 3306 ἦς
971 3233 1002 3285 ό
1049 3230 1367 3299 γλυκασμὸς
1404 3228 1715 3301 ἀπορρέων,
1759 3228 1860 3297 τὴν
1894 3242 2002 3279 πα-
2031 3225 2075 3286 C

414 3325 576 3378 λαιάν
603 3325 697 3379 τοῦ
726 3323 886 3392 ξύλου
938 3324 1167 3394 πικρίαν
1202 3322 1499 3392 ἐγλύκανεν
1524 3337 1540 3353 ·
1601 3315 1669 3391 ἦς
1705 3320 1846 3391 ὑπὲρ
1879 3319 2002 3390 μέλι

412 3415 488 3470 τά
525 3415 677 3486 χείλη
707 3404 1032 3488 ἡδύνθησαν,
1060 3416 1155 3469 καὶ¹
1184 3415 1218 3487 ή
1249 3413 1470 3484 γλῶσσα
1500 3413 1840 3484 εὐφροσύνην
1864 3413 2001 3480 ἐπή-

414 3524 626 3577 γασεν·
662 3503 731 3581 ἦς
783 3507 814 3561 6
845 3508 955 3561 τῶν
1004 3506 1237 3577 ἱματίων
1284 3506 1580 3578 μυρισμὸς,
1633 3503 1776 3575 ὑπὲρ
1824 3504 2000 3557 πάντα

413 3602 489 3653 τὰ
542 3599 644 3670 τῆς
698 3598 802 3669 γῆς
833 3599 1107 3671 ἀρώματα
1138 3596 1421 3652 εὐωδίασε.
1479 3597 1696 3665 Ταύτην
1741 3595 1885 3648 ἔνδον
1928 3594 2004 3658 ὡς

414 3690 642 3761 νύμφην
670 3691 961 3760 εἰσάγαγε,
996 3684 1065 3763 ἦς
1111 3689 1171 3743 τὸ
1205 3689 1402 3751 κάλλος
1434 3688 1789 3758 ἀσύγκριτον,
1826 3689 1918 3740 καὶ
1967 3686 2002 3756 ή

414 3782 551 3848 δόξα
577 3783 923 3858 ἀπόρρητος·
955 3776 1025 3848 ἦς
1058 3782 1123 3835 τὸ
1174 3782 1281 3835 τῶν
1329 3780 1598 3853 ὀμμάτων
1646 3780 1868 3848 φέγγος,
1903 3779 2004 3842 τὰς

418 3876 657 3948 ⁴ἡλιακὰς
702 3876 866 3947 ἐξῆρε
928 3873 1119 3948 [Sirm.
1164 3870 1421 3946 ἐξήρανε]
1457 3872 1851 3943 λαμπηδόνας·
1910 3870 2004 3924 τὸν

419 3967 602 4038 κῆπον
657 3968 750 4022 τὸν
802 3965 1191 4037 κεκλεισμένον
1237 3966 1331 4020 τὸν
1391 3965 1674 4035 λογισμοῖς
1734 3963 2003 4017 ἀνεπίϐα-

417 4074 515 4113 τον
546 4060 855 4132 ἁμαρτίας·
915 4061 974 4114 ἐν
1029 4053 1075 4127 ᾧ
1118 4058 1180 4112 τὸ
1219 4058 1363 4112 θεῖον
1415 4058 1580 4127 φυτὸν
1624 4055 2001 4127 ἁγεωργήτως

304 4140 313 4143 ’
408 4150 734 4221 βλαστῆσαν
791 4151 891 4219 τήν
943 4149 1168 4221 πρώτην
1207 4149 1482 4221 ’κατάραν
1534 4147 1630 4201 τοῦ
1678 4146 1839 4214 ξύλου
1874 4146 1995 4199 67.0-

419 4244 750 4316 μανήσασαν
799 4246 857 4296 ἐν
910 4241 988 4312 τῷ
1037 4239 1159 4312 βίῳ,
1215 4239 1513 4312 πρόρριζον
1586 4236 1854 4307 ἐξήρανε,
1906 4235 2002 4289 καὶ

416 4334 538 4391 ἀντ’
568 4335 740 4406 αὐτῆς
763 4334 1015 4402 εὐλογίαν
1041 4331 1328 4403 ἐξήνθησε.
1364 4331 1476 4401 Τὴν
1515 4328 1592 4392 ὡς
1643 4326 1860 4399 ἀληθῶς
1898 4344 2004 4396 πη-

356 4432 359 4435 ’
415 4427 524 4498 γὴν
546 4429 1012 4499 ἐσφραγισμένην,
1049 4425 1109 4490 ἐξ
1159 4419 1226 4496 ἧς
1270 4425 1338 4478 τά
1367 4419 1732 4491 καθαρώτατα
1786 4422 2003 4491 νάματα

416 4519 630 4603 νάουσι,
662 4521 758 4575 καὶ
806 4520 905 4591 τὴν
930 4516 1255 4588 οἰκουμένην
1309 4515 1623 4587 ἀρδεύουσιν
1646 4529 1660 4543 ·
1723 4514 1782 4568 ἐν
1813 4507 2001 4603 ᾗ-τῆς

417 4598 782 4677 ἐπιθολούσης
813 4607 958 4670 ἰλύος
988 4607 1089 4660 οὐκ
1139 4604 1396 4677 ἐφωράθη
1428 4604 1713 4674 λείψανον·
1754 4601 1814 4669 ἐξ
1852 4598 1919 4677 ἧς
1967 4604 1999 4655 ὀ

415 4697 666 4768 ποταμὸς
712 4698 821 4751 τῶν
872 4699 1112 4769 χαρίτων
1170 4696 1607 4767 προερχόμενος,
1665 4694 1852 4760 κύκλῳ
1894 4693 2000 4764 τὴν

419 4789 515 4858 ὑφ’
543 4789 695 4860 ἥλιον
734 4789 1110 4862 περιπολεύει.
1176 4786 1462 4854 ’Υπόδεξαι
1523 4788 1624 4858 τὴν
1669 4784 1999 4857 ἀεροϐατοῦ-

419 4892 523 4931 σαν
551 4879 803 4948 νεφέλην,
857 4881 915 4932 ἐν
943 4872 977 4954 ᾖ
1015 4878 1327 4949 καθήμενος
1370 4879 1398 4932 6
1436 4879 1528 4932 ἐπὶ
1556 4877 1809 4948 νεφέλαις
1834 4878 1999 4950 ούρα-

417 4967 561 5030 νίαις
595 4969 911 5034 ἐπιϐαίνων,
965 4971 1032 5023 τὰ
1074 4967 1263 5042 [δὶτιιι.
1297 4968 1535 5040 νεφελῶν
1572 4968 1865 5039 οὐρανίων,
1905 4968 1999 5040 τά]

415 5059 739 5128 Αἰγυπτίων
764 5059 983 5114 καθεῖλε
1017 5060 1360 5131 σεὸάσματα.
1406 5061 1682 5131 Είσάγαγε
1712 5062 1812 5133 τήν
1843 5061 1999 5114 πόλιν

415 5146 518 5202 τοῦ
559 5148 695 5202 Θεοῦ
726 5148 826 5220 τήν
859 5149 1123 5222 ἔμψυχον,
1179 5152 1292 5214 τοῖς
1345 5152 1661 5223 ὁρμήμασιν
1709 5150 1876 5206 αὑτοῦ
1926 5159 2006 5219 είς

418 5240 599 5295 αἰῶνα
620 5240 1088 5314 εύφραινομένην·
1120 5243 1180 5297 τὸ
1210 5244 1546 5315 ἡγιασμένον
1583 5245 1847 5316 σκήνωμα
1871 5260 1886 5276 ·
1914 5247 2004 5297 τὸν

416 5332 568 5391 οἷκον
587 5338 679 5392 τὸν
700 5338 909 5404 ἔνδοξον
930 5357 944 5371 ο
974 5339 1067 5392 τδν
1089 5340 1217 5394 ναὸν
1243 5341 1333 5395 τὸν
1359 5342 1716 5407 ἀκατάλυτον,
1743 5336 1804 5396 οὗ
1833 5343 2004 5406 τύπος

418 5432 518 5485 καὶ
547 5432 814 5503 σύμὸολον
859 5431 1021 5496 αὐτὸς
1053 5434 1415 5499 καθέστηκας.
1470 5435 1582 5506 Τήν
1624 5434 1795 5506 ἀληθῆ
1846 5452 2004 5502 περι-

421 5527 604 5596 μένων
653 5524 1005 5595 φανέρωσιν,
1065 5525 1266 5594 ταύτην
1298 5527 1398 5597 ήίη
1449 5527 1736 5597 κατέχεις·
1799 5524 2004 5596 ταύτην

498 5656 539 5689 ³⁸
589 5658 719 5711 Dan.
753 5675 810 5718 ti,
847 5659 909 5712 3i
933 5652 1381 5724 ;Psal.cxvtt,:‘.2.
1457 5658 1501 5692 ³⁸
1544 5657 1681 5713 Paul.
1717 5675 1790 5722 Li,
1823 5659 1906 5712 l0.
1985 5660 1998 5691 ³

2100 5660 2207 5713 'sal.
2247 5675 2363 5721 cm,
2400 5658 2485 5713 15.
2566 5662 2609 5691 3"
2655 5660 2795 5713 l'sal.
2830 5674 3018 5723 eam,
3052 5659 3137 5713 l5.

1510 5729 1554 5760 ³⁸
1597 5729 1694 5784 lsa.
1738 5744 1857 5795 \‘lll,
1899 5732 1940 5781 l-.
2031 5732 2073 5761 3’
2118 5730 2256 5785 νέαι.
2294 5746 2437 5793 thv,
2481 5734 2546 5781 itl

1494 5801 1554 5831 '“
1592 5798 1727 5856 Cen.
1778 5817 1835 5862 ll,
1880 5803 1957 5853 lil.
2008 5802 2080 5832 ’⁸³
2126 5806 2226 5855 iss.
2277 5817 2386 5861 λιν.
2439 5803 2479 5853 l.

421 5727 472 5762 ³⁶
511 5724 616 5781 Isti.
660 5741 732 5791 νι,
763 5728 812 5783 7.
911 5732 952 5763 ³⁷
992 5729 1095 5783 lsa.
1140 5747 1284 5784 xxiii.
1323 5729 1401 5782 li.

418 5799 467 5831 δι
508 5795 667 5853 Cani.
721 5815 792 5861 tt.
834 5799 914 5855 l5.
992 5804 1033 5831 "
1078 5800 1231 5853 Cant.
1262 5799 1425 5859 Ityli.

2101 1954 2251 2009 rexit.
2285 1953 2512 2023 pariter,
2548 1966 2612 2006 ac
2660 1949 2997 2020 tyrannicam
3048 1948 3253 2002 inimici
3290 1946 3545 1999 virtutem
3580 1959 3679 2013 po-

2103 2055 2280 2101 tenter
2315 2043 2602 2115 percussit‘.
2646 2041 2816 2112 Hujus
2847 2041 3136 2113 imaginem
3186 2037 3534 2108 propheticus
3562 2035 3679 2090 lor-

2101 2153 2230 2208 ceps
2279 2137 2582 2205 expressit,
2633 2136 2724 2206 qui
2776 2134 3035 2190 nimirum
3087 2132 3380 2188 carbonem
3430 2130 3570 2196 tulit,
3615 2142 3681 2184 ac

2102 2227 2242 2283 labia
2278 2227 2600 2283 mandavit:
2646 2224 2940 2296 Serapltica
2974 2223 3065 2278 ille
3111 2233 3360 2280 servatus
3391 2232 3579 2291 opera,
3615 2233 3681 2275 ac

2102 2336 2199 2393 per
2245 2322 2508 2393 Spiritum
2557 2328 2808 2375 sanctum
2847 2317 3172 2389 praedicatus
3225 2314 3294 2370 ³⁸.
3333 2312 3486 2369 lianc
3531 2313 3682 2369 obsi-

2102 2425 2301 2483 gnatus
2332 2411 2419 2466 ille
2446 2412 2582 2467 liber
2607 2408 2929 2479 designavit,
2964 2422 3136 2478 quem-
3152 2419 3312 2461 nemo
3336 2405 3468 2476 legit
3489 2405 3682 2459 doctus

2040 2492 2051 2503 ’
2104 2505 2351 2569 litteras,
2380 2518 2447 2557 eo
2504 2503 2765 2557 duntaxat
2808 2508 3036 2569 excepto
3086 2499 3178 2568 qui
3225 2496 3560 2566 obsignavit,
3616 2510 3684 2550 ac

2103 2597 2283 2652 altiori
2319 2609 2481 2664 supra
2532 2595 2799 2649 rationem
2828 2595 2990 2647 modo
3035 2592 3381 2646 conservavit
3415 2589 3482 2643 ³⁷.
3510 2587 3683 2658 llujus

2106 2703 2290 2763 typum
2331 2691 2499 2762 gessit
2531 2687 3042 2744 mundissimns‘ille
3079 2698 3276 2752 tomus,
3313 2686 3366 2739 in
3396 2697 3502 2753 quo
3537 2681 3682 2736 nulla

2103 2783 2398 2851 scriptione
2427 2789 2707 2834 exaratum
2732 2776 2992 2842 Verbum,
3028 2777 3232 2832 erroris
3258 2773 3680 2844 chirographum

2105 2875 2338 2944 disrupit
2367 2872 2436 2928 ⁸³.
2472 2875 2566 2929 Est
2615 2874 2730 2928 haec
2784 2873 2995 2943 regina,
3046 2886 3167 2941 quae
3199 2870 3373 2925 astitit
3407 2888 3434 2923 a
3475 2869 3682 2924 deatris

2106 2965 2227 3031 Dei”,
2273 2982 2413 3036 quae,
2451 2967 2691 3035 inquam,
2731 2966 2916 3020 dec0ri
2967 2963 3214 3033 proxima
3265 2978 3331 3018 ac
3384 2962 3682 3031 splendori,

2108 3057 2340 3112 formosa
2373 3073 2472 3128 per
2510 3068 2793 3124 naturam,
2829 3066 2884 3111 et
2916 3058 2967 3110 in
2999 3071 3159 3126 quam
3191 3054 3540 3123 reprehensio
3579 3068 3683 3108 non

2106 3151 2250 3204 cadit
2290 3149 2357 3204 ³⁸.
2415 3149 2539 3203 Haec
2586 3164 2650 3203 ea
2697 3158 2814 3214 est,
2864 3160 2986 3218 quae
3030 3163 3059 3200 a
3096 3145 3303 3201 Libano
3355 3145 3686 3215 virginitatis

2106 3244 2386 3309 ascendit,
2425 3257 2488 3297 ac
2523 3242 2781 3297 mundum
2831 3241 2983 3296 suavi
3042 3247 3438 3309 unguentorum
3478 3238 3685 3292 olentia

2105 3336 2376 3406 perfundit
2402 3335 2483 3402 “;
2516 3350 2581 3390 ex
2609 3350 2713 3405 qua
2748 3349 2976 3388 manans
2995 3334 3247 3398 dulcedo,
3282 3342 3520 3386 veterem
3555 3332 3683 3402 ligni

2104 3428 2517 3483 amaritudinem
2549 3427 2600 3480 in
2635 3426 2910 3481 dulcorem
2942 3426 3103 3480 vertit
3132 3441 3149 3479 :
3181 3424 3331 3491 cujus
3361 3424 3496 3478 labia
3521 3436 3687 3492 super

2107 3517 2210 3570 mel
2241 3515 2417 3570 dulcia
2445 3515 2587 3570 facta
2612 3526 2759 3581 sunt,
2790 3515 3082 3586 linguaque
3119 3514 3361 3569 lattitiam
3393 3530 3491 3569 ceu
3516 3515 3683 3579 fonte,

2107 3609 2346 3663 manavit
2377 3627 2390 3663 :
2427 3608 2585 3679 cujus
2616 3609 2800 3663 suavis
2844 3607 3291 3662 vestimentorum
3330 3612 3485 3669 odor,
3523 3620 3689 3674 super

2107 3701 2363 3754 universa
2417 3711 2576 3754 terrae
2617 3708 2864 3766 aromata
2895 3698 3177 3769 fragravit.
3212 3697 3367 3753 Hanc
3417 3698 3561 3751 intus
3608 3699 3687 3751 ttti

2104 3804 2357 3859 Sponsam
2389 3788 2623 3858 suscipe,
2649 3789 2802 3860 cujus
2833 3796 2915 3843 est
2946 3786 3383 3857 lncomparabilis
3411 3786 3594 3850 decor,
3624 3801 3688 3840 ac

2106 3884 2273 3949 gloria
2326 3881 2708 3936 inenarrabilis
2744 3900 2758 3935 :
2790 3880 2945 3955 cujus
2998 3880 3278 3935 oculorum
3312 3878 3571 3933 eximium
3595 3878 3687 3947 juo

2106 3974 2229 4034 bar,
2286 3972 2418 4029 solis
2455 3971 2802 4040 splendorem
2836 3969 3040 4039 fugavit
3070 3988 3084 4023 :
3117 3966 3341 4022 Hortum
3378 3966 3524 4020 illum
3552 3982 3688 4021 con-

2105 4065 2317 4117 clusum
2352 4061 2445 4129 Ψ,
2469 4061 2524 4115 in
2562 4074 2721 4131 quem
2762 4060 2973 4115 vitiosis
3039 4056 3461 4127 cogitationibus
3509 4056 3685 4110 nullus

2103 4163 2252 4224 patet
2284 4153 2497 4222 aditus;
2545 4152 2598 4207 in
2652 4166 2759 4221 quo
2809 4152 2956 4207 nulla
2989 4167 3179 4206 manus
3212 4150 3448 4216 cultura,
3478 4152 3682 4221 germi-

2105 4261 2242 4301 nans
2264 4245 2446 4301 divina
2487 4246 2768 4315 plantatio,
2819 4244 3047 4314 primam
3091 4244 3220 4314 ligni
3249 4243 3684 4298 tnaledictionem

2105 4337 2305 4390 mundo
2345 4335 2745 4391 eluxuriantcm
2778 4335 2846 4398 “,
2882 4351 2910 4389 ει
2946 4337 3216 4391 radicibus
3262 4334 3507 4401 arel‘ecit,
3541 4335 3686 4403 ejus-

2103 4445 2209 4501 que
2236 4429 2356 4486 loco
2381 4430 2817 4484 benedictionem
2869 4427 3124 4487 t-llloruit.
3158 4427 3297 4484 Vere
3329 4429 3478 4483 illum
3503 4429 3687 4500 signa-

2106 4533 2217 4577 tum
2250 4521 2452 4578 fontem
2487 4520 2557 4589 δ’,
2588 4537 2652 4576 ex
2683 4536 2791 4591 quo
2823 4533 3039 4575 manant
3076 4520 3596 4591 purissimiolaticcs,
3621 4538 3687 4573 ac
3800 4548 3805 4555 ~

2104 4617 2290 4670 urbem
2346 4616 2659 4669 universum
2718 4614 2981 4684 irrigant;
3051 4613 3105 4667 in
3151 4627 3261 4683 quo
3314 4612 3510 4666 turbidi
3563 4613 3682 4674 luti,

2106 4708 2266 4763 nulla
2303 4719 2431 4762 sunt
2479 4708 2827 4776 deprehensa:
2866 4706 3144 4777 reliquiae;
3189 4721 3255 4760 ea
3306 4722 3414 4777 quo
3464 4720 3685 4776 progre-

2107 4800 2259 4863 diens
2287 4799 2581 4870 gratiarum
2625 4798 2847 4861 ﬂumen,
2898 4807 3061 4851 totam
3106 4797 3158 4850 in
3208 4796 3437 4850 circuitu
3484 4806 3686 4851 terram

2110 4890 2306 4943 lustrat
2338 4887 2408 4943 δ’.
2443 4887 2672 4959 Suscipe
2725 4887 3010 4943 sublimem
3041 4882 3169 4943 aere
3216 4887 3553 4958 gradientem
3582 4896 3685 4940 nu-

2111 4983 2270 5047 bem,
2312 4979 2399 5033 cui
2452 4979 2727 5045 insidens,
2780 4976 2872 5049 qui
2909 4977 3146 5033 nubibus
3192 4978 3313 5033 coeli
3363 4977 3683 5042 lnambolat,

2111 5069 2486 5143 Egyptiorum
2532 5072 2731 5127 evertit
2782 5070 3004 5126 numina
3056 5070 3124 5125 “.
3176 5068 3340 5124 lmluc
3389 5069 3683 5124 anitnatatn

2107 5164 2200 5219 Dei
2230 5160 2881 5232 civitatem“',quamejus
2913 5174 3178 5233 perpetuo
3210 5163 3442 5230 impetus
3484 5163 3683 5216 incita-

2105 5264 2393 5322 mentaque
2433 5250 2709 5311 ietlllcartt
2739 5266 2754 5307 ι
2784 5250 3207 5312 sanctiﬁcatum,
3262 5250 3507 5317 inquam,
3552 5250 3680 5303 illud

2106 5344 2560 5408 tabernaculum;
2604 5345 2821 5397 domum
2871 5343 3089 5412 gloriae;
3141 5342 3512 5396 iit-.lissolttbile
3545 5352 3684 5396 tent-

2105 5438 2271 5505 plutn,
2322 5435 2473 5505 cuius
2518 5448 2570 5489 tu
2618 5440 2784 5506 ligura
2814 5451 2876 5489 ac
2908 5434 3210 5504 symbolum
3237 5436 3480 5489 exsistis.
3529 5431 3682 5501 Quod

2113 5531 2187 5582 sis
2220 5535 2544 5599 exspectans
2580 5542 2756 5579 vetant
2802 5528 3295 5581 mauii‘estntionem
3321 5566 3336 5590 ,
3372 5541 3492 5581 eam
3524 5527 3684 5578 modo

3221 5659 3265 5692 ⁸³
3309 5658 3468 5716 Cant.
3506 5674 3589 5725 tlt,
3628 5663 3678 5719 7.

2663 5732 2704 5762 "°
2748 5731 2900 5784 Cttttt.
2945 5744 3017 5791 Η,
3044 5731 3098 5781 8.
3173 5732 3238 5762 ⁸⁰¹
3281 5728 3438 5785 Cant.
3480 5746 3553 5800 ιν,
3592 5734 3681 5793 Ia.

2638 5802 2776 5854 ιι-ειι.
2815 5816 3030 5862 vaxtt.
3067 5806 3125 5859 5.
