4060 6434
407 368 540 436 1433

1350 376 1432 440 ΙΝ
1473 378 1574 439 SS.
1618 378 1815 441 DElP.
1855 377 2297 448 INGRESSUM
2338 387 2420 451 IN
2459 378 2682 453 TEMP.

3519 390 3656 456 1434

401 485 575 579 δημία
600 483 828 553 γίνεται.
863 483 975 579 Καὶ
1029 484 1092 538 τὸ
1145 486 1404 557 πρᾶγμα,
1460 488 1571 542 τῶν
1625 489 1977 562 ἀπορρήτων,

2103 494 2304 552 livet-tit
2334 517 2346 550 :
2382 513 2446 555 ac
2494 501 2657 571 plane
2708 481 2900 557 mirum
2970 503 3257 579 videatur,
3308 504 3656 574 humanaque

407 574 502 628 καὶ
522 573 802 646 λογισμοῖς
848 577 948 647 οὐχ
1004 577 1455 633 ὑποπιπτόντων·
1501 581 1682 645 νεᾶνις
1719 581 1978 636 τοιούτων

406 663 672 736 τετύχηκε
700 664 810 718 τῶν
833 667 1207 737 χαρισμάτων,
1232 667 1308 731 ὡς
1328 669 1653 739 ἀσωμάτους
1681 671 1747 740 τῇ
1773 669 1982 741 ταύτης

408 754 654 810 ὑπείκειν
682 757 975 829 ὑπηρεσίᾳ.
1007 758 1103 820 Τίς
1146 760 1181 829 ή
1210 758 1447 831 τοσαύτη
1495 759 1604 813 τῶν
1641 760 1982 834 δωρημάτων

406 847 713 920 ὑπερϐολῆς
742 850 807 902 Τί
835 850 1076 905 τοιοῦτον
1105 851 1227 905 κατ’
1249 851 1406 917 ἀξίαν
1432 853 1467 924 ὴ
1492 853 1765 924 Παρθένος
1793 854 1984 924 εἰργά-

412 954 576 1006 σατο;
608 940 729 993 Ὀτι
760 940 857 1011 μὲν
885 941 1217 1014 καθαρότητι
1243 942 1521 1014 διενήνοχε
1551 943 1652 1007 τὰς
1683 943 1983 1014 γεγενημέ-

410 1043 512 1091 νας
541 1027 763 1092 ἁπάσας
800 1030 1015 1097 γενεὰς,
1045 1027 1160 1086 οἶδα
1186 1031 1480 1096 πιστωθεὶς
1512 1036 1626 1097 τοῖς
1652 1033 1944 1104 πράγμασι
1963 1047 1979 1065 ο

411 1121 709 1190 τεκμήριον
738 1123 907 1191 σαφὲς
935 1126 998 1177 τδ
1025 1120 1182 1196 ἦθος,
1211 1126 1307 1180 καὶ
1332 1125 1507 1192 τέλος,
1533 1126 1595 1180 τὺ
1626 1125 1789 1196 ἔργον
1825 1125 1986 1192 δεξάο

414 1224 608 1277 μενος·
632 1209 771 1264 ἀλλὰ
816 1212 910 1266 τοῦ
940 1214 1276 1282 τηλικούτων
1325 1215 1619 1279 τεύξασθαι
1649 1216 1893 1283 ἀγαθῶν.
1934 1215 1988 1268 τί

413 1299 480 1353 ἂν
505 1300 591 1371 εἴη
623 1301 684 1355 τὸ
712 1303 921 1372 αῖτιον;
973 1306 1127 1376 Τάχα
1153 1307 1407 1376 μεγάλων
1433 1302 1762 1377 εὐεργεσιῶν
1793 1306 1990 1376 πρόξε-

415 1407 503 1455 νος
530 1394 712 1464 ὴμῐνὴ
745 1395 1018 1467 Παρθένος
1048 1396 1373 1468 ὀφθήσεται,
1412 1399 1495 1455 διν
1520 1392 1596 1453 ὧν
1629 1398 1764 1468 πρὸς
1790 1399 1989 1464 ἑαυτὴν

306 1484 313 1493 ”
414 1486 714 1539 ἐπισπᾶται
763 1487 825 1540 τὸ
859 1489 1036 1543 Θεῖον.
1107 1487 1255 1561 *Δρα
1319 1491 1394 1562 μὴ
1443 1492 1549 1544 τῶν
1595 1490 1888 1562 προφητῶν
1939 1492 1989 1543 οἱ

351 1624 361 1630 .
412 1579 653 1647 χρησμοὶ⁹
691 1580 749 1634 ὲν
782 1580 953 1652 ταύτῃ
1000 1580 1493 1652 πληρωθήσονται;
1538 1578 1684 1654 Ἀρα
1744 1584 1822 1656 μὴ
1879 1582 1990 1637 τῶν

408 1667 785 1737 ἐλπιζομένων
812 1671 871 1722 ἐν
925 1672 1098 1745 ταύτῃ
1141 1673 1201 1727 τὸ
1244 1674 1395 1738 τέλος
1425 1676 1794 1746 ἀποϐήσεται;
1838 1676 1930 1746 Μὴ
1963 1679 1990 1730 ὁ

416 1758 624 1829 μέλλων
664 1760 751 1813 ἐπ’
810 1760 1110 1832 ἀνορθὼσει
1168 1764 1261 1818 τοῦ
1313 1766 1503 1834 γένους
1547 1766 1886 1832 ἐλεύσεσθαι,
1925 1769 1990 1819 ἐκ

2082 588 2246 642 altius
2298 594 2543 658 ratione,
2604 595 2770 650 tantis
2818 594 3163 665 juveneulam
3223 597 3392 652 fuisse
3439 606 3653 651 auctam

2082 681 2260 748 donis,
2290 693 2345 738 ut
2378 694 2432 739 et
2459 687 2795 755 incorporea:
2831 697 3040 743 utentes
3069 686 3186 756 ejus
3228 689 3492 757 obsequio
3538 701 3658 741 ces-

2084 773 2275 832 serint.
2329 775 2586 842 Quaenam
2636 788 2784 832 tanta
2837 779 2923 832 illa
2978 779 3241 834 donorum
3299 778 3657 835 excellentia?

2084 864 2364 933 Quodnam
2400 878 2606 925 tantum
2639 869 2801 942 Virgo
2843 871 3054 925 facinus
3081 872 3344 940 condigne
3371 875 3605 941 patravit
3631 869 3657 922 ἲ

2086 956 2244 1014 Novit
2289 961 2571 1030 equidem,
2605 963 2767 1018 rebus
2814 963 2973 1017 ﬁdem
3021 964 3410 1026 astrueutibus,
3456 959 3656 1015 eximia

2085 1051 2318 1120 quadam
2353 1055 2588 1121 puritate
2621 1068 2908 1125 superasse
2954 1054 3259 1125 praeteritas
3293 1066 3487 1106 omnes
3532 1060 3656 1104 aeta-

2089 1150 2202 1206 tes;
2265 1154 2498 1216 suntque
2559 1146 2636 1201 rei
2702 1147 3045 1216 perspicuum
3112 1154 3491 1214 argumentum
3542 1140 3658 1208 ejus

2091 1249 2291 1301 mores,
2326 1250 2389 1291 ac
2417 1237 2653 1303 tandem,
2704 1251 2840 1308 opus
2870 1237 3148 1306 excipiens
3179 1252 3194 1288 :
3230 1247 3288 1290 ut
3318 1243 3495 1289 autem
3522 1233 3660 1285 adeo

2090 1339 2283 1393 magna
2308 1326 2568 1383 beneﬁcia
2592 1340 2883 1384 consecuta
2907 1329 3000 1393 sit,
3024 1344 3271 1396 quamam
3300 1327 3438 1380 ratio
3459 1322 3662 1378 fuerit?

2091 1415 2389 1486 lugentium
2438 1419 2596 1474 nobis
2642 1419 2784 1475 forte
2829 1419 2920 1473 Dei
2966 1419 3351 1473 beneﬁciorum
3399 1414 3654 1470 cuncilia-

2091 1507 2197 1562 trix
2242 1506 2420 1562 futura
2453 1508 2523 1564 sit
2557 1509 2746 1581 Virgo,
2775 1525 2895 1580 quae
2931 1510 3012 1565 sic
3054 1509 3296 1563 divinum
3324 1506 3527 1560 alliciat
3559 1519 3661 1559 nu-

2095 1615 2236 1654 tnen.
2275 1597 2413 1653 Num
2452 1601 2837 1671 prophetarum
2886 1600 3103 1655 oracula
3147 1600 3199 1653 itt
3238 1613 3300 1652 ea
3345 1594 3664 1664 complenda

2091 1693 2251 1746 sunt?
2276 1691 2413 1747 Num
2434 1708 2622 1748 eorum
2653 1710 2770 1762 qua:
2799 1694 2851 1749 in
2879 1709 2973 1761 spe
2995 1694 3168 1762 posita
3199 1698 3347 1751 sunt,
3379 1688 3431 1742 in
3456 1704 3517 1742 ea
3542 1685 3666 1739 (luis

2093 1783 2242 1837 erit?
2300 1783 2437 1838 Num
2481 1785 2523 1838 is
2560 1785 2664 1853 qui.
2710 1795 2971 1838 venturus
3021 1792 3105 1837 est
3141 1781 3207 1836 ad
3253 1776 3663 1836 instaurandum

411 1850 619 1921 ταύτης
674 1851 735 1904 τὸ
790 1852 1060 1925 ἡμέτερον
1115 1857 1486 1928 ἁναλήψεται;
1541 1854 1636 1913 καὶ
1684 1859 1795 1931 γὰρ
1827 1857 1989 1913 τοῦτο

2103 1875 2383 1927 humanum
2416 1887 2606 1943 genus,
2644 1873 2935 1926 humanam
2972 1887 3039 1926 ex
3070 1885 3135 1924 ea
3163 1878 3410 1923 naturam
3450 1879 3663 1918 assunt-

412 1945 859 2016 προκεκήρυκται
891 1946 951 1998 τὸ
988 1949 1308 2031 μυστήριον,
1354 1951 1446 2005 καὶ
1482 1952 1510 2001 ὁ
1543 1950 1702 2018 λόγος
1732 1948 1988 2019 τοιαύτην

409 2036 513 2105 τὴν
543 2036 992 2107 ύπηρετήσουσαν
1024 2040 1292 2111 ἐπιζητεῖ.
1329 2043 1474 2112 ’Λρα
1509 2043 1679 2106 ὅντως
1714 2042 1814 2096 ούκ
1856 2041 1990 2112 ἄλλη

414 2130 862 2201 προκεκηρυκται
882 2132 1016 2205 [εἰν.
1034 2134 1397 2206 προκέκριται
1426 2134 1539 2207 ]είς
1561 2134 1661 2205 τὴν
1674 2134 1862 2188 τούτου
1890 2133 1994 2187 λει-

409 2223 694 2292 τουργίαν,
735 2224 878 2296 πλὴν
929 2227 1028 2296 τῆς
1079 2225 1363 2297 ὁρωμένης
1423 2225 1685 2289 νεάνιδος·
1731 2226 1843 2279 καί
1877 2224 1987 2295 γὰρ

412 2314 694 2384 ἀμήχανον
721 2319 780 2371 ὲν
810 2319 948 2388 αὐτῇ
985 2317 1047 2371 τὸ
1072 2317 1446 2388 κρυπτόμενον
1493 2318 1592 2387 τῆς
1637 2317 1862 2384 ἁγνείας
1889 2334 1991 2370 κα-

410 2406 588 2460 τανοῶ
617 2407 835 2475 κάλλος,
881 2410 977 2462 καὶ
1021 2407 1117 2462 τοῦ
1156 2408 1537 2479 κρυπτομένου
1582 2408 1913 2479 φανέρωσιν,
1961 2407 1994 2477 ή

409 2498 509 2552 τοῦ
532 2499 669 2553 Θεοῦ
695 2501 831 2573 πρὸς
863 2500 1070 2571 ταύτην
1117 2501 1336 2555 εὐποιία
1374 2498 1545 2571 [Μαι.
1598 2510 1652 2553 et
1700 2498 1866 2553 Sirm.
1902 2498 1996 2552 εὖ·

410 2587 556 2660 νοια]
603 2590 949 2661 παρίστησιν.
1024 2590 1112 2654 Ὧς
1172 2589 1444 2661 μακάριος
1477 2591 1506 2644 ὁ
1565 2583 1712 2652 οἶκος
1760 2588 1995 2660 Ἰσραὴλ,

413 2680 475 2746 ἰξ
512 2673 574 2734 οὗ
601 2680 664 2734 τὸ
691 2680 932 2736 τοιοῦτον
988 2681 1221 2752 ἀνέθηλε
1249 2680 1560 2752 βλάστημα.
1633 2680 1721 2744 Ὠς
1767 2680 1996 2749 εὐλογη-

419 2772 557 2843 μένη
615 2775 649 2844 ἡ
703 2774 830 2844 ῥίζα
872 2758 1106 2839 Ἰεσσαὶ,
1147 2772 1207 2838 ἐξ
1255 2768 1326 2846 ἦς
1379 2773 1415 2843 ἡ
1460 2770 1788 2842 ἀκμάζουσα
1858 2772 1996 2843 αὕτη

421 2864 615 2935 ῥάϐδος
641 2866 971 2936 ἀνέδραμεν,
997 2867 1031 2935 ἠ
1073 2863 1153 2936 τῷ
1184 2864 1373 2935 κόσμῳ
1401 2864 1502 2935 τὴν
1533 2862 1808 2936 σωτηρίαν
1840 2862 2001 2919 ἀνθο·

420 2959 607 3029 φορεῖν
664 2956 952 3025 μέλλουσα.
1007 2956 1096 3021 Ὠς
1153 2955 1509 3027 ὑπερένδοξος
1563 2957 1599 3026 ἡ
1656 2958 1844 3026 μνήμη
1889 2954 1999 3009 τῶν

421 3049 797 3119 γεννησάντων
831 3067 913 3115 σε,
946 3049 1041 3103 καὶ
1071 3045 1255 3120 πάἇης
1280 3048 1543 3103 ἐπέκεινα
1575 3048 1997 3120 μακαριότητος.

432 3137 524 3204 ἀς
574 3138 961 3212 δεδοξασμένος
1002 3138 1137 3209 ἐγὼ,
1181 3138 1440 3193 τοιούτων
1494 3139 1840 3211 ιντρυφήσας
1875 3138 1998 3193 θεα-

424 3232 612 3303 μάτων
632 3247 648 3263 ⁸
700 3230 977 3305 [τοιούτων
1007 3230 1325 3295 ἀπολαύσας
1368 3231 1478 3285 τῶν
1511 3231 1896 3303 χαρισμάτων⁸
1934 3246 1997 3286 ex

423 3323 563 3380 Max.
594 3322 615 3395 ]
640 3324 897 3396 τοιαύτην
928 3322 1324 3395 νυμφοστολῶν
1369 3322 1470 3395 τὴν
1505 3322 1797 3395 Παρθένον.
1829 3322 2004 3394 Χάριν

398 3418 505 3481 -είς
554 3416 758 3482 αἰῶνας
813 3416 1032 3488 εῖσομαί
1062 3434 1166 3483 σοι,
1198 3418 1295 3473 ναὶ
1341 3416 1572 3488 Κυρίου,
1632 3418 1715 3470 ὅτι
1764 3414 1860 3468 σού
1906 3419 2002 3484 τῆς

423 3506 766 3581 λειτουργίας
792 3508 976 3576 ἕνεκα,
1010 3508 1120 3564 τῶν
1164 3510 1300 3564 πᾶσι
1349 3507 1580 3572 δικαίοις
1632 3506 2006 3577 ὲπιθυμουμέ-

424 3618 535 3655 νων
566 3601 666 3655 οὐκ
705 3600 998 3672 ἀπέτυχον.
1035 3601 1288 3673 Σήμερον
1318 3598 1431 3669 ἐγὼ
1485 3599 1628 3669 ὑπὲρ
1682 3600 1894 3661 πάντας
1926 3601 2004 3651 ιε-

428 3690 561 3765 ρέας
599 3690 1007 3761 ἐμεγαλύνθην·
1038 3692 1279 3771 σήμερον
1326 3690 1467 3760 ὑπὲρ
1505 3688 1755 3751 ἅπαντας
1786 3688 2003 3758 προφή-

427 3802 525 3845 τας
550 3783 863 3856 ἐδοξάσθην.
904 3784 975 3839 Ἀ
1002 3783 1113 3855 γὰρ
1136 3785 1334 3837 ἐκεῖνοι
1364 3783 1421 3835 ὲν
1450 3783 1631 3844 σκιαῖς
1657 3780 2005 3851 ὲμυήθησαν,

426 3876 637 3932 τούτων
679 3877 790 3947 ἐγὼ
830 3877 927 3942 τὰς
957 3876 1130 3949 ἀρχὰς
1164 3874 1386 3946 ἀληθεῖς
1411 3871 1750 3927 κατοπτεύω.
1801 3891 1819 3924 ι

502 3969 738 4023 Τοιαῦτα
757 3967 851 4023 τδν
861 3967 1157 4039 Ζαχαρίαν,
1176 3967 1248 4031 ὡς
1269 3967 1439 4030 εἰκὸς,
1456 3961 1525 4038 ἦν
1544 3963 1891 4026 διανοεῖσθαι,
1914 3964 2008 4018 ἆτε

429 4063 560 4124 ξένα
593 4061 688 4116 καὶ⁵
720 4062 818 4132 τὴν
845 4061 1007 4131 φύσιν
1031 4059 1356 4122 ὲκνικῶντα,
1387 4058 1457 4113 τὰ
1475 4060 1573 4126 τῆς
1604 4056 1884 4128 Παρθένου
1910 4074 2012 4107 κα-

428 4154 726 4208 τανεοῧντσ.
752 4140 1052 4225 παράδοξα.
1089 4152 1200 4206 Καὶ
1225 4152 1336 4225 γὰρ
1371 4150 1447 4215 ῶς
1475 4149 1690 4235 ἀληθῶς
1723 4148 1999 4218 ὑπῆρχον.

433 4248 500 4298 Ὢ
534 4246 833 4318 προοιμίων
864 4245 1158 4316 θαυμάτων
1177 4243 1369 4317 [Sirm.
1389 4238 1766 4314 θαυμαστῶνμ
1791 4240 1856 4292 ’Ὠ
1874 4257 1937 4293 συ
1945 4258 2010 4310 μ-

427 4336 604 4391 ϐἱὶων
637 4336 907 4405 ὲξαισίωνί
942 4337 1007 4389 Ὤ
1036 4333 1320 4404 αὐξήσεως
1359 4331 1631 4402 σώματος,
1661 4331 1761 4401 τὴν
1790 4332 1886 4400 τῆς
1911 4331 2011 4399 χά-

430 4428 581 4497 ρίτος
613 4428 863 4481 ἐπίτασιν
892 4424 1298 4495 ὑπεραίρουσαν
1323 4421 1652 4493 δεχομένηςι
1689 4421 1752 4472 Ὢ
1783 4421 1880 4488 τῆς
1917 4437 2013 4472 κα-

2098 1975 2289 2034 pturus
2322 1965 2446 2019 est?
2473 1965 2682 2018 Etenim
2717 1965 3033 2034 mysterium
3065 1963 3167 2017 hoc
3194 1961 3295 2015 fuit
3324 1958 3662 2029 praedictum,

2094 2072 2159 2113 ac
2183 2059 2400 2113 divinus
2431 2055 2622 2113 Sermo
2653 2060 2817 2113 talem
2854 2056 3082 2125 requirit
3110 2068 3233 2124 quat
3260 2052 3335 2106 illi
3370 2050 3663 2104 ministret.

2094 2150 2247 2204 llaud
2295 2149 2453 2218 plane
2500 2149 2603 2221 alia
2638 2149 2775 2202 tanti
2814 2147 3064 2218 mysterii
3111 2144 3356 2200 ministra
3389 2141 3665 2212 protelet-Ia

2095 2239 2286 2305 fuerit,
2314 2254 2476 2307 quam
2510 2239 2626 2293 hate
2668 2252 2852 2291 coram
2888 2237 3062 2306 posita
3092 2233 3403 2303 iuvencula.
3452 2229 3666 2286 Etenim

2096 2332 2420 2386 immensum
2451 2330 2738 2398 quemdam
2785 2328 3056 2385 castitatis
3088 2327 3142 2381 iu
3169 2341 3233 2380 ea
3267 2323 3537 2380 occultum
3572 2321 3671 2375 de-

2096 2436 2277 2476 corem
2309 2420 2616 2486 considero,
2649 2435 2812 2491 quem
2837 2420 3013 2491 ipsum
3041 2418 3224 2474 divina
3261 2416 3314 2471 in
3348 2430 3468 2469 eam
3506 2412 3671 2467 bene-

2099 2512 2219 2567 ﬁcia
2260 2510 2434 2582 palam
2466 2509 2694 2579 faciunt,
2732 2524 2797 2566 ac
2828 2516 3246 2579 repraesentant.
3292 2505 3462 2573 Quam
3511 2505 3669 2558 beata

2099 2604 2290 2658 domus
2315 2602 2499 2667 Israel,
2531 2617 2600 2658 ex
2632 2618 2734 2671 qua
2770 2602 2877 2657 tale
2905 2615 3127 2670 germen
3154 2596 3463 2668 pullulavitl
3499 2595 3673 2662 Quam

2099 2696 2382 2751 benedicta
2432 2695 2585 2750 radix
2632 2694 2820 2759 David,
2867 2708 2933 2747 ex
2963 2706 3068 2762 qua
3112 2693 3295 2745 virens
3341 2690 3456 2744 haec
3501 2688 3672 2757 virga.

2099 2789 2290 2844 salutis
2315 2787 2502 2843 ﬂorent
2533 2786 2732 2841 mundo
2752 2785 2986 2852 editura,
3013 2785 3259 2839 ascendit
3283 2782 3297 2835 l
3330 2780 3501 2849 Quam
3524 2778 3674 2832 omni

2102 2882 2274 2947 major
2326 2880 2520 2951 gloria,
2557 2877 2818 2934 memoria
2867 2892 3054 2932 eorum
3105 2875 3197 2946 qui
3248 2886 3300 2929 te
3345 2877 3674 2944 genuerunt,

2100 2975 2356 3044 omnique
2404 2983 2669 3044 prazsuns
2720 2971 2999 3026 felicitati!
3053 2968 3224 3035 Quam
3271 2968 3388 3037 ipse
3425 2978 3678 3033 magnam

2101 3065 2326 3136 gloriam
2372 3065 2618 3131 adeptus,
2654 3064 2746 3134 qui
2785 3061 2983 3118 talibus
3012 3059 3340 3129 spectaculis
3385 3057 3682 3112 delectatus

2105 3158 2243 3225 sim;
2300 3155 2428 3210 talia
2471 3156 2571 3211 sim
2622 3161 2947 3209 consecutus
2995 3153 3172 3216 dona;
3224 3157 3389 3202 tautae
3445 3144 3731 3215 Virginis‘

2107 3250 2281 3305 factus
2312 3247 2629 3319 pronubusl
2662 3244 2997 3301 lmmortales
3030 3242 3126 3297 tibi
3158 3242 3361 3312 gratias
3395 3237 3682 3301 habebo,o

2107 3339 2317 3394 Domini
2371 3337 2650 3404 templum,
2705 3335 2847 3404 quod
2896 3333 3186 3388 occasione
3239 3326 3526 3385 ministerii
3578 3324 3681 3388 tui,

2109 3430 2421 3484 desiderata
2465 3427 2678 3481 cunctis
2718 3423 2890 3479 Justis
2930 3421 3145 3476 tandem
3197 3426 3522 3472 consecutus
3554 3413 3679 3468 sim.

2105 3519 2270 3573 Plane
2301 3516 2464 3573 hodie
2487 3514 2864 3587 magniﬁcatus
2888 3527 3009 3568 sum
3036 3524 3148 3581 prae
3171 3504 3544 3564 sacerdotibus
3565 3504 3686 3556 uni-

2109 3610 2318 3677 versis;
2389 3607 2647 3678 majorem
2698 3619 2862 3675 supra
2914 3615 3106 3657 omnes
3154 3599 3472 3668 prophetas,
3522 3592 3688 3648 hodie

2108 3700 2317 3757 obtinui
2347 3700 2594 3771 gloriam.
2622 3697 2752 3764 Quae
2770 3697 2914 3751 enim
2941 3692 3017 3749 illi
3040 3692 3094 3748 in
3127 3689 3333 3746 umbris
3357 3688 3685 3751 didicerunt,

2109 3809 2296 3848 eorum
2332 3807 2432 3862 ego
2459 3806 2585 3846 vera
2611 3790 2768 3845 initia
2800 3786 2974 3844 oculis
3006 3787 3240 3842 intueor.
3280 3801 3302 3836 ι

2184 3956 2335 4010 Talia
2378 3952 2684 4010 Zacharias
2716 3951 2856 4006 haud
2902 3948 3176 4005 immerito
3221 3959 3407 4000 secum
3449 3944 3692 4014 cogitare

2113 4057 2349 4117 poterat,
2377 4056 2432 4121 _ut
2451 4046 2544 4114 qui
2577 4058 2737 4108 nova,
2766 4056 2831 4096 ac
2860 4054 3023 4111 supra
3052 4053 3214 4108 quam
3249 4046 3440 4090 natura
3470 4035 3689 4098 habeat,

2114 4141 2452 4211 perspiceret
2500 4123 2739 4207 Virginis
2795 4135 2883 4189 illa
2949 4132 3220 4203 prodigia.
3275 4132 3353 4183 Ac
3405 4128 3564 4198 plane
3611 4126 3711 4180 sie

2116 4234 2411 4288 habebant.
2443 4228 2489 4286 Ο
2520 4228 2783 4284 miraculo
2829 4227 2986 4297 plena
3019 4221 3208 4278 initia!
3237 4222 3283 4276 0
3311 4219 3511 4275 eximia
3540 4231 3691 4289 sym-

2115 4323 2268 4378 bolal
2304 4322 2348 4378 0
2381 4330 2719 4376 crementum
2770 4316 3016 4386 corporis
3056 4312 3456 4382 praecellentem
3499 4308 3693 4379 gratia;

2113 4413 2479 4466 accrctionem
2515 4407 2847 4478 suscipiens!
2884 4406 2929 4461 0
2960 4405 3215 4460 mundam
3267 4402 3415 4456 illam
3455 4414 3519 4453 ac
3550 4410 3694 4466 prm-

429 4496 607 4590 θαρᾶς
659 4517 875 4589 ἐκείνης
929 4518 1025 4571 καὶ
1058 4514 1455 4585 ύπερλὰμπρου
1508 4511 1726 4582 ψυχῆςῑ
1781 4511 1903 4582 ἠτις
1953 4511 1999 4564 ὲκ

2119 4504 2264 4560 clare
2308 4503 2644 4575 splendidam
2683 4500 2943 4563 animam,
2971 4512 3090 4567 qua:
3136 4496 3190 4550 in
3214 4504 3408 4566 vegeto
3437 4506 3696 4560 corpore,

429 4609 736 4682 ἀκμάζοντι
762 4609 975 4679 σώματι
997 4607 1066 4661 τά
1092 4606 1233 4678 ὑπὲρ
1255 4605 1418 4675 φύσιν
1434 4604 1648 4658 ἐδείκνυ
1675 4603 2008 4673 πλεονεκτή-

434 4717 582 4769 ματα
604 4715 618 4729 °
673 4699 794 4769 ἥτις
841 4695 919 4769 τῷ
952 4695 1142 4749 τούτου
1189 4695 1370 4749 ἀτελεῖ
1408 4694 1544 4766 πρός
1578 4693 1638 4746 τὺ
1670 4691 1880 4746 τέλειον
1912 4692 2014 4760 τῆς

430 4791 637 4861 ἀρετῆς
693 4776 796 4843 οὐκ
838 4786 1122 4857 ἐκωλύθη·
1177 4786 1303 4854 ἥτις
1350 4784 1450 4855 τὴν
1505 4782 1640 4852 πρδς
1692 4782 1828 4835 Θεὸν
1889 4798 2017 4834 συν-

432 4885 659 4949 άρειαν,
682 4879 767 4950 ’τῷ
791 4878 897 4950 νέῳ
927 4878 1028 4946 τῆς
1077 4876 1336 4947 ήληκίας.
1383 4876 1445 4928 ού
1472 4873 1724 4943 διεκόπη.
1763 4872 1860 4937 Τίς
1884 4864 2014 4935 εἶδε,

431 4975 521 5037 τίς
549 4973 745 5045 ἢκουσε
815 4969 1074 5038 τοιαύτην
1128 4967 1392 5022 ἀνάϐασιν
1442 4965 1692 5034 σώματος
1740 4965 1797 5016 ὲν
1844 4965 2019 5032 ἀγὶοις

434 5064 875 5135 ὲκδιαιτωμένου,
921 5064 1018 5117 καὶ
1070 5060 1161 5116 ὑπ’
1231 5060 1478 5129 ἀγγέλων
1526 5058 2017 5128 δορυφορούμενοι).

435 5158 538 5212 καὶ
560 5154 865 5226 ἀμϐροσίαν
889 5152 1097 5224 τροφὴν
1121 5148 1501 5220 εἰσδεχομὲνου
1524 5165 1539 5211 ;
1572 5147 1757 5216 Ψυχαὶ
1790 5146 1885 5217 μὲν
1913 5148 2021 5216 γὰρ

434 5252 506 5320 τῇ
551 5246 807 5316 κοινωνίᾳ
841 5242 934 5298 τοῦ
964 5242 1214 5313 σώματος
1261 5238 1426 5312 [δέν.
1474 5238 1567 5293 τοῦ
1602 5234 1922 5309 ἀσωμάτου]
1975 5239 2021 5289 εξ

436 5343 536 5396 καὶ
561 5341 640 5405 είς
669 5339 837 5410 ἀκρον
861 5333 1131 5398 ἀπαθείας
1158 5332 1425 5394 ὲλάσειεν,
1443 5331 1596 5400 μόλις
1625 5329 1690 5383 ἂν
1719 5328 2019 5398 ἀγγελιχῆς

511 5479 625 5550 (‘39)
660 5475 958 5550 Incorporei
996 5473 1376 5550 cauniaunione.
1408 5470 1678 5550 κοινωνία
1724 5468 1819 5550 τοῦ
1870 5469 2014 5522 ἀσω-

444 5541 642 5620 μίίτού.
706 5541 1106 5620 Plnretdectio
1147 5548 1281 5620 haec,
1331 5558 1394 5597 ex
1456 5542 1622 5620 Sirm.
1656 5541 1862 5597 conire.
1898 5556 2017 5617 qua:

441 5609 526 5678 cst
564 5616 962 5673 etiachteris
1002 5613 1335 5681 interpretis,
1368 5625 1428 5665 ut
1484 5613 1819 5681 signiﬁcetur
1853 5609 2012 5681 ratio,

448 5710 554 5761 qua
595 5690 787 5746 habent
819 5689 1033 5761 auritum,
1075 5679 1225 5737 ullad
1250 5684 1546 5761 angelicam
1583 5680 1727 5761 illam
1756 5679 2014 5761 itttpassj.

445 5747 709 5819 uilitatem
758 5760 965 5827 possint
1003 5767 1307 5823 assurgere.
1349 5751 1415 5807 Ut
1474 5762 1617 5805 esset
1660 5753 1725 5820 τῇ
1759 5747 2014 5816 κοινωνίᾳ

2116 4598 2320 4666 majora
2345 4610 2505 4664 quam
2540 4609 2638 4662 pro
2673 4593 2906 4647 hunmna
2932 4589 3142 4644 ratione
3172 4600 3396 4643 munera
3420 4582 3696 4648 ostendit;

2113 4689 2199 4745 cui
2238 4690 2412 4744 aetatis
2446 4685 2722 4750 defectus,
2773 4683 2905 4739 nihil
2938 4684 3004 4736 ad
3048 4681 3263 4735 virtutis
3298 4676 3694 4733 absolutionem

2115 4778 2501 4849 impedimento
2547 4776 2686 4845 fuit;
2723 4777 2876 4845 cujus
2924 4775 2991 4828 ad
3035 4773 3204 4827 Deum
3254 4768 3695 4839 coniunctionem

2118 4872 2252 4927 nihil
2299 4869 2553 4937 juventus
2602 4866 2905 4937 probibuitl
2944 4865 3077 4930 Quis
3128 4864 3300 4925 vidit,
3333 4861 3457 4931 quis
3491 4854 3701 4911 audivit

2122 4962 2280 5017 talem
2313 4961 2711 5032 provectionetn
2739 4957 3005 5026 corporis,
3040 4956 3181 5024 quod
3214 4956 3267 5008 in
3301 4949 3507 5006 sanctis
3541 4949 3697 5001 habi-

2120 5062 2279 5118 taret,
2318 5067 2383 5106 ac
2432 5051 2729 5118 stiparetur
2760 5050 2828 5103 ab
2863 5047 3093 5117 angelis,
3143 5046 3374 5106 ciboque
3425 5040 3700 5093 ambrosia

2122 5144 2461 5211 nutriretur?
2489 5142 2655 5198 Plane
2686 5144 2899 5202 animm,
2936 5138 3150 5193 tametsi
3180 5137 3244 5189 ad
3279 5147 3546 5187 summam
3577 5146 3701 5197 pcr-

2121 5237 2370 5292 veueriut
2423 5234 2958 5305 intpas-ibilitatcnt,
3012 5230 3099 5282 vix
3155 5237 3334 5281 tamen
3389 5222 3698 5289 incorporei

2118 5328 2501 5384 comu'tuuionc
2528 5323 2662 5396 (29),
2696 5322 2937 5391 angelica
2971 5335 3097 5376 esca
3131 5320 3398 5383 fruantur,
3429 5315 3699 5383 siquidem

2123 5467 2219 5522 τοῦ
2279 5466 2554 5537 σώματος,
2584 5465 2984 5537 signiﬁcaretur
3005 5460 3056 5513 id
3085 5457 3226 5537 quod
3254 5454 3450 5537 anima:
3484 5464 3568 5534 est
3601 5454 3705 5505 im-

2125 5524 2457 5605 pedimento,
2495 5524 2554 5589 ut
2587 5524 2661 5588 ut?
2687 5550 2805 5605 eam
2833 5531 2988 5585 facile
3019 5524 3189 5598 possit
3226 5524 3705 5603 attingereﬁuxta

2123 5597 2333 5663 llitttlu
2387 5597 2597 5677 Ctlrpus
2662 5604 2802 5673 quod
2856 5607 3538 5670 cot't'tt-tqtetttt',aggravet
3585 5597 3707 5649 aut-

2122 5694 2289 5745 tuam,
2330 5696 2347 5730 ι
2392 5688 2502 5732 etc.
