4060 6430
344 341 475 403 ΗΜ

1302 343 1382 402 IN
1423 345 1529 405 SS.
1575 345 1774 406 DEiP.
1818 345 2267 409 INGRESSUM
2303 346 2386 408 IN
2423 347 2644 408 TEMP.

3467 350 3602 415 1442

342 455 472 506 αὐτ),
503 452 790 522 δηλοῦται,
841 453 975 524 πρός
1013 450 1125 504 ἴσον
1185 453 1284 504 οὐκ
1316 453 1543 517 ἀπεικὸς
1575 454 1638 506 ἂν
1677 455 1916 525 κριθεῐεν

2033 456 2089 510 iis
2116 472 2261 518 vero,
2295 459 2457 510 etiam
2483 457 2715 526 Virginis
2743 459 2900 523 iesta,
2934 473 3054 529 quae
3097 469 3149 514 et
3178 459 3290 530 ipsa
3348 463 3488 516 idem
3526 485 3601 516 st-

319 537 658 614 ’ἀποφέρει-ι.
679 545 818 613 Ἐγὼ
847 547 944 615 μὲν
968 540 1061 598 οὖν
1091 544 1166 608 ὼς
1207 544 1308 615 ήδη
1342 545 1517 618 πέρας
1543 550 1600 598 ἐν
1633 550 1744 610 τοῖς
1775 547 1914 615 φθά-

343 654 499 690 σασιν
529 636 738 694 ἐπιθεὶς
772 636 849 706 τῷ
875 637 1040 705 λόγῳ,
1075 635 1463 706 προεϐαλόμην
1496 637 1563 689 τὰ
1593 639 1692 707 τῆς
1723 639 1920 692 ἀπολο-

340 729 487 793 γίας,
519 727 913 799 πολιορκούσης
951 727 1043 780 τὸν
1076 727 1238 780 πόθον
1271 729 1369 796 τῆς
1400 729 1670 800 ἀπορίας,
1709 732 1800 784 καὶ
1840 731 1917 801 μὴ

341 819 552 890 ἐώσης,
601 820 742 873 κατά
791 821 851 872 τὸ
881 819 943 890 δὴ
975 819 1289 888 λεγόμενον,
1326 820 1710 890 ὑπερὸάθμιον
1741 823 1922 874 ἐκτεί-

339 929 452 965 νειν
483 912 622 965 πόδα
648 952 662 974 ,
701 912 836 981 μηδὲ
864 912 972 964 τῶν
1014 911 1156 982 ὑπὲρ
1185 911 1414 982 δύναμιν
1450 913 1676 982 προσέτι
1718 931 1920 982 κατεγ-

348 1005 594 1072 χειρείνο
661 1002 960 1072 ἐπειδήπερ
999 994 1157 1064 οὗτος
1216 1001 1319 1054 ὑπὸ
1369 1001 1467 1070 τῆς
1505 1001 1729 1071 ἀφανῶς
1777 1001 1922 1054 ἔνδον

342 1093 766 1164 ὑποσμυχούσης
813 1093 1011 1161 φλογὸς
1053 1093 1501 1163 πυρπολούμενος
1527 1136 1540 1158 ,
1579 1093 1821 1164 μεχάλης
1863 1111 1922 1147 τε

340 1183 442 1253 ήδη
476 1184 678 1253 ταύτης
720 1183 1244 1254 ἀναρριπισθείσης,
1278 1187 1345 1253 τῇ
1404 1185 1585 1254 σιωπῇ
1623 1184 1697 1253 μὴ
1737 1183 1922 1253 φέρων

339 1274 438 1346 τήν
467 1275 645 1345 ῥύμην
676 1275 951 1344 κατέχειν,
995 1275 1100 1340 ἔξω
1126 1275 1330 1345 ταύτην
1378 1275 1742 1344 ἐπειγομένην
1793 1291 1927 1344 προ-

341 1369 544 1435 ήγαγε’
564 1366 697 1436 πρὸς
721 1368 948 1437 ἄπειρον
975 1366 1228 1419 ἐντεῦθεν
1254 1366 1642 1436 ἐκτεινομένην
1668 1366 1810 1436 ὀρῶν
1828 1364 1927 1435 τὴν

339 1457 638 1523 ὑπόθεσιν,
679 1457 772 1511 τοῦ
829 1459 1262 1528 ὑπεκκαύματος
1309 1458 1663 1530 διαρκούντος
1718 1460 1798 1520 εἰς
1829 1459 1927 1528 τὴν

339 1544 680 1616 ἐκπύρωσιν,
719 1547 813 1600 καί
839 1564 932 1616 μοι
957 1547 1383 1619 τυραννουμένῳ
1415 1547 1492 1617 τῷ
1525 1548 1707 1612 πάθει,
1739 1548 1798 1600 τὸ
1829 1549 1927 1616 τῆς

340 1637 676 1708 συγγνώμης
699 1638 929 1702 ἕκαστος
964 1639 1074 1691 τῶν
1094 1641 1382 1710 παρόντων
1403 1643 1756 1712 ἀπονειμάτω
1787 1660 1849 1695 συ
1859 1662 1926 1712 μ-

338 1731 530 1794 παθές.
589 1731 806 1784 Μᾶλλον
846 1731 904 1784 δὲ
947 1731 1001 1784 τί
1033 1731 1115 1785 δεῖ
1167 1733 1274 1804 πρὸ
1309 1732 1451 1805 [leg.
1489 1734 1668 1808 πρὸς]
1709 1736 1927 1789 πάντων

2023 549 2281 616 gniﬁt-ent
2305 589 2320 613 ,
2357 550 2406 601 in
2441 555 2650 617 a-qnale
2679 566 2783 602 non
2821 551 3100 605 immerito
3145 553 3474 607 desiderium
3537 571 3601 609 ac

2021 654 2258 692 amorem
2302 655 2489 709 rapere
2539 642 2840 696 videantur.
2897 641 3009 710 Ego
3059 658 3228 708 sane,
3269 645 3382 714 jam
3435 646 3598 701 linem

2023 731 2251 784 orationi
2305 733 2356 785 in
2394 733 2764 802 superioribus
2815 734 3144 800 impOnens,
3192 738 3598 793 excusationem

2025 825 2419 891 praetendebant
2460 835 2804 893 oppugnante
2847 827 3170 880 desiderium
3222 831 3444 897 penuria
3474 869 3488 894 ,
3523 832 3603 884 vi-

2029 916 2277 984 riumque
2329 917 2574 970 exilitate
2611 933 2624 968 :
2656 932 2718 968 ac
2741 959 2756 980 ,
2789 918 2931 984 quod
2969 919 3074 971 dici
3105 919 3277 981 solet,
3311 936 3376 975 ne
3410 922 3598 990 pedem

2025 1007 2242 1073 quidem
2290 1009 2500 1061 sinente
2538 1009 2704 1076 gradu
2739 1010 3022 1062 sublimem
3057 1013 3360 1066 extendere
3382 1053 3396 1076 ,
3433 1025 3604 1066 net-ve

2026 1099 2200 1151 adhuc
2227 1113 2289 1152 ea
2315 1108 2546 1163 tentare,
2571 1116 2686 1167 qua:
2717 1099 2922 1168 majora
2960 1101 3158 1155 vit-tute
3188 1113 3369 1156 essent
3403 1101 3598 1172 :(Nam

2027 1189 2180 1251 illud,
2219 1191 2415 1244 latente
2447 1193 2674 1244 interius
2708 1189 2922 1243 llatnma
2952 1194 3254 1245 clanculum
3289 1193 3610 1258 incensum,

2027 1296 2198 1346 eaque
2227 1281 2336 1348 jam
2371 1283 2559 1351 majori
2603 1285 2880 1346 excitata,
2913 1287 3040 1336 dum
3088 1284 3304 1339 silentio
3340 1287 3616 1354 impetum-

2029 1373 2287 1427 cobibere
2344 1390 2448 1426 non
2499 1385 2717 1442 posset,
2772 1385 3070 1427 certantem
3125 1391 3243 1426 eam
3282 1390 3600 1444 erumpere,

2031 1457 2176 1512 foras
2220 1460 2550 1526 produxerat
2581 1461 2646 1527 :)
2697 1476 2818 1514 cum
2870 1463 3122 1514 nimirum
3175 1478 3226 1514 ut
3271 1463 3600 1517 immensum

2033 1551 2153 1602 inde
2179 1563 2554 1620 argumentum
2583 1549 2832 1605 dilIusutu
2869 1555 3132 1618 Videretn,
3177 1553 3269 1607 tali
3306 1558 3614 1610 essistente'

2034 1642 2148 1697 lace
2177 1681 2193 1708 ,
2223 1658 2285 1698 ac
2316 1643 2590 1697 incentivo
2611 1681 2627 1706 ,
2665 1653 2723 1696 ut
2751 1644 2974 1696 omnino
3022 1653 3206 1712 pOSset
3253 1648 3600 1700 succendere.

2033 1734 2184 1787 Nunc
2222 1750 2440 1803 quoque
2466 1774 2482 1799 ,
2515 1734 2601 1788 cui
2631 1732 2846 1788 all‘ectio
2893 1733 2998 1786 vim
3033 1732 3193 1787 faciat
3217 1773 3232 1797 ,
3260 1736 3461 1804 quique
3487 1751 3602 1799 vas,

337 1824 513 1877 αἰτεῖν
567 1822 767 1888 τοῦτο,
818 1823 1031 1876 πολλῶν
1082 1824 1254 1877 ὄντων
1305 1825 1686 1897 συνηδομένων
1732 1828 1882 1898 αύτῷ
1911 1843 1923 1858 ⁸

2035 1829 2337 1890 auditores,
2397 1827 2596 1880 afl'ectu
2633 1825 2946 1895 indulgete,
2992 1841 3054 1878 ac
3085 1827 3309 1880 tribuite
3365 1827 3604 1880 veniam.

336 1914 720 1986 εύαριθμήτων
756 1915 833 1980 δέ,
869 1917 979 1970 τῶν
1009 1915 1078 1971 τὰ
1105 1917 1207 1987 τῆς
1241 1917 1366 1988 βίας
1429 1919 1504 1989 μὴ
1545 1921 1922 1990 προσιεμένων

333 2006 431 2060 τοῦ
483 2008 852 2078 πράγματος;
892 2009 1002 2062 Καὶ
1027 2013 1076 2063 εί
1113 2011 1214 2079 μέν
1247 2028 1298 2064 τι
1327 2011 1438 2065 τῶν
1473 2012 1828 2065 συνοισὸντων
1854 2015 1920 2084 τῇ

338 2097 652 2166 πανηγύρει
705 2101 732 2150 ὀ
787 2098 980 2170 παρὼν
1024 2101 1284 2168 ἐπιδείξει
1331 2101 1488 2172 λόγος
1523 2145 1536 2165 ,
1573 2102 1734 2173 χάριν
1775 2103 1922 2174 ἔχειν

336 2190 418 2260 τῷ
475 2189 663 2258 ἄγοντι
709 2191 980 2262 ὲπαινετῴ
1027 2191 1172 2257 sm,
1228 2193 1324 2248 καὶ
1375 2196 1442 2265 τῇ
1493 2195 1599 2266 ἰδίᾳ
1649 2194 1774 2266 νίκῃ
1829 2195 1923 2248 τὸν

337 2283 642 2355 ἡττηθέντα
691 2285 1019 2356 στεφανίτην
1068 2285 1468 2354 ἀποφαίνοντι·
1534 2287 1584 2339 εί
1646 2286 1704 2339 δὲ
1736 2287 1925 2356 πόρρω

337 2397 445 2433 που
485 2381 593 2432 τῶν
637 2379 842 2450 ταύτης
896 2380 1021 2434 κατ’
1070 2380 1230 2445 ἀξίαν
1264 2379 1624 2450 ἀπολειφθείη
1650 2398 1664 2411 ·
1705 2380 1928 2434 ἀπολει-

337 2471 611 2543 φθήσεται
669 2472 779 2543 γάρ
840 2467 1099 2534 πάντωςο
1153 2471 1303 2543 αύτῷ
1361 2472 1462 2543 μὲν
1515 2472 1583 2526 τά
1643 2473 1744 2543 τῆς
1804 2472 1928 2525 τόλ-

336 2579 473 2633 μης,
519 2564 650 2633 ἡμῖν
683 2563 740 2616 δὲ
771 2563 839 2616 τά
869 2564 968 2634 τῆς
1003 2563 1311 2634 ἀπολογίας,
1359 2564 1687 2636 κριθείησαν
1713 2564 1930 2633 εὔλογα.

335 2645 474 2707 Ὧδε
511 2655 610 2725 μὲν
640 2651 735 2708 οὖν
757 2654 934 2708 ταῦτα
959 2655 1132 2725 ἐχέτω
1152 2673 1166 2686 ο
1201 2657 1362 2725 ἡμεῖς
1391 2655 1450 2710 δέ
1494 2657 1603 2710 τῶν
1634 2655 1763 2726 ἐξῆς
1793 2659 1929 2727 ἐχώ-

335 2745 526 2818 μεθα,
575 2746 772 2818 ὁδηγὸν
818 2747 918 2818 τὴν
959 2747 1142 2802 αἰτίαν
1181 2748 1281 2819 τῆς
1327 2748 1642 2814 ὑποθέσεως
1693 2749 1927 2820 αἰτησά-

336 2855 517 2910 μενοι.

2031 1918 2286 1984 Qninimo
2309 1955 2324 1981 ,
2359 1916 2488 1986 quid
2522 1917 2590 1971 ab
2643 1916 2910 1970 universis
2947 1917 3046 1969 ltoc
3072 1915 3444 1986 exigendum?
3478 1931 3605 1972 cum

2031 2011 2210 2079 plures
2239 2025 2295 2063 re
2319 2010 2658 2064 delectentur
2688 2025 2704 2074 ;
2738 2010 2956 2077 sintque
2983 2008 3272 2062 admodum
3305 2009 3483 2078 pauci.
3511 2011 3610 2080 qui-

2032 2118 2139 2156 non
2167 2103 2418 2172 probent,
2455 2110 2620 2168 atque
2653 2101 2946 2154 admittant
2975 2100 3237 2165 ejusmodi
3272 2101 3606 2157 violentiam.

2027 2195 2107 2247 Ac
2137 2195 2375 2263 quidem.
2409 2207 2466 2246 ut
2497 2194 2684 2248 isthmc
2706 2203 2884 2246 nostra
2918 2193 3093 2247 oratio
3113 2232 3128 2254 ,
3158 2208 3338 2261 opera:
3371 2196 3604 2262 pretium

2028 2285 2229 2353 aliquid
2255 2284 2585 2338 solemnitati
2614 2284 2886 2343 ostendat.
2919 2285 3094 2352 agenti
3123 2284 3392 2338 desiderio
3416 2299 3608 2353 repeti.

2031 2377 2224 2430 denda:
2265 2387 2426 2431 erunt
2456 2377 2672 2446 gratim,
2701 2390 2823 2429 cum
2862 2375 2992 2429 illud
3028 2375 3298 2431 laudabile
3331 2378 3604 2441 exsistat;

2033 2481 2241 2535 suaque
2270 2468 2445 2536 ipsum
2482 2465 2710 2522 victoria
2734 2501 2753 2527 ,
2787 2479 2913 2519 eum
2941 2503 2956 2528 ,
2987 2465 3078 2534 qui
3109 2467 3282 2518 victus
3315 2468 3408 2529 sit,
3436 2467 3611 2520 victo-

2035 2574 2170 2625 rem,
2203 2575 2267 2613 ac
2293 2561 2550 2613 donatum
2587 2572 2786 2612 cornua
2818 2559 3091 2612 ostendat.
3120 2558 3218 2612 Sin
3241 2569 3418 2611 autem
3450 2558 3608 2628 longe

2033 2655 2243 2710 meritis
2297 2655 2472 2724 impar
2505 2653 2812 2707 inveniatur
2844 2669 2858 2706 :
2892 2652 2911 2720 (
2940 2649 3111 2706 Porro
3144 2664 3323 2707 autem
3365 2653 3613 2707 invenie-

2030 2761 2114 2803 tur
2142 2749 2193 2816 :)
2253 2748 2352 2816 ipsi
2399 2748 2612 2816 quidem
2652 2747 2973 2812 temeritas;
3041 2746 3193 2800 nobis
3241 2755 3420 2800 autem
3466 2746 3608 2814 justa

2024 2838 2268 2898 defensio
2309 2840 2500 2903 merito
2535 2840 2823 2893 tribuatur.
2867 2839 3041 2906 Atque
3069 2840 3181 2892 lucc
3201 2839 3442 2906 quidem,
3481 2855 3616 2893 mo-

334 2928 471 2984 dum
528 2928 670 2983 lmnc
723 2929 1012 2986 habeant:
1065 2947 1165 2988 nos
1196 2941 1414 2998 autem,
1485 2933 1552 2988 iis
1621 2949 1743 3003 quae
1800 2942 2123 3002 sequuntur,
2172 2931 2524 2996 insistamus,
2575 2932 2767 2984 ducem
2833 2928 2949 2984 fore
3003 2939 3254 2999 rogantes
3298 2946 3454 2998 eam,
3494 2947 3617 3001 qua:

333 3020 645 3089 argumenti
679 3034 845 3074 causa
880 3022 1118 3088 exsistit,
1154 3031 1398 3076 sanctam
1430 3022 1740 3092 Deiparatn.

415 3112 554 3183 Ἤδη
597 3112 695 3183 μὲν
739 3107 834 3167 οὖν
867 3113 1002 3183 πρὸς
1055 3113 1120 3167 τὸ
1163 3113 1472 3186 παράδοξον
1509 3115 1608 3185 τῆς
1646 3114 1776 3176 θέας
1827 3114 1922 3166 ἐκ·
1950 3117 1994 3175 C

332 3207 718 3278 πληττομένου
755 3205 1026 3277 Ζαχαρίου
1057 3244 1075 3270 ,
1130 3205 1394 3276 ἐπιπνοίᾳ
1449 3221 1510 3258 τε
1565 3204 1815 3276 θειοτέρα
1865 3189 1927 3259 τὸ

337 3299 538 3370 μέλλον
574 3297 1016 3368 τεκμαιρομένου
1041 3312 1056 3327 ·
1099 3296 1154 3349 τί
1209 3295 1276 3350 ἂν
1333 3295 1385 3348 οἰ
1422 3296 1518 3350 τοῦ
1560 3295 1696 3350 ναοῦ
1739 3295 1928 3366 ἔφοροι

332 3389 565 3456 ἄγγελοι
598 3388 736 3460 πρὸς
764 3386 924 3442 τοῦτο
976 3389 1264 3441 κατανοεῖν
1293 3386 1551 3458 ἐμελλον;
1579 3387 1734 3441 Τίσιν
1754 3388 1929 3458 ἀμφι-

337 3481 574 3544 ϐολίαις,
609 3479 713 3535 κᾶν
747 3479 928 3551 νοεροὶ
956 3479 1322 3550 τυτχάνοντες
1366 3474 1530 3551 ἦσαν,
1565 3479 1628 3532 τὸ
1661 3479 1931 3550 βλεπόμε-

338 3591 434 3626 νον
460 3572 736 3626 διελύοντο
759 3589 773 3636 ;
827 3571 938 3632 Καὶ
962 3569 1072 3648 γάρ
1098 3571 1412 3640 ἀπόρρητον
1438 3568 1598 3622 τοῦτο
1621 3564 1710 3639 ἦν,
1746 3569 1932 3640 μόνοις

337 3663 700 3734 δηλούμενον,
733 3659 815 3726 οἷς
849 3664 877 3716 ὁ
913 3661 1091 3732 δηλῶν
1121 3700 1125 3705 -
1137 3661 1302 3732 μόνος
1348 3660 1628 3730 ἠϐούλετο.
1668 3661 1829 3724 Εἰκὸς
1874 3661 1933 3716 δέ

334 3773 466 3810 τινα
504 3753 733 3809 τοιαῦτα
773 3754 905 3825 περί
945 3753 1110 3807 αύτοῦ
1156 3753 1492 3822 ἐπαπορεῖνο
1533 3770 1552 3804 ι
1593 3752 1659 3805 Τί
1693 3752 1752 3805 τὺ
1783 3751 1934 3818 ξένον

337 3847 526 3917 θέαμα
548 3846 735 3912 τοῦτος
771 3846 867 3910 Τίς
892 3848 926 3915 ή
957 3845 1258 3916 δορυφορία
1281 3843 1456 3913 αὕτης
1492 3845 1585 3909 Τίς
1613 3847 1645 3915 ὴ
1673 3844 1740 3898 δι’
1769 3846 1936 3914 ἀγγέ-

337 3939 451 3990 λων
475 3937 780 4008 ἐστιωμένη
806 3953 822 4004 ;
863 3937 1178 4008 Παράδοξον
1207 3935 1268 3988 τὸ
1300 3935 1653 4006 βλεπόμενον,
1687 3937 1779 3990 καὶ
1802 3938 1937 4007 ἡμῖν

337 4027 732 4096 ἀγνοούμενον.
787 4027 827 4080 Γ
830 4027 930 4098 υνὴ
987 4027 1090 4097 τῆς
1139 4025 1299 4098 ήμῶν
1370 4029 1611 4098 νοήσεως
1668 4029 1934 4099 κρείττων

335 4121 574 4188 ὁρᾶται,
620 4121 678 4173 ἐν
725 4119 897 4190 ταύτῃ
929 4121 1068 4190 μόνῃ
1112 4120 1182 4173 τά
1227 4117 1326 4186 τῆς
1394 4121 1665 4191 ἡμετέρας
1718 4119 1934 4187 φύσεως

340 4211 678 4281 ἐξησθένησε
712 4213 1172 4281 πλεονεκτήματα
1193 4230 1208 4244 ·
1245 4215 1447 4283 ταύτης
1477 4213 1554 4275 ὡς
1599 4214 1934 4285 ἀπορρήτοις

330 4303 480 4358 ,Θεοῦ
511 4303 931 4374 λειτουργούσης
953 4342 967 4367 ,
998 4303 1090 4370 ἀφ’
1129 4305 1288 4374 ἡμῶν
1313 4303 1610 4374 ἀπεκρύϐη
1638 4305 1699 4356 τὸ
1733 4306 1929 4374 πέρας.

341 4397 417 4450 Δί
470 4395 580 4448 τῶν
633 4395 869 4449 ἐνταῦθα
917 4397 1090 4450 πᾶσαι
1155 4395 1451 4465 παράδοξοι
1494 4396 1828 4467 λειτουργίαι
1868 4385 1935 4448 δι’

2095 3110 2216 3167 Jam
2246 3125 2398 3180 ergo,
2429 3125 2552 3165 cum
2585 3110 2664 3164 sic
2698 3109 2990 3166 Zacharias
3021 3115 3318 3181 spectaculi
3346 3116 3616 3172 miracu'o

2030 3216 2254 3272 prorsus
2311 3210 2572 3270 stuperet,
2609 3202 2978 3271 diviniorique
3027 3202 3246 3270 amitto,
3301 3207 3446 3274 quod
3494 3220 3614 3262 erat

2028 3293 2270 3349 futurum
2298 3333 2314 3359 ,
2345 3295 2645 3364 conjiceret
2675 3312 2688 3347 :
2727 3294 2854 3363 quid
2883 3297 3084 3364 templo
3120 3297 3476 3365 pr:csidentes
3515 3316 3613 3352 an.

2031 3385 2158 3454 geli,
2184 3385 2251 3438 ad
2283 3385 2386 3438 hoc
2418 3385 2709 3452 coxitaturi
2745 3385 2948 3438 erant?
2971 3387 3182 3452 Quibus
3207 3389 3412 3454 dubiis,
3447 3406 3616 3457 quaa—

2033 3493 2195 3546 qoam
2223 3487 2383 3531 erant
2411 3476 2792 3531 intellectrices
2823 3475 3074 3544 virtutes,
3106 3481 3247 3548 quod
3285 3480 3356 3534 ita
3389 3483 3612 3537 videba-

2035 3577 2142 3630 tur,
2171 3565 2556 3621 resolvebant?
2582 3565 2726 3621 Sane
2747 3568 2890 3621 enim
2905 3583 2990 3622 res
3010 3575 3207 3624 arcana
3233 3580 3371 3635 erat,
3396 3573 3461 3626 iis
3479 3578 3612 3626 dnu-

2033 3668 2184 3714 taxat
2217 3660 2500 3729 perspicua
2523 3697 2538 3722 ,
2565 3661 2762 3728 quibus
2794 3663 2838 3715 is
2869 3661 3061 3727 vellet,
3096 3665 3187 3731 qui
3221 3665 3369 3718 solus
3400 3667 3612 3734 perspi-

2035 3766 2190 3803 cuam
2233 3751 2548 3818 praestabat.
2584 3749 2690 3804 Par
2726 3766 2854 3805 vero
2884 3764 2967 3807 est
2993 3793 3008 3816 ,
3039 3765 3098 3807 nt
3125 3754 3390 3820 ejusmodi
3427 3760 3493 3809 de
3523 3762 3608 3809 ina

2035 3840 2332 3893 Itaasitautlo
2365 3853 2689 3909 quaererent.
2731 3861 2750 3892 ι
2802 3841 2941 3908 Quid
2970 3845 3070 3897 hoc
3111 3846 3232 3896 novi
3278 3848 3620 3913 spectaculi?

2036 3932 2317 3998 Quodnam
2354 3935 2457 3986 ltoc
2475 3933 2831 3986 satellitium?
2861 3927 2989 3999 (fuit:
3019 3936 3129 3997 illa,
3154 3938 3240 3988 cui
3263 3938 3434 4004 angeli
3462 3938 3615 3992 cibos

2047 4022 2316 4077 inferant?
2343 4023 2552 4077 Novum
2585 4040 2648 4079 ac
2670 4027 3018 4092 stupendum,
3059 4030 3199 4094 quod
3230 4031 3495 4090 cernitur,
3531 4042 3615 4080 at-

2037 4134 2141 4185 quc
2174 4119 2328 4173 nobis
2358 4119 2620 4187 ignottun.
2673 4115 2897 4170 Videtur
2923 4117 3120 4170 letnina
3169 4119 3532 4186 intelligentiae
3561 4123 3610 4175 vi

2036 4212 2192 4264 nobis
2235 4211 2486 4279 superior
2517 4224 2533 4262 :
2569 4210 2619 4262 in
2653 4211 2751 4264 Itac
2781 4227 2887 4264 una
2916 4249 2932 4272 ,
2966 4210 3201 4264 invalida
3243 4223 3371 4265 sunt
3414 4225 3618 4269 nostra

2036 4317 2244 4361 natura:
2272 4306 2530 4375 prmclara
2564 4306 2704 4360 dona
2732 4323 2746 4360 :
2775 4305 2893 4373 ejus
2927 4321 2955 4358 a
2988 4307 3143 4359 nobis
3175 4306 3320 4372 linis,
3354 4315 3613 4376 tanquam

2037 4413 2156 4465 quae
2199 4397 2290 4450 Dei
2339 4397 2560 4450 arcanis
2598 4397 2892 4462 ministret,
2938 4396 3290 4450 absconditus
3331 4409 3436 4452 est.
3490 4398 3618 4464 Uni-

339 4487 504 4558 ἡμῶν
541 4491 656 4552 τοῖς
686 4489 1057 4564 προσήκουσιν
1085 4487 1498 4556 οἰκονομούνται
1535 4488 1753 4559 χρόνοις
1781 4503 1795 4518 ·
1827 4489 1928 4553 τὰς

2037 4502 2189 4540 versa
2215 4501 2400 4541 eorum
2435 4489 2526 4557 qui
2560 4487 2647 4541 hic
2676 4496 2963 4541 versantur
2988 4487 3290 4541 ministeria
3310 4529 3326 4554 ,
3359 4494 3616 4557 congruis

340 4580 526 4644 αἰτίας
562 4579 672 4634 τῶν
699 4580 1123 4650 ἀναφερομένων
1155 4580 1254 4632 οὐκ
1277 4580 1622 4648 ἀγνοούντων
1651 4581 1894 4650 δεήσεων
1916 4597 1930 4612 ο

342 4673 446 4728 καὶ
498 4673 600 4735 τὰς
655 4673 800 4744 μὲν,
852 4672 964 4728 ἔθει
1005 4673 1102 4728 καὶ
1142 4672 1335 4736 τύποις
1381 4672 1738 4743 διακονοῦμεν
1795 4673 1936 4746 Heg.

339 4758 709 4832 ὃιανιοῦμεν]·
745 4761 846 4825 τὰς
865 4761 945 4828 δὲ,
979 4762 1406 4833 συνισταμέναις
1431 4762 1686 4834 μελέταις
1711 4763 1811 4817 οὐκ
1840 4765 1938 4832 ἀγ-

342 4849 600 4923 νοοῦμεν.
642 4852 757 4907 Ἀεὶ
801 4855 838 4924 ή
873 4853 985 4907 τῶν
1025 4853 1323 4909 αἰτούντων
1344 4855 1482 4926 πρὸς
1510 4854 1572 4908 τὸ
1591 4854 1747 4909 Θεῖον
1764 4854 1940 4910 διάλε-

344 4944 466 5010 ξις,
505 4945 570 4998 ού
603 4943 766 5015 μόνον
805 4943 907 5014 τῆς
939 4946 1250 5018 ήμετέρας,
1305 4946 1444 5000 ἀλλά
1472 4946 1692 5018 καὶτῆς
1727 4946 1936 5019 ἀνθρω-

344 5034 513 5107 πίνης
549 5035 650 5089 οὐκ
674 5036 1092 5108 ἀποκρύπτεται
1127 5036 1362 5107 φύσεως.
1399 5037 1538 5091 Νυνὶ
1579 5038 1672 5102 δὲ,
1709 5038 1778 5091 τά
1826 5039 1936 5093 δει-

344 5125 614 5196 κνύμενα,
645 5127 852 5199 ταύτην
879 5127 1206 5184 διαλαθόντα
1233 5170 1250 5196 ,
1279 5130 1378 5183 καὶ
1418 5130 1517 5200 τῆς
1554 5129 1714 5200 ἡμῶν
1739 5131 1933 5184 ἀποδια

265 5261 268 5264 λ
343 5217 578 5287 δράσκει
602 5222 862 5289 νοήσεως.
894 5217 1035 5273 Οὔτε
1064 5221 1174 5292 γάρ
1200 5219 1340 5290 αὕτη
1372 5221 1482 5276 τῶν
1508 5220 1813 5288 μελλόντων
1839 5224 1936 5286 τὰς

348 5310 523 5379 ἀρχὰς
553 5310 998 5380 προωτεὸάλετο
1038 5313 1359 5385 μυστηρίων
1383 5353 1399 5377 ,
1451 5312 1579 5366 οὔτε
1607 5314 1754 5378 τινὲς
1795 5315 1938 5386 ὑπὲρ

347 5401 532 5458 αὐτῶν
575 5406 643 5474 τῇ
672 5401 898 5472 συνήθει
945 5403 1184 5470 ἐντεύξει
1226 5404 1288 5458 τὸ
1336 5405 1601 5474 ἐσόμενον
1633 5407 1933 5478 ἐμήνυσαν.

351 5491 464 5546 Καὶ
490 5494 518 5545 6
548 5493 994 5566 ὑπηρετούμενος
1042 5492 1222 5566 ταύτῃ
1243 5532 1259 5557 ,
1305 5493 1512 5564 ἥνωται
1553 5494 1653 5564 μὲν
1703 5496 1834 5565 ἡμῖν
1858 5496 1937 5566 τῷ

349 5585 516 5654 κοινῷ
539 5627 553 5650 ,
593 5585 843 5658 διῄρηται
872 5585 931 5638 δέ
959 5584 1068 5637 τῶν
1103 5583 1211 5654 ἰδίᾳ
1252 5585 1383 5653 παρ’
1409 5585 1540 5654 ἡμῖν
1575 5585 1932 5656 τελουμένων.

352 5676 460 5728 Καὶ
499 5678 772 5748 ἀσυνήθης
814 5677 911 5742 μὲν
957 5679 991 5748 ή
1033 5673 1225 5727 τούτου
1273 5675 1620 5742 ἐπιφοίτησις
1645 5714 1660 5737 ,
1716 5678 1842 5745 ξένη
1879 5678 1936 5732 δὲ

1759 5771 1852 5835 Τίς
1895 5774 1928 5840 ἡ

355 5774 528 5842 πάντας
563 5773 594 5840 ἡ
629 5773 761 5844 πρὶς
821 5770 916 5841 τὴν
966 5768 1181 5824 νεάνιδα
1232 5767 1397 5845 αύτοῦ
1447 5767 1706 5834 διάλεξις.

2042 4595 2136 4649 per
2173 4594 2272 4633 nos
2325 4579 2707 4648 dispensentur
2752 4579 3120 4648 temporibus,
3170 4581 3264 4647 qui
3307 4581 3615 4636 orationum

2039 4686 2161 4740 qua:
2211 4669 2532 4738 oll'eruntur,
2588 4685 2784 4726 causas
2837 4670 3059 4725 minime
3117 4673 3430 4728 nesciamus
3481 4691 3494 4725 :
3549 4692 3616 4727 ae

2039 4762 2174 4815 alias
2209 4761 2426 4831 quidem
2454 4801 2468 4824 ,
2506 4763 2895 4827 assuetudinej,
2924 4775 3098 4830 exque
3131 4762 3322 4830 ﬁguris
3353 4763 3619 4834 intelligat-

2040 4869 2190 4920 mus;
2221 4851 2391 4916 alias.
2419 4851 2634 4908 collatis
2663 4853 2892 4919 studiis,
2919 4868 2983 4908 ac
3015 4854 3372 4911 meditatione
3403 4859 3618 4924 ρον-ξιιμ

2040 4959 2248 4998 camus.
2283 4943 2489 4998 Eorum
2516 4945 2608 5012 qui
2641 4954 2956 5014 precantur,
2989 4946 3057 5000 ad
3089 4945 3261 5000 Deum
3309 4962 3617 5009 sertuones,

2040 5037 2236 5089 nedum
2263 5051 2292 5089 a
2323 5047 2504 5090 nostra
2545 5051 2782 5106 unquam
2813 5046 3003 5091 natura
3033 5054 3048 5104 ;
3079 5048 3136 5090 at
3165 5052 3232 5092 ne
3269 5039 3339 5091 ab
3382 5037 3619 5100 humana

2039 5129 2256 5197 quidem
2285 5129 2712 5184 abscondantur.
2753 5129 2906 5184 Nunc
2949 5144 3076 5184 vero
3103 5144 3224 5198 qua:
3262 5128 3615 5194 exhibentur,

2039 5235 2160 5274 cum
2191 5235 2310 5274 eam
2337 5221 2524 5285 latent,
2549 5229 2658 5274 tum
2689 5229 2928 5275 nostram
2960 5237 3175 5290 quoque
3204 5221 3618 5288 intelligentiam

2040 5313 2273 5380 fugiunt.
2311 5313 2492 5382 Neque
2533 5313 2677 5366 enim
2723 5313 2809 5366 illa
2838 5351 2854 5374 ,
2901 5316 3207 5368 futurorum
3247 5313 3400 5368 initia
3431 5328 3608 5368 sacra-

2040 5413 2345 5459 mentorum
2383 5405 2525 5459 rclnt
2550 5403 2900 5458 fundamento
2934 5407 3173 5475 [trajecit
3197 5423 3217 5471 ;
3248 5421 3421 5474 neque
3450 5406 3616 5472 aliqui

2038 5506 2294 5550 consueta
2323 5511 2419 5563 pro
2444 5495 2510 5549 iis
2535 5497 2932 5565 supplicatione
2951 5537 2966 5561 ,
2997 5501 3136 5564 quod
3173 5496 3316 5551 [oret
3336 5497 3619 5566 significa.

2041 5599 2184 5640 runt.
2215 5588 2354 5655 Quin
2383 5598 2436 5642 et
2468 5591 2512 5642 is
2535 5629 2549 5652 ,
2588 5591 2677 5658 qui
2725 5589 2796 5641 illi
2834 5590 3109 5644 ministrat
3139 5631 3154 5653 ,
3196 5590 3352 5644 nobis
3401 5591 3619 5658 quidem

2041 5691 2244 5736 natura:
2291 5683 2675 5734 communione
2705 5682 2930 5750 junCtus
2978 5683 3191 5736 exsistit
3227 5697 3241 5735 :
3279 5692 3335 5735 at
3375 5691 3624 5737 secretus

2042 5773 2106 5826 ab
2142 5773 2205 5838 iis
2235 5783 2314 5826 est.
2345 5810 2361 5834 ,
2404 5789 2523 5841 qua:
2559 5791 2587 5827 ιι
2624 5777 2775 5829 nobis
2807 5776 3035 5844 singulis
3073 5776 3402 5831 eiliciuntur.
3445 5771 3622 5838 Δίῳ-ρ

2205 6011 2234 6020 .-
