4060 6420
321 335 456 404 1485

1279 339 1358 400 ΙΝ
1403 339 1506 399 SS.
1547 338 1750 399 DEIP.
1794 336 2240 400 INGRESSUM
2274 341 2356 402 IN
2395 341 2623 406 TEMP.

3437 347 3574 413 “$6

309 452 428 516 τὴν
463 444 698 515 Μαρίαν
748 443 866 511 κάς
924 439 1089 510 οἶκος
1149 443 1416 512 Ἰσραήλ.
1481 445 1590 497 Καὶ
1629 439 1756 512 εὖγε
1795 443 1893 497 τοῦ

2003 444 2233 514 Mariam
2321 449 2492 505 omnis
2543 450 2730 503 domus
2792 449 2989 507 Israel.
3069 454 3391 511 Praei-larum
3442 478 3575 518 sane

312 537 514 604 λό,ὀυ,
555 535 630 598 ὡς
679 534 861 597 καλῶς
903 533 982 603 τῷ
1030 533 1319 605 πράγματι
1357 534 1892 606 προσαρμοσθέντος,

311 627 389 692 ὡς
437 624 700 696 ἀσφαλῶς
761 624 825 679 τὸ
882 625 1076 696 μέλλον
1132 623 1532 696 τρανώσαντος.
1582 626 1648 678 Τί
1688 619 1783 678 οῦν
1834 625 1894 679 τὸ

311 719 474 792 ῥηθὲν
517 716 918 782 ὑπαινίττεταις
969 716 1156 782 Οὐδὲν,
1184 716 1372 786 φησὶν,
1405 715 1768 786 ἀκοινώνητον
1793 715 1894 784 τῆς

310 808 516 878 ταύτης
566 808 930 879 περιχαρείας
967 806 1225 878 ἔμεινενο
1273 809 1426 862 οὐδὲν
1473 808 1740 878 ἀμέτοχον
1787 809 1894 862 τῶν

309 901 484 953 ὄντων
506 897 607 969 τῆς
665 901 856 968 κοινῆς
884 898 1264 966 ἀγαλλιάσεως
1299 899 1492 967 γέγονε
1521 915 1534 929 ⁸
1574 900 1752 952 πάντα
1796 899 1894 970 τὴν

307 992 519 1046 οἰκείαν
547 991 966 1061 προησπάζοντο
1001 992 1298 1062 σωτηρίαν.
1335 993 1410 1046 Οὐ
1436 992 1504 1044 τὰ
1543 992 1642 1061 τῆς
1674 991 1891 1063 Παρθέ-

309 1099 402 1138 νου
459 1079 894 1152 φιλοτιμούμενα
945 1084 1265 1153 μυστήρια,
1309 1081 1380 1136 τά
1433 1082 1488 1135 δὲ
1522 1082 1613 1134 τοῦ
1671 1081 1892 1152 μέλλον-

307 1189 402 1236 τος
479 1173 909 1243 ύποτυπούμενα
975 1176 1320 1244 πράγματα·
1403 1173 1602 1242 μᾶλλον
1654 1174 1754 1243 μὲν
1801 1168 1896 1226 οῦν

306 1264 537 1334 δυνάμει
561 1264 629 1318 δι’
654 1266 824 1335 αὐτῆς
850 1265 958 1318 τῶν
983 1267 1262 1334 ἐσομένων
1289 1265 1620 1336 κρατοῦντα,
1658 1268 1737 1329 εἰς
1765 1264 1896 1318 ταύο

307 1374 410 1429 την
436 1359 535 1428 τὴν
565 1358 664 1428 τῆς
689 1358 1021 1428 εὐεργεσίας
1054 1357 1232 1428 χαρὰν
1286 1359 1678 1427 περιέστησαν.

385 1450 506 1512 Πῶς
541 1450 652 1520 γάρ
685 1453 777 1502 καὶ
838 1448 914 1518 τῷ
979 1452 1238 1518 νεοφανετ
1287 1449 1460 1518 τούτῳ
1509 1449 1569 1500 οὐ
1616 1445 1894 1517 κατετρώ-

309 1541 484 1611 θησαν
526 1543 800 1610 θεάματι;
845 1542 966 1604 Πῶς
1003 1541 1069 1594 ἂν
1120 1539 1198 1612 τῷ
1232 1541 1500 1610 ὁρωμένῳ
1537 1542 1596 1594 οὐ
1630 1540 1895 1594 κατεθέλ-

1998 552 2328 603 sermonem,
2359 549 2414 595 ιιι
2455 543 2544 608 qui
2583 542 2658 594 rei
2687 543 2855 609 probe
2907 547 3226 614 conveniat;
3258 551 3459 618 quique
3485 552 3574 606 fu-

2001 637 2180 683 turum
2217 641 2370 685 certo
2426 642 2685 701 exponat.
2733 631 2874 699 Quid
2922 652 3052 705 ergo
3096 639 3290 702 innuit,
3327 645 3468 710 quod
3504 644 3574 697 ita

2000 719 2202 771 dictum
2235 720 2355 774 est?
2379 719 2542 786 Nihil,
2567 722 2762 791 inquit,
2791 725 3027 792 ingentis
3051 735 3167 790 ejus
3199 733 3380 797 gaudii
3413 748 3576 787 exors

1998 811 2199 864 mansit
2227 831 2240 865 :
2273 813 2404 866 nihil
2459 812 2561 867 fuit
2608 815 2660 867 in
2708 814 2894 878 rebus,
2926 817 3070 885 quod
3118 833 3223 871 tton
3271 826 3576 876 communis

1996 902 2376 956 cnultationis
2455 907 2725 975 particeps
2795 908 2959 961 fuerit
3014 925 3029 963 :
3084 912 3357 972 universa,
3421 930 3577 968 suum

1997 994 2196 1058 praevie
2240 995 2632 1049 osculabantur
2681 997 2936 1054 salutent.
2997 997 3113 1053 Non
3172 1004 3453 1071 magniﬁca
3487 1007 3575 1060 illa

2007 1081 2242 1153 Virginis
2275 1092 2552 1157 mysteria,
2587 1091 2680 1142 sed
2697 1089 3002 1145 futurarum
3033 1093 3335 1162 designatio
3362 1111 3574 1161 rermn;

1999 1178 2128 1243 quin
2159 1184 2417 1230 etearum
2452 1194 2545 1247 per
2569 1193 2714 1244 eam,
2778 1185 3018 1250 potentia
3065 1199 3130 1239 ac
3187 1187 3386 1239 virtute.
3431 1189 3583 1242 velut

1996 1267 2288 1330 exhibitio,
2349 1269 2402 1322 in
2455 1269 2556 1324 huc
2587 1270 2838 1326 beneﬁcii
2887 1290 3051 1328 causa
3091 1276 3346 1344 gaudium
3399 1295 3579 1334 cesse—

1999 1370 2097 1408 I'Ull
2107 1365 2146 1408 ι.

2073 1443 2354 1512 Quomodo
2407 1447 2552 1501 enim
2615 1465 2754 1503 novo
2808 1452 2909 1507 hoc
2949 1455 3258 1521 spectaculo
3310 1457 3576 1515 vulnerati

2002 1551 2106 1592 non
2138 1539 2362 1593 essent?
2387 1539 2671 1604 Quomodo
2702 1543 2814 1607 illa,
2846 1560 3007 1612 quam
3033 1547 3208 1598 oculis
3236 1552 3578 1615 spectabant,

309 1633 520 1703 χθησαν
549 1633 761 1696 κάλλει,
810 1632 937 1686 νέαν
963 1633 1199 1702 ὁρῶντες
1241 1632 1318 1701 τῷ
1352 1633 1584 1702 σώματι,
1619 1620 1891 1702 ύπερανα-

2003 1628 2405 1691 pulcliritudine
2434 1647 2542 1684 non
2587 1633 2817 1687 fuissent
2849 1635 3067 1700 alleeti;
3103 1651 3224 1690 cum
3268 1639 3580 1694 adole-scen-

309 1727 525 1778 πτᾶσαν
569 1723 677 1776 τῶν
721 1722 818 1776 τοῦ
854 1723 1107 1793 σώματος
1143 1740 1160 1789 ;
1216 1724 1382 1778 παῖδα
1423 1724 1522 1794 τὴν
1567 1723 1894 1794 συνηλικιῶ-

307 1834 400 1872 τιν
466 1815 815 1886 ἐκφυγοῦσαν
867 1816 1197 1883 συνήθειαν*
1270 1815 1567 1886 παρθένον,
1631 1815 1738 1868 τῶν
1794 1818 1894 1886 τῆς

310 1907 532 1976 φύσεως
559 1908 917 1981 ἐξῃρημένην
967 1907 1330 1978 μολυσμάτων
1360 1923 1376 1937 ·
1434 1908 1534 1977 τὴν
1560 1907 1655 1960 τοῦ
1703 1909 1895 1975 γένους

311 1999 632 2064 ἀποσπάδα,
667 1999 778 2052 τῶν
812 1999 1062 2068 ἀγγέλων
1108 1998 1398 2068 συνόμιλον
1427 2014 1442 2030 ο
1497 1999 1561 2051 τὸ
1601 1999 1697 2068 τῆς
1735 2001 1897 2052 ἀσθε-

310 2091 463 2153 νείας
488 2085 650 2156 εἶδος,
693 2089 1140 2160 ὑπερανεστηκδς
1189 2089 1296 2143 τῶν
1325 2089 1427 2160 τῆς
1463 2087 1716 2160 ἀνδρείας
1749 2106 1892 2158 γνω-

311 2183 641 2256 ρισμάτων·
690 2180 839 2234 ἔνδον
877 2182 986 2234 τῶν
1038 2182 1214 2250 ἁγίων
1242 2182 1303 2236 τὸ
1337 2184 1540 2236 οἰκεῖον
1587 2184 1892 2253 ὲμπεριχο-

319 2271 481 2346 ρεῦον
512 2271 965 2344 ἐγκαλλώπισμιι.⁸
990 2273 1047 2324 ἐν
1064 2274 1173 2336 τοῖς
1190 2271 1404 2336 ἀδύτοις
1425 2271 1894 2357 ἐνδιατρίδουσαν,

309 2368 414 2439 τὴν
444 2365 552 2420 τῶν
577 2367 906 2439 ἀπορρήτων
949 2365 1208 2437 δήλωσιν.

385 2552 493 2610 Καὶ
539 2553 644 2625 δρα
668 2553 767 2622 τῆς
800 2549 1140 2622 προφητείας
1168 2549 1228 2604 τὸ
1270 2548 1630 2628 ἀδιάψευστον
1659 2563 1671 2578 ⁸
1707 2549 1808 2620 δρα
1833 2548 1896 2602 τδ

302 2645 522 2718 ταύτης
552 2645 779 2716 ἀκριδές
804 2643 900 2698 καὶ
925 2644 1268 2699 ἀδιάπτωτον
1297 2660 1309 2672 ·
1337 2643 1454 2705 πῶς
1477 2646 1543 2712 τῇ
1575 2640 1682 2694 τῶν
1700 2641 1897 2707 λέξεων

305 2738 584 2809 σημασίᾳ,
618 2737 687 2789 τὰ
715 2735 812 2788 τοῦ
846 2737 1177 2806 πρᾲγματος
1203 2735 1620 2804 κατετράνωσεν
1644 2750 1658 2763 ο
1692 2736 1752 2787 οὐ
1787 2736 1898 2806 γὰρ

299 2837 403 2890 τὸν
437 2834 565 2887 λαὸν
601 2835 761 2903 μόνον
796 2832 1046 2904 ᾐνίξατοο
1096 2831 1235 2884 ἀλλά
1263 2832 1329 2901 τῇ
1357 2829 1451 2882 τοῦ
1486 2828 1705 2900 Ἰσραὴλ
1728 2843 1899 2898 προσ-

298 2926 544 2997 ηγορίᾳ,
597 2927 698 2993 τὴν
738 2925 848 2977 τῶν
886 2923 1192 2994 μελλόντων
1237 2921 1306 2974 δι’
1348 2921 1696 2989 ἐπιγνώσεως
1726 2919 1898 2991 ταύτῃ

2001 1719 2168 1773 tulam
2203 1736 2433 1791 corpore
2468 1724 2738 1790 viderent,
2769 1741 2831 1779 ea
2857 1742 2976 1796 qua:
3017 1739 3142 1781 sunt
3167 1731 3409 1797 corporis
3439 1748 3578 1801 pra:~

1999 1821 2325 1882 tergressam
2360 1833 2374 1869 :
2407 1831 2530 1870 com
2577 1817 2834 1886 puellam,
2895 1830 3296 1877 coaetanearum
3328 1823 3582 1894 ell'ngisse

1998 1908 2443 1962 consuetmliuem
2479 1926 2494 1963 :
2545 1925 2666 1963 cum
2703 1911 2989 1980 virginem,
3019 1929 3047 1966 a
3086 1924 3294 1967 natura.
3326 1917 3579 1983 inquina-

2000 1999 2198 2054 mentis
2225 2011 2532 2068 exemptam
2570 2017 2585 2053 :
2621 2011 2828 2068 partem
2862 2005 3100 2067 generis,
3155 2006 3469 2072 angelorum
3493 2022 3582 2060 so-

1998 2090 2192 2143 ciam:
2255 2089 2649 2145 imbecillitatis
2703 2092 2962 2160 speciem,
3024 2093 3358 2149 fortitudinis
3418 2111 3584 2151 ontiie

1999 2193 2288 2249 Superasse
2321 2181 2595 2250 specimen
2623 2183 2819 2237 :‘intra
2865 2195 3050 2238 sancta
3099 2198 3414 2239 sanetoruui
3450 2202 3578 2255 pro-

1998 2274 2176 2342 prium
2213 2271 2516 2342 tiipndiare
2544 2287 2926 2329 ornamentum
2959 2293 2973 2330 :
3008 2277 3059 2330 in
3099 2279 3277 2348 adytis
3308 2293 3372 2332 ac
3403 2281 3582 2334 sacris

2002 2367 2380 2432 penetralibus
2408 2377 2711 2419 morantem
2746 2381 2889 2432 eam,
2954 2383 3078 2436 quae
3107 2347 3433 2424 arcanorum
3480 2347 3584 2426 de:

2001 2457 2232 2511 claratio
2265 2461 2425 2514 loret.

2072 2548 2208 2604 Vide
2241 2561 2422 2604 autem
2480 2551 2778 2620 prophetiae
2829 2551 3212 2606 certitudinem
3277 2573 3292 2610 :
3346 2556 3479 2612 Vide
3521 2569 3581 2612 nt

2009 2651 2268 2697 accurata
2309 2643 2536 2708 nitatur,
2566 2658 2629 2695 ac
2652 2643 2806 2696 ﬁrma
2841 2644 3067 2697 veritate
3102 2661 3116 2698 :
3149 2659 3253 2713 qua
3288 2650 3580 2703 verborum

2001 2733 2376 2803 expressione,
2411 2749 2520 2787 rein
2577 2733 2958 2788 declaraverit.
3013 2735 3126 2788 Non
3173 2739 3320 2793 enini
3369 2749 3578 2794 tantum

2003 2826 2258 2896 populum
2315 2827 2615 2889 iudicavit;
2653 2827 2748 2880 sed
2781 2837 2836 2879 et
2872 2827 3085 2882 lsrael:s
3107 2829 3314 2898 adjecta
3343 2833 3580 2900 appella-

2004 2921 2170 2983 tione,
2206 2936 2394 2974 eorum
2427 2921 2514 2988 qui
2549 2935 2644 2987 per
2667 2920 2998 2989 agnitionem
3026 2937 3089 2975 ac
3123 2924 3279 2976 tidem
3320 2925 3370 2977 ei
3397 2934 3580 2979 essent

299 2995 694 3089 προσφύεσθαι
740 3016 1126 3087 προεδήλωσεν
1177 3013 1480 3082 ἀγάπησιν.
1531 3011 1726 3082 Σχεδὸν
1782 3010 1892 3080 γὰρ

2003 3012 2300 3076 accessnri,
2330 3013 2636 3082 designavit
2664 3012 3031 3066 dilectionem.
3069 3013 3206 3068 Fere
3239 3016 3382 3070 enim
3429 3019 3583 3073 Scri—

299 3110 512 3165 ὸπόταν
562 3109 624 3170 τὸ
697 3108 950 3180 Ἐὃραῖον
999 3107 1166 3176 φῦλον
1215 3109 1248 3176 ἡ
1311 3105 1434 3159 θεία.
1497 3104 1893 3174 ὑποσημαίνειν

303 3201 560 3274 βούλοιτο
617 3200 832 3272 Γραφὴ,
889 3198 1019 3254 λαὸν
1053 3198 1212 3252 τοῦτο
1257 3197 1433 3268 μόνως
1491 3196 1890 3266 κατονομάζει·

296 3291 387 3356 ὡς
415 3292 498 3354 τὸ,
527 3290 946 3361 Εὐφράνθητε,
981 3289 1153 3354 ἔθνη,
1181 3287 1335 3358 μετὰ
1362 3287 1468 3340 τοῦ
1499 3286 1653 3340 λαοῦ
1681 3283 1890 3338 αὐτοῦ’

304 3384 435 3450 καὶ,
472 3382 536 3435 '0
560 3382 714 3446 λαός
741 3398 884 3452 μου,
911 3381 1098 3450 φησὶν,
1123 3381 1196 3434 οὐ
1225 3378 1501 3447 συνῆκεν
1520 3394 1533 3406 ·
1576 3377 1814 3448 ὁπηνίκα
1839 3374 1897 3428 δὲ

301 3475 446 3530 αὐτό
503 3491 562 3528 τε
636 3474 731 3528 καὶ
789 3474 880 3527 τὸν
935 3471 1110 3543 ἀληθῆ
1167 3469 1518 3540 ἐπιγνώμονα
1575 3466 1900 3537 ἐμφανίζειν

305 3566 607 3640 βουληθείη
641 3566 792 3632 λαὸν,
833 3567 900 3637 τῇ
928 3563 1024 3618 τοῦ
1059 3563 1276 3636 Ἰσραὴλ
1311 3563 1503 3634 κλήσει
1539 3561 1697 3614 τοῦτο
1730 3576 1900 3630 προσ-

308 3660 596 3714 δείκνυσι.
639 3657 838 3728 Σαφῶς
887 3657 1054 3710 τοῦτο.
1090 3653 1437 3726 βεϐαιοῦντος
1487 3652 1579 3706 τοῦ
1613 3653 1896 3722 ὀνόματος,

303 3752 497 3810 πάντα
523 3751 649 3804 νοῦν
697 3751 807 3804 τῶν
862 3749 1118 3820 ὁρώντων
1168 3748 1302 3801 Θεὸν
1349 3745 1564 3824 Ἰσραὴλ
1606 3741 1746 3797 εἶναι
1805 3741 1902 3796 καὶ

302 3841 590 3910 λέγεσθαι.
641 3839 794 3893 Ἐπεὶ
841 3835 935 3894 οῦν
965 3839 1015 3892 oi
1059 3837 1302 3892 Ἰουδαῖοι
1339 3833 1533 3905 ὥσπερ
1571 3836 1681 3887 τινὶ
1717 3835 1909 3903 σκότῳ.

305 3929 728 4003 σξαλυπτόμενοι
758 3935 825 4003 τῇ
858 3931 1114 4000 ἀπιστία,
1155 3929 1252 3982 καὶ
1283 3929 1419 4000 πρὸς
1452 3929 1552 3991 τὰς
1589 3927 1759 3994 αὐγὰς
1800 3925 1900 3995 τῆς

302 4025 574 4096 ἀληθείας
598 4024 942 4087 ἐθελοκάκως
962 4021 1386 4086 ἀϐλεπτοῦντες,
1408 4019 1637 4090 ἔμελλον
1661 4016 1904 4084 τυφλώτ-

301 4135 429 4188 grew
459 4117 569 4171 ἀπὸ
595 4116 756 4180 Θεοῦ,
781 4116 841 4168 τὸ
873 4115 1021 4178 ἰδίως
1077 4115 1419 4186 ἐμφαντικὸν
1469 4111 1649 4163 αὐτῶν
1705 4111 1902 4180 παρεὶς

301 4212 489 4280 ὃνομα
524 4211 552 4261 ὁ
575 4208 754 4276 λόγος,
779 4208 841 4261 τὸ
871 4207 1052 4261 κοινὸν
1087 4206 1204 4259 τῶν
1234 4204 1516 4274 ἐσομένων
1544 4201 1896 4270 ὑπεσημήνα-

303 4322 377 4358 το
406 4303 652 4374 φίλτρον.
681 4302 744 4356 Ei
790 4303 849 4356 δέ
900 4300 1166 4370 πλείστην
1206 4298 1339 4369 περὶ
1371 4295 1541 4350 αὐτοῦ
1580 4294 1680 4363 τὴν
1701 4293 1902 4347 οἰκειόο

1997 3115 2150 3173 plura
2201 3120 2382 3167 sacra,
2429 3119 2550 3157 cum
2591 3101 2939 3158 llelirreorum
2979 3115 3196 3174 gentem
3267 3108 3580 3175 signiﬁcare

1999 3197 2147 3259 velit,
2177 3197 2429 3264 pupulum
2451 3196 2614 3248 dunta
2627 3205 2714 3248 χοι
2734 3195 2965 3263 appellat
2985 3212 3000 3262 ;
3022 3198 3096 3248 ttti
3130 3209 3211 3251 est
3236 3199 3362 3252 illud
3381 3218 3393 3252 ι
3409 3198 3584 3254 Lamo

1999 3285 2149 3350 mini,
2174 3295 2374 3355 gentes,
2399 3299 2515 3337 cum
2539 3282 2682 3349 plebe
2701 3283 2815 3352 ejus
2835 3285 2904 3336 ".
2933 3284 2996 3337 Et
3020 3300 3034 3336 :
3057 3281 3290 3351 Populus
3311 3301 3474 3350 uicus,
3499 3289 3582 3341 in-

1997 3380 2139 3446 quit,
2167 3391 2270 3428 non
2315 3374 2668 3439 intellexit";
2703 3390 2824 3428 cum
2858 3386 3038 3428 autem
3083 3385 3194 3429 tum
3225 3376 3577 3432 Hebraeorum

2000 3477 2235 3538 gentem,
2263 3478 2372 3520 tttm
2397 3481 2581 3520 verum
2608 3466 2843 3519 ﬁdelium
2873 3467 3124 3536 pupulum
3140 3469 3430 3537 designare
3457 3486 3583 3539 pro-

1998 3561 2236 3630 positum
2281 3563 2374 3624 sit,
2407 3559 2625 3613 Israelis
2651 3559 2702 3610 id
2735 3560 3096 3626 appellatione
3124 3561 3366 3616 ostendit
3415 3581 3429 3618 :
3474 3565 3580 3618 hoc

2000 3652 2178 3722 palatii
2211 3653 2568 3705 conﬁt-mante
2598 3667 2664 3704 eo
2691 3652 2930 3712 nomine,
2961 3660 3197 3703 mentem
3246 3667 3464 3706 omnem
3495 3654 3581 3706 vi-

2001 3744 2241 3796 dentium
2273 3742 2441 3796 Denm
2473 3743 2728 3796 lsraelem
2767 3757 2887 3794 esse
2910 3755 2972 3794 ac
2997 3740 3276 3807 appellari.
3299 3741 3430 3808 Quia
3454 3757 3586 3810 ergo

2005 3831 2200 3894 Judaei,
2234 3831 2382 3901 velut
2405 3833 2725 3900 quibusdam
2750 3829 3149 3883 oliuttltetttibtis
3183 3831 3585 3895 tenebris,inﬂ-

2009 3922 2248 3975 delitatis
2268 3920 2452 3974 nubilo
2486 3919 2730 3984 obduCti,
2758 3919 3152 3983 ad\’et'SIlmt|Ile
3195 3921 3438 3972 veritatis
3479 3919 3587 3973 ful—

2003 4029 2160 4083 gores
2199 4014 2342 4066 ultro
2371 4012 2772 4078 delinquentes,
2801 4023 2828 4060 a
2857 4007 2966 4062 Deo
2997 4008 3256 4062 cacutire
3285 4007 3582 4076 debebant,

2004 4119 2194 4158 eorum
2229 4103 2513 4170 Scriptura
2544 4100 2894 4169 peculiariter
2943 4099 3141 4168 gentile
3191 4115 3384 4152 nomen
3417 4100 3584 4153 omit-

2007 4204 2146 4256 tens,
2185 4209 2372 4248 eorum
2414 4173 2536 4262 qui.
2565 4192 2732 4244 l'uturi
2783 4199 2988 4255 essent,
3048 4190 3395 4258 impensioris
3441 4206 3591 4245 amo-

2011 4286 2086 4340 ris
2129 4266 2384 4340 allectum
2416 4299 2757 4338 communem
2811 4282 3126 4351 designavit.
3162 4281 3257 4336 Sin
3291 4283 3585 4337 maximam

302 4369 455 4467 τητα
492 4369 628 4464 πρὸς
666 4395 758 4447 τὸν
817 4369 1164 4463 Δημιουργδν
1195 4387 1486 4458 σημαίνειν
1530 4384 1770 4454 ὁρῶμεν,
1817 4384 1899 4443 τὸ,

2007 4381 2298 4448 (ιιιαηίίιιιιιν
2332 4378 2450 4446 ejus
2497 4376 2562 4428 ad
2628 4373 2941 4428 Creatorem
2990 4375 3472 4439 necessitudinem,
3519 4390 3584 4429 ea

303 4489 476 4554 Λαὸς
509 4489 759 4556 Κυρίου,
803 4487 925 4548 καὶ,
965 4483 1160 4548 Αὐτὸς
1186 4479 1356 4540 σώζει
1382 4477 1492 4533 τὸν
1507 4479 1660 4532 λαὸν
1685 4473 1900 4530 αὑτοῦ·

305 4577 384 4645 τῇ
407 4591 470 4642 γε
500 4573 732 4644 ἀληθείᾳ
748 4569 838 4644 ἦν,
867 4573 965 4626 καὶ
998 4571 1128 4642 περὶ
1157 4569 1350 4622 τούτου
1379 4568 1443 4621 τὸ
1461 4567 1627 4620 πλέον
1671 4567 1901 4635 προσῆνο

308 4665 432 4720 ἀλλ’
464 4665 588 4718 ἐπεὶ
639 4662 783 4717 ἐκὼν
825 4662 1021 4716 ἐαυτὸν
1067 4664 1168 4730 τῆς
1195 4659 1499 4729 ἐγγύτητος
1547 4658 1904 4719 ἀποσπάσας,

309 4755 787 4827 καὶ-παραλόγως
827 4755 925 4824 τῆς
956 4753 1233 4824 σωτηρίας
1266 4749 1652 4820 ἀποπηδήσας,
1692 4748 1908 4818 μακρὰν

307 4851 414 4906 τοῦ
469 4850 770 4928 ,καλοῦντος
823 4847 1215 4918 ἀπεπλανήθη,
1253 4844 1380 4908 τοὺς
1433 4844 1502 4897 δι’
1549 4843 1788 4914 ὁράσεως
1817 4839 1911 4894 τοῦ

308 4943 411 4999 νοῦ
452 4943 906 5014 οίκειωθήσεσθαι
941 4941 1238 5012 μέλλοντας
1263 4975 1280 5001 ,
1339 4938 1416 4999 ὡς
1473 4935 1687 4990 ἔσονται
1723 4935 1912 5004 διεσή-

312 5052 482 5106 μανε.
525 5033 634 5088 Καὶ
661 5036 804 5105 οὐχὶ,
837 5035 952 5098 Πᾶς
978 5035 1007 5086 ὁ
1036 5027 1186 5094 οἶκος
1225 5018 1464 5101 Ἰσραὴλ]
1501 5029 1670 5096 ἔφησε
1691 5043 1704 5056 ·
1754 5026 1910 5087 ἀλλὰ,

309 5127 450 5192 Πᾶς
485 5125 688 5193 οἶκος·
730 5131 797 5198 τῇ
852 5127 1144 5197 ἀφαιρέσει
1195 5121 1290 5175 τοῦ
1345 5120 1578 5192 ἄρθρου,
1627 5121 1725 5190 τὴν
1805 5118 1912 5170 τῶν

313 5222 727 5290 ἐπιγινομένων
769 5219 1094 5290 προσθήκην
1131 5215 1524 5286 βεϐαιουμένη.

2007 4469 2266 4539 loquendi
2319 4473 2488 4521 l'orma
2535 4465 2835 4535 signiﬁcari
2892 4465 3192 4529 videamus,
3219 4482 3325 4533 qua
3381 4467 3584 4520 dictum

2007 4566 2095 4617 sit.
2127 4560 2362 4630 Populus
2384 4559 2596 4614 Domini
2617 4558 2688 4613 ⁸⁸.
2722 4557 2809 4622 Ει,
2847 4557 2966 4626 Ipse
2993 4558 3196 4611 salvum
3233 4555 3391 4625 faciet
3413 4573 3588 4626 papu-

2008 4655 2120 4710 lum
2171 4654 2408 4708 suum”.
2470 4652 2562 4706 Sic
2617 4650 2895 4703 enimvero
2953 4649 3127 4717 reipsa
3184 4657 3324 4712 erat,
3353 4648 3581 4718 ejusque

2013 4743 2505 4812 Deuspratcipuam
2560 4754 2744 4792 curam
2805 4738 3045 4808 agebat:
3079 4748 3132 4789 at
3166 4736 3292 4806 quia
3351 4752 3448 4790 sua
3503 4736 3594 4789 ille

2013 4836 2290 4890 voluntate
2327 4853 2339 4889 :
2374 4833 2443 4886 ab
2470 4847 2533 4886 ea
2565 4847 2624 4885 se
2647 4828 2912 4883 alliuitate
2946 4827 3213 4892 avellens,
3245 4827 3530 4896 alicucque
3558 4843 3587 4880 τι

2014 4930 2227 4984 ratione
2279 4944 2305 4979 a
2359 4926 2537 4980 salute
2591 4924 2862 4985 resiliens,
2894 4920 3080 4992 procul
3112 4922 3445 4974 aberravita
3496 4931 3592 4971 vo-

2017 5031 2201 5083 cante,
2235 5021 2441 5074 idcirco
2469 5015 2802 5087 signiﬁcavit
2837 5022 2896 5066 ιιι
2931 5012 3174 5067 habituri
3211 5021 3413 5073 essent,
3439 5007 3530 5077 qui
3559 5024 3594 5062 λ

2014 5113 2218 5166 mentis
2265 5112 2474 5164 visione
2503 5106 2780 5162 conciliari
2820 5105 3109 5164 habebant,
3157 5117 3221 5154 ac
3261 5099 3585 5154 Deam-ces-

2019 5206 2253 5260 situdine
2287 5201 2465 5274 jungi.
2499 5199 2609 5253 Nec
2647 5214 2774 5252 vero
2802 5196 2936 5249 dixit
2963 5211 2977 5247 :
3004 5195 3098 5248 Illa
3137 5193 3316 5248 omnis
3367 5191 3585 5244 lsraeLS
3685 5242 3689 5250 ,

316 5285 559 5379 donius,
633 5315 727 5367 sed
815 5285 1102 5375 absolute,
1133 5285 1140 5286 ί
1175 5309 1363 5367 Omnis
1432 5309 1660 5368 domus;
1726 5298 2246 5354 ειιιίνιιιίιιὺιοιίοιιθ
2299 5309 2485 5348 eorum
2535 5291 2626 5360 qui
2717 5288 2986 5343 aceessuri
3037 5295 3222 5341 essent
3274 5285 3578 5338 auctarium

316 5416 589 5462 astruens.

393 5494 516 5547 Τῶν
545 5495 643 5564 μὲν
673 5493 845 5554 οὓτως
883 5489 1142 5561 ἐχόντων,
1203 5486 1359 5539 οὐδὲν
1406 5483 1500 5538 τοῦ
1555 5484 1745 5553 ἱερέως
1815 5483 1918 5531 ἁπ-

327 5582 534 5655 εκρύὸη
602 5581 710 5633 τῶν
755 5580 1038 5655 τοιούτων.
1093 5576 1168 5630 Τὸ
1235 5573 1431 5644 μέλλον
1470 5568 1566 5625 οῦν
1609 5571 1762 5642 παρὰ
1818 5568 1912 5620 τοῦ

398 5751 442 5785 ⁸⁸
473 5763 631 5820 Rom.
669 5777 753 5821 xv.
793 5761 874 5815 ιο.
952 5760 995 5792 ⁵⁷
1036 5758 1141 5814 lsa.
1174 5772 1216 5826 t,
1254 5756 1310 5812 Et.
1372 5752 1434 5828 »⁸⁸
1477 5751 1634 5808 Deut.
1665 5747 1888 5816 xiv,‘2l.

2101 5476 2235 5528 (lum
2281 5477 2394 5526 |.a-c
2433 5474 2612 5540 itaque
2641 5469 2719 5522 sic
2752 5468 3038 5533 baberent,
3067 5465 3198 5520 niliil
3232 5479 3413 5518 corum
3463 5464 3582 5514 late-

2027 5568 2117 5618 bat
2150 5565 2509 5618 sat'erdutent.
2547 5559 2698 5625 Quod
2732 5572 2860 5627 ergo
2916 5555 3079 5622 foret,
3130 5549 3322 5610 saucti'
3361 5550 3601 5622 Spiritus

1970 5749 2013 5779 "
2054 5747 2241 5800 Matth.
2271 5761 2308 5809 t,
2333 5746 2432 5803 21.
