  <div class='ocr_page' id='page_1' title='image "/cluster/home/n/w/nwhite01/storage/ocr_20150623/100/coo.31924054870047/727.png"; bbox 0 0 4060 6426; ppageno 0'>
   <div class='ocr_carea' id='block_1_1' title="bbox 481 333 641 403">
    <p class='ocr_par' dir='ltr' id='par_1_1' title="bbox 481 333 641 403">
     <span class='ocr_line' id='line_1_1' title="bbox 481 333 641 403; baseline -0.013 0"><span class='ocrx_word' id='word_1_1' title='bbox 481 372 484 374; x_wconf 59' lang='grc' dir='ltr'><strong>τ</strong></span> <span class='ocrx_word' id='word_1_2' title='bbox 508 333 641 403; x_wconf 63' lang='grc'><strong>1447</strong></span> 
     </span>
    </p>
   </div>
   <div class='ocr_carea' id='block_1_2' title="bbox 1634 339 2596 403">
    <p class='ocr_par' dir='ltr' id='par_1_2' title="bbox 1634 339 2596 403">
     <span class='ocr_line' id='line_1_2' title="bbox 1634 339 2596 403; baseline 0.002 -2"><span class='ocrx_word' id='word_1_3' title='bbox 1634 339 1953 402; x_wconf 78' lang='lat' dir='ltr'><strong>GEORGII</strong></span> <span class='ocrx_word' id='word_1_4' title='bbox 1996 341 2596 403; x_wconf 79' lang='lat' dir='ltr'><strong>NICOMEDIENSIS</strong></span> 
     </span>
    </p>
   </div>
   <div class='ocr_carea' id='block_1_3' title="bbox 3635 345 3756 411">
    <p class='ocr_par' dir='ltr' id='par_1_3' title="bbox 3635 345 3756 411">
     <span class='ocr_line' id='line_1_3' title="bbox 3635 345 3756 411; baseline 0.017 -1"><span class='ocrx_word' id='word_1_5' title='bbox 3635 345 3756 411; x_wconf 66' lang='grc'><strong>1648</strong></span> 
     </span>
    </p>
   </div>
   <div class='ocr_carea' id='block_1_4' title="bbox 503 449 2089 525">
    <p class='ocr_par' dir='ltr' id='par_1_4' title="bbox 503 449 2081 524">
     <span class='ocr_line' id='line_1_4' title="bbox 503 449 2081 524; baseline -0.002 -12"><span class='ocrx_word' id='word_1_6' title='bbox 503 451 870 512; x_wconf 82' lang='lat' dir='ltr'><strong>lllustratione</strong></span> <span class='ocrx_word' id='word_1_7' title='bbox 902 452 1116 517; x_wconf 84' lang='lat' dir='ltr'><strong>doctus,</strong></span> <span class='ocrx_word' id='word_1_8' title='bbox 1138 449 1310 507; x_wconf 89' lang='lat' dir='ltr'><strong>multa</strong></span> <span class='ocrx_word' id='word_1_9' title='bbox 1330 453 1682 508; x_wconf 76' lang='lat' dir='ltr'><strong>veneratione</strong></span> <span class='ocrx_word' id='word_1_10' title='bbox 1709 453 1921 524; x_wconf 79' lang='lat' dir='ltr'><strong>plenam</strong></span> <span class='ocrx_word' id='word_1_11' title='bbox 1956 471 2081 524; x_wconf 71' lang='lat' dir='ltr'><strong>gra-</strong></span> 
     </span>
    </p>
   </div>
   <div class='ocr_carea' id='block_1_5' title="bbox 2194 449 3759 525">
    <p class='ocr_par' dir='ltr' id='par_1_5' title="bbox 2194 450 3759 525">
     <span class='ocr_line' id='line_1_5' title="bbox 2194 450 3759 525; baseline 0 -18"><span class='ocrx_word' id='word_1_12' title='bbox 2194 452 2506 522; x_wconf 88' lang='grc' dir='ltr'>[Ινεύματος</span> <span class='ocrx_word' id='word_1_13' title='bbox 2536 450 2948 520; x_wconf 79' lang='grc' dir='ltr'>διδασκόμενος,</span> <span class='ocrx_word' id='word_1_14' title='bbox 2976 450 3111 505; x_wconf 82' lang='grc' dir='ltr'><strong>πολὺ</strong></span> <span class='ocrx_word' id='word_1_15' title='bbox 3153 452 3212 504; x_wconf 74' lang='grc' dir='ltr'>τὸ</span> <span class='ocrx_word' id='word_1_16' title='bbox 3247 451 3414 516; x_wconf 74' lang='grc' dir='ltr'>σέϐας</span> <span class='ocrx_word' id='word_1_17' title='bbox 3444 454 3510 521; x_wconf 76' lang='grc' dir='ltr'>τῇ</span> <span class='ocrx_word' id='word_1_18' title='bbox 3544 470 3759 525; x_wconf 71' lang='grc' dir='ltr'>κεχαρι-</span> 
     </span>
    </p>
   </div>
   <div class='ocr_carea' id='block_1_6' title="bbox 427 535 2080 617">
    <p class='ocr_par' dir='ltr' id='par_1_6' title="bbox 427 535 2080 617">
     <span class='ocr_line' id='line_1_6' title="bbox 427 535 2080 617; baseline -0.001 -16"><span class='ocrx_word' id='word_1_19' title='bbox 427 535 443 565; x_wconf 41' lang='lat'><strong>”</strong></span> <span class='ocrx_word' id='word_1_20' title='bbox 505 548 581 601; x_wconf 91' lang='lat' dir='ltr'><strong>tia</strong></span> <span class='ocrx_word' id='word_1_21' title='bbox 614 544 849 617; x_wconf 85' lang='lat' dir='ltr'><strong>puellam</strong></span> <span class='ocrx_word' id='word_1_22' title='bbox 884 546 1334 612; x_wconf 85' lang='lat' dir='ltr'><strong>prosequebatur.</strong></span> <span class='ocrx_word' id='word_1_23' title='bbox 1368 543 1478 600; x_wconf 82' lang='lat' dir='ltr'><strong>Nec</strong></span> <span class='ocrx_word' id='word_1_24' title='bbox 1523 545 1666 601; x_wconf 91' lang='lat' dir='ltr'><strong>enim</strong></span> <span class='ocrx_word' id='word_1_25' title='bbox 1701 545 1814 600; x_wconf 83' lang='lat' dir='ltr'><strong>ﬁeri</strong></span> <span class='ocrx_word' id='word_1_26' title='bbox 1847 555 2080 616; x_wconf 87' lang='lat' dir='ltr'><strong>poterat,</strong></span> 
     </span>
    </p>
   </div>
   <div class='ocr_carea' id='block_1_7' title="bbox 508 631 2084 704">
    <p class='ocr_par' dir='ltr' id='par_1_7' title="bbox 508 631 2084 704">
     <span class='ocr_line' id='line_1_7' title="bbox 508 631 2084 704; baseline -0.001 -14"><span class='ocrx_word' id='word_1_27' title='bbox 508 645 571 690; x_wconf 90' lang='lat' dir='ltr'><strong>ut</strong></span> <span class='ocrx_word' id='word_1_28' title='bbox 617 650 690 690; x_wconf 86' lang='lat' dir='ltr'><strong>ne</strong></span> <span class='ocrx_word' id='word_1_29' title='bbox 731 634 924 690; x_wconf 86' lang='lat' dir='ltr'><strong>merito</strong></span> <span class='ocrx_word' id='word_1_30' title='bbox 972 631 1176 699; x_wconf 82' lang='lat' dir='ltr'><strong>majora</strong></span> <span class='ocrx_word' id='word_1_31' title='bbox 1205 633 1384 688; x_wconf 90' lang='lat' dir='ltr'><strong>salute</strong></span> <span class='ocrx_word' id='word_1_32' title='bbox 1425 649 1522 704; x_wconf 91' lang='lat' dir='ltr'><strong>per</strong></span> <span class='ocrx_word' id='word_1_33' title='bbox 1552 647 1670 689; x_wconf 90' lang='lat' dir='ltr'><strong>eam</strong></span> <span class='ocrx_word' id='word_1_34' title='bbox 1721 631 1900 689; x_wconf 83' lang='lat' dir='ltr'><strong>futura</strong></span> <span class='ocrx_word' id='word_1_35' title='bbox 1937 636 2084 690; x_wconf 84' lang='lat' dir='ltr'><strong>arbi-</strong></span> 
     </span>
    </p>
   </div>
   <div class='ocr_carea' id='block_1_8' title="bbox 431 707 2084 794">
    <p class='ocr_par' dir='ltr' id='par_1_8' title="bbox 431 707 2084 794">
     <span class='ocr_line' id='line_1_8' title="bbox 431 707 2084 794; baseline 0 -13"><span class='ocrx_word' id='word_1_36' title='bbox 431 707 464 794; x_wconf 45' lang='grc'>⁷,</span> <span class='ocrx_word' id='word_1_37' title='bbox 510 737 767 782; x_wconf 86' lang='lat' dir='ltr'><strong>traretur.</strong></span> <span class='ocrx_word' id='word_1_38' title='bbox 817 724 951 779; x_wconf 79' lang='lat' dir='ltr'><strong>Nam</strong></span> <span class='ocrx_word' id='word_1_39' title='bbox 992 725 1226 793; x_wconf 85' lang='lat' dir='ltr'><strong>primum</strong></span> <span class='ocrx_word' id='word_1_40' title='bbox 1265 726 1522 794; x_wconf 85' lang='lat' dir='ltr'><strong>quidem,</strong></span> <span class='ocrx_word' id='word_1_41' title='bbox 1563 725 1849 792; x_wconf 76' lang='lat' dir='ltr'><strong>excellenti</strong></span> <span class='ocrx_word' id='word_1_42' title='bbox 1887 727 2084 782; x_wconf 89' lang='lat' dir='ltr'><strong>virtute</strong></span> 
     </span>
    </p>
   </div>
   <div class='ocr_carea' id='block_1_9' title="bbox 514 814 2086 887">
    <p class='ocr_par' dir='ltr' id='par_1_9' title="bbox 514 814 2086 887">
     <span class='ocr_line' id='line_1_9' title="bbox 514 814 2086 887; baseline 0.001 -16"><span class='ocrx_word' id='word_1_43' title='bbox 514 830 717 880; x_wconf 89' lang='lat' dir='ltr'><strong>mores,</strong></span> <span class='ocrx_word' id='word_1_44' title='bbox 749 831 815 871; x_wconf 85' lang='lat' dir='ltr'><strong>ac</strong></span> <span class='ocrx_word' id='word_1_45' title='bbox 842 814 1074 870; x_wconf 79' lang='lat' dir='ltr'><strong>fortnam</strong></span> <span class='ocrx_word' id='word_1_46' title='bbox 1110 816 1496 871; x_wconf 89' lang='lat' dir='ltr'><strong>considerabat</strong></span> <span class='ocrx_word' id='word_1_47' title='bbox 1525 835 1539 872; x_wconf 90' lang='lat'>:</span> <span class='ocrx_word' id='word_1_48' title='bbox 1575 817 1712 872; x_wconf 90' lang='lat' dir='ltr'><strong>Tum</strong></span> <span class='ocrx_word' id='word_1_49' title='bbox 1745 833 1897 883; x_wconf 90' lang='lat' dir='ltr'><strong>vero,</strong></span> <span class='ocrx_word' id='word_1_50' title='bbox 1926 833 2086 887; x_wconf 81' lang='lat' dir='ltr'><strong>ange-</strong></span> 
     </span>
    </p>
   </div>
   <div class='ocr_carea' id='block_1_10' title="bbox 513 907 2082 978">
    <p class='ocr_par' dir='ltr' id='par_1_10' title="bbox 513 907 2082 978">
     <span class='ocr_line' id='line_1_10' title="bbox 513 907 2082 978; baseline -0.001 -17"><span class='ocrx_word' id='word_1_51' title='bbox 513 907 685 962; x_wconf 87' lang='lat' dir='ltr'><strong>lorum</strong></span> <span class='ocrx_word' id='word_1_52' title='bbox 746 907 877 960; x_wconf 85' lang='lat' dir='ltr'><strong>illud</strong></span> <span class='ocrx_word' id='word_1_53' title='bbox 957 907 1320 961; x_wconf 76' lang='lat' dir='ltr'><strong>ministerium</strong></span> <span class='ocrx_word' id='word_1_54' title='bbox 1400 907 1714 977; x_wconf 81' lang='lat' dir='ltr'><strong>diligentius</strong></span> <span class='ocrx_word' id='word_1_55' title='bbox 1797 909 2082 978; x_wconf 84' lang='lat' dir='ltr'><strong>pensabat,</strong></span> 
     </span>
    </p>
   </div>
   <div class='ocr_carea' id='block_1_11' title="bbox 513 997 2086 1070">
    <p class='ocr_par' dir='ltr' id='par_1_11' title="bbox 513 997 2086 1070">
     <span class='ocr_line' id='line_1_11' title="bbox 513 997 2086 1070; baseline -0.001 -17"><span class='ocrx_word' id='word_1_56' title='bbox 513 1000 726 1070; x_wconf 73' lang='lat' dir='ltr'><strong>grande</strong></span> <span class='ocrx_word' id='word_1_57' title='bbox 754 998 956 1065; x_wconf 88' lang='lat' dir='ltr'><strong>aliquid</strong></span> <span class='ocrx_word' id='word_1_58' title='bbox 983 999 1193 1067; x_wconf 79' lang='lat' dir='ltr'><strong>Virgini</strong></span> <span class='ocrx_word' id='word_1_59' title='bbox 1237 999 1505 1059; x_wconf 82' lang='lat' dir='ltr'><strong>indicans.</strong></span> <span class='ocrx_word' id='word_1_60' title='bbox 1545 1014 1645 1052; x_wconf 90' lang='lat' dir='ltr'><strong>nec</strong></span> <span class='ocrx_word' id='word_1_61' title='bbox 1705 1000 1759 1053; x_wconf 91' lang='lat' dir='ltr'><strong>in</strong></span> <span class='ocrx_word' id='word_1_62' title='bbox 1794 1013 1858 1052; x_wconf 89' lang='lat' dir='ltr'><strong>eo</strong></span> <span class='ocrx_word' id='word_1_63' title='bbox 1886 997 2086 1053; x_wconf 87' lang='lat' dir='ltr'><strong>sistens</strong></span> 
     </span>
    </p>
   </div>
   <div class='ocr_carea' id='block_1_12' title="bbox 517 1088 2088 1159">
    <p class='ocr_par' dir='ltr' id='par_1_12' title="bbox 517 1088 2088 1159">
     <span class='ocr_line' id='line_1_12' title="bbox 517 1088 2088 1159; baseline 0.001 -17"><span class='ocrx_word' id='word_1_64' title='bbox 517 1088 663 1158; x_wconf 74' lang='lat' dir='ltr'><strong>quod</strong></span> <span class='ocrx_word' id='word_1_65' title='bbox 700 1089 1048 1152; x_wconf 82' lang='lat' dir='ltr'><strong>cernebatur,</strong></span> <span class='ocrx_word' id='word_1_66' title='bbox 1098 1089 1190 1144; x_wconf 83' lang='lat' dir='ltr'><strong>sed</strong></span> <span class='ocrx_word' id='word_1_67' title='bbox 1247 1090 1550 1144; x_wconf 78' lang='lat' dir='ltr'><strong>mirabilius</strong></span> <span class='ocrx_word' id='word_1_68' title='bbox 1584 1090 1787 1156; x_wconf 87' lang='lat' dir='ltr'><strong>aliquid</strong></span> <span class='ocrx_word' id='word_1_69' title='bbox 1823 1105 1982 1159; x_wconf 91' lang='lat' dir='ltr'><strong>quam</strong></span> <span class='ocrx_word' id='word_1_70' title='bbox 2015 1091 2088 1158; x_wconf 90' lang='lat' dir='ltr'><strong>ip-</strong></span> 
     </span>
    </p>
   </div>
   <div class='ocr_carea' id='block_1_13' title="bbox 514 1181 2088 1251">
    <p class='ocr_par' dir='ltr' id='par_1_13' title="bbox 514 1181 2088 1251">
     <span class='ocr_line' id='line_1_13' title="bbox 514 1181 2088 1251; baseline 0.001 -17"><span class='ocrx_word' id='word_1_71' title='bbox 514 1195 636 1234; x_wconf 80' lang='lat' dir='ltr'><strong>sum</strong></span> <span class='ocrx_word' id='word_1_72' title='bbox 672 1188 814 1244; x_wconf 86' lang='lat' dir='ltr'><strong>erat,</strong></span> <span class='ocrx_word' id='word_1_73' title='bbox 853 1181 1186 1235; x_wconf 81' lang='lat' dir='ltr'><strong>subobscure</strong></span> <span class='ocrx_word' id='word_1_74' title='bbox 1214 1182 1549 1251; x_wconf 76' lang='lat' dir='ltr'><strong>signiﬁcans.</strong></span> <span class='ocrx_word' id='word_1_75' title='bbox 1601 1181 1788 1251; x_wconf 83' lang='lat' dir='ltr'><strong>Angeli</strong></span> <span class='ocrx_word' id='word_1_76' title='bbox 1853 1195 2088 1251; x_wconf 86' lang='lat' dir='ltr'><strong>namque</strong></span> 
     </span>
    </p>
   </div>
   <div class='ocr_carea' id='block_1_14' title="bbox 513 1269 2091 1336">
    <p class='ocr_par' dir='ltr' id='par_1_14' title="bbox 513 1269 2091 1336">
     <span class='ocr_line' id='line_1_14' title="bbox 513 1269 2091 1336; baseline 0.003 -14"><span class='ocrx_word' id='word_1_77' title='bbox 513 1270 579 1323; x_wconf 88' lang='lat' dir='ltr'><strong>ad</strong></span> <span class='ocrx_word' id='word_1_78' title='bbox 622 1285 742 1322; x_wconf 90' lang='lat' dir='ltr'><strong>eam</strong></span> <span class='ocrx_word' id='word_1_79' title='bbox 791 1285 1046 1325; x_wconf 84' lang='lat' dir='ltr'><strong>accessus</strong></span> <span class='ocrx_word' id='word_1_80' title='bbox 1097 1287 1160 1324; x_wconf 90' lang='lat' dir='ltr'><strong>ac</strong></span> <span class='ocrx_word' id='word_1_81' title='bbox 1192 1287 1364 1336; x_wconf 88' lang='lat' dir='ltr'><strong>mora,</strong></span> <span class='ocrx_word' id='word_1_82' title='bbox 1393 1269 1666 1326; x_wconf 85' lang='lat' dir='ltr'><strong>Gabrielis</strong></span> <span class='ocrx_word' id='word_1_83' title='bbox 1710 1273 2091 1326; x_wconf 86' lang='lat' dir='ltr'><strong>subindicabat</strong></span> 
     </span>
    </p>
   </div>
   <div class='ocr_carea' id='block_1_15' title="bbox 515 1361 2086 1432">
    <p class='ocr_par' dir='ltr' id='par_1_15' title="bbox 515 1361 2086 1432">
     <span class='ocr_line' id='line_1_15' title="bbox 515 1361 2086 1432; baseline 0.001 -18"><span class='ocrx_word' id='word_1_84' title='bbox 515 1361 844 1428; x_wconf 82' lang='lat' dir='ltr'><strong>adventum;</strong></span> <span class='ocrx_word' id='word_1_85' title='bbox 899 1363 1096 1431; x_wconf 87' lang='lat' dir='ltr'><strong>partim</strong></span> <span class='ocrx_word' id='word_1_86' title='bbox 1131 1378 1236 1430; x_wconf 90' lang='lat' dir='ltr'><strong>qua</strong></span> <span class='ocrx_word' id='word_1_87' title='bbox 1274 1361 1418 1417; x_wconf 83' lang='lat' dir='ltr'><strong>Deus</strong></span> <span class='ocrx_word' id='word_1_88' title='bbox 1455 1364 1653 1432; x_wconf 61' lang='lat' dir='ltr'><strong>praevia</strong></span> <span class='ocrx_word' id='word_1_89' title='bbox 1697 1379 1809 1418; x_wconf 87' lang='lat' dir='ltr'><strong>rem</strong></span> <span class='ocrx_word' id='word_1_90' title='bbox 1837 1363 2086 1418; x_wconf 79' lang='lat' dir='ltr'><strong>declara-</strong></span> 
     </span>
    </p>
   </div>
   <div class='ocr_carea' id='block_1_16' title="bbox 512 1454 2089 1525">
    <p class='ocr_par' dir='ltr' id='par_1_16' title="bbox 512 1454 2089 1525">
     <span class='ocr_line' id='line_1_16' title="bbox 512 1454 2089 1525; baseline 0.001 -16"><span class='ocrx_word' id='word_1_91' title='bbox 512 1454 636 1521; x_wconf 82' lang='lat' dir='ltr'><strong>bat;</strong></span> <span class='ocrx_word' id='word_1_92' title='bbox 686 1455 909 1523; x_wconf 85' lang='lat' dir='ltr'><strong>partim,</strong></span> <span class='ocrx_word' id='word_1_93' title='bbox 948 1470 1052 1522; x_wconf 89' lang='lat' dir='ltr'><strong>qua</strong></span> <span class='ocrx_word' id='word_1_94' title='bbox 1079 1455 1354 1521; x_wconf 77' lang='lat' dir='ltr'><strong>Virginem</strong></span> <span class='ocrx_word' id='word_1_95' title='bbox 1387 1454 1810 1512; x_wconf 81' lang='lat' dir='ltr'><strong>assuefaciebat.</strong></span> <span class='ocrx_word' id='word_1_96' title='bbox 1851 1455 1900 1509; x_wconf 91' lang='lat' dir='ltr'><strong>ls</strong></span> <span class='ocrx_word' id='word_1_97' title='bbox 1924 1471 2089 1525; x_wconf 87' lang='lat' dir='ltr'><strong>porro</strong></span> 
     </span>
    </p>
   </div>
   <div class='ocr_carea' id='block_1_17' title="bbox 515 1545 2093 1616">
    <p class='ocr_par' dir='ltr' id='par_1_17' title="bbox 515 1545 2093 1616">
     <span class='ocr_line' id='line_1_17' title="bbox 515 1545 2093 1616; baseline 0.003 -18"><span class='ocrx_word' id='word_1_98' title='bbox 515 1547 608 1614; x_wconf 86' lang='lat' dir='ltr'><strong>qui</strong></span> <span class='ocrx_word' id='word_1_99' title='bbox 635 1545 1155 1614; x_wconf 80' lang='lat' dir='ltr'><strong>inlerehaturcibus,</strong></span> <span class='ocrx_word' id='word_1_100' title='bbox 1179 1547 1352 1616; x_wconf 87' lang='lat' dir='ltr'><strong>ipsum</strong></span> <span class='ocrx_word' id='word_1_101' title='bbox 1379 1563 1568 1614; x_wconf 87' lang='lat' dir='ltr'><strong>panem</strong></span> <span class='ocrx_word' id='word_1_102' title='bbox 1587 1549 1731 1615; x_wconf 76' lang='lat' dir='ltr'><strong>vitae,</strong></span> <span class='ocrx_word' id='word_1_103' title='bbox 1757 1550 2093 1614; x_wconf 77' lang='lat' dir='ltr'><strong>specieexlti-</strong></span> 
     </span>
    </p>
   </div>
   <div class='ocr_carea' id='block_1_18' title="bbox 514 1635 2090 1707">
    <p class='ocr_par' dir='ltr' id='par_1_18' title="bbox 514 1635 2090 1707">
     <span class='ocr_line' id='line_1_18' title="bbox 514 1635 2090 1707; baseline 0.003 -17"><span class='ocrx_word' id='word_1_104' title='bbox 514 1635 716 1702; x_wconf 86' lang='lat' dir='ltr'><strong>behat;</strong></span> <span class='ocrx_word' id='word_1_105' title='bbox 758 1637 900 1690; x_wconf 90' lang='lat' dir='ltr'><strong>haud</strong></span> <span class='ocrx_word' id='word_1_106' title='bbox 931 1639 1216 1692; x_wconf 80' lang='lat' dir='ltr'><strong>obscuram</strong></span> <span class='ocrx_word' id='word_1_107' title='bbox 1259 1637 1632 1707; x_wconf 89' lang='lat' dir='ltr'><strong>judicantibus</strong></span> <span class='ocrx_word' id='word_1_108' title='bbox 1681 1641 2090 1696; x_wconf 85' lang='lat' dir='ltr'><strong>similitudinem</strong></span> 
     </span>
    </p>
   </div>
   <div class='ocr_carea' id='block_1_19' title="bbox 517 1727 2087 1801">
    <p class='ocr_par' dir='ltr' id='par_1_19' title="bbox 517 1727 2087 1801">
     <span class='ocr_line' id='line_1_19' title="bbox 517 1727 2087 1801; baseline 0.004 -19"><span class='ocrx_word' id='word_1_109' title='bbox 517 1727 746 1791; x_wconf 84' lang='lat' dir='ltr'><strong>habens,</strong></span> <span class='ocrx_word' id='word_1_110' title='bbox 791 1745 1103 1799; x_wconf 79' lang='lat' dir='ltr'><strong>quanquam</strong></span> <span class='ocrx_word' id='word_1_111' title='bbox 1153 1745 1250 1785; x_wconf 84' lang='lat' dir='ltr'><strong>eos</strong></span> <span class='ocrx_word' id='word_1_112' title='bbox 1297 1733 1439 1786; x_wconf 90' lang='lat' dir='ltr'><strong>inter</strong></span> <span class='ocrx_word' id='word_1_113' title='bbox 1474 1732 1762 1801; x_wconf 84' lang='lat' dir='ltr'><strong>plurimum</strong></span> <span class='ocrx_word' id='word_1_114' title='bbox 1801 1733 2087 1789; x_wconf 78' lang='lat' dir='ltr'><strong>referebat.</strong></span> 
     </span>
    </p>
   </div>
   <div class='ocr_carea' id='block_1_20' title="bbox 2185 535 3764 614">
    <p class='ocr_par' dir='ltr' id='par_1_20' title="bbox 2185 535 3764 614">
     <span class='ocr_line' id='line_1_20' title="bbox 2185 535 3764 614; baseline -0.001 -19"><span class='ocrx_word' id='word_1_115' title='bbox 2185 542 2409 614; x_wconf 83' lang='grc' dir='ltr'>τωμένῃ</span> <span class='ocrx_word' id='word_1_116' title='bbox 2445 540 2710 609; x_wconf 82' lang='grc' dir='ltr'>ἀπένεμε.</span> <span class='ocrx_word' id='word_1_117' title='bbox 2778 540 2884 592; x_wconf 72' lang='grc' dir='ltr'><strong>Καὶ</strong></span> <span class='ocrx_word' id='word_1_118' title='bbox 2935 540 3044 613; x_wconf 82' lang='grc' dir='ltr'><strong>γὰρ</strong></span> <span class='ocrx_word' id='word_1_119' title='bbox 3087 540 3209 594; x_wconf 77' lang='grc' dir='ltr'>οὑδὲ</span> <span class='ocrx_word' id='word_1_120' title='bbox 3263 535 3378 596; x_wconf 75' lang='grc' dir='ltr'>οἶόν</span> <span class='ocrx_word' id='word_1_121' title='bbox 3413 558 3472 595; x_wconf 87' lang='grc' dir='ltr'><strong>τε</strong></span> <span class='ocrx_word' id='word_1_122' title='bbox 3510 537 3579 613; x_wconf 78' lang='grc' dir='ltr'>ἦν</span> <span class='ocrx_word' id='word_1_123' title='bbox 3621 543 3764 613; x_wconf 85' lang='grc' dir='ltr'><strong>αὑτῷ</strong></span> 
     </span>
    </p>
   </div>
   <div class='ocr_carea' id='block_1_21' title="bbox 2191 630 3762 705">
    <p class='ocr_par' dir='ltr' id='par_1_21' title="bbox 2191 630 3762 705">
     <span class='ocr_line' id='line_1_21' title="bbox 2191 630 3762 705; baseline 0.003 -21"><span class='ocrx_word' id='word_1_124' title='bbox 2191 633 2267 705; x_wconf 79' lang='grc' dir='ltr'>μὴ</span> <span class='ocrx_word' id='word_1_125' title='bbox 2304 630 2428 685; x_wconf 87' lang='grc' dir='ltr'>κατ’</span> <span class='ocrx_word' id='word_1_126' title='bbox 2462 631 2646 684; x_wconf 79' lang='grc' dir='ltr'><strong>αἰτίαν</strong></span> <span class='ocrx_word' id='word_1_127' title='bbox 2700 630 2922 700; x_wconf 78' lang='grc' dir='ltr'>μείζονα</span> <span class='ocrx_word' id='word_1_128' title='bbox 2957 633 3237 704; x_wconf 81' lang='grc' dir='ltr'><strong>σωτηρίας</strong></span> <span class='ocrx_word' id='word_1_129' title='bbox 3267 633 3529 703; x_wconf 78' lang='grc' dir='ltr'>ἡγεῖσθαι</span> <span class='ocrx_word' id='word_1_130' title='bbox 3581 634 3650 686; x_wconf 84' lang='grc' dir='ltr'><strong>τά</strong></span> <span class='ocrx_word' id='word_1_131' title='bbox 3699 635 3762 688; x_wconf 84' lang='grc' dir='ltr'>δι’</span> 
     </span>
    </p>
   </div>
   <div class='ocr_carea' id='block_1_22' title="bbox 2189 721 3765 796">
    <p class='ocr_par' dir='ltr' id='par_1_22' title="bbox 2189 721 3765 796">
     <span class='ocr_line' id='line_1_22' title="bbox 2189 721 3765 796; baseline 0.002 -20"><span class='ocrx_word' id='word_1_132' title='bbox 2189 724 2363 792; x_wconf 82' lang='grc' dir='ltr'>αὑτῆς</span> <span class='ocrx_word' id='word_1_133' title='bbox 2393 721 2610 775; x_wconf 78' lang='grc' dir='ltr'>ἔσεσθαι</span> <span class='ocrx_word' id='word_1_134' title='bbox 2653 723 2936 793; x_wconf 83' lang='grc' dir='ltr'>μέλλοντα.</span> <span class='ocrx_word' id='word_1_135' title='bbox 2968 723 3193 796; x_wconf 84' lang='grc' dir='ltr'>Πρῶτον</span> <span class='ocrx_word' id='word_1_136' title='bbox 3239 723 3340 795; x_wconf 84' lang='grc' dir='ltr'>μὲν</span> <span class='ocrx_word' id='word_1_137' title='bbox 3395 725 3507 796; x_wconf 78' lang='grc' dir='ltr'><strong>γὰρ</strong></span> <span class='ocrx_word' id='word_1_138' title='bbox 3544 726 3765 780; x_wconf 77' lang='grc' dir='ltr'><strong>ἐσκόπει</strong></span> 
     </span>
    </p>
   </div>
   <div class='ocr_carea' id='block_1_23' title="bbox 2189 814 3768 890">
    <p class='ocr_par' dir='ltr' id='par_1_23' title="bbox 2189 814 3768 890">
     <span class='ocr_line' id='line_1_23' title="bbox 2189 814 3768 890; baseline 0.005 -20"><span class='ocrx_word' id='word_1_139' title='bbox 2189 816 2248 870; x_wconf 80' lang='grc' dir='ltr'>τὸ</span> <span class='ocrx_word' id='word_1_140' title='bbox 2285 817 2427 886; x_wconf 82' lang='grc' dir='ltr'>ὑπὲρ</span> <span class='ocrx_word' id='word_1_141' title='bbox 2461 817 2664 888; x_wconf 83' lang='grc' dir='ltr'>ἀρετῆς</span> <span class='ocrx_word' id='word_1_142' title='bbox 2696 818 2868 889; x_wconf 78' lang='grc' dir='ltr'>αὐτῆς</span> <span class='ocrx_word' id='word_1_143' title='bbox 2924 814 3056 890; x_wconf 78' lang='grc' dir='ltr'>ἦθος</span> <span class='ocrx_word' id='word_1_144' title='bbox 3113 820 3210 875; x_wconf 74' lang='grc' dir='ltr'>καὶ</span> <span class='ocrx_word' id='word_1_145' title='bbox 3259 820 3478 885; x_wconf 77' lang='grc' dir='ltr'>κ’ἁλλος.</span> <span class='ocrx_word' id='word_1_146' title='bbox 3535 824 3768 880; x_wconf 76' lang='grc' dir='ltr'>Ἔπειτα</span> 
     </span>
    </p>
   </div>
   <div class='ocr_carea' id='block_1_24' title="bbox 2188 907 3768 986">
    <p class='ocr_par' dir='ltr' id='par_1_24' title="bbox 2188 907 3768 986">
     <span class='ocr_line' id='line_1_24' title="bbox 2188 907 3768 986; baseline 0.008 -27"><span class='ocrx_word' id='word_1_147' title='bbox 2188 907 2288 978; x_wconf 77' lang='grc' dir='ltr'>τὴν</span> <span class='ocrx_word' id='word_1_148' title='bbox 2338 907 2433 986; x_wconf 85' lang='grc' dir='ltr'><strong>τοῦ</strong></span> <span class='ocrx_word' id='word_1_149' title='bbox 2473 907 2708 976; x_wconf 79' lang='grc' dir='ltr'><strong>ἀγγέλου</strong></span> <span class='ocrx_word' id='word_1_150' title='bbox 2772 911 3022 964; x_wconf 81' lang='grc' dir='ltr'><strong>κατενόει</strong></span> <span class='ocrx_word' id='word_1_151' title='bbox 3083 911 3454 984; x_wconf 86' lang='grc' dir='ltr'>λειτουργίαν,</span> <span class='ocrx_word' id='word_1_152' title='bbox 3522 916 3666 986; x_wconf 89' lang='grc' dir='ltr'>μέγα</span> <span class='ocrx_word' id='word_1_153' title='bbox 3719 935 3768 972; x_wconf 86' lang='grc' dir='ltr'><strong>τι</strong></span> 
     </span>
    </p>
   </div>
   <div class='ocr_carea' id='block_1_25' title="bbox 2189 983 3768 1078">
    <p class='ocr_par' dir='ltr' id='par_1_25' title="bbox 2189 983 3768 1078">
     <span class='ocr_line' id='line_1_25' title="bbox 2189 983 3768 1078; baseline 0.006 -26"><span class='ocrx_word' id='word_1_154' title='bbox 2189 983 2364 1070; x_wconf 66' lang='grc' dir='ltr'>ταύτῃ</span> <span class='ocrx_word' id='word_1_155' title='bbox 2391 999 2709 1070; x_wconf 88' lang='grc' dir='ltr'>μηνύουσαν</span> <span class='ocrx_word' id='word_1_156' title='bbox 2741 1017 2756 1030; x_wconf 80' lang='grc' dir='ltr'><strong>ο</strong></span> <span class='ocrx_word' id='word_1_157' title='bbox 2786 1003 2882 1056; x_wconf 72' lang='grc' dir='ltr'>καὶ</span> <span class='ocrx_word' id='word_1_158' title='bbox 2912 1002 2975 1055; x_wconf 87' lang='grc' dir='ltr'><strong>οὑ</strong></span> <span class='ocrx_word' id='word_1_159' title='bbox 3026 1002 3190 1075; x_wconf 84' lang='grc' dir='ltr'>μέχρι</span> <span class='ocrx_word' id='word_1_160' title='bbox 3241 983 3435 1059; x_wconf 84' lang='grc' dir='ltr'>τούτου</span> <span class='ocrx_word' id='word_1_161' title='bbox 3476 983 3540 1059; x_wconf 76' lang='grc' dir='ltr'><strong>τδ</strong></span> <span class='ocrx_word' id='word_1_162' title='bbox 3575 983 3768 1078; x_wconf 85' lang='grc' dir='ltr'>βλεπό-</span> 
     </span>
    </p>
   </div>
   <div class='ocr_carea' id='block_1_26' title="bbox 2193 1093 3769 1172">
    <p class='ocr_par' dir='ltr' id='par_1_26' title="bbox 2193 1093 3769 1172">
     <span class='ocr_line' id='line_1_26' title="bbox 2193 1093 3769 1172; baseline 0.008 -29"><span class='ocrx_word' id='word_1_163' title='bbox 2193 1109 2354 1161; x_wconf 90' lang='grc' dir='ltr'>μενον</span> <span class='ocrx_word' id='word_1_164' title='bbox 2381 1093 2639 1159; x_wconf 83' lang='grc' dir='ltr'>ίστῶσαν,</span> <span class='ocrx_word' id='word_1_165' title='bbox 2673 1093 2787 1147; x_wconf 83' lang='grc' dir='ltr'>ἀλλ’</span> <span class='ocrx_word' id='word_1_166' title='bbox 2835 1094 3024 1166; x_wconf 78' lang='grc' dir='ltr'>ἓτερον</span> <span class='ocrx_word' id='word_1_167' title='bbox 3073 1097 3509 1169; x_wconf 75' lang='grc' dir='ltr'><strong>παραδοξότερον</strong></span> <span class='ocrx_word' id='word_1_168' title='bbox 3537 1101 3680 1172; x_wconf 82' lang='grc' dir='ltr'>ὅπερ</span> <span class='ocrx_word' id='word_1_169' title='bbox 3705 1098 3769 1172; x_wconf 82' lang='grc' dir='ltr'>ἦν</span> 
     </span>
    </p>
   </div>
   <div class='ocr_carea' id='block_1_27' title="bbox 2192 1180 3770 1266">
    <p class='ocr_par' dir='ltr' id='par_1_27' title="bbox 2192 1180 3770 1266">
     <span class='ocr_line' id='line_1_27' title="bbox 2192 1180 3770 1266; baseline 0.008 -29"><span class='ocrx_word' id='word_1_170' title='bbox 2192 1184 2335 1255; x_wconf 74' lang='lat' dir='ltr'><strong>Heg.</strong></span> <span class='ocrx_word' id='word_1_171' title='bbox 2392 1185 2535 1256; x_wconf 74' lang='grc' dir='ltr'>ἥπερ</span> <span class='ocrx_word' id='word_1_172' title='bbox 2586 1180 2692 1256; x_wconf 77' lang='grc' dir='ltr'><strong>ἦν]</strong></span> <span class='ocrx_word' id='word_1_173' title='bbox 2747 1186 3230 1259; x_wconf 86' lang='grc' dir='ltr'>ὑπαινιττομένην.</span> <span class='ocrx_word' id='word_1_174' title='bbox 3276 1190 3390 1244; x_wconf 76' lang='grc' dir='ltr'><strong>Καὶ</strong></span> <span class='ocrx_word' id='word_1_175' title='bbox 3442 1193 3552 1264; x_wconf 82' lang='grc' dir='ltr'>γὰρ</span> <span class='ocrx_word' id='word_1_176' title='bbox 3609 1195 3770 1266; x_wconf 75' lang='grc' dir='ltr'>ἡτοῦ</span> 
     </span>
    </p>
   </div>
   <div class='ocr_carea' id='block_1_28' title="bbox 2191 1275 3774 1358">
    <p class='ocr_par' dir='ltr' id='par_1_28' title="bbox 2191 1275 3774 1358">
     <span class='ocr_line' id='line_1_28' title="bbox 2191 1275 3774 1358; baseline 0.006 -29"><span class='ocrx_word' id='word_1_177' title='bbox 2191 1275 2427 1344; x_wconf 77' lang='grc' dir='ltr'><strong>ἀγγέλου</strong></span> <span class='ocrx_word' id='word_1_178' title='bbox 2479 1277 2620 1347; x_wconf 70' lang='grc' dir='ltr'>πρὸς</span> <span class='ocrx_word' id='word_1_179' title='bbox 2669 1276 2876 1349; x_wconf 82' lang='grc' dir='ltr'>ταύτην</span> <span class='ocrx_word' id='word_1_180' title='bbox 2921 1277 3176 1351; x_wconf 78' lang='grc' dir='ltr'>διατριϐὴ</span> <span class='ocrx_word' id='word_1_181' title='bbox 3240 1281 3339 1352; x_wconf 78' lang='grc' dir='ltr'>τὴν</span> <span class='ocrx_word' id='word_1_182' title='bbox 3383 1281 3478 1336; x_wconf 91' lang='grc' dir='ltr'><strong>τοῦ</strong></span> <span class='ocrx_word' id='word_1_183' title='bbox 3535 1285 3774 1358; x_wconf 73' lang='grc' dir='ltr'>Γαϐριὴλ</span> 
     </span>
    </p>
   </div>
   <div class='ocr_carea' id='block_1_29' title="bbox 2193 1368 3771 1445">
    <p class='ocr_par' dir='ltr' id='par_1_29' title="bbox 2193 1368 3771 1445">
     <span class='ocr_line' id='line_1_29' title="bbox 2193 1368 3771 1445; baseline 0.007 -25"><span class='ocrx_word' id='word_1_184' title='bbox 2193 1369 2460 1436; x_wconf 81' lang='grc' dir='ltr'>ὑπέφαινε</span> <span class='ocrx_word' id='word_1_185' title='bbox 2494 1368 2802 1437; x_wconf 80' lang='grc' dir='ltr'>παρουσίαν</span> <span class='ocrx_word' id='word_1_186' title='bbox 2833 1384 2846 1399; x_wconf 88' lang='grc'><strong>·</strong></span> <span class='ocrx_word' id='word_1_187' title='bbox 2879 1369 3044 1424; x_wconf 91' lang='grc' dir='ltr'>τοῦτο</span> <span class='ocrx_word' id='word_1_188' title='bbox 3093 1371 3214 1442; x_wconf 80' lang='grc' dir='ltr'>μὲν,</span> <span class='ocrx_word' id='word_1_189' title='bbox 3247 1375 3656 1445; x_wconf 79' lang='grc' dir='ltr'><strong>προδηλοῦντος</strong></span> <span class='ocrx_word' id='word_1_190' title='bbox 3681 1379 3771 1434; x_wconf 88' lang='grc' dir='ltr'><strong>τοῦ</strong></span> 
     </span>
    </p>
   </div>
   <div class='ocr_carea' id='block_1_30' title="bbox 2191 1458 3774 1539">
    <p class='ocr_par' dir='ltr' id='par_1_30' title="bbox 2191 1458 3774 1539">
     <span class='ocr_line' id='line_1_30' title="bbox 2191 1458 3774 1539; baseline 0.006 -26"><span class='ocrx_word' id='word_1_191' title='bbox 2191 1459 2329 1514; x_wconf 82' lang='grc' dir='ltr'>Θεοῦ</span> <span class='ocrx_word' id='word_1_192' title='bbox 2349 1476 2364 1490; x_wconf 79' lang='grc' dir='ltr'><strong>ο</strong></span> <span class='ocrx_word' id='word_1_193' title='bbox 2398 1458 2558 1513; x_wconf 89' lang='grc' dir='ltr'>τοῦτο</span> <span class='ocrx_word' id='word_1_194' title='bbox 2583 1458 2662 1525; x_wconf 77' lang='grc' dir='ltr'>δὲ,</span> <span class='ocrx_word' id='word_1_195' title='bbox 2695 1460 2792 1514; x_wconf 75' lang='grc' dir='ltr'>καὶ</span> <span class='ocrx_word' id='word_1_196' title='bbox 2817 1461 3230 1539; x_wconf 24' lang='grc' dir='ltr'>τὴν-Παρθένον</span> <span class='ocrx_word' id='word_1_197' title='bbox 3281 1465 3582 1530; x_wconf 71' lang='grc' dir='ltr'>ἐθίζοντος.</span> <span class='ocrx_word' id='word_1_198' title='bbox 3627 1467 3690 1520; x_wconf 83' lang='grc' dir='ltr'><em>Ἥ</em></span> <span class='ocrx_word' id='word_1_199' title='bbox 3720 1469 3774 1522; x_wconf 74' lang='grc' dir='ltr'>δὲ</span> 
     </span>
    </p>
   </div>
   <div class='ocr_carea' id='block_1_31' title="bbox 2193 1551 3772 1628">
    <p class='ocr_par' dir='ltr' id='par_1_31' title="bbox 2193 1551 3772 1628">
     <span class='ocr_line' id='line_1_31' title="bbox 2193 1551 3772 1628; baseline 0.005 -22"><span class='ocrx_word' id='word_1_200' title='bbox 2193 1551 2537 1622; x_wconf 80' lang='grc' dir='ltr'><strong>κομιζομένη</strong></span> <span class='ocrx_word' id='word_1_201' title='bbox 2567 1552 2747 1624; x_wconf 82' lang='grc' dir='ltr'>τροφὴ</span> <span class='ocrx_word' id='word_1_202' title='bbox 2804 1553 2897 1607; x_wconf 80' lang='grc' dir='ltr'>τὸν</span> <span class='ocrx_word' id='word_1_203' title='bbox 2932 1553 3097 1625; x_wconf 79' lang='grc' dir='ltr'>ἄρτον</span> <span class='ocrx_word' id='word_1_204' title='bbox 3127 1557 3291 1611; x_wconf 79' lang='grc' dir='ltr'>αὑτὸν</span> <span class='ocrx_word' id='word_1_205' title='bbox 3316 1561 3420 1628; x_wconf 82' lang='grc' dir='ltr'>τῆς</span> <span class='ocrx_word' id='word_1_206' title='bbox 3446 1557 3598 1628; x_wconf 83' lang='grc' dir='ltr'><strong>ζωῆς</strong></span> <span class='ocrx_word' id='word_1_207' title='bbox 3631 1562 3772 1615; x_wconf 82' lang='grc' dir='ltr'>εἰκό-</span> 
     </span>
    </p>
   </div>
   <div class='ocr_carea' id='block_1_32' title="bbox 2193 1644 3888 1724">
    <p class='ocr_par' dir='ltr' id='par_1_32' title="bbox 2193 1644 3888 1724">
     <span class='ocr_line' id='line_1_32' title="bbox 2193 1644 3888 1724; baseline 0.008 -31"><span class='ocrx_word' id='word_1_208' title='bbox 2193 1645 2359 1708; x_wconf 81' lang='grc' dir='ltr'>νιξεν·</span> <span class='ocrx_word' id='word_1_209' title='bbox 2436 1644 2834 1713; x_wconf 86' lang='grc' dir='ltr'>εὑδιάγνωστον</span> <span class='ocrx_word' id='word_1_210' title='bbox 2908 1645 3107 1718; x_wconf 74' lang='grc' dir='ltr'>ἔχουσα</span> <span class='ocrx_word' id='word_1_211' title='bbox 3166 1652 3279 1713; x_wconf 82' lang='grc' dir='ltr'>τοῖς</span> <span class='ocrx_word' id='word_1_212' title='bbox 3359 1651 3614 1720; x_wconf 78' lang='grc' dir='ltr'>κρίνουσι</span> <span class='ocrx_word' id='word_1_213' title='bbox 3681 1655 3774 1724; x_wconf 77' lang='grc' dir='ltr'>τὴν</span> <span class='ocrx_word' id='word_1_214' title='bbox 3885 1686 3888 1688; x_wconf 97' lang='grc'><strong>-</strong></span> 
     </span>
    </p>
   </div>
   <div class='ocr_carea' id='block_1_33' title="bbox 2193 1733 3773 1814">
    <p class='ocr_par' dir='ltr' id='par_1_33' title="bbox 2193 1733 3773 1814">
     <span class='ocr_line' id='line_1_33' title="bbox 2193 1733 3773 1814; baseline 0.004 -26"><span class='ocrx_word' id='word_1_215' title='bbox 2193 1736 2511 1806; x_wconf 88' lang='grc' dir='ltr'>ὁμοιότητα,</span> <span class='ocrx_word' id='word_1_216' title='bbox 2545 1734 2652 1789; x_wconf 76' lang='grc' dir='ltr'><strong>κάν</strong></span> <span class='ocrx_word' id='word_1_217' title='bbox 2691 1733 2770 1807; x_wconf 84' lang='grc' dir='ltr'>τῷ</span> <span class='ocrx_word' id='word_1_218' title='bbox 2815 1737 3061 1808; x_wconf 81' lang='grc' dir='ltr'>μεγίστῳ</span> <span class='ocrx_word' id='word_1_219' title='bbox 3099 1737 3371 1810; x_wconf 81' lang='grc' dir='ltr'>διαφέρει.</span> <span class='ocrx_word' id='word_1_220' title='bbox 3424 1740 3643 1812; x_wconf 80' lang='grc' dir='ltr'>Ὠσπερ</span> <span class='ocrx_word' id='word_1_221' title='bbox 3671 1745 3773 1814; x_wconf 82' lang='grc' dir='ltr'><strong>γάρ</strong></span> 
     </span>
    </p>
   </div>
   <div class='ocr_carea' id='block_1_34' title="bbox 516 1801 2089 1901">
    <p class='ocr_par' dir='ltr' id='par_1_34' title="bbox 516 1819 2086 1897">
     <span class='ocr_line' id='line_1_34' title="bbox 516 1819 2086 1897; baseline 0.003 -20"><span class='ocrx_word' id='word_1_222' title='bbox 516 1819 608 1886; x_wconf 81' lang='lat' dir='ltr'><strong>Uti</strong></span> <span class='ocrx_word' id='word_1_223' title='bbox 641 1823 784 1875; x_wconf 88' lang='lat' dir='ltr'><strong>enim</strong></span> <span class='ocrx_word' id='word_1_224' title='bbox 835 1823 980 1876; x_wconf 87' lang='lat' dir='ltr'><strong>illius</strong></span> <span class='ocrx_word' id='word_1_225' title='bbox 1028 1822 1244 1891; x_wconf 79' lang='lat' dir='ltr'><strong>ignotus</strong></span> <span class='ocrx_word' id='word_1_226' title='bbox 1299 1835 1589 1893; x_wconf 78' lang='lat' dir='ltr'><strong>apparatus</strong></span> <span class='ocrx_word' id='word_1_227' title='bbox 1629 1826 1840 1893; x_wconf 90' lang='lat' dir='ltr'><strong>modus,</strong></span> <span class='ocrx_word' id='word_1_228' title='bbox 1879 1843 1943 1881; x_wconf 89' lang='lat' dir='ltr'><strong>ac</strong></span> <span class='ocrx_word' id='word_1_229' title='bbox 1976 1843 2086 1897; x_wconf 90' lang='lat' dir='ltr'><strong>quo</strong></span> 
     </span>
    </p>
   </div>
   <div class='ocr_carea' id='block_1_35' title="bbox 2194 1801 3776 1901">
    <p class='ocr_par' dir='ltr' id='par_1_35' title="bbox 2194 1801 3776 1901">
     <span class='ocr_line' id='line_1_35' title="bbox 2194 1801 3776 1901; baseline 0.006 -23"><span class='ocrx_word' id='word_1_230' title='bbox 2194 1801 2415 1896; x_wconf 77' lang='grc' dir='ltr'>ἐκείνης</span> <span class='ocrx_word' id='word_1_231' title='bbox 2439 1828 2718 1894; x_wconf 83' lang='grc' dir='ltr'>ἀγνοεῖται</span> <span class='ocrx_word' id='word_1_232' title='bbox 2742 1801 2752 1807; x_wconf 31' lang='grc'>⁷</span> <span class='ocrx_word' id='word_1_233' title='bbox 2776 1801 3140 1901; x_wconf 62' lang='grc' dir='ltr'>παρασκευῆς</span> <span class='ocrx_word' id='word_1_234' title='bbox 3175 1801 3401 1900; x_wconf 80' lang='grc' dir='ltr'>τρόπος,</span> <span class='ocrx_word' id='word_1_235' title='bbox 3435 1833 3530 1886; x_wconf 71' lang='grc' dir='ltr'>καὶ</span> <span class='ocrx_word' id='word_1_236' title='bbox 3647 1801 3776 1898; x_wconf 53' lang='grc' dir='ltr'>θεὸς</span> 
     </span>
    </p>
   </div>
   <div class='ocr_carea' id='block_1_36' title="bbox 516 1911 2086 1982">
    <p class='ocr_par' dir='ltr' id='par_1_36' title="bbox 516 1911 2086 1982">
     <span class='ocr_line' id='line_1_36' title="bbox 516 1911 2086 1982; baseline 0.004 -17"><span class='ocrx_word' id='word_1_237' title='bbox 516 1911 657 1967; x_wconf 85' lang='lat' dir='ltr'><strong>Deus</strong></span> <span class='ocrx_word' id='word_1_238' title='bbox 679 1915 1004 1982; x_wconf 78' lang='lat' dir='ltr'><strong>produceret</strong></span> <span class='ocrx_word' id='word_1_239' title='bbox 1029 1952 1045 1978; x_wconf 87' lang='lat'><strong>,</strong></span> <span class='ocrx_word' id='word_1_240' title='bbox 1079 1916 1158 1968; x_wconf 88' lang='lat' dir='ltr'><strong>sic</strong></span> <span class='ocrx_word' id='word_1_241' title='bbox 1177 1925 1230 1967; x_wconf 91' lang='lat' dir='ltr'><strong>et</strong></span> <span class='ocrx_word' id='word_1_242' title='bbox 1251 1915 1642 1970; x_wconf 73' lang='lat' dir='ltr'><strong>incarnationis</strong></span> <span class='ocrx_word' id='word_1_243' title='bbox 1668 1914 1850 1982; x_wconf 82' lang='lat' dir='ltr'><strong>Verbi,</strong></span> <span class='ocrx_word' id='word_1_244' title='bbox 1876 1917 2086 1972; x_wconf 84' lang='lat' dir='ltr'><strong>occulta</strong></span> 
     </span>
    </p>
   </div>
   <div class='ocr_carea' id='block_1_37' title="bbox 513 2004 2086 2077">
    <p class='ocr_par' dir='ltr' id='par_1_37' title="bbox 513 2004 2086 2077">
     <span class='ocr_line' id='line_1_37' title="bbox 513 2004 2086 2077; baseline 0.004 -20"><span class='ocrx_word' id='word_1_245' title='bbox 513 2011 599 2057; x_wconf 90' lang='lat' dir='ltr'><strong>est</strong></span> <span class='ocrx_word' id='word_1_246' title='bbox 631 2004 789 2066; x_wconf 86' lang='lat' dir='ltr'><strong>ratio,</strong></span> <span class='ocrx_word' id='word_1_247' title='bbox 833 2019 896 2059; x_wconf 89' lang='lat' dir='ltr'><strong>ac</strong></span> <span class='ocrx_word' id='word_1_248' title='bbox 927 2019 1088 2059; x_wconf 87' lang='lat' dir='ltr'><strong>causa</strong></span> <span class='ocrx_word' id='word_1_249' title='bbox 1125 2007 1384 2077; x_wconf 82' lang='lat' dir='ltr'><strong>mysterii.</strong></span> <span class='ocrx_word' id='word_1_250' title='bbox 1429 2008 1507 2060; x_wconf 85' lang='lat' dir='ltr'><strong>Ac</strong></span> <span class='ocrx_word' id='word_1_251' title='bbox 1536 2009 1756 2076; x_wconf 82' lang='lat' dir='ltr'><strong>quidem</strong></span> <span class='ocrx_word' id='word_1_252' title='bbox 1795 2008 2086 2063; x_wconf 86' lang='lat' dir='ltr'><strong>intemera-</strong></span> 
     </span>
    </p>
   </div>
   <div class='ocr_carea' id='block_1_38' title="bbox 517 2095 2087 2167">
    <p class='ocr_par' dir='ltr' id='par_1_38' title="bbox 517 2095 2087 2167">
     <span class='ocr_line' id='line_1_38' title="bbox 517 2095 2087 2167; baseline 0.006 -17"><span class='ocrx_word' id='word_1_253' title='bbox 517 2104 569 2150; x_wconf 87' lang='lat' dir='ltr'><strong>ta</strong></span> <span class='ocrx_word' id='word_1_254' title='bbox 611 2095 776 2167; x_wconf 81' lang='lat' dir='ltr'><strong>Virgo</strong></span> <span class='ocrx_word' id='word_1_255' title='bbox 815 2113 994 2153; x_wconf 86' lang='lat' dir='ltr'><strong>escam</strong></span> <span class='ocrx_word' id='word_1_256' title='bbox 1030 2099 1174 2154; x_wconf 88' lang='lat' dir='ltr'><strong>illam</strong></span> <span class='ocrx_word' id='word_1_257' title='bbox 1222 2111 1435 2166; x_wconf 87' lang='lat' dir='ltr'><strong>tenens,</strong></span> <span class='ocrx_word' id='word_1_258' title='bbox 1464 2101 1769 2156; x_wconf 91' lang='lat' dir='ltr'><strong>divinorum</strong></span> <span class='ocrx_word' id='word_1_259' title='bbox 1801 2119 2087 2160; x_wconf 88' lang='lat' dir='ltr'><strong>munerum</strong></span> 
     </span>
    </p>
   </div>
   <div class='ocr_carea' id='block_1_39' title="bbox 515 2177 2090 2262">
    <p class='ocr_par' dir='ltr' id='par_1_39' title="bbox 515 2177 2090 2262">
     <span class='ocr_line' id='line_1_39' title="bbox 515 2177 2090 2262; baseline 0.007 -23"><span class='ocrx_word' id='word_1_260' title='bbox 515 2186 736 2239; x_wconf 81' lang='lat' dir='ltr'><strong>cumulo</strong></span> <span class='ocrx_word' id='word_1_261' title='bbox 795 2189 1124 2256; x_wconf 78' lang='lat' dir='ltr'><strong>augebatur;</strong></span> <span class='ocrx_word' id='word_1_262' title='bbox 1175 2193 1268 2244; x_wconf 86' lang='lat' dir='ltr'><strong>sed</strong></span> <span class='ocrx_word' id='word_1_263' title='bbox 1331 2199 1384 2245; x_wconf 88' lang='lat' dir='ltr'><strong>et</strong></span> <span class='ocrx_word' id='word_1_264' title='bbox 1426 2177 1519 2260; x_wconf 82' lang='lat' dir='ltr'><strong>qui</strong></span> <span class='ocrx_word' id='word_1_265' title='bbox 1580 2192 1741 2262; x_wconf 83' lang='lat' dir='ltr'><strong>hujus</strong></span> <span class='ocrx_word' id='word_1_266' title='bbox 1777 2192 2090 2258; x_wconf 80' lang='lat' dir='ltr'><strong>efﬁciuntur</strong></span> 
     </span>
    </p>
   </div>
   <div class='ocr_carea' id='block_1_40' title="bbox 515 2278 2083 2354">
    <p class='ocr_par' dir='ltr' id='par_1_40' title="bbox 515 2278 2083 2354">
     <span class='ocr_line' id='line_1_40' title="bbox 515 2278 2083 2354; baseline 0.01 -25"><span class='ocrx_word' id='word_1_267' title='bbox 515 2278 835 2348; x_wconf 89' lang='lat' dir='ltr'><strong>participes,</strong></span> <span class='ocrx_word' id='word_1_268' title='bbox 870 2279 1043 2338; x_wconf 63' lang='lat' dir='ltr'><strong>sancti</strong></span> <span class='ocrx_word' id='word_1_269' title='bbox 1094 2281 1333 2350; x_wconf 83' lang='lat' dir='ltr'><strong>Spiritus</strong></span> <span class='ocrx_word' id='word_1_270' title='bbox 1383 2285 1541 2339; x_wconf 89' lang='lat' dir='ltr'><strong>donis</strong></span> <span class='ocrx_word' id='word_1_271' title='bbox 1576 2287 1876 2354; x_wconf 89' lang='lat' dir='ltr'><strong>replentur.</strong></span> <span class='ocrx_word' id='word_1_272' title='bbox 1905 2286 2083 2344; x_wconf 78' lang='lat' dir='ltr'><strong>Caete-</strong></span> 
     </span>
    </p>
   </div>
   <div class='ocr_carea' id='block_1_41' title="bbox 517 2369 2088 2440">
    <p class='ocr_par' dir='ltr' id='par_1_41' title="bbox 517 2369 2088 2440">
     <span class='ocr_line' id='line_1_41' title="bbox 517 2369 2088 2440; baseline 0.01 -21"><span class='ocrx_word' id='word_1_273' title='bbox 517 2382 634 2420; x_wconf 90' lang='lat' dir='ltr'><strong>rum</strong></span> <span class='ocrx_word' id='word_1_274' title='bbox 669 2383 796 2422; x_wconf 87' lang='lat' dir='ltr'><strong>esca</strong></span> <span class='ocrx_word' id='word_1_275' title='bbox 827 2369 936 2434; x_wconf 85' lang='lat' dir='ltr'><strong>illa,</strong></span> <span class='ocrx_word' id='word_1_276' title='bbox 967 2386 994 2422; x_wconf 89' lang='lat' dir='ltr'><strong>a</strong></span> <span class='ocrx_word' id='word_1_277' title='bbox 1048 2383 1392 2440; x_wconf 83' lang='lat' dir='ltr'><strong>peccatorum</strong></span> <span class='ocrx_word' id='word_1_278' title='bbox 1421 2374 1542 2430; x_wconf 84' lang='lat' dir='ltr'><strong>labe</strong></span> <span class='ocrx_word' id='word_1_279' title='bbox 1567 2377 1790 2432; x_wconf 89' lang='lat' dir='ltr'><strong>minime</strong></span> <span class='ocrx_word' id='word_1_280' title='bbox 1821 2381 2088 2434; x_wconf 89' lang='lat' dir='ltr'><strong>emunda-</strong></span> 
     </span>
    </p>
   </div>
   <div class='ocr_carea' id='block_1_42' title="bbox 514 2458 2088 2540">
    <p class='ocr_par' dir='ltr' id='par_1_42' title="bbox 514 2458 2088 2540">
     <span class='ocr_line' id='line_1_42' title="bbox 514 2458 2088 2540; baseline 0.01 -30"><span class='ocrx_word' id='word_1_281' title='bbox 514 2458 593 2510; x_wconf 88' lang='lat' dir='ltr'><strong>vit</strong></span> <span class='ocrx_word' id='word_1_282' title='bbox 620 2475 634 2511; x_wconf 89' lang='lat'><strong>:</strong></span> <span class='ocrx_word' id='word_1_283' title='bbox 664 2474 842 2529; x_wconf 90' lang='lat' dir='ltr'><strong>neque</strong></span> <span class='ocrx_word' id='word_1_284' title='bbox 872 2463 1016 2514; x_wconf 90' lang='lat' dir='ltr'><strong>enim</strong></span> <span class='ocrx_word' id='word_1_285' title='bbox 1046 2477 1164 2515; x_wconf 89' lang='lat' dir='ltr'><strong>eam</strong></span> <span class='ocrx_word' id='word_1_286' title='bbox 1198 2465 1508 2534; x_wconf 89' lang='lat' dir='ltr'><strong>percipiens</strong></span> <span class='ocrx_word' id='word_1_287' title='bbox 1533 2466 1644 2520; x_wconf 90' lang='lat' dir='ltr'><strong>illis</strong></span> <span class='ocrx_word' id='word_1_288' title='bbox 1670 2469 1912 2540; x_wconf 82' lang='lat' dir='ltr'><strong>subjecta</strong></span> <span class='ocrx_word' id='word_1_289' title='bbox 1947 2480 2088 2537; x_wconf 89' lang='lat' dir='ltr'><strong>erat,</strong></span> 
     </span>
    </p>
   </div>
   <div class='ocr_carea' id='block_1_43' title="bbox 514 2549 2083 2632">
    <p class='ocr_par' dir='ltr' id='par_1_43' title="bbox 514 2549 2083 2632">
     <span class='ocr_line' id='line_1_43' title="bbox 514 2549 2083 2632; baseline 0.01 -31"><span class='ocrx_word' id='word_1_290' title='bbox 514 2563 638 2602; x_wconf 91' lang='lat' dir='ltr'><strong>cum</strong></span> <span class='ocrx_word' id='word_1_291' title='bbox 675 2549 836 2619; x_wconf 83' lang='lat' dir='ltr'><strong>plane</strong></span> <span class='ocrx_word' id='word_1_292' title='bbox 867 2554 1064 2606; x_wconf 84' lang='lat' dir='ltr'><strong>munda</strong></span> <span class='ocrx_word' id='word_1_293' title='bbox 1101 2564 1269 2618; x_wconf 82' lang='lat' dir='ltr'><strong>esset,</strong></span> <span class='ocrx_word' id='word_1_294' title='bbox 1323 2567 1424 2609; x_wconf 89' lang='lat' dir='ltr'><strong>nec</strong></span> <span class='ocrx_word' id='word_1_295' title='bbox 1459 2555 1564 2610; x_wconf 92' lang='lat' dir='ltr'><strong>ulla</strong></span> <span class='ocrx_word' id='word_1_296' title='bbox 1603 2560 1926 2629; x_wconf 76' lang='lat' dir='ltr'><strong>purgatione</strong></span> <span class='ocrx_word' id='word_1_297' title='bbox 1954 2577 2083 2632; x_wconf 69' lang='lat' dir='ltr'><strong>egeo</strong></span> 
     </span>
    </p>
   </div>
   <div class='ocr_carea' id='block_1_44' title="bbox 517 2642 2089 2721">
    <p class='ocr_par' dir='ltr' id='par_1_44' title="bbox 517 2642 2089 2721">
     <span class='ocr_line' id='line_1_44' title="bbox 517 2642 2089 2721; baseline 0.01 -27"><span class='ocrx_word' id='word_1_298' title='bbox 517 2651 650 2696; x_wconf 90' lang='lat' dir='ltr'><strong>ret:</strong></span> <span class='ocrx_word' id='word_1_299' title='bbox 703 2642 789 2695; x_wconf 85' lang='lat' dir='ltr'><strong>hic</strong></span> <span class='ocrx_word' id='word_1_300' title='bbox 815 2653 1018 2707; x_wconf 84' lang='lat' dir='ltr'><strong>autem,</strong></span> <span class='ocrx_word' id='word_1_301' title='bbox 1063 2646 1252 2714; x_wconf 73' lang='lat' dir='ltr'><strong>gratia:</strong></span> <span class='ocrx_word' id='word_1_302' title='bbox 1306 2647 1691 2718; x_wconf 88' lang='lat' dir='ltr'><strong>impertitione,</strong></span> <span class='ocrx_word' id='word_1_303' title='bbox 1739 2661 2089 2721; x_wconf 85' lang='lat' dir='ltr'><strong>peccatorum</strong></span> 
     </span>
    </p>
   </div>
   <div class='ocr_carea' id='block_1_45' title="bbox 515 2734 1291 2800">
    <p class='ocr_par' dir='ltr' id='par_1_45' title="bbox 515 2734 1291 2800">
     <span class='ocr_line' id='line_1_45' title="bbox 515 2734 1291 2800; baseline 0.013 -18"><span class='ocrx_word' id='word_1_304' title='bbox 515 2744 734 2800; x_wconf 84' lang='lat' dir='ltr'><strong>quoque</strong></span> <span class='ocrx_word' id='word_1_305' title='bbox 763 2734 1032 2789; x_wconf 86' lang='lat' dir='ltr'><strong>abstersio</strong></span> <span class='ocrx_word' id='word_1_306' title='bbox 1061 2737 1291 2792; x_wconf 81' lang='lat' dir='ltr'><strong>accedit.</strong></span> 
     </span>
    </p>
   </div>
   <div class='ocr_carea' id='block_1_46' title="bbox 588 2821 2084 2905">
    <p class='ocr_par' dir='ltr' id='par_1_46' title="bbox 588 2821 2084 2905">
     <span class='ocr_line' id='line_1_46' title="bbox 588 2821 2084 2905; baseline 0.012 -29"><span class='ocrx_word' id='word_1_307' title='bbox 588 2821 683 2876; x_wconf 86' lang='lat' dir='ltr'><strong>His</strong></span> <span class='ocrx_word' id='word_1_308' title='bbox 715 2823 881 2892; x_wconf 69' lang='lat' dir='ltr'><strong>igitur</strong></span> <span class='ocrx_word' id='word_1_309' title='bbox 912 2825 1208 2882; x_wconf 85' lang='lat' dir='ltr'><strong>Zacharias</strong></span> <span class='ocrx_word' id='word_1_310' title='bbox 1240 2829 1291 2882; x_wconf 91' lang='lat' dir='ltr'><strong>in</strong></span> <span class='ocrx_word' id='word_1_311' title='bbox 1335 2837 1612 2898; x_wconf 89' lang='lat' dir='ltr'><strong>stuporem</strong></span> <span class='ocrx_word' id='word_1_312' title='bbox 1643 2841 1822 2899; x_wconf 89' lang='lat' dir='ltr'><strong>actus,</strong></span> <span class='ocrx_word' id='word_1_313' title='bbox 1848 2837 1942 2905; x_wconf 91' lang='lat' dir='ltr'><strong>qui</strong></span> <span class='ocrx_word' id='word_1_314' title='bbox 1976 2852 2084 2893; x_wconf 88' lang='lat' dir='ltr'><strong>non</strong></span> 
     </span>
    </p>
   </div>
   <div class='ocr_carea' id='block_1_47' title="bbox 515 2916 2091 2988">
    <p class='ocr_par' dir='ltr' id='par_1_47' title="bbox 515 2916 2091 2988">
     <span class='ocr_line' id='line_1_47' title="bbox 515 2916 2091 2988; baseline 0.011 -21"><span class='ocrx_word' id='word_1_315' title='bbox 515 2927 679 2983; x_wconf 80' lang='lat' dir='ltr'><strong>supra</strong></span> <span class='ocrx_word' id='word_1_316' title='bbox 712 2916 928 2970; x_wconf 91' lang='lat' dir='ltr'><strong>modum</strong></span> <span class='ocrx_word' id='word_1_317' title='bbox 953 2919 1359 2975; x_wconf 87' lang='lat' dir='ltr'><strong>admiraretur?</strong></span> <span class='ocrx_word' id='word_1_318' title='bbox 1388 2924 1502 2988; x_wconf 87' lang='lat' dir='ltr'><strong>Qua</strong></span> <span class='ocrx_word' id='word_1_319' title='bbox 1522 2939 1627 2978; x_wconf 91' lang='lat' dir='ltr'><strong>non</strong></span> <span class='ocrx_word' id='word_1_320' title='bbox 1650 2924 1877 2983; x_wconf 90' lang='lat' dir='ltr'><strong>honoris</strong></span> <span class='ocrx_word' id='word_1_321' title='bbox 1907 2929 2091 2983; x_wconf 83' lang='lat' dir='ltr'><strong>excel-</strong></span> 
     </span>
    </p>
   </div>
   <div class='ocr_carea' id='block_1_48' title="bbox 518 3003 2086 3089">
    <p class='ocr_par' dir='ltr' id='par_1_48' title="bbox 518 3003 2086 3089">
     <span class='ocr_line' id='line_1_48' title="bbox 518 3003 2086 3089; baseline 0.011 -30"><span class='ocrx_word' id='word_1_322' title='bbox 518 3003 708 3071; x_wconf 87' lang='lat' dir='ltr'><strong>lentia,</strong></span> <span class='ocrx_word' id='word_1_323' title='bbox 732 3007 944 3075; x_wconf 87' lang='lat' dir='ltr'><strong>plenam</strong></span> <span class='ocrx_word' id='word_1_324' title='bbox 980 3011 1152 3080; x_wconf 76' lang='lat' dir='ltr'><strong>gratia</strong></span> <span class='ocrx_word' id='word_1_325' title='bbox 1187 3011 1410 3066; x_wconf 87' lang='lat' dir='ltr'><strong>Mariam</strong></span> <span class='ocrx_word' id='word_1_326' title='bbox 1443 3027 1870 3086; x_wconf 87' lang='lat' dir='ltr'><strong>prosequeretur</strong></span> <span class='ocrx_word' id='word_1_327' title='bbox 1895 3020 1919 3073; x_wconf 85' lang='lat'><strong>?</strong></span> <span class='ocrx_word' id='word_1_328' title='bbox 1947 3021 2086 3089; x_wconf 87' lang='lat' dir='ltr'><strong>Quid</strong></span> 
     </span>
    </p>
   </div>
   <div class='ocr_carea' id='block_1_49' title="bbox 515 3099 2090 3178">
    <p class='ocr_par' dir='ltr' id='par_1_49' title="bbox 515 3099 2090 3178">
     <span class='ocr_line' id='line_1_49' title="bbox 515 3099 2090 3178; baseline 0.01 -28"><span class='ocrx_word' id='word_1_329' title='bbox 515 3110 624 3150; x_wconf 83' lang='lat' dir='ltr'><strong>non</strong></span> <span class='ocrx_word' id='word_1_330' title='bbox 653 3099 895 3167; x_wconf 75' lang='lat' dir='ltr'><strong>cogitare</strong></span> <span class='ocrx_word' id='word_1_331' title='bbox 921 3115 985 3154; x_wconf 88' lang='lat' dir='ltr'><strong>ac</strong></span> <span class='ocrx_word' id='word_1_332' title='bbox 1017 3111 1275 3169; x_wconf 68' lang='lat' dir='ltr'><strong>praestare</strong></span> <span class='ocrx_word' id='word_1_333' title='bbox 1309 3104 1492 3171; x_wconf 86' lang='lat' dir='ltr'><strong>vellet,</strong></span> <span class='ocrx_word' id='word_1_334' title='bbox 1544 3116 1603 3159; x_wconf 93' lang='lat' dir='ltr'><strong>ut</strong></span> <span class='ocrx_word' id='word_1_335' title='bbox 1631 3109 1895 3178; x_wconf 85' lang='lat' dir='ltr'><strong>quidquid</strong></span> <span class='ocrx_word' id='word_1_336' title='bbox 1933 3128 2090 3165; x_wconf 88' lang='lat' dir='ltr'><strong>mun-</strong></span> 
     </span>
    </p>
   </div>
   <div class='ocr_carea' id='block_1_50' title="bbox 513 3186 2092 3270">
    <p class='ocr_par' dir='ltr' id='par_1_50' title="bbox 513 3186 2092 3270">
     <span class='ocr_line' id='line_1_50' title="bbox 513 3186 2092 3270; baseline 0.011 -30"><span class='ocrx_word' id='word_1_337' title='bbox 513 3186 617 3242; x_wconf 87' lang='lat' dir='ltr'><strong>dus</strong></span> <span class='ocrx_word' id='word_1_338' title='bbox 647 3188 942 3258; x_wconf 78' lang='lat' dir='ltr'><strong>gloriosum</strong></span> <span class='ocrx_word' id='word_1_339' title='bbox 974 3191 1162 3258; x_wconf 85' lang='lat' dir='ltr'><strong>habet,</strong></span> <span class='ocrx_word' id='word_1_340' title='bbox 1202 3194 1276 3248; x_wconf 74' lang='lat' dir='ltr'><strong>Illi</strong></span> <span class='ocrx_word' id='word_1_341' title='bbox 1308 3196 1612 3252; x_wconf 84' lang='lat' dir='ltr'><strong>tribueret?</strong></span> <span class='ocrx_word' id='word_1_342' title='bbox 1635 3195 1776 3264; x_wconf 84' lang='lat' dir='ltr'><strong>Quid</strong></span> <span class='ocrx_word' id='word_1_343' title='bbox 1797 3200 1943 3255; x_wconf 89' lang='lat' dir='ltr'><strong>enim</strong></span> <span class='ocrx_word' id='word_1_344' title='bbox 1972 3202 2092 3270; x_wconf 89' lang='lat' dir='ltr'><strong>ejus</strong></span> 
     </span>
    </p>
   </div>
   <div class='ocr_carea' id='block_1_51' title="bbox 515 3280 2091 3356">
    <p class='ocr_par' dir='ltr' id='par_1_51' title="bbox 515 3280 2091 3356">
     <span class='ocr_line' id='line_1_51' title="bbox 515 3280 2091 3356; baseline 0.01 -25"><span class='ocrx_word' id='word_1_345' title='bbox 515 3291 628 3332; x_wconf 78' lang='lat' dir='ltr'><strong>non</strong></span> <span class='ocrx_word' id='word_1_346' title='bbox 671 3280 939 3336; x_wconf 84' lang='lat' dir='ltr'><strong>humanos</strong></span> <span class='ocrx_word' id='word_1_347' title='bbox 975 3283 1152 3351; x_wconf 88' lang='lat' dir='ltr'><strong>palam</strong></span> <span class='ocrx_word' id='word_1_348' title='bbox 1193 3287 1488 3341; x_wconf 82' lang='lat' dir='ltr'><strong>excedebat</strong></span> <span class='ocrx_word' id='word_1_349' title='bbox 1542 3289 1774 3343; x_wconf 86' lang='lat' dir='ltr'><strong>modos?</strong></span> <span class='ocrx_word' id='word_1_350' title='bbox 1813 3290 1953 3356; x_wconf 83' lang='lat' dir='ltr'><strong>Quid</strong></span> <span class='ocrx_word' id='word_1_351' title='bbox 1986 3308 2091 3346; x_wconf 92' lang='lat' dir='ltr'><strong>non</strong></span> 
     </span>
    </p>
   </div>
   <div class='ocr_carea' id='block_1_52' title="bbox 514 3375 2092 3453">
    <p class='ocr_par' dir='ltr' id='par_1_52' title="bbox 514 3375 2092 3453">
     <span class='ocr_line' id='line_1_52' title="bbox 514 3375 2092 3453; baseline 0.009 -31"><span class='ocrx_word' id='word_1_352' title='bbox 514 3383 726 3432; x_wconf 83' lang='lat' dir='ltr'><strong>eorum,</strong></span> <span class='ocrx_word' id='word_1_353' title='bbox 755 3388 878 3441; x_wconf 71' lang='lat' dir='ltr'><strong>quae</strong></span> <span class='ocrx_word' id='word_1_354' title='bbox 914 3375 994 3428; x_wconf 91' lang='lat' dir='ltr'><strong>vel</strong></span> <span class='ocrx_word' id='word_1_355' title='bbox 1029 3375 1250 3428; x_wconf 85' lang='lat' dir='ltr'><strong>minima</strong></span> <span class='ocrx_word' id='word_1_356' title='bbox 1292 3377 1545 3444; x_wconf 87' lang='lat' dir='ltr'><strong>habebat,</strong></span> <span class='ocrx_word' id='word_1_357' title='bbox 1596 3397 1915 3450; x_wconf 74' lang='lat' dir='ltr'><strong>magnorum</strong></span> <span class='ocrx_word' id='word_1_358' title='bbox 1949 3399 2092 3453; x_wconf 80' lang='lat' dir='ltr'><strong>quo-</strong></span> 
     </span>
    </p>
   </div>
   <div class='ocr_carea' id='block_1_53' title="bbox 516 3466 2094 3546">
    <p class='ocr_par' dir='ltr' id='par_1_53' title="bbox 516 3466 2094 3546">
     <span class='ocr_line' id='line_1_53' title="bbox 516 3466 2094 3546; baseline 0.011 -32"><span class='ocrx_word' id='word_1_359' title='bbox 516 3478 623 3530; x_wconf 88' lang='lat' dir='ltr'><strong>que</strong></span> <span class='ocrx_word' id='word_1_360' title='bbox 677 3467 935 3534; x_wconf 75' lang='lat' dir='ltr'><strong>praeclara</strong></span> <span class='ocrx_word' id='word_1_361' title='bbox 989 3484 1219 3537; x_wconf 69' lang='lat' dir='ltr'><strong>quaeque</strong></span> <span class='ocrx_word' id='word_1_362' title='bbox 1262 3466 1556 3527; x_wconf 76' lang='lat' dir='ltr'><strong>vincebat?</strong></span> <span class='ocrx_word' id='word_1_363' title='bbox 1598 3472 1734 3529; x_wconf 84' lang='lat' dir='ltr'><strong>Nam</strong></span> <span class='ocrx_word' id='word_1_364' title='bbox 1779 3476 1942 3530; x_wconf 88' lang='lat' dir='ltr'><strong>etiam</strong></span> <span class='ocrx_word' id='word_1_365' title='bbox 1974 3492 2094 3546; x_wconf 71' lang='lat' dir='ltr'><strong>quae</strong></span> 
     </span>
    </p>
   </div>
   <div class='ocr_carea' id='block_1_54' title="bbox 516 3554 2094 3638">
    <p class='ocr_par' dir='ltr' id='par_1_54' title="bbox 516 3554 2094 3638">
     <span class='ocr_line' id='line_1_54' title="bbox 516 3554 2094 3638; baseline 0.013 -35"><span class='ocrx_word' id='word_1_366' title='bbox 516 3554 634 3622; x_wconf 84' lang='lat' dir='ltr'><strong>ejus</strong></span> <span class='ocrx_word' id='word_1_367' title='bbox 665 3558 858 3622; x_wconf 74' lang='lat' dir='ltr'><strong>exigua</strong></span> <span class='ocrx_word' id='word_1_368' title='bbox 887 3559 1232 3625; x_wconf 83' lang='lat' dir='ltr'><strong>videbantur,</strong></span> <span class='ocrx_word' id='word_1_369' title='bbox 1267 3562 1331 3615; x_wconf 90' lang='lat' dir='ltr'><strong>iis</strong></span> <span class='ocrx_word' id='word_1_370' title='bbox 1351 3562 1554 3631; x_wconf 89' lang='lat' dir='ltr'><strong>liquido</strong></span> <span class='ocrx_word' id='word_1_371' title='bbox 1579 3569 1936 3635; x_wconf 64' lang='lat' dir='ltr'><strong>praestabant,</strong></span> <span class='ocrx_word' id='word_1_372' title='bbox 1970 3583 2094 3638; x_wconf 66' lang='lat' dir='ltr'><strong>quae</strong></span> 
     </span>
    </p>
   </div>
   <div class='ocr_carea' id='block_1_55' title="bbox 518 3645 2093 3727">
    <p class='ocr_par' dir='ltr' id='par_1_55' title="bbox 518 3645 2093 3727">
     <span class='ocr_line' id='line_1_55' title="bbox 518 3645 2093 3727; baseline 0.011 -31"><span class='ocrx_word' id='word_1_373' title='bbox 518 3645 574 3698; x_wconf 90' lang='lat' dir='ltr'><strong>in</strong></span> <span class='ocrx_word' id='word_1_374' title='bbox 604 3645 881 3710; x_wconf 83' lang='lat' dir='ltr'><strong>humanis,</strong></span> <span class='ocrx_word' id='word_1_375' title='bbox 917 3650 1116 3703; x_wconf 84' lang='lat' dir='ltr'><strong>eximia</strong></span> <span class='ocrx_word' id='word_1_376' title='bbox 1153 3654 1426 3720; x_wconf 63' lang='lat' dir='ltr'><strong>quaedam,</strong></span> <span class='ocrx_word' id='word_1_377' title='bbox 1456 3669 1523 3709; x_wconf 91' lang='lat' dir='ltr'><strong>ac</strong></span> <span class='ocrx_word' id='word_1_378' title='bbox 1562 3657 1766 3726; x_wconf 83' lang='lat' dir='ltr'><strong>majora</strong></span> <span class='ocrx_word' id='word_1_379' title='bbox 1800 3675 2093 3727; x_wconf 88' lang='lat' dir='ltr'><strong>compara-</strong></span> 
     </span>
    </p>
   </div>
   <div class='ocr_carea' id='block_1_56' title="bbox 523 3738 2094 3806">
    <p class='ocr_par' dir='ltr' id='par_1_56' title="bbox 523 3738 2094 3806">
     <span class='ocr_line' id='line_1_56' title="bbox 523 3738 2094 3806; baseline 0.01 -16"><span class='ocrx_word' id='word_1_380' title='bbox 523 3738 670 3791; x_wconf 87' lang='lat' dir='ltr'><strong>tione</strong></span> <span class='ocrx_word' id='word_1_381' title='bbox 694 3751 1014 3793; x_wconf 87' lang='lat' dir='ltr'><strong>noscuntur.</strong></span> <span class='ocrx_word' id='word_1_382' title='bbox 1051 3742 1184 3795; x_wconf 82' lang='lat' dir='ltr'><strong>Vide</strong></span> <span class='ocrx_word' id='word_1_383' title='bbox 1213 3746 1358 3796; x_wconf 91' lang='lat' dir='ltr'><strong>enim</strong></span> <span class='ocrx_word' id='word_1_384' title='bbox 1392 3757 1451 3798; x_wconf 90' lang='lat' dir='ltr'><strong>ut</strong></span> <span class='ocrx_word' id='word_1_385' title='bbox 1488 3762 1611 3798; x_wconf 88' lang='lat' dir='ltr'><strong>cum</strong></span> <span class='ocrx_word' id='word_1_386' title='bbox 1647 3749 1876 3803; x_wconf 71' lang='lat' dir='ltr'><strong>necdum</strong></span> <span class='ocrx_word' id='word_1_387' title='bbox 1912 3750 2094 3806; x_wconf 82' lang='lat' dir='ltr'><strong>infan-</strong></span> 
     </span>
    </p>
   </div>
   <div class='ocr_carea' id='block_1_57' title="bbox 522 3831 2096 3910">
    <p class='ocr_par' dir='ltr' id='par_1_57' title="bbox 522 3831 2096 3910">
     <span class='ocr_line' id='line_1_57' title="bbox 522 3831 2096 3910; baseline 0.009 -27"><span class='ocrx_word' id='word_1_388' title='bbox 522 3831 608 3883; x_wconf 82' lang='lat' dir='ltr'><strong>tiae</strong></span> <span class='ocrx_word' id='word_1_389' title='bbox 666 3831 949 3886; x_wconf 79' lang='lat' dir='ltr'><strong>terminos.</strong></span> <span class='ocrx_word' id='word_1_390' title='bbox 1003 3837 1352 3902; x_wconf 81' lang='lat' dir='ltr'><strong>excessisset,</strong></span> <span class='ocrx_word' id='word_1_391' title='bbox 1409 3837 1477 3892; x_wconf 85' lang='lat' dir='ltr'><strong>ab</strong></span> <span class='ocrx_word' id='word_1_392' title='bbox 1541 3838 1609 3892; x_wconf 88' lang='lat' dir='ltr'><strong>iis</strong></span> <span class='ocrx_word' id='word_1_393' title='bbox 1662 3855 1784 3910; x_wconf 73' lang='lat' dir='ltr'><strong>qua:</strong></span> <span class='ocrx_word' id='word_1_394' title='bbox 1850 3841 2096 3897; x_wconf 63' lang='lat' dir='ltr'><strong>infantiae</strong></span> 
     </span>
    </p>
   </div>
   <div class='ocr_carea' id='block_1_58' title="bbox 518 3922 2096 4002">
    <p class='ocr_par' dir='ltr' id='par_1_58' title="bbox 518 3922 2096 4002">
     <span class='ocr_line' id='line_1_58' title="bbox 518 3922 2096 4002; baseline 0.006 -28"><span class='ocrx_word' id='word_1_395' title='bbox 518 3922 792 3988; x_wconf 86' lang='lat' dir='ltr'><strong>videntur,</strong></span> <span class='ocrx_word' id='word_1_396' title='bbox 831 3923 989 3992; x_wconf 75' lang='lat' dir='ltr'><strong>longe</strong></span> <span class='ocrx_word' id='word_1_397' title='bbox 1011 3925 1186 3976; x_wconf 86' lang='lat' dir='ltr'><strong>aliena</strong></span> <span class='ocrx_word' id='word_1_398' title='bbox 1208 3937 1374 3980; x_wconf 85' lang='lat' dir='ltr'><strong>esset.</strong></span> <span class='ocrx_word' id='word_1_399' title='bbox 1408 3927 1634 3997; x_wconf 88' lang='lat' dir='ltr'><strong>&#39;l‘emplo</strong></span> <span class='ocrx_word' id='word_1_400' title='bbox 1661 3945 1900 4002; x_wconf 84' lang='lat' dir='ltr'><strong>namque</strong></span> <span class='ocrx_word' id='word_1_401' title='bbox 1943 3931 2096 3986; x_wconf 88' lang='lat' dir='ltr'><strong>obla-</strong></span> 
     </span>
    </p>
   </div>
   <div class='ocr_carea' id='block_1_59' title="bbox 517 4015 2094 4091">
    <p class='ocr_par' dir='ltr' id='par_1_59' title="bbox 517 4015 2094 4091">
     <span class='ocr_line' id='line_1_59' title="bbox 517 4015 2094 4091; baseline 0.005 -25"><span class='ocrx_word' id='word_1_402' title='bbox 517 4021 594 4076; x_wconf 85' lang='lat' dir='ltr'><strong>ta,</strong></span> <span class='ocrx_word' id='word_1_403' title='bbox 653 4025 820 4082; x_wconf 89' lang='lat' dir='ltr'><strong>atque</strong></span> <span class='ocrx_word' id='word_1_404' title='bbox 864 4030 892 4066; x_wconf 89' lang='lat' dir='ltr'><strong>a</strong></span> <span class='ocrx_word' id='word_1_405' title='bbox 934 4015 1256 4084; x_wconf 89' lang='lat' dir='ltr'><strong>parentibus</strong></span> <span class='ocrx_word' id='word_1_406' title='bbox 1327 4017 1599 4084; x_wconf 80' lang='lat' dir='ltr'><strong>sejuncta,</strong></span> <span class='ocrx_word' id='word_1_407' title='bbox 1659 4021 1791 4075; x_wconf 89' lang='lat' dir='ltr'><strong>nihil</strong></span> <span class='ocrx_word' id='word_1_408' title='bbox 1847 4021 2094 4091; x_wconf 73' lang='lat' dir='ltr'><strong>cogentis</strong></span> 
     </span>
    </p>
   </div>
   <div class='ocr_carea' id='block_1_60' title="bbox 520 4103 2093 4180">
    <p class='ocr_par' dir='ltr' id='par_1_60' title="bbox 520 4103 2093 4180">
     <span class='ocr_line' id='line_1_60' title="bbox 520 4103 2093 4180; baseline 0.007 -26"><span class='ocrx_word' id='word_1_409' title='bbox 520 4111 728 4154; x_wconf 69' lang='lat' dir='ltr'><strong>natura:</strong></span> <span class='ocrx_word' id='word_1_410' title='bbox 769 4103 1091 4158; x_wconf 85' lang='lat' dir='ltr'><strong>violentiam</strong></span> <span class='ocrx_word' id='word_1_411' title='bbox 1149 4106 1358 4171; x_wconf 88' lang='lat' dir='ltr'><strong>sensit;</strong></span> <span class='ocrx_word' id='word_1_412' title='bbox 1397 4122 1531 4162; x_wconf 69' lang='lat' dir='ltr'><strong>&#39;nec</strong></span> <span class='ocrx_word' id='word_1_413' title='bbox 1569 4109 1660 4163; x_wconf 86' lang='lat' dir='ltr'><strong>illa</strong></span> <span class='ocrx_word' id='word_1_414' title='bbox 1704 4125 1732 4163; x_wconf 90' lang='lat' dir='ltr'><strong>a</strong></span> <span class='ocrx_word' id='word_1_415' title='bbox 1774 4112 2093 4180; x_wconf 87' lang='lat' dir='ltr'><strong>parentibus</strong></span> 
     </span>
    </p>
   </div>
   <div class='ocr_carea' id='block_1_61' title="bbox 515 4195 2092 4271">
    <p class='ocr_par' dir='ltr' id='par_1_61' title="bbox 515 4195 2092 4271">
     <span class='ocr_line' id='line_1_61' title="bbox 515 4195 2092 4271; baseline 0.007 -24"><span class='ocrx_word' id='word_1_416' title='bbox 515 4195 844 4257; x_wconf 79' lang='lat' dir='ltr'><strong>secretione,</strong></span> <span class='ocrx_word' id='word_1_417' title='bbox 887 4197 1169 4253; x_wconf 88' lang='lat' dir='ltr'><strong>immotum</strong></span> <span class='ocrx_word' id='word_1_418' title='bbox 1204 4201 1352 4254; x_wconf 89' lang='lat' dir='ltr'><strong>illum</strong></span> <span class='ocrx_word' id='word_1_419' title='bbox 1371 4201 1538 4255; x_wconf 87' lang='lat' dir='ltr'><strong>animi</strong></span> <span class='ocrx_word' id='word_1_420' title='bbox 1559 4217 1776 4257; x_wconf 86' lang='lat' dir='ltr'><strong>sensum</strong></span> <span class='ocrx_word' id='word_1_421' title='bbox 1801 4203 2092 4271; x_wconf 81' lang='lat' dir='ltr'><strong>quidquam</strong></span> 
     </span>
    </p>
   </div>
   <div class='ocr_carea' id='block_1_62' title="bbox 517 4285 2096 4361">
    <p class='ocr_par' dir='ltr' id='par_1_62' title="bbox 517 4285 2096 4361">
     <span class='ocr_line' id='line_1_62' title="bbox 517 4285 2096 4361; baseline 0.005 -24"><span class='ocrx_word' id='word_1_422' title='bbox 517 4285 732 4338; x_wconf 80' lang='lat' dir='ltr'><strong>remisit</strong></span> <span class='ocrx_word' id='word_1_423' title='bbox 765 4303 780 4340; x_wconf 93' lang='lat'><strong>:</strong></span> <span class='ocrx_word' id='word_1_424' title='bbox 819 4301 918 4342; x_wconf 89' lang='lat' dir='ltr'><strong>nec</strong></span> <span class='ocrx_word' id='word_1_425' title='bbox 945 4299 1068 4358; x_wconf 87' lang='lat' dir='ltr'><strong>post</strong></span> <span class='ocrx_word' id='word_1_426' title='bbox 1083 4305 1180 4344; x_wconf 77' lang='lat' dir='ltr'><strong>eos</strong></span> <span class='ocrx_word' id='word_1_427' title='bbox 1211 4291 1666 4361; x_wconf 83' lang='lat' dir='ltr'><strong>imperturbatum</strong></span> <span class='ocrx_word' id='word_1_428' title='bbox 1693 4293 1908 4347; x_wconf 88' lang='lat' dir='ltr'><strong>oculum</strong></span> <span class='ocrx_word' id='word_1_429' title='bbox 1939 4295 2096 4347; x_wconf 83' lang='lat' dir='ltr'><strong>didu-</strong></span> 
     </span>
    </p>
   </div>
   <div class='ocr_carea' id='block_1_63' title="bbox 516 4378 2094 4456">
    <p class='ocr_par' dir='ltr' id='par_1_63' title="bbox 516 4378 2094 4456">
     <span class='ocr_line' id='line_1_63' title="bbox 516 4378 2094 4456; baseline 0.007 -26"><span class='ocrx_word' id='word_1_430' title='bbox 516 4391 668 4442; x_wconf 84' lang='lat' dir='ltr'><strong>cens,</strong></span> <span class='ocrx_word' id='word_1_431' title='bbox 710 4378 856 4433; x_wconf 82' lang='lat' dir='ltr'><strong>iutus</strong></span> <span class='ocrx_word' id='word_1_432' title='bbox 917 4381 1101 4436; x_wconf 88' lang='lat' dir='ltr'><strong>animo</strong></span> <span class='ocrx_word' id='word_1_433' title='bbox 1149 4393 1420 4440; x_wconf 88' lang='lat' dir='ltr'><strong>commota</strong></span> <span class='ocrx_word' id='word_1_434' title='bbox 1450 4394 1566 4449; x_wconf 88' lang='lat' dir='ltr'><strong>est;</strong></span> <span class='ocrx_word' id='word_1_435' title='bbox 1597 4400 1915 4456; x_wconf 87' lang='lat' dir='ltr'><strong>quanquam</strong></span> <span class='ocrx_word' id='word_1_436' title='bbox 1980 4385 2094 4441; x_wconf 80' lang='lat' dir='ltr'><strong>fere</strong></span> 
     </span>
    </p>
   </div>
   <div class='ocr_carea' id='block_1_64' title="bbox 2191 1917 3774 1996">
    <p class='ocr_par' dir='ltr' id='par_1_64' title="bbox 2191 1917 3774 1996">
     <span class='ocr_line' id='line_1_64' title="bbox 2191 1917 3774 1996; baseline 0.006 -27"><span class='ocrx_word' id='word_1_437' title='bbox 2191 1917 2510 1988; x_wconf 82' lang='grc' dir='ltr'>παρῆκται·</span> <span class='ocrx_word' id='word_1_438' title='bbox 2567 1917 2742 1982; x_wconf 74' lang='grc' dir='ltr'>οὕτως</span> <span class='ocrx_word' id='word_1_439' title='bbox 2778 1919 2871 1973; x_wconf 78' lang='grc' dir='ltr'>καὶ</span> <span class='ocrx_word' id='word_1_440' title='bbox 2926 1921 3028 1991; x_wconf 85' lang='grc' dir='ltr'><strong>τῆς</strong></span> <span class='ocrx_word' id='word_1_441' title='bbox 3074 1921 3168 1975; x_wconf 88' lang='grc' dir='ltr'><strong>τοῦ</strong></span> <span class='ocrx_word' id='word_1_442' title='bbox 3204 1923 3381 1991; x_wconf 84' lang='grc' dir='ltr'>Λόγου</span> <span class='ocrx_word' id='word_1_443' title='bbox 3442 1926 3774 1996; x_wconf 81' lang='grc' dir='ltr'>σαρκώσεως</span> 
     </span>
    </p>
   </div>
   <div class='ocr_carea' id='block_1_65' title="bbox 2191 2009 3776 2089">
    <p class='ocr_par' dir='ltr' id='par_1_65' title="bbox 2191 2009 3776 2089">
     <span class='ocr_line' id='line_1_65' title="bbox 2191 2009 3776 2089; baseline 0.005 -25"><span class='ocrx_word' id='word_1_444' title='bbox 2191 2009 2611 2082; x_wconf 80' lang='grc' dir='ltr'>ἀποκρύπτεται</span> <span class='ocrx_word' id='word_1_445' title='bbox 2673 2010 2853 2080; x_wconf 83' lang='grc' dir='ltr'>λόγος,</span> <span class='ocrx_word' id='word_1_446' title='bbox 2903 2014 3001 2067; x_wconf 79' lang='grc' dir='ltr'>καὶ</span> <span class='ocrx_word' id='word_1_447' title='bbox 3058 2013 3211 2067; x_wconf 85' lang='grc' dir='ltr'>αίτία</span> <span class='ocrx_word' id='word_1_448' title='bbox 3281 2013 3379 2069; x_wconf 87' lang='grc' dir='ltr'><strong>τοῦ</strong></span> <span class='ocrx_word' id='word_1_449' title='bbox 3446 2018 3776 2089; x_wconf 80' lang='grc' dir='ltr'>μυστηρίου.</span> 
     </span>
    </p>
   </div>
   <div class='ocr_carea' id='block_1_66' title="bbox 2190 2101 3778 2180">
    <p class='ocr_par' dir='ltr' id='par_1_66' title="bbox 2190 2101 3778 2180">
     <span class='ocr_line' id='line_1_66' title="bbox 2190 2101 3778 2180; baseline 0.006 -24"><span class='ocrx_word' id='word_1_450' title='bbox 2190 2101 2472 2173; x_wconf 83' lang='grc' dir='ltr'>Κάκείνην</span> <span class='ocrx_word' id='word_1_451' title='bbox 2503 2103 2603 2174; x_wconf 82' lang='grc' dir='ltr'>μὲν</span> <span class='ocrx_word' id='word_1_452' title='bbox 2623 2103 2658 2174; x_wconf 77' lang='grc' dir='ltr'><strong>ἡ</strong></span> <span class='ocrx_word' id='word_1_453' title='bbox 2689 2103 2955 2175; x_wconf 80' lang='grc' dir='ltr'>ἀμίαντος</span> <span class='ocrx_word' id='word_1_454' title='bbox 2983 2105 3295 2176; x_wconf 82' lang='grc' dir='ltr'>κατέχουσα</span> <span class='ocrx_word' id='word_1_455' title='bbox 3327 2107 3635 2180; x_wconf 77' lang='grc' dir='ltr'>Παρθένος,</span> <span class='ocrx_word' id='word_1_456' title='bbox 3673 2110 3778 2164; x_wconf 80' lang='grc' dir='ltr'>τῶν</span> 
     </span>
    </p>
   </div>
   <div class='ocr_carea' id='block_1_67' title="bbox 2189 2192 3778 2278">
    <p class='ocr_par' dir='ltr' id='par_1_67' title="bbox 2189 2192 3778 2278">
     <span class='ocr_line' id='line_1_67' title="bbox 2189 2192 3778 2278; baseline 0.007 -32"><span class='ocrx_word' id='word_1_457' title='bbox 2189 2192 2354 2248; x_wconf 81' lang='grc' dir='ltr'>θείων</span> <span class='ocrx_word' id='word_1_458' title='bbox 2382 2195 2625 2266; x_wconf 86' lang='grc' dir='ltr'>χαρίτων</span> <span class='ocrx_word' id='word_1_459' title='bbox 2651 2196 3112 2262; x_wconf 75' lang='grc' dir='ltr'>κατεπλουτίξετο</span> <span class='ocrx_word' id='word_1_460' title='bbox 3134 2212 3150 2229; x_wconf 75' lang='grc' dir='ltr'><strong>ο</strong></span> <span class='ocrx_word' id='word_1_461' title='bbox 3181 2200 3278 2278; x_wconf 76' lang='grc' dir='ltr'>καὶ</span> <span class='ocrx_word' id='word_1_462' title='bbox 3311 2199 3522 2271; x_wconf 84' lang='grc' dir='ltr'>ταύτης</span> <span class='ocrx_word' id='word_1_463' title='bbox 3548 2201 3611 2254; x_wconf 78' lang='grc' dir='ltr'>δὲ</span> <span class='ocrx_word' id='word_1_464' title='bbox 3651 2204 3700 2257; x_wconf 77' lang='lat' dir='ltr'><strong>oi</strong></span> <span class='ocrx_word' id='word_1_465' title='bbox 3725 2205 3778 2256; x_wconf 75' lang='grc' dir='ltr'>ἐν</span> 
     </span>
    </p>
   </div>
   <div class='ocr_carea' id='block_1_68' title="bbox 2193 2287 3776 2364">
    <p class='ocr_par' dir='ltr' id='par_1_68' title="bbox 2193 2287 3776 2364">
     <span class='ocr_line' id='line_1_68' title="bbox 2193 2287 3776 2364; baseline 0.006 -24"><span class='ocrx_word' id='word_1_466' title='bbox 2193 2287 2414 2357; x_wconf 80' lang='grc' dir='ltr'>μεθέξει</span> <span class='ocrx_word' id='word_1_467' title='bbox 2439 2289 2749 2360; x_wconf 72' lang='grc' dir='ltr'>γενόμενοι,</span> <span class='ocrx_word' id='word_1_468' title='bbox 2784 2289 2893 2344; x_wconf 84' lang='grc' dir='ltr'>τῶν</span> <span class='ocrx_word' id='word_1_469' title='bbox 2913 2289 3133 2362; x_wconf 85' lang='grc' dir='ltr'>δωρεῶν</span> <span class='ocrx_word' id='word_1_470' title='bbox 3165 2293 3657 2364; x_wconf 80' lang='grc' dir='ltr'>κατεμφοροῦνται</span> <span class='ocrx_word' id='word_1_471' title='bbox 3687 2295 3776 2349; x_wconf 86' lang='grc' dir='ltr'><strong>τοῦ</strong></span> 
     </span>
    </p>
   </div>
   <div class='ocr_carea' id='block_1_69' title="bbox 2190 2379 3778 2457">
    <p class='ocr_par' dir='ltr' id='par_1_69' title="bbox 2190 2379 3778 2457">
     <span class='ocr_line' id='line_1_69' title="bbox 2190 2379 3778 2457; baseline 0.005 -25"><span class='ocrx_word' id='word_1_472' title='bbox 2190 2379 2532 2451; x_wconf 84' lang='grc' dir='ltr'>Πνεύματος.</span> <span class='ocrx_word' id='word_1_473' title='bbox 2575 2380 2718 2435; x_wconf 83' lang='grc' dir='ltr'>Ἀλλ’</span> <span class='ocrx_word' id='word_1_474' title='bbox 2752 2383 2936 2453; x_wconf 76' lang='grc' dir='ltr'>ἐκείνη</span> <span class='ocrx_word' id='word_1_475' title='bbox 2977 2383 3076 2453; x_wconf 79' lang='grc' dir='ltr'>μὲν</span> <span class='ocrx_word' id='word_1_476' title='bbox 3133 2384 3550 2455; x_wconf 79' lang='grc' dir='ltr'>ἁμαρτημάτων</span> <span class='ocrx_word' id='word_1_477' title='bbox 3576 2387 3778 2457; x_wconf 75' lang='grc' dir='ltr'>καθαρ-</span> 
     </span>
    </p>
   </div>
   <div class='ocr_carea' id='block_1_70' title="bbox 2192 2473 3776 2548">
    <p class='ocr_par' dir='ltr' id='par_1_70' title="bbox 2192 2473 3776 2548">
     <span class='ocr_line' id='line_1_70' title="bbox 2192 2473 3776 2548; baseline 0.003 -22"><span class='ocrx_word' id='word_1_478' title='bbox 2192 2489 2279 2526; x_wconf 87' lang='grc' dir='ltr'><strong>σιν</strong></span> <span class='ocrx_word' id='word_1_479' title='bbox 2316 2473 2416 2527; x_wconf 85' lang='grc' dir='ltr'><strong>οὑκ</strong></span> <span class='ocrx_word' id='word_1_480' title='bbox 2477 2474 2848 2545; x_wconf 82' lang='grc' dir='ltr'>ὲνήργησενή</span> <span class='ocrx_word' id='word_1_481' title='bbox 2887 2476 3064 2548; x_wconf 79' lang='grc' dir='ltr'>τροφή</span> <span class='ocrx_word' id='word_1_482' title='bbox 3100 2491 3114 2506; x_wconf 79' lang='grc'><em>’</em></span> <span class='ocrx_word' id='word_1_483' title='bbox 3177 2475 3300 2529; x_wconf 85' lang='grc' dir='ltr'>οὑδὲ</span> <span class='ocrx_word' id='word_1_484' title='bbox 3343 2477 3452 2548; x_wconf 82' lang='grc' dir='ltr'>γὰρ</span> <span class='ocrx_word' id='word_1_485' title='bbox 3503 2477 3776 2547; x_wconf 78' lang='grc' dir='ltr'>τούτοιςή</span> 
     </span>
    </p>
   </div>
   <div class='ocr_carea' id='block_1_71' title="bbox 2193 2565 3779 2639">
    <p class='ocr_par' dir='ltr' id='par_1_71' title="bbox 2193 2565 3779 2639">
     <span class='ocr_line' id='line_1_71' title="bbox 2193 2565 3779 2639; baseline 0.004 -22"><span class='ocrx_word' id='word_1_486' title='bbox 2193 2565 2689 2636; x_wconf 73' lang='grc' dir='ltr'>μεταλαμϐάνουσα</span> <span class='ocrx_word' id='word_1_487' title='bbox 2739 2566 3017 2634; x_wconf 83' lang='grc' dir='ltr'>ὑπέκειτο,</span> <span class='ocrx_word' id='word_1_488' title='bbox 3083 2565 3306 2639; x_wconf 84' lang='grc' dir='ltr'>καθαρά</span> <span class='ocrx_word' id='word_1_489' title='bbox 3361 2585 3428 2622; x_wconf 81' lang='grc' dir='ltr'><strong>τε</strong></span> <span class='ocrx_word' id='word_1_490' title='bbox 3474 2568 3639 2634; x_wconf 80' lang='grc' dir='ltr'>οὖσα,</span> <span class='ocrx_word' id='word_1_491' title='bbox 3689 2571 3779 2624; x_wconf 82' lang='grc' dir='ltr'>καὶ</span> 
     </span>
    </p>
   </div>
   <div class='ocr_carea' id='block_1_72' title="bbox 2191 2656 3781 2732">
    <p class='ocr_par' dir='ltr' id='par_1_72' title="bbox 2191 2656 3781 2732">
     <span class='ocr_line' id='line_1_72' title="bbox 2191 2656 3781 2732; baseline 0.001 -22"><span class='ocrx_word' id='word_1_492' title='bbox 2191 2656 2406 2727; x_wconf 77' lang='grc' dir='ltr'>ρύψεως</span> <span class='ocrx_word' id='word_1_493' title='bbox 2432 2659 2652 2729; x_wconf 81' lang='grc' dir='ltr'>ἁπάσης</span> <span class='ocrx_word' id='word_1_494' title='bbox 2679 2658 2938 2728; x_wconf 71' lang='grc' dir='ltr'>ἀνενδεὴς</span> <span class='ocrx_word' id='word_1_495' title='bbox 2959 2675 2970 2688; x_wconf 90' lang='grc'><strong>·</strong></span> <span class='ocrx_word' id='word_1_496' title='bbox 3008 2659 3244 2713; x_wconf 76' lang='grc' dir='ltr'>ἐνταῦθα</span> <span class='ocrx_word' id='word_1_497' title='bbox 3272 2658 3352 2725; x_wconf 84' lang='grc' dir='ltr'>δὲ,</span> <span class='ocrx_word' id='word_1_498' title='bbox 3385 2662 3452 2730; x_wconf 85' lang='grc' dir='ltr'>τῇ</span> <span class='ocrx_word' id='word_1_499' title='bbox 3477 2660 3592 2713; x_wconf 88' lang='grc' dir='ltr'><strong>τῶν</strong></span> <span class='ocrx_word' id='word_1_500' title='bbox 3629 2662 3781 2732; x_wconf 86' lang='grc' dir='ltr'>χαρί-</span> 
     </span>
    </p>
   </div>
   <div class='ocr_carea' id='block_1_73' title="bbox 2189 2749 3709 2821">
    <p class='ocr_par' dir='ltr' id='par_1_73' title="bbox 2189 2749 3709 2821">
     <span class='ocr_line' id='line_1_73' title="bbox 2189 2749 3709 2821; baseline 0.003 -19"><span class='ocrx_word' id='word_1_501' title='bbox 2189 2765 2300 2802; x_wconf 85' lang='grc' dir='ltr'>των</span> <span class='ocrx_word' id='word_1_502' title='bbox 2337 2750 2596 2813; x_wconf 81' lang='grc' dir='ltr'>ὲπιδόσει,</span> <span class='ocrx_word' id='word_1_503' title='bbox 2640 2751 2736 2804; x_wconf 73' lang='grc' dir='ltr'>καὶ</span> <span class='ocrx_word' id='word_1_504' title='bbox 2766 2751 3062 2821; x_wconf 76' lang='grc' dir='ltr'>ἀφαίρεσις</span> <span class='ocrx_word' id='word_1_505' title='bbox 3085 2749 3297 2804; x_wconf 87' lang='grc' dir='ltr'>τούτων</span> <span class='ocrx_word' id='word_1_506' title='bbox 3321 2752 3709 2821; x_wconf 77' lang='grc' dir='ltr'>προσγίνεται.</span> 
     </span>
    </p>
   </div>
   <div class='ocr_carea' id='block_1_74' title="bbox 2259 2840 3780 2915">
    <p class='ocr_par' dir='ltr' id='par_1_74' title="bbox 2259 2840 3780 2915">
     <span class='ocr_line' id='line_1_74' title="bbox 2259 2840 3780 2915; baseline 0.001 -19"><span class='ocrx_word' id='word_1_507' title='bbox 2259 2840 2488 2906; x_wconf 80' lang='grc' dir='ltr'>Τούτοις</span> <span class='ocrx_word' id='word_1_508' title='bbox 2529 2842 2662 2910; x_wconf 86' lang='grc' dir='ltr'>γοῦν</span> <span class='ocrx_word' id='word_1_509' title='bbox 2719 2843 3239 2914; x_wconf 84' lang='grc' dir='ltr'>καταπληττόμενος</span> <span class='ocrx_word' id='word_1_510' title='bbox 3265 2844 3294 2896; x_wconf 81' lang='grc' dir='ltr'>ὁ</span> <span class='ocrx_word' id='word_1_511' title='bbox 3323 2845 3638 2915; x_wconf 81' lang='grc' dir='ltr'>Ζαχαρίας,</span> <span class='ocrx_word' id='word_1_512' title='bbox 3665 2845 3780 2903; x_wconf 83' lang='grc' dir='ltr'>πῶς</span> 
     </span>
    </p>
   </div>
   <div class='ocr_carea' id='block_1_75' title="bbox 2187 2933 3782 3008">
    <p class='ocr_par' dir='ltr' id='par_1_75' title="bbox 2187 2933 3782 3008">
     <span class='ocr_line' id='line_1_75' title="bbox 2187 2933 3782 3008; baseline 0.001 -20"><span class='ocrx_word' id='word_1_513' title='bbox 2187 2935 2290 2988; x_wconf 90' lang='grc' dir='ltr'><strong>οὑκ</strong></span> <span class='ocrx_word' id='word_1_514' title='bbox 2317 2934 2383 2988; x_wconf 81' lang='grc' dir='ltr'>ἂν</span> <span class='ocrx_word' id='word_1_515' title='bbox 2415 2933 2776 3006; x_wconf 85' lang='grc' dir='ltr'>ὑπερηγάσθη</span> <span class='ocrx_word' id='word_1_516' title='bbox 2805 2951 2820 3000; x_wconf 89' lang='lat'><strong>;</strong></span> <span class='ocrx_word' id='word_1_517' title='bbox 2852 2935 3009 2997; x_wconf 90' lang='grc' dir='ltr'>Τίνος</span> <span class='ocrx_word' id='word_1_518' title='bbox 3046 2935 3103 2988; x_wconf 79' lang='grc' dir='ltr'>δὲ</span> <span class='ocrx_word' id='word_1_519' title='bbox 3125 2935 3297 3006; x_wconf 80' lang='grc' dir='ltr'>τιμῆς</span> <span class='ocrx_word' id='word_1_520' title='bbox 3339 2935 3657 3008; x_wconf 79' lang='grc' dir='ltr'>ὑπερϐολὴν</span> <span class='ocrx_word' id='word_1_521' title='bbox 3686 2938 3782 2989; x_wconf 68' lang='grc' dir='ltr'>οὐκ</span> 
     </span>
    </p>
   </div>
   <div class='ocr_carea' id='block_1_76' title="bbox 2190 3026 3782 3100">
    <p class='ocr_par' dir='ltr' id='par_1_76' title="bbox 2190 3026 3782 3100">
     <span class='ocr_line' id='line_1_76' title="bbox 2190 3026 3782 3100; baseline 0.001 -20"><span class='ocrx_word' id='word_1_522' title='bbox 2190 3026 2257 3080; x_wconf 79' lang='grc' dir='ltr'>ἂν</span> <span class='ocrx_word' id='word_1_523' title='bbox 2315 3029 2581 3098; x_wconf 79' lang='grc' dir='ltr'>ἀπένειμε</span> <span class='ocrx_word' id='word_1_524' title='bbox 2627 3029 2695 3097; x_wconf 84' lang='grc' dir='ltr'><strong>τῇ</strong></span> <span class='ocrx_word' id='word_1_525' title='bbox 2749 3027 3168 3100; x_wconf 77' lang='grc' dir='ltr'>κεχαριτωμένη</span> <span class='ocrx_word' id='word_1_526' title='bbox 3235 3027 3476 3100; x_wconf 69' lang='grc' dir='ltr'>Μαρίας</span> <span class='ocrx_word' id='word_1_527' title='bbox 3551 3027 3625 3081; x_wconf 87' lang='grc' dir='ltr'><strong>Τί</strong></span> <span class='ocrx_word' id='word_1_528' title='bbox 3688 3029 3782 3081; x_wconf 80' lang='grc' dir='ltr'><strong>οὑκ</strong></span> 
     </span>
    </p>
   </div>
   <div class='ocr_carea' id='block_1_77' title="bbox 2195 3118 3782 3190">
    <p class='ocr_par' dir='ltr' id='par_1_77' title="bbox 2195 3118 3782 3190">
     <span class='ocr_line' id='line_1_77' title="bbox 2195 3118 3782 3190; baseline 0.001 -18"><span class='ocrx_word' id='word_1_529' title='bbox 2195 3118 2262 3172; x_wconf 82' lang='grc' dir='ltr'>ἂν</span> <span class='ocrx_word' id='word_1_530' title='bbox 2315 3119 2585 3189; x_wconf 81' lang='grc' dir='ltr'>ἐϐουλήθη</span> <span class='ocrx_word' id='word_1_531' title='bbox 2638 3120 3031 3190; x_wconf 78' lang='grc' dir='ltr'>διανοήσασθαι</span> <span class='ocrx_word' id='word_1_532' title='bbox 3079 3121 3112 3188; x_wconf 76' lang='grc' dir='ltr'>ἦ</span> <span class='ocrx_word' id='word_1_533' title='bbox 3147 3120 3376 3190; x_wconf 80' lang='grc' dir='ltr'>πρᾶξαι,</span> <span class='ocrx_word' id='word_1_534' title='bbox 3427 3120 3515 3174; x_wconf 80' lang='grc' dir='ltr'>ἵνα</span> <span class='ocrx_word' id='word_1_535' title='bbox 3541 3121 3609 3174; x_wconf 81' lang='grc' dir='ltr'>τὸ</span> <span class='ocrx_word' id='word_1_536' title='bbox 3643 3120 3782 3174; x_wconf 87' lang='grc' dir='ltr'>δεδο-</span> 
     </span>
    </p>
   </div>
   <div class='ocr_carea' id='block_1_78' title="bbox 2197 3211 3784 3285">
    <p class='ocr_par' dir='ltr' id='par_1_78' title="bbox 2197 3211 3784 3285">
     <span class='ocr_line' id='line_1_78' title="bbox 2197 3211 3784 3285; baseline 0.003 -23"><span class='ocrx_word' id='word_1_537' title='bbox 2197 3211 2466 3281; x_wconf 79' lang='grc' dir='ltr'>ξασμένον</span> <span class='ocrx_word' id='word_1_538' title='bbox 2521 3211 2667 3267; x_wconf 78' lang='grc' dir='ltr'>ἅπαν</span> <span class='ocrx_word' id='word_1_539' title='bbox 2727 3211 3103 3282; x_wconf 84' lang='grc' dir='ltr'>ἀφοσιώσηται</span> <span class='ocrx_word' id='word_1_540' title='bbox 3142 3215 3351 3285; x_wconf 60' lang='lat' dir='ltr'><strong>statim;</strong></span> <span class='ocrx_word' id='word_1_541' title='bbox 3407 3213 3475 3265; x_wconf 91' lang='grc' dir='ltr'>Τί</span> <span class='ocrx_word' id='word_1_542' title='bbox 3516 3215 3634 3284; x_wconf 75' lang='grc' dir='ltr'><strong>γὰρ</strong></span> <span class='ocrx_word' id='word_1_543' title='bbox 3682 3214 3784 3267; x_wconf 83' lang='grc' dir='ltr'>τῶν</span> 
     </span>
    </p>
   </div>
   <div class='ocr_carea' id='block_1_79' title="bbox 2196 3302 3784 3378">
    <p class='ocr_par' dir='ltr' id='par_1_79' title="bbox 2196 3302 3784 3378">
     <span class='ocr_line' id='line_1_79' title="bbox 2196 3302 3784 3378; baseline 0.004 -24"><span class='ocrx_word' id='word_1_544' title='bbox 2196 3302 2398 3373; x_wconf 77' lang='grc' dir='ltr'>ἑαυτῆς</span> <span class='ocrx_word' id='word_1_545' title='bbox 2428 3304 2526 3374; x_wconf 89' lang='grc' dir='ltr'><strong>οὑχ</strong></span> <span class='ocrx_word' id='word_1_546' title='bbox 2559 3305 2857 3376; x_wconf 82' lang='grc' dir='ltr'>ὑπεραῖρον</span> <span class='ocrx_word' id='word_1_547' title='bbox 2888 3305 3164 3358; x_wconf 75' lang='grc' dir='ltr'>ἐδείκνυτο</span> <span class='ocrx_word' id='word_1_548' title='bbox 3211 3307 3278 3359; x_wconf 88' lang='grc' dir='ltr'><strong>τά</strong></span> <span class='ocrx_word' id='word_1_549' title='bbox 3310 3305 3677 3378; x_wconf 81' lang='grc' dir='ltr'>ἀνθρώπινας</span> <span class='ocrx_word' id='word_1_550' title='bbox 3724 3306 3784 3361; x_wconf 82' lang='grc' dir='ltr'><strong>Τί</strong></span> 
     </span>
    </p>
   </div>
   <div class='ocr_carea' id='block_1_80' title="bbox 2194 3391 3784 3468">
    <p class='ocr_par' dir='ltr' id='par_1_80' title="bbox 2194 3391 3784 3468">
     <span class='ocr_line' id='line_1_80' title="bbox 2194 3391 3784 3468; baseline 0.006 -24"><span class='ocrx_word' id='word_1_551' title='bbox 2194 3392 2306 3445; x_wconf 86' lang='grc' dir='ltr'><strong>τῶν</strong></span> <span class='ocrx_word' id='word_1_552' title='bbox 2335 3391 2538 3464; x_wconf 83' lang='grc' dir='ltr'>ταύτης</span> <span class='ocrx_word' id='word_1_553' title='bbox 2574 3398 2987 3467; x_wconf 81' lang='grc' dir='ltr'>σμικροτάτων,</span> <span class='ocrx_word' id='word_1_554' title='bbox 3017 3396 3078 3449; x_wconf 79' lang='grc' dir='ltr'><strong>οὑ</strong></span> <span class='ocrx_word' id='word_1_555' title='bbox 3105 3396 3178 3450; x_wconf 76' lang='grc' dir='ltr'>τὰ</span> <span class='ocrx_word' id='word_1_556' title='bbox 3199 3397 3309 3451; x_wconf 82' lang='grc' dir='ltr'>τῶν</span> <span class='ocrx_word' id='word_1_557' title='bbox 3336 3398 3598 3467; x_wconf 76' lang='grc' dir='ltr'>μεγάλων</span> <span class='ocrx_word' id='word_1_558' title='bbox 3627 3398 3784 3468; x_wconf 75' lang='grc' dir='ltr'>ἐξῆρε</span> 
     </span>
    </p>
   </div>
   <div class='ocr_carea' id='block_1_81' title="bbox 2196 3480 3789 3558">
    <p class='ocr_par' dir='ltr' id='par_1_81' title="bbox 2196 3480 3789 3558">
     <span class='ocr_line' id='line_1_81' title="bbox 2196 3480 3789 3558; baseline 0.006 -26"><span class='ocrx_word' id='word_1_559' title='bbox 2196 3480 2694 3554; x_wconf 80' lang='grc' dir='ltr'>πλεονεκτήματας</span> <span class='ocrx_word' id='word_1_560' title='bbox 2747 3486 2999 3555; x_wconf 78' lang='grc' dir='ltr'>Καὶ-γὰρ</span> <span class='ocrx_word' id='word_1_561' title='bbox 3037 3485 3099 3538; x_wconf 79' lang='grc' dir='ltr'>τὸ</span> <span class='ocrx_word' id='word_1_562' title='bbox 3135 3486 3330 3540; x_wconf 81' lang='grc' dir='ltr'>δοκοῦν</span> <span class='ocrx_word' id='word_1_563' title='bbox 3358 3489 3530 3558; x_wconf 82' lang='grc' dir='ltr'>αὐτῆς</span> <span class='ocrx_word' id='word_1_564' title='bbox 3564 3489 3789 3542; x_wconf 61' lang='grc' dir='ltr'>ἔλαττον</span> 
     </span>
    </p>
   </div>
   <div class='ocr_carea' id='block_1_82' title="bbox 2195 3570 3786 3650">
    <p class='ocr_par' dir='ltr' id='par_1_82' title="bbox 2195 3570 3786 3650">
     <span class='ocr_line' id='line_1_82' title="bbox 2195 3570 3786 3650; baseline 0.007 -26"><span class='ocrx_word' id='word_1_565' title='bbox 2195 3570 2360 3636; x_wconf 73' lang='grc' dir='ltr'>εἶναι,</span> <span class='ocrx_word' id='word_1_566' title='bbox 2397 3573 2583 3644; x_wconf 76' lang='grc' dir='ltr'>μεῖζον</span> <span class='ocrx_word' id='word_1_567' title='bbox 2611 3575 2720 3629; x_wconf 83' lang='grc' dir='ltr'><strong>τῶν</strong></span> <span class='ocrx_word' id='word_1_568' title='bbox 2743 3576 2874 3648; x_wconf 82' lang='grc' dir='ltr'>παρ’</span> <span class='ocrx_word' id='word_1_569' title='bbox 2905 3577 3036 3648; x_wconf 71' lang='grc' dir='ltr'>ἡμῖν</span> <span class='ocrx_word' id='word_1_570' title='bbox 3057 3578 3408 3650; x_wconf 73' lang='grc' dir='ltr'>ἁσυγκρίτων</span> <span class='ocrx_word' id='word_1_571' title='bbox 3425 3580 3786 3649; x_wconf 73' lang='grc' dir='ltr'>γνωρίζεται.</span> 
     </span>
    </p>
   </div>
   <div class='ocr_carea' id='block_1_83' title="bbox 2201 3663 3784 3741">
    <p class='ocr_par' dir='ltr' id='par_1_83' title="bbox 2201 3663 3784 3741">
     <span class='ocr_line' id='line_1_83' title="bbox 2201 3663 3784 3741; baseline 0.005 -22"><span class='ocrx_word' id='word_1_572' title='bbox 2201 3663 2343 3737; x_wconf 87' lang='grc' dir='ltr'><strong>Ὅρα</strong></span> <span class='ocrx_word' id='word_1_573' title='bbox 2377 3666 2488 3735; x_wconf 90' lang='grc' dir='ltr'><strong>γάρ</strong></span> <span class='ocrx_word' id='word_1_574' title='bbox 2522 3667 2639 3728; x_wconf 86' lang='grc' dir='ltr'><strong>πῶς</strong></span> <span class='ocrx_word' id='word_1_575' title='bbox 2671 3667 2781 3722; x_wconf 84' lang='grc' dir='ltr'>τῶν</span> <span class='ocrx_word' id='word_1_576' title='bbox 2838 3669 2940 3739; x_wconf 82' lang='grc' dir='ltr'>τῆς</span> <span class='ocrx_word' id='word_1_577' title='bbox 2984 3670 3316 3740; x_wconf 83' lang='grc' dir='ltr'>νηπιότητος</span> <span class='ocrx_word' id='word_1_578' title='bbox 3365 3671 3442 3741; x_wconf 81' lang='grc' dir='ltr'>μὴ</span> <span class='ocrx_word' id='word_1_579' title='bbox 3491 3672 3784 3737; x_wconf 80' lang='grc' dir='ltr'>διαστᾶσα,</span> 
     </span>
    </p>
   </div>
   <div class='ocr_carea' id='block_1_84' title="bbox 2200 3757 3788 3834">
    <p class='ocr_par' dir='ltr' id='par_1_84' title="bbox 2200 3757 3788 3834">
     <span class='ocr_line' id='line_1_84' title="bbox 2200 3757 3788 3834; baseline 0.003 -24"><span class='ocrx_word' id='word_1_580' title='bbox 2200 3757 2309 3810; x_wconf 86' lang='grc' dir='ltr'>τῶν</span> <span class='ocrx_word' id='word_1_581' title='bbox 2341 3757 2555 3829; x_wconf 86' lang='grc' dir='ltr'>ταύτης</span> <span class='ocrx_word' id='word_1_582' title='bbox 2581 3759 2731 3830; x_wconf 74' lang='grc' dir='ltr'>ἠθῶν</span> <span class='ocrx_word' id='word_1_583' title='bbox 2765 3757 3133 3833; x_wconf 84' lang='grc' dir='ltr'>ἀλλοτριὼθη.</span> <span class='ocrx_word' id='word_1_584' title='bbox 3181 3761 3272 3831; x_wconf 86' lang='grc' dir='ltr'>Τῷ</span> <span class='ocrx_word' id='word_1_585' title='bbox 3311 3765 3422 3833; x_wconf 86' lang='grc' dir='ltr'>γὰρ</span> <span class='ocrx_word' id='word_1_586' title='bbox 3457 3762 3576 3832; x_wconf 84' lang='grc' dir='ltr'><strong>ναῷ</strong></span> <span class='ocrx_word' id='word_1_587' title='bbox 3617 3779 3788 3834; x_wconf 80' lang='grc' dir='ltr'>προσ-</span> 
     </span>
    </p>
   </div>
   <div class='ocr_carea' id='block_1_85' title="bbox 2201 3849 3787 3925">
    <p class='ocr_par' dir='ltr' id='par_1_85' title="bbox 2201 3849 3787 3925">
     <span class='ocr_line' id='line_1_85' title="bbox 2201 3849 3787 3925; baseline 0.004 -23"><span class='ocrx_word' id='word_1_588' title='bbox 2201 3849 2455 3920; x_wconf 84' lang='grc' dir='ltr'>αχθεῖσα,</span> <span class='ocrx_word' id='word_1_589' title='bbox 2481 3852 2577 3905; x_wconf 72' lang='grc' dir='ltr'>καὶ</span> <span class='ocrx_word' id='word_1_590' title='bbox 2602 3851 2712 3904; x_wconf 82' lang='grc' dir='ltr'>τῶν</span> <span class='ocrx_word' id='word_1_591' title='bbox 2739 3851 3008 3905; x_wconf 85' lang='grc' dir='ltr'>τεκόντων</span> <span class='ocrx_word' id='word_1_592' title='bbox 3041 3853 3447 3925; x_wconf 82' lang='grc' dir='ltr'>διαζευχθεῖσα,</span> <span class='ocrx_word' id='word_1_593' title='bbox 3479 3855 3645 3909; x_wconf 69' lang='grc' dir='ltr'>οὐδὲν</span> <span class='ocrx_word' id='word_1_594' title='bbox 3683 3856 3787 3909; x_wconf 82' lang='grc' dir='ltr'><strong>τῶν</strong></span> 
     </span>
    </p>
   </div>
   <div class='ocr_carea' id='block_1_86' title="bbox 2195 3941 3788 4014">
    <p class='ocr_par' dir='ltr' id='par_1_86' title="bbox 2195 3941 3788 4014">
     <span class='ocr_line' id='line_1_86' title="bbox 2195 3941 3788 4014; baseline 0.004 -22"><span class='ocrx_word' id='word_1_595' title='bbox 2195 3943 2296 4010; x_wconf 82' lang='grc' dir='ltr'>τῆς</span> <span class='ocrx_word' id='word_1_596' title='bbox 2334 3941 2572 4009; x_wconf 83' lang='grc' dir='ltr'>φυσικῆς</span> <span class='ocrx_word' id='word_1_597' title='bbox 2640 3941 2956 4013; x_wconf 88' lang='grc' dir='ltr'>τυραννίδος</span> <span class='ocrx_word' id='word_1_598' title='bbox 3006 3943 3174 3996; x_wconf 79' lang='grc' dir='ltr'>ἔπαθε</span> <span class='ocrx_word' id='word_1_599' title='bbox 3240 3943 3453 4014; x_wconf 85' lang='grc' dir='ltr'>βίαιον·</span> <span class='ocrx_word' id='word_1_600' title='bbox 3521 3945 3654 3998; x_wconf 81' lang='grc' dir='ltr'>οὑδὲ</span> <span class='ocrx_word' id='word_1_601' title='bbox 3712 3944 3788 4014; x_wconf 78' lang='grc' dir='ltr'>τῷ</span> 
     </span>
    </p>
   </div>
   <div class='ocr_carea' id='block_1_87' title="bbox 2198 4029 3785 4105">
    <p class='ocr_par' dir='ltr' id='par_1_87' title="bbox 2198 4029 3785 4105">
     <span class='ocr_line' id='line_1_87' title="bbox 2198 4029 3785 4105; baseline 0.006 -23"><span class='ocrx_word' id='word_1_602' title='bbox 2198 4029 2466 4101; x_wconf 88' lang='grc' dir='ltr'>χωρισμῷ</span> <span class='ocrx_word' id='word_1_603' title='bbox 2519 4030 2631 4084; x_wconf 83' lang='grc' dir='ltr'>τῶν</span> <span class='ocrx_word' id='word_1_604' title='bbox 2692 4031 2984 4097; x_wconf 84' lang='grc' dir='ltr'>τεκόντων,</span> <span class='ocrx_word' id='word_1_605' title='bbox 3036 4033 3098 4085; x_wconf 82' lang='grc' dir='ltr'>τὸ</span> <span class='ocrx_word' id='word_1_606' title='bbox 3140 4033 3416 4105; x_wconf 79' lang='grc' dir='ltr'>ἄτρεπτον</span> <span class='ocrx_word' id='word_1_607' title='bbox 3462 4037 3652 4090; x_wconf 70' lang='grc' dir='ltr'>εκεῖ-ιο</span> <span class='ocrx_word' id='word_1_608' title='bbox 3688 4037 3785 4105; x_wconf 77' lang='grc' dir='ltr'>τῆς</span> 
     </span>
    </p>
   </div>
   <div class='ocr_carea' id='block_1_88' title="bbox 2194 4119 3788 4201">
    <p class='ocr_par' dir='ltr' id='par_1_88' title="bbox 2194 4119 3788 4201">
     <span class='ocr_line' id='line_1_88' title="bbox 2194 4119 3788 4201; baseline 0.004 -30"><span class='ocrx_word' id='word_1_609' title='bbox 2194 4119 2374 4190; x_wconf 78' lang='grc' dir='ltr'>ψυχῆς</span> <span class='ocrx_word' id='word_1_610' title='bbox 2411 4120 2704 4191; x_wconf 80' lang='grc' dir='ltr'>καθυφῆκε</span> <span class='ocrx_word' id='word_1_611' title='bbox 2753 4122 3011 4192; x_wconf 78' lang='grc' dir='ltr'>φρόνημα</span> <span class='ocrx_word' id='word_1_612' title='bbox 3037 4138 3048 4152; x_wconf 91' lang='grc'>·</span> <span class='ocrx_word' id='word_1_613' title='bbox 3101 4122 3222 4176; x_wconf 75' lang='grc' dir='ltr'>οὑδὲ</span> <span class='ocrx_word' id='word_1_614' title='bbox 3252 4124 3490 4179; x_wconf 85' lang='grc' dir='ltr'>κατόπιν</span> <span class='ocrx_word' id='word_1_615' title='bbox 3516 4125 3710 4201; x_wconf 79' lang='grc' dir='ltr'>αὑτῶν</span> <span class='ocrx_word' id='word_1_616' title='bbox 3733 4126 3788 4178; x_wconf 81' lang='grc' dir='ltr'><strong>τδ</strong></span> 
     </span>
    </p>
   </div>
   <div class='ocr_carea' id='block_1_89' title="bbox 2194 4210 3789 4286">
    <p class='ocr_par' dir='ltr' id='par_1_89' title="bbox 2194 4210 3789 4286">
     <span class='ocr_line' id='line_1_89' title="bbox 2194 4210 3789 4286; baseline 0.004 -22"><span class='ocrx_word' id='word_1_617' title='bbox 2194 4210 2467 4265; x_wconf 84' lang='grc' dir='ltr'>ἀθόλωτον</span> <span class='ocrx_word' id='word_1_618' title='bbox 2514 4212 2578 4282; x_wconf 81' lang='grc' dir='ltr'><strong>δμ</strong></span> <span class='ocrx_word' id='word_1_619' title='bbox 2594 4229 2672 4282; x_wconf 89' lang='grc' dir='ltr'><strong>μα</strong></span> <span class='ocrx_word' id='word_1_620' title='bbox 2725 4211 2961 4282; x_wconf 80' lang='grc' dir='ltr'>διὰρασα</span> <span class='ocrx_word' id='word_1_621' title='bbox 2987 4254 3002 4279; x_wconf 91' lang='grc'><strong>,</strong></span> <span class='ocrx_word' id='word_1_622' title='bbox 3060 4213 3210 4267; x_wconf 72' lang='grc' dir='ltr'>ἔνδον</span> <span class='ocrx_word' id='word_1_623' title='bbox 3244 4214 3322 4286; x_wconf 83' lang='grc' dir='ltr'>τῷ</span> <span class='ocrx_word' id='word_1_624' title='bbox 3369 4214 3622 4285; x_wconf 61' lang='grc' dir='ltr'>λογιάμῷ</span> <span class='ocrx_word' id='word_1_625' title='bbox 3661 4234 3789 4270; x_wconf 80' lang='grc' dir='ltr'>συν-</span> 
     </span>
    </p>
   </div>
   <div class='ocr_carea' id='block_1_90' title="bbox 2196 4302 3786 4378">
    <p class='ocr_par' dir='ltr' id='par_1_90' title="bbox 2196 4302 3786 4378">
     <span class='ocr_line' id='line_1_90' title="bbox 2196 4302 3786 4378; baseline -0.004 -22"><span class='ocrx_word' id='word_1_626' title='bbox 2196 4302 2422 4374; x_wconf 76' lang='grc' dir='ltr'>εκινήθη</span> <span class='ocrx_word' id='word_1_627' title='bbox 2449 4319 2461 4334; x_wconf 69' lang='grc' dir='ltr'><strong><em>υ</em></strong></span> <span class='ocrx_word' id='word_1_628' title='bbox 2518 4303 2600 4356; x_wconf 77' lang='grc' dir='ltr'>ἔτι</span> <span class='ocrx_word' id='word_1_629' title='bbox 2633 4303 2835 4375; x_wconf 79' lang='grc' dir='ltr'>μικροῦ</span> <span class='ocrx_word' id='word_1_630' title='bbox 2859 4304 2971 4357; x_wconf 84' lang='grc' dir='ltr'>δεῖν</span> <span class='ocrx_word' id='word_1_631' title='bbox 3005 4304 3110 4373; x_wconf 83' lang='grc' dir='ltr'>τῆς</span> <span class='ocrx_word' id='word_1_632' title='bbox 3147 4307 3422 4377; x_wconf 82' lang='grc' dir='ltr'>μητρικῆς</span> <span class='ocrx_word' id='word_1_633' title='bbox 3455 4307 3631 4377; x_wconf 80' lang='grc' dir='ltr'>θηλῆς</span> <span class='ocrx_word' id='word_1_634' title='bbox 3665 4309 3786 4378; x_wconf 58' lang='lat' dir='ltr'><strong>exc.</strong></span> 
     </span>
    </p>
   </div>
   <div class='ocr_carea' id='block_1_91' title="bbox 2201 4394 3786 4468">
    <p class='ocr_par' dir='ltr' id='par_1_91' title="bbox 2201 4394 3786 4468">
     <span class='ocr_line' id='line_1_91' title="bbox 2201 4394 3786 4468; baseline 0.003 -21"><span class='ocrx_word' id='word_1_635' title='bbox 2201 4395 2359 4465; x_wconf 88' lang='grc' dir='ltr'>μένη,</span> <span class='ocrx_word' id='word_1_636' title='bbox 2415 4394 2510 4450; x_wconf 71' lang='grc' dir='ltr'>καὶ</span> <span class='ocrx_word' id='word_1_637' title='bbox 2543 4397 2932 4468; x_wconf 77' lang='grc' dir='ltr'>προσφυομένη</span> <span class='ocrx_word' id='word_1_638' title='bbox 2969 4412 2984 4427; x_wconf 78' lang='grc'><strong><em>⁸</em></strong></span> <span class='ocrx_word' id='word_1_639' title='bbox 3025 4397 3055 4450; x_wconf 83' lang='grc' dir='ltr'><strong>ό</strong></span> <span class='ocrx_word' id='word_1_640' title='bbox 3088 4397 3185 4450; x_wconf 81' lang='grc' dir='ltr'>καὶ</span> <span class='ocrx_word' id='word_1_641' title='bbox 3217 4397 3499 4466; x_wconf 73' lang='grc' dir='ltr'>θαύματος</span> <span class='ocrx_word' id='word_1_642' title='bbox 3529 4400 3689 4452; x_wconf 73' lang='grc' dir='ltr'>εστιν</span> <span class='ocrx_word' id='word_1_643' title='bbox 3715 4399 3786 4462; x_wconf 80' lang='grc' dir='ltr'><strong>ὡς</strong></span> 
     </span>
    </p>
   </div>
   <div class='ocr_carea' id='block_1_92' title="bbox 516 4468 2089 4561">
    <p class='ocr_par' dir='ltr' id='par_1_92' title="bbox 516 4468 2089 4542">
     <span class='ocr_line' id='line_1_92' title="bbox 516 4468 2089 4542; baseline 0.008 -22"><span class='ocrx_word' id='word_1_644' title='bbox 516 4468 693 4523; x_wconf 86' lang='lat' dir='ltr'><strong>adhuc</strong></span> <span class='ocrx_word' id='word_1_645' title='bbox 745 4473 1010 4528; x_wconf 83' lang='lat' dir='ltr'><strong>maternis</strong></span> <span class='ocrx_word' id='word_1_646' title='bbox 1061 4477 1324 4530; x_wconf 85' lang='lat' dir='ltr'><strong>uberibus</strong></span> <span class='ocrx_word' id='word_1_647' title='bbox 1377 4478 1632 4542; x_wconf 62' lang='lat' dir='ltr'><strong>haereret,</strong></span> <span class='ocrx_word' id='word_1_648' title='bbox 1686 4494 1749 4532; x_wconf 88' lang='lat' dir='ltr'><strong>ac</strong></span> <span class='ocrx_word' id='word_1_649' title='bbox 1797 4479 1879 4533; x_wconf 87' lang='lat' dir='ltr'><strong>eis</strong></span> <span class='ocrx_word' id='word_1_650' title='bbox 1935 4479 2089 4532; x_wconf 70' lang='lat' dir='ltr'><strong>allisa</strong></span> 
     </span>
    </p>
   </div>
   <div class='ocr_carea' id='block_1_93' title="bbox 2194 4468 3783 4561">
    <p class='ocr_par' dir='ltr' id='par_1_93' title="bbox 2199 4488 3783 4561">
     <span class='ocr_line' id='line_1_93' title="bbox 2199 4488 3783 4561; baseline 0.003 -18"><span class='ocrx_word' id='word_1_651' title='bbox 2199 4488 2416 4560; x_wconf 84' lang='grc' dir='ltr'>ἀληθῶς</span> <span class='ocrx_word' id='word_1_652' title='bbox 2519 4489 2708 4556; x_wconf 77' lang='grc' dir='ltr'>ἀξιον,</span> <span class='ocrx_word' id='word_1_653' title='bbox 2788 4492 3183 4561; x_wconf 79' lang='grc' dir='ltr'>ἀναμαρτήτου</span> <span class='ocrx_word' id='word_1_654' title='bbox 3257 4491 3496 4556; x_wconf 86' lang='grc' dir='ltr'>διανοίας</span> <span class='ocrx_word' id='word_1_655' title='bbox 3571 4493 3783 4561; x_wconf 69' lang='grc' dir='ltr'>ἐκείνης</span> 
     </span>
    </p>
   </div>
   <div class='ocr_carea' id='block_1_94' title="bbox 512 4563 2090 4636">
    <p class='ocr_par' dir='ltr' id='par_1_94' title="bbox 512 4563 2090 4636">
     <span class='ocr_line' id='line_1_94' title="bbox 512 4563 2090 4636; baseline 0.006 -23"><span class='ocrx_word' id='word_1_656' title='bbox 512 4568 702 4614; x_wconf 81' lang='lat' dir='ltr'><strong>esset:</strong></span> <span class='ocrx_word' id='word_1_657' title='bbox 737 4563 883 4632; x_wconf 85' lang='lat' dir='ltr'><strong>quod</strong></span> <span class='ocrx_word' id='word_1_658' title='bbox 932 4563 1088 4633; x_wconf 84' lang='lat' dir='ltr'><strong>plane</strong></span> <span class='ocrx_word' id='word_1_659' title='bbox 1144 4567 1348 4622; x_wconf 83' lang='lat' dir='ltr'><strong>merito</strong></span> <span class='ocrx_word' id='word_1_660' title='bbox 1395 4569 1816 4626; x_wconf 86' lang='lat' dir='ltr'><strong>admirationem</strong></span> <span class='ocrx_word' id='word_1_661' title='bbox 1871 4571 2090 4636; x_wconf 82' lang='lat' dir='ltr'><strong>habeat,</strong></span> 
     </span>
    </p>
   </div>
   <div class='ocr_carea' id='block_1_95' title="bbox 511 4653 2091 4732">
    <p class='ocr_par' dir='ltr' id='par_1_95' title="bbox 511 4653 2091 4732">
     <span class='ocr_line' id='line_1_95' title="bbox 511 4653 2091 4732; baseline 0.008 -26"><span class='ocrx_word' id='word_1_662' title='bbox 511 4653 802 4724; x_wconf 77' lang='lat' dir='ltr'><strong>anlrnoque</strong></span> <span class='ocrx_word' id='word_1_663' title='bbox 842 4657 935 4710; x_wconf 87' lang='lat' dir='ltr'><strong>illo</strong></span> <span class='ocrx_word' id='word_1_664' title='bbox 977 4657 1217 4724; x_wconf 81' lang='lat' dir='ltr'><strong>innoxio,</strong></span> <span class='ocrx_word' id='word_1_665' title='bbox 1256 4675 1318 4712; x_wconf 83' lang='lat' dir='ltr'><strong>ac</strong></span> <span class='ocrx_word' id='word_1_666' title='bbox 1367 4661 1437 4714; x_wconf 82' lang='lat' dir='ltr'><strong>ab</strong></span> <span class='ocrx_word' id='word_1_667' title='bbox 1489 4663 1639 4716; x_wconf 85' lang='lat' dir='ltr'><strong>onmi</strong></span> <span class='ocrx_word' id='word_1_668' title='bbox 1704 4664 1928 4716; x_wconf 82' lang='lat' dir='ltr'><strong>itnmuni</strong></span> <span class='ocrx_word' id='word_1_669' title='bbox 1965 4680 2091 4732; x_wconf 83' lang='lat' dir='ltr'><strong>poc-</strong></span> 
     </span>
    </p>
   </div>
   <div class='ocr_carea' id='block_1_96' title="bbox 511 4750 1183 4818">
    <p class='ocr_par' dir='ltr' id='par_1_96' title="bbox 511 4750 1183 4818">
     <span class='ocr_line' id='line_1_96' title="bbox 511 4750 1183 4818; baseline 0.01 -18"><span class='ocrx_word' id='word_1_670' title='bbox 511 4757 658 4811; x_wconf 82' lang='lat' dir='ltr'><strong>cato,</strong></span> <span class='ocrx_word' id='word_1_671' title='bbox 689 4750 913 4818; x_wconf 74' lang='lat' dir='ltr'><strong>dignum</strong></span> <span class='ocrx_word' id='word_1_672' title='bbox 937 4753 1183 4808; x_wconf 78' lang='lat' dir='ltr'><strong>exsistat.</strong></span> 
     </span>
    </p>
   </div>
   <div class='ocr_carea' id='block_1_97' title="bbox 584 4835 2095 4916">
    <p class='ocr_par' dir='ltr' id='par_1_97' title="bbox 584 4835 2095 4916">
     <span class='ocr_line' id='line_1_97' title="bbox 584 4835 2095 4916; baseline 0.009 -25"><span class='ocrx_word' id='word_1_673' title='bbox 584 4835 679 4893; x_wconf 76' lang='lat' dir='ltr'><strong>Sit.</strong></span> <span class='ocrx_word' id='word_1_674' title='bbox 708 4841 858 4894; x_wconf 89' lang='lat' dir='ltr'><strong>enim</strong></span> <span class='ocrx_word' id='word_1_675' title='bbox 902 4843 1145 4898; x_wconf 82' lang='lat' dir='ltr'><strong>universi</strong></span> <span class='ocrx_word' id='word_1_676' title='bbox 1174 4844 1422 4900; x_wconf 86' lang='lat' dir='ltr'><strong>homines</strong></span> <span class='ocrx_word' id='word_1_677' title='bbox 1460 4847 1760 4916; x_wconf 84' lang='lat' dir='ltr'><strong>comparati</strong></span> <span class='ocrx_word' id='word_1_678' title='bbox 1789 4862 1997 4916; x_wconf 86' lang='lat' dir='ltr'><strong>sumus,</strong></span> <span class='ocrx_word' id='word_1_679' title='bbox 2036 4863 2095 4904; x_wconf 91' lang='lat' dir='ltr'><strong>ut</strong></span> 
     </span>
    </p>
   </div>
   <div class='ocr_carea' id='block_1_98' title="bbox 513 4931 2088 5005">
    <p class='ocr_par' dir='ltr' id='par_1_98' title="bbox 513 4931 2088 5005">
     <span class='ocr_line' id='line_1_98' title="bbox 513 4931 2088 5005; baseline 0.005 -21"><span class='ocrx_word' id='word_1_680' title='bbox 513 4931 568 4984; x_wconf 79' lang='lat' dir='ltr'><strong>vi</strong></span> <span class='ocrx_word' id='word_1_681' title='bbox 607 4931 842 5002; x_wconf 83' lang='lat' dir='ltr'><strong>quadam</strong></span> <span class='ocrx_word' id='word_1_682' title='bbox 907 4931 960 4985; x_wconf 88' lang='lat' dir='ltr'><strong>in</strong></span> <span class='ocrx_word' id='word_1_683' title='bbox 1016 4941 1271 5002; x_wconf 81' lang='lat' dir='ltr'><strong>parentes</strong></span> <span class='ocrx_word' id='word_1_684' title='bbox 1335 4950 1400 4991; x_wconf 86' lang='lat' dir='ltr'><strong>ac</strong></span> <span class='ocrx_word' id='word_1_685' title='bbox 1452 4947 1709 5005; x_wconf 81' lang='lat' dir='ltr'><strong>cognatos</strong></span> <span class='ocrx_word' id='word_1_686' title='bbox 1759 4935 2088 4993; x_wconf 77' lang='lat' dir='ltr'><strong>trahantur:</strong></span> 
     </span>
    </p>
   </div>
   <div class='ocr_carea' id='block_1_99' title="bbox 511 5022 2092 5096">
    <p class='ocr_par' dir='ltr' id='par_1_99' title="bbox 511 5022 2092 5096">
     <span class='ocr_line' id='line_1_99' title="bbox 511 5022 2092 5096; baseline 0.006 -20"><span class='ocrx_word' id='word_1_687' title='bbox 511 5036 748 5091; x_wconf 83' lang='lat' dir='ltr'><strong>cumque</strong></span> <span class='ocrx_word' id='word_1_688' title='bbox 773 5022 1056 5078; x_wconf 87' lang='lat' dir='ltr'><strong>innumera</strong></span> <span class='ocrx_word' id='word_1_689' title='bbox 1089 5039 1237 5094; x_wconf 63' lang='lat' dir='ltr'><strong>saepe</strong></span> <span class='ocrx_word' id='word_1_690' title='bbox 1267 5026 1334 5081; x_wconf 88' lang='lat' dir='ltr'><strong>ab</strong></span> <span class='ocrx_word' id='word_1_691' title='bbox 1367 5026 1434 5080; x_wconf 85' lang='lat' dir='ltr'><strong>iis</strong></span> <span class='ocrx_word' id='word_1_692' title='bbox 1463 5027 1801 5096; x_wconf 74' lang='lat' dir='ltr'><strong>abstrahunt,</strong></span> <span class='ocrx_word' id='word_1_693' title='bbox 1833 5027 1967 5084; x_wconf 86' lang='lat' dir='ltr'><strong>nihil</strong></span> <span class='ocrx_word' id='word_1_694' title='bbox 2008 5041 2092 5085; x_wconf 43' lang='lat' dir='ltr'><strong>tae</strong></span> 
     </span>
    </p>
   </div>
   <div class='ocr_carea' id='block_1_100' title="bbox 514 5117 2089 5190">
    <p class='ocr_par' dir='ltr' id='par_1_100' title="bbox 514 5117 2089 5190">
     <span class='ocr_line' id='line_1_100' title="bbox 514 5117 2089 5190; baseline 0.008 -26"><span class='ocrx_word' id='word_1_695' title='bbox 514 5130 636 5166; x_wconf 76' lang='lat' dir='ltr'><strong>men</strong></span> <span class='ocrx_word' id='word_1_696' title='bbox 666 5130 878 5178; x_wconf 86' lang='lat' dir='ltr'><strong>eorum,</strong></span> <span class='ocrx_word' id='word_1_697' title='bbox 939 5132 1034 5185; x_wconf 89' lang='lat' dir='ltr'><strong>per</strong></span> <span class='ocrx_word' id='word_1_698' title='bbox 1070 5126 1316 5170; x_wconf 87' lang='lat' dir='ltr'><strong>naturam</strong></span> <span class='ocrx_word' id='word_1_699' title='bbox 1358 5117 1509 5171; x_wconf 88' lang='lat' dir='ltr'><strong>unita</strong></span> <span class='ocrx_word' id='word_1_700' title='bbox 1555 5133 1808 5186; x_wconf 82' lang='lat' dir='ltr'><strong>separare</strong></span> <span class='ocrx_word' id='word_1_701' title='bbox 1856 5124 2026 5190; x_wconf 89' lang='lat' dir='ltr'><strong>possit</strong></span> <span class='ocrx_word' id='word_1_702' title='bbox 2075 5141 2089 5176; x_wconf 89' lang='lat'><strong>:</strong></span> 
     </span>
    </p>
   </div>
   <div class='ocr_carea' id='block_1_101' title="bbox 511 5206 2093 5279">
    <p class='ocr_par' dir='ltr' id='par_1_101' title="bbox 511 5206 2093 5279">
     <span class='ocr_line' id='line_1_101' title="bbox 511 5206 2093 5279; baseline 0.008 -23"><span class='ocrx_word' id='word_1_703' title='bbox 511 5215 675 5273; x_wconf 88' lang='lat' dir='ltr'><strong>atque</strong></span> <span class='ocrx_word' id='word_1_704' title='bbox 705 5206 757 5259; x_wconf 90' lang='lat' dir='ltr'><strong>id</strong></span> <span class='ocrx_word' id='word_1_705' title='bbox 803 5208 1062 5272; x_wconf 86' lang='lat' dir='ltr'><strong>maxime,</strong></span> <span class='ocrx_word' id='word_1_706' title='bbox 1103 5210 1194 5263; x_wconf 90' lang='lat' dir='ltr'><strong>ubi</strong></span> <span class='ocrx_word' id='word_1_707' title='bbox 1232 5220 1460 5279; x_wconf 86' lang='lat' dir='ltr'><strong>paterne</strong></span> <span class='ocrx_word' id='word_1_708' title='bbox 1507 5212 1830 5279; x_wconf 71' lang='lat' dir='ltr'><strong>coniunctos</strong></span> <span class='ocrx_word' id='word_1_709' title='bbox 1859 5216 2093 5269; x_wconf 90' lang='lat' dir='ltr'><strong>devincit</strong></span> 
     </span>
    </p>
   </div>
   <div class='ocr_carea' id='block_1_102' title="bbox 510 5296 2088 5376">
    <p class='ocr_par' dir='ltr' id='par_1_102' title="bbox 510 5296 2088 5376">
     <span class='ocr_line' id='line_1_102' title="bbox 510 5296 2088 5376; baseline 0.011 -29"><span class='ocrx_word' id='word_1_710' title='bbox 510 5296 760 5364; x_wconf 74' lang='lat' dir='ltr'><strong>ail‘et-tiu;</strong></span> <span class='ocrx_word' id='word_1_711' title='bbox 797 5314 1117 5367; x_wconf 85' lang='lat' dir='ltr'><strong>quam,nec</strong></span> <span class='ocrx_word' id='word_1_712' title='bbox 1161 5304 1384 5358; x_wconf 88' lang='lat' dir='ltr'><strong>timores</strong></span> <span class='ocrx_word' id='word_1_713' title='bbox 1420 5316 1789 5376; x_wconf 84' lang='lat' dir='ltr'><strong>perterreant;</strong></span> <span class='ocrx_word' id='word_1_714' title='bbox 1856 5323 1954 5362; x_wconf 91' lang='lat' dir='ltr'><strong>nec</strong></span> <span class='ocrx_word' id='word_1_715' title='bbox 1994 5326 2088 5364; x_wconf 84' lang='lat' dir='ltr'><strong>vo-</strong></span> 
     </span>
    </p>
   </div>
   <div class='ocr_carea' id='block_1_103' title="bbox 509 5389 2090 5463">
    <p class='ocr_par' dir='ltr' id='par_1_103' title="bbox 509 5389 2090 5463">
     <span class='ocr_line' id='line_1_103' title="bbox 509 5389 2090 5463; baseline 0.011 -23"><span class='ocrx_word' id='word_1_716' title='bbox 509 5389 783 5457; x_wconf 70' lang='lat' dir='ltr'><strong>luptates,</strong></span> <span class='ocrx_word' id='word_1_717' title='bbox 836 5389 1176 5445; x_wconf 76' lang='lat' dir='ltr'><strong>sull&#39;nt&#39;entur</strong></span> <span class='ocrx_word' id='word_1_718' title='bbox 1224 5410 1240 5447; x_wconf 90' lang='lat'><strong>:</strong></span> <span class='ocrx_word' id='word_1_719' title='bbox 1301 5397 1430 5463; x_wconf 87' lang='lat' dir='ltr'><strong>quin</strong></span> <span class='ocrx_word' id='word_1_720' title='bbox 1466 5399 1657 5450; x_wconf 85' lang='lat' dir='ltr'><strong>eodem</strong></span> <span class='ocrx_word' id='word_1_721' title='bbox 1697 5401 1856 5451; x_wconf 83' lang='lat' dir='ltr'><strong>modo</strong></span> <span class='ocrx_word' id='word_1_722' title='bbox 1892 5402 2090 5457; x_wconf 73' lang='lat' dir='ltr'><strong>illaesus</strong></span> 
     </span>
    </p>
   </div>
   <div class='ocr_carea' id='block_1_104' title="bbox 512 5484 2090 5556">
    <p class='ocr_par' dir='ltr' id='par_1_104' title="bbox 512 5484 2090 5556">
     <span class='ocr_line' id='line_1_104' title="bbox 512 5484 2090 5556; baseline 0.009 -25"><span class='ocrx_word' id='word_1_723' title='bbox 512 5495 870 5549; x_wconf 78' lang='lat' dir='ltr'><strong>perseverans</strong></span> <span class='ocrx_word' id='word_1_724' title='bbox 923 5484 1190 5539; x_wconf 87' lang='lat' dir='ltr'><strong>naturalis</strong></span> <span class='ocrx_word' id='word_1_725' title='bbox 1239 5501 1414 5550; x_wconf 78' lang='lat' dir='ltr'><strong>arnor,</strong></span> <span class='ocrx_word' id='word_1_726' title='bbox 1458 5487 1590 5540; x_wconf 90' lang='lat' dir='ltr'><strong>nihil</strong></span> <span class='ocrx_word' id='word_1_727' title='bbox 1625 5491 1942 5556; x_wconf 84' lang='lat' dir='ltr'><strong>corporibus</strong></span> <span class='ocrx_word' id='word_1_728' title='bbox 1975 5493 2090 5546; x_wconf 79' lang='lat' dir='ltr'><strong>loco</strong></span> 
     </span>
    </p>
   </div>
   <div class='ocr_carea' id='block_1_105' title="bbox 509 5567 2086 5644">
    <p class='ocr_par' dir='ltr' id='par_1_105' title="bbox 509 5567 2086 5644">
     <span class='ocr_line' id='line_1_105' title="bbox 509 5567 2086 5644; baseline 0.009 -22"><span class='ocrx_word' id='word_1_729' title='bbox 509 5567 770 5636; x_wconf 69' lang='lat' dir='ltr'><strong>svjixnctis</strong></span> <span class='ocrx_word' id='word_1_730' title='bbox 795 5587 898 5626; x_wconf 89' lang='lat' dir='ltr'><strong>una</strong></span> <span class='ocrx_word' id='word_1_731' title='bbox 923 5573 1041 5642; x_wconf 90' lang='lat' dir='ltr'><strong>ipse</strong></span> <span class='ocrx_word' id='word_1_732' title='bbox 1062 5586 1283 5628; x_wconf 88' lang='lat' dir='ltr'><strong>secatur</strong></span> <span class='ocrx_word' id='word_1_733' title='bbox 1328 5590 1389 5630; x_wconf 89' lang='lat' dir='ltr'><strong>ac</strong></span> <span class='ocrx_word' id='word_1_734' title='bbox 1414 5577 1692 5631; x_wconf 75' lang='lat' dir='ltr'><strong>dividitur.</strong></span> <span class='ocrx_word' id='word_1_735' title='bbox 1721 5577 2086 5644; x_wconf 85' lang='lat' dir='ltr'><strong>Quamobrem</strong></span> 
     </span>
    </p>
   </div>
   <div class='ocr_carea' id='block_1_106' title="bbox 509 5661 2090 5742">
    <p class='ocr_par' dir='ltr' id='par_1_106' title="bbox 509 5661 2090 5742">
     <span class='ocr_line' id='line_1_106' title="bbox 509 5661 2090 5742; baseline 0.007 -27"><span class='ocrx_word' id='word_1_736' title='bbox 509 5671 572 5715; x_wconf 82' lang='lat' dir='ltr'><strong>ut</strong></span> <span class='ocrx_word' id='word_1_737' title='bbox 603 5663 648 5711; x_wconf 81' lang='lat' dir='ltr'><strong>vi</strong></span> <span class='ocrx_word' id='word_1_738' title='bbox 674 5661 932 5719; x_wconf 77' lang='lat' dir='ltr'><strong>infantem</strong></span> <span class='ocrx_word' id='word_1_739' title='bbox 963 5680 993 5718; x_wconf 91' lang='lat' dir='ltr'><strong>a</strong></span> <span class='ocrx_word' id='word_1_740' title='bbox 1031 5676 1276 5720; x_wconf 86' lang='lat' dir='ltr'><strong>materno</strong></span> <span class='ocrx_word' id='word_1_741' title='bbox 1304 5667 1423 5720; x_wconf 86' lang='lat' dir='ltr'><strong>sinu</strong></span> <span class='ocrx_word' id='word_1_742' title='bbox 1447 5668 1735 5738; x_wconf 85' lang='lat' dir='ltr'><strong>avulseris,</strong></span> <span class='ocrx_word' id='word_1_743' title='bbox 1759 5672 1941 5726; x_wconf 84' lang='lat' dir='ltr'><strong>habitu</strong></span> <span class='ocrx_word' id='word_1_744' title='bbox 1975 5676 2090 5742; x_wconf 77' lang='lat' dir='ltr'><strong>ipso</strong></span> 
     </span>
    </p>
   </div>
   <div class='ocr_carea' id='block_1_107' title="bbox 512 5756 2082 5834">
    <p class='ocr_par' dir='ltr' id='par_1_107' title="bbox 512 5756 2082 5834">
     <span class='ocr_line' id='line_1_107' title="bbox 512 5756 2082 5834; baseline 0.009 -26"><span class='ocrx_word' id='word_1_745' title='bbox 512 5767 579 5808; x_wconf 79' lang='lat' dir='ltr'><strong>ac</strong></span> <span class='ocrx_word' id='word_1_746' title='bbox 613 5766 742 5808; x_wconf 78' lang='lat' dir='ltr'><strong>voce</strong></span> <span class='ocrx_word' id='word_1_747' title='bbox 775 5756 1028 5822; x_wconf 82' lang='lat' dir='ltr'><strong>injuriam</strong></span> <span class='ocrx_word' id='word_1_748' title='bbox 1068 5759 1357 5827; x_wconf 82' lang='lat' dir='ltr'><strong>inclamat,</strong></span> <span class='ocrx_word' id='word_1_749' title='bbox 1385 5777 1680 5833; x_wconf 82' lang='lat' dir='ltr'><strong>munusque</strong></span> <span class='ocrx_word' id='word_1_750' title='bbox 1715 5766 1764 5817; x_wconf 90' lang='lat' dir='ltr'><strong>iu</strong></span> <span class='ocrx_word' id='word_1_751' title='bbox 1803 5777 2082 5834; x_wconf 87' lang='lat' dir='ltr'><strong>parentem</strong></span> 
     </span>
    </p>
   </div>
   <div class='ocr_carea' id='block_1_108' title="bbox 2202 4581 2452 4646">
    <p class='ocr_par' dir='ltr' id='par_1_108' title="bbox 2202 4581 2452 4646">
     <span class='ocr_line' id='line_1_108' title="bbox 2202 4581 2452 4646; baseline 0.012 -12"><span class='ocrx_word' id='word_1_752' title='bbox 2202 4581 2452 4646; x_wconf 79' lang='grc' dir='ltr'>ἐπάξιον.</span> 
     </span>
    </p>
   </div>
   <div class='ocr_carea' id='block_1_109' title="bbox 2284 4860 3783 4936">
    <p class='ocr_par' dir='ltr' id='par_1_109' title="bbox 2284 4860 3783 4936">
     <span class='ocr_line' id='line_1_109' title="bbox 2284 4860 3783 4936; baseline 0.006 -22"><span class='ocrx_word' id='word_1_753' title='bbox 2284 4860 2620 4933; x_wconf 81' lang='grc' dir='ltr'>Πεφύκαμεν</span> <span class='ocrx_word' id='word_1_754' title='bbox 2649 4864 2761 4934; x_wconf 82' lang='grc' dir='ltr'><strong>γὰρ</strong></span> <span class='ocrx_word' id='word_1_755' title='bbox 2792 4863 2996 4930; x_wconf 71' lang='grc' dir='ltr'>πάντες</span> <span class='ocrx_word' id='word_1_756' title='bbox 3022 4865 3306 4936; x_wconf 77' lang='grc' dir='ltr'>ἄνθρωποι</span> <span class='ocrx_word' id='word_1_757' title='bbox 3334 4866 3474 4936; x_wconf 77' lang='grc' dir='ltr'>πρὸς</span> <span class='ocrx_word' id='word_1_758' title='bbox 3501 4867 3565 4922; x_wconf 75' lang='grc' dir='ltr'>τὸ</span> <span class='ocrx_word' id='word_1_759' title='bbox 3588 4884 3783 4936; x_wconf 67' lang='grc' dir='ltr'>συγγει</span> 
     </span>
    </p>
   </div>
   <div class='ocr_carea' id='block_1_110' title="bbox 2201 4951 3779 5030">
    <p class='ocr_par' dir='ltr' id='par_1_110' title="bbox 2201 4951 3779 5030">
     <span class='ocr_line' id='line_1_110' title="bbox 2201 4951 3779 5030; baseline 0.006 -25"><span class='ocrx_word' id='word_1_760' title='bbox 2201 4953 2293 5017; x_wconf 61' lang='lat' dir='ltr'><strong>ve;</strong></span> <span class='ocrx_word' id='word_1_761' title='bbox 2327 4951 2736 5009; x_wconf 80' lang='grc' dir='ltr'>καθέλκεσθαι·</span> <span class='ocrx_word' id='word_1_762' title='bbox 2775 4958 2874 5013; x_wconf 76' lang='grc' dir='ltr'>καὶ</span> <span class='ocrx_word' id='word_1_763' title='bbox 2922 4955 3096 5030; x_wconf 82' lang='grc' dir='ltr'>μυρία</span> <span class='ocrx_word' id='word_1_764' title='bbox 3124 4958 3392 5024; x_wconf 79' lang='grc' dir='ltr'>πολλάκις</span> <span class='ocrx_word' id='word_1_765' title='bbox 3436 4959 3636 5015; x_wconf 90' lang='grc' dir='ltr'>τούτου</span> <span class='ocrx_word' id='word_1_766' title='bbox 3667 4962 3779 5015; x_wconf 81' lang='grc' dir='ltr'>δια·</span> 
     </span>
    </p>
   </div>
   <div class='ocr_carea' id='block_1_111' title="bbox 2204 5045 3778 5123">
    <p class='ocr_par' dir='ltr' id='par_1_111' title="bbox 2204 5045 3778 5123">
     <span class='ocr_line' id='line_1_111' title="bbox 2204 5045 3778 5123; baseline 0.004 -25"><span class='ocrx_word' id='word_1_767' title='bbox 2204 5045 2489 5110; x_wconf 79' lang='grc' dir='ltr'>σπιῦντων,</span> <span class='ocrx_word' id='word_1_768' title='bbox 2511 5047 2667 5101; x_wconf 78' lang='grc' dir='ltr'>οὐδὲν</span> <span class='ocrx_word' id='word_1_769' title='bbox 2686 5049 2869 5103; x_wconf 86' lang='grc' dir='ltr'>αὑτῶν</span> <span class='ocrx_word' id='word_1_770' title='bbox 2887 5050 2956 5104; x_wconf 83' lang='grc' dir='ltr'><strong>τὰ</strong></span> <span class='ocrx_word' id='word_1_771' title='bbox 2972 5050 3220 5118; x_wconf 75' lang='grc' dir='ltr'>φυσικῶς</span> <span class='ocrx_word' id='word_1_772' title='bbox 3239 5051 3496 5123; x_wconf 78' lang='grc' dir='ltr'>ἡνωμένα</span> <span class='ocrx_word' id='word_1_773' title='bbox 3513 5053 3778 5123; x_wconf 76' lang='grc' dir='ltr'>δίεστησεο</span> 
     </span>
    </p>
   </div>
   <div class='ocr_carea' id='block_1_112' title="bbox 2201 5135 3780 5215">
    <p class='ocr_par' dir='ltr' id='par_1_112' title="bbox 2201 5135 3780 5215">
     <span class='ocr_line' id='line_1_112' title="bbox 2201 5135 3780 5215; baseline 0.007 -27"><span class='ocrx_word' id='word_1_774' title='bbox 2201 5135 2298 5188; x_wconf 76' lang='grc' dir='ltr'>καὶ</span> <span class='ocrx_word' id='word_1_775' title='bbox 2344 5137 2584 5204; x_wconf 81' lang='grc' dir='ltr'>μάλιστα</span> <span class='ocrx_word' id='word_1_776' title='bbox 2616 5141 2769 5193; x_wconf 78' lang='grc' dir='ltr'>ὁπότ’</span> <span class='ocrx_word' id='word_1_777' title='bbox 2810 5141 2878 5194; x_wconf 82' lang='grc' dir='ltr'>ἂν</span> <span class='ocrx_word' id='word_1_778' title='bbox 2907 5144 3196 5214; x_wconf 80' lang='grc' dir='ltr'>πατρικῶς</span> <span class='ocrx_word' id='word_1_779' title='bbox 3229 5145 3262 5214; x_wconf 81' lang='grc' dir='ltr'>ὴ</span> <span class='ocrx_word' id='word_1_780' title='bbox 3320 5145 3508 5215; x_wconf 84' lang='grc' dir='ltr'>σχέσις</span> <span class='ocrx_word' id='word_1_781' title='bbox 3544 5146 3780 5199; x_wconf 75' lang='grc' dir='ltr'>συνδεδεο</span> 
     </span>
    </p>
   </div>
   <div class='ocr_carea' id='block_1_113' title="bbox 2204 5225 3780 5308">
    <p class='ocr_par' dir='ltr' id='par_1_113' title="bbox 2204 5225 3780 5308">
     <span class='ocr_line' id='line_1_113' title="bbox 2204 5225 3780 5308; baseline 0.008 -32"><span class='ocrx_word' id='word_1_782' title='bbox 2204 5225 2386 5295; x_wconf 80' lang='grc' dir='ltr'>μένοις</span> <span class='ocrx_word' id='word_1_783' title='bbox 2441 5229 2630 5298; x_wconf 79' lang='grc' dir='ltr'>τύχοιο</span> <span class='ocrx_word' id='word_1_784' title='bbox 2683 5232 2750 5300; x_wconf 80' lang='grc' dir='ltr'>ἢν</span> <span class='ocrx_word' id='word_1_785' title='bbox 2791 5233 2949 5302; x_wconf 73' lang='grc' dir='ltr'>φόϐοι</span> <span class='ocrx_word' id='word_1_786' title='bbox 3010 5237 3108 5305; x_wconf 80' lang='grc' dir='ltr'>μὲν</span> <span class='ocrx_word' id='word_1_787' title='bbox 3153 5236 3217 5288; x_wconf 87' lang='grc' dir='ltr'><strong>οὑ</strong></span> <span class='ocrx_word' id='word_1_788' title='bbox 3271 5237 3780 5308; x_wconf 64' lang='grc' dir='ltr'>καταπλήττουσιψ</span> 
     </span>
    </p>
   </div>
   <div class='ocr_carea' id='block_1_114' title="bbox 2199 5316 3778 5399">
    <p class='ocr_par' dir='ltr' id='par_1_114' title="bbox 2199 5316 3778 5399">
     <span class='ocr_line' id='line_1_114' title="bbox 2199 5316 3778 5399; baseline 0.01 -33"><span class='ocrx_word' id='word_1_789' title='bbox 2199 5316 2389 5385; x_wconf 78' lang='grc' dir='ltr'>ἡδοναὶ</span> <span class='ocrx_word' id='word_1_790' title='bbox 2455 5320 2553 5389; x_wconf 82' lang='grc' dir='ltr'><strong>οὑχ</strong></span> <span class='ocrx_word' id='word_1_791' title='bbox 2623 5323 3059 5379; x_wconf 80' lang='grc' dir='ltr'>ὑποκλέπτουσιν</span> <span class='ocrx_word' id='word_1_792' title='bbox 3099 5345 3113 5358; x_wconf 85' lang='grc'>·</span> <span class='ocrx_word' id='word_1_793' title='bbox 3177 5328 3591 5399; x_wconf 82' lang='grc' dir='ltr'>ἁνεπηρέαστος</span> <span class='ocrx_word' id='word_1_794' title='bbox 3638 5329 3696 5382; x_wconf 78' lang='grc' dir='ltr'>δὲ</span> <span class='ocrx_word' id='word_1_795' title='bbox 3747 5329 3778 5397; x_wconf 73' lang='grc' dir='ltr'>ἡ</span> 
     </span>
    </p>
   </div>
   <div class='ocr_carea' id='block_1_115' title="bbox 2201 5409 3775 5490">
    <p class='ocr_par' dir='ltr' id='par_1_115' title="bbox 2201 5409 3775 5490">
     <span class='ocr_line' id='line_1_115' title="bbox 2201 5409 3775 5490; baseline 0.01 -31"><span class='ocrx_word' id='word_1_796' title='bbox 2201 5409 2404 5480; x_wconf 84' lang='grc' dir='ltr'>στοργὴ</span> <span class='ocrx_word' id='word_1_797' title='bbox 2425 5410 2686 5477; x_wconf 82' lang='grc' dir='ltr'>ὡσαύτως</span> <span class='ocrx_word' id='word_1_798' title='bbox 2711 5415 3062 5486; x_wconf 83' lang='grc' dir='ltr'>διαμένουσα,</span> <span class='ocrx_word' id='word_1_799' title='bbox 3088 5422 3153 5490; x_wconf 81' lang='grc' dir='ltr'>τῇ</span> <span class='ocrx_word' id='word_1_800' title='bbox 3179 5420 3275 5473; x_wconf 79' lang='grc' dir='ltr'><strong>τοῦ</strong></span> <span class='ocrx_word' id='word_1_801' title='bbox 3305 5423 3554 5490; x_wconf 80' lang='grc' dir='ltr'>σώματος</span> <span class='ocrx_word' id='word_1_802' title='bbox 3569 5423 3628 5475; x_wconf 79' lang='grc' dir='ltr'><strong>οὑ</strong></span> <span class='ocrx_word' id='word_1_803' title='bbox 3659 5439 3775 5480; x_wconf 77' lang='grc' dir='ltr'>ουν-</span> 
     </span>
    </p>
   </div>
   <div class='ocr_carea' id='block_1_116' title="bbox 2197 5499 3780 5582">
    <p class='ocr_par' dir='ltr' id='par_1_116' title="bbox 2197 5499 3780 5582">
     <span class='ocr_line' id='line_1_116' title="bbox 2197 5499 3780 5582; baseline 0.007 -32"><span class='ocrx_word' id='word_1_804' title='bbox 2197 5499 2569 5569; x_wconf 78' lang='grc' dir='ltr'>αποτέμνεται</span> <span class='ocrx_word' id='word_1_805' title='bbox 2598 5503 2900 5562; x_wconf 80' lang='grc' dir='ltr'>διαστάσει,</span> <span class='ocrx_word' id='word_1_806' title='bbox 2946 5508 3281 5564; x_wconf 82' lang='grc' dir='ltr'>Ἀποσταθὲν</span> <span class='ocrx_word' id='word_1_807' title='bbox 3309 5513 3491 5564; x_wconf 80' lang='grc' dir='ltr'>τοίνυν</span> <span class='ocrx_word' id='word_1_808' title='bbox 3550 5512 3641 5582; x_wconf 67' lang='grc' dir='ltr'>βίᾳ</span> <span class='ocrx_word' id='word_1_809' title='bbox 3671 5512 3780 5563; x_wconf 75' lang='grc' dir='ltr'>τῶν</span> 
     </span>
    </p>
   </div>
   <div class='ocr_carea' id='block_1_117' title="bbox 2200 5593 3775 5674">
    <p class='ocr_par' dir='ltr' id='par_1_117' title="bbox 2200 5593 3775 5674">
     <span class='ocr_line' id='line_1_117' title="bbox 2200 5593 3775 5674; baseline 0.009 -34"><span class='ocrx_word' id='word_1_810' title='bbox 2200 5593 2489 5661; x_wconf 82' lang='grc' dir='ltr'>μητρικῶν</span> <span class='ocrx_word' id='word_1_811' title='bbox 2533 5596 2793 5662; x_wconf 81' lang='grc' dir='ltr'>ἀγκαλῶν</span> <span class='ocrx_word' id='word_1_812' title='bbox 2851 5601 3064 5668; x_wconf 83' lang='grc' dir='ltr'>νήπιον,</span> <span class='ocrx_word' id='word_1_813' title='bbox 3107 5602 3261 5672; x_wconf 87' lang='grc' dir='ltr'>αὑτῷ</span> <span class='ocrx_word' id='word_1_814' title='bbox 3299 5602 3379 5672; x_wconf 83' lang='grc' dir='ltr'><strong>τῷ</strong></span> <span class='ocrx_word' id='word_1_815' title='bbox 3417 5606 3655 5674; x_wconf 76' lang='grc' dir='ltr'>σχήματι</span> <span class='ocrx_word' id='word_1_816' title='bbox 3688 5605 3775 5656; x_wconf 73' lang='grc' dir='ltr'>καὶ</span> 
     </span>
    </p>
   </div>
   <div class='ocr_carea' id='block_1_118' title="bbox 2196 5686 3786 5768">
    <p class='ocr_par' dir='ltr' id='par_1_118' title="bbox 2196 5686 3786 5768">
     <span class='ocr_line' id='line_1_118' title="bbox 2196 5686 3786 5768; baseline 0.011 -37"><span class='ocrx_word' id='word_1_817' title='bbox 2196 5686 2261 5752; x_wconf 77' lang='grc' dir='ltr'><strong>τῇ</strong></span> <span class='ocrx_word' id='word_1_818' title='bbox 2305 5687 2455 5755; x_wconf 78' lang='grc' dir='ltr'>φωνῇ</span> <span class='ocrx_word' id='word_1_819' title='bbox 2492 5687 2592 5756; x_wconf 79' lang='grc' dir='ltr'>τὴν</span> <span class='ocrx_word' id='word_1_820' title='bbox 2622 5689 2838 5742; x_wconf 86' lang='grc' dir='ltr'>ἀδικίαν</span> <span class='ocrx_word' id='word_1_821' title='bbox 2888 5693 3265 5762; x_wconf 71' lang='grc' dir='ltr'>ἐπεμὸοᾶταιυ</span> <span class='ocrx_word' id='word_1_822' title='bbox 3318 5698 3416 5759; x_wconf 69' lang='grc' dir='ltr'><strong>τὰς</strong></span> <span class='ocrx_word' id='word_1_823' title='bbox 3464 5700 3650 5768; x_wconf 76' lang='grc' dir='ltr'>χεῖρας</span> <span class='ocrx_word' id='word_1_824' title='bbox 3687 5698 3786 5767; x_wconf 80' lang='grc' dir='ltr'>μὲν</span> 
     </span>
    </p>
   </div>
   <div class='ocr_carea' id='block_1_119' title="bbox 2199 5774 3776 5846">
    <p class='ocr_par' dir='ltr' id='par_1_119' title="bbox 2199 5774 3776 5846">
     <span class='ocr_line' id='line_1_119' title="bbox 2199 5774 3776 5846; baseline 0.006 -18"><span class='ocrx_word' id='word_1_825' title='bbox 2199 5774 2336 5843; x_wconf 64' lang='grc' dir='ltr'>πρὸς</span> <span class='ocrx_word' id='word_1_826' title='bbox 2376 5779 2474 5846; x_wconf 79' lang='grc' dir='ltr'>τὴν</span> <span class='ocrx_word' id='word_1_827' title='bbox 2532 5779 2805 5836; x_wconf 77' lang='grc' dir='ltr'>τεκοῦσαν</span> <span class='ocrx_word' id='word_1_828' title='bbox 2853 5787 3212 5841; x_wconf 70' lang='grc' dir='ltr'>ἐπανατεῖνον</span> <span class='ocrx_word' id='word_1_829' title='bbox 3250 5804 3263 5818; x_wconf 89' lang='grc'><strong>·</strong></span> <span class='ocrx_word' id='word_1_830' title='bbox 3305 5789 3538 5842; x_wconf 63' lang='grc' dir='ltr'>ἐλεεινὸν</span> <span class='ocrx_word' id='word_1_831' title='bbox 3597 5785 3654 5840; x_wconf 68' lang='grc' dir='ltr'>δὲ</span> <span class='ocrx_word' id='word_1_832' title='bbox 3692 5789 3776 5842; x_wconf 76' lang='grc' dir='ltr'>καὶ</span> 
     </span>
    </p>
   </div>
  </div>
