4060 6472
379 402 509 464 144⁸)

1331 402 1413 463 IN
1456 400 1559 463 SS.
1600 400 1796 464 DElP.
1841 402 2288 470 INGRESSUM
2327 402 2410 469 IN
2449 407 2674 469 TEMP.

3501 406 3642 473 1150

372 516 579 587 πλῆρες
614 512 865 586 δακρύων
909 513 1146 584 συνεχῶς
1178 513 1236 567 τ’ὶ)
1261 514 1414 585 ὄμμα
1452 514 1688 587 διαῖρον·
1729 517 1825 571 καὶ
1855 517 1950 569 σὺν

2061 518 2380 595 extendens,
2439 534 2502 573 ac
2556 515 2897 572 miserabiles
2960 517 3313 588 0ppletosque
3383 520 3643 592 lacrymis

372 605 641 679 κλαυθμῷ
669 605 873 677 γοεράν
902 604 1002 676 τήν
1042 606 1230 676 φωνήν
1266 606 1578 674 ὲκπέμπον,
1614 607 1706 660 καὶ
1725 606 1826 674 τὴν
1859 623 1950 659 τε-

370 698 577 753 κοῦσαν
611 696 1082 768 ἀνακαλούμενον,
1106 698 1168 750 τὸ
1197 696 1372 761 πάθος
1403 697 1719 769 δημοσιεύει
1738 713 1753 727 °
1781 697 1811 751 δ
1834 698 1953 761 δέος

369 790 613 846 ἀπειλῶν
646 791 707 844 ού
760 788 1155 860 κατεσίγησεν·
1196 789 1319 844 οὐδὲ
1367 790 1476 843 τῶν
1523 789 1837 860 πολυτίμων
1884 789 1950 843 ἀν

367 902 455 949 τις
482 883 739 955 διδόμενα
784 881 919 955 [ιδῃ.
950 879 1267 954 διδόμενος]
1321 882 1391 935 τὰ
1414 881 1679 936 κάλλιστα
1710 897 1951 950 κατεμα-

367 974 630 1028 λάκισενο
663 973 753 1027 ἀεὶ
788 973 846 1027 δὲ
874 973 971 1027 τοῦ
1001 973 1337 1044 ζητουμένου
1368 973 1648 1044 ἐχόμενον,
1688 975 1827 1044 πρὸς
1855 973 1950 1025 ού-

366 1067 455 1122 δὲν
482 1066 591 1120 τῶν
623 1066 1060 1137 προτεινομένων
1102 1065 1493 1137 ἐπιστρέφεται
1516 1084 1530 1098 ·
1566 1065 1624 1119 ἓν
1655 1064 1810 1129 εἰδὼς
1838 1065 1951 1117 τῶν

373 1163 707 1232 συνεχόντων
741 1161 984 1233 ἀνιαρῶν
1040 1163 1355 1234 φάρμακον,
1389 1159 1451 1213 τὸ
1481 1154 1641 1222 αὖθις
1692 1159 1812 1220 τοῖς
1844 1175 1949 1227 μη-

366 1252 566 1325 τρῴοις
599 1254 896 1325 ὲπιφυῆναι
917 1254 1271 1326 σπλάγχνοις.
1306 1252 1458 1322 Αὕτη
1475 1253 1533 1305 δὲ
1556 1246 1649 1305 οὖν
1671 1253 1706 1323 ή
1731 1248 1949 1319 καθαρά

368 1346 570 1411 παντὸς
629 1348 796 1419 ήθους
836 1348 933 1401 καλ⁸
990 1347 1198 1411 πάθους
1235 1346 1618 1418 ἀνθρωπίνου,
1674 1344 1950 1409 ἀνάλωτος

370 1437 508 1495 οὖσα
537 1440 771 1505 τούτοις,
807 1442 902 1495 καὶ
936 1440 1247 1513 ὑψηλοτέρα
1290 1439 1390 1509 τῆς
1420 1438 1668 1507 ἀνάγκης
1717 1437 1817 1507 τῆς
1848 1436 1951 1507 φύ-

368 1551 529 1597 σεως,
582 1534 758 1587 οὐδενὶ
814 1532 1022 1586 τούτων
1069 1532 1172 1601 τῆς
1196 1531 1394 1602 ἡδονῆς
1427 1530 1767 1600 ἀπείραστον
1822 1528 1948 1583 νοῦν

365 1626 662 1695 ὑπεκλάπη
684 1643 698 1656 ο
733 1626 914 1679 καίτοι
948 1625 1050 1695 τῆς
1090 1622 1433 1686 διαστάσεως
1469 1621 1691 1693 χρονίας
1719 1637 1950 1691 γεγενη-

367 1719 558 1790 μένης,
593 1717 716 1771 οὐδὲ
753 1715 890 1789 πρὸς
917 1715 1130 1787 ταύτην
1159 1714 1380 1788 ἠνιάθη.
1413 1716 1513 1779 Τίς
1537 1713 1661 1778 νοῦς
1690 1711 1950 1783 καθαρώ-

363 1825 528 1871 τατος
562 1807 703 1880 πρὸς
747 1807 1017 1879 τοσαύτην
1067 1806 1334 1877 ἐλήλακεν
1360 1804 1630 1859 ἀπάθειαν
1658 1805 1715 1858 ὲν
1740 1802 1948 1857 τελειό-

2061 612 2251 667 oculos
2287 610 2547 665 continue
2580 609 2822 666 intentos
2845 624 2907 664 ac
2928 620 3145 680 apertos
3178 608 3405 677 habens,
3440 627 3503 667 ac
3520 630 3642 669 cum

2061 702 2187 758 ﬂetu
2230 720 2414 760 vocem
2446 703 2726 771 lugubrem
2763 703 3055 767 emitteus,
3099 720 3161 758 ac
3208 713 3439 759 matrem
3486 720 3645 762 revo-

2059 807 2206 858 cans,
2247 791 2695 861 palamodolorem
2729 791 2909 864 prodit
2949 808 2963 846 :
3011 809 3173 862 quem
3227 810 3324 851 nec
3369 795 3642 851 minarum

2058 882 2460 954 eompt'seuerit
2492 884 2673 945 timor,
2710 900 2810 940 nec
2840 885 3055 957 largitio
3091 882 3196 940 ulla
3248 886 3634 957 pulcherrima.

2060 990 2180 1030 rum
2217 992 2280 1031 ac
2299 976 2530 1046 ingentis
2554 978 2711 1046 pretii
2739 992 2918 1033 rerum
2947 976 3231 1032 emollierit
3263 996 3276 1032 :
3304 978 3643 1055 quinpotius

2060 1069 2130 1122 ita
2164 1078 2247 1123 est
2279 1079 2649 1140 comparatus,
2677 1078 2737 1125 ut.
2781 1085 3002 1141 semper
3037 1071 3270 1141 qumsito
3304 1059 3538 1139 haereus,
3572 1074 3640 1125 ad

2061 1158 2196 1212 nihil
2228 1171 2415 1213 eorum
2451 1170 2509 1214 se
2542 1166 2844 1225 convertat,
2870 1175 2990 1231 quae
3032 1159 3387 1215 demulcendo
3419 1169 3646 1232 prmten-

2060 1249 2299 1315 duntur;
2334 1250 2426 1319 qui
2470 1262 2660 1305 earum
2696 1265 2821 1320 qua:
2884 1250 3109 1305 molesta
3160 1250 3403 1307 alliciunt
3444 1267 3509 1307 ac
3558 1262 3646 1305 te-

2063 1349 2218 1405 nent,
2264 1343 2481 1395 unicum
2537 1342 2664 1396 illud
2720 1342 3020 1397 remedium
3067 1342 3230 1407 sciat,
3291 1348 3351 1399 ut
3385 1345 3649 1399 maternis

2058 1444 2276 1488 tersum
2314 1433 2614 1487 visceribus
2642 1435 3003 1488 adhaerescat.
3039 1431 3166 1488 llaec
3196 1442 3402 1499 autem,
3437 1433 3505 1488 ab
3543 1435 3637 1487 hu-

2058 1539 2224 1579 mana
2248 1525 2394 1581 omni
2429 1524 2821 1579 consuetudine
2851 1538 2914 1577 ac
2945 1522 3232 1577 ail‘ectioue
3260 1525 3482 1591 munda,
3511 1521 3646 1578 nihil

2060 1616 2128 1673 iis
2160 1624 2324 1683 tacta,
2377 1632 2442 1672 ac
2481 1622 2692 1672 natura!
2727 1618 3055 1672 necessitate
3084 1615 3389 1684 sublimior,
3433 1618 3506 1671 ita
3547 1618 3645 1672 ha-

2059 1706 2198 1772 buit,
2229 1716 2289 1762 ut
2322 1722 2509 1763 eorum
2555 1707 2723 1774 nullo,
2773 1707 3090 1778 inexpertus
3140 1704 3481 1780 voluptatum
3524 1712 3646 1777 pani-

2059 1813 2181 1854 mus
2206 1798 2608 1853 subducerettfr
2648 1817 2663 1854 :
2694 1815 2756 1854 ac
2786 1815 3101 1871 quanquam
3140 1802 3395 1856 diuturna
3433 1800 3530 1855 fuit
3558 1796 3646 1858 Se-

363 1917 514 1970 τητι,
548 1901 669 1953 οἵαν
699 1900 759 1952 ὲν
791 1899 1084 1970 νηπιότητι
1115 1896 1260 1967 αὕτη
1299 1896 1332 1968 ή
1367 1895 1709 1959 πανάσπιλος
1734 1893 1946 1948 ἐπεδεί-

2061 1893 2288 1965 iunctio,
2319 1892 2454 1949 nihil
2523 1902 2703 1949 tamen
2739 1909 2859 1949 eam
2901 1895 3135 1950 moleste
3185 1890 3326 1950 tulit.
3376 1886 3510 1962 Quis
3560 1895 3645 1951 Vel

364 1992 536 2058 ξατος
564 1991 701 2045 Ποία
731 1992 900 2062 ψυχὴ,
929 1990 1015 2055 τίς
1045 1989 1305 2059 λογισμὸς
1328 2030 1343 2055 ,
1375 1987 1505 2041 ποία
1532 1987 1743 2042 διάνοια
1780 1986 1950 2049 οὕτως

2061 1986 2383 2055 purissimus
2430 1984 2685 2051 animus,
2745 1983 2928 2041 adulta
2982 1986 3093 2056 jam
3147 2003 3211 2042 ac
3262 1998 3643 2057 consummata

364 2088 426 2138 ὲν
459 2086 621 2155 γήρει
663 2086 730 2154 τῇ
755 2082 863 2136 τῶν
892 2080 1078 2136 καλῶν
1101 2081 1303 2152 ἐκλογῇ
1333 2078 1393 2134 τὸ
1415 2081 1595 2151 χεῖρον
1625 2077 1951 2142 ἀπεδάλετο,

361 2177 443 2242 ὡς
482 2175 787 2247 ὲνσνεότητι
817 2174 991 2245 αὖτης
1023 2174 1159 2246 πρὸς
1194 2172 1302 2246 γὰρ
1330 2173 1392 2227 τὸ
1422 2170 1723 2244 ἀκρότατον
1749 2166 1956 2224 τούτων

363 2271 708 2340 ἀπήντησεν.

2058 2070 2238 2142 ietate,
2294 2078 2360 2132 ad
2398 2087 2603 2133 tantam
2661 2080 2839 2134 evasit
2878 2076 3224 2135 aﬂectionttm
3287 2079 3643 2143 vacuitatem,

2060 2176 2318 2240 quantam
2384 2170 2499 2226 haec
2552 2169 2855 2242 impolluta,
2912 2171 3039 2245 ipsa
3068 2168 3304 2227 infantili
3355 2170 3644 2226 ostendit?

2063 2260 2194 2328 Quae
2226 2263 2407 2317 anima
2430 2304 2446 2329 ,
2477 2278 2598 2334 qua:
2650 2265 2789 2319 ratio
2812 2306 2828 2332 ,
2855 2280 3044 2335 quaeve
3072 2280 3226 2322 meus
3249 2266 3330 2321 sic
3364 2267 3513 2335 gravi
3554 2278 3645 2319 se-

366 2370 584 2415 nectute
604 2362 833 2415 honesta
866 2358 1095 2428 eligens,
1120 2355 1263 2426 quod
1289 2355 1531 2411 deterius
1568 2362 1716 2409 esset
1738 2351 1956 2423 abiecit,
1996 2351 2074 2410 uti
2100 2353 2218 2411 haec
2249 2355 2425 2427 prima
2483 2353 2815 2427 iuventute?
2878 2349 3166 2426 Nimirum,
3195 2360 3263 2413 ad
3297 2359 3488 2415 horum
3510 2374 3645 2416 eva—

362 2459 513 2509 serat
541 2464 813 2504 summum
845 2450 1126 2502 verticem.

449 2542 606 2614 Ἐμοὶ
624 2542 682 2596 δὲ
718 2542 779 2596 οὐ
809 2541 1004 2595 τούτου
1031 2538 1190 2612 μόνον
1217 2539 1383 2595 ἓνεκα
1405 2532 1949 2610 ὓπερεκπλήττεσθαι

364 2636 681 2711 συμϐαίνει,
739 2635 882 2691 ἀλλὰ
916 2634 1010 2688 καὶ
1046 2632 1143 2686 τοῦ
1195 2634 1350 2705 ἀκμῇ
1387 2630 1644 2704 σώματος
1697 2629 1805 2709 τὴν
1845 2629 1955 2684 τῶν

362 2731 549 2788 eum
584 2729 747 2799 φύσιν
774 2726 1096 2799 ὑπεραίρειν
1135 2726 1233 2797 τὴν
1265 2726 1621 2798 καθαρότητα
1671 2726 1771 2799 τῆς
1812 2742 1954 2781 παν-

361 2823 602 2895 αμὼμου
622 2822 862 2893 Μαρίας.
891 2820 982 2889 Τῷ
1008 2810 1373 2891 γάρπροῖόντι
1396 2818 1494 2890 τῆς
1525 2818 1743 2890 ήλικίας
1767 2819 1827 2873 ού
1857 2817 1954 2887 μέ-

361 2932 441 2987 γα
469 2914 632 2968 τοῦτο
659 2913 878 2985 κριθείη
931 2910 1009 2982 τῷ
1058 2910 1348 2981 μυστηρίῳ
1401 2909 1949 2979 συγκαλυπτόμενον.

361 3009 481 3063 Καὶ
502 3006 558 3060 τί
591 3007 672 3061 δεῖ
704 3004 877 3076 μόνης
897 3003 1103 3074 ταύτης
1128 3001 1191 3056 τὸ
1218 3002 1618 3074 όινεπίστροφον
1649 3002 1786 3073 πρὸς
1818 3002 1948 3065 τοὺς

360 3100 606 3165 οἰκείους
639 3097 968 3171 θαυμάζειν,
997 3096 1163 3151 ὁπότ’
1185 3096 1252 3150 ἂν
1275 3098 1368 3149 καὶ
1415 3096 1543 3159 τοὺς
1562 3094 1733 3164 αὐτῆς
1758 3094 1951 3164 γεννή-

2129 2538 2262 2599 Mihi
2295 2552 2478 2598 autent
2505 2560 2610 2599 non
2645 2558 2709 2602 ea
2750 2554 2959 2623 tantum
2986 2555 3199 2603 ratione
3230 2562 3393 2618 supra
3427 2534 3647 2603 modum

2058 2635 2338 2703 admirari
2371 2651 2437 2691 ac
2461 2645 2683 2707 stupere
2702 2640 2871 2705 subit,
2894 2656 3080 2696 verum
3103 2642 3268 2698 etiam
3291 2644 3457 2712 quod,
3473 2643 3651 2714 primo

2057 2728 2238 2783 aetatis
2266 2724 2424 2797 ﬂore,
2450 2745 2515 2784 ac
2556 2729 2775 2799 vigente
2804 2747 3061 2801 corpore,
3099 2733 3270 2803 ipsam
3329 2735 3648 2806 incorpore—-

2057 2836 2242 2885 orum,
2272 2837 2335 2875 ac
2370 2823 2502 2877 nulli
2537 2833 2922 2879 concretorum
2959 2829 3223 2894 materiae,
3257 2837 3530 2896 naturam,
3562 2831 3649 2885 in-

2059 2910 2497 2970 temeratissima:
2527 2910 2714 2972 Maria:
2770 2917 2980 2989 puritas
3026 2929 3331 2989 superaret.
3379 2919 3648 2995 Processu

2064 3022 2300 3075 namque
2323 3004 2522 3074 aetatis,
2546 3006 2689 3063 haud
2712 3009 3006 3066 admodum
3028 3026 3283 3082 magnum
3301 3012 3353 3065 id
3372 3011 3645 3075 videatur,

2064 3096 2379 3179 obnubente
2416 3101 2697 3173 mysterio.
2734 3101 2871 3169 Quid
2906 3118 3037 3158 Vero
3068 3105 3233 3158 etiam
3271 3104 3458 3158 mirari
3485 3118 3650 3176 apor—

359 3211 532 3267 τορας
591 3195 651 3248 ἰν
715 3192 895 3262 τούτῳ
951 3187 1396 3261 μεγαλυνθέντας
1427 3185 1684 3258 ὁρῶμενς
1720 3185 1795 3240 Ού
1835 3183 1945 3256 γὰρ

2065 3198 2196 3256 teat,
2255 3204 2313 3246 ut
2364 3208 2427 3248 ea
2466 3193 2579 3250 sola
2636 3195 2770 3257 nihil
2821 3210 2881 3251 se
2908 3197 2984 3252 ad
3014 3206 3296 3266 cognatos
3351 3201 3646 3260 averterit;

359 3286 476 3341 οὐδ’
504 3285 661 3340 αὐτοὶ
689 3285 825 3356 πρὸς
852 3284 952 3353 τὴν
976 3280 1072 3334 τοῦ
1107 3279 1365 3349 φιλτάτου
1409 3278 1694 3333 διάστασιν
1740 3277 1950 3348 ήγανά-

363 3394 601 3449 κτησαν,
634 3377 756 3431 οὐδὲ
784 3375 855 3430 τὰ
883 3374 1129 3447 πατρικά
1155 3372 1592 3443 συνεκινήθησαν
1629 3368 1915 3441 σπλάγχνα
1934 3387 1949 3401 ο

359 3470 488 3528 οὐδὲ
512 3472 591 3541 τῷ
610 3470 821 3540 κέντρῳ
847 3471 946 3539 τῆς
975 3466 1194 3536 φύσεως
1213 3463 1663 3538 κατετρώθησαν,
1694 3462 1790 3517 καὶ
1813 3461 1953 3535 πρὸς

357 3566 465 3636 τὴν
500 3563 666 3618 παῖδα
690 3561 853 3617 πάλιν
880 3562 1048 3615 ἀναστ
1062 3559 1352 3634 ραφέντες,
1381 3557 1460 3630 τῷ
1492 3556 1716 3629 συνήθει
1746 3556 1953 3629 ταύτην

360 3656 808 3732 περιεπτύξαντο
832 3653 1001 3727 πόθῳ.

442 3941 518 3996 Οὐ
577 3940 839 4013 ῥημάτων
872 3935 937 3992 τὸ
978 3930 1076 4009 ἡδὺ
1113 3935 1207 3990 καλ⁸
1259 3930 1644 4006 δυσάρθρωτύν
1695 3930 1775 3996 είς
1817 3928 1954 4003 μνή-

363 4051 479 4106 μην
524 4031 700 4095 ἐλθὸν,
749 4031 845 4084 τὸν
892 4027 1157 4098 λογισμδν
1199 4026 1383 4089 αὐτοῖς
1432 4021 1819 4095 συνετάραξεν.
1858 4014 1951 4076 Ὀύ

360 4128 498 4191 θεας
556 4126 653 4178 καὶ
711 4121 999 4195 διατριϐῆς
1056 4121 1151 4176 καὶ
1214 4119 1441 4183 κάλλους
1503 4115 1853 4179 ἀνατύπωσις
1896 4117 1954 4170 ἐν

358 4220 443 4290 νῷ
482 4200 1012 4289 διαζωγραφηθέντα
1042 4255 1056 4278 ,
1117 4213 1214 4269 ἆτε
1244 4214 1302 4266 ὲν
1344 4209 1646 4266 ἀπολαύσει
1687 4209 1953 4279 πρότερον

358 4314 537 4379 ὄντα,
602 4311 962 4383 σφοδρότερον
1013 4306 1211 4371 αὐτοὺς
1281 4303 1496 4375 ἡνίασε.
1558 4299 1671 4356 Καὶ
1729 4300 1838 4372 γὰρ
1890 4300 1952 4353 ού

362 4407 446 4479 μή
506 4404 569 4458 τὸ
615 4401 1058 4476 προσγενόμενον
1106 4397 1351 4467 ἀγαθὸν,
1397 4391 1474 4458 ὡς
1530 4395 1593 4449 τὸ
1651 4389 1953 4466 ἀφαιρεθὲν

358 4499 428 4556 τὸ
460 4496 710 4566 λυπηρὸν
743 4494 920 4565 φέρει.
954 4491 1030 4544 Τὸ
1057 4489 1167 4561 γὰρ
1217 4489 1292 4560 μὴ
1320 4488 1378 4541 ὲν
1424 4484 1593 4559 πείρᾳ
1631 4485 1946 4556 γενόμενον,

2061 3287 2280 3356 quando
2325 3299 2380 3340 et
2410 3288 2582 3355 ipsius
2608 3299 2864 3358 parentes
2884 3305 2945 3344 ea
2983 3296 3137 3359 parte
3167 3289 3395 3359 gloriam
3420 3291 3648 3361 adeptos

2060 3370 2474 3446 conspicimus?
2501 3370 2636 3431 Nam
2664 3393 2734 3434 ne
2774 3375 2849 3432 illi
2874 3377 3093 3450 quidem
3131 3378 3439 3435 citatissimi
3469 3381 3649 3451 pigno-

2057 3468 2139 3524 ris
2190 3464 2582 3538 seiunetionem
2623 3470 2910 3527 molestius
2967 3471 3319 3527 habuerunt:
3354 3480 3517 3527 autve
3550 3488 3646 3541 pa-

2061 3564 2212 3615 t'erua
2249 3560 2461 3617 viscera
2520 3576 2587 3619 eo
2638 3572 2913 3619 commota
2965 3573 3094 3619 sunt
3133 3581 3149 3617 :
3190 3572 3287 3619 aut
3329 3562 3404 3618 illi
3440 3572 3646 3618 natura:

2059 3654 2284 3711 stimulo
2355 3654 2644 3719 vulnerati,
2700 3670 3029 3727 rursumque
3083 3655 3149 3710 ad
3211 3655 3449 3727 puellam
3512 3673 3648 3712 con-

2062 3749 2231 3816 versi,
2268 3745 2409 3820 quod
2469 3748 2636 3804 moris
2670 3759 2813 3816 erat,
2865 3764 2985 3805 eam
3034 3748 3305 3807 desiderio
3352 3750 3646 3821 amplcxati

2057 3849 2207 3895 sunt.

2138 3931 2285 3989 Nihil
2316 3928 2606 3991 verborum
2636 3935 2865 3991 necdum
2888 3934 3026 3990 satis
3056 3934 3435 3991 distinctorum
3467 3935 3643 3991 dulcia

2059 4024 2457 4081 balbutimenta
2508 4029 2562 4081 in
2599 4027 2939 4082 memoriam.
2977 4037 3250 4092 revocata,
3289 4041 3478 4083 eorum
3513 4044 3648 4095 con-

2028 4116 2035 4123 ’
2064 4120 2355 4174 turbarunt
2388 4118 2600 4175 animos
2627 4135 2641 4171 :
2674 4133 2780 4173 nou
2819 4128 3091 4193 aspectus,
3120 4135 3415 4189 morteque,
3447 4136 3507 4176 ac
3530 4136 3650 4188 spe-

2060 4208 2163 4265 ciei
2217 4204 2532 4267 informatio
2599 4220 2780 4267 mente
2836 4212 3072 4271 ha:retts,
3112 4211 3458 4281 obiectaque,
3501 4213 3648 4268 velut

2060 4318 2249 4357 eorum
2311 4317 2542 4371 quorum
2603 4303 2755 4372 prius
2810 4311 3089 4370 rootpotes
3127 4302 3382 4372 fuissent,
3426 4305 3649 4375 gravius

2059 4389 2427 4448 contristavit.
2466 4392 2652 4462 Neque
2679 4396 2823 4448 enim
2870 4394 3095 4463 perinde
3138 4396 3425 4450 molestum
3460 4408 3519 4451 ut
3549 4399 3647 4453 bo-

2066 4502 2197 4540 num
2227 4502 2334 4540 non
2360 4487 2607 4553 accedat,
2642 4497 2806 4556 atque
2859 4498 2917 4540 ut
2949 4487 3079 4540 illttd
3126 4488 3429 4543 auferatur.
3479 4486 3650 4559 Cujus

360 4595 427 4646 ὲν
456 4573 726 4659 ὲπιθυμίᾴ
754 4587 853 4656 τὴν
880 4584 1074 4654 κτῆσιν
1105 4583 1219 4653 ἔχει
1238 4597 1253 4611 ο
1290 4578 1366 4650 τῷ
1396 4578 1454 4632 δὲ
1488 4578 1704 4650 τυχόντι
1730 4581 1788 4632 ὲν
1816 4579 1950 4631 ἀπο-

2066 4580 2212 4633 enim
2253 4580 2635 4647 experimento
2687 4588 2904 4650 gustum
2972 4593 3078 4632 non
3136 4577 3387 4644 fecimus,
3442 4579 3561 4648 ejus
3593 4582 3648 4652 in

358 4680 554 4737 λαύσει
605 4676 894 4748 γενέσθαι,
948 4677 1046 4730 σὺν
1090 4675 1157 4743 τῇ
1190 4670 1542 4743 ἀποὸολῇσδ
1570 4670 1951 4739 ἀλγεινότερον

362 4773 654 4846 προξενεῖο
679 4771 775 4825 καὶ
807 4768 1069 4839 μάλιστα,
1087 4758 1163 4821 ὧν
1192 4764 1325 4837 ἡμῖν
1355 4762 1482 4835 περὶ
1504 4758 1697 4815 πολλοῦ
1728 4761 1761 4832 ἡ
1789 4776 1954 4830 φρον-

360 4869 454 4932 τὶς
480 4865 813 4934 καθέστηκε,
836 4862 1046 4917 τούτων
1065 4863 1130 4915 ἐκ
1149 4859 1471 4932 περιουσίας
1493 4860 1526 4930 ή
1551 4855 1760 4929 ἀθυμία
1786 4851 1954 4909 ἀπόν-

362 4979 476 5017 των
510 4959 890 5033 προσγίνεται.
1096 5016 1101 5021 ,
1662 5009 1681 5017 _
1916 4962 1919 4971 ‘

439 5146 602 5210 Είκδς
633 5143 728 5199 οὖν
782 5143 831 5196 εἰ
864 5140 1002 5215 πρὸς
1041 5139 1202 5195 τοῦτο
1236 5134 1620 5210 ἐδυσχέραινον
1650 5134 1701 5190 ei
1730 5133 1950 5196 δίκαιοι,

355 5242 597 5313 Θὰτερον
650 5237 830 5292 αὐτῶν
859 5233 935 5307 τῷ
968 5230 1143 5305 ἒτέρῳ
1179 5227 1405 5287 τοιῶσδε
1445 5227 1805 5303 προσομιλεῖν
1831 5242 1844 5257 ·
1889 5221 1956 5280 Τί

357 5343 401 5409 ἡ
424 5335 532 5392 τῶν
560 5330 772 5387 πολλῶν
794 5330 1034 5401 δεήσεων
1060 5328 1194 5397 ἡμῖν
1228 5326 1564 5395 συνήνεγκεν
1592 5319 1864 5391 ὲπιμονή;
1889 5314 1955 5372 Τί

365 5427 480 5485 τῶν
492 5423 929 5499 μονιμωτέρωνή
956 5418 1048 5475 τοῦ
1069 5418 1206 5473 Θεοῦ
1229 5414 1705 5490 ὲγκατ[αλ]έλοιπε
1731 5411 1912 5483 δωρεά
1936 5429 1952 5479 ;

361 5522 508 5591 Τίςὴ
534 5520 627 5588 τῆς
646 5517 834 5579 ὠδῖνος
850 5513 1036 5585 ὄνησις
1057 5529 1072 5575 ς
1092 5509 1236 5582 Τίςή
1259 5509 1355 5580 τῆς
1378 5508 1565 5572 παιδλς
1588 5504 1916 5578 παραμυθία
1938 5522 1952 5571 ;

362 5610 454 5666 τὰ
472 5609 571 5680 τῆς
598 5605 946 5676 τεκνογονίας
985 5604 1326 5679 χαρίσματα,
1362 5600 1463 5654 ούκ
1491 5600 1550 5652 ὲν
1587 5599 1708 5662 ταῖς
1734 5598 1916 5652 ὠδῖσιν
1938 5638 1952 5661 ,

365 5700 489 5756 ἀλλ’
519 5701 579 5754 ὲν
602 5702 728 5762 ταῖς
756 5696 1001 5768 ἡλικίαις
1057 5695 1158 5765 τήν
1189 5694 1487 5748 ἀπόλαυσιν
1515 5689 1650 5761 ἔχει·
1691 5690 1870 5744 πόνων
1893 5706 1954 5742 τι

365 5772 720 5865 παράκλησις
747 5792 805 5843 ὲν
827 5787 1007 5860 καιρῷ
1030 5787 1266 5856 γίνεται,
1289 5786 1381 5840 καὶ
1404 5781 1724 5855 προσδοκίας
1747 5779 1956 5854 ἐκπλήο

362 5903 572 5964 ptume,
621 5884 717 5939 καὶ
768 5881 987 5954 διαδοχὴ
1037 5882 1135 5949 τῆς
1172 5881 1278 5934 τῶν
1310 5877 1644 5945 ἐνεγκόντων
1694 5875 1946 5945 εὐλογὲχς

735 5980 1003 6042 Ριτιιοι..
1045 5980 1159 6044 (ιιι.
1195 5977 1263 6038 C.

2060 4673 2361 4744 cupiditate
2390 4673 2665 4743 possessio
2695 4683 2779 4726 est
2816 4691 2829 4726 :
2865 4674 2916 4726 id
2967 4684 3147 4728 autem
3182 4689 3292 4744 quo
3318 4675 3431 4744 jam
3468 4677 3648 4745 potie-

2040 4768 2278 4841 .bamur,
2316 4783 2443 4822 cum
2479 4768 2776 4824 amissione
2808 4770 3040 4838 amplius
3087 4770 3216 4839 quid
3266 4769 3332 4827 ad
3374 4769 3649 4823 tristitiam

2036 4863 2323 4933 timpurtat
2353 4881 2367 4917 :
2402 4880 2465 4916 ac
2514 4863 2773 4926 maxime,
2808 4864 2875 4920 iis
2929 4865 3248 4920 absentibus
3284 4879 3515 4935 quorum
3534 4862 3654 4933 fuit.

2066 4956 2364 5026 impensior
2396 4974 2550 5033 cura,
2591 4958 2750 5029 longe
2811 4958 2967 5027 nobis
3020 4959 3236 5016 auctior
3264 4958 3524 5013 mestitia
3556 4972 3651 5011 ae-

2064 5044 2230 5102 cedit.
2634 5114 2639 5119 .
2728 5110 2734 5119 ,

2145 5136 2286 5217 Vero
2312 5154 2549 5213 namque
2582 5139 2761 5194 simile
2793 5149 2898 5203 est.
2945 5150 3002 5194 ut
3034 5139 3168 5208 justi
3195 5139 3475 5197 molestius
3497 5139 3655 5197 tulis—
3724 5158 3737 5201 ε.

2065 5239 2209 5298 seut,
2262 5230 2315 5285 in
2372 5231 2491 5286 haec
2547 5232 2659 5286 iure
2705 5232 2867 5286 verba
2909 5242 3164 5303 mutuum
3194 5248 3256 5287 se
3294 5233 3651 5299 allocuturos,

2065 5324 2204 5390 Quid
2264 5324 2544 5378 enimvero
2605 5324 2836 5377 contulit
2879 5324 3057 5392 nobis,
3104 5325 3513 5389 multarumilla
3537 5341 3657 5383 ora-
3731 5324 3737 5335 ⁴

2070 5417 2272 5470 tionum
2312 5417 2655 5472 constantia?
2703 5417 2847 5485 Quid
2889 5419 2978 5472 Dei
3017 5434 3219 5474 munus
3255 5419 3509 5474 stabilius
3563 5435 3650 5473 re-

2048 5498 2270 5580 ;liqnit?
2305 5511 2446 5576 Quid
2475 5520 2664 5581 partus
2699 5510 2877 5581 juvit?
2916 5508 3175 5578 Quantam
3207 5511 3376 5583 prolis
3404 5511 3659 5567 consolan

2070 5603 2142 5656 tio
2165 5603 2192 5656 ἲ
2221 5602 2596 5658 Fecunditatis
2623 5605 2790 5667 dona,
2828 5619 2935 5660 non
2968 5606 3223 5675 inpartu,
3262 5605 3360 5661 sed
3388 5605 3442 5660 in
3474 5607 3656 5660 aetati-

2069 5695 2171 5751 bus
2203 5696 2438 5751 l‘rurtnm
2465 5696 2666 5752 habent
2704 5716 2718 5752 ι
2749 5698 3108 5769 laborumque
3142 5697 3392 5754 levamen
3413 5710 3657 5770 congruo

2075 5800 2319 5858 tempore
2355 5788 2596 5855 exsistit,
2629 5806 2695 5844 ac
2716 5789 3141 5858 exstteetationls
3169 5788 3449 5860 impletin;
3481 5802 3657 5857 eoque

2070 5879 2467 5935 benedictionis
2493 5892 2780 5950 parentum
2811 5892 3160 5952 exspectatur
3180 5881 3458 5938 successio
3497 5900 3508 5935 :
3548 5894 3659 5934 nov

3192 5975 3271 6038 Ιιθ
