4060 6442
496 371 628 441 1451

1630 359 1952 424 GEORGII
1991 355 2592 420 NICOMEDIENSIS

3641 348 3784 410 1452

494 489 579 544 bis
608 496 736 540 vero
781 480 911 550 quid
943 477 1208 550 ejusmodi
1242 475 1310 533 ad
1362 473 1613 532 solatium
1652 473 1917 543 reliquum
1952 479 2071 537 est;

2197 468 2480 533 ιλπίζεται.
2515 467 2678 539 Ὑμῖν
2699 465 2754 520 δὲ
2805 465 2858 519 τί
2899 463 3141 520 τοιοῦτον
3165 464 3275 518 τῶν
3296 462 3787 534 ψυχαγωγούντων

493 577 692 649 quibus
728 573 881 628 labor
920 573 1240 634 immensus,
1276 583 1508 640 spesque
1536 567 1768 623 obscura
1802 579 1867 619 ac
1901 562 2080 634 inanis

493 665 676 722 cedit?
1596 707 1603 716 .

570 755 772 826 Utique
802 767 902 824 par
939 761 1096 818 erat,
1147 759 1207 812 ut
1258 748 1390 820 justi
1444 747 1574 802 talia
1623 745 1964 818 loqueretur,
2022 753 2081 800 ut

499 851 646 921 passi
693 847 930 902 fuissent
982 845 1283 899 humanum
1337 840 1564 912 aliquid.
1594 838 1798 896 Verum
1829 839 2083 898 omnibus

495 942 583 998 his
614 937 926 1010 superiores
960 934 1160 1000 eﬁecti,
1199 949 1264 989 ac
1300 942 1556 1002 tanquam
1588 939 1836 1010 tenerent
1879 930 1933 985 in
1959 943 2080 984 ma-

499 1035 662 1090 nibus
686 1008 854 1102 quam
891 1029 1003 1086 Deo
1038 1027 1388 1092 obtulissent,
1433 1008 1635 1082 nedum
1689 1022 1836 1078 nulla
1880 1021 2082 1077 emise-

497 1136 629 1182 runt
656 1126 840 1192 verba,
867 1120 1036 1177 animi
1064 1120 1382 1176 maestitiam
1408 1115 1744 1184 indicantia;
1766 1115 1894 1185 quin
1914 1114 2081 1170 etiam

503 1218 805 1289 gratiarum
831 1213 1067 1270 actionis
1091 1225 1372 1268 sermones
1401 1211 1613 1266 sincere
1637 1208 2081 1280 praetenderant;

501 1320 563 1364 ut
592 1311 685 1379 qui
722 1309 932 1364 fructus
970 1305 1239 1376 ejusmodi
1302 1303 1404 1375 ipsi
1458 1313 1715 1374 parentes
1749 1306 1931 1356 essent
1972 1314 1988 1351 :
2026 1304 2085 1350 ut

499 1401 593 1470 qui
624 1399 737 1454 Deo
763 1413 898 1453 suas
935 1402 1355 1452 consecrassent
1381 1391 1653 1463 primitias
1681 1407 1694 1445 :
1732 1399 1789 1442 ut
1819 1387 1911 1457 qui
1939 1386 2082 1441 intra

496 1491 687 1547 sancta
738 1502 937 1544 novum
975 1486 1162 1540 virens
1190 1497 1412 1555 germen
1451 1480 1783 1536 intulissent.

580 1584 623 1634 0
649 1581 926 1651 justorum
954 1575 1217 1647 praeclare
1244 1583 1524 1644 acceptam
1555 1569 1822 1627 hostiam!
1853 1565 1899 1621 0
1928 1565 2084 1620 obla-

498 1677 706 1730 tionem
732 1670 922 1726 mundi
949 1669 1150 1723 factam
1185 1662 1575 1734 redemptionis
1615 1661 1847 1733 pretium
1873 1661 1887 1712 l
1916 1657 1962 1712 0
1987 1657 2086 1712 bo-

501 1781 628 1821 nam
658 1763 895 1818 radicem
921 1775 986 1814 ex
1016 1775 1122 1828 qua
1151 1757 1414 1829 optimum
1437 1754 1563 1812 illud
1588 1766 1809 1824 germen
1845 1747 2079 1820 prodiit!

495 1857 833 1926 Quibusnam
883 1825 1065 1910 verbis
1103 1825 1352 1905 Joachim
1401 1857 1458 1902 et
1506 1850 1722 1900 Annam
1772 1839 2083 1897 dilaudem?
2117 1825 2157 1879 Β

502 1949 712 2016 Quibus
744 1945 1121 2000 encomiorum
1154 1939 1380 1995 ﬂoribus
1435 1951 1623 1994 eorum
1653 1935 1799 1990 varie
1829 1947 2089 1989 coronam

496 2040 866 2099 intertexam‘l
898 2037 1103 2105 Quibus
1140 2031 1586 2105 cogitationibus,
1621 2029 1763 2100 quod
1798 2027 1962 2081 animi
1998 2040 2091 2081 co-

501 2134 673 2206 gitatu
693 2131 842 2189 omni
870 2129 1044 2200 majus
1056 2136 1161 2192 est,
1187 2139 1376 2181 eorum
1403 2121 1726 2178 miraculum
1747 2116 2084 2189 conjectem‘l

499 2224 797 2282 Enimvero
853 2221 983 2293 quid
1037 2233 1350 2275 sermonum
1415 2213 1565 2270 varia
1620 2210 1947 2283 compositio
1981 2209 2090 2266 illis

501 2317 753 2374 conferre
792 2312 1006 2386 possit?
1054 2325 1283 2380 quorum
1319 2307 1491 2379 gloria
1524 2321 1587 2360 ac
1621 2319 1844 2370 corona,
1903 2303 2083 2372 ipsum

500 2408 763 2480 sit,quod
789 2408 856 2462 ab
908 2406 989 2460 eis
1015 2403 1216 2474 prodiit
1244 2401 1498 2470 gaudium
1537 2416 1550 2453 :
1581 2411 1817 2466 quorum
1844 2395 2090 2450 exsulta-

512 2503 589 2556 tio
615 2511 776 2570 atqne
815 2497 1087 2569 gloriatio,
1125 2495 1432 2549 communis
1461 2492 1689 2546 exsistat
1711 2490 1928 2544 humani
1957 2488 2091 2542 lasti-

505 2594 580 2649 tia
609 2591 828 2664 generis
865 2589 1101 2659 :qnibus
1155 2586 1428 2657 pretiosus
1481 2583 1738 2648 mundus,
1794 2583 1941 2636 omni
1999 2580 2091 2637 illa

497 2687 677 2757 pretio
713 2682 887 2752 major
940 2679 1128 2750 Virgo,
1162 2679 1410 2747 adjaceat
1444 2694 1458 2730 :
1494 2676 1815 2746 praeclarum
1851 2673 1980 2728 illud
2025 2687 2092 2728 ac

495 2778 793 2850 gloriosum
851 2774 1136 2841 diadema;
1190 2772 1344 2826 laetus
1398 2769 1490 2824 ille
1553 2783 1618 2822 ac
1670 2765 1825 2822 multi
1858 2765 2086 2820 luminis

499 2870 791 2942 splendor;
853 2867 1066 2922 micans
1126 2865 1237 2932 ille,
1294 2863 1445 2918 radio
1505 2861 1656 2918 omni
1707 2859 1937 2915 lucidior
2000 2874 2090 2913 ra-

451 2979 456 2986 '
503 2964 646 3018 dins.
682 2959 809 3016 llaec
844 2974 976 3016 sane
1006 2957 1357 3014 ornatissima
1390 2955 1496 3010 illis
1526 2953 1766 3009 laudatio
1795 2961 1910 3018 est;
1941 2951 2088 3016 hace,

394 3082 405 3133 ξ
496 3058 603 3114 illis
653 3070 924 3127 congruos
973 3055 1172 3117 decor;
1217 3047 1573 3116 haec,diviti:e
1603 3043 1998 3108 inaul‘eribiles,
2033 3043 2088 3096 in

497 3151 692 3206 saecula
726 3147 934 3202 inlinita
968 3145 1192 3200 uberem
1236 3139 1519 3196 aliinentes
1551 3137 1783 3207 copiam.
1828 3135 1872 3187 ί)
1901 3151 2087 3190 eorum

393 3231 426 3284 ‘7'
498 3243 872 3313 adeptionem,
902 3252 965 3292 ac
997 3237 1215 3306 impleta
1258 3243 1383 3288 vota
1413 3232 1426 3286 l
1459 3230 1504 3286 Ο
1539 3231 1790 3285 virtutem
1822 3229 2088 3298 ejusmodi

502 3336 712 3388 fructus
775 3327 1093 3401 parentem!
1131 3326 1298 3380 Plane
1355 3323 1444 3378 ille
1508 3325 1698 3394 ingens
1743 3337 1806 3378 ac
1877 3337 2094 3378 onmem

500 3439 767 3496 superans
817 3421 1078 3477 fructum.
1110 3417 1243 3473 Cum
1273 3430 1402 3488 ergo
1433 3415 1508 3470 illi
1568 3416 1702 3471 tales
1753 3425 1935 3470 essent
1961 3430 2094 3485 qua-

495 3519 579 3574 lus
622 3517 861 3574 ostendit
895 3529 1096 3578 sermo,
1130 3509 1258 3580 quid
1290 3509 1488 3564 frustra
1520 3523 1733 3577 qua-ras
1764 3507 2094 3580 degenerine

500 3609 781 3682 proposito
811 3621 1030 3661 recessu
1068 3621 1097 3658 a
1129 3603 1237 3657 lilia
1266 3599 1576 3656 doluerint?

571 3700 669 3755 llla
698 3714 886 3770 porro,
920 3695 1164 3766 angelica
1194 3695 1319 3748 vitae
1353 3693 1564 3747 ratione
1591 3693 1879 3748 diuturnas
1909 3711 2094 3752 moras

497 3800 694 3862 agente
722 3793 775 3843 in
819 3787 1038 3856 templo,
1095 3784 1246 3839 affuit
1300 3793 1515 3854 tempus
1572 3787 1718 3854 quod
1779 3786 2094 3842 mulieribus

505 3899 538 3938 a
566 3881 744 3938 sacris
771 3878 1154 3934 abstinendum
1176 3878 1552 3943 denuntiaret;
1573 3877 1790 3947 quando
1817 3877 1952 3932 nihil
1980 3887 2094 3933 tute

499 3973 786 4032 silentibus
816 3969 1040 4036 Judzeis,
1099 3969 1331 4041 populus
1377 3970 1665 4025 consilium
1700 3970 1845 4036 iniit,
1883 3982 1940 4024 ut
1971 3980 2094 4025 tan-

499 4080 660 4135 quam
700 4056 863 4118 unam
896 4077 960 4118 ex
995 4062 1265 4117 universis
1310 4075 1430 4116 eam
1481 4077 1510 4115 a
1543 4061 1743 4132 templo
1784 4073 2088 4118 arcerent:

499 4154 679 4209 aliene
711 4162 861 4210 certe
895 4168 925 4208 a
981 4154 1219 4218 ratione,
1257 4167 1361 4208 nec
1407 4160 1624 4208 maturo
1655 4154 1932 4209 examine.
1981 4153 2090 4211 Nec

500 4249 644 4306 cnim
664 4251 772 4318 jam
793 4248 1102 4304 sanctitatis
1131 4246 1249 4315 ejus
1273 4245 1594 4300 miraculum
1655 4245 1926 4301 occultum
1951 4257 2088 4302 erat.

499 4341 645 4399 Vere
676 4357 913 4412 namque
941 4342 1222 4398 aestimans
1250 4349 1406 4411 puto,
1439 4339 1617 4395 nullas
1654 4355 1891 4408 unquam
1927 4351 2088 4394 natu-

500 4437 643 4491 rales
669 4429 860 4491 sordes
883 4437 936 4488 in
969 4435 1328 4489 nmndissimo
1355 4432 1472 4502 ejus
1533 4447 1761 4502 corpore
1790 4433 2092 4503 deprehen-

2187 559 2548 629 παρέμεινεν,
2607 552 2687 622 οἷς
2714 559 2741 611 6
2772 557 2935 620 πόνος
2980 557 3234 628 ἄπειρος,
3269 555 3365 609 καὶ
3395 559 3454 608 ὲν
3485 557 3692 625 ἀφανεῖ
3719 555 3787 607 τὰ

2181 653 2283 723 τῆς
2311 650 2524 714 ἐλπίδος
2553 653 2733 704 κεῖται
2751 667 2766 717 ;

2255 742 2498 798 Τοιαῦτα
2524 743 2671 806 είκδς
2703 737 2772 813 ἦν
2821 741 2949 804 τοὺς
2979 740 3225 803 δικαίους
3257 739 3469 808 λέγειν,
3506 739 3678 809 εἴπερ
3727 757 3790 792 τι

2182 835 2294 891 τῶν
2350 835 2712 907 ἀνθρωπίνων
2741 834 3006 904 ἔπασχον.
3049 832 3223 886 ’Ἅλλά
3267 833 3478 885 τούτων
3513 833 3790 885 ἁπάντων

2183 925 2443 996 ὑπεράνω
2475 924 2782 994 γενόμενοι,
2807 923 2902 976 καὶ
2932 923 3008 985 ὡς
3031 923 3090 975 ὲν
3109 921 3298 992 χερσὶν
3323 917 3495 975 οὖσαν
3527 921 3630 992 τὴν
3658 922 3788 990 Θεῷ

2182 1017 2543 1073 ἀνατεθεῖσαν
2575 1015 2922 1086 κατέχοντες,
2954 1013 3015 1066 οὐ
3075 1013 3237 1084 μόνον
3266 1013 3335 1067 τά
3392 1014 3492 1083 τῆς
3534 1014 3786 1084 ἀθυμίας

2183 1111 2524 1166 ἀπεϐάλοντο
2558 1111 2804 1182 ῥήματα,
2835 1108 2975 1162 ἀλλά
3006 1108 3102 1162 καὶ
3126 1109 3256 1172 τοὺς
3285 1107 3388 1178 τῆς
3414 1108 3786 1182 εὐχαριστίας

2183 1203 2498 1274 εἰλικρινῶς
2541 1203 2856 1272 προέτεινον
2878 1203 3074 1272 λόγους
3101 1217 3115 1232 ·
3145 1201 3222 1266 ὡς
3243 1201 3509 1272 τοιαύτης
3533 1203 3784 1275 αὐτουρ-

2185 1300 2274 1368 γοὶ
2305 1297 2687 1370 καρποφορίας
2731 1295 3024 1365 γεγονότες
3047 1309 3061 1322 ’
3102 1293 3177 1358 ὠς
3208 1292 3308 1365 τὴν
3344 1293 3487 1347 ἰδίαν
3515 1294 3787 1364 ἀπαρχὴν

2184 1388 2593 1459 ἀφιερώσαντες
2631 1386 2710 1458 τῷ
2741 1387 2892 1459 Θεῷ’
2917 1387 2992 1450 ὼς
3040 1385 3190 1439 ἔνδον
3220 1385 3330 1439 τῶν
3359 1379 3534 1454 ἁγίων
3564 1385 3625 1439 τὸ
3659 1403 3784 1439 νεο-

2185 1481 2346 1544 θαλὲς
2377 1481 2700 1552 ἀναθέμενοι
2735 1478 2938 1550 βλάστη
2949 1496 3044 1550 μα.

2257 1574 2321 1627 ’Ὠ
2339 1572 2568 1627 δικαίων
2590 1571 3141 1643 ύπερευπροσδέκτου
3174 1571 3370 1635 θυσίας
3399 1571 3414 1625 ι
3446 1572 3492 1624 ὣ
3522 1587 3787 1642 προσφο-

2189 1666 2288 1736 ρᾶς
2309 1663 2625 1736 ἀντίλυτρον
2651 1663 2746 1718 τού
2787 1663 2998 1733 κόσμου
3043 1663 3445 1734 άνατεθείσηςί
3481 1663 3530 1718 ὣ
3559 1664 3792 1735 ἀγαθῆς

2186 1759 2348 1832 ῥίζης
2378 1757 2735 1828 ἀγαθώτατον
2763 1756 3089 1829 ὲκφυσάσης
3118 1757 3389 1828 βλαστόνι
3428 1759 3588 1813 Τίσιν
3625 1761 3792 1815 Ἰωα-

2192 1851 2326 1920 κε“ιμ
2351 1851 2449 1904 καὶ
2483 1852 2685 1904 Ἅνναν
2708 1850 2986 1904 ἐπαινέσω
3016 1850 3128 1913 τοῖς
3156 1850 3374 1918 λόγοις;
3401 1851 3588 1915 Ποίοις
3613 1855 3790 1923 ἔγκω-

2199 1944 2340 2014 μίων
2385 1942 2575 1997 ἄνθεσι
2642 1943 2736 1996 τὸν
2779 1943 2987 1997 τούτων
3034 1942 3418 1997 καταποικιλῶ
3477 1945 3795 2014 στέφανονς

2193 2036 2384 2099 Ποίαις
2403 2035 2633 2099 ἐννοίαις
2648 2035 2707 2088 τὺ
2719 2036 2862 2106 ὑπὲρ
2876 2036 3084 2090 ἔννοιαν
3101 2035 3286 2091 αὐτῶν
3305 2039 3795 2109 καταστοχάσομαι

2195 2129 2382 2200 θαῦμα
2411 2127 2605 2194 ;’Δλλά
2626 2129 2677 2180 τί
2694 2127 2906 2192 τούτοις
2937 2128 3097 2200 ἡτῶν
3119 2129 3296 2198 λόγων
3333 2134 3796 2198 συνεισενεγκεῖν

2193 2221 2488 2292 δυνήσεται
2552 2219 2839 2286 ποικιλία;
2894 2215 2974 2283 οἷς
3013 2220 3142 2284 δόξα
3189 2221 3286 2274 καὶ
3325 2220 3617 2290 στέφανος,
3651 2221 3798 2282 αὕτη

2195 2311 2536 2382 καθέστηκεν
2564 2313 2597 2382 ἡ
2627 2311 2685 2378 ἐξ
2714 2312 2896 2365 αὐτῶν
2921 2311 3270 2383 προελθοῦσα
3294 2312 3444 2383 χαρά
3463 2329 3478 2344 ·
3508 2305 3598 2377 οἷς
3622 2313 3784 2382 ἀγαλ⁹

2194 2405 2368 2472 λίαμα
2402 2405 2498 2457 καὶ
2531 2403 2990 2474 ὲγκαλλώπισμα,
3031 2406 3064 2476 ἡ
3096 2406 3253 2474 κοινή
3289 2408 3409 2458 ὲστι
3454 2405 3552 2458 τοῦ
3600 2407 3800 2474 γένους

2196 2495 2506 2568 εὐφροσύνη
2534 2511 2548 2524 ·
2585 2491 2672 2560 οἷς
2707 2496 2914 2568 κόσμος
2943 2498 3128 2569 τίμιος
3167 2498 3504 2569 περίκειται,
3539 2501 3574 2570 ἡ
3606 2499 3795 2568 πάσης

2191 2589 2362 2660 τιμῆς
2396 2589 2646 2662 ἀνωτέρα
2701 2589 3008 2660 Ιίαρθένος·
3064 2589 3127 2643 τδ
3154 2590 3410 2662 λαμπρὸν
3438 2591 3538 2645 καί¹
3569 2592 3796 2664 περίδο-

2196 2680 2284 2749 ξον
2315 2681 2556 2754 διάδημα
2575 2697 2588 2710 ο
2629 2681 2693 2735 τὸ
2720 2681 2947 2752 φαιδρὸν
2976 2682 3076 2736 καὶ
3111 2683 3434 2752 πολύφωτον
3461 2684 3749 2754 ἀγλάϊσμα
3772 2701 3791 2717 ο

2192 2773 2253 2827 τὸ
2287 2773 2471 2844 πάσης
2517 2773 2863 2844 λαμπηδόνος
2899 2775 3297 2846 φωτεινότερον
3342 2775 3581 2846 ἓξαλμα.
3635 2776 3790 2846 Ᾱῦτη

2192 2868 2258 2938 δή
2288 2869 2435 2921 ἐστιν
2468 2865 2746 2938 ἐγκώμιον
2778 2866 2962 2930 αὐτοῖς
3002 2867 3382 2939 ύπερκόσμιον
3403 2886 3416 2899 ο
3452 2868 3594 2940 αὕτη
3627 2886 3792 2941 περι-

2192 2960 2364 3024 δέξιος
2404 2961 2588 3023 αὐτοῖς
2621 2959 2959 3031 εὐπρέπεια·
2992 2959 3134 3030 αὕτη
3177 2960 3413 3025 πλοῦτος
3460 2964 3650 3026 αὐτοῖς
3695 2965 3796 3016 ἀν-

2191 3052 2528 3122 αφαίρετος,
2581 3053 2662 3114 είς
2704 3051 3048 3122 ἀπεράντους
3103 3051 3309 3116 αίῶνας
3371 3054 3652 3127 ἐπιρρέων
3691 3056 3798 3122 τὴν

2116 3177 2160 3236 C
2198 3144 2478 3214 ἀφθονίαν.
2502 3141 2570 3196 Ὢ
2595 3143 2694 3216 τῆς
2721 3143 2929 3198 τούτων
2959 3143 3342 3226 ὲπιτυχίαςίῶ
3372 3147 3579 3217 ἀρετῆς
3605 3148 3798 3200 toruo-

2199 3254 2297 3301 τας
2325 3238 2422 3300 τάς
2449 3234 2452 3237 ’
2482 3237 2822 3308 ἐπικαρπίας
2854 3237 3278 3308 συγκομισάσης
3307 3237 3318 3289 l
3345 3239 3540 3308 Μέγας
3595 3240 3798 3302 ὅντως,

2200 3332 2297 3385 καὶ
2332 3331 2513 3402 πάσης
2545 3331 2808 3384 ἐπέκεινα
2836 3329 3248 3399 καρποφορίας.
3281 3329 3580 3395 Τοιούτους
3612 3332 3797 3384 τοίνυν

2197 3423 2422 3487 τούτους
2447 3423 2634 3487 θντας,
2663 3422 2811 3486 οἴους
2842 3425 2870 3476 6
2901 3422 3061 3490 λόγος
3091 3421 3365 3488 ὑπέδειξε,
3385 3423 3437 3474 τί
3470 3423 3549 3476 δεῖ
3584 3419 3799 3486 διερευ-

2197 3514 2296 3585 νᾷν
2343 3515 2393 3567 εί
2441 3512 2686 3581 ἀγεννῶς
2730 3515 2828 3577 τάς
2853 3511 3031 3584 ψυχάς
3063 3511 3141 3583 τῷ
3172 3512 3444 3584 χωρισμῴ
3472 3511 3570 3581 τῆς
3599 3510 3798 3573 παιδις

2197 3606 2554 3676 ὠδυνήθησαν
2584 3621 2600 3670 ;
2950 3597 2955 3602 ’

2267 3697 2748 3768 Χρονοτριὸούσης
2794 3692 2888 3751 οὖν
2937 3697 3108 3768 αὐτῆς
3155 3694 3591 3765 ἀγγελοπρεπῶς
3628 3697 3691 3748 ἐν
3720 3694 3802 3764 τῷ

2198 3789 2328 3860 ναῷ,
2361 3790 2455 3844 καὶ
2484 3791 2513 3842 6
2537 3790 2732 3860 καιρὸς
2761 3789 3088 3860 ἐφέστηκεν,
3122 3789 3150 3840 6
3191 3787 3439 3857 γυναιξὶν
3479 3785 3797 3854 ἀπέχεσθαι

2197 3881 2307 3934 τῶν
2346 3879 2524 3949 ἁγίων
2573 3881 3046 3951 παρεγγυώμενος
3073 3894 3086 3907 ·
3121 3877 3182 3930 ὃν
3222 3877 3324 3930 οὑκ
3355 3875 3617 3944 ἀσφαλῶς
3663 3893 3800 3929 σιω-

2197 3969 2425 4034 πώντων
2458 3969 2566 4024 τῶν
2613 3969 2909 4035 Ἰουδαίων,
2952 3971 2980 4022 ὁ
3007 3967 3181 4038 δῆμος
3229 3967 3305 4031 ὼς
3360 3969 3493 4035 μίαν
3531 3968 3799 4020 ἀπάντων

2195 4062 2290 4116 τοῦ
2327 4061 2476 4134 ίεροῦ
2521 4061 2729 4132 ταύτην
2771 4060 3062 4130 ἀπείργειν
3109 4058 3502 4112 συνεϐούλευεν
3527 4074 3541 4086 ⁸
3580 4057 3799 4125 ἀλόίως

2171 4157 2305 4227 ’ἄρα
2336 4155 2430 4209 καὶ
2469 4147 2869 4221 ἀνεξετάστως.
2911 4153 2986 4204 Οὐ
3029 4152 3140 4222 γὰρ
3178 4152 3277 4223 ἤδη
3309 4152 3371 4204 τὸ
3402 4153 3459 4204 έν
3494 4149 3676 4222 ταύτῃ
3702 4151 3798 4202 τοῦ

2195 4247 2476 4319 ἀγιασμοῦ
2507 4247 2888 4319 κρυπτόμενον
2920 4242 3250 4315 παράδοξον.
3317 4243 3463 4312 Ἐγὼ
3491 4245 3601 4312 γὰρ
3639 4238 3799 4312 οἶμαι

2193 4345 2261 4412 τῇ
2289 4339 2520 4412 ἀληθείᾳ
2548 4339 2750 4411 κρίνων
2785 4337 2990 4408 μηδένα
3022 4336 3130 4390 τῶν
3156 4335 3299 4390 κατά
3327 4339 3491 4406 φύσιν
3520 4336 3715 4408 ρύπων
3739 4337 3800 4390 ὲν

2194 4431 2272 4502 τῷ
2319 4430 2672 4500 πανασπίλῳ
2704 4427 2919 4500 σώματι
2975 4425 3184 4497 ταύτης
3241 4424 3573 4496 φωραθῆναί
3629 4442 3796 4477 ποτε·

499 4545 589 4586 sas
617 4545 737 4584 esse
768 4547 783 4582 :
823 4529 916 4584 sed
969 4529 1153 4583 omnia
1189 4541 1329 4581 nova
1381 4526 1614 4596 quadam
1646 4541 1709 4580 ac
1737 4524 1971 4579 mirabili
2001 4524 2090 4580 de-

2199 4523 2332 4577 ἀλλά
2366 4524 2532 4591 ξένως
2556 4523 2736 4577 πάντα
2765 4518 3252 4594 καινοτομηθῆναι,
3279 4518 3540 4590 καθάπερ
3575 4518 3676 4572 καὶ
3701 4518 3800 4589 τὴν

500 4623 714 4692 signata
745 4621 978 4688 ratione,
1005 4621 1079 4674 nti
1103 4618 1284 4687 etejus
1313 4619 1551 4673 futurum
1570 4631 1803 4688 partum.

573 4712 870 4770 Zacharias
920 4728 1052 4783 ergo
1109 4712 1224 4766 hare
1258 4710 1588 4779 intelligens,
1641 4705 1777 4762 nihil
1814 4709 1930 4774 ipse
1971 4721 1999 4760 a
2031 4721 2092 4762 se

503 4806 785 4876 Virginem
815 4806 1074 4873 COgitavit
1099 4803 1374 4868 educere;
1404 4803 1586 4872 potius
1612 4811 1762 4853 ratus
1792 4797 1933 4853 ltesae
1960 4814 2092 4854 con-

503 4897 814 4956 suetudinis
853 4896 1144 4966 p0pulique
1195 4904 1406 4957 reatum
1446 4893 1730 4947 incurrere
1755 4929 1770 4956 ,
1806 4904 1970 4958 quam
2005 4903 2092 4944 se-

495 4992 780 5065 junctione
842 4991 982 5044 bona
1015 4988 1158 5042 illius
1188 4987 1464 5040 amittere.
1500 4986 1580 5038 Ad
1618 4987 1721 5038 hoc
1753 4984 1935 5051 itaque
1965 4997 2090 5052 per-

502 5091 731 5154 urgente
761 5079 981 5152 populo,
1011 5091 1202 5131 secum
1254 5074 1343 5130 ille
1393 5073 1592 5128 attxius
1652 5069 1919 5133 haerebat,
1962 5069 2090 5124 talia

499 5176 746 5246 quaedam
790 5182 970 5228 mente
998 5169 1233 5241 agitans,
1284 5182 1348 5224 ac
1381 5165 1609 5237 loquens
1641 5180 1656 5219 :
1698 5181 1718 5215 ι
1757 5162 1896 5231 Quid
1930 5162 2093 5218 rebus

487 5269 574 5323 ita
618 5267 945 5322 habentibus
990 5263 1232 5319 faciam?
1263 5263 1436 5328 Quam
1505 5273 1655 5314 nunc
1701 5257 2087 5312 necessitatem

499 5360 739 5430 eligam?
772 5358 940 5425 Quem
979 5355 1112 5410 mihi
1153 5355 1501 5425 praestituens
1543 5352 1706 5405 ﬁnem
1731 5393 1745 5418 ,
1781 5364 1886 5403 non
1915 5358 2092 5403 teme—

501 5455 650 5508 rario
684 5467 819 5506 ausu
853 5451 1081 5506 irritabo
1117 5446 1379 5502 Numen?
1428 5444 1471 5499 Ε
1508 5443 1779 5514 templone
1811 5440 2092 5512 Virginem

498 5545 764 5601 educam?
791 5543 988 5600 Verum
1019 5556 1105 5596 Ine
1139 5549 1310 5594 terret
1345 5554 1534 5594 eorum
1560 5553 1680 5608 qua:
1718 5551 1924 5592 arcana
1961 5551 2090 5606 spe-

505 5637 650 5693 ctavi
683 5637 932 5703 novitas;
978 5630 1468 5701 vehementiusque
1490 5628 1737 5700 percellit
1762 5627 2091 5683 adolescen-

503 5729 627 5786 tula:
663 5729 984 5786 miraculum
1010 5747 1024 5798 ;
1062 5743 1128 5785 ne
1154 5728 1198 5784 si
1227 5727 1368 5781 forte
1393 5727 1446 5780 in
1472 5739 1591 5780 eam
1612 5720 1980 5794 peccaverim,
2010 5730 2092 5774 te-

505 5820 773 5875 meritatis
796 5836 985 5888 poenas
1012 5821 1179 5878 luam.
1212 5819 1397 5889 Neque
1426 5820 1570 5878 enim
1605 5817 1744 5873 alius
1773 5824 1973 5886 prmter
2005 5829 2089 5869 me

2202 4617 2506 4690 μέλλουσαν
2531 4615 2752 4686 κύησιν.

2271 4709 2460 4762 Ταῦτα
2489 4707 2670 4762 τοίνυν
2697 4708 2724 4760 ὁ
2773 4706 3054 4779 Ζαχαρίας
3104 4705 3285 4769 συνεὶς
3307 4745 3322 4771 ,
3375 4704 3475 4775 τὴν
3513 4706 3615 4776 τῆς
3651 4707 3803 4776 Παρ-

2201 4802 2358 4856 θένου
2386 4801 2600 4855 οἴκοθεν
2619 4801 2718 4855 οὐκ
2748 4801 3082 4874 ἐμελέτησεν
3105 4798 3286 4864 ἔξοδον
3304 4811 3319 4827 ⁶
3348 4799 3604 4869 κρεῖττον
3633 4797 3801 4866 mro-J-

2203 4912 2363 4968 μενος
2390 4890 2531 4948 εἷναι
2559 4895 2634 4966 τῷ
2665 4893 2778 4948 ἔθει
2809 4894 2904 4947 καὶ
2934 4891 3050 4963 λαῷ
3081 4888 3473 4962 προσπταίειν,
3511 4887 3546 4958 ἢ
3577 4887 3664 4958 τῷ
3692 4907 3801 4959 χω-

2203 4985 2387 5057 ρισμῷ
2410 4984 2616 5053 ταύτης
2641 4983 2828 5038 καλῶν
2859 4983 3284 5052 ἀποτυγχάνειν.
3313 4979 3458 5051 Πρὸς
3480 4978 3646 5031 τοῦτο
3671 4979 3798 5048 γοῦν

2202 5076 2628 5146 κατεπείγοντος
2652 5075 2748 5130 τοῦ
2783 5075 2981 5148 δήμου,
3015 5077 3094 5139 εἰς
3123 5073 3437 5145 ἀμηχανίαν
3467 5066 3627 5135 οὗτος
3664 5071 3798 5126 καθα

2203 5169 2411 5235 ίστατο,
2447 5169 2676 5224 τοιαῦτα
2724 5169 2923 5224 ἐννοῶν
2955 5169 3050 5223 καὶ
3074 5168 3490 5244 φθεγγόμενος-Ν
3516 5185 3534 5217 ι
3570 5166 3638 5218 Τί
3670 5168 3799 5237 περὶ

2199 5261 2408 5315 τούτων
2437 5262 2813 5333 διαπράξομαι
2845 5280 2860 5330 ;
2905 5261 3074 5315 Ποίαν
3117 5261 3365 5330 ἀνάγκην
3395 5259 3475 5330 τῷ
3506 5261 3628 5312 νυνὶ
3682 5261 3803 5311 ἐπι-

2201 5351 2323 5418 λέξο
2331 5370 2427 5423 μαι
2451 5370 2467 5420 ;
2487 5352 2632 5426 Πρὸς
2652 5357 2804 5408 ποῖον
2828 5353 3032 5406 σκοπὸν
3049 5351 3281 5418 ἀπιδὼν,
3302 5353 3362 5406 τὸ
3384 5353 3538 5405 Θεῖον
3567 5351 3644 5424 μὴ
3662 5370 3803 5423 παρ-

2201 5445 2414 5517 οργίσω
2458 5448 2526 5518 τῇ
2557 5447 2735 5518 τόλμῃ
2766 5465 2781 5515 ;
2815 5447 3025 5514 Ἐξάξω
3062 5445 3155 5501 τού
3185 5445 3316 5501 ναοῦ
3353 5446 3450 5518 τὴν
3478 5446 3801 5516 Παρθένον;

2215 5539 2379 5593 Ἀ).λά
2409 5542 2569 5610 φοϐεῖ
2609 5559 2675 5612 με
2701 5541 2811 5596 τῶν
2837 5543 3167 5614 ἀπορῤήτων
3192 5541 3481 5612 θεαμάτων
3512 5541 3573 5593 τὺ
3598 5540 3757 5608 ξένον
3785 5556 3800 5570 ⁸

2201 5631 2296 5685 καὶ
2324 5630 2697 5704 καταπλήττει
2719 5651 2786 5703 με
2804 5634 2901 5705 τῆς
2918 5634 3160 5697 νεάνιδος
3177 5633 3237 5685 τὸ
3267 5633 3369 5686 θαῦ
3379 5648 3475 5702 μα’
3501 5635 3700 5703 μήπως
3720 5635 3804 5695 εἰς

2201 5721 2406 5793 ταύτην
2420 5723 2759 5796 διαμαρτὼν,
2779 5727 2879 5798 τὴν
2896 5727 3054 5797 δίκην
3077 5727 3322 5779 ἀποτίσω
3351 5727 3450 5796 τῆς
3481 5725 3798 5790 αὐθαδείας.

2205 5814 2280 5867 Οὔ
2302 5814 2407 5885 γὰρ
2426 5815 2584 5878 ἀλλος
2610 5817 2718 5870 τῶν
2741 5817 2944 5890 ταύτης
2966 5819 3105 5892 πλὴν
3130 5817 3264 5890 ἐμοῦ
3286 5815 3672 5891 κατετρύφησε
3699 5835 3801 5888 μυ-
