4060 6434
537 398 675 463 1455

1669 387 1995 453 GEORGII
2032 386 2631 452 NICOMEDIENSIS

3678 385 3792 444 14ἰῦ

534 527 692 577 men;
724 525 791 565 ne
821 523 1007 565 eorum
1030 551 1043 574 ,
1093 519 1210 576 quae
1252 505 1393 560 dicta
1421 511 1578 569 sunt,
1616 501 1967 572 exiguitatem
1996 516 2125 557 con—

2229 513 2337 568 τῶν
2372 513 2652 584 ῥηθέντων
2685 507 2761 580 μὴ
2821 506 3150 578 παριδοῦσα,
3208 508 3285 571 ὡς
3334 508 3579 578 μείζωος
3612 510 3705 580 μὲν
3738 514 3792 567 ἂν

533 616 806 668 temnens,
838 610 899 656 ut
941 600 1081 669 quod
1114 598 1465 668 impensioris
1499 595 1801 651 voluntatis
1833 594 2120 659 exsistant,

531 711 839 768 quanquam
869 693 1083 749 exiliori
1113 691 1436 760 prodierunt
1474 687 1687 743 dicendi
1724 685 1983 740 facultate
2012 701 2029 752 ;
2060 698 2125 738 ea

528 790 764 859 suscipe,
802 787 1043 854 nihilque
1067 783 1336 854 repellas;
1396 779 1736 848 subindeque
1764 774 2006 832 dicendis
2036 788 2126 829 co-

530 882 672 953 piam
737 879 1005 934 sermonis
1061 875 1399 939 concilians,
1463 885 1530 925 ne
1577 869 1857 925 orationes
1912 878 2127 936 quoque

530 981 746 1028 nostras
771 969 1007 1039 rejicias.
1048 967 1191 1021 Siste
1228 963 1501 1032 suffragiis
1527 962 1635 1015 tuis
1658 968 1923 1015 commota
1951 959 2003 1011 in
2030 972 2126 1026 po-

527 1063 716 1135 pulum
743 1071 893 1115 tuum
934 1057 1102 1113 bella.
1153 1054 1379 1111 Vindica
1403 1052 1606 1122 potenti
1643 1062 1730 1105 tua
1755 1050 1975 1113 virtute,
2008 1062 2128 1116 grc-

528 1171 651 1226 gem
686 1155 738 1209 in
765 1165 816 1208 te.
833 1152 1216 1209 confidentem.
1242 1148 1455 1203 Nullum
1476 1145 1674 1201 auxilio
1689 1156 1777 1199 tuo
1792 1145 1999 1199 firmius
2018 1150 2129 1196 tro-

527 1250 742 1320 plueum
784 1244 1125 1315 Opponimus.
1189 1241 1420 1298 Unicum
1480 1249 1582 1303 est,
1624 1238 1767 1307 quod
1809 1237 1899 1293 illo
1928 1237 2127 1295 fortius

534 1341 865 1408 Sperandum
894 1335 1159 1391 habemus
1183 1350 1198 1401 ;
1226 1347 1418 1402 nempe
1444 1330 1519 1385 tui
1553 1328 1674 1385 Filii
1700 1330 1935 1399 potentia
1961 1330 2126 1399 ;quin

538 1442 596 1489 et
621 1434 736 1500 ejus
756 1431 926 1501 ipsius
960 1426 1312 1490 beneficium,
1351 1433 1632 1494 acceptum
1669 1423 1763 1477 tibi
1813 1422 2124 1476 referimus.

526 1526 664 1585 Cum
726 1524 871 1579 enim
935 1520 1139 1590 jugiter
1183 1532 1307 1573 eum
1344 1513 1726 1580 offendamus,
1769 1510 2127 1590 despicabiles

528 1630 820 1675 manemus
845 1655 860 1681 ,
892 1612 1103 1683 indigni
1144 1610 1475 1666 exsistentes
1496 1649 1511 1675 ,
1534 1623 1768 1680 quorum
1814 1605 1904 1661 ille
1933 1586 2123 1660 curam

532 1721 676 1784 agat.
706 1711 787 1766 Tu
820 1710 1003 1777 itaque
1043 1703 1331 1760 mediatrix
1360 1702 1648 1769 accedens,
1686 1700 1761 1754 illi
1801 1714 1896 1755 nos
1930 1713 2127 1754 recon-

528 1806 708 1871 cilias,
740 1812 996 1872 tanquam
1020 1797 1142 1869 eius
1171 1795 1481 1851 imitatione
1508 1793 1798 1865 benignior
1818 1792 2121 1847 exsistens.

2229 603 2645 675 προαιρέσεως,
2714 601 2996 664 ἐλάττονος
3060 600 3115 652 δὲ
3173 600 3445 671 παρελθὸν
3506 601 3794 672 δυνάμεως,

2227 694 2378 758 δέξαι
2435 694 2511 764 μὴ
2560 691 2965 764 ἀπωθουμένηο
2998 692 3112 754 τοῖς
3149 709 3209 744 τε
3256 691 3654 762 ῥηθησομένοις
3681 694 3796 763 ἑξῆς

2227 782 2326 853 τὴν
2362 782 2627 852 εὐπορίαν
2669 782 3141 860 περιποιουμένη,
3178 783 3272 833 καὶ
3326 784 3429 845 τας
3482 781 3691 853 δεήσεις
3735 784 3800 855 μὴ

2228 873 2640 945 ἀποπέμψειας.
2672 874 2878 944 Στῆσον
2900 877 3021 938 ταῖς
3053 874 3374 945 πρεσόείαις
3407 892 3502 928 σου
3531 879 3654 938 τοὺς
3678 880 3802 930 κατὰ

2228 966 2324 1020 τοῦ
2361 966 2493 1021 λαοῦ
2528 984 2621 1021 σου
2660 967 2969 1040 πολέμουςο
3006 967 3287 1037 ἐπάμυνον
3325 970 3393 1039 τῇ
3439 971 3679 1040 κραταιᾷ
3718 987 3799 1024 σου

2229 1052 2482 1129 δυνάμει,
2517 1061 2582 1129 τῇ
2627 1059 2708 1122 εἰς
2756 1059 2815 1111 σὲ
2868 1059 3167 1131 πεποιθυῖα
3225 1058 3455 1131 ποίμνῃζ
3514 1061 3685 1113 Οὐδὲν
3718 1063 3802 1128 τῆς

2231 1152 2331 1223 σῆς
2381 1151 2637 1224 βοηθείας
2680 1151 3009 1223 ὀχυρότατον
3052 1149 3475 1223 προϐαλλόμεθα
3532 1154 3800 1223 τρόπαιον.

2234 1242 2330 1296 Ἓν
2376 1245 2518 1312 ⁷ἡμῖν
2579 1242 2970 1314 κραταιότερον
3020 1242 3248 1313 ταύτης,
3305 1243 3340 1312 ἡ
3387 1244 3482 1296 τοῦ
3534 1243 3667 1296 Υἱοῦ
3720 1261 3800 1297 σου

2228 1334 2508 1401 ὲλπίζεται
2568 1336 2891 1397 δυναστεία⁶
2952 1334 3156 1406 μᾶλλον
3207 1336 3267 1389 δὲ
3318 1335 3413 1389 καὶ
3466 1335 3674 1408 ταύτης
3730 1353 3802 1390 σοι

2225 1426 2561 1497 λογιζόμεθα
2576 1430 2675 1501 τὴν
2692 1429 2877 1500 χάριν·
2894 1427 3054 1497 ἡμῶν
3077 1427 3149 1493 γά
3158 1444 3188 1499 ρ
3200 1426 3349 1498 αὑτῷ
3368 1429 3802 1501 προσκρουόντων

2226 1517 2334 1585 ἀεὶ,
2371 1498 2701 1590 ἀπερίοπτοι
2718 1498 3095 1590 -δίαμένομεν,
3140 1518 3355 1586 ἀνάξιοι
3382 1519 3484 1589 τῆς
3524 1498 3690 1573 αὐτοῦ
3717 1536 3803 1589 κη·

2188 1612 2197 1617 “
2227 1607 2481 1679 δεμονίας
2534 1609 2708 1672 ὄντες.
2741 1609 2812 1663 Σὺ
2841 1607 2972 1678 γοῦν
3025 1609 3393 1681 μεσιτεύουσα
3422 1610 3804 1676 καταλλάττεις

2228 1702 2400 1773 ἡμᾶς,
2433 1701 2509 1767 ὼς
2539 1705 2772 1774 μιμήσει
2802 1700 2968 1756 αὑτοῦ
3000 1702 3305 1772 φιλάγαθος
3333 1698 3491 1761 οὖσα.
3524 1706 3801 1775 Κάμπτεκ

2227 1796 2369 1867 πρὸς
2408 1795 2678 1867 ἡμέτερον
2735 1789 2918 1848 οἶκτον
2958 1795 3057 1865 τὴν
3087 1796 3310 1866 ἄπειρον
3340 1795 3510 1850 αὐτοῦ
3544 1796 3804 1865 εύσπλαγυ

529 1896 764 1954 lnﬂectis
803 1895 1127 1949 immensam
1168 1890 1285 1957 ejus
1319 1887 1663 1943 clementiam
1713 1885 1766 1940 in
1815 1883 2123 1940 miseratio-

2228 1886 2420 1956 χνίαν·
2481 1886 2764 1957 ἄγρυπνον
2801 1886 2944 1958 ὑπὲρ
2984 1887 3142 1959 ἡμῶν
3187 1886 3285 1958 τὴν
3320 1888 3618 1960 πρεσΰείαν
3667 1891 3801 1959 ποιῇ.

531 2006 654 2047 nem
686 1998 929 2046 nostram
964 2005 978 2042 :
1010 1986 1238 2056 pervigil
1275 1980 1572 2044 intercedis
1607 1992 1708 2049 pro
1742 1977 1921 2033 nobis.
1956 1975 2120 2031 Plane

529 2085 673 2140 enim
700 2096 997 2153 congruum
1038 2080 1164 2144 hoc,
1219 2088 1331 2133 tum
1378 2073 1495 2143 ejus
1528 2071 1831 2130 clementia:
1866 2079 1978 2125 tum
2015 2075 2120 2123 tuae

530 2175 877 2249 protectioni.
910 2174 1121 2228 Idcirco
1149 2180 1221 2236 te,
1264 2169 1435 2225 nostri
1473 2165 1742 2239 primitias
1776 2162 1992 2234 generis
2028 2175 2117 2216 as-

531 2270 783 2339 sumpsit.
818 2266 890 2324 Ut
931 2282 1028 2339 per
1074 2273 1128 2321 te
1182 2273 1390 2331 nostra,
1442 2260 1853 2330 dispensatione
1879 2262 2118 2327 gereret,

530 2364 782 2416 humana:
815 2373 875 2414 se
924 2366 1133 2413 natura:
1184 2353 1477 2408 obnoxium
1534 2349 1677 2405 fecit.
1741 2348 1967 2403 Eratuus
2022 2359 2121 2399 nos

531 2455 610 2509 rei
639 2467 813 2523 preme
850 2465 881 2505 a
914 2446 1349 2517 transgressione
1378 2462 1394 2512 ;
1424 2458 1548 2498 reus
1582 2452 1639 2497 et
1682 2441 1798 2511 ipse
1830 2439 2118 2507 dispensa-

535 2545 720 2609 tionis,
752 2557 860 2613 qua
909 2540 1147 2595 clemens
1170 2531 1407 2591 humano
1448 2533 1757 2590 consuleret
1794 2531 1998 2596 generi,
2043 2527 2121 2582 fa-

535 2642 655 2691 c‘tus
690 2645 792 2690 est.
824 2633 933 2688 Per
955 2632 1060 2686 duo
1086 2628 1321 2684 maxima
1347 2626 1459 2681 lure
1484 2625 1712 2695 gratiam
1742 2620 2119 2692 eiliagitamus;

533 2744 630 2800 per
670 2735 1002 2796 assumptam
1027 2738 1094 2777 ex
1122 2733 1173 2777 te
1204 2734 1459 2783 carnem;
1519 2730 1723 2786 perque
1775 2724 1848 2776 te,
1895 2727 2014 2781 qua:
2049 2725 2115 2764 ex

539 2822 696 2877 nobis
731 2817 1094 2890 pritnitiarum
1131 2814 1252 2869 loco
1286 2812 1333 2867 ei
1366 2810 1546 2866 oblata
1602 2824 1677 2864 es.
1723 2806 1971 2875 Cougrua
2031 2818 2123 2856 ra-

539 2911 685 2965 tione
712 2909 836 2963 nixa
873 2904 1085 2970 oratio,
1136 2904 1279 2957 bona
1305 2897 1668 2969 exspectatio,
1730 2904 1875 2947 certa
1939 2891 2120 2944 firma-

534 3018 643 3074 que
667 3016 814 3072 spes.
854 2996 1092 3052 Tametsi
1135 2995 1279 3049 enim
1323 2987 1740 3046 innumerabilis
1773 2992 2122 3054 peccatorum

535 3093 783 3149 cumulus
804 3091 1123 3144 adversatur
1148 3095 1311 3154 atque
1342 3085 1638 3150 Oppugnat,
1670 3077 1972 3144 divinaeque
2004 3087 2125 3125 mu-

534 3199 665 3241 nera
714 3182 1016 3239 clementiae
1066 3177 1366 3251 prohibet:
1402 3186 1589 3225 verum
1641 3169 1783 3223 nulla
1850 3177 1999 3220 tanta
2040 3176 2124 3220 est

534 3280 856 3335 delictorum
888 3271 1194 3337 multitudo,
1223 3278 1280 3321 ut
1302 3265 1417 3335 ejus
1446 3261 1739 3318 benitutcm
1771 3259 1939 3328 possit
1968 3258 2121 3310 erin-

535 3386 683 3428 cere.
731 3369 947 3424 Scimus
984 3375 1045 3421 ut
1106 3373 1301 3418 natura
1361 3368 1543 3412 nostra
1583 3354 1785 3407 caduca
1858 3366 1920 3405 ac
1952 3347 2130 3403 labilis

537 3465 647 3531 sit;
684 3461 932 3517 novimus
964 3457 1083 3527 ejus
1126 3451 1467 3521 indignitatis
1500 3447 1976 3529 exsuperantiam;
2021 3459 2127 3497 non

537 3562 850 3627 ignoramus
893 3552 1158 3607 immensi
1219 3546 1439 3601 delirta’
1473 3551 1657 3598 nostra
1709 3556 1723 3594 :
1787 3552 2017 3606 eamque
2056 3535 2127 3589 ob

538 3666 652 3705 rem
716 3658 766 3703 te
801 3646 1167 3701 mediatricem
1199 3636 1601 3711 praetendimus.

612 3742 802 3808 Vides,
843 3741 1157 3795 universam
1189 3731 1482 3789 Christiani
1531 3726 1709 3799 populi
1762 3739 1910 3795 spem
1957 3737 2020 3777 ex
2078 3729 2129 3775 te

540 3834 861 3907 pendentem
897 3828 1055 3883 ?Fac
1112 3822 1242 3894 ergo
1270 3820 1509 3893 potentia
1544 3831 1654 3884 tua,
1690 3827 1744 3871 ut
1776 3818 1913 3871 bene
1957 3813 2031 3866 illi
2064 3826 2130 3865 ac
2184 3884 2189 3889 η

542 3939 803 3999 prospere
851 3923 1029 3979 cedat.
1086 3917 1303 3973 Nullum
1341 3914 1484 3969 aliud
1541 3910 1843 3982 perfugium
1904 3907 2063 3960 habet
2098 3919 2157 3988 a-

543 4021 706 4076 malis
759 4013 1177 4084 occupantibus,
1218 4018 1447 4076 excepto
1493 4006 1754 4058 duntaxat
1794 4000 2129 4068 inexpugna-

541 4113 635 4169 bili
664 4112 755 4167 illo
799 4120 891 4164 tuo
938 4105 1158 4162 auxilio.
1211 4100 1312 4168 Qui
1350 4112 1527 4154 rerum
1573 4108 1787 4151 summa
1828 4092 2127 4162 potiuntur,

544 4221 698 4261 suam
727 4202 822 4257 tibi
855 4214 1003 4272 spem
1032 4196 1356 4252 addixerunt
1387 4205 1403 4243 :
1443 4199 1493 4243 te
1520 4195 1820 4257 opponunt,
1853 4195 2128 4236 armorum

545 4286 925 4355 univcréorum
958 4291 1079 4345 loco
1113 4304 1126 4343 :
1163 4293 1376 4341 scutum
1429 4290 1481 4336 te
1522 4294 1584 4335 ac
1631 4277 1854 4333 loricam
1896 4273 2132 4328 circum-

543 4392 717 4464 posita
745 4388 984 4445 habent:
1018 4370 1274 4440 coronam
1302 4387 1352 4431 te
1377 4373 1559 4447 gloria:
1592 4370 2016 4436 circumquaque
2040 4378 2131 4436 ge-

549 4458 696 4542 stant
722 4502 737 4537 :
766 4480 848 4537 sui
884 4488 937 4534 te
977 4473 1190 4545 imperii
1241 4476 1540 4543 posuerunt
1577 4464 1774 4520 vallum
1807 4478 1820 4514 :
1858 4458 1977 4514 tibi‘
2009 4471 2130 4512 sce-

546 4586 666 4648 ptra
709 4572 861 4643 regni
919 4547 1288 4625 crediderunt.
1351 4558 1600 4626 Exsurge
1657 4569 1789 4626 ergo
1836 4550 1889 4607 in
1932 4549 2131 4604 virtute

552 4640 747 4738 inagna
777 4640 833 4720 in
869 4666 1160 4731 conspectu
1194 4651 1399 4725 populi,
1435 4649 1619 4718 tuique
1642 4645 1893 4701 inimicos
1927 4640 2130 4708 dissipa

550 4734 673 4820 Filii
706 4775 721 4813 :
759 4768 819 4810 ut
854 4754 923 4809 ab
952 4766 1139 4807 eorum
1179 4745 1345 4815 impio
1381 4741 1566 4797 furore
1613 4734 1851 4800 liberati,
1890 4744 2131 4787 commu-

553 4865 679 4911 nem
705 4844 948 4903 lmtitiam
1005 4854 1068 4893 ac
1102 4834 1521 4892 exsultationem
1556 4841 1782 4898 agamus
1825 4840 1840 4877 :
1874 4830 2133 4890 tuumque

561 4942 768 5013 pariter
795 4929 1246 5008 gloriosissimum
1314 4938 1376 4978 ac
1415 4934 1576 4991 supra
1606 4916 1822 4973 modum
1857 4913 2133 4968 desidera-

550 5002 659 5091 bile
690 5002 887 5086 nomen
925 5017 1352 5093 magniticantes,
1379 5011 1597 5066 Patrem
1629 5016 1683 5062 et
1702 5004 1900 5061 Filium
1923 5014 1977 5058 et
2006 5002 2132 5075 Spi-

532 5119 715 5182 ritum
772 5128 1020 5179 sanetum
1069 5111 1376 5176 adoremus,
1443 5103 1495 5160 in
1547 5098 1740 5156 saecula
1788 5095 2127 5154 saeculorum.

552 5218 744 5271 Anien.

2221 1975 2336 2030 Καὶ
2369 1974 2482 2048 γὰρ
2510 1975 2664 2041 ἄξιον
2711 1975 2873 2030 τοῦτο
2901 1979 3003 2047 τῆς
3048 1976 3214 2031 αὑτοῦ
3253 1978 3690 2050 φιλανθρωπίας,
3716 1981 3801 2033 καὶ

2218 2067 2321 2138 τῆς
2366 2067 2467 2138 σῆς
2494 2068 2851 2139 προστασίας.
2896 2068 2997 2122 Διά
3023 2069 3180 2123 τοῦτό
3236 2088 3296 2124 σε
3335 2069 3432 2124 τοῦ
3490 2071 3615 2125 καθ’
3669 2074 3803 2142 ἡμᾶς

2219 2158 2480 2230 ἀπαρχὴν
2534 2158 2725 2229 εἴληφε
2775 2159 2988 2227 γένους.
3043 2159 3163 2213 Ἵνα
3207 2160 3276 2214 τὰ
3315 2161 3564 2233 ἡμέτερα
3603 2160 3689 2214 διὰ
3719 2160 3801 2214 σοῦ

2222 2251 2582 2322 οἱκονομήσῃ,
2613 2251 2903 2322 ὑπόγρεων
2942 2250 3135 2306 ἑαυτὸν
3191 2255 3257 2324 τῇ
3315 2253 3641 2325 ἀνθρωπίνῃ
3674 2271 3803 2325 παρ-

2223 2342 2492 2395 εσκεύασε
2550 2341 2735 2411 φύσει.
2783 2342 3108 2413 Ὀφείλομεν
3148 2343 3309 2415 ἡμεῖς
3344 2344 3444 2416 τὴν
3474 2347 3538 2399 ἐκ
3568 2345 3802 2417 παραϐά-

2226 2450 2364 2499 σεως
2407 2434 2686 2506 τιμωρίαν
2708 2451 2724 2466 ⁸
2758 2435 3096 2505 ἀντώφειλεν
3123 2436 3331 2498 ἐκεῖνος
3369 2437 3470 2505 τὴν
3495 2440 3597 2510 τῆς
3631 2438 3801 2507 ιριλανσ

2226 2524 2477 2598 θρωπίας
2529 2527 2866 2598 οἰκονομίαν.
2913 2527 3086 2599 ’Υπὲρ
3135 2528 3228 2583 δύο
3287 2528 3567 2599 μεγίστων
3614 2530 3801 2584 τούτων

2223 2617 2323 2688 τὴν
2361 2620 2524 2690 χάριν
2581 2618 2947 2693 ἐξαιτούμεθα
2971 2635 2984 2648 ’
3019 2619 3159 2691 ὑπὲρ
3193 2620 3294 2691 τῆς
3336 2623 3401 2675 ἐκ
3455 2620 3555 2675 σοῦ
3592 2624 3802 2693 προσλη-

2225 2708 2458 2779 φθείσης
2493 2709 2645 2782 αύτῷ
2678 2711 2904 2781 σαρκὸς,
2943 2712 3037 2765 καὶ
3076 2711 3218 2782 ὑπὲρ
3244 2711 3361 2780 (τοῦ,
3401 2713 3501 2785 τῆς
3558 2714 3619 2781 ἐξ
3665 2714 3801 2785 ἡμῶν

2226 2797 2583 2870 ἀνατεθείσης
2639 2799 2788 2870 αύτῷ
2847 2800 3126 2874 ἀπαρχῆς.
3186 2802 3423 2872 Εῠλογος
3476 2806 3508 2875 ἡ
3569 2806 3799 2876 αἴτησις·

2229 2889 2370 2960 καλὴ
2423 2893 2456 2963 ἡ
2512 2893 2850 2963 προσδοκίαν
2900 2894 3263 2964 ἀδιάψευστος
3311 2899 3345 2967 ἡ
3384 2896 3584 2961 Δἕλπτίς.
3622 2898 3682 2950 Εἰ
3711 2896 3803 2967 γάρ

2228 2982 2377 3044 καὶὸ
2411 2982 2520 3035 τῶν
2553 2984 2973 3056 ἁμαρτημάτων
3000 2985 3170 3054 ἐσμὸς
3198 2987 3564 3059 άντιπράττει
3598 2991 3690 3043 καὶ
3722 3006 3804 3040 πι-

2229 3073 2428 3144 λεμεῖ,
2482 3075 2576 3128 καὶ
2632 3074 2860 3144 διείργει
2915 3074 2984 3129 τὰ
3034 3077 3135 3147 τῆς
3176 3077 3341 3131 αὑτοῦ
3408 3079 3803 3152 φιλανθρωπίας

2230 3166 2655 3237 εὐεργετήματα
2679 3182 2694 3195 ⁸
2719 3167 2835 3219 ἀλλ’
2866 3168 3011 3237 ὅμως
3048 3169 3205 3223 οὐδέν
3239 3172 3355 3223 ἐστι
3386 3171 3635 3225 τοιοῦτον
3664 3189 3804 3224 πται-

2234 3258 2459 3328 σμάτων
2492 3258 2715 3322 πλῆθος,
2764 3259 2792 3312 ὃ
2838 3258 2937 3330 τὴν
2989 3261 3152 3314 αὖτοῦ
3185 3261 3500 3331 ἀγαθότητα
3533 3265 3805 3334 ἐκνικῆσαι

2237 3351 2530 3421 ἰσχύσειεν.
2566 3350 2806 3422 Οἴδαμεν
2831 3352 2889 3405 τὸ
2922 3351 3022 3423 τῆς
3052 3354 3330 3425 ἡμετέρας
3365 3354 3585 3423 φύσεως
3603 3356 3805 3427 όλισθη·

2237 3444 2328 3514 ρόν
2352 3460 2366 3474 ·
2407 3443 2629 3514 οἴδαμεν
2689 3443 2751 3498 τὸ
2797 3445 2921 3499 καθ’
2969 3444 3284 3517 ὑπερϐολὴν
3322 3446 3529 3517 ταύτης
3564 3448 3801 3513 ἀνάξιον

2230 3536 2331 3587 οὐκ
2358 3533 2665 3605 ἀγνοοῦμεν
2693 3535 2753 3588 τδ
2784 3536 2893 3590 τῶν
2923 3537 3213 3609 ἡμετέρων
3262 3542 3629 3609 πταισμάτων
3668 3542 3809 3596 ἄπει-

2235 3643 2325 3699 ρον
2345 3642 2357 3655 ·
2384 3627 2477 3679 καὶ
2514 3626 2600 3680 διὰ
2628 3626 2809 3695 τοῦτο,
2851 3629 2911 3682 σὲ
2944 3629 3172 3700 μεσίτην
3202 3629 3647 3702 προϐαλλόμεθα.

2312 3718 2477 3791 Ὁρᾷς
2506 3721 2718 3782 ,πᾶσαν
2763 3720 2859 3773 τοῦ
2888 3721 3187 3792 ἐπωνύμου
3242 3722 3375 3777 λαοῦ
3418 3724 3512 3778 τοῦ
3547 3725 3680 3779 Υίοῦ
3726 3743 3807 3779 σου

2233 3810 2622 3883 ἀνηρτημένην
2661 3811 2738 3876 εἰς
2783 3811 2842 3865 σὲ
2880 3810 2977 3882 τὴν
3013 3811 3240 3881 Umida;
3279 3810 3509 3880 Δὸςοῦν
3548 3817 3640 3870 ἐπ’
3690 3818 3808 3885 ἀγα-

2235 3902 2348 3966 θοῖς
2385 3902 2594 3974 ταύτην
2634 3904 2864 3977 ἐκϐῆναι
2891 3907 2957 3978 τῇ
2992 3909 3057 3976 σῇ
3086 3906 3339 3979 δυνάμει.
3375 3909 3489 3963 Οὐκ
3517 3907 3669 3963 ἐστιν
3689 3908 3806 3979 ἄλλη

2232 3994 2409 4067 τούτῳ
2441 3997 2734 4068 καταφυγὴ
2768 3998 2877 4051 τῶν
2929 4001 3263 4069 συνεχόντων
3314 3999 3525 4068 δεινῶν,
3565 4002 3703 4072 πλὴν
3726 4002 3808 4071 τῆς

2236 4088 2338 4158 σῆς
2366 4086 2769 4160 ἀπολιορκήτου
2797 4090 3139 4161 συμμαχίας.
3174 4092 3269 4154 Εἰς
3300 4092 3359 4145 σὲ
3392 4094 3444 4145 οἱ
3469 4092 3663 4148 τούτου
3684 4109 3806 4162 κρα-

2231 4179 2480 4246 τοῦντες,
2518 4180 2587 4234 τά
2616 4181 2713 4253 τῆς
2736 4181 2947 4245 οἰκείας
2974 4182 3180 4252 ἐξῆψαν
3212 4185 3563 4254 προσδοκίας.
3602 4185 3669 4238 Σὲ
3702 4183 3807 4238 ἀντὶ

2233 4271 2455 4324 πάντων
2485 4270 2671 4325 ὃπλων
2705 4270 3129 4343 προϐάλλονται,
3153 4273 3220 4326 Σὲ
3252 4273 3445 4345 θυρεὸν
3473 4275 3571 4328 καὶ
3604 4273 3805 4345 θώρακα

2231 4360 2607 4433 περίκεινται·
2644 4361 2703 4415 σὲ
2729 4362 2990 4432 στέφανον
3020 4363 3345 4435 καυχήσεως
3382 4366 3800 4438 περιφέρονται·

2234 4450 2295 4503 σὲ
2341 4450 2445 4522 τῆς
2491 4452 2700 4517 οἰκείας
2739 4451 3021 4523 βασιλείας
3069 4453 3336 4526 ὀχύρωμα
3366 4454 3586 4509 ἔθεντο·
3640 4455 3719 4509 σοὶ
3749 4453 3805 4508 τά

2238 4543 2492 4617 σκῆπτρα
2523 4544 2617 4599 τοῦ
2640 4545 2878 4619 κράτους
2907 4545 3272 4618 ἐνεχείρισαν.
3319 4546 3616 4616 Ἀνάστηθι
3648 4547 3804 4602 τοίνυν

2235 4638 2294 4691 ὲν
2333 4639 2626 4713 δυναστείᾳ
2679 4640 2896 4715 μεγάλῃ
2924 4641 3031 4714 πρὸ
3068 4642 3366 4714 προσώπου
3394 4642 3490 4698 τοῦ
3541 4641 3692 4707 λαοῦ,
3726 4641 3803 4695 καί

2214 4731 2359 4795 ποὺς
2392 4731 2621 4804 ἐχθροὺς
2668 4731 2763 4787 τοῦ
2792 4732 2925 4787 Υἰοῦ
2980 4750 3074 4788 σου
3119 4733 3546 4805 διασκόρπισον·
3585 4735 3671 4789 ἶνα
3721 4732 3802 4801 τῆς

2233 4820 2395 4876 ἀθέου
2447 4821 2656 4876 τούτων
2688 4822 3099 4893 ἀπαλλαγέντες
3128 4824 3352 4897 μανίας,
3395 4825 3586 4897 κοινὴν
3625 4825 3801 4894 εὐφρο-

2234 4912 2401 4985 σύνην
2428 4914 2524 4969 καὶ
2569 4914 2891 4985 ἀγαλλίασιν
2929 4920 3291 4990 κροτήσωμεν
3311 4933 3326 4950 ο
3357 4916 3420 4971 τὺ
3472 4917 3566 4972 σόν
3593 4935 3654 4972 τε
3687 4932 3801 4969 παν-

2232 5006 2443 5072 ένδοξον
2477 5008 2573 5062 καὶ
2606 5006 2991 5081 ὑπερπόθητον
3045 5009 3221 5082 ὄνομα
3268 5009 3682 5082 μεγαλύνοντες,
3726 5008 3801 5060 τὸν

2238 5097 2484 5169 Πατέρα,
2502 5100 2598 5154 καί
2619 5100 2769 5166 Υἱὺν,
2787 5102 2882 5154 καὶ
2898 5102 3053 5170 Ξιγιον
3073 5101 3300 5173 Πνεῦμα
3321 5102 3772 5174 προσκυνήσωμεν
3785 5113 3797 5126 ·

2239 5191 2324 5244 ὅτι
2350 5191 2486 5263 αὐτῇ
2532 5192 2734 5263 πρέπει
2776 5192 2926 5260 δόξα,
2958 5192 3182 5265 κράτος,
3214 5192 3351 5265 τιμὴ
3389 5192 3485 5249 καὶ
3516 5190 3803 5267 προσκύνη·

2247 5297 2355 5348 σις,
2381 5284 2460 5347 εἰς
2489 5285 2617 5350 τοὺς
2654 5284 2859 5352 αἰῶνας
2887 5285 2997 5340 τῶν
3033 5285 3267 5341 αἰώνων.
3321 5286 3518 5358 Ἀμήν.
