4060 6436
413 384 551 450 1ξ59

1543 395 1864 455 GEORGII
1903 394 2504 460 NICOMEDIEN’SIS

3556 400 3682 467 “60

411 496 602 563 aequali
636 495 784 551 Patri
833 497 1074 551 Sessione
1103 499 1349 552 su‘dnuis
1382 499 1573 564 Filius,
1605 518 1632 555 a
1673 503 1778 557 rcis
1814 504 1990 558 homi-

2107 505 2404 577 ἀνθρώπων
2453 503 2877 566 καταδικίιζεται
2948 505 3139 574 σαρκί·
3188 508 3215 558 6
3271 507 3526 574 βασιλεὺς
3581 512 3685 563 τῶν

413 587 568 642 nibus
597 602 758 642 carne
776 589 1084 642 damnatur.
1118 588 1227 644 Rex
1260 591 1346 644 ille
1370 592 1672 647 cailestium
1707 596 1990 664 virtutum,

413 695 537 734 reus
563 681 771 749 agitur;
796 681 999 752 quique
1028 682 1288 738 invisibili
1323 701 1480 741 manu
1522 695 1828 742 creaturam
1864 689 1992 741 uui-

406 784 624 825 versam
657 773 920 838 continet,
965 791 1126 830 manu
1181 775 1564 830 scelestis-sima
1607 779 1835 834 caeditur
1869 797 1882 833 :
1918 781 1989 844 is,

407 879 568 932 quem
603 864 915 936 angelorum
951 867 1117 920 millia
1147 867 1392 923 laudibus
1419 871 1720 930 celebrant.
1763 871 1994 926 ludibria

413 968 480 1009 ac
509 954 733 1021 injurias
763 959 1028 1026 sustinet;
1068 960 1268 1029 quique
1325 962 1622 1030 gratiarum
1674 978 1872 1015 corona
1901 977 1993 1015 or-

415 1056 506 1100 nat
538 1047 831 1113 hominem,
860 1050 1044 1118 spinea
1069 1067 1266 1104 corona
1311 1063 1468 1122 caput
1503 1054 1761 1123 cingitur.
1795 1054 1996 1108 Verbe-

420 1147 591 1201 ratnr,
623 1140 712 1208 qui
747 1151 954 1197 natura:
994 1150 1151 1198 sanat
1181 1145 1406 1198 vulnera
1433 1163 1445 1199 :
1484 1147 1718 1199 nudatur
1744 1161 1992 1214 corpore,

423 1228 514 1296 qui
544 1230 744 1284 deitate
781 1231 961 1286 lumen
996 1234 1168 1288 induit
1193 1236 1732 1290 sicutvestimentum
1756 1237 1843 1302 °°;
1882 1237 1992 1305 qui,

418 1323 673 1392 inquam,
709 1339 952 1380 nostram
991 1345 1052 1383 ex
1093 1331 1525 1401 transgressione
1558 1332 1856 1383 nuditatem
1896 1329 1997 1383 tol-

417 1415 498 1480 lit,
529 1431 592 1471 ac
632 1419 974 1473 tenebrosum
1033 1420 1410 1474 indumentum
1466 1421 1874 1490 splendentibus
1909 1435 1999 1472 no-

329 1517 335 1525 ‘
417 1509 501 1564 bis
539 1509 738 1564 tunicis
771 1512 1145 1567 commutavit.
1199 1511 1252 1566 ln
1288 1527 1451 1568 cruce
1501 1512 1866 1581 suspenditur,
1903 1511 1995 1579 qui

417 1601 633 1656 excelsa
703 1602 965 1658 etelorum
1011 1604 1442 1659 fabricatusest.
1475 1605 1578 1672 Qui
1629 1605 1780 1659 sedet
1836 1617 2000 1671 super

416 1693 609 1747 solium
644 1695 916 1749 excelsum
949 1705 1003 1750 et
1031 1697 1295 1752 cleratum
1331 1698 1396 1762 ⁶¹,
1436 1698 1607 1753 clavis
1657 1685 1948 1766 conﬁgitur
1982 1711 1995 1747 :

415 1787 530 1854 qui,
573 1788 813 1858 inquam,
841 1789 1086 1844 fundavit
1112 1801 1308 1844 terram
1345 1806 1511 1860 super
1553 1791 1782 1845 nibiluin
1815 1790 1880 1855 θ’,
1907 1785 1995 1857 qui

2095 597 2360 669 οὐρανίων
2402 595 2712 663 δυνάμεων,
2745 595 2974 656 εὐθύνας
3016 597 3362 648 άπαιτεῖται·
3417 601 3508 651 καὶ
3539 601 3566 650 6
3591 601 3684 670 τῆς

2097 689 2278 758 πάσης
2330 689 2549 758 ἀοράτῳ
2576 687 2719 757 χειρὶ
2759 687 3254 758 περιδεδραγμένος
3298 689 3552 753 κτίσεως,
3585 691 3686 744 ὑπὸ

2101 779 2449 852 μιαρωτάτης
2494 781 2785 852 ῥαπίζεται
2831 781 3013 849 χειρός
3037 799 3050 810 ·
3083 782 3112 833 6
3142 781 3247 833 ὑπὸ
3281 782 3560 852 μυριάδων
3591 785 3684 837 εὖ·

2100 872 2453 944 φημούμενος
2491 873 2761 942 ἀγγέλων.
2815 873 3154 944 ἐμπαιγμῶν
3195 875 3292 927 καὶ
3338 875 3553 946 ὕϐρεων
3598 877 3687 929 ἀν.

2100 966 2306 1035 ἐχεται,
2359 965 2452 1017 καὶ
2481 967 2509 1018 6
2553 966 2804 1034 στεφάνῳ
2855 965 3092 1036 χαρίτων
3142 967 3577 1037 κατακοσμήσας
3598 967 3687 1022 τὸν

2098 1056 2405 1126 ἄνθρωπον,
2451 1057 2542 1109 τὸν
2589 1057 2879 1110 ἀκάνθινον
2930 1043 3208 1110 ἀναδεῖται
3243 1059 3530 1126 στέφανον.
3563 1060 3687 1113 Ma.-

2102 1148 2378 1213 στίζεται,
2414 1149 2442 1200 6
2491 1146 2557 1200 τά
2604 1147 2702 1217 τῆς
2749 1147 2965 1216 φύσεως
3020 1147 3314 1218 ἐξιώμενος
3350 1149 3682 1218 τραύματα·

2099 1238 2405 1309 γυμνοῦται
2435 1239 2786 1309 σωματικῶς,
2813 1241 2842 1291 6
2874 1238 2988 1307 φῶς
3017 1238 3091 1302 ὡς
3123 1239 3338 1311 ἱμάτιον
3370 1241 3690 1312 περιὸαλλό-

2103 1346 2263 1399 μενος
2316 1327 2552 1391 θεῖκῶς⁸
2587 1328 2615 1380 6
2664 1328 2765 1400 τὴν
2793 1329 2856 1381 ἐκ
2903 1327 3269 1399 παραϐάσεως
3323 1331 3480 1400 ἡμῶν
3530 1347 3686 1400 περι-

2102 1421 2335 1475 στέλλων
2358 1420 2661 1491 γύμνωσιν,
2710 1421 2806 1474 xui.
2834 1419 2928 1473 τοῦ
2977 1420 3256 1474 σκοτεινοῦ
3281 1424 3381 1493 τῆς
3407 1423 3687 1494 ἁμαρτίας

2103 1512 2420 1582 ἐνδύματος,
2454 1512 2688 1582 χιτῶνας
2727 1513 2860 1582 ἡμῖν
2909 1514 3226 1582 φωτοειδεῖς
3263 1515 3689 1572 ἀντικαταλλατο

2100 1605 2348 1675 τόμενος.
2424 1605 2548 1657 Ἐπὶ
2595 1605 2829 1674 σταυροῦ
2877 1607 3172 1676 κρεμᾶται.
3253 1609 3282 1660 6
3336 1607 3403 1660 τά
3458 1608 3690 1678 οὐράνια

2100 1697 2501 1768 τεκτηνάμενος
2531 1695 2662 1768 ὕψη.
2717 1697 2775 1750 Ὀ
2801 1697 2894 1749 ἐπὶ
2925 1695 3120 1766 θρόνου
3152 1696 3357 1769 ὑψηλοῦ
3382 1699 3477 1751 καὶ
3511 1702 3688 1768 ἐπηρς

2106 1793 2268 1864 μένου
2321 1791 2664 1864 καθήμενος,
2699 1790 2853 1864 ἥλοις
2885 1793 3304 1862 περιπείρεται’
3355 1793 3383 1844 6
3435 1790 3537 1860 τὴν
3585 1790 3690 1861 γῆν

415 1881 739 1938 inconcussa
759 1883 807 1938 ei
841 1883 1190 1941 fundamenta
1234 1902 1392 1941 suum
1439 1887 1608 1955 ipsius
1647 1886 1762 1940 fixit
1795 1900 1997 1954 μετερρ-

2107 1857 2188 1939 ἐπ’
2217 1884 2428 1948 οὐδενὸς
2451 1857 2697 1954 ,ἐδράσας
2718 1857 2734 1912 ί
2757 1886 2786 1937 6
2817 1857 3082 1954 ἀρραγεῖς
3116 1857 3264 1954 *αὖτῇ
3313 1857 3602 1954 θεμελίους

417 1985 586 2044 ptum.
619 1975 766 2032 Felle
800 1985 855 2032 et
885 1987 1044 2034 aceto
1092 1989 1343 2048 potatur,
1381 1980 1467 2047 qui
1506 1978 1688 2050 jugem
1732 1995 1996 2050 aquarum

417 2076 663 2122 naturam
721 2070 995 2138 produxit.
1053 2071 1261 2126 Lancea
1320 2072 1463 2126 latus
1506 2072 1844 2138 vulneratur,
1903 2071 1998 2140 qui

416 2170 599 2213 nostra
636 2171 792 2215 curat
823 2163 1087 2228 vulnera;
1121 2164 1321 2233 quique
1352 2163 1673 2218 adnatarum
1713 2163 1868 2218 nobis
1932 2179 2000 2218 ex

418 2262 641 2318 peccato
675 2255 990 2310 cicatricum
1022 2257 1391 2326 depastiunem
1446 2257 1611 2311 sistit.

2096 1977 2297 2031 οίκεῖον
2351 1975 2664 2046 πηξάμενος
2720 1974 3072 2046 πρόσταγμα.

3119 1973 3309 2037 ’Ὄξος
3363 1975 3460 2026 καὶ
3528 1973 3692 2044 χολὴν

2098 2066 2398 2133 ποτίζεται,
2429 2067 2457 2120 6
2496 2065 2594 2138 τὴν
2644 2065 2868 2120 ἀὲνναον
2913 2065 3022 2118 τῶν
3071 2065 3283 2118 ὑδάτων
3344 2064 3692 2136 παραγαγὼν

2099 2157 2259 2228 φύσιν
2281 2174 2293 2188 ·
2327 2160 2354 2212 6
2392 2157 2501 2211 τῶν
2540 2157 2772 2228 ἡδίστων
2820 2155 2992 2220 αἴτιος
3022 2157 3325 2227 ποιοτήτων
3348 2173 3361 2187 ο
3401 2158 3434 2226 ἡ
3459 2155 3693 2225 γλυκεῖα

2099 2253 2193 2305 καὶ
2211 2252 2479 2315 ἀθόλωτος
2502 2253 2686 2322 ἡδονή.
2715 2252 2900 2324 Λόγχῃ
2921 2251 3018 2318 τὴν
3048 2251 3289 2320 πλευράν
3314 2250 3692 2329 διορύσσεται,

416 2365 444 2416 ὁ
474 2343 544 2397 τὰ
610 2345 858 2417 ἡμέτερα
894 2347 1213 2423 θεραπεὺων
1262 2339 1434 2421 ἕλκη·
1477 2349 1506 2402 6
1548 2347 1648 2420 τὴν
1697 2347 1868 2419 νομὴν
1923 2347 2033 2402 τῶν
2070 2346 2157 2402 διὰ
2213 2345 2312 2416 τῆς
2381 2345 2654 2416 ἁμαρτίας
2702 2345 2833 2415 ἡμῖν
2895 2342 3282 2416 προσρυέντων
3342 2342 3693 2396 ἀναστέλλων

421 2436 726 2505 μωλῶπων.

492 2528 978 2586 Vcrumenimvero
1023 2547 1274 2602 quaenam
1323 2534 1414 2588 illa
1463 2543 1574 2601 tua,
1630 2534 1876 2598 Domine,
1921 2535 2006 2587 iu-

322 2683 330 2696 ‘
418 2623 806 2690 comparabilis
835 2623 1182 2689 sustinentia,
1222 2627 1392 2694 quive
1429 2625 1535 2692 illi,
1563 2641 1797 2696 quorum
1837 2642 2004 2680 causa

327 2719 333 2766 ἒ
422 2718 802 2786 hzrcpatet'is?
850 2718 957 2774 Pro
1009 2718 1167 2774 malis
1217 2720 1406 2790 utique
1452 2721 1785 2786 hominibus,
1829 2721 2005 2776 bonus

422 2811 533 2875 ipse
580 2807 860 2874 Dominus,
917 2811 1154 2865 humana
1199 2825 1367 2866 carne
1401 2811 1632 2866 moreris
1665 2829 1679 2866 :
1713 2827 1810 2880 pro
1834 2811 2005 2867 hosti-

417 2899 518 2953 Lus
545 2915 608 2954 ac
649 2901 912 2966 inimicis,
945 2911 1000 2956 tu
1041 2903 1334 2973 pacificus;
1389 2920 1487 2974 pro
1517 2903 1830 2971 homicidis,
1887 2904 2004 2973 ipse

419 2993 680 3046 innocens
713 3011 728 3048 :
757 3009 852 3060 pro
873 2995 1116 3049 scelestis
1149 2995 1613 3062 interfectoribus,
1665 2995 1847 3062 justus
1889 2995 2004 3064 ipse

413 3084 579 3152 judex
612 3085 954 3142 interficeris.
995 3086 1100 3142 Pro
1135 3088 1326 3143 bestiis
1368 3089 1716 3143 molientibus
1748 3088 1999 3152 insidias,

420 3179 610 3248 Agnus
659 3182 1243 3250 innocensjugularis;
1286 3195 1382 3250 pro
1413 3183 1746 3236 immanibus
1795 3181 1997 3248 judici-

420 3265 547 3333 bus,
581 3271 927 3327 dulcissimus
989 3274 1250 3328 Dominus
1290 3272 1696 3328 condemnaris.
1752 3270 1999 3337 Quonam

421 3364 579 3416 modo
619 3380 712 3435 per
741 3365 841 3420 hoc
874 3377 1084 3434 tempus
1132 3366 1370 3421 universi
1404 3366 1687 3436 dispositio
1723 3379 1880 3419 suum
1913 3380 2002 3419 or-

418 3457 598 3511 dinem
641 3458 931 3511 servavit?
960 3459 1059 3523 Qui
1099 3474 1205 3512 non
1249 3457 1514 3514 elementa
1547 3453 1812 3513 dissoluta
1851 3467 1999 3526 sunt,

421 3563 487 3602 ac
521 3547 751 3602 confusa
779 3551 984 3612 omnia,
1016 3552 1328 3620 impetuque
1350 3565 1416 3605 ac
1447 3559 1597 3606 motu
1641 3551 2002 3621 incomposito

422 3643 474 3700 in
508 3640 834 3694 inconditam
865 3641 1058 3695 molem
1093 3657 1154 3694 ac
1181 3643 1354 3709 chaos
1378 3643 1699 3696 coiverunt?
1722 3641 2002 3708 Quomodo

421 3745 567 3788 terra
591 3734 1043 3788 sustinuitaudax
1077 3736 1326 3789 lacinus?
1349 3734 1460 3790 Cur
1491 3752 1520 3789 a
1557 3751 1653 3790 sua
1695 3751 1803 3790 non
1845 3735 2002 3791 diﬂ'u-

421 3824 665 3893 gitscde,
699 3840 796 3878 nec
821 3823 946 3878 sivit
977 3835 1033 3878 ut
1078 3825 1308 3896 abyssus
1351 3827 1606 3879 mundum
1644 3835 1813 3880 totum
1850 3825 2004 3895 aquis

417 3917 677 3971 obrueret
709 3916 732 3969 ?
761 3915 882 3970 liwc
921 3925 995 3979 tu,
1031 3931 1152 3970 cum
1188 3916 1336 3987 ligno
1366 3915 1613 3988 conlisus
1652 3931 1800 3970 esses
1826 3915 2005 3970 conti-

423 4009 634 4064 nuisti:
681 4024 744 4065 ac
795 4018 997 4063 terram
1043 4008 1259 4076 quidem
1318 4008 1371 4061 in
1419 4009 1587 4063 chaos
1635 4008 2002 4064 subsidentem

421 4103 680 4168 erexisti;
713 4118 861 4157 mare
894 4111 1074 4156 autem
1111 4102 1370 4156 adversus
1399 4117 1541 4166 eam,
1567 4117 1630 4158 ac
1662 4103 1780 4172 ejus
1805 4093 2010 4157 incolas

422 4196 606 4250 furore
639 4195 928 4264 percitum,
968 4195 1294 4264 repressisti.
1331 4193 1421 4249 Sic
1455 4209 1575 4249 cum
1611 4194 1874 4258 coelestia,
1906 4197 2005 4248 ob-

424 4289 656 4344 scuratis
688 4288 1066 4353 luminaribus,
1095 4302 1256 4358 quam
1291 4295 1437 4341 tuam
1490 4298 1720 4343 mortem
1779 4287 2008 4342 moleste

425 4385 652 4448 ferrent,
683 4382 1053 4448 ostenderent,
1097 4398 1201 4437 non
1241 4382 1535 4452 permisisti
1566 4392 1623 4436 ut
1650 4396 1749 4437 res
1781 4383 2008 4436 omnino

2193 2532 2354 2586 ’Δλλὰ
2382 2532 2466 2594 τίς
2495 2533 2527 2602 ὴ
2567 2531 2886 2594 ἀνείκαστος
2929 2530 3094 2600 άνοχή
3140 2546 3258 2595 σου,
3294 2529 3568 2593 Δέσποτα,
3603 2526 3697 2584 καὶ

2107 2625 2246 2695 ὑπὲρ
2266 2625 2426 2677 τίνων
2445 2622 2616 2676 ταῦτα
2639 2623 2914 2693 καταδέχῃ
2937 2639 2952 2686 ;
2972 2621 3142 2693 ’Υπὲρ
3169 2621 3420 2692 πονηρῶν
3445 2623 3471 2674 6
3491 2621 3698 2689 ἀγαθὸς

2106 2715 2387 2783 Δεσπότης
2420 2713 2778 2783 ἀνθρωπίνως
2818 2714 3053 2782 πάσχεις
3077 2730 3090 2743 ·
3150 2711 3292 2780 ὑπὲρ
3351 2710 3570 2782 ἐχθρῶν
3606 2714 3698 2764 καὶ

2105 2809 2400 2880 πολεμίων,
2436 2810 2464 2860 6
2508 2803 2852 2876 είρηνοποιός
2877 2821 2890 2836 °
2921 2805 3061 2876 ὑπὲρ
3110 2804 3436 2873 μιαιφόνων,
3473 2805 3500 2856 6
3537 2803 3699 2857 dtvsti~

2105 2902 2264 2964 θυνος
2289 2915 2302 2929 °
2341 2899 2479 2968 ὑπὲρ
2522 2897 2632 2951 τῶν
2676 2897 2972 2966 φονευτῶν,
3021 2897 3048 2949 6
3077 2895 3283 2959 δίκαιος
3318 2894 3518 2966 (gave-3!;
3579 2913 3699 2966 κριο

2105 2995 2225 3064 τῆς·
2276 2993 2417 3062 ὑπὲρ
2467 2990 2769 3044 ἐπιϐούλων
2802 2989 3006 3060 θηρῶν,
3042 2990 3070 3042 6
3100 2989 3307 3052 άκακος
3348 2989 3518 3058 ἀμνὸς
3558 3006 3698 3057 σφα-

2109 3086 2277 3158 γιάζη
2297 3101 2310 3115 ·
2339 3084 2480 3155 ὑπὲρ
2517 3083 2730 3154 πικρῶν
2762 3082 3057 3147 δικαστῶν,
3091 3085 3118 3136 6
3144 3081 3486 3152 γλυκύτατος
3527 3099 3702 3135 κατα-

2110 3179 2273 3252 κρίνῃ
2301 3177 2526 3248 Κύριος.
2556 3176 2681 3239 Πῶς
2721 3177 2754 3247 ή
2788 3175 2884 3229 τοῦ
2919 3176 3118 3239 παντὸς
3153 3175 3276 3228 τότε
3331 3174 3698 3245 διακόσμησις

2109 3272 2208 3342 τὴν
2237 3271 2445 3324 οίκείαν
2495 3269 2783 3340 διετήρησε
2814 3269 3001 3336 τάξιν;
3061 3268 3186 3331 Πῶς
3217 3270 3280 3321 οὐ
3342 3267 3568 3338 διελύθη
3630 3267 3697 3320 τὰ

2079 3369 2353 3439 ,στοιχεῖα
2386 3369 2480 3418 κσιλ⁸
2531 3363 2794 3434 συνεχέθη
2843 3362 2914 3415 τά
2962 3362 3160 3428 πάντα,
3201 3361 3423 3431 ἀτάκτῳ
3467 3376 3527 3412 τε
3558 3358 3701 3429 φορᾷ

2111 3459 2206 3514 καὶ
2257 3460 2469 3530 κινήσει
2517 3460 2596 3522 είς
2644 3458 2705 3510 τὸ
2765 3454 3085 3528 πλημμελὲς
3146 3455 3518 3524 συνεφόρησε;
3577 3443 3700 3516 Πῶς

2109 3554 2344 3628 ἧνεγκεν
2401 3551 2540 3622 ἡγῆ
2578 3551 2638 3605 τὸ
2682 3549 2977 3620 τόλμημα;
3031 3549 3155 3610 Πῶς
3198 3547 3299 3617 τῆς
3343 3547 3553 3609 οἰκείας
3599 3546 3700 3601 οὐκ

2112 3644 2378 3714 ἐξέφυγεν
2403 3643 2585 3714 ἕδρας,
2615 3642 2712 3695 καὶ
2739 3644 2803 3712 τῇ
2830 3639 3052 3708 ἀδύσσῳ
3068 3639 3166 3708 τὴν
3188 3639 3287 3695 τοῦ
3315 3639 3517 3700 παντὸς
3555 3655 3700 3708 παρ-

2114 3735 2396 3808 εχώρησεν
2433 3734 2754 3800 ἐπίκλυσιν;
2797 3732 2984 3786 Ταῦτα
3027 3732 3114 3794 σὺ,
3147 3733 3240 3785 ἐπὶ
3264 3731 3420 3798 ξύλου
3450 3730 3704 3799 καθηλω-

2119 3829 2282 3904 μένος
2310 3830 2562 3898 κατεῖχες
2583 3843 2595 3856 ’
2635 3827 2729 3880 καὶ
2751 3826 2850 3896 τὴν
2887 3825 2987 3896 μὲν
3017 3824 3120 3894 γῆν
3149 3826 3230 3886 είς
3270 3825 3399 3893 χάος
3431 3822 3701 3878 καταδυο-

2119 3920 2311 3990 μένην,
2364 3919 2598 3988 ἀνῆκεςο
2643 3917 2744 3988 τὴν
2794 3916 2849 3969 δὲ
2879 3916 3160 3969 θάλασσαν
3205 3915 3325 3968 κατ’
3378 3915 3552 3984 αὐτῆς
3604 3913 3702 3967 καὶ

2114 4010 2224 4064 τῶν
2282 4009 2636 4062 ἐνοικούντων
2681 4007 3107 4079 ἐκμαινομένην,
3162 4006 3496 4070 ἀνέστειλας.
3542 4005 3703 4059 Οὕτω

2115 4105 2223 4156 τῶν
2247 4101 2516 4173 οὐρανίων
2546 4100 2634 4155 διά
2676 4099 2771 4153 τοῦ
2801 4099 2908 4153 τῶν
2947 4101 3252 4169 φωστήρων
3281 4096 3700 4168 συσκοτασμοῦ,

2116 4199 2176 4252 τὸ
2223 4198 2318 4252 τοῦ
2367 4196 2575 4259 πάθους
2620 4194 2946 4250 ἀνύποιστον
2992 4193 3441 4262 ἐνδεικνυμένων,
3481 4191 3573 4244 τὸν
3624 4193 3705 4254 εἰς

2117 4292 2261 4348 ἆπαν
2286 4289 2385 4343 οὐκ
2417 4289 2610 4350 εἴασας
2649 4283 2980 4354 ἀφανισμὸν,
3013 4281 3158 4336 οὕτω
3194 4284 3294 4352 τὴν
3327 4283 3437 4335 τῶν
3475 4284 3705 4353 ἀσωμά-

2115 4403 2226 4438 των
2247 4377 2578 4450 λειτουργῶν
2601 4375 2996 4445 ἀγανάκτησιν,
3021 4374 3114 4426 καὶ
3137 4372 3228 4425 τὸν
3248 4371 3458 4425 δίκαιον
3483 4373 3702 4442 ἐπεῖχες

425 4477 493 4530 ad
527 4475 804 4530 interitum
839 4474 1092 4540 cederet;
1119 4475 1199 4529 sic
1229 4475 1671 4544 incorporearum
1719 4474 2002 4528 ministro-

2119 4475 2312 4546 Θυμόν.
2351 4472 2461 4525 Καὶ
2511 4468 2618 4540 γὰρ
2658 4468 2811 4521 αὐτοὶ
2862 4465 2971 4519 τῶν
3021 4463 3270 4536 οὐρανῶν
3313 4463 3701 4533 διακόψαντες,

426 4583 545 4622 rum
570 4567 998 4638 indignationem
1021 4607 1035 4632 ,
1071 4567 1386 4636 iustumque
1412 4568 1652 4620 furorem
1679 4565 1998 4619 cohibuisti.

426 4660 466 4714 li
501 4677 733 4730 namque
763 4659 967 4716 eccelis
997 4666 1377 4730 aspectantes,
1415 4674 1476 4712 ac
1502 4659 1706 4713 circum
1740 4657 2006 4712 Calvaria:

429 4753 608 4807 locum
643 4751 931 4806 volitantes
957 4791 971 4816 ,
997 4751 1162 4805 verba
1206 4749 1538 4819 ejuscemndi
1589 4749 1853 4806 adversus
1902 4749 2005 4801 hu-

427 4859 652 4899 manum
685 4858 854 4911 genus
889 4842 1259 4896 inclamabant
1325 4858 1338 4897 :
1385 4839 1430 4895 Ο
1483 4840 1651 4894 malas
1688 4839 2007 4894 creaturas!

429 4935 478 4993 Ο
521 4935 742 4991 crudele
793 4948 980 5004 genus,
1037 4934 1179 5001 quod
1233 4931 1357 4986 talia
1401 4933 1660 4987 adversus
1719 4929 2010 4984 Dominum

431 5042 586 5084 suum
612 5024 1059 5100 praesumpserit!
1109 5023 1153 5080 0
1207 5033 1455 5078 naturam
1495 5030 1716 5092 peccato
1751 5021 2017 5074 addictio-

431 5135 570 5186 rem,
603 5135 721 5190 qua:
765 5119 946 5175 furore
1005 5128 1157 5173 tanto
1208 5118 1464 5173 adversus
1495 5116 1808 5171 Creatorem
1859 5128 2013 5167 suum

434 5213 726 5268 insanivit!
763 5211 915 5279 Sine,
966 5209 1550 5288 Domine,ut_justam
1597 5207 1676 5262 eis
1722 5204 2018 5260 inferamus

435 5321 673 5376 poenam.
691 5303 820 5361 Sine
837 5314 895 5360 ut
913 5305 1408 5366 innumerabilium,
1435 5318 1554 5372 quae
1572 5308 1877 5371 patrarunt,
1894 5313 2015 5354 sce-

435 5397 629 5473 lerum,
655 5413 964 5469 supremam
996 5397 1213 5456 tandem
1251 5395 1402 5450 luant
1440 5410 1681 5462 pinnam.
1711 5391 1847 5447 Vide
1871 5393 2017 5446 enim

437 5490 506 5546 ad
539 5502 802 5563 quantam
835 5492 1178 5561 iniquitatem
1198 5479 1603 5558 promoverunt.
1633 5488 1936 5542 Adversum
1969 5497 2018 5540 te

438 5571 739 5642 beneﬁcum
767 5583 924 5640 suum
960 5584 1124 5640 caedis
1151 5583 1344 5637 avidas
1378 5589 1734 5636 armaverunt
1776 5593 1968 5634 manus
2000 5595 2015 5633 :

434 5675 725 5737 adversum
754 5685 805 5732 te
833 5675 1062 5748 justum,
1095 5673 1413 5744 iniustitiam
1439 5672 1845 5732 concinnarunt
1874 5689 1888 5728 :
1925 5672 2018 5728 ad-

514 5831 562 5866 ”
599 5832 747 5893 Psal.
794 5847 908 5896 cut,
949 5832 1002 5888 2.
1081 5835 1122 5866 ⁸³
1165 5832 1350 5900 ιειι.νι,
1390 5833 1436 5888 ί.
1517 5833 1559 5864 ⁸³
1599 5830 1741 5891 Psal.
1776 5833 1976 5898 c.ttt,5.

2106 4570 2204 4629 καὶ
2230 4569 2319 4620 τὸν
2344 4563 2585 4634 Κρανίου
2617 4559 3041 4632 περιιπτάμενοι
3088 4558 3276 4623 τόπον,
3308 4556 3533 4617 τοιαῦτα
3562 4573 3702 4611 κατ-

2109 4664 2279 4719 ἐϐόων
2328 4661 2426 4728 τῆς
2473 4655 2902 4726 ἀνθρωπότητος
2933 4667 2947 4682 ·
3004 4653 3070 4704 Ὢ
3133 4649 3386 4721 πονηρῶν
3464 4649 3703 4719 κτισμά-

2108 4755 2246 4813 eum!
2286 4753 2331 4805 ὣ
2364 4749 2651 4822 μιαιφόνου
2683 4746 2877 4815 γένους
2902 4743 2996 4798 τοῦ
3037 4744 3106 4796 τά
3158 4743 3389 4796 τοιαῦτα
3439 4741 3581 4796 κατά
3606 4740 3701 4794 τοῦ

2112 4847 2312 4904 οἰκείου
2362 4843 2735 4912 τολμὴσαντος
2761 4837 3072 4891 Δεσπότουῑ
3127 4835 3173 4889 ὣ
3207 4834 3701 4904 φιλαμαρτήμονος

2112 4941 2350 5011 φύσεως,
2383 4936 2483 5006 τῆς
2548 4933 2692 4988 οὕτω
2735 4931 2878 4986 κατά
2913 4931 3006 4985 τοῦ
3049 4928 3402 5000 Δημιουργοῦ
3445 4925 3704 4996 ἐκμανεί-

2115 5049 2214 5102 σης
2235 5031 2248 5083 !
2272 5031 2394 5093 Ἔα,
2417 5027 2684 5088 Δέσποτα,
2710 5024 2808 5094 τὴν
2837 5024 2957 5078 κατ’
2990 5023 3172 5076 αὐτῶν
3198 5022 3504 5088 ἐξενεγκεῖν
3522 5034 3701 5072 τιαω-

2119 5120 2262 5191 ρίαν.
2319 5117 2649 5190 Παραχώρει
2690 5115 2799 5170 τῶν
2843 5112 3054 5185 μυρίων
3101 5112 3298 5174 αὐτοὺς
3345 5112 3703 5179 ἀνοσιουργη·

2122 5212 2304 5282 μάτων
2353 5213 2452 5282 τὴν
2495 5207 2812 5263 τελευταίαν
2862 5207 3117 5260 ἀποτῖσαι
3171 5203 3355 5284 δίκην..
3405 5203 3547 5280 Ὅρα
3591 5200 3724 5271 γὰρ,

2119 5302 2220 5356 ποῦ
2253 5303 2565 5373 προέϐησαν
2595 5299 2928 5370 ἀθλιότητος.
2958 5295 3115 5349 Κατά
3139 5295 3232 5348 σοῦ
3269 5295 3364 5350 τοῦ
3400 5292 3696 5363 εὐεργέτου

2115 5396 2214 5453 τὰς
2249 5395 2570 5464 μιαιφόνους
2611 5391 2860 5446 ὥπλισαν
2903 5392 3126 5461 χεῖρας·
3155 5388 3299 5442 κατά
3349 5387 3446 5440 σοῦ
3485 5384 3577 5438 τοῦ
3615 5385 3698 5436 δι-

2117 5485 2298 5551 καίου,
2334 5485 2432 5554 τὴν
2462 5483 2675 5537 ἀδικίαν
2718 5481 3054 5544 συνέπλεξαν
3075 5496 3089 5511 ·
3120 5479 3260 5532 κατὰ
3293 5478 3391 5548 τῆς
3429 5476 3572 5547 ζωῆς
3597 5473 3695 5543 τὴν

2119 5577 2491 5647 θανατηφόρον
2557 5574 2855 5644 ἐξήνεγκαν
2923 5571 3128 5642 ψῆφον,
3185 5571 3234 5624 oi
3293 5568 3387 5622 τοῦ
3468 5566 3698 5621 θανάτου

2120 5669 2329 5743 ἔνοχοιο
2372 5669 2433 5726 τὸ
2474 5668 2668 5742 μιαρὸν
2706 5666 2996 5738 σύναγμαο
3037 5663 3097 5718 τὸ
3129 5661 3467 5730 πολυστυγές
3512 5657 3696 5732 φῦλον.
