4060 6416
231 423 363 488 16ῧῦ

1035 426 1116 486 ΙΝ
1158 426 1259 487 SS.
1304 427 1606 487 ΜᾹΡιῐΑΜ
1647 429 2174 493 ASSIS’I‘ENTEM
2212 434 2477 509 CRUCI,‘
2511 434 2674 495 ETC.

3359 435 3498 501 1486

231 539 335 608 γαρ
362 538 455 589 καὶ
478 536 754 607 διήρκεσε,
788 535 877 590 re.
907 537 1223 605 πανάγαθον
1253 539 1380 592 Υξδν
1399 545 1491 591 καὶ
1522 541 1805 607 Δεσπότην

1920 545 2055 597 cium
2083 545 2364 599 hominum
2394 546 2632 611 insania,
2684 525 3087 600 intolerabilem
3147 545 3267 615 ejus
3315 550 3501 604 animo

231 628 331 682 ὑπὸ
380 627 635 700 πονηρῶν
685 627 887 681 δούλων
937 630 1070 698 ὁρᾷν
1120 628 1657 700 συλλαμϐανόμενον,
1710 631 1806 683 καὶ

228 723 403 792 πρᾶον
432 720 527 773 καὶ
554 722 761 775 ἄκακον
792 720 964 791 ἀμνὸν
990 720 1096 774 ὑπὸ
1119 720 1307 792 θηρῶν
1331 721 1540 792 ἀγρίων
1570 722 1806 791 κατεχό-

230 828 387 881 μενον
415 828 432 843 ο
469 810 563 864 καὶ
617 810 823 882 πραεία
864 812 962 882 μὲν
1009 810 1175 865 αὐτὸν
1219 813 1316 865 καὶ
1358 811 1500 883 ὴπίᾳ
1532 828 1803 884 προσομι-

227 901 421 955 λοῦντα
463 906 638 974 φωνῇ,
695 905 955 974 μανιώδει
998 903 1059 957 δὲ
1126 903 1364 968 ἐκείνους
1408 905 1505 958 καὶ
1544 904 1807 975 ἀνημέρῳ

227 993 532 1066 βρύχοντας
588 994 717 1062 τοὺς
760 996 1041 1055 ἀνουντας,
1097 995 1375 1066 καταϐοᾷν
1400 997 1659 1067 κραυγῇ;
1710 995 1808 1058 Τίς

180 1124 183 1131 .
231 1084 314 1157 ἢν,
344 1087 681 1157 ἀπαγομένῳ
712 1088 1208 1155 συνακολουθοῦσα,
1234 1089 1329 1142 καὶ
1351 1087 1498 1142 ἔνδον
1526 1086 1810 1158 εἰσαχθέν-

229 1196 307 1242 τι,
362 1180 457 1231 καὶ
483 1177 794 1251 κρινομένῳ
821 1179 1315 1251 προσκαρτεροῦσα
1360 1181 1481 1233 τότε
1507 1195 1522 1245 ;
1552 1178 1675 1243 Πῶς
1711 1179 1812 1241 τὰς

226 1270 494 1336 διεξόδους
526 1271 636 1325 τῶν
665 1274 1126 1344 ἐκπορευομένων
1174 1274 1540 1340 κατανοοῦσα,
1588 1276 1648 1328 έν
1692 1276 1808 1337 τοῖς

228 1362 486 1417 ἁπάντων
507 1363 766 1437 προσεῖχε
794 1366 1049 1437 στόμασι,
1075 1366 1131 1420 τί
1164 1367 1230 1422 ἂν
1256 1366 1388 1439 περὶ
1421 1367 1530 1420 τῶν
1556 1368 1805 1436 ἀποφαν-

228 1457 433 1509 θέντων
459 1457 877 1527 ἀναγγείλειενς
916 1457 1078 1512 Ἐπεὶ
1120 1459 1179 1513 δὲ
1226 1460 1438 1522 πάντας
1485 1460 1811 1531 ὁμοτρόπως

228 1549 318 1601 τὸν
371 1548 490 1602 κατ’
542 1548 708 1602 αὑτοῦ
759 1550 920 1621 φόνον
972 1551 1306 1614 ἐκπνέοντας
1363 1549 1530 1621 ἐώρα,
1596 1550 1804 1620 μᾶλλον

227 1638 366 1709 αὐτῇ
390 1638 460 1692 τὰ
491 1639 589 1711 τῆς
621 1639 815 1710 ὀδύνης
837 1641 1112 1698 ἐπεδίδου.
1156 1642 1292 1696 Οὐδὲ
1332 1640 1441 1713 γὰρ
1468 1643 1654 1715 παρῆν
1680 1642 1709 1695 ό
1741 1644 1809 1715 τῇ

227 1730 458 1802 ἀληθείᾳ
486 1718 877 1805 συνηγορήσων
905 1734 1029 1786 τότε
1059 1750 1074 1766 ·
1106 1733 1219 1788 οὐδ’
1257 1736 1409 1797 ὅστις
1460 1736 1528 1789 ἂν
1571 1737 1670 1805 τῆς
1697 1735 1812 1788 ἀδι-

230 1821 356 1885 κίας
388 1822 918 1895 καταμεμψάμενος,
946 1826 1046 1879 καὶ
1078 1824 1149 1878 τὰ
1177 1825 1277 1897 τῆς
1312 1826 1546 1890 ἀτοπίας
1581 1826 1810 1898 ἐπιϐοή-

229 1930 352 1977 σας,
397 1914 458 1967 τὸ
496 1914 742 1987 λυπηρὸν
767 1916 908 1989 αὐτῇ
958 1916 1495 1990 προσεπεκούφισεν.
1530 1918 1718 1971 ’Δπαν
1750 1897 1812 1972 τὸ
1842 1897 1887 1954 Β

226 2009 526 2080 συνέδριον,
553 2011 653 2080 τῆς
688 2010 1009 2080 μιαιφονίας
1058 2008 1128 2082 ἢν
1150 2028 1165 2043 ο
1198 2011 1368 2078 ἅπαν,
1427 2011 1526 2083 τὴν
1565 2011 1812 2083 ἄθεσμον

222 2100 450 2155 ἀνέπνει
476 2102 656 2171 ψῆφον
686 2119 699 2134 ο
750 2103 927 2167 οὐδεὶς
957 2105 985 2156 ὀ
1029 2105 1098 2174 τῇ
1149 2102 1336 2175 δικαίᾳ
1377 2103 1813 2174 προστιθέμενος

222 2192 428 2261 κρίσει.
461 2193 572 2246 Καὶ
603 2193 713 2265 γὰρ
767 2193 864 2247 καὶ
890 2197 941 2248 ot
974 2196 1192 2266 γνήσιοι
1223 2195 1323 2264 μὲν
1356 2195 1678 2266 ἀπέδρασαν
1703 2210 1717 2227 ·
1756 2194 1807 2248 οἱ

220 2284 279 2338 δὲ
324 2283 429 2355 τὴν
478 2285 762 2358 ἀλήθειαν,
807 2283 886 2357 τῷ
941 2285 1095 2357 φόϐῳ
1149 2285 1531 2357 κατέκρυπτον
1561 2301 1576 2318 ο
1629 2285 1727 2339 καὶ
1782 2286 1813 2341 6

220 2379 523 2449 κορυφαῖος
572 2378 627 2431 δὲ
654 2378 764 2432 τῶν
818 2379 1080 2450 μαθητῶν
1113 2382 1209 2434 καὶ
1236 2379 1431 2449 φίλων,
1477 2378 1804 2451 ἀπηρνεῖτο.

218 2467 383 2521 (ὶῦτω
442 2468 577 2539 μόνη
631 2468 694 2521 τδ
740 2467 960 2539 βέϐαιον
993 2471 1260 2542 τηροῦσα,
1300 2470 1397 2524 καὶ
1448 2472 1564 2533 τοῖς
1616 2470 1813 2533 δεινοῖς

217 2558 670 2631 ἐγκαρτεροῦσα,
701 2561 833 2626 τοὺς
876 2562 1328 2633 ἐπιεικεστέρους
1360 2560 1483 2628 ζτῶν
1530 2559 1625 2615 τοῦ
1656 2561 1816 2615 δικα-

220 2651 455 2722 στηρίου
482 2651 811 2718 διεξιόντων,
843 2653 1010 2727 ἧρετο
1038 2653 1222 2724 δῆθεν,
1252 2653 1329 2717 ὡς
1348 2653 1449 2725 τὴν
1485 2652 1672 2707 αἰτίαν
1710 2669 1819 2725 μα-

215 2744 414 2809 θοῦσα,
456 2744 549 2798 καὶ
574 2745 674 2815 τὴν
702 2746 829 2817 περὶ
855 2744 950 2799 τοῦ
979 2744 1194 2799 δικαίου
1247 2744 1546 2799 καταδίκου
1592 2743 1812 2812 ἀπόφα-

216 2852 303 2889 σιν
325 2855 342 2870 ο
372 2832 532 2907 τᾺρα
588 2837 643 2891 τί
671 2837 733 2891 τὸ
769 2838 961 2903 αῐτιον,
990 2836 1206 2908 ἄνδρες,
1257 2836 1516 2905 λέγουσα,
1558 2835 1660 2905 τῆς
1715 2835 1812 2890 τοῦ

216 2927 373 2992 ξένου
416 2927 609 2982 τούτου
633 2930 1051 3001 κατασχέσεως;
1082 2929 1166 2993 τίς
1193 2928 1297 3000 δ’ή
1327 2928 1450 2983 κατ’
1481 2926 1651 2982 αὐτοῦ
1678 2943 1816 2997 συγ·

218 3022 517 3090 κινηθεῖσα
542 3020 767 3091 σκῆψις,
803 3021 936 3092 περὶ
953 3016 1021 3092 ἧς
1054 3018 1150 3074 νῦν
1175 3019 1251 3084 ῶς
1274 3020 1573 3085 κατάδικος
1599 3019 1816 3095 κεκρά-

216 3129 385 3184 τηται
421 3113 522 3166 καὶ
569 3112 857 3167 εὐθύνεται
883 3128 899 3179 ;
924 3112 1010 3177 τίς
1058 3114 1092 3184 ή
1139 3112 1333 3166 τοῦτον
1371 3111 1816 3178 καταδικάζουσα

217 3204 404 3311 ψῆφος
428 3222 444 3271 ;
475 3203 580 3275 Οἷα
599 3204 729 3275 περὶ
741 3203 905 3258 αὑτὸν
930 3204 981 3257 οἱ
1002 3204 1193 3274 κριταὶ
1215 3202 1554 3258 διατίθενται
1575 3202 1812 3279 γνώμης
1845 3253 1891 3311 c

218 3296 359 3351 Τίνα
395 3296 499 3366 τὴν
530 3295 653 3350 κατ’
715 3295 881 3350 αὑτοῦ
915 3295 1245 3366 ἐκφέρουσιν
1287 3294 1605 3364 ἀπόφασινς
1656 3295 1817 3349 Ἔστι

217 3407 304 3454 τις
340 3388 642 3459 συγνώμης
670 3383 919 3469 βουλὴ,ἢ
948 3387 1149 3452 πάντες
1197 3387 1298 3459 τὴν
1324 3386 1683 3455 ἀσύγνωστον
1736 3385 1821 3452 ἑξ-

218 3479 553 3549 ενηνόχασιν
569 3477 910 3548 ἀποτομίαν;
937 3477 1216 3540 Τοιούτοις
1236 3474 1422 3530 τοίνυν
1446 3476 1549 3530 οὐκ
1576 3474 1819 3545 ἀγεννῶς

221 3572 347 3642 μὲν,
377 3570 457 3633 ὡς
499 3568 565 3625 ἂν
600 3568 676 3641 μὴ
706 3567 1016 3639 φωραθείη,
1053 3566 1359 3637 συμπαθῶς
1395 3566 1453 3620 δὲ
1501 3566 1821 3638 διερωτῶσα

216 3664 334 3726 τοῖς
364 3662 578 3731 λόγοις,
610 3660 711 3734 τὴν
746 3658 896 3713 ἔνδον
923 3659 1314 3731 ἀναπτομένην
1342 3658 1634 3713 ὑπεδείκνυ
1681 3675 1821 3730 κρα-

214 3753 426 3808 τοῦσαν
450 3752 632 3824 φλόγα
654 3772 668 3785 ·
703 3745 856 3824 καὶῇ
891 3753 1015 3823 μὲν,
1050 3753 1132 3816 εἰς
1160 3750 1473 3821 τούμφανὲς
1508 3749 1821 3816 ἐξεϐιάζετο

215 3845 536 3919 προϐῆναιο
634 3844 713 3910 δὲ,
746 3843 824 3916 τῷ
848 3845 1147 3915 ἀνυπόπτῳ
1175 3844 1419 3915 σχήματι
1445 3841 1640 3913 βιαίως
1672 3843 1821 3896 ἑπεϊ-

211 3956 314 4010 χεν
344 3954 360 3969 ο
389 3938 454 3992 οὐ
489 3936 553 3991 τὸ
599 3935 846 3991 έναθλεῖν
885 3937 1028 4007 ὑπὲρ
1066 3936 1314 3989 τοιούτου
1359 3932 1776 4004 παραιτουμένη
1801 3948 1816 3964 ·

211 4032 277 4087 τὸ
308 4031 372 4087 δὲ
410 4028 569 4100 παρά
600 4029 801 4102 βουλήν
844 4047 896 4084 τι
928 4028 1024 4084 τοῦ
1054 4028 1361 4100 πάσχοντος
1386 4026 1463 4099 μὴ
1493 4028 1673 4081 ποιεῖν
1706 4043 1815 4082 πα-

214 4121 710 4199 ραῖρυλαττομένη.

300 4404 534 4477 Ἐπειδὴ
565 4403 621 4458 δὲ
650 4402 746 4457 καὶ
773 4401 910 4472 πρὸς
943 4401 1174 4456 Πιλᾶτον
1207 4401 1300 4455 καὶ
1337 4399 1590 4472 Ἡρώδην
1624 4417 1808 4473 παρα-

213 4499 576 4573 πεμπομένῳ
632 4494 1049 4550 συνακολουθεῖν
1110 4495 1250 4565 αὐτῇ
1287 4494 1499 4566 προσῆν
1556 4493 1825 4564 ἀνάγκη,

1912 635 2192 689 tristitiam
2218 638 2497 691 creabant.
2536 634 2641 702 Qui
2663 636 2809 691 enim
2863 636 3130 705 Optimum
3152 636 3349 692 Filium
3393 638 3500 694 Do—
3590 666 3593 669 λ

1911 726 2224 797 minumque
2246 742 2275 780 a
2303 726 2552 796 malignis
2578 727 2753 782 servis
2774 728 3253 796 comprehensum,
3271 746 3499 790 agnum-

1908 834 2015 889 qne
2028 820 2212 875 mitem
2227 836 2290 875 ac
2306 820 2646 875 innocentem
2663 822 2729 875 ab
2746 820 3073 875 immanibus
3087 830 3292 875 tentmn
3309 821 3498 877 bestiis

1911 912 2095 967 videre
2120 913 2412 968 sustineret
2436 930 2450 966 :
2470 927 2533 966 ac
2554 928 2676 966 enm
2692 913 2911 982 quidem
2941 923 3224 966 mansueta
3253 913 3398 979 ipsos
3433 927 3499 965 ac

1912 1001 2015 1057 leni
2075 1001 2331 1073 aﬁ'antem
2367 1020 2499 1061 voce
2524 1044 2539 1069 ,
2564 1014 2813 1060 amentes
2873 1012 3053 1059 autem
3094 1003 3213 1058 illos
3256 1003 3411 1058 ferali
3435 1020 3500 1058 ac

1913 1093 2114 1149 crudeli
2133 1095 2371 1149 clamore
2390 1092 2453 1150 ac
2473 1097 2650 1165 rugitu
2683 1095 2979 1150 frementes
2998 1094 3022 1147 ?
3047 1094 3153 1162 Qui
3185 1095 3367 1149 animo
3393 1096 3462 1149 ha
3480 1124 3497 1136 -

1914 1182 2314 1248 bebat,Ftlium
2360 1200 2595 1255 sequens
2647 1201 2771 1241 cum
2830 1195 3135 1254 raperetur,
3169 1200 3233 1240 ac
3277 1185 3498 1239 interim

1912 1276 2042 1331 dum
2081 1276 2336 1331 inductus
2383 1277 2672 1331 sisteretur
2720 1291 2784 1331 ac
2844 1275 3203 1346 iudicaretur,
3244 1285 3500 1330 constan-

1914 1379 1999 1423 ter
2077 1367 2344 1423 manens?
2402 1368 2685 1435 Quomodo
2770 1369 3163 1437 egredientium
3236 1369 3502 1421 transitus

1915 1459 2204 1531 diligenter
2222 1458 2597 1524 considerans,
2623 1459 2866 1513 omnium
2885 1473 2983 1513 ora
2999 1459 3344 1521 observabat,
3369 1474 3498 1512 num

1915 1552 2319 1622 quodjudieum
2353 1551 2624 1607 sententia
2649 1550 2901 1617 sedisset,
2940 1552 3343 1605 renuntiarent.
3389 1549 3500 1605 Ubi

1916 1642 2094 1700 autem
2157 1647 2440 1698 unanimes
2489 1656 2680 1698 omnes
2716 1642 2770 1696 in
2826 1643 3024 1697 czedem
3059 1643 3325 1696 adversus
3375 1655 3504 1696 eum

1914 1737 2232 1807 conspirare
2263 1736 2497 1800 videret,
2524 1734 2640 1803 ejus
2669 1734 2968 1805 impensius
3001 1736 3301 1802 augebatur
3326 1732 3499 1788 dolor.

1918 1830 2107 1885 Nullus
2138 1829 2284 1884 enim
2326 1836 2454 1883 tunc
2488 1838 2606 1883 erat
2632 1827 2724 1898 qui
2758 1827 2974 1882 veritati
3025 1826 3500 1896 patrocinaretur;

1918 1939 2018 1980 nec
2045 1923 2334 1994 quisquam
2366 1922 2701 1990 vituperans,
2733 1935 2896 1990 qnam
2940 1917 3109 1973 Judxi
3179 1917 3499 1986 injustitiam

1918 2016 2235 2087 peccabant,
2274 2023 2435 2085 atque
2485 2013 2539 2067 itt
2573 2012 2751 2068 scelus
2792 2011 3112 2074 inclamans,
3154 2008 3273 2079 ejus
3332 2007 3498 2062 animi

1916 2110 2150 2166 leniebat
2190 2106 2489 2162 tristitiam.
2535 2104 2834 2160 Concilium
2860 2103 3270 2164 universum,in
3298 2100 3500 2155 cretlem

1918 2201 2209 2256 anhelabat
2255 2198 2620 2255 :universum
2689 2197 2930 2265 iniquam
2983 2195 3226 2265 Spirabat
3283 2202 3500 2247 senten-

1920 2293 2048 2348 tiam
2083 2308 2098 2347 :
2138 2306 2206 2346 ne
2233 2305 2372 2346 unus
2391 2297 2508 2345 erat
2534 2290 2623 2357 qui
2665 2288 2893 2357 justitia‘.
2949 2286 3248 2341 accederet.
3273 2282 3406 2336 Nam
3446 2293 3503 2335 et

1917 2384 2115 2441 sinceri
2159 2383 2258 2455 ipsi
2280 2382 2440 2437 amici
2470 2380 2831 2450 aufugerunt;
2866 2378 2954 2432 alii
2989 2388 3167 2431 autem
3201 2391 3309 2445 pra:
3332 2382 3501 2437 metu,
3590 2406 3594 2411 η

1919 2477 2205 2532 veritatem
2236 2472 2507 2529 celabant.
2537 2469 2680 2538 Quin
2734 2480 2789 2524 et
2816 2468 3203 2537 discipulorum
3253 2481 3318 2519 ac
3360 2464 3500 2517 ami-

1920 2585 2108 2627 corum
2163 2567 2415 2637 princeps
2484 2566 2869 2635 abnegaverat.
2934 2561 3025 2619 Sic
3077 2560 3188 2616 sola
3243 2558 3502 2612 invictum

1921 2659 2089 2716 animi
2125 2660 2291 2714 robur
2319 2670 2570 2722 servans,
2600 2654 2873 2723 rebusque
2921 2650 3059 2705 adeo
3091 2649 3277 2704 arduis
3314 2662 3380 2701 ac
3402 2647 3501 2701 tri-

1917 2756 2093 2811 stibus
2118 2761 2434 2808 constanter
2450 2762 2833 2821 perseverans,
2856 2746 2900 2802 si
2932 2760 3068 2815 quos
3097 2743 3331 2798 leniores
3352 2757 3380 2793 a
3409 2742 3506 2794 tri-

1917 2846 2104 2904 bunali
2152 2843 2494 2916 egredientes
2566 2840 2816 2904 vidisset,
2876 2835 3318 2907 percontabatur,
3361 2831 3506 2884 velut

1917 2937 2109 3007 utique
2158 2935 2399 2990 docenda
2464 2931 2697 2993 crimen,
2728 2928 2930 2998 quidve
2983 2927 3243 2979 adversus
3299 2922 3503 2991 justum

1920 3044 2074 3086 reum
2104 3029 2384 3084 decretum
2433 3033 2601 3080 esset.
2653 3023 2939 3089 Quaenam,
2969 3016 3164 3090 inquit,
3185 3015 3308 3078 viri,
3339 3028 3506 3067 causa

1919 3130 2025 3188 est,
2065 3128 2126 3175 ut
2150 3118 2251 3185 hic
2286 3116 2610 3188 peregrinus
2641 3122 2824 3168 tentus
2889 3107 3109 3164 fuerit?
3144 3105 3429 3173 Quodnam
3455 3102 3503 3155 ei

1920 3209 2235 3280 impositum
2268 3215 2355 3263 est
2387 3206 2621 3268 crimen,
2654 3203 2808 3271 cujus
2837 3216 2980 3255 nunc
3009 3207 3161 3253 reatu
3190 3204 3374 3249 tentus
3399 3203 3506 3255 est,

1925 3302 2156 3371 atquein
2184 3298 2450 3371 judicium
2477 3296 2676 3353 actus?
2720 3293 2966 3361 Quonam
2993 3291 3286 3345 damnatur
3310 3283 3509 3338 suﬂra-

1927 3395 2059 3468 gio?
2092 3393 2211 3462 Quo
2239 3392 2305 3447 ad
2339 3406 2464 3446 eum
2498 3389 2685 3444 animo
2718 3387 2921 3440 habent
2943 3379 3199 3453 iudices?
3235 3378 3410 3445 Quam
3454 3378 3507 3468 in

1926 3466 2048 3545 eum
2069 3485 2351 3557 proferunt
2373 3477 2748 3539 sententiam?
2778 3477 2915 3531 Num
2945 3476 3086 3529 ultus
3110 3472 3279 3526 venia:
3316 3469 3465 3523 locus
3486 3466 3513 3519 τ

1923 3579 2007 3636 An
2063 3593 2255 3633 omnes
2316 3572 2780 3645 indcprecabilem
2842 3570 3076 3639 rigorem
3115 3559 3513 3622 ostenderunt!

1926 3671 2023 3728 Bis
2054 3664 2236 3740 itaque
2257 3682 2323 3724 ac
2344 3667 2616 3723 similibus
2668 3670 2985 3734 percontata
3014 3657 3219 3719 verbis,
3250 3668 3352 3707 nun
3379 3651 3513 3705 mol-

1927 3764 2033 3819 lius
2057 3761 2299 3833 quidem,
2327 3768 2387 3815 ut
2448 3774 2517 3814 ne
2578 3754 3104 3828 deprehenderetur,
3146 3744 3514 3801 miserationis

1930 3866 2111 3912 tamen
2138 3852 2352 3919 aﬂ'ectu,
2384 3864 2669 3907 accensam
2734 3848 2918 3902 animo
2958 3843 3253 3907 ﬂammam,
3281 3854 3402 3909 qna:
3435 3848 3513 3890 te-

1928 3957 2171 4014 neretur,
2209 3945 2476 4016 prodebat
2508 3961 2522 3998 :
2554 3958 2619 3998 ac
2642 3941 2841 4011 partim
2869 3937 3111 4008 quidem,
3145 3931 3512 4001 compelleba-

1931 4049 2021 4095 tur
2066 4038 2117 4092 in
2146 4035 2417 4106 publicum
2476 4033 2742 4104 proferre,
2791 4029 2984 4099 partim
3039 4036 3098 4080 ut
3148 4023 3512 4093 suspicionem

1929 4132 2148 4194 vitaret,
2186 4130 2237 4183 vi
2274 4125 2670 4197 comprimebat
2700 4141 2713 4178 :
2770 4136 2876 4175 non
2935 4118 3084 4174 velut
3116 4126 3390 4172 certamen
3418 4129 3515 4183 pro

1928 4220 2198 4288 ejusmodi
2224 4214 2713 4281 detrectaret;sed
2762 4214 2818 4268 id
2864 4211 3156 4283 diligenter
3204 4223 3424 4273 cavens,
3458 4213 3517 4260 ttt

1928 4329 2000 4369 ne
2037 4312 2166 4383 quid
2189 4318 2387 4381 prater
2420 4305 2707 4362 morientis
2734 4304 3072 4361 voluntatem
3099 4301 3322 4357 faceret.

2001 4404 2140 4473 Quia
2172 4410 2354 4457 autem
2381 4413 2603 4455 necesse
2634 4407 2777 4466 erat,
2813 4406 2873 4452 ut
2926 4395 3092 4452 etiam
3125 4393 3513 4449 transmissum

1930 4495 1998 4551 ad
2026 4494 2258 4550 Pilatum
2308 4506 2371 4546 ac
2400 4489 2666 4545 Herodem
2726 4496 3119 4553 assectaretur,
3153 4500 3262 4555 qua
3298 4484 3513 4539 ferebat

211 4595 340 4659 πῶς
372 4593 547 4663 έφερε
576 4588 980 4660 περιαγόμενον
1010 4587 1176 4640 αὐτὸν
1195 4588 1273 4647 ὡς
1294 4585 1610 4658 κακοῦργον
1635 4586 1770 4658 όρᾷν
1794 4602 1809 4652 ;

1935 4596 2116 4645 mente
2143 4586 2330 4641 videns
2356 4582 2651 4650 circumagi
2684 4592 2742 4635 ut
2772 4578 3127 4635 maleﬁcum?
3160 4578 3280 4645 Quo
3320 4591 3513 4646 precor

211 4687 362 4759 Ποία
385 4684 543 4755 ψυχῇ
584 4681 953 4752 διεκαρτέρει,
983 4679 1079 4733 νῦν
1110 4679 1209 4751 μὲν
1249 4678 1489 4750 δημοσίᾳ
1542 4694 1819 4748 κατακρι.

209 4778 459 4847 νόμενον
522 4772 617 4827 καὶ
674 4771 1112 4842 μαστιγούμενον
1162 4769 1407 4839 βλέπειν,
1453 4767 1552 4823 νῦν
1600 4768 1658 4822 δὲ
1713 4768 1819 4822 ὑπὸ

212 4862 594 4939 στρατιωτῶν
620 4860 1209 4934 παραλαμϐανόμενον,
1245 4858 1342 4913 καὶ⁸
1395 4856 1468 4912 τὰ
1510 4858 1685 4929 μυρία
1721 4862 1824 4930 τῆς

211 4958 465 5019 ἀτοπίας
520 4952 802 5024 πάσχοντα
831 4950 925 5005 καὶ
956 4947 1289 5020 παιζόμενον
1317 4966 1332 5017 ;
1390 4947 1542 5011 ὅπως
1574 4947 1636 5001 τὸ
1681 4948 1822 5013 ζωο-

211 5050 377 5106 ποιδν
406 5047 593 5125 ὲκεζνο
631 5043 947 5116 πρόσωπον,
974 5041 1044 5095 τὰ
1078 5039 1289 5111 βέϐηλα
1332 5038 1661 5111 κατεδέχετο
1708 5039 1822 5094 τῶν

1920 4678 2297 4741 animovidere
2319 4684 2685 4748 pateratnunc
2702 4673 2918 4746 quidem
2952 4671 3166 4743 publice
3203 4670 3516 4723 damnatum

1922 4790 1984 4831 ac
2011 4769 2238 4841 ﬂagellis
2263 4782 2503 4833 ctesum;
2537 4780 2681 4820 nunc
2717 4773 2902 4820 autem
2938 4780 2968 4819 a
2997 4761 3222 4817 militari
3257 4774 3515 4829 compre-

1921 4866 2152 4922 hensum
2187 4874 2372 4921 manu.
2411 4857 2804 4926 innumeraque
2834 4856 2902 4911 ab
2929 4870 3117 4911 eorum
3166 4852 3368 4909 malitia
3401 4865 3521 4905 sus-

1925 4957 2187 5013 tinentem
2208 4949 2532 5022 Opprobria?
2556 4947 2645 5016 Ut,
2677 4932 2927 5016 inquam,
2957 4930 3295 4999 vivitica'illa
3327 4942 3517 5003 facies,

1934 5045 2157 5118 profana
2196 5043 2468 5113 reciperet
2501 5041 2857 5096 scelestarum
2894 5038 3171 5092 hominum
3197 5044 3379 5104 sputu.
3416 5034 3517 5098 Qut

209 5142 471 5200 ἀνοσίων
515 5135 918 5209 ὲμπτύσματαξ·
953 5133 1072 5197 πῶς
1104 5132 1322 5204 διήρκει
1352 5132 1583 5203 θεωρεῖν
1611 5130 1831 5195 τοὺςτά

1940 5153 2071 5209 rogo
2090 5146 2283 5206 potens
2304 5136 2470 5190 animi
2491 5141 2609 5188 erat
2641 5142 2700 5187 ut
2729 5131 2916 5187 oculos
2959 5128 3139 5184 omnia
3172 5137 3516 5192 contuentes,

211 5236 413 5291 πάντα
470 5227 783 5300 θεωμένους
830 5225 1413 5297 περικαλυπτομένους
1472 5222 1827 5294 ὀφθαλμούςῖ

210 5325 404 5381 Τοῦτο
441 5320 557 5391 γάρ
582 5320 701 5372 ἐστι
731 5316 817 5384 τὸ,
844 5314 1280 5387 Κολαφίζεσθαι
1304 5331 1318 5345 ·
1351 5315 1419 5369 et
1432 5314 1612 5385 έρευς
1643 5331 1708 5369 τε
1731 5331 1835 5369 κα-

212 5419 293 5474 τὰ
325 5415 450 5483 τῆς
477 5414 689 5482 κόρης,
725 5410 821 5465 καὶ
857 5409 968 5481 τῆς
986 5411 1289 5481 sturax-[ag-
1322 5410 1614 5475 παίοντας
1650 5425 1833 5479 κεφα-

1939 5233 2058 5287 velo
2105 5238 2454 5284 contueretur
2504 5223 2810 5280 obductos?
2840 5223 2953 5278 Hoc
3003 5223 3154 5276 enim
3210 5221 3339 5276 illud
3372 5219 3516 5273 vult:

1933 5322 2180 5394 Colaphis
2210 5322 2380 5385 cwdi;
2406 5318 2641 5387 aliosque
2661 5315 3006 5386 percutienles
3046 5328 3230 5384 genas,
3284 5327 3346 5366 ac
3391 5327 3519 5364 san-

1933 5418 2220 5473 ctissimum
2247 5422 2403 5484 caput
2435 5411 2669 5467 ludibrio
2703 5408 2999 5462 acclamare
3022 5423 3041 5462 :
3069 5405 3383 5477 Prophetim
3422 5419 3521 5457 no-

212 5503 741 5609 λὶὶςύψπαρομῷ,
782 5502 1350 5607 τὸ,.Προφήτευσον
1388 5501 1550 5571 ἡμῖν,
1595 5500 1832 5571 Χριστὲ,

1938 5507 2037 5571 bis,
2084 5503 2292 5562 Christe
2315 5504 2381 5559 “.
2415 5501 2700 5571 Quomodo
2750 5510 2913 5571 caput
2953 5498 3081 5553 illttd
3125 5497 3268 5569 qund
3298 5510 3523 5554 venera-

216 5589 781 5673 πρῗῖφωνοῦντας.
831 5595 957 5662 Πῶς
993 5596 1241 5668 κορυφὴν
1283 5598 1351 5667 ἢν
1394 5595 1607 5660 ἔσεϐεν,
1645 5598 1713 5665 ἣν
1758 5596 1836 5660 ὡς

1937 5599 2067 5653 tioni
2102 5597 2378 5662 habebat;
2412 5594 2554 5664 quod
2586 5592 2733 5648 velut
2786 5590 3068 5660 Creatoris
3106 5608 3169 5645 ac
3202 5589 3327 5645 Filii
3362 5601 3521 5657 caput

220 5690 597 5770 Δημιουργοῦ
629 5692 723 5745 καὶ
752 5690 883 5744 Υίοῦ
908 5689 1305 5760 καταφιλοῦσα,
1358 5689 1709 5762 προσεκύνει,
1744 5688 1835 5744 τὸν

1936 5691 2189 5748 osculans
2244 5689 2502 5745 adorabat
2543 5705 2556 5743 :
2608 5686 2799 5757 spinea
2852 5699 3052 5742 corona
3085 5682 3397 5741 obcinctutn
3456 5694 3523 5735 ac

304 5872 352 5906 “
384 5867 591 5926 Matth.
619 5884 766 5935 xxvi,
791 5867 998 5933 67,68;
1033 5862 1193 5921 Marc.
1220 5876 1326 5925 λιν,
1352 5861 1439 5918 65.
