4060 6434
330 416 351 427 ε
394 393 526 455 1ι67

1532 394 1851 456 GEORGII
1892 393 2493 457 NICOMEDIENSIS

3492 356 3673 454 ’tttts

390 502 663 562 arundine
696 519 1014 575 percussum
1049 523 1063 562 :
1096 504 1356 576 omnique
1399 508 1605 579 majora
1644 510 1872 574 honore,
1907 524 1971 565 ac

2088 509 2366 563 ixoivaov
2401 506 2499 578 μὲν
2550 502 2931 574 ἀναῗυομὲνην
2999 503 3286 574 στέφανον,
3329 502 3573 574 καλάμῳ
3606 506 3671 558 δι

396 593 780 650 desiderabilia
809 595 910 665 ipsi
938 595 1200 659 membra,
1237 597 1601 667 ignominioso
1639 601 1864 665 nudata,
1909 616 1974 656 ac

307 694 313 730 ἰ
392 676 711 742 ementitam
763 702 1058 757 purpuram
1136 690 1345 754 induta,
1419 693 1665 761 aspicere
1724 693 1976 762 poterat?

396 778 524 831 llaec
549 776 625 831 illi
648 777 1039 834 inumerabiles
1068 781 1481 836 consciscebant
1521 791 1742 838 mortes.
1769 783 1973 840 Horum

386 867 695 938 quodlibet,
726 877 854 924 ante
890 869 1052 925 etiam
1103 881 1332 927 mortem
1363 873 1699 928 Dominicam
1726 916 1742 942 ,
1778 874 1977 933 lctbalc

396 961 475 1015 illi
504 961 701 1017 vulnus
760 962 1039 1034 inﬂigebat
1071 982 1085 1019 :
1128 982 1192 1021 ac
1223 980 1411 1022 revera
1458 967 1539 1023 sic
1576 966 1842 1036 habebat;
1875 985 1973 1026 sua

390 1062 577 1110 tamen
606 1053 821 1124 patiens
841 1055 957 1126 ipse
998 1056 1218 1125 virtute,
1245 1058 1416 1115 levius
1451 1058 1702 1116 faciebat.

472 1238 606 1307 Quis
635 1240 916 1297 enimvero
943 1242 1060 1310 ejus
1093 1242 1364 1300 viscerum
1395 1246 1779 1315 dcpascentem
1822 1245 1981 1300 ﬂam-

395 1346 542 1385 mam
554 1331 897 1401 cogitaverit,
920 1349 1029 1405 quo
1057 1343 1299 1405 tempore
1314 1336 1509 1392 Filium
1532 1337 1600 1392 ad
1625 1347 1978 1407 spontaneam

394 1425 779 1489 procedentem
812 1434 1066 1494 mortem,
1089 1436 1346 1483 constans
1373 1430 1723 1498 aspectabat?
1758 1429 1850 1496 Ut,
1898 1431 1979 1486 in-

392 1527 586 1583 quam,
603 1513 930 1586 velutagnus
946 1517 1229 1585 innocens,
1249 1520 1339 1577 Dei
1358 1521 1449 1576 ille
1464 1536 1637 1590 agnus
1651 1523 1939 1579 duceretur
1960 1541 1976 1591 ;

400 1610 461 1655 ut
485 1601 632 1657 velut
666 1618 795 1659 reus
845 1606 1177 1673 traheretur,
1202 1608 1317 1679 ipse
1356 1610 1447 1680 qui
1509 1610 1650 1665 tollit
1696 1622 1978 1681 peccatum

388 1691 621 1759 ’tnuudi;
648 1701 708 1749 ut
756 1694 860 1749 leni
886 1699 1148 1766 patientia
1175 1698 1568 1757 homicidarum
1602 1702 1776 1765 ferret
1809 1703 1977 1758 auda-

393 1783 541 1837 ciam
563 1801 577 1845 ;
597 1800 757 1854 quam
779 1788 976 1843 leniter
991 1791 1056 1845 ad
1078 1805 1173 1847 eos
1188 1792 1414 1848 haberet
1439 1812 1455 1860 ;
1474 1809 1636 1864 quam
1667 1796 1985 1852 dulcissimo

2079 597 2527 671 μαστιγουμένην
2552 612 2565 629 ο
2599 597 2669 651 τά
2712 612 2771 671 τε
2815 595 3093 665 ύπέρτιμα
3127 597 3224 647 κα1⁵
3274 594 3489 664 ποθητὰ
3518 595 3670 667 αὐτῇ

2078 692 2238 763 μέλη,
2271 690 2483 761 ἀτίμως
2534 688 2634 758 μὲν
2689 685 3180 757 ἀπογυμνούμενα,
3242 684 3341 757 τὴν
3383 685 3442 739 δὲ
3486 684 3669 756 ψευδῆ

2076 781 2365 854 πορφύραν
2414 778 2830 850 ἀμφιεννύμενοι
2880 776 3102 847 βλέπειν
3144 776 3434 847 ἠνείχετος
3485 773 3673 830 ταῦτα

2077 872 2195 927 κατ’
2240 870 2413 940 αὐτῆς
2442 869 2540 932 τὰς
2577 868 2777 940 μυρίας
2825 866 3050 936 ὲπαφίει
3102 865 3339 934 σφαγάς.
3385 866 3674 918 Ἕκαστον

2077 970 2173 1023 καὶ
2206 968 2312 1039 πρὸ
2364 968 2464 1038 τῆς
2514 964 2855 1034 Δεσπυτικῆς
2902 962 3259 1034 ἀναιρέσεως,
3300 961 3667 1033 ἀναιρετικὸν

2077 1062 2217 1134 αὐτῇ
2244 1060 2601 1133 προσεπήγνυ
2625 1059 2687 1112 τὸ
2719 1058 2875 1128 βέλος
2900 1071 2915 1089 ο
2965 1057 3059 1110 καὶ
3092 1052 3159 1128 ἦν
3189 1052 3394 1125 δηλαδὴ
3452 1055 3619 1110 τοῦτο
3649 1067 3671 1082 ⁶

2078 1153 2475 1224 ὲπεκουφίζετο
2497 1153 2555 1206 δὲ
2572 1155 2640 1223 τῇ
2663 1149 2756 1205 τοῦ
2785 1149 3089 1221 πάσχοντος
3120 1147 3375 1218 δυνάμει.

2150 1246 2247 1309 Τίς
2301 1246 2344 1301 δ’
2376 1245 2547 1314 αὐτὴν
2600 1242 2712 1297 τῶν
2771 1242 3103 1311 σπλάγχνων
3153 1239 3327 1310 αὐτῆς
3382 1237 3676 1307 ὲννοήσειε

2080 1338 2349 1411 πύρωσιν.
2380 1333 2497 1410 [ἦν]
2521 1336 2685 1409 ἡνίκα
2719 1333 2858 1406 πρὸς
2896 1331 2997 1404 τὴν
3029 1329 3287 1385 ἑκούσιον
3318 1330 3536 1401 σφαγὴν
3568 1331 3675 1383 τὸν

2080 1431 2210 1486 Υιὸν
2232 1429 2535 1501 χωροῦντα,
2559 1426 2906 1498 διεκαρτέρει
2930 1422 3211 1493 βλέπουσα
3248 1439 3266 1507 ί
3296 1422 3421 1485 Πῶς
3450 1420 3527 1485 ὡς
3563 1420 3676 1492 ἀρ-

2080 1524 2193 1579 νίον
2214 1523 2441 1586 ἄκακον,
2466 1522 2492 1574 ὀ
2516 1519 2612 1574 τού
2642 1517 2783 1572 Θεοῦ
2811 1515 2987 1586 ἀμνὸς
3023 1514 3191 1586 ἤγετο
3221 1532 3233 1544 ·
3269 1511 3389 1576 πῶς
3422 1513 3501 1575 ὡς
3554 1528 3673 1566 κα-

2079 1617 2355 1686 τάκριτος,
2388 1615 2418 1667 ὁ
2450 1612 2550 1684 τὴν
2587 1610 2683 1667 τοῦ
2726 1608 2934 1679 κόσμου
2971 1605 3263 1677 ἁμαρτίαν
3312 1603 3674 1676 ἀφαιρούμε-

2080 1725 2170 1771 νος
2199 1705 2427 1761 εἵλκετο·
2452 1703 2570 1768 πῶς
2608 1700 2708 1774 τὴν
2753 1700 2864 1754 τῶν
2895 1698 3202 1770 μιαιφόνων
3254 1696 3456 1768 πράως
3496 1694 3671 1767 ἔφερε

2079 1780 2287 1869 τόλμαν
2316 1814 2330 1828 ·
2367 1796 2464 1867 οἴῳ
2483 1794 2622 1869 πρὸς
2650 1782 2849 1855 αὐτούς
2877 1789 3027 1862 ἠπίῳ
3055 1788 3320 1844 διετίθετο
3362 1788 3610 1860 σχήματι
3636 1802 3655 1818 ο

402 1871 707 1929 intueretur
718 1888 942 1945 aspectu
961 1896 976 1946 ;
995 1893 1156 1950 quam
1178 1881 1373 1938 blande
1386 1883 1789 1956 alloqueretur:
1817 1901 1978 1956 quam

2088 1868 2189 1961 οἵῳί
2216 1868 2543 1959 γλυκυτάτω
2572 1886 2905 1957 προσανεῖχε
2942 1882 3223 1953 βλέμματι
3255 1897 3269 1912 ⁸
3312 1880 3448 1957 οἵοις
3491 1895 3675 1951 προσ-

403 1963 712 2032 impositam
726 1966 969 2025 humeris
988 1986 1205 2028 crucem
1221 1974 1613 2043 imperturbate
1633 1978 1979 2051 suscepisset.

400 2051 726 2126 Priusquam
739 2060 881 2114 enim
909 2061 1096 2117 Simon
1125 2063 1216 2119 ille
1232 2064 1526 2136 Cyrenaeus
1549 2067 1616 2124 iis
1642 2079 1978 2135 occurreret,

393 2147 495 2217 qui
519 2164 655 2218 opus
684 2154 975 2220 urgebant,
1006 2154 1163 2210 docet
1184 2155 1465 2227 Scriptura
1492 2156 1659 2227 fuisse
1677 2160 1726 2216 ei
1754 2176 1979 2216 crucem

405 2238 717 2308 impositam
752 2242 821 2297 “.
846 2240 939 2298 Sic
970 2258 1187 2314 quoque
1209 2247 1490 2303 mulierum
1526 2264 1647 2320 qua:
1685 2266 1791 2306 una
1820 2251 1986 2306 comi-

407 2332 683 2401 labantur,
715 2333 1173 2408 plangebantque,
1206 2338 1462 2410 lacrynue
1510 2340 1979 2398 vehementiorem

396 2421 454 2475 ei
486 2421 728 2478 dolorem
774 2427 1169 2482 incusserunt:
1219 2430 1643 2503 haudquaquam
1672 2448 1803 2489 vero
1857 2434 1984 2498 illas,

396 2512 497 2566 sed
528 2512 763 2589 Domini‘
800 2516 1114 2575 lenissimus
1166 2520 1256 2575 ille
1315 2523 1381 2575 ad
1424 2537 1518 2578 eas
1550 2539 1730 2580 sermo
1770 2543 1785 2579 :
1827 2524 1986 2581 Filia:

398 2600 725 2670 Jerusalem,
763 2607 920 2661 nolite
950 2610 1078 2677 flere
1113 2627 1272 2680 super
1317 2628 1397 2667 me
1423 2612 1488 2669 “.
1525 2611 1698 2682 Quam
1728 2629 1861 2671 voce
1883 2617 1988 2672 hac

408 2707 506 2748 cor
538 2693 723 2750 Mariae
748 2697 1059 2754 immaniter
1097 2700 1429 2774 discerptum
1457 2706 1570 2760 est!
1604 2702 1778 2773 Quam
1814 2707 1985 2761 totum

404 2790 767 2843 concussum!
802 2788 856 2843 lu
914 2806 1074 2861 quam
1103 2798 1310 2865 grande
1361 2797 1742 2868 impotensque
1794 2799 1986 2854 incen-

2082 1980 2238 2055 ηνέσι
2282 1964 2558 2048 διελέγετο
2604 1976 2786 2045 λόγοις
2813 1990 2830 2008 ⁶
2867 1976 2985 2039 πῶς
3017 1973 3109 2027 τὸν
3132 1972 3335 2027 οίκεῖον
3385 1969 3676 2041 ἐπ’ῶμιυν

2084 2072 2472 2146 φορτιζόμενος
2529 2070 2786 2139 σταυρὸν,
2838 2064 3090 2138 γαληνῶς
3143 2064 3494 2133 κατεδέχετο.
3552 2059 3674 2146 καὶ

2083 2144 2192 2236 γὰρ
2228 2165 2356 2234 πρὶν
2415 2160 2493 2233 τῷ
2528 2160 2824 2233 Κυρηναίῳ
2882 2158 3085 2228 Σίμωνι
3157 2156 3488 2235 περιτυχεῖν¹
3535 2144 3675 2216 τοὺς

2085 2257 2427 2327 ἐπείγοντας,
2445 2255 2609 2323 αὑτὸν
2643 2252 2818 2323 τούτῳ
2842 2249 3115 2306 ἐπιθεῖναι
3146 2248 3481 2319 γέγραπται.
3507 2238 3675 2327 Οὕτω

2084 2348 2154 2403 τὰ
2194 2348 2304 2402 τῶν
2338 2344 2727 2416 συνεπομένων
2751 2344 2848 2398 καὶ
2883 2343 3241 2410 κοπτομένων
3266 2337 3546 2409 γυναικῶν
3567 2336 3675 2392 δά-

2085 2455 2252 2509 κρυα,
2276 2424 2637 2507 σφοδρότερον
2664 2434 2802 2519 αὐτῇ
2836 2432 2896 2485 τὸ
2927 2431 3091 2500 ἄλγος
3120 2426 3408 2519 exsectos.
3442 2422 3673 2481 Μᾶλλον

2084 2529 2128 2583 δ’
2155 2530 2275 2600 οὐχὶ
2298 2528 2491 2589 ταῦτα,
2523 2526 2637 2579 ἀλλ’
2670 2526 2698 2578 ό
2729 2512 2865 2594 πρὸς
2911 2522 3087 2593 αὑτὰς
3126 2512 3309 2573 αὐτοῦ’
3352 2518 3675 2587 πραότατος

2084 2621 2265 2690 λόγος,
2292 2623 2345 2673 Μ
2354 2619 2389 2688 ἡ
2422 2617 2664 2673 κλαίετε
2694 2614 2785 2669 ἐπ’
2811 2613 2942 2684 ἐμοὶ
2977 2609 3321 2681 θυγατέρες,
3359 2608 3672 2681 Ἰερουσα-

2085 2713 2231 2784 λὴμ,
2266 2708 2616 2782 παρεγγυῶν.
2645 2706 2770 2771 Πῶς
2793 2696 2865 2777 τῇ
2894 2707 3049 2776 φωνῇ
3079 2702 3277 2785 ταύτῃ,
3312 2699 3412 2771 τὴν
3442 2696 3676 2768 καρδίαν

2084 2803 2490 2877 διεσπαρᾶχθηί
2536 2801 2653 2862 πῶς
2681 2799 2777 2873 δλη
2807 2792 3122 2867 διεδονήθηῖ
3155 2790 3275 2858 πῶς
3308 2794 3387 2855 είς
3434 2789 3675 2859 ἀνάσχεε

407 2877 554 2931 dium
578 2880 788 2938 ardoris
831 2882 949 2951 ejus
977 2884 1191 2941 ﬂamma
1237 2890 1449 2959 erupit!
1485 2892 1617 2957 Quis
1664 2892 1808 2946 enim
1835 2893 1987 2947 audi-

2088 2915 2178 2952 τον
2208 2884 2344 2968 αύτῇ
2368 2900 2435 2949 τα
2469 2895 2569 2964 τῆς
2624 2890 2820 2963 φλογὸς
2854 2885 3246 2960 ἁνεῤῥιπίσθηῑ
3294 2884 3390 2945 Τίς
3447 2880 3556 2952 γὰρ
3604 2878 3678 2932 ἄν

409 2969 481 3022 tis
510 2971 690 3027 verbis
719 2973 1047 3043 ejusccmodi
1086 2993 1189 3032 non
1227 2978 1417 3035 fuisset
1451 2981 1650 3040 ﬂexus?
1704 2999 1810 3038 non
1861 2998 1986 3051 cera

2088 2985 2343 3041 τοιούτων
2371 2981 2684 3043 ἐπακούσας
2717 2974 3005 3052 ῥημάτων,
3040 2977 3142 3030 ούκ
3190 2970 3530 3041 ὲπεκὰμφθη
3563 2984 3575 2997 °
3609 2969 3697 3023 ού

407 3063 554 3117 omni
583 3066 848 3122 evasisset
905 3069 1156 3125 mollior?
1211 3088 1316 3127 non
1362 3072 1550 3129 fuisset
1580 3084 1758 3130 motus
1787 3075 1853 3129 ad
1887 3076 1987 3130 mi-

2089 3077 2263 3148 κηροῦ
2331 3076 2532 3138 παντὸς
2587 3072 2807 3142 ἐγένετο
2842 3066 3260 3140 μαλακώτερος·
3314 3064 3377 3118 ού
3412 3060 3559 3132 πρὸς
3590 3055 3679 3113 οἶ-

408 3155 782 3226 scricordiam,
809 3162 1021 3218 tametsi
1069 3179 1265 3220 saxeus
1297 3165 1455 3222 valde
1524 3181 1590 3222 ac
1636 3166 1987 3225 inﬂexibilis?

2091 3189 2220 3225 κτον
2254 3160 2601 3240 συνεκινήθη,
2628 3168 2732 3221 κᾶν
2776 3160 2981 3237 σφόδρα
3004 3160 3239 3233 λιθώδης
3273 3177 3335 3214 τε
3378 3161 3474 3214 κα1⁵
3505 3156 3676 3235 dipsi—

2017 3244 2059 3300 (λ
2092 3264 2275 3327 λικτος
2303 3261 2494 3332 ἔτυχεν
2521 3259 2629 3325 ῶν;

482 3328 772 3415 Postquam
824 3355 1002 3403 autem
1044 3349 1268 3405 deicida:
1312 3350 1564 3407 homines
1612 3353 1893 3416 venissent
1921 3356 1987 3409 ad

405 3434 672 3491 Calvarite
703 3437 904 3505 locum,
936 3453 1002 3495 ac
1033 3441 1264 3496 sollicite
1287 3457 1405 3511 quae
1427 3444 1492 3497 ad
1522 3444 1818 3499 salutarem
1846 3448 2005 3501 mor;

408 3536 516 3580 tem
554 3527 891 3584 inferendam
927 3541 1084 3586 erant
1125 3543 1400 3605 urgentes,
1449 3550 1667 3592 crucem
1720 3539 1987 3606 ﬂxissent,

410 3635 474 3674 ac
503 3634 625 3673 eum
651 3623 991 3678 vestimentis
1013 3627 1209 3692 quibus
1238 3626 1456 3684 indutus
1483 3641 1622 3695 erat,
1656 3632 1985 3700 nudassent;

409 3711 795 3782 (lavorumque
829 3713 1221 3772 immanitatem
1294 3731 1572 3786 acuentes,
1632 3722 1733 3791 ipsi
1769 3739 1829 3779 se
1860 3741 1988 3795 sup-

411 3804 705 3873 pedanenm
760 3805 983 3876 gradum
1018 3809 1084 3862 ad
1118 3811 1514 3866 ascendendam
1566 3827 1807 3879 crucem,
1859 3832 1989 3872 san—

411 3894 656 3965 guinaria
686 3895 963 3951 voluntate
994 3896 1272 3973 iecissent,
1305 3914 1434 3959 tunc
1472 3904 1644 3960 ditior
1679 3907 1729 3961 in
1761 3907 1984 3963 Mariam

411 3987 621 4057 gladius
685 3987 908 4042 adactus
962 4001 1081 4057 est;
1146 4000 1276 4047 tunc
1331 3994 1539 4051 doloris
1577 3995 1627 4051 in
1664 4014 1783 4055 eam
1844 4011 1988 4056 recta

410 4082 563 4137 ibant
590 4082 819 4150 spicula.
843 4081 959 4149 Quo
978 4094 1157 4140 autem
1189 4087 1346 4141 modo
1377 4092 1553 4144 anima
1584 4107 1688 4146 non
1710 4108 1737 4146 a
1762 4108 1992 4163 corpore

414 4173 679 4228 recessit?
728 4173 1010 4240 Quomodo
1044 4191 1148 4230 non
1189 4175 1292 4231 fuit
1321 4178 1529 4234 divulsa
1572 4174 1825 4248 illa'ejus
1861 4199 1992 4239 con-

408 4266 730 4339 iunctione?
783 4265 1079 4334 Quomodo
1109 4267 1254 4325 ferre
1301 4272 1591 4340 potuerunt
1639 4274 1820 4338 oculi,
1868 4291 1990 4329 cum

412 4372 573 4412 suum
626 4357 805 4413 lumen
842 4356 1087 4414 viderent
1134 4342 1497 4415 conscendere
1544 4364 1804 4429 crucem?
1849 4365 1993 4431 Quo-'

416 4451 577 4505 modo
629 4450 842 4520 pupillae
891 4465 994 4504 non
1052 4450 1416 4520 diﬂ'ug'eruut,
1467 4469 1588 4510 cum
1640 4456 2025 4512 intemeratas

2171 3342 2324 3411 Ἐπεὶ
2361 3354 2417 3409 δὲ
2464 3353 2573 3427 [ἵσ.
2607 3351 2796 3405 ἔπειτα
2827 3348 2907 3421 δὲ]
2966 3347 3057 3403 τὸν
3099 3338 3190 3401 τού
3224 3344 3466 3416 Κρανίου
3492 3341 3681 3413 χῶρον

2089 3446 2502 3519 κατειληφότων
2534 3443 2643 3499 τῶν
2684 3434 3011 3515 μιαιφόνων,
3057 3440 3155 3495 καὶ
3177 3439 3247 3493 τὰ
3273 3436 3371 3491 τοῦ
3401 3434 3677 3501 ζωοποιοῦ

2092 3539 2391 3603 σπουδαίως
2415 3538 2781 3610 ἐνεργούντων
2800 3535 3053 3597 θανάτου,
3078 3528 3175 3587 καὶ
3195 3534 3288 3587 τὸν
3308 3524 3547 3602 σταυρὸν
3572 3529 3681 3599 μὲν

2090 3630 2577 3699 καταπηγνύντων,
2596 3627 2759 3683 αὐτὸν
2784 3627 2841 3680 δὲ
2864 3627 2972 3681 τῶν
2997 3624 3406 3697 περικειμένων
3429 3623 3681 3692 ὲσθημά-
3712 3616 3717 3619 λ

2089 3740 2198 3776 των
2228 3720 2691 3790 ἀπογυμνούντων
2717 3739 2730 3753 ⁸
2767 3720 2864 3774 καὶ
2889 3719 2999 3772 τῶν
3034 3719 3133 3790 μὲν
3157 3717 3305 3788 ἥλων
3335 3714 3435 3786 τὴν
3467 3713 3681 3784 μανίαν

2092 3815 2526 3886 παραθιγόντων,
2559 3813 2659 3883 τῆς
2687 3813 2743 3866 δὲ
2780 3812 2917 3884 πρὸς
2946 3811 3038 3865 τὸν
3068 3809 3305 3879 σταυρὸν
3351 3807 3541 3860 ἀνόδου
3577 3804 3684 3875 βά-

2092 3924 2177 3959 σιν
2205 3907 2430 3969 ἑαυτοὺς
2472 3909 2537 3976 τῇ
2572 3907 2765 3976 φονικῇ
2809 3902 3132 3975 προαιρέσει
3162 3897 3684 3961 καθυποτιθέντων,

2089 4000 2213 4052 τότε
2264 3999 2382 4052 κατ’
2410 3998 2646 4069 αύτῆςή
2698 3992 3499 4067 σφοδροτέραπροσεπήγνυτο
3528 3991 3675 4061 ῥομ-

2093 4090 2258 4162 (patir
2290 4089 2411 4142 τότε
2436 4090 2506 4141 τὰ
2545 4088 2645 4156 τῆς
2677 4087 2871 4159 ὀδύνης
2906 4087 3029 4139 κατ’
3063 4085 3235 4166 αὐτῆς
3268 4082 3483 4136 ἰθύνετο
3516 4077 3679 4152 βέλη.

2105 4181 2266 4235 Ἀλλᾶ
2301 4180 2418 4244 πῶς
2452 4182 2484 4250 ἡ
2526 4179 2673 4250 ψυχὴ
2697 4180 2793 4232 τού
2826 4176 3080 4247 σώματος
3127 4176 3227 4228 ούκ
3263 4173 3519 4242 ἀπέστης
3550 4169 3682 4237 Πῶς

2092 4272 2193 4341 τῆς
2221 4271 2426 4335 οἰκείας
2460 4271 2521 4324 ού
2546 4268 2851 4339 διεσπάσθη
2901 4266 3239 4335 συναφείας;
3275 4263 3399 4326 Πῶς
3445 4263 3675 4333 διήρκε-

2096 4381 2194 4418 σαν
2220 4365 2268 4417 οί
2295 4363 2581 4432 ὀφθαλμοὶ,
2608 4361 2670 4415 τὺ
2706 4362 2836 4415 ἴδιον
2864 4359 2955 4412 ἐπὶ
2987 4359 3231 4429 σταυρὸν
3257 4356 3408 4410 ἀνιὸν
3440 4355 3681 4428 βλέπονο

2094 4475 2185 4521 τες
2211 4457 2355 4526 φῶςς
2384 4457 2506 4520 Πῶς
2536 4456 2637 4508 ούκ
2684 4454 2950 4523 ἐξέφυγον
2984 4453 3167 4523 κόραι,
3211 4450 3311 4514 τὰς
3355 4448 3682 4519 παναχράν-

414 4541 623 4611 palmas
654 4541 939 4609 parricidis
965 4549 1158 4612 sponte
1185 4543 1435 4599 manibus
1462 4548 1809 4612 experrectus
1844 4547 1987 4616 aspi-

2094 4567 2219 4614 τους
2254 4536 2511 4618 παλάμας
2542 4548 2661 4608 ταῖς
2687 4546 2935 4615 φονικαῖς
2968 4542 3315 4614 αὐθαιρέτως
3362 4540 3682 4610 ὲπιδιδομέ-

408 4634 637 4688 ccrent?
682 4632 964 4700 Quomodo
1027 4649 1134 4689 nou
1181 4645 1309 4690 sunt
1356 4637 1628 4692 dissolutae
1671 4654 1986 4709 compages,

412 4722 643 4777 coaﬂxis
671 4723 816 4778 cruci
857 4724 976 4794 ejus
1010 4723 1291 4792 membris,
1324 4725 1431 4795 'qni
1466 4728 1780 4781 universum
1817 4730 1994 4782 conti-

416 4816 547 4870 net?
575 4815 753 4870 Proh'
783 4818 1054 4886 quomodo
1077 4817 1259 4872 clavus
1290 4819 1473 4873 manui
1503 4817 1851 4888 iuiigehatur,
1878 4820 1993 4887 ejus

412 4917 595 4962 autem
635 4907 785 4961 cordi
817 4906 1215 4978 impingebatur
1249 4908 1403 4978 plaga
1433 4908 1681 4964 letbalis?
1712 4908 1994 4975 Quomodo

415 5003 540 5055 dum
564 4999 782 5055 interitu
812 4998 1022 5069 singula
1048 5000 1284 5055 membra
1318 5000 1745 5070 perforareutur,
1770 5002 1997 5055 misera-

413 5092 575 5146 bilius
625 5090 804 5146 animo
872 5090 1239 5146 sauciabatur.
1295 5091 1578 5158 Quomodo
1635 5089 1916 5146 stillabant
1962 5108 1994 5147 e

416 5184 731 5239 vulneribus
794 5196 959 5252 guttae
1034 5185 1351 5255 sanguinis,
1425 5185 1738 5239 acerbiores
1814 5195 1991 5239 autem

418 5277 487 5332 ab
516 5275 689 5332 oculis
739 5275 1101 5348 iacryniarnm
1136 5277 1237 5331 rivi
1266 5276 1560 5332 ﬂuebant?
1589 5276 1794 5344 Quibus
1822 5277 1994 5332 oculis

414 5386 541 5426 eum
594 5384 823 5439 corpore
860 5370 1201 5440 ‘SItspensum
1268 5370 1605 5441 aspiciebat,
1652 5369 1743 5438 qui
1797 5370 1997 5425 dcitatc

417 5460 602 5516 lumen
648 5451 826 5516 induit
854 5462 995 5517 sicut
1046 5462 1428 5517 vestimentum
1466 5461 1550 5515 ‘7?
1595 5461 1876 5528 Quomodo
1905 5476 1997 5518 eas

420 5562 621 5620 vestes,
650 5569 783 5622 quas
808 5554 920 5607 suis
956 5554 1067 5622 ipsa
1107 5554 1359 5608 manibus
1385 5553 1627 5613 fecisset,
1657 5563 1821 5621 utque
1855 5554 1997 5608 inte-

421 5656 682 5709 metatus,
715 5661 778 5700 ac
807 5644 1088 5700 Dominico
1111 5643 1323 5714 corpori
1357 5646 1627 5714 quondam
1658 5644 1996 5701 adhaerentes

489 5814 544 5855 μ’
591 5811 746 5867 Joan.
788 5832 897 5881 nx,
934 5816 1018 5868 17.

2091 4656 2188 4703 νας
2219 4639 2491 4708 θεώμεναι
2525 4637 2712 4708 χερσί;
2746 4632 2871 4699 Πῶς
2916 4637 2977 4688 ού
3035 4634 3362 4709 διελύθησαν
3387 4633 3684 4704 ἁρμονίαι,

2091 4732 2197 4785 τῶν
2218 4731 2311 4784 τού
2339 4729 2653 4799 συνέχοντος
2674 4728 2743 4781 τὰ
2768 4728 2946 4781 πάντα
2971 4725 3214 4797 καθηλου
3224 4727 3404 4797 μένων
3422 4726 3545 4778 τότε
3567 4724 3685 4778 τῶν

2096 4823 2305 4894 μελῶν;
2343 4822 2439 4875 Ὢί
2466 4822 2623 4885 πῶςὸ
2648 4815 2779 4893 ἧλος
2807 4819 2906 4890 μὲν
2931 4820 2988 4872 ἐν
3018 4820 3084 4889 τῇ
3102 4818 3270 4888 χειρὶ,
3301 4820 3361 4871 ἐν
3378 4817 3436 4871 δὲ
3458 4819 3525 4887 τῇ
3550 4835 3689 4889 καρι

2091 4913 2180 4984 δίᾳ
2194 4910 2418 4984 ταύτης,
2436 4913 2468 4983 ἡ
2486 4911 2676 4983 καιρία
2699 4906 3119 4984 κατεπήγνυτο;
3152 4908 3275 4974 Πῶς
3301 4910 3367 4980 τῇ
3390 4908 3515 4962 καθ’
3549 4909 3688 4962 ἒκαο

2097 5020 2220 5056 στον
2258 5002 2365 5056 τῶν
2402 5001 2580 5072 μελῶν
2602 4998 2906 5072 διατρήσει,
2936 4998 3340 5073 ἁλγεινοτέρως
3367 5001 3466 5073 τὴν
3495 5000 3687 5071 ψυχὴν

2100 5090 2489 5165 ἑτιτρώσκετο;
2519 5092 2641 5157 Πῶς
2674 5093 2769 5147 τοῦ
2795 5090 3029 5163 αἵματος
3063 5094 3160 5162 μὲν
3185 5093 3451 5160 σταγόνες
3472 5086 3542 5146 ἐκ
3571 5093 3685 5145 τῶν

2099 5183 2353 5249 ὠτειλῶν,
2385 5185 2554 5255 αὐτῆς
2585 5184 2641 5237 δὲ
2668 5183 2987 5256 δριμύτεροι
3026 5183 3134 5236 τῶν
3165 5182 3524 5256 δακρύωνὲκ
3572 5183 3689 5237 τῶν

2089 5276 2383 5347 ὀφθαλμῶν
2400 5277 2694 5349 κατέρρεον
2710 5277 2888 5346 ὀχετοί
2909 5294 2923 5341 ;
2940 5276 3063 5338 Πῶς
3074 5276 3281 5345 γυμνὸν
3300 5277 3402 5328 ἀνα
3410 5273 3685 5345 ρτηθέντα

2095 5366 2445 5439 σωματικῶς.
2468 5368 2559 5422 τὸν
2590 5368 2804 5436 φῶςὼς
2824 5369 3040 5439 ἱμάτιον
3070 5364 3539 5439 περιϐαλλόμενον
3564 5366 3687 5419 θεῖ-

2094 5461 2225 5527 κῶς,
2242 5460 2484 5514 κατενόει
2504 5478 2519 5528 ;
2536 5460 2661 5524 Πῶς
2680 5460 2822 5532 ἆπερ
2849 5460 3005 5522 ἰδίαις
3027 5446 3124 5530 μὲν
3141 5459 3281 5530 αὕτη
3299 5457 3689 5512 κατεσκεύασε

2093 5552 2248 5624 χερσὶ
2279 5550 2628 5623 περιόόλαια,
2663 5551 2954 5623 obluat-:0
2985 5550 3029 5604 δ’
3060 5551 3137 5618 ὼς
3160 5550 3431 5621 ἄκραντα,
3468 5550 3566 5602 καὶ
3603 5549 3686 5621 τῴ

2095 5642 2410 5713 Δεσποτικῷ
2479 5640 2873 5714 περιτιθέμενα
2931 5640 3178 5712 σώματι,
3232 5643 3424 5711 χεῖρας
3477 5638 3690 5711 μιαρᾶς

1096 5817 1138 5846 ⁸⁸
1182 5815 1311 5870 Luc.
1368 5834 1524 5885 χχιιι,
1559 5821 1650 5877 9.8.
1728 5823 1769 5851 ⁸⁷
1798 5820 1939 5877 Psal.
1968 5836 2086 5885 cui,
2121 5820 2172 5873 5.
