4060 6430
509 411 645 480 1471

1638 418 1956 481 GEORGII
1999 420 2596 485 NICOMEDIENSIS

3629 431 3650 495 1
3664 433 3749 498 l7!

507 525 627 594 Quo
654 533 708 580 te
734 522 968 580 nefando
993 540 1150 591 ausu,
1170 525 1553 581 universorum
1577 528 1767 599 vitam,
1801 529 2073 585 homicida

2186 531 2369 602 ἀπαθῆ
2405 532 2503 602 μὲν
2539 532 2775 602 θεότητι,
2811 534 3061 608 παθητὴν
3107 539 3166 592 δὲ
3222 540 3388 609 σαρκὶ
3441 540 3507 594 δι’
3548 544 3744 595 alaeve-

506 617 868 687 corporaliter
893 616 1187 672 occidunt?
1219 616 1419 684 Vitam,
1447 617 1692 688 inquam,
1722 619 1926 676 deitate
1956 621 2080 690 qui-

508 710 629 764 dem
669 708 1055 773 immortalem,
1103 708 1393 764 mortalem
1439 718 1619 765 autem
1652 726 1820 767 carne
1867 722 2087 783 propter

506 801 893 858 oeconomiam.
963 800 1205 868 Quorum
1260 814 1293 856 a
1340 810 1393 856 te
1449 800 1719 857 scelerum
1801 805 2085 875 exigentes

505 908 718 961 poenas,
764 894 1007 964 iniquam
1070 893 1333 948 adversus
1379 902 1433 950 te
1477 910 1666 951 necem
1699 897 1872 952 moliti
1921 899 2088 953 sunt?

507 984 666 1053 Quod
710 987 859 1054 jnste
911 986 1123 1041 crimen
1167 986 1536 1056 vindicantes,
1592 989 1928 1046 horrendum
1981 993 2085 1047 hoc

503 1077 872 1147 spectaculum
887 1077 1288 1132 exhibuerunt?
1319 1076 1482 1134 Sicne
1544 1094 1645 1148 pro
1668 1083 1879 1152 magnis
1905 1082 2081 1139 vicem

502 1169 644 1226 hanc
684 1170 1137 1238 excogitaverunt
1166 1170 1489 1226 beneﬁciis?
1513 1172 1736 1238 Hancne,
1773 1188 1884 1244 pm
1911 1174 2080 1229 innu-

500 1260 853 1317 merabilibus
903 1260 1081 1326 bonis,
1115 1260 1342 1331 ipsoque
1371 1263 1664 1318 creationis
1694 1278 1759 1318 ac
1780 1272 2085 1321 conserva-

501 1353 667 1409 tionis
740 1353 1048 1422 rependunt
1116 1355 1385 1410 munere?
1446 1354 1595 1409 Tene
1658 1356 1920 1410 occidunt
1984 1372 2082 1425 pro

500 1448 732 1503 mortuis
772 1463 910 1518 quos
934 1449 1252 1506 suscitasti?
1283 1451 1389 1506 Pro
1414 1452 1481 1507 iis
1508 1453 1681 1508 oculis
1705 1468 1843 1522 quos
1875 1453 2078 1508 illumi-

503 1539 670 1603 nasti,
718 1540 771 1595 id
815 1541 999 1596 studio
1044 1552 1232 1612 agunt,
1267 1544 1678 1615 ut§corporales
1720 1554 1843 1601 tuos
1891 1546 2080 1602 oculos

495 1630 796 1686 claudant?
838 1631 945 1687 Pro
988 1633 1171 1690 multis
1222 1633 1333 1691 illis
1378 1636 1775 1701 sanationibus,
1827 1645 1914 1692 tua
1942 1638 2074 1693 mihi

495 1721 807 1779 desiderata
839 1725 1081 1779 membra
1135 1724 1512 1793 perfoderunt.
1563 1727 1668 1783 Pro
1710 1743 1776 1783 eo
1821 1731 1966 1798 quod
1998 1730 2076 1786 le-

498 1827 692 1878 prosos
741 1813 1019 1868 maculosa
1066 1812 1432 1884 deformitate,
1479 1831 1642 1885 quam
1692 1818 1861 1874 vestis
1899 1819 2076 1874 instar

2192 622 2360 692 μίανς
2415 624 2589 677 Τίνων
2623 625 2984 696 ἀδικημάτων
3039 631 3376 695 ἀντὲκτισιν,
3433 631 3525 685 τὸν
3576 632 3751 686 ἄδικον

2186 716 2606 785 ἐμηχανήσαντο
2684 719 2828 771 κατὰ
2890 720 2983 772 σοῦ
3052 721 3250 790 gronov;
3320 724 3484 785 ποίας
3541 724 3749 788 δικαίας

2186 804 2473 874 εἴσπραξιν
2519 806 2695 875 δίκης,
2750 808 2813 861 τὸ
2860 812 3090 881 φρικτὸν
3135 811 3296 866 τοῦτο
3345 814 3750 884 συνεστήσαντο

2186 896 2408 968 θέαμας
2453 899 2599 952 Ἀντὶ
2634 899 2741 952 τῶν
2786 903 3039 970 μεγάλων
3059 903 3218 958 ταῦθ’
3261 904 3575 975 ὑπενόησαν
3607 906 3751 975 saep-

2184 991 2419 1058 γεσιῶν;
2468 992 2609 1044 Ἀντὶ
2639 993 2848 1063 μυρίων
2881 993 3257 1061 ἀγαθῶν,-καὶ
3299 994 3406 1063 τῆς
3449 995 3549 1048 τοῦ
3600 997 3750 1064 γενέ.

2185 1080 2309 1135 σθαι
2366 1083 2464 1137 καὶ
2524 1083 2801 1154 διαμένειν
2845 1086 3070 1156 χάριτος
3116 1087 3326 1156 causa;
3410 1086 3587 1158 ’Υπὲρ
3652 1089 3751 1141 τῶν

2181 1174 2527 1230 ἀναστάντων
2568 1193 2627 1229 σε
2656 1177 2948 1232 θανατοῦσι
2983 1179 3232 1250 νεκρῶν;
3274 1180 3452 1252 ’Υπὲρ
3500 1170 3744 1250 τῶνφωσ

2181 1267 2472 1321 σεισθέντων
2518 1268 2833 1339 ὀφθαλμῶν,
2884 1270 3013 1335 τοὺς
3057 1271 3410 1340 σωματικούς
3451 1289 3549 1326 σου
3585 1272 3748 1343 μύσαι

2182 1359 2648 1414 κατασπεύδουσιν
2688 1360 3050 1431 ὀφθαλμούςς
3099 1362 3224 1415 ἀντὶ
3255 1362 3472 1416 πολλῶν
3510 1364 3752 1434 ἰαμάτων

2179 1453 2249 1507 τὰ
2280 1453 2505 1507 ποθεινὰ
2539 1471 2629 1523 μοι
2680 1454 3035 1526 κατέτρωσαν
3065 1471 3160 1508 σου
3200 1456 3341 1526 μέλη
3378 1474 3393 1521 ;
3458 1457 3608 1509 Ἀντὶ
3658 1456 3750 1526 τῆς

2179 1544 2663 1617 ἀπαμφιασθείσης
2679 1544 2788 1597 τῶν
2810 1545 3189 1601 καταστίκτων
3211 1547 3434 1617 λεπρῶν
3454 1548 3749 1619 ἀμορφίας,

2179 1639 2501 1710 ὲγύμνωσάν
2536 1655 2593 1691 σε
2626 1638 2687 1690 “ab
2720 1637 3058 1706 γλυκύτατόν
3084 1655 3173 1709 μοι
3212 1641 3417 1709 φέγγος
3441 1657 3454 1671 ο
3506 1640 3752 1711 ἐγύμνωο

2181 1746 2281 1783 σαν
2331 1730 2424 1783 τὸν
2470 1729 2592 1797 τῆς·
2636 1728 2986 1797 δικαιοσύνης
3043 1729 3227 1800 ἥλιον*
3308 1730 3647 1801 ἐγύμνωσαν
3695 1729 3753 1784 τὸ

2177 1819 2511 1890 ὡραιότατον
2582 1836 2672 1890 μοι
2744 1818 3201 1890 ὲγκαλλώπισμα.
3255 1821 3553 1890 Ἐτρωσαν
3615 1820 3746 1891 μέλη

499 1901 672 1956 induti
715 1911 926 1971 essent,
977 1903 1221 1970 nudasti,
1258 1913 1309 1960 te
1354 1906 1701 1961 nudaverant
1744 1907 1910 1975 jubar
1937 1908 2069 1964 mihi

2175 1887 2271 1963 τοῦ
2333 1887 2599 1978 ἄχραντον
2658 1906 2757 1980 τὴν
2794 1908 2934 1979 ἐμὴν
2996 1887 3436 1982 διατηρήσαντος
3487 1887 3749 1980 ἁγνείαν,

488 1993 872 2049 dulcissimum
908 2011 923 2049 :
957 1995 1299 2050 nudaverant
1341 1995 1567 2065 justitire
1618 1996 1799 2053 Solem
1851 1998 2072 2053 :nuda-

499 2095 691 2167 verunt
756 2086 921 2141 decus
980 2087 1113 2141 mihi
1168 2085 1647 2145 formosissimum.
1701 2089 2075 2146 Terebrarunt

2175 1998 2270 2051 τοῦ
2291 1997 2545 2068 ἁλώὸητα
2574 1998 2675 2067 τῆς
2706 1997 3007 2068 παρθενίας
3034 2000 3129 2053 καὶ
3153 2002 3531 2079 καθαρότητος
3564 2004 3752 2073 διαφυ-

2176 2091 2438 2159 λάξαντος
2472 2092 2781 2163 σήμαντρα.
2833 2112 2851 2145 ι

497 2179 642 2233 illius
672 2180 936 2245 membra,
974 2180 1065 2249 qni
1113 2194 1285 2235 meam
1368 2181 1674 2237 castitatem
1725 2183 2106 2240 intemeratam
2147 2186 2420 2252 servavit;
2473 2187 2566 2256 qui
2607 2187 2940 2259 virginitatis
3006 2206 3070 2247 ac
3118 2192 3368 2263 puritatis
3415 2206 3552 2249 mea:
3590 2192 3750 2256 illaesa

496 2267 777 2339 signacula
804 2266 992 2321 voluit.
1038 2285 1058 2319 ι

567 2379 587 2412 ι
641 2360 857 2419 Utinam
886 2382 1015 2422 vero
1050 2368 1261 2440 liceret,
1311 2379 1399 2428 tua
1444 2374 1498 2429 in
1538 2390 1653 2449 me,
1689 2375 1814 2463 Fili,
1863 2377 2111 2434 crucia-‘

486 2462 673 2507 menta
700 2456 982 2526 recipere!
1028 2459 1249 2517 Utinam
1276 2464 1421 2519 clavi
1454 2466 1529 2520 illi
1565 2468 1701 2522 meis
1741 2456 1963 2537 possent
1991 2470 2073 2525 in-

492 2543 579 2611 Iigi
620 2544 914 2602 membris!
957 2549 1176 2606 Utinam
1220 2564 1618 2612 tormentorum
1663 2558 1876 2640 tuorum
1922 2559 2075 2617 dolo-

492 2651 581 2690 res
623 2636 678 2691 in
720 2654 842 2695 meo
878 2642 993 2711 ipsa
1043 2646 1372 2718 sustinerem
1421 2636 1684 2721 corporei
1730 2654 1888 2709 Esset
1928 2654 2072 2711 forte

492 2726 793 2787 tolerabilis
822 2736 1005 2792 cordis
1030 2738 1182 2793 dolor
1216 2758 1231 2795 :
1263 2756 1406 2797 nunc
1436 2743 1719 2801 enimvero
1751 2745 2070 2801 intolerabi-

489 2818 558 2872 lia
592 2832 718 2876 sunt
742 2825 789 2878 ei
821 2825 1055 2896 impacta
1085 2831 1220 2899 tela;
1255 2834 1425 2889 animi
1458 2835 1616 2890 dolor
1643 2846 1829 2893 tantus
1860 2846 1964 2902 est,
2002 2847 2063 2892 ut

490 2909 713 2966 minime
742 2912 871 2969 ferri
903 2919 1093 2984 possit.
1127 2919 1204 2975 Tu
1228 2924 1427 2994 quippe
1457 2926 1628 2994 doles,
1659 2944 1779 2983 mea
1804 2931 2017 2985 viscera
2050 2948 2065 2985 :

491 3012 544 3054 tu
569 3002 746 3071 proles
782 3008 1074 3075 occideris,
1106 3027 1202 3082 per
1226 3030 1391 3084 quam
1416 3018 1547 3073 mihi
1577 3029 1795 3075 constat
1823 3021 2059 3078 halitus:

489 3094 767 3163 iugularis,
799 3106 850 3154 ttt
888 3101 1019 3156 utihi
1058 3105 1370 3174 unigenitus
1418 3106 1611 3166 Filius.
1639 3112 1683 3167 Ο
1721 3113 1898 3167 dirum
1926 3112 2066 3167 faci-

488 3187 618 3241 rus!
658 3185 881 3256 Occide,
908 3193 1009 3261 sol,
1038 3196 1129 3264 qui
1157 3214 1335 3252 meum
1362 3214 1427 3255 ac
1457 3203 1640 3257 mundi
1674 3203 1850 3259 lumen
1870 3220 2067 3275 corpo-

489 3277 679 3335 raliter
727 3280 979 3341 occidere
1037 3289 1247 3345 videas.
1306 3291 1501 3361 llorre,
1546 3296 1777 3362 coelum,
1818 3298 2070 3368 tristique

490 3368 675 3424 habitu
733 3370 1026 3429 lamentum
1057 3378 1189 3432 tnihi
1217 3390 1406 3437 mutuo
1434 3385 1581 3453 agita
1607 3403 1621 3439 :
1658 3385 1798 3456 lnge,
1830 3402 2071 3443 commu-

489 3461 577 3515 nis
600 3459 811 3518 Domini
843 3481 1033 3522 necem
1063 3472 1441 3529 considerans.
1479 3476 1556 3531 Ne
1587 3488 1667 3543 tu,
1706 3489 1875 3545 terra,
1906 3489 2068 3536 aeter-

490 3564 793 3623 norumque
841 3555 1316 3618 fundamentorum
1349 3565 1537 3631 basis;
1572 3584 1640 3623 ne
1674 3580 1906 3637 montes,
1956 3572 2067 3627 sal-

490 3651 685 3710 tusque
703 3642 824 3699 lene
843 3646 1079 3704 tuleritis
1097 3650 1340 3721 iniquam
1364 3658 1588 3711 eadem.
1606 3656 2067 3730 Commovemini,

488 3730 702 3786 inferna
737 3752 752 3788 :
786 3735 989 3793 luctum
1016 3755 1139 3811 age,
1184 3755 1467 3813 pratorum
1503 3747 1758 3805 universa
1777 3761 2065 3807 venustas:

490 3839 614 3877 nam
653 3840 783 3882 ecce
823 3828 914 3899 qui
950 3834 1219 3890 varietate
1269 3836 1463 3893 ﬂorum
1508 3851 1765 3897 ornatum
1812 3845 2066 3911 contulit,

488 3913 848 3983 ignominioso
882 3920 935 3976 in
968 3922 1117 3993 ligno
1148 3927 1379 3996 pendet;
1413 3930 1503 4001 qui
1534 3929 1728 3987 ﬂorum
1758 3935 2069 3992 suaveolen-

488 4007 621 4061 tinm
655 4011 899 4067 venustis
940 4014 1214 4073 coloribus
1245 4019 1498 4076 decorem
1544 4024 1818 4092 adhibuit,
1852 4027 2071 4083 indeco-

487 4114 583 4154 rus
608 4115 673 4157 ac
707 4105 944 4174 speciem
994 4123 1104 4164 non
1148 4111 1355 4168 habens
1394 4129 1502 4184 qua
1559 4115 1724 4173 homo
1772 4135 2070 4190 suspensus

486 4199 572 4244 est
595 4210 610 4247 :
634 4207 785 4264 vera,
822 4197 1075 4267 inquam,
1113 4201 1202 4257 illa
1244 4204 1616 4274 pulchritudo,
1668 4212 1877 4279 species
1910 4212 2068 4266 inva-

488 4281 714 4351 riabilis,
750 4299 1008 4356 perpetua
1039 4290 1358 4361 jucunditas
1395 4295 1603 4353 Matris.
1646 4320 1666 4352 ι

564 4390 582 4423 ι
627 4374 718 4442 At,
744 4391 777 4430 ο
805 4377 925 4443 Fili,
952 4380 1224 4438 dulciores
1255 4383 1494 4440 delicia)!
1529 4386 1573 4443 Ο
1604 4403 1738 4444 mete
1771 4390 2063 4445 incolumi-

487 4475 573 4522 tas
598 4469 830 4524 animari
884 4470 1039 4529 hunc
1080 4473 1219 4541 sola,
1253 4478 1662 4535 venerabilibus
1694 4483 1803 4538 tuis
1850 4483 2067 4538 crucia-

2248 2397 2266 2430 ι
2313 2378 2454 2431 Ἀλλ’
2503 2376 2613 2433 εἴθε
2665 2397 2757 2448 μοι
2804 2378 2871 2434 τὰ
2899 2380 2987 2446 σὰ,
3023 2380 3235 2447 τέκνον,
3292 2377 3360 2452 ἦν
3393 2378 3751 2450 ἀναδέξασθαι

2169 2468 2350 2539 πάθηῐ
2382 2470 2495 2523 εῐθε
2536 2471 2665 2534 τοὺς
2689 2470 2852 2542 ἥλους
2902 2475 2960 2526 ὲν
2988 2476 3100 2535 τοῖς
3127 2475 3281 2543 ἐμοῖς
3330 2470 3399 2546 ἦν
3433 2476 3752 2545 ἐμπαρῆναι

2171 2562 2418 2632 μὲλεσινῐ
2461 2562 2572 2615 εἴθε
2607 2563 2706 2629 τὰς
2754 2566 2864 2617 τῶν
2898 2565 3121 2633 σφαγῶν
3156 2565 3350 2629 ὀδύνας
3410 2568 3469 2619 ὲν
3518 2568 3604 2637 τῷ
3641 2567 3753 2637 ὲμῷ

2169 2653 2410 2725 ὑπέστην
2437 2654 2689 2726 σώματιί
2731 2657 2825 2710 καὶ
2863 2656 3006 2727 τάχα-
3046 2656 3112 2710 ἆν
3147 2657 3389 2727 φορητδν
3458 2652 3528 2729 ἦν
3562 2659 3623 2713 τδ
3659 2660 3752 2728 τῆς

2170 2745 2402 2817 καρδίας
2464 2747 2662 2815 ἄλγος·
2715 2747 2812 2802 νῦν
2854 2748 2912 2802 δὲ
2964 2749 3272 2804 ἁνύποιστά
3332 2753 3455 2804 ἐστι
3512 2751 3591 2804 τὰ
3637 2751 3751 2804 κατ’

2166 2837 2337 2908 αὐτῆς
2383 2839 2711 2908 ὲμπαγέντα
2761 2838 2933 2910 βέλη’
2994 2841 3273 2913 ἀφόρητος
3326 2845 3359 2912 ἡ
3420 2843 3520 2913 τῆς
3577 2842 3749 2912 ψυχῆς

2167 2927 2351 2998 ὀδύνη.
2404 2930 2475 2982 Σὺ
2530 2929 2640 3001 γὰρ
2693 2930 2753 2983 τὸ
2821 2931 2955 2999 ἐμὸν
2989 2932 3150 3001 ὀδυνᾷ
3187 2931 3530 3001 σπλάγχνον·
3574 2934 3637 2986 συ
3695 2934 3753 2985 τὸ

2164 3015 2264 3087 τὴν
2299 3018 2467 3089 πνοὴν
2523 3035 2615 3089 μοι
2669 3019 3020 3089 διακρατοῦν,
3065 3020 3291 3091 ἀναιρῇ,
3329 3021 3524 3093 κύημα
3549 3038 3567 3053 ο
3606 3023 3671 3076 σὺ
3695 3022 3752 3075 τὸ

2169 3110 2457 3179 μονογενὲς
2479 3126 2568 3179 μοι
2600 3109 2879 3181 σφαγιάζῃ
2913 3111 3141 3164 Τέκνον.
3173 3112 3238 3164 Ὦ
3271 3112 3517 3184 πονηροῦ
3553 3114 3751 3184 τολμή-

2180 3200 2385 3267 ματοςι
2416 3197 2596 3265 δῦσον,
2623 3199 2762 3270 ἥλιε,
2797 3201 2858 3252 τὸ
2896 3200 3029 3268 ἐμὸν
3062 3203 3154 3254 καὶ
3190 3201 3282 3255 τοῦ
3318 3202 3530 3274 κόσμου
3568 3221 3749 3274 σωμα-

2171 3290 2339 3354 τικῶς
2367 3289 2627 3361 δυόμενον
2679 3290 2931 3363 καθορῶν
2962 3294 3099 3362 φῶς.
3146 3293 3364 3363 Φρίξον,
3398 3296 3622 3366 οὐρανὲ,
3663 3296 3753 3348 καὶ

2169 3382 2249 3453 τῷ
2280 3386 2516 3454 κατηφεῖ
2549 3384 2790 3455 σχήματι
2845 3386 3200 3456 συνερανίζου
3251 3404 3344 3455 μοι
3381 3387 3473 3440 τὸν
3498 3387 3703 3458 θρῆνον
3735 3404 3749 3417 ⁸

2171 3476 2440 3545 πένοησον
2482 3475 2583 3547 τὴν
2622 3476 2713 3530 τοῦ
2752 3476 2933 3531 κοινοῦ
2979 3479 3252 3531 Δεσπότου
3284 3478 3572 3532 κατανοῶν
3619 3496 3751 3549 σφαο

2171 3568 2297 3638 γήν.
2336 3564 2407 3620 Ὦ
2434 3569 2530 3638 γῆ,
2583 3570 2679 3624 καὶ
2724 3569 2992 3641 θεμελίων
3034 3571 3270 3624 αἰωνίων
3307 3570 3486 3639 βάσις,
3545 3571 3651 3641 δρη
3698 3588 3754 3624 τε

2172 3659 2269 3711 καὶ
2291 3658 2482 3719 νάπαι,
2525 3657 2600 3730 μὴ
2645 3660 2835 3729 πράως
2873 3658 2967 3712 τὸν
3007 3658 3194 3714 ἄδικον
3247 3661 3529 3729 ὲνὲγκοιτε
3571 3661 3750 3729 φόνον.

2172 3748 2445 3819 Δονήθητε
2492 3748 2823 3818 καταχθόνια
2855 3764 2869 3780 ο
2930 3749 3374 3822 συσκυθρώπαζὲ
3439 3767 3554 3820 μοι,
3610 3752 3756 3804 πᾶσα

2171 3839 2477 3910 τερπνὸτης
2509 3839 2816 3911 λειμώνων.
2872 3843 3001 3897 Ἰδοὺ
3052 3846 3160 3914 γὰρ
3185 3844 3213 3896 ὀ
3248 3847 3362 3906 τοῖς
3392 3842 3666 3905 ποικίλοις
3697 3859 3751 3895 σε

2171 3936 2607 4003 κατακοσμήσας
2631 3933 2874 3998 ἄνθεσιν,
2908 3934 3261 4005 ἠτιμωμένος
3311 3935 3403 3987 ἐπὶ
3437 3934 3602 3999 ξύλου
3627 3936 3750 4002 κρέ-

2175 4040 2342 4096 μαται
2376 4041 2389 4055 ο
2421 4025 2449 4076 ὀ
2477 4026 2596 4087 ταῖς
2625 4023 2947 4094 μυριπκόοις
2988 4023 3267 4094 εὐχροίαις
3327 4041 3387 4077 σε
3426 4014 3754 4094 ἦτερικαλλύ·

2170 4132 2289 4179 νας,
2322 4112 2564 4185 ἀκαλλὴς
2589 4117 2683 4168 καὶ
2703 4116 2941 4179 ἁνείδεος
2966 4116 3272 4185 ἀνήρτηται
3294 4114 3372 4184 τῷ
3403 4115 3750 4184 ὰ.νθρωπὶνῳ’

2170 4204 2231 4258 τὸ
2264 4203 2550 4259 ἀνόθευτον
2586 4205 2812 4270 κάλλος,
2858 4208 2891 4276 ἡ
2947 4194 3308 4269 ἀναλλοίωτος
3335 4205 3639 4276 ὠραιὸτης,
3667 4205 3754 4259 καὶ

2175 4297 2274 4367 τῆς
2297 4296 2564 4363 τεκούσης
2607 4298 2866 4369 διηνεκὴς
2899 4300 3225 4370 τερπνότης.
3258 4316 3278 4348 ι

2248 4405 2268 4438 ι
2303 4387 2466 4453 ’Λλλ’,
2526 4382 2572 4441 ὦ
2626 4388 2852 4457 γλύκιον
2884 4392 3114 4446 Τέκνονῑ
3152 4386 3223 4442 Ὠ
3249 4388 3429 4460 ψυχῆς
3464 4389 3559 4460 τῆς
3617 4386 3751 4459 ἐμῆς

2167 4479 2431 4552 διαμονήῐ
2464 4481 2580 4535 Νῦν
2642 4500 2738 4536 σου
2806 4484 2940 4555 μόνη
2992 4483 3101 4537 τῶν
3161 4485 3361 4554 τιμίων
3412 4483 3752 4553 ὑπερπάσχω

489 4559 686 4615 mentis
715 4558 1320 4628 aﬂ'ecta,crucior:sola
1346 4572 1659 4629 acerbiores
1693 4574 1905 4631 dolores
1938 4585 2062 4631 tuos

2173 4573 2361 4628 παθῶν
2385 4592 2400 4606 ·
2433 4579 2568 4647 μόνη
2597 4577 2962 4649 σφοδροτέρας
2991 4595 3085 4630 σου
3115 4578 3216 4641 τὰς
3239 4576 3431 4640 ὀδύνας
3460 4578 3518 4629 ἐν
3546 4580 3611 4648 τῇ
3643 4577 3744 4647 ἐμῇ

487 4650 542 4703 in
571 4662 791 4719 pectore
817 4669 937 4711 meo
969 4658 1193 4727 recipio.
1222 4659 1389 4716 Nemo
1410 4663 1556 4717 enim
1581 4675 1684 4729 cst,
1710 4667 1800 4736 qui
1825 4668 2061 4722 tristium

486 4742 620 4797 mihi
652 4746 723 4798 sit
760 4749 1063 4818 particeps;
1103 4740 1263 4807 nemo
1296 4754 1386 4824 qui
1426 4743 1637 4811 mecum
1669 4759 1893 4814 vulnera
1925 4762 2067 4815 divi-
2125 4768 2130 4781 '

486 4834 601 4888 dat.
653 4833 975 4904 Quanquam
1021 4841 1312 4894 astantium
1358 4842 1559 4912 aliquis
1605 4856 1829 4914 propter
1865 4850 2065 4903 cmdcm

484 4924 653 4992 dolet,
699 4926 844 4980 haud
874 4936 1054 4982 tamen
1104 4928 1193 4983 ille
1224 4940 1279 4984 ut
1324 4942 1570 4987 materna
1602 4936 1780 4990 doleat
1816 4937 2063 5007 viscera;

488 5031 593 5072 non
624 5026 682 5072 ut
702 5024 912 5073 natura:
960 5030 1194 5088 punctus
1221 5022 1466 5091 aculeis;
1496 5036 1685 5079 nonut
1716 5028 1916 5098 duplici
1944 5034 2070 5085 cha-

488 5110 667 5166 ritatis
707 5111 818 5181 igni
845 5113 1073 5180 adesus;
1110 5125 1171 5169 ut
1207 5131 1314 5172 non
1353 5115 1665 5187 duplicibus
1692 5126 1756 5173 ac
1785 5120 2067 5177 violentis-

486 5204 644 5260 einiis
674 5207 902 5263 nexibus
944 5209 1278 5280 implicatus.
1310 5212 1403 5269 Dei
1442 5228 1677 5284 namque
1715 5200 2067 5273 immutabilis

488 5298 711 5366 verique
744 5296 863 5352 Filii
902 5299 1140 5366 aﬂectio,
1180 5302 1554 5360 vehementius
1614 5306 1803 5372 trahit,
1839 5324 2068 5364 succen-

491 5384 734 5455 dcnsque
792 5388 1057 5456 depascit.
1131 5389 1462 5448 Immensum
1534 5394 1717 5462 itaque
1769 5399 2065 5453 excitatum

491 5475 836 5545 incendium;
863 5478 1017 5548 longe
1037 5492 1296 5549 superant
1320 5491 1595 5538 maternos
1619 5495 1808 5552 partus
1831 5486 2064 5555 dolores,

488 5568 716 5624 sublata:
766 5569 995 5633 ﬁnitima:
1028 5588 1043 5626 :
1079 5575 1291 5629 acutior
1363 5578 1632 5647 passionis
1692 5588 1797 5634 tuae
1857 5581 2067 5653 gladius

491 5660 729 5715 animum
774 5664 1067 5732 pervadit:
1097 5667 1408 5722 acerbiores
1453 5680 1619 5737 sunt,
1661 5686 1824 5742 quam
1873 5683 2068 5728 natura

491 5749 711 5815 habeat,
752 5753 887 5808 tanti
939 5756 1044 5808 mei
1086 5754 1300 5810 labores
1331 5774 1345 5812 :
1375 5772 1503 5813 nam
1566 5772 1621 5815 et
1657 5771 1844 5832 partus
1873 5778 1933 5817 ca
1978 5779 2068 5819 su-

495 5840 681 5909 perior
727 5851 829 5894 est.
888 5843 1099 5909 Quanto
1134 5846 1179 5899 is
1209 5861 1371 5915 porro
1420 5850 1722 5911 mirabilior
1767 5865 1880 5922 est,
1918 5864 2067 5910 tanto

2168 4667 2482 4738 εἰσδέχομαι
2516 4670 2736 4740 καρδίᾳ..
2772 4671 2888 4723 Οὐκ
2917 4668 2995 4722 ἔνι
3038 4671 3148 4741 γὰρ
3187 4673 3214 4723 ὁ
3250 4671 3621 4740 συμμετέχων
3667 4686 3750 4738 μοι

2166 4758 2279 4811 τῶν
2306 4760 2598 4827 ἀλγεινῶνο
2632 4761 2734 4814 οὐκ
2755 4760 2836 4813 ἒνι
2871 4762 2899 4813 ὁ
2927 4765 3053 4824 τοὶς
3087 4761 3365 4831 μώλωπας
3396 4761 3749 4830 συνδιαμερι-

2170 4850 2416 4919 ζὸμενος.
2452 4852 2514 4903 Εἰ
2556 4851 2650 4904 καί
2684 4868 2768 4915 τις
2801 4851 2911 4904 τῶν
2956 4853 3244 4923 παρόντων
3277 4853 3499 4905 ἀνιᾶται
3541 4852 3633 4905 διὰ
3663 4851 3749 4905 τὸν

2169 4943 2351 5011 φόνον,
2393 4943 2508 4996 ἀλλ’
2565 4944 2663 5013 οὐχ
2695 4943 2770 5006 ὡς
2801 4942 2869 4999 τὰ
2915 4944 3149 5014 μητρῷα
3188 4944 3514 5015 σπλάγχναο
3557 4944 3657 5013 οὐχ
3680 4941 3750 5005 ὡς

2167 5035 2282 5095 τοῖς
2322 5033 2564 5103 κέντροις
2613 5035 2711 5104 τῆς
2755 5032 2969 5102 φύσεως
3003 5033 3332 5104 βαλλόμενος
3364 5050 3377 5062 ·
3437 5034 3537 5098 οὐχ
3569 5032 3646 5095 ὡς
3674 5028 3747 5101 τῷ

2167 5124 2331 5195 διττῷ
2358 5126 2494 5197 πυρὶ
2514 5128 2614 5196 τῆς
2642 5126 2863 5195 ἀγάπης
2909 5125 3305 5195 δαπανώμενος
3328 5141 3341 5153 ·
3389 5127 3489 5193 οὐχ
3525 5124 3600 5187 ὡς
3632 5127 3743 5185 τοῖς

2168 5215 2376 5280 διπλοῖς
2408 5217 2501 5282 καὶ
2539 5218 3033 5287 τυραννικωτάτοις
3069 5216 3455 5284 συνδεδεμένος
3501 5215 3747 5286 δεσμοῖς.

2169 5308 2305 5363 Θεοῦ
2321 5315 2431 5380 γὰρ
2457 5310 2817 5364 ἁναλλοιὼτου
2842 5310 2938 5364 καὶ
2964 5309 3236 5380 ἀψευδοῦς
3259 5310 3415 5376 Υἱού,
3444 5312 3537 5364 καὶ
3562 5310 3749 5364 καθέλο

2168 5417 2257 5454 κει
2286 5404 2382 5455 καὶ
2415 5402 2686 5472 πυρπολεῖ
2706 5403 2914 5473 σχέσις.
2962 5402 3277 5472 ’Υπερφυὲς
3306 5398 3398 5457 οὖν
3426 5404 3488 5456 τὸ
3508 5402 3749 5456 ἀναπτό-

2173 5507 2333 5559 μενον
2374 5491 2504 5561 πῦρ.
2561 5492 2733 5564 Ὑπὲρ
2769 5490 3031 5564 μητρῴας
3079 5492 3279 5556 ὠδῖνας
3310 5494 3367 5545 αἱ
3400 5492 3744 5563 διαιρόμεναι

2169 5581 2398 5650 φλόγεςο
2453 5584 2740 5656 τομωτέρα
2781 5587 2923 5638 κατὰ
2960 5586 3058 5655 τῆς
3102 5586 3243 5655 ἐμῆς
3305 5585 3554 5656 καρδίας.
3588 5585 3620 5653 ἡ
3651 5582 3745 5636 τοῦ

2171 5673 2379 5739 πάθους
2410 5693 2505 5729 σου
2539 5681 2708 5747 χωρεί
2734 5679 2982 5748 ῥομφαία.
3005 5695 3017 5708 ·
3048 5679 3374 5750 δριμύτεροι
3401 5680 3501 5749 τῆς
3532 5678 3745 5747 φύσεως

2168 5767 2218 5819 οἱ
2252 5767 2445 5820 πόνοιο
2481 5769 2622 5841 ὑπὲρ
2665 5771 2774 5841 γὰρ
2821 5771 3028 5841 ταύτην
3076 5776 3173 5824 καὶ
3216 5775 3243 5825 ὁ
3290 5772 3481 5835 τόκος
3537 5772 3645 5839 ὅσῳ
3678 5770 3742 5841 δὴ
3824 5774 3829 5781 “

2173 5856 2603 5929 παραδοξότερος
2625 5857 2799 5927 οὗτος,
2831 5857 3071 5935 τοσούτῳ
3087 5864 3155 5917 τὰ
3185 5864 3470 5936 σπλάγχνα
3500 5878 3736 5933 σπαρασ-
