4060 6456
1536 299 1700 316 δραι-ιιι...
1728 301 1772 321 ,Α

290 420 426 484 1473

1107 416 1183 476 ΙΝ
1230 416 1332 476 SS.
1377 413 1686 475 MARIAM
1724 413 2251 476 ASSISTENTEM
2290 416 2542 491 CRUCI,
2579 418 2740 480 ETC.

3419 425 3555 491 1471

290 534 494 604 σομένη
534 529 923 600 τιτρώσκομαι.
975 527 1085 581 Καί
1120 544 1211 598 μοι
1241 526 1624 580 ποθεινότατον
1673 520 1742 596 ἦν
1773 525 1900 582 xui.

1985 524 2179 580 viscera
2212 526 2431 595 gravius
2461 527 2732 598 discerpta
2764 527 2957 585 vulnus
2980 529 3204 585 habent.
3232 530 3400 587 Plane
3423 549 3554 590 vero

293 623 661 698 μετριώτερον
707 621 815 674 τῶν
869 618 1220 690 κατεχουσῶν
1271 619 1494 682 ὀδυνῶν,
1539 618 1591 672 εἴ
1637 634 1700 686 γε
1751 617 1873 671 κατ’

292 717 463 786 αὐτῆς
512 713 800 784 ἐχώρησαν
840 714 889 765 οἱ
928 708 1049 783 ἧλοι
1075 728 1088 741 ·
1127 711 1183 764 εί
1211 728 1273 780 γε
1305 713 1406 773 τὰς
1435 711 1534 773 σὰς
1567 708 1790 789 σφαγὰς
1815 709 1875 761 ὲν

294 814 406 872 τοῖς
464 808 622 877 ἐμοῖς
688 804 1032 877 ἀνεδεξάμην
1085 804 1346 876 μέλεσιν·
1395 806 1447 857 εἰ
1495 803 1606 857 τῶν
1664 801 1877 873 μυρίων

292 899 630 973 ἐμπαιγμῶν
666 899 763 950 καὶ
797 898 1080 966 μαστίγων
1131 896 1245 966 ἐγὼ
1270 898 1390 959 ταῖς
1415 895 1640 967 ὕϐρεσιν
1665 893 1878 965 ἡτιμώ-

294 993 428 1063 θην“
508 993 556 1043 εί
606 989 728 1042 ἀντὶ
781 990 1038 1059 φιλτάτου
1103 987 1298 1041 τέκνου
1368 986 1637 1057 μητρικαὶ
1695 987 1876 1056 χεῖρες

302 1081 844 1155 ἐτραυματίσθησαν.
874 1079 1037 1134 Ἀλλά
1061 1079 1220 1133 τοῦτο
1249 1081 1348 1149 μὲν
1374 1079 1475 1149 οὐχ
1502 1073 1613 1131 οἷόν
1643 1076 1702 1131 τέ
1732 1080 1873 1143 ἐστι,

301 1175 396 1230 σοῦ
441 1176 601 1247 μόνου
626 1174 686 1228 τὸ
723 1173 862 1244 ὑπὲρ
890 1177 1106 1228 πάντων
1138 1172 1536 1242 ἀναδεχομένου
1570 1169 1746 1232 πάθος
1776 1166 1873 1221 τοῦ

300 1263 463 1333 μόνον
496 1261 870 1333 Δγιμιουργοῦ,
921 1262 1014 1315 καὶ
1064 1261 1151 1316 διὰ
1195 1261 1355 1316 τοῦτο
1402 1260 1875 1332 παραγενομένου.

306 1353 450 1421 Ἐγὼ
486 1346 553 1408 ’δὲ
595 1355 648 1408 τί
698 1353 895 1421 πάθους
948 1354 1067 1417 πῶς
1120 1357 1183 1408 τὸ
1233 1352 1466 1425 φρικτὸν
1518 1353 1878 1423 ὑπενέγκαιμι

293 1445 452 1498 τοῦτο
478 1446 706 1515 οέαμα;
768 1445 887 1509 πῶς
935 1445 1135 1514 τιμίοις
1170 1444 1370 1513 αἵμασι
1428 1443 1877 1515 προαιμαχοέντα

297 1537 398 1607 μὲν
455 1536 619 1600 νῶτα,
682 1536 1123 1608 ὲρυθραινόμενα
1171 1536 1227 1588 δὲ
1277 1534 1375 1590 νῦν
1431 1536 1566 1606 μέλη
1627 1534 1874 1607 θεωμένη

291 1629 605 1699 διαρκέσω;
638 1628 754 1692 πῶς
789 1630 997 1683 κατίδω
1027 1628 1192 1682 πάλιν
1219 1630 1559 1698 φωτοποιοὺς
1599 1627 1878 1698 μύσαντας

292 1722 643 1793 ὀφθαλμούς;
698 1722 817 1786 πῶς
845 1723 1100 1791 γλῶσσαν
1133 1723 1228 1776 καὶ
1259 1722 1410 1793 χείλη
1458 1722 1783 1795 paupriem,
1809 1722 1879 1776 τὰ

294 1814 563 1885 πρότερον
590 1816 821 1886 νεκροὺς
872 1814 1390 1881 διανιστῶντιι,.κα“ιΔ
1430 1815 1683 1885 δαίμοσιν
1714 1818 1877 1884 ὲγκε·

1970 616 2496 673 desideratissimum
2532 618 2868 688 habuissem,
2904 635 2968 675 ac
3003 621 3188 677 mitius
3224 638 3335 691 prae
3359 623 3560 679 dolori-
3616 665 3628 675 .

1973 706 2075 763 bus
2118 710 2209 779 qui
2259 718 2469 774 tenent,
2513 710 2664 764 utin
2708 726 2796 766 me
2840 713 2975 765 clavi
3039 716 3460 784 penetrassent:
3499 729 3560 770 ιιι

1975 815 2095 855 tuos
2138 802 2429 857 cruciatus
2493 802 2825 871 recepissem
2878 806 2930 858 in
2983 807 3244 861 membris
3294 810 3467 876 meis;
3503 819 3560 862 ut

1975 890 2470 948 innumerabilibus
2524 893 2776 949 ludibriis
2829 911 2893 949 ac
2945 896 3305 966 verberibus,
3357 901 3559 968 quibus

1976 997 2072 1052 per
2106 999 2375 1039 summam
2417 983 2673 1052 injuriam
2708 984 2937 1042 allectus
2984 988 3157 1055 fuisti,
3198 990 3557 1044 dehonestata

1975 1089 2190 1143 essem;
2225 1085 2284 1129 ut
2318 1091 2417 1145 pro
2450 1078 2777 1134 charissima
2826 1081 2998 1147 prole,
3050 1086 3315 1136 maternas
3367 1097 3561 1138 manus

1975 1166 2299 1222 vulneratte.
2327 1177 2535 1223 essent.
2578 1167 2871 1224 Enimvero
2908 1172 3165 1240 nequibat
3206 1172 3289 1227 sic
3333 1172 3558 1234 habere,

1977 1272 2099 1312 cum
2151 1267 2206 1313 ttt
2253 1259 2402 1313 solus
2442 1275 2540 1327 pro
2595 1264 2847 1317 omnibus
2898 1274 3127 1333 mortem
3202 1275 3562 1335 suscepturus

1977 1364 2147 1416 esses,
2191 1351 2283 1420 qui
2333 1351 2484 1407 solus
2524 1351 2754 1407 Creator
2802 1368 2948 1419 eras,
2997 1371 3228 1423 eamque
3255 1356 3324 1410 ob
3355 1372 3468 1410 rem
3507 1359 3559 1410 in

1979 1444 2239 1498 mundum
2280 1448 2547 1499 venisses.
2582 1423 2714 1516 ‘Ego
2780 1454 2962 1501 autem
3019 1449 3163 1516 quid
3198 1449 3397 1518 agam?
3444 1451 3563 1515 Qua

1982 1534 2195 1589 ratione
2234 1536 2567 1591 horrendum
2604 1537 2705 1593 hoc
2755 1539 3123 1608 spectaculum
3175 1540 3387 1594 feram”?
3415 1542 3563 1608 Quo-

1981 1627 2143 1681 modo
2172 1627 2383 1693 videns,
2410 1642 2537 1684 ante
2558 1632 2774 1699 quidem
2806 1633 3047 1700 pretioso
3075 1633 3340 1702 sanguine
3368 1648 3567 1688 cruen-

1983 1720 2173 1775 tatum’
2206 1721 2466 1789 dorsum,
2525 1737 2670 1777 nunc
2718 1733 2901 1778 autem
2960 1724 3234 1778 rubricata
3284 1726 3564 1789 membra,

1981 1811 2321 1865 sustineam?
2369 1812 2655 1879 Quomodo
2726 1812 2924 1868 iterum
2977 1813 3188 1877 oculos,
3248 1815 3432 1867 mundi
3483 1814 3567 1866 lu-

291 1906 600 1977 λευόμενα,
654 1906 754 1961 κᾶν
813 1907 947 1980 πρὸς
981 1906 1162 1976 ὀλίγον
1210 1907 1625 1979 ὲιρησυχάζοντα
1681 1908 1875 1962 θεάσο-

1985 1905 2167 1965 mina,
2230 1905 2451 1961 clausos
2514 1906 2822 1975 aspiciam?
2869 1906 3151 1977 Quomodo
3207 1906 3452 1973 linguam
3498 1922 3566 1959 ac

292 2013 442 2070 μαι;
482 2017 500 2048 ι

372 2296 391 2330 ι
428 2274 569 2330 Ἀλλ’
612 2275 790 2338 ἄπιθι,
842 2276 1108 2337 Δέσποτα,
1151 2276 1250 2349 τὴν
1311 2278 1623 2350 ἀπὸρῤητον
1672 2277 1879 2347 ταύτην

291 2367 608 2437 οἰκονομίαν
640 2366 969 2438 πληρώσωνο
994 2368 1175 2434 ἄπιθι,
1200 2369 1369 2422 καλοῦ
1403 2369 1604 2432 παντὸς
1635 2368 1880 2439 ὑπερπό-

291 2459 458 2530 θητον
480 2460 713 2525 -Τέκνον,
732 2462 796 2531 τῇ
833 2459 1189 2532 προσηκούσῃ
1214 2460 1685 2531 δοξασθησόμενος
1719 2461 1878 2530 τιμῇ.

291 2551 413 2604 Οὐκ
440 2552 519 2603 ἔτι
550 2550 660 2621 γάρ
719 2567 776 2602 σε
808 2551 1144 2619 σωματικῶς
1186 2551 1247 2604 τὸ
1275 2552 1407 2622 ὲμὸν
1433 2552 1881 2622 περιπτύσσομαι

290 2641 672 2711 καλλιδπιςμα
702 2658 714 2673 ·
752 2643 809 2693 ὲν
835 2642 944 2712 γὰρ
973 2641 1141 2713 θεῖκῷ
1170 2659 1266 2695 σου
1303 2642 1483 2712 θρόνῳ
1510 2642 1608 2712 τὴν
1639 2640 1882 2711 προσλη-

293 2732 530 2803 φθεῖσαν
592 2731 947 2795 ἀναϐιϐάσεις
1002 2733 1190 2801 φύσιν.
1252 2731 1454 2787 Οὐκέτι
1505 2733 1667 2801 σῶμα.
1717 2730 1882 2803 χερσὶ

295 2821 589 2895 μητρῲαις
624 2823 1035 2893 κατακοσμήσω
1061 2839 1074 2853 °
1103 2825 1182 2886 εἰς
1212 2822 1320 2894 γὰρ
1348 2824 1446 2895 τὴν
1470 2824 1677 2878 οἰκείαν
1712 2823 1882 2877 ἀπαί-

297 2930 418 2987 ρεις
456 2913 635 2980 δόξαν,
672 2914 700 2965 ὁ
738 2915 837 2985 τῆς
876 2918 1100 2987 πρώτης
1143 2916 1219 2987 μὴ
1252 2916 1547 2987 χωρισθεὶς
1603 2916 1783 2985 δόξης.
1816 2916 1880 2969 Εί

290 3006 411 3075 γὰρ
436 3006 529 3059 καὶ
556 3005 757 3069 θεῖκῶς
804 3005 880 3069 ῶς
934 3006 1175 3078 τεκούσῃ
1209 3007 1583 3079 συμπαρείης,
1613 3007 1728 3061 ἀλλ’
1781 3008 1881 3078 οὐχ

288 3097 374 3160 ὼς
394 3096 455 3149 τὸ
487 3097 755 3168 πρότερον
780 3112 795 3127 '
820 3097 920 3167 οὐχ
944 3096 1118 3161 οὕτως
1147 3098 1287 3152 ὥστε
1308 3115 1367 3151 σε
1391 3098 1879 3170 περιπτύσσεσθαι·

291 3188 443 3261 ᾤστε
478 3206 572 3245 σου
610 3191 708 3260 τῆς
738 3190 1003 3260 γλυκείας
1034 3191 1300 3260 διηνεκῶς
1332 3192 1696 3246 ἐναπολαύειν
1724 3192 1875 3255 θεας·

291 3282 442 3336 ὥστε
490 3299 583 3335 σου
636 3286 750 3347 τοῖς
793 3286 1135 3355 σωματικοῖς
1174 3285 1572 3355 ὲνωραῖζεσθαι
1633 3284 1878 3339 κάλλεσι.

290 3376 412 3430 K0).
449 3374 609 3428 τοῦτο
642 3375 741 3445 μὲν
771 3376 900 3446 ἐμοὶ
940 3377 1042 3446 τῆς
1074 3376 1338 3430 ἀνωτάτω
1368 3375 1530 3448 δόξης
1558 3378 1655 3430 καὶ
1681 3378 1883 3448 εὐφρο-

293 3467 469 3539 σύνης
505 3468 790 3539 πρόξενον,
825 3467 885 3521 τὸ
935 3466 1034 3538 τὴν
1066 3468 1326 3524 ἀπάντων
1363 3468 1455 3523 διὰ
1486 3468 1695 3533 πάθους
1736 3470 1891 3522 οἰκοειΔ

290 3561 605 3632 νομήσαντι
658 3561 961 3633 σωτηρίαν,
1000 3560 1081 3625 εἷς
1131 3578 1191 3615 τε
1233 3562 1324 3616 τὸν
1370 3564 1570 3616 οἰκεῖον
1599 3561 1791 3635 θρόνον
1823 3561 1885 3615 τὸ

293 3652 651 3724 προσληφθέν
731 3653 1134 3709 ἀναϐιϐάσαντι
1197 3654 1448 3725 φύραμα,
1512 3655 1753 3709 συνεῖναί
1802 3673 1886 3711 σοι

294 3745 532 3816 νοητῶς,
577 3746 675 3801 καὶ
727 3747 1082 3820 προσομιλεῖν
1120 3748 1418 3812 διαπαντός
1445 3764 1460 3779 ⁸
1518 3746 1778 3820 στένομαι
1826 3748 1886 3803 δὲ

294 3838 400 3894 καὶ
424 3838 568 3893 οὕτω
601 3840 668 3893 τὰ
693 3840 1002 3912 σπλάγχνα,
1035 3841 1377 3913 ὀδυνώμενόν
1396 3859 1459 3896 σε
1487 3844 1583 3898 καὶ
1602 3843 1888 3915 πάσχοντα

296 3931 471 4002 σαρκὶ
500 3931 820 4003 καθορῶσα,
841 3934 1060 4005 μυρίοις
1086 3951 1146 3988 τε
1177 3935 1287 3990 τῶν
1313 3935 1582 3990 συνόντων
1614 3936 1712 3988 καὶ
1729 3952 1889 4008 ,παρο

294 4022 493 4077 ιόντων
546 4024 876 4105 βαλλόμενον
911 4028 1023 4091 τοῖς
1061 4026 1294 4081 ὀνείδεσι
1323 4044 1338 4058 ·
1395 4027 1490 4081 καὶ
1515 4026 1610 4092 οὓς
1647 4027 1758 4081 ἔδει
1785 4027 1893 4097 τῆς

296 4117 551 4188 μεγάλης
598 4117 907 4171 ἀπόνασθαι
945 4118 1301 4190 κηδεμονίας,
1356 4121 1501 4188 σφᾶς
1546 4119 1778 4182 ἑαυτοὺς
1806 4121 1891 4183 είς

290 4211 365 4264 τὸ
382 4210 481 4280 τῆς
510 4209 792 4274 ἀπωλείας
830 4209 1110 4282 βάραθρον
1137 4211 1540 4275 συνωθοῦντας.
1574 4211 1715 4264 Ἀλλ’
1740 4203 1887 4264 οὗτοι

297 4304 428 4377 μὲν,
462 4302 638 4368 οὕτως
692 4303 907 4375 αἱρέσει
953 4305 1020 4375 τῇ
1064 4304 1345 4376 μιαιφόνῳ
1400 4304 1775 4359 διατίθενται·
1819 4305 1886 4359 σὺ

289 4397 381 4461 δὲ,
423 4394 656 4466 φθέγξαι
691 4412 745 4449 τι
777 4397 845 4467 τῇ
896 4396 1086 4467 Μητρὶ
1122 4397 1545 4467 συντακτήριον,
1598 4399 1626 4451 ὁ
1657 4397 1888 4468 μηδενὸς

289 4488 413 4543 τῶν
441 4489 614 4543 ὄντων
646 4488 1110 4560 ἀπολειπόμενος·
1143 4487 1378 4559 φθέγξαι
1421 4489 1599 4559 γλυκὺ
1627 4491 1721 4545 καὶ
1752 4491 1889 4556 ζωο-

1981 1995 2238 2052 mel'lillua
2279 1998 2446 2063 labia,
2497 1997 2698 2066 quibus
2742 2011 2915 2067 nuper
2954 1998 3262 2051 suscitabas
3292 2009 3566 2061 mortuos,

1981 2104 2046 2143 ac
2077 2090 2416 2145 dwmonibus
2461 2090 2790 2160 imperabas,
2820 2089 2903 2144 vel
2933 2089 2998 2143 ad
3034 2090 3306 2144 modicum
3344 2090 3564 2144 silentia

1981 2183 2230 2237 videam?
2272 2201 2291 2234 ι

2058 2291 2079 2326 ι
2122 2275 2222 2329 Abi
2276 2275 2674 2342 nihilominus,
2721 2274 2982 2341 Domine,
3037 2273 3370 2328 inell'abilem
3425 2275 3569 2332 hanc

1986 2368 2451 2436 dispensationem
2498 2366 2823 2436 impleturus
2869 2385 2884 2420 :
2922 2367 3031 2431 abi,
3066 2366 3209 2421 bono
3243 2366 3389 2420 omni
3427 2366 3575 2419 desi-

1983 2459 2279 2515 derabilior:
2310 2458 2438 2521 Fili,
2485 2470 2543 2511 ut
2577 2474 2882 2527 congruum
2919 2459 3014 2512 tibi
3062 2459 3324 2513 honorem
3372 2472 3571 2512 conse-

1984 2552 2190 2620 quavis.
2226 2547 2341 2604 Nec
2373 2549 2516 2604 enim
2562 2549 2677 2619 jam
2713 2559 2763 2605 te
2792 2550 3028 2618 amplius
3057 2547 3419 2616 corporaliter
3449 2562 3568 2602 sum

1986 2641 2354 2712 amplexatura
2384 2642 2548 2695 decus
2578 2654 2759 2695 meum
2793 2658 2807 2693 :
2844 2655 3008 2710 quam
3047 2640 3194 2693 enim
3222 2638 3572 2709 assumpsisti

1985 2746 2287 2796 naturam,
2341 2731 2524 2786 divina
2584 2740 2671 2784 tua
2720 2731 2851 2785 sede
2902 2731 3191 2785 sublimem
3243 2730 3569 2787 collocatam

1983 2826 2170 2882 babes.
2204 2825 2320 2879 Non
2335 2823 2446 2893 jam
2465 2823 2699 2892 amplius
2726 2834 3094 2877 maternarum
3116 2821 3293 2878 oliicio
3315 2838 3571 2878 manuum

1982 2928 2238 2974 ornatura
2278 2934 2398 2973 sum
2428 2932 2628 2987 corpus
2655 2926 2806 2971 tuum
2835 2935 2849 2984 ;
2884 2919 3087 2988 quippe
3124 2919 3308 2973 elevas
3338 2919 3405 2972 ad
3441 2932 3573 2986 pro-

1984 3011 2156 3081 priam
2185 3010 2432 3079 gloriam,
2469 3010 2559 3079 qui
2590 3028 2617 3063 a
2654 3011 2825 3080 prima
2863 3011 3036 3081 gloria
3074 3026 3351 3080 nunquam
3391 3026 3574 3065 reces-

1985 3104 2121 3159 sisti.
2151 3103 2470 3172 Quanquam
2505 3104 2648 3156 enim
2678 3104 2898 3158 deitatis
2927 3103 3215 3172 prtesentia
3247 3118 3368 3156 cum
3400 3101 3573 3157 Matre

1987 3207 2310 3250 versaturus
2342 3194 2435 3256 sis,
2484 3209 2588 3247 non
2621 3204 2801 3247 tamen
2838 3203 2897 3248 ut
2929 3194 3091 3262 olim;
3125 3211 3233 3248 non
3260 3195 3331 3248 ita
3360 3202 3417 3247 ιιι
3452 3210 3572 3247 am-

1987 3286 2263 3357 plexetur;
2296 3295 2356 3340 ut
2389 3285 2533 3341 dulci
2582 3295 2676 3341 tuo
2711 3293 2935 3356 aspectu
2982 3286 3186 3357 jugiter
3224 3287 3569 3357 perfruatur;

1987 3387 2045 3432 ut
2069 3392 2333 3447 corporeo
2364 3388 2456 3432 tuo
2501 3378 2698 3433 decore
2734 3366 3056 3433 delectetur.
3096 3379 3173 3431 Ac
3203 3379 3448 3448 quidem,
3481 3395 3572 3433 su-

1986 3485 2187 3540 premae
2240 3469 2369 3524 mihi
2422 3469 2609 3539 gloriae
2636 3485 2700 3524 ac
2734 3470 2941 3524 laetitiae
2971 3486 3137 3524 causa
3168 3472 3262 3536 sit,
3299 3481 3358 3526 ut
3392 3483 3569 3527 tecum

1987 3562 2169 3617 animo
2202 3576 2411 3626 verser,
2448 3572 2608 3631 teque
2657 3564 2917 3618 continue
2950 3556 3224 3633 alloquar,
3280 3575 3456 3618 morte
3484 3575 3573 3619 tua

1988 3654 2370 3709 universorum
2429 3655 2592 3711 saluti
2634 3656 2860 3725 provide
2914 3655 3314 3723 consulentem,
3368 3673 3576 3712 assunt-

1987 3753 2247 3817 ptamque
2278 3747 2725 3817 conspersionem
2762 3748 2817 3802 in
2849 3747 3034 3803 sedem
3089 3750 3370 3817 propriam
3403 3750 3576 3806 suble-

1987 3851 2205 3895 vantem
2236 3858 2251 3896 :
2288 3849 2436 3896 tenet
2468 3850 2649 3896 tamen
2674 3842 2951 3913 angustia,
2984 3855 3049 3896 ac
3082 3851 3301 3911 torquet
3335 3843 3574 3911 viscera,

1988 3948 2110 4002 qua;
2146 3933 2420 3999 dolentem
2452 3942 2504 3988 ιο
2533 3947 2598 3988 ac
2625 3933 2947 3988 morientem
3001 3933 3284 4002 aspiciam,
3321 3934 3575 3990 innume-

1990 4024 2370 4095 rabilibusque
2397 4025 2695 4078 astantium
2726 4024 2873 4079 cruci
2900 4064 2915 4090 ,
2947 4039 3008 4078 ac
3032 4025 3431 4079 transeuntium
3479 4041 3578 4096 op.

1960 4114 2225 4186 ’probriis
2243 4116 2544 4187 appetitum
2575 4130 2592 4171 :
2624 4126 2828 4186 eosque
2851 4115 3091 4181 demum,
3116 4128 3256 4186 quos
3299 4126 3446 4171 tanta
3483 4117 3574 4173 illa

1991 4206 2333 4276 providentia
2389 4205 2680 4277 oportebat
2735 4204 2991 4260 meliores
3031 4204 3175 4268 ﬁeri,
3215 4206 3362 4274 ipsos
3406 4220 3486 4271 se,
3518 4206 3573 4260 in

1992 4296 2320 4367 perditionis
2370 4298 2716 4363 barathrum,
2748 4297 2964 4352 videam
3006 4297 3364 4367 impellentes.
3395 4297 3574 4353 Caete-

1993 4406 2111 4445 rum
2142 4389 2218 4444 illi
2245 4389 2326 4445 sic
2355 4389 2578 4457 habent,
2605 4406 2705 4460 pro
2728 4405 2790 4446 ea
2816 4390 3115 4449 voluntate.
3147 4405 3250 4460 qua
3284 4391 3337 4446 in
3371 4390 3584 4449 caedent

1992 4482 2333 4539 bacchantur
2366 4499 2380 4536 :
2414 4491 2469 4538 tu
2527 4498 2656 4538 vero
2726 4482 2934 4552 aliquid
2994 4484 3147 4538 Matri
3181 4484 3425 4554 loquere,
3455 4484 3577 4541 vale

292 4579 548 4650 πάροχον
582 4578 736 4643 ἔπος,
774 4579 844 4632 ἵν’
875 4578 1058 4651 ἔχοιμι
1119 4581 1216 4633 καὶ
1257 4579 1391 4636 αὐτὸ
1415 4580 1509 4636 τοῦ
1544 4583 1682 4652 μετὰ
1714 4583 1887 4637 ταῦτα

1993 4575 2200 4641 dicens,
2242 4575 2390 4643 quia
2423 4575 2570 4630 nulla
2614 4590 2673 4629 re
2700 4577 2901 4632 absens
2946 4576 3081 4647 agis.
3137 4575 3386 4646 Loquere
3416 4577 3577 4634 dulce

292 4668 502 4740 καιροῦ
529 4664 943 4742 παρηγόρημα.’
977 4668 1178 4724 Διάθου
1209 4670 1280 4726 τὰ
1310 4672 1439 4742 περὶ
1458 4671 1557 4743 τῆς
1589 4671 1883 4742 τεκούσης,

291 4763 326 4815 ὁ
367 4762 465 4815 σὺν
485 4759 562 4830 τῷ
582 4760 775 4832 κόσμῳ
801 4776 896 4814 σου
919 4760 1112 4815 παντὶ.
1132 4761 1229 4815 καὶ
1252 4760 1460 4832 ταύτην
1487 4761 1886 4834 διακυϐερνῶν.

294 4854 444 4910 Εἰπὲ
505 4853 665 4923 λόγον
698 4854 917 4924 ἥδιστον
967 4856 1067 4926 μὲν
1108 4855 1446 4927 ἀκουσθῆναι
1489 4855 1586 4910 νῦν
1617 4896 1632 4922 ,
1672 4855 1890 4927 βέΰαιον

291 4949 360 5003 δὲ
405 4946 820 5019 κατασχεθῆναι
847 4946 1137 5020 διηνεκῶς.
1166 4964 1197 5000 τ
1626 4984 1633 4991 ε

380 5120 539 5176 Οὕτω
558 5122 916 5193 δριμυτάτοις
951 5123 1291 5198 βαλλομένην
1317 5127 1418 5198 τῆς
1461 5127 1680 5197 φύσεως
1709 5128 1889 5200 βέλεσι

295 5213 410 5284 τὴν
462 5213 601 5268 ίδίαν
632 5215 661 5267 ὁ
700 5215 1272 5287 Δεσπότηςκατιδὼν
1314 5220 1565 5292 Μητέρα,
1607 5222 1705 5276 καὶ
1736 5221 1799 5275 τὸ
1832 5223 1892 5276 ἐν

295 5306 513 5379 καρδίᾳ
542 5305 751 5378 ταύτης
807 5307 940 5372 ἴσως
980 5308 1060 5380 τῷ
1112 5312 1481 5385 προαγομένῳ
1535 5313 1623 5367 διὰ
1665 5313 1893 5384 χειλέων

297 5400 581 5466 ἐξετάζων
620 5398 757 5473 πῦρ,
791 5399 1055 5473 ποθεινὴν
1101 5404 1299 5476 ἀφίησι
1337 5406 1546 5478 φωνὴν,
1588 5409 1654 5478 τῇ
1689 5408 1891 5479 ὲνηχή-

299 5508 396 5546 σει
431 5490 635 5560 μᾶλλον
663 5492 727 5557 τρ
746 5492 1141 5562 ἀνακτητικὺν,
1175 5494 1207 5564 ἢ
1238 5496 1351 5558 τοῖς
1375 5495 1695 5567 λεγομένοις
1730 5497 1892 5568 Exeu-

302 5602 435 5641 σαν.
468 5584 640 5639 Τοῦτο
666 5584 776 5658 γὰρ
799 5580 869 5657 ἦν
903 5586 1044 5658 αὐτῇ
1069 5586 1131 5640 τὸ
1154 5587 1895 5661 καταθυμίωςὲπιζητούμε-

300 5694 424 5744 νον,
477 5678 539 5753 τὸ
571 5679 666 5731 καὶ
713 5677 960 5750 φθογγῆς
1015 5678 1108 5731 τοῦ
1157 5678 1414 5747 φιλτάτου
1466 5681 1893 5753 προφερομένης

300 5770 480 5841 ψιλῆς
509 5769 918 5827 ἀντιλαϐέσθαι.
966 5770 1032 5825 Ἦ
1052 5770 1107 5825 δὲ
1136 5771 1314 5842 φωνὴ,
1350 5772 1575 5845 τοιαύτη
1608 5790 1692 5838 τις
1717 5774 1893 5846 ὑπῆρ-

301 5878 429 5936 χεν,
481 5862 555 5927 ὡς
583 5864 642 5917 ἐν
690 5860 918 5934 βραχέσι
971 5862 1186 5919 ἅπαντα
1227 5861 1609 5934 διατιθεμένου
1648 5865 1893 5920 καθυποο

1991 4678 2056 4723 ac
2079 4665 2243 4722 vitale
2273 4668 2524 4732 verbum,
2551 4677 2610 4722 ut
2636 4666 2803 4722 futuri
2837 4669 3092 4739 deinceps
3153 4672 3412 4737 temporis
3440 4687 3580 4742 qua-

1992 4761 2260 4831 lecunque
2310 4759 2438 4815 illud
2492 4760 2743 4815 solatium
2798 4761 3049 4815 habeam.
3107 4759 3338 4819 Testare
3375 4765 3440 4820 de
3489 4776 3578 4819 tua

1992 4851 2190 4918 Matre,
2250 4853 2343 4923 qui
2384 4868 2503 4908 eam
2563 4868 2780 4923 quoque
2827 4852 2900 4907 uti
2942 4855 3201 4908 mundum
3266 4856 3577 4911 universum

1993 4946 2284 5015 gubernes.
2317 4946 2410 4999 Dic
2440 4960 2774 5011 sermonem,
2819 4963 2963 5001 nunc
2993 4948 3211 5017 quidem
3243 4949 3430 5005 auditu
3456 4949 3579 5003 dul-

1995 5039 2314 5107 cissimum;
2366 5038 2582 5093 ﬁrmum
2636 5054 2815 5094 au'cm
2853 5052 2912 5094 ut
2945 5050 3205 5110 perpetuo
3239 5049 3502 5097 teneatur.
3553 5061 3573 5095 ι

2069 5129 2225 5185 llunc
2252 5131 2470 5186 modum
2498 5129 2778 5194 Dominus,
2811 5132 3168 5187 amarissimis
3198 5141 3404 5188 natura:
3428 5133 3586 5202 jacu-

1993 5223 2061 5280 lis
2110 5223 2412 5278 sauciatam
2468 5218 2694 5280 Ma'trem
2741 5235 3048 5294 aspectans,
3111 5225 3403 5296 ignemque
3457 5227 3581 5283 imis

1994 5315 2313 5386 pra'cordiis
2342 5331 2658 5385 accensum,
2682 5316 2897 5387 qualem
2928 5317 3060 5372 foris
3096 5317 3236 5372 labia
3260 5321 3577 5388 prodebant.

1996 5420 2273 5476 scrutans,
2299 5409 2709 5465 desiderabilem
2737 5410 2939 5464 emittit
2970 5426 3182 5473 vocem.
3216 5425 3353 5464 sono
3385 5412 3583 5482 magis,

1995 5517 2157 5572 quam
2203 5504 2492 5556 verborum
2542 5511 2755 5555 textura
2803 5515 3054 5556 recreare
3104 5502 3414 5558 habentem.
3468 5503 3584 5558 lloc

1996 5596 2141 5648 enim
2183 5594 2422 5664 cupienti
2481 5597 2664 5648 animo
2704 5595 3006 5663 qwtmrebat,
3040 5605 3097 5649 ut
3138 5595 3220 5647 vel
3255 5599 3409 5649 nudae
3459 5606 3582 5651 lan-

1997 5695 2106 5740 tum
2141 5686 2289 5743 vocis
2321 5703 2537 5755 sonum,
2569 5687 2878 5757 proferente
2912 5689 3313 5755 amantisaimo,
3345 5693 3579 5765 audiret.
3675 5683 3679 5689 ’

1997 5774 2121 5829 llaec
2147 5786 2327 5830 autem
2391 5777 2515 5832 talis
2559 5787 2701 5842 erat,
2755 5787 2813 5832 ιιι
2858 5779 3043 5847 paucis
3099 5784 3352 5837 testantis
3398 5785 3584 5842 omnia

2000 5868 2286 5925 indicaret.
2322 5866 2554 5937 Mulier,
2606 5885 2724 5926 ecce
2746 5911 2763 5939 ,
2793 5870 3006 5944 inquit,
3039 5872 3183 5942 ﬁlius
3215 5885 3335 5930 tuus
3370 5895 3387 5932 :
3423 5879 3617 5943 uituli,
