4060 6436
550 414 689 481 ιξὶῖθ

1681 400 2008 466 GEORGII
2046 394 2644 462 NICOMEDIENSIS

3682 394 3799 460 Ῑιίῗϐ

553 546 677 587 rum
722 516 1110 584 commendans
1157 534 1275 576 eam
1317 516 1599 589 discipulo.
1635 518 1715 574 'l‘u
1749 532 1879 573 vero
1912 516 2127 571 rursum

2234 512 2483 582 φαίνειν
2524 496 2919 575 Γύναιξίδσὺ,
2974 508 3131 579 φησί,
3161 511 3194 562 ὁ
3217 508 3346 576 υἱός
3382 519 3535 575 σου,
3590 506 3673 580 τῷ
3713 529 3799 582 μορ

554 617 844 675 considera
914 624 1121 669 naturte
1152 613 1203 666 in
1233 626 1296 665 ea
1326 610 1911 681 ignemtvehementius
1940 623 2133 665 accen-

550 726 671 765 sum
703 749 718 773 .
753 708 1178 764 incontinentem
1206 706 1473 761 viseerum
1507 704 1798 760 excitatam
1830 703 2128 758 ﬂammam.

549 801 792 856 Dieendo
842 799 1028 863 enim.
1090 798 1301 868 ﬁlium,
1353 796 1407 851 in
1479 796 1796 851 memoriam
1855 791 2132 851 revocavit

554 911 754 950 novum
821 909 886 949 ac
935 890 1269 949 ineffabilem
1308 900 1574 961 partum:
1618 891 1812 946 'animo
1861 893 2133 967 suggessit

552 984 804 1039 mirabile
837 984 1093 1054 philtrum
1113 1019 1131 1048 ,
1166 981 1450 1037 amabilem
1483 981 1950 1037 conversationem
1972 1021 1988 1050 ,
2013 993 2129 1037 rna-

547 1077 725 1147 jorem
768 1076 975 1129 luctum
1013 1088 1176 1144 quam
1213 1084 1272 1128 ut
1301 1073 1509 1128 ratione
1539 1073 1749 1143 concipi
1778 1084 1960 1144 queat.
1992 1072 2128 1129 Proe-

550 1167 682 1220 didit
717 1165 848 1220 item
880 1165 1074 1219 blanda
1102 1162 1224 1217 Filii
1253 1163 1319 1217 ad
1351 1162 1576 1218 Matrem
1610 1163 1803 1230 verba;
1840 1163 2128 1239 sublimem

549 1257 698 1313 illam
750 1272 816 1311 ac
863 1255 1169 1310 mirabilem
1239 1252 1674 1323 snbjectiouem;
1724 1254 1841 1323 ejus
1890 1257 1958 1310 ad
2003 1270 2127 1311 eum

550 1350 966 1423 gloriationcm;
1033 1345 1425 1402 desiderabiles
1473 1361 1536 1402 ac
1590 1346 1876 1402 honestate
1940 1345 2129 1415 plenos

551 1457 916 1514 congressus;
948 1456 1014 1497 ac
1038 1441 1253 1496 demum
1291 1436 1426 1505 fore,
1460 1448 1522 1494 ut
1550 1440 1587 1493 ii
1617 1439 1873 1507 deinceps
1919 1442 2128 1493 sermo-

552 1548 651 1590 nes
710 1533 932 1587 minime
974 1532 1329 1603 congruerint
1363 1546 1377 1585 :
1412 1539 1473 1586 ut
1518 1529 1745 1584 minime
1793 1529 1863 1585 sit
1906 1544 2030 1584 cum
2064 1543 2127 1585 ea

549 1628 757 1700 jugiter
786 1628 841 1684 in
876 1643 1062 1694 carne,
1094 1628 1171 1683 uti
1205 1628 1375 1697 prius,
1402 1626 1743 1697 postmodum
1773 1636 2124 1694 versaturus;

551 1722 751 1792 quippe
806 1721 897 1790 qui
943 1721 1010 1776 ad
1060 1721 1290 1793 gloriam
1354 1736 1508 1776 suam
1566 1719 1797 1776 festinus
1856 1728 2124 1798 pergeret.

549 1812 689 1869 Ecce
738 1814 886 1882 ﬁlius
946 1823 1091 1868 tuus.
1151 1813 1318 1869 Scitis
1353 1813 1444 1883 qui
1493 1827 1607 1867 rem
1666 1827 1765 1867 usu
1837 1811 2123 1878 didicistis,

546 1921 708 1976 quam
741 1906 1240 1962 commendationes
1264 1905 1530 1976 ejusmodi
1564 1906 1630 1960 ab
1657 1905 1722 1959 iis
1747 1905 1838 1975 qui
1871 1905 2123 1975 migrant,

547 2012 612 2054 ac
664 1997 805 2052 vivis
854 1998 1162 2062 excedunt,
1234 1997 1605 2067 perstringere
1665 1997 1913 2062 valeant;
1964 2010 2126 2065 quam

546 2098 927 2146 commoveant
951 2080 1191 2156 viscel’a;
1225 2099 1485 2158 quantum
1523 2104 1834 2155 manerem,
1864 2099 2126 2158 quantum

548 2181 793 2236 dolorem
825 2181 1059 2250 pariant.
1095 2180 1230 2234 Eum
1265 2181 1407 2235 enim
1439 2196 1600 2249 quem
1627 2182 1754 2237 olim
1787 2197 1974 2237 amore
2002 2197 2129 2253 pro-

549 2274 960 2343 sequebantur,
1013 2288 1078 2329 ac
1115 2287 1349 2342 quocum
1384 2271 1593 2343 jngiter‘
1640 2274 2125 2339 conversabaulur,

549 2369 761 2421 insueto
797 2364 1022 2421 homine
1065 2371 1437 2429 commutant;
1473 2363 1932 2434 denuntiaturque
1976 2364 2128 2420 abire

546 2474 673 2514 eum
703 2458 794 2528 qui
837 2473 934 2528 per
970 2458 1152 2511 omnia
1180 2465 1340 2512 notus
1386 2466 1530 2517 erat.
1561 2469 1624 2510 ac
1654 2470 1839 2511 curam
1879 2455 2123 2527 gerebat,

544 2562 781 2618 eumque
814 2559 1013 2619 praesto
1052 2546 1189 2612 fore,
1225 2547 1316 2617 qui
1357 2547 1413 2602 in
1447 2546 1722 2616 plerisque
1771 2546 1987 2617 iguOtus
2020 2557 2123 2602 est.

623 2657 642 2691 ι
689 2636 826 2692 Ecce
873 2638 1021 2708 ﬁlius
1085 2648 1230 2691 tum.
1273 2635 1357 2691 Me
1389 2636 1643 2705 quidem,
1691 2636 1885 2704 inquit,
1937 2636 2123 2701 habes,

545 2731 637 2801 qui
669 2732 960 2800 praesentia
984 2729 1203 2785 deitatis
1229 2728 1422 2792 adsim,
1451 2728 1657 2798 tibique
1681 2736 1738 2783 ut
1762 2727 1917 2782 Matri
1940 2743 2125 2783 curant

544 2825 868 2891 adhibeam;
936 2822 1103 2877 habes
1174 2821 1530 2877 nihilominus
1597 2820 1854 2877 dilectum
1912 2833 2128 2890 quoque

548 2916 899 2984 discipulum,
936 2914 1025 2983 qui
1066 2913 1244 2969 lilialis
1275 2915 1327 2968 in
1371 2922 1423 2969 te
1461 2912 1679 2983 pietatis
1724 2911 1896 2968 oliicia
1945 2912 2126 2966 omnia

547 3006 871 3076 impleturus
898 3008 1005 3069 sit;
1043 3006 1135 3075 qui
1165 3005 1400 3059 debitam
1429 3002 1657 3075 gratiam
1686 3003 1763 3057 uti
1793 3003 2008 3073 parenti
2040 3018 2126 3057 re-

551 3100 771 3154 tribuat.
793 3097 852 3152 in
874 3114 996 3153 eum
1018 3112 1118 3168 pro
1135 3096 1406 3167 corporali
1431 3111 1548 3151 mea
1570 3096 1858 3165 praesentia
1886 3097 2126 3161 intuens,

549 3189 921 3246 intolerabiles
957 3199 1079 3244 tuos
1123 3202 1386 3244 memores
1433 3187 1632 3244 solare.
1680 3187 1948 3243 Diriorum
1980 3189 2131 3243 dolo-
2155 3212 2199 3271 ο

552 3298 672 3337 rum
707 3293 914 3353 partem
958 3282 1252 3336 maximam
1290 3280 1418 3335 seda
1455 3297 1471 3338 :
1504 3280 1885 3353 gravissimam
1921 3289 2131 3335 natura:

552 3373 835 3429 tristitiam
891 3373 1139 3437 biaueiit-ii
1173 3373 1545 3443 magnitudine
1575 3372 1716 3428 leva.
1746 3371 2010 3441 Equidem
2040 3385 2132 3427 se-

442 3519 447 3523 .
552 3467 698 3522 caris
745 3467 947 3532 animo,
995 3466 1244 3537 ignisque
1280 3465 1570 3521 violentior
1614 3464 1858 3535 depascit
1896 3464 2130 3528 viscera,

556 3575 619 3614 ac
651 3558 769 3613 diro
804 3558 1032 3612 vulnere
1061 3557 1348 3612 saueiaris.
1398 3554 1507 3612 Nec
1553 3557 1699 3611 enim
1736 3554 1982 3611 naturale
2012 3560 2133 3609 tan-

554 3659 692 3717 tum,
722 3649 815 3704 sed
851 3660 909 3705 et
941 3650 1173 3704 naturali
1203 3648 1383 3719 majus
1428 3658 1538 3713 est,
1580 3647 1950 3717 eximiutnque
1979 3656 2131 3700 tuum

556 3740 614 3796 in
653 3757 738 3795 me
769 3742 1134 3806 desiderium;
1174 3755 1277 3795 nee
1322 3740 1438 3794 ﬁeri
1470 3748 1648 3810 potest
1676 3748 1737 3793 ut
1764 3736 2134 3793 insensibilior

555 3833 811 3889 videaris.
837 3832 1055 3903 Aliquid
1081 3832 1432 3886 nihilominus
1457 3831 1628 3885 dolori
1651 3828 2128 3896 substrahendum,

550 3939 673 3977 eum
707 3923 783 3979 sis
818 3921 988 3976 Mater
1023 3936 1164 3989 mea,
1195 3936 1295 3976 nec
1335 3929 1387 3975 te
1426 3918 1609 3974 arcani
1642 3917 1854 3973 consilii
1888 3917 2027 3975 ratio
2050 3916 2133 3970 la-

552 4022 686 4069 teat.
715 4013 996 4084 Ejusmodi
1046 4027 1281 4082 namque
1316 4009 1687 4082 passiouibus,
1735 4023 1913 4063 mores
1945 4022 1974 4061 a
2007 4022 2136 4078 pas-

552 4098 799 4163 similibus
873 4107 1076 4162 liberos
1148 4105 1409 4179 ﬁgmento
1482 4103 1765 4159 concilio:
1821 4100 2025 4172 placuit
2075 4108 2134 4155 ut

550 4197 754 4254 talibus
809 4197 1153 4268 ignominiis,
1203 4198 1499 4251 humanum
1547 4208 1719 4264 genus
1775 4192 2137 4263 ignominioso

412 4336 432 4356 ,
550 4291 824 4356 habitum,
876 4290 1083 4346 honore
1135 4301 1409 4358 augerem.
1459 4284 1553 4341 liae
1605 4285 1838 4356 injuria),
1894 4285 2131 4338 maxima

545 4385 799 4455 quaedam
839 4399 906 4439 ae
937 4381 1200 4452 prazeiara
1232 4396 1351 4437 mea
1403 4379 1577 4449 gloria
1618 4389 1771 4443 sunt,-
1817 4377 1908 4446 qui
1957 4376 2131 4446 patior

545 4493 745 4544 carne,
783 4489 995 4531 tuorum
1023 4485 1207 4530 autem
1233 4472 1558 4543 magnalium
1590 4469 1888 4536 declat-alio
1905 4483 1969 4523 ac
1996 4483 2131 4537 prte-

2233 606 2372 677 θητῇ
2403 605 2611 675 ταύτην
2654 598 3112 674 παρατιθέμενος.
3178 601 3346 656 ’Δλλὰ
3410 603 3610 656 σκόπει
3655 602 3807 658 πάλιν

2230 696 2294 749 τὸ
2340 695 2444 767 τῆς
2485 693 2704 764 φύσεως
2746 692 2921 756 αὐτῆς
2972 690 3340 762 σφοδρότερον
3384 691 3812 762 διαναπτόμενον

2232 788 2383 860 πῦρ·
2440 786 2818 857 ἀκατάσχετον
2861 783 2963 855 τὴν
3003 782 3114 837 τῶν
3150 782 3489 854 σπλάγχνων
3520 785 3808 858 ἀναρριπι-

2232 879 2457 935 σθεῖσαν
2487 879 2682 949 φλόγα.
2725 878 2869 931 my
2924 876 3035 947 γὰρ
3078 875 3271 941 εἰπὼν,
3309 876 3603 948 ὑπέμνησε
3662 877 3806 939 ξένου

2233 971 2330 1026 καὶ
2402 964 2722 1043 ἀπορρήτου
2785 967 3050 1022 τοκετοῦ·
3133 965 3456 1037 ὑπέμνησεν
3532 969 3806 1040 ὑπερφυὲς

2232 1062 2457 1135 φίλτρον
2485 1078 2500 1093 ⁸
2560 1061 2847 1134 διατριϐὴν
2882 1060 3226 1130 ἐπέραστονο
3266 1060 3464 1124 πένθος
3514 1061 3808 1131 άκατανόη·

2228 1170 2342 1210 τον.
2389 1155 2658 1225 Ἀνέφηνε
2695 1156 2765 1208 τά
2799 1152 2877 1218 ὡς
2922 1151 3055 1206 Υίοῦ
3110 1152 3252 1225 πρὸς
3295 1153 3528 1224 Μητέρα
3558 1155 3807 1225 χαρίεντα

2233 1247 2478 1316 ῥήματαν
2522 1243 2622 1315 τὴν
2651 1243 2866 1314 ὑψηλὴν
2910 1243 3005 1298 καὶ
3044 1242 3353 1313 παράδοξον
3390 1244 3683 1313 deorum
3706 1262 3722 1275 -
3754 1247 3808 1299 τι

2229 1339 2367 1410 πρὸς
2398 1339 2564 1394 αὑτὸν
2602 1339 2777 1410 αὐτῆς
2810 1337 3287 1416 ἐγκαλλὼπισμα·
3318 1336 3415 1401 τὰς
3439 1337 3701 1399 ποθεινάς
3725 1338 3808 1390 καὶ

2228 1432 2544 1503 αἰδεσίμους
2569 1432 2931 1504 περιπλοκάς,
2968 1426 3065 1486 καὶ
3091 1432 3176 1484 ὅτι
3204 1429 3420 1494 τούτοις
3449 1429 3641 1483 οὐκέτι
3675 1446 3805 1483 κατα

2232 1524 2481 1595 αλλήλως
2543 1524 2921 1595 άποχρήσεται
2969 1524 3083 1585 τοῖς
3129 1521 3314 1591 λόγοις
3347 1536 3362 1553 ·
3414 1519 3606 1574 οὐκέθ’
3641 1517 3717 1583 ὥς
3758 1537 3809 1574 τε

2228 1617 2498 1689 πρότερον
2518 1616 2656 1689 αὐτῇ
2683 1616 2959 1688 διηνεκῶς
2976 1615 3353 1686 συνδιατρίψει
3378 1614 3546 1685 σαρκί
3567 1630 3583 1644 ·
3610 1616 3695 1677 εἰς
3713 1612 3811 1684 γὰρ

2225 1706 2328 1777 τὴν
2387 1708 2600 1763 οἰκείαν
2640 1706 2800 1774 δόξαν
2854 1707 3140 1779 ἠπείγετο.
3182 1705 3341 1762 Ἰδοὺ
3395 1708 3430 1760 ό
3486 1704 3629 1770 υἱός
3678 1720 3808 1758 σου.

2232 1798 2397 1866 Ἰστε,
2431 1800 2485 1854 oi
2515 1798 3265 1872 πράγματμπεπειραμένοι,
3309 1797 3437 1851 ὅσον
3481 1795 3734 1866 ἰσχύουσι
3760 1796 3811 1849 ai

2160 1872 2204 1930 Β
2229 1890 2477 1946 τοιαῦται
2506 1891 2839 1947 καθικέσθαι
2873 1890 3363 1963 παρακαταθῖυιαι,
3399 1891 3562 1962 παρά
3588 1907 3653 1944 τε
3676 1890 3809 1944 ἀπο·

2227 1983 2574 2056 δημούντων,
2607 1983 2701 2040 καὶ
2738 1984 2847 2038 τῶν
2875 1984 2975 2055 τὴν
3008 1981 3293 2055 παροῦσαν
3335 1981 3483 2053 ζωήν
3546 1998 3808 2053 μεταμειο

2230 2075 2437 2130 δόντων
2463 2076 2751 2147 γινόμεναι
2776 2092 2792 2108 ο
2811 2075 2930 2131 οἵαν
2945 2075 3046 2149 τὴν
3070 2074 3180 2129 τῶν
3196 2075 3528 2146 σπλάγχνων
3548 2075 3577 2126 ὲ
3585 2073 3809 2145 μποιοῦιο

2230 2182 2286 2222 σι
2312 2168 2530 2239 κίνησιν
2554 2183 2570 2199 ο
2612 2164 2811 2241 ἡλίκην
2841 2168 2940 2240 τὴν
2984 2165 3227 2232 ἀγωνίαν
3248 2181 3263 2195 ’
3306 2167 3442 2237 ὅσην
3471 2166 3576 2237 τὴν
3597 2164 3806 2235 ὀδύνην.

2242 2260 2390 2315 ’Δντί
2428 2260 2538 2332 γὰρ
2561 2259 2657 2315 τοῦ
2694 2258 2959 2332 διηνεκῶς
2999 2258 3098 2313 καὶ
3127 2256 3464 2328 φιλουμένου
3499 2258 3604 2311 καὶ
3635 2256 3812 2310 συνόν-

2229 2346 2343 2421 τος,
2381 2351 2474 2407 τὸν
2497 2348 2751 2425 ἀσυνήθη
2782 2349 3251 2407 καταλλάττονται
3276 2366 3292 2381 ο
3325 2351 3422 2404 καὶ
3446 2349 3676 2404 ἀπιέναι
3719 2348 3809 2419 μὲν

2227 2445 2320 2500 τδν
2367 2446 2511 2500 κατὰ
2539 2446 2721 2501 πάντα
2769 2444 3051 2517 γνώριμον
3082 2445 3179 2498 κα)⁵
3215 2442 3500 2515 κηδεμόνα
3522 2481 3539 2507 ,
3576 2443 3807 2495 συνεῖναι

2226 2536 2285 2591 δὲ
2306 2538 2398 2593 τὸν
2436 2539 2494 2590 ὲν
2532 2539 2647 2601 τοῖς
2677 2536 2921 2592 πλείοσιν
2949 2535 3323 2606 ἀγνοούμενον
3354 2533 3804 2606 παρεγγυῶνται.

2306 2647 2325 2681 ι
2368 2628 2525 2684 Ἰδοὺ
2553 2632 2587 2684 ὁ
2621 2628 2755 2695 υἱός
2781 2644 2918 2685 σου.
2954 2629 3141 2699 Ἔχεις
3198 2627 3321 2699 μὲν,
3352 2627 3547 2698 φησιν,
3580 2625 3682 2696 ἐμὲ
3710 2623 3811 2677 Elei-

2228 2719 2341 2783 κῶς
2390 2720 2754 2792 συμπαρόντα
2805 2737 2864 2773 τε
2934 2721 3029 2773 καὶ
3076 2718 3151 2783 ὡς
3201 2718 3413 2773 οἰκείαν
3474 2717 3807 2788 περιέποντα

2228 2814 2505 2886 Μητέρα⁶
2542 2812 2687 2885 ἔχεις
2737 2813 2795 2866 δὲ
2824 2814 2919 2866 καὶ
2970 2811 3063 2867 τὸν
3111 2810 3477 2883 ὴγαπημένον
3532 2808 3807 2881 μαθητὴν,

2226 2906 2300 2961 τά
2347 2906 2460 2962 τῶν
2516 2906 2651 2962 υἱῶν
2700 2904 3131 2977 άναπληροῦντά
3185 2922 3270 2958 σοι
3310 2906 3532 2959 πάντα’
3587 2903 3688 2971 τὴν
3736 2902 3809 2965 εἰς

2228 3000 2424 3071 γονέας
2453 2998 2678 3071 ὀφειλὴν
2709 2998 3050 3054 ἀποδιδόντα.
3101 2996 3307 3052 Τοῦτον
3340 2995 3463 3050 am
3497 2995 3602 3066 τῆς
3641 3011 3811 3066 σωμα-

2229 3091 2390 3163 τικῆς
2423 3108 2526 3162 μου
2554 3091 2862 3163 παρουσίας
2891 3088 3303 3160 άναθεωροῦσα,
3334 3089 3433 3152 τὰς
3450 3087 3810 3149 άνυποίστους

2230 3180 2531 3255 ἀλγηδόνας
2578 3183 2914 3255 παρηγόρει.
2951 3180 3101 3236 Παῦε
3133 3181 3244 3235 τῶν
3283 3176 3673 3250 σφοδροτέρων
3705 3179 3813 3234 ὁδοί

2235 3273 2343 3328 νῶν
2373 3275 2436 3328 τὸ
2466 3274 2723 3328 πλεῖστον
2754 3288 2769 3303 ·
2801 3266 3029 3344 κούφιζέ
3078 3274 3181 3341 τὴν
3224 3270 3540 3343 βαρυτάτην
3596 3270 3699 3341 τῆς
3724 3269 3812 3340 φύ-

2236 3382 2375 3431 σεως
2416 3366 2683 3438 ἀθυμίαν,
2715 3365 2795 3438 τῷ
2840 3363 2941 3435 τῆς
2987 3352 3314 3436 εὐεργεσίας
3339 3361 3589 3434 μεγέθει.
3633 3362 3811 3434 Τέμνῃ

2235 3459 2339 3531 μὲν
2369 3458 2464 3513 καὶ
2490 3454 2760 3529 Susum
2806 3458 2877 3512 τὰ
2912 3457 3229 3528 σπλάγχνα,
3255 3457 3352 3527 καὶ
3377 3454 3812 3527 άνυπερδλήτως

2234 3552 2336 3623 τὴν
2364 3551 2591 3622 καρδίαν
2623 3550 2929 3624 τιτρώσκῃ.
2975 3551 3051 3604 υῦ
3080 3549 3191 3621 γάρ
3238 3548 3385 3604 κατά
3430 3542 3603 3618 φύσιν
3636 3547 3808 3619 μόνον,

2232 3644 2372 3700 ἀλλὰ
2400 3648 2495 3701 καὶ
2534 3645 2822 3715 ὑπερφυὴς
2847 3637 2876 3699 ὁ
2900 3644 3039 3715 πρὸς
3070 3634 3171 3714 ἐμέ
3203 3659 3297 3697 σου
3327 3630 3534 3706 πόθοςέ
3586 3641 3689 3696 καὶ
3716 3640 3806 3709 ούχ

2232 3733 2348 3790 οἷόν
2378 3737 2444 3790 τέ
2504 3737 2624 3790 ἐστι
2666 3735 3107 3807 άναλγητότερόν
3136 3748 3197 3788 σε
3240 3734 3583 3805 διατεθῆναι.
3629 3734 3723 3787 Δεῖ
3760 3730 3810 3784 δί

2232 3827 2562 3900 καθυφελεῖιέ
2617 3826 2714 3883 τοῦ
2769 3828 3001 3892 πάθους,
3057 3818 3301 3898 Μητέρα
3341 3841 3402 3880 τε
3426 3822 3615 3879 οὖσαν
3655 3823 3807 3894 ἐμὴν,

2232 3920 2328 3975 καὶ
2350 3920 2422 3974 τά
2438 3921 2539 3990 τῆς
2565 3920 2887 3993 ἀπορρήτου
2918 3918 2997 3992 μὴ
3029 3917 3335 3988 άγνοοῦσαν
3366 3916 3590 3988 βουλῆς.
3625 3913 3808 3971 Τοιού-

2230 4027 2348 4077 τοις
2379 4013 2489 4085 γάρ
2524 4010 2746 4077 πάθεσι,
2773 4011 2877 4083 τὴν
2921 4008 3197 4066 ἀπάθειάν
3224 4011 3305 4082 τῷ
3339 4000 3629 4080 πλάσματι
3663 4024 3809 4082 περι-

2231 4104 2532 4176 ποιοῦμαι·
2567 4102 2849 4167 τοιαύταις
2889 4102 3162 4174 ιάτιμίαις
3191 4102 3251 4156 τδ
3282 4094 3643 4174 ἠτιμωμένον
3668 4100 3807 4155 εύδό·

2231 4198 2378 4266 κησα
2437 4195 2669 4266 τιμῆσαι
2714 4195 2893 4264 γένος.
2942 4187 3119 4249 Αὗται
3156 4195 3217 4248 αἰ
3265 4190 3474 4263 ὕϐρεις,
3528 4191 3665 4259 δόξα
3717 4192 3806 4263 μὲν

2231 4284 2744 4357 ὕπερδεδοξασμένη
2771 4283 2867 4338 τοῦ
2921 4283 3090 4355 σαρκὶ
3129 4283 3437 4352 πάσχοντος
3467 4281 3806 4352 καθεστήκα-

2232 4394 2317 4434 σιν
2344 4376 2504 4448 ἐμοῦ,
2561 4376 2669 4431 τῶν
2721 4374 2779 4429 δὲ
2831 4375 2942 4429 σῶν
2980 4374 3287 4447 μεγαλείων
3347 4373 3445 4429 καὶ
3500 4375 3804 4445 φανέρωσις

2231 4470 2328 4525 καὶ
2379 4469 2744 4541 άνακήρυξις.
2817 4469 3061 4538 Ἐχουσα
3091 4467 3274 4522 τοίνυν
3334 4465 3430 4521 τὸν
3493 4466 3803 4536 ὲπιστήθιον

543 4575 791 4630 eouium.
830 4569 1050 4625 llabeus
1076 4570 1259 4639 itaque
1284 4581 1445 4638 quem
1477 4567 1710 4621 amicum
1743 4579 1905 4632 supra
1939 4562 2125 4631 pectus

2236 4562 2417 4634 φίλον,
2442 4561 2576 4633 λῆγε
2609 4561 2711 4632 μὲν
2752 4561 2862 4616 τῶν
2903 4559 3172 4632 λυπηρῶν
3198 4577 3213 4592 ο
3255 4555 3441 4613 cavsa
3479 4558 3639 4640 ὲμδν,
3664 4557 3803 4628 αύτῷ

547 4665 834 4729 reclinavi,
887 4662 1132 4718 tristibus
1166 4661 1384 4731 quidem
1436 4659 1652 4727 impone
1688 4657 1871 4720 linem,
1913 4670 2123 4709 metuu-

544 4772 678 4827 quc,
725 4772 849 4811 cum
882 4754 974 4809 illo
1020 4746 1282 4807 ac'sociis
1326 4762 1584 4812 versans,
1638 4745 1873 4815 adimple
1926 4743 2121 4798 locum.

544 4849 669 4908 Τὼὶ
710 4849 853 4904 enim
884 4861 979 4917 per
1011 4858 1135 4900 eum
1179 4840 1414 4911 reliquos
1489 4842 1616 4894 item
1652 4836 1941 4906 discipulos
1976 4851 2128 4891 com-

547 4942 839 4997 mendatos
888 4936 1030 4991 volo.
1079 4931 1308 5002 Quando
1349 4940 1527 4986 autem
1577 4928 1738 4983 libuit
1779 4938 1838 4981 ut
1882 4942 2003 4982 cum
2048 4927 2129 4982 eis

551 5046 857 5097 versarere,
900 5045 964 5084 ac
1005 5029 1059 5083 in
1104 5025 1243 5080 vivis
1291 5024 1554 5077 hactenus
1608 5033 1819 5088 ageres,
1856 5026 2001 5072 tuam
2048 5019 2129 5073 eis

547 5122 897 5197 praesentiam
930 5134 1028 5191 pro
1076 5114 1283 5174 carnali
1321 5129 1438 5167 mea
1471 5109 1806 5182 praebueris.
1842 5109 1972 5164 Esto
2002 5109 2125 5174 illis,

548 5220 594 5274 si
622 5233 727 5288 qua
762 5214 929 5270 moris
957 5221 1042 5268 est
1069 5219 1127 5265 ut
1166 5218 1369 5265 matres
1418 5207 1525 5260 sint
1576 5201 1736 5268 ﬁliis;
1779 5216 1874 5256 seu
1923 5201 2126 5272 magis,

547 5308 693 5379 quod
739 5321 840 5377 ego
889 5316 1128 5374 prtesens
1176 5298 1371 5354 fuerim
1400 5316 1413 5353 :
1447 5296 1662 5368 ipsique
1695 5293 1953 5356 vicissim,
2008 5306 2131 5362 quae

553 5404 682 5453 sunt
713 5394 946 5449 ﬁliorum
977 5386 1431 5453 acsubditorutn,
1473 5381 1804 5457 praestabunt
1835 5383 1955 5438 tibi.
1990 5383 2130 5437 Con-

546 5503 743 5560 gruutn
783 5486 881 5540 tibi
936 5483 1138 5538 cultum
1178 5496 1276 5536 ceu
1334 5478 1491 5533 Matri
1536 5473 1754 5530 Domini
1794 5475 1875 5529 sui
1922 5473 2131 5543 persol-

550 5592 712 5650 vent;
733 5591 790 5636 ut
822 5594 916 5649 per
942 5591 1106 5647 quam
1140 5587 1240 5642 ego
1271 5572 1338 5627 ad
1361 5584 1456 5626 eos
1486 5567 1762 5634 venerim;
1794 5579 1848 5622 ut
1876 5583 2036 5637 quam
2063 5568 2130 5621 ad

549 5690 642 5732 me
697 5671 1064 5729 mediatriccm
1138 5665 1327 5720 faciles
1399 5663 1806 5734 impetraturam
1883 5660 2131 5717 inducias

551 5768 811 5822 habeant.
852 5784 870 5817 ι

626 5859 762 5913 Cum
790 5857 867 5910 sic
900 5869 1027 5918 ergo
1063 5851 1291 5908 Matrem
1324 5851 1520 5908 blande
1550 5849 1946 5916 con'pvllassct,
1979 5846 2136 5901 discie

2232 4656 2327 4709 καὶ
2356 4657 2470 4719 τοῖς
2522 4654 2653 4724 περὶ
2700 4653 2863 4707 αὐτὸν
2912 4653 3173 4717 συνοῦσα,
3212 4650 3484 4721 διαναπλή
3493 4667 3591 4721 ρου
3625 4651 3799 4704 τόπον.

2231 4747 2326 4805 Σοὶ
2384 4748 2494 4818 γὰρ
2532 4743 2604 4800 δι’
2634 4745 2802 4800 αὐτοῦ
2849 4744 2947 4798 καὶ
3002 4742 3139 4806 τοὺς
3186 4741 3411 4806 λοιποὺς
3462 4740 3801 4812 παρατίθημι

2232 4839 2484 4910 μαθητάς
2504 4854 2518 4869 ·
2554 4838 2653 4891 καὶ
2684 4837 2770 4907 ἐφ’
2792 4837 2917 4891 ὅσον
2958 4833 3228 4905 βούλομαί
3267 4848 3327 4886 τε
3365 4832 3482 4906 [ἵσ.
3513 4832 3601 4906 σε]
3636 4835 3798 4886 συνεῖ·

2230 4948 2320 4985 ναι
2351 4929 2588 4992 τούτοις,
2628 4928 2727 4982 καὶ
2756 4928 2815 4981 ὲν
2859 4925 2938 4995 τῷ
2961 4926 3062 4996 βίῳ
3084 4924 3381 4986 διατελεῖν,
3403 4922 3505 4994 τῆς
3544 4921 3799 4992 σαρκικῇ

2232 5039 2337 5093 μου
2376 5019 2684 5092 παρουσίας
2736 5018 2836 5088 τὴν
2882 5016 3094 5071 οἰκείαν
3167 5015 3355 5078 αὐτοῖς
3401 5015 3797 5085 άντιπαρέχοις.

2232 5114 2400 5167 Γένου
2430 5113 2532 5183 μὲν
2555 5112 2767 5175 αὐτοῖς,
2796 5110 2899 5164 ὅσα
2934 5106 3191 5179 μητράσι
3206 5107 3344 5179 πρὸς
3377 5108 3529 5170 υίοὺς
3559 5103 3801 5174 γενέσθαι

2230 5204 2482 5273 πέφυκεο
2538 5203 2744 5273 μᾶλλον
2777 5201 2858 5266 δὲ,
2897 5202 2998 5254 ὅσα
3042 5197 3157 5267 εγὼ
3188 5194 3499 5269 συμπαρών
3521 5212 3539 5228 ·
3576 5198 3729 5250 αὐτοὶ
3750 5191 3803 5247 at

2229 5296 2301 5350 τά
2337 5296 2446 5349 τῶν
2477 5295 2611 5348 υἱῶν
2636 5294 2733 5349 καὶ
2760 5292 3029 5363 ὑπηκόων
3073 5293 3157 5344 σοὶ
3184 5292 3531 5361 γενήσονται.
3576 5287 3801 5353 ’Δξιόλο-

2231 5389 2327 5458 γόν
2355 5378 2440 5440 σίοι
2466 5387 2528 5441 τὸ
2564 5386 2755 5450 σέϐας,
2803 5385 2886 5449 ὡς
2929 5382 3027 5437 τοῦ
3070 5381 3277 5438 οἰκείου
3320 5373 3598 5434 Δεσπότου
3626 5376 3806 5433 ἀποτί-

2234 5499 2389 5537 σουσι
2448 5480 2661 5552 Μητρὶ,
2699 5478 2777 5541 ὡς
2805 5477 2900 5532 διὰ
2948 5475 3044 5530 σοῦ
3109 5474 3327 5538 τούτοις
3373 5468 3806 5543 ἐπιδημήσαντός

2235 5591 2363 5646 μου,
2405 5572 2513 5626 καὶ
2554 5570 2838 5642 μεσιτείαν
2873 5586 2935 5623 σε
2983 5567 3125 5641 πρός
3172 5583 3244 5634 με
3277 5561 3666 5619 εὐδιάλλακτον
3709 5559 3805 5614 at}-

2230 5667 2316 5720 τοὶ
2347 5665 2702 5737 κεκτημένοι.
2742 5682 2769 5716 »-

2308 5842 2468 5897 Οὕτω
2498 5842 2681 5897 τοίνυν
2712 5840 2976 5905 ἱπιεικῶς
3027 5843 3093 5912 τῇ
3134 5838 3324 5911 Μητρὶ
3376 5833 3802 5909 προσομιλτὲταξν
