4060 6490
308 403 340 470 1
360 407 451 471 £77

1126 410 1209 473 IN
1251 412 1354 472 SS.
1395 412 1706 473 MARIAM
1743 414 2268 482 ASSISTENTEM
2306 424 2560 501 CRUCI,
2595 427 2757 488 ETC.

3449 422 3588 490 1478

312 518 405 573 καὶ
434 515 513 587 τῷ
552 516 773 589 μαθητῇ
818 519 1131 589 παρεγγυᾷ,
1174 518 1349 587 λέγων
1377 535 1390 550 ⁸
1449 518 1597 574 Ἰδοὺ
1631 520 1670 588 ἡ
1699 521 1900 593 μήτηρ

2004 527 2131 598 pulo
2172 546 2387 602 quoque
2437 532 2693 604 iujungit,
2742 532 2927 590 dicens
2963 530 3147 591 :Ecce
3182 532 3359 589 Mater
3396 534 3584 593 tua.0

310 622 449 664 σου.
492 609 558 673 Ὢ
594 608 902 679 ὑπερτίμου
926 608 1094 679 τιμῆς
1149 608 1395 680 μαθητοῦ
1428 611 1440 663 ί
1473 609 1519 664 ὣ
1558 610 1767 683 κλήρου
1797 615 1900 684 τῆς

310 700 422 755 τῶν
454 700 629 754 ὄντων
662 700 1070 771 πλουσιωτέρου
1098 702 1448 767 συστάσεωςί
1494 702 1540 756 ὣ
1568 704 1794 775 χάριτος
1829 700 1898 777 ἦς

308 795 338 847 ὁ
368 793 727 864 ἠγαπημένος
753 793 1025 864 τετύχηκε
1059 794 1236 866 κῆρυξ
1264 811 1279 825 ·
1310 794 1542 864 ἀδελφὸς
1568 797 1665 867 μὲν
1694 797 1897 867 ὀνόμα-

311 885 514 956 σθῆναι
547 883 644 938 τοῦ
663 884 771 940 τῶν
806 885 944 941 ὅλων
990 887 1360 960 Δημιουργοῦ,
1400 890 1461 942 ὲν
1505 888 1695 961 κλήρῳ
1719 889 1776 944 δὲ
1803 892 1899 946 καὶ

314 960 509 1048 μερίδί
530 974 776 1045 Μητρὸς,
806 976 907 1047 τὴν
942 977 1053 1030 τῶν
1089 978 1347 1033 ἁπάντων
1389 960 1756 1051 ἀπειληφέναι
1785 980 1888 1036 Δὲ·

314 1084 541 1122 σποιναν
568 1068 582 1121 ι
611 1085 646 1135 ,ι
672 1066 827 1129 ἰὄοὺ
853 1069 891 1137 ἡ
915 1069 1118 1139 μήτηρ
1143 1087 1283 1125 σου.
1321 1071 1475 1136 Ἰδοὺ,
1505 1074 1661 1143 φησὶ,
1691 1072 1897 1145 ταύτην

310 1161 428 1215 ἀντ’
462 1158 602 1232 ἐμοῦ
663 1177 747 1214 σοι
805 1162 1177 1234 παρατίθημι.
1232 1163 1276 1218 Τ
1281 1164 1456 1235 αὐτην
1488 1164 1583 1219 νῦν
1624 1165 1762 1237 πρὸς
1797 1164 1898 1237 τὴν

306 1253 521 1308 οἰκείαν
552 1252 732 1308 ἀπιὼν
763 1254 943 1321 δόξαν,
983 1257 1106 1311 ἀντὶ
1131 1256 1227 1310 τοῦ
1255 1258 1542 1329 δρωμένου
1582 1276 1684 1330 μου
1728 1275 1898 1313 κατα-

306 1344 568 1416 λιμπάνω
616 1362 723 1401 σοι.
787 1348 975 1420 Ταύτῃ
1002 1349 1062 1403 τὸ
1093 1349 1228 1420 ἐμὸν
1261 1351 1360 1420 μὲν
1395 1350 1474 1415 ὡς
1512 1350 1627 1415 υίὸς
1662 1353 1897 1407 ἀντανα-

308 1439 417 1510 πλὴ
431 1456 526 1511 ρου
558 1440 718 1511 χρέος
746 1456 761 1470 ’
792 1440 853 1494 τὸ
881 1441 939 1495 δὲ
972 1442 1067 1496 σὸν
1086 1483 1101 1508 ,
1132 1441 1209 1507 ὡς
1255 1442 1350 1497 τοῦ
1385 1442 1594 1516 Κυρίου
1624 1445 1719 1499 καὶ
1744 1443 1896 1499 διδα-

311 1530 519 1593 σκάλου
595 1523 807 1602 Μητρὶ,
874 1531 1118 1603 ἀπόνεμε
1174 1532 1362 1599 σέὄας.
1420 1535 1575 1605 Ἔχει
1619 1535 1721 1607 μὲν
1794 1535 1896 1611 ἐμὲ

304 1622 577 1695 διηνεκῶς
630 1612 996 1695 συμπαρόντα
1026 1624 1280 1696 θεότητι⁸
1320 1626 1492 1698 ἐχέτω
1550 1628 1605 1682 δὲ
1642 1630 1739 1682 καὶ
1794 1628 1896 1698 τὴν

306 1713 411 1786 σὴν
440 1714 517 1785 μὴ
547 1713 941 1769 διαλείπουσαν
973 1714 1338 1786 λειτουργίαν.
1366 1717 1440 1770 Σὺ
1472 1718 1573 1789 μὲν
1591 1718 1754 1789 λόγῳ,
1782 1714 1895 1787 ἐγὼ

2004 619 2255 689 discipuli
2283 623 2639 678 excellentem
2681 624 2937 679 honorem
2958 625 2971 679 l
2992 623 3038 679 Ο
3062 624 3429 681 ιιαξιεᾶίωιειιι
3454 628 3581 682 uni-

2006 726 2158 767 versa
2206 728 2385 769 rerum
2423 714 2727 770 substanti‘a
2761 714 3049 770 ditiorem!
3087 714 3132 770 Ο
3156 726 3355 786 quanta
3403 718 3580 788 gratia

2003 804 2234 861 dilectus
2285 808 2619 878 evangelista
2673 809 2907 865 donatus
2957 820 3070 876 est;
3114 820 3171 863 ut
3202 811 3580 865 universorum

2000 896 2259 953 Auctoris
2286 898 2457 955 frater
2489 901 2792 971 appellatus
2822 903 2912 968 sit,
2942 902 3103 972 inque
3125 910 3327 958 sortem
3360 918 3425 958 ac
3452 918 3580 973 par-

2005 997 2110 1043 tem
2178 988 2367 1073 Matris
2423 993 2664 1048 omnium
2743 993 3026 1048 Dominam
3079 993 3380 1063 acceperit!
3445 994 3581 1049 Ecce

2000 1078 2325 1138 Materina.
2371 1082 2533 1149 Ecce,
2586 1085 2781 1154 inquit,
2831 1101 2949 1140 eam
2990 1086 3087 1141 tibi
3121 1086 3224 1142 mei
3269 1086 3388 1141 loco
3426 1101 3580 1141 com-

2000 1172 2219 1227 mendo.
2255 1173 2404 1230 Hauc
2459 1174 2553 1228 tibi
2606 1191 2786 1243 nunc,
2832 1176 2898 1230 ad
2956 1191 3132 1230 meam
3184 1176 3300 1245 ipse
3349 1176 3578 1247 gloriam

2000 1261 2220 1327 vadens,
2274 1277 2371 1333 pro
2421 1279 2506 1318 me
2562 1264 2760 1319 visibili
2799 1265 3066 1336 relinquo.
3124 1265 3261 1323 Huic
3304 1275 3385 1331 tu,
3431 1269 3580 1322 velut

1998 1349 2144 1406 illius
2181 1367 2357 1407 meum
2388 1352 2441 1407 in
2478 1368 2598 1409 eam
2630 1353 2865 1422 repende
2896 1354 3159 1422 debitum,
3193 1365 3449 1424 tuamque
3479 1354 3577 1418 illi,

1999 1453 2060 1495 ut
2101 1441 2318 1498 Donrini
2360 1458 2425 1499 ac
2484 1445 2837 1515 praaceptoris
2906 1444 3100 1511 Matri,
3169 1446 3579 1500 venerationem

1997 1532 2217 1588 adhibe.
2270 1533 2443 1589 Meam
2497 1536 2715 1613 quidem
2764 1536 2968 1591 deitate
3016 1535 3360 1606 praesentiam
3395 1535 3577 1605 iugem

1999 1621 2251 1681 habitura
2281 1633 2386 1691 est,
2413 1625 2613 1682 habeat
2636 1641 2850 1697 quoque
2881 1626 3254 1680 indeiicienter
3274 1625 3582 1693 obsequen-

2000 1726 2108 1771 tem
2148 1727 2295 1771 tuam
2329 1732 2574 1788 Operam.
2615 1716 2697 1772 Tu
2728 1718 2949 1789 quidem
2985 1730 3256 1780 sermone,
3288 1730 3389 1788 ego
3418 1730 3585 1786 opere

304 1805 365 1859 δὲ
398 1808 689 1878 πράγματι
713 1806 777 1859 τὸ
803 1806 1131 1861 ἀνύποιστον
1163 1808 1302 1879 αὐτῇ
1323 1808 1423 1879 τῆς
1453 1809 1646 1881 ὀδύνης
1676 1812 1896 1863 ἐπικου-

2001 1808 2118 1879 ejus
2155 1809 2263 1862 vim
2318 1809 2523 1864 doloris
2576 1808 2972 1865 intolerabilem
3022 1808 3204 1864 levare
3263 1808 3456 1862 habeo.
3500 1806 3581 1860 'l‘u

304 1900 473 1969 φίσω.
507 1900 580 1957 Σὺ
606 1899 677 1953 τὰ
700 1900 799 1970 τῆς
827 1898 1191 1973 ὀφειλομένης
1215 1901 1354 1970 αὐτῇ
1381 1879 1731 1974 παρηγορίας
1756 1902 1891 1955 ἀπό-

2002 1900 2236 1956 debitam
2269 1900 2317 1958 ei
2364 1900 2791 1957 consolationem
2846 1900 3131 1971 impende;
3182 1915 3283 1972 ego
3326 1915 3582 1970 perseve-

301 1991 398 2053 ῑος
423 2006 436 2020 °
466 1987 578 2059 ἐγὼ
604 1990 667 2044 δὲ
717 1991 779 2044 τὸ
837 1992 959 2045 πᾶν.
983 1992 1084 2061 τῆς
1132 1978 1437 2064 καρτερίας
1468 1992 1741 2063 ἐπιθήσω.
1776 1991 1892 2049 Νῦν

302 2081 417 2154 γὰρ
444 2081 676 2152 ταύτην,
707 2083 768 2136 ού
807 2083 977 2154 μόνον
1033 2083 1151 2152 σοῦ,
1204 2084 1343 2138 ἀλλὰ
1385 2087 1482 2138 καὶ
1527 2085 1637 2139 τῶν
1664 2085 1889 2153 λοιπῶν,

301 2172 382 2235 ὡς
416 2172 710 2241 τεκοῦσαν,
746 2174 1177 2247 καθηγουμὲνην
1234 2175 1431 2246 τίθημι
1476 2176 1760 2247 μαθητῶν,
1795 2179 1892 2233 καὶ

299 2263 386 2335 τῷ
412 2265 515 2335 τῆς
544 2266 772 2337 Μητρὸς
825 2266 1113 2338 ἀξιώματι
1163 2268 1430 2340 τιμᾶσθαι
1473 2269 1732 2341 βούλομαι
1796 2287 1895 2324 κυ-

304 2356 463 2428 ρίως.
496 2358 559 2415 Εί
588 2358 779 2412 τοίνυν
838 2358 934 2412 καὶ
990 2360 1203 2432 πατέρα
1248 2359 1435 2414 καλεῖν
1468 2362 1598 2431 ὑμῖν
1645 2364 1738 2415 ἐπὶ
1788 2363 1894 2433 γῆς

300 2452 697 2523 ἀπηγόρευσα,
728 2453 879 2524 ὅμως
911 2453 1053 2533 θέλω
1089 2453 1295 2531 ταύτην
1329 2456 1562 2527 Μητέρα
1593 2458 1690 2531 καὶ
1728 2459 1895 2529 τιμᾶ-

300 2544 435 2599 σθαι
462 2545 557 2600 καὶ
600 2546 886 2601 καλεῖσθαι
949 2548 1083 2619 παρ’
1140 2548 1317 2619 ὑμῶν,
1371 2548 1769 2623 ὐπερουράνιόν
1803 2567 1893 2621 μοι

300 2630 736 2707 χρηματίσασαν
790 2638 1080 2707 σκήνωμα,
1138 2639 1233 2691 καὶ
1283 2637 1444 2709 ξένην
1505 2639 1605 2709 τῆς
1678 2640 1894 2709 φύσεως

297 2727 758 2798 ἐπιδεδειγμένην
791 2716 1137 2800 προαίρεσιν.
1188 2746 1209 2781 ι

380 2818 540 2874 οὕτω
588 2819 722 2889 γοῦν
774 2820 971 2890 ἀφάτῳ
1019 2820 1375 2892 μακροθυμίᾳ
1419 2822 1514 2875 τοῦ
1573 2823 1890 2892 παναγάθου

294 2911 654 2982 διαθεμένου,
691 2912 741 2965 oi
784 2911 1063 2980 μιαιφόνῳ
1092 2911 1273 2966 πάλιν
1313 2914 1652 2985 συνέδραμον
1691 2916 1889 2988 ίιῆρεςε

296 3001 494 3074 κύκλῳ
519 3018 580 3055 τε
606 3003 702 3055 τὸν
732 2993 984 3075 ’σταυρὸν
1034 3005 1421 3075 κατασχόντες,
1464 3007 1564 3075 τῆς
1606 3008 1895 3074 ἐγγυτάτω

295 3095 405 3150 καὶ
432 3094 675 3158 στάσεως
708 3094 800 3148 καὶ
831 3094 1167 3165 συνομιλίας,
1194 3097 1292 3165 τὴν
1334 3096 1630 3168 μυρίαθλον
1673 3084 1892 3167 ἀπήγα-

294 3203 404 3256 γον
434 3187 668 3257 μητέρα.
695 3185 851 3251 Τίνες
885 3185 999 3256 γὰρ.
1039 3187 1249 3255 ἀγῶνες
1286 3190 1614 3260 μαρτύρων,
1652 3184 1761 3242 οἷαι
1811 3189 1888 3243 δι·
1917 3229 1961 3289 c

292 3281 547 3353 αιρέσεις
596 3279 815 3350 μελῶν,
867 3276 980 3335 οἶαι
1038 3282 1345 3352 κατατομαὶ
1393 3283 1698 3352 σωμάτων,
1743 3281 1889 3346 τίνες

289 3371 701 3443 τιμωρητικῶν
735 3371 985 3443 ὀργάνων
1026 3371 1290 3435 ἐπίνοιαι,
1346 3371 1518 3435 οὕτως
1566 3372 1633 3427 ἂν
1662 3371 1892 3443 ἐξήρκε-

294 3482 430 3529 σαν,
463 3466 555 3518 καὶ
584 3465 665 3527 είς
706 3464 962 3518 τοσοῦτον
1001 3464 1329 3518 καθικέσθαι
1369 3465 1566 3537 ψυχῆς,
1591 3467 1666 3530 ὡς
1697 3467 1751 3519 αί
1792 3484 1892 3537 μυ-

293 3558 423 3629 ρίαι
457 3555 550 3610 τοῦ
574 3556 781 3627 Κυρίου
826 3557 922 3611 καὶ
946 3555 1078 3609 Υίοῦ
1116 3556 1306 3610 παθῶν
1366 3559 1631 3627 ρομφαϊαι
1672 3556 1892 3630 διῄρουν

287 3668 367 3704 τε
388 3648 578 3721 αὐτὴν.
602 3648 696 3703 καὶ
720 3647 800 3712 είς
813 3648 1229 3719 ἁνυπέρδλητον
1252 3649 1349 3723 τὴν
1369 3647 1561 3719 ὀδύνην
1581 3650 1888 3717 ἐπέτεινον,

288 3735 495 3802 οὕτως
523 3738 624 3792 οὐκ
665 3736 733 3792 ἂν
762 3738 820 3790 ὲν
846 3736 925 3808 τῷ
951 3736 1167 3809 σώματι
1198 3736 1542 3808 πολυσχεδῶς
1576 3741 1608 3806 ἡ
1631 3739 1777 3811 ψυχὴ
1805 3732 1895 3811 sef-

295 3831 552 3904 μνομένη
593 3829 890 3901 διέμεινεν,
916 3831 963 3881 εί
1005 3828 1080 3900 μὴ
1118 3830 1209 3882 ὑπ’
1252 3829 1427 3883 αὑτοῦ
1467 3830 1750 3902 κατείχετο
1795 3829 1890 3886 τοῦ

295 3925 641 3993 πάσχοντοςο
694 3923 745 3974 εί
800 3921 875 3992 μὴ
924 3921 1043 3974 θεία
1081 3921 1222 3993 ῥοπὴ
1277 3924 1343 3992 τῇ
1386 3922 1593 3991 ταύτης
1632 3924 1892 3994 συνήργει

292 4012 596 4084 καρτερίᾳ.
649 4011 805 4064 Ἐπεὶ
835 4009 1018 4064 τοίνυν
1062 4010 1122 4062 τὸ
1149 4011 1252 4079 τῆς
1299 4010 1613 4080 οἰκονομίας
1649 4009 1750 4080 ⁴ίιδη
1796 4028 1896 4080 μυ·-

292 4105 531 4178 στήριον
581 4102 914 4175 ἐπληροῦτο,
959 4101 1068 4155 ἔδει
1107 4101 1173 4173 δε
1196 4102 1364 4173 μηδὲν
1399 4102 1507 4165 τῷν
1550 4102 1677 4172 περὶ
1722 4101 1893 4172 αὐτῆς

288 4182 800 4270 προφητευθέντων
851 4188 1319 4265 παραλειφθῆναι,
1361 4194 1464 4259 καὶ,
1501 4192 1539 4263 ἡ
1581 4192 1685 4262 τῆς.
1724 4189 1892 4262 χολῆς

287 4292 400 4348 καὶ
426 4291 584 4355 ὄξους
617 4285 837 4358 μέθεξις
866 4285 959 4339 διὰ
983 4286 1082 4355 τῆς
1111 4283 1409 4354 ὁμολογίας
1438 4283 1765 4354 ἐπεραιοῦτο
1791 4281 1892 4352 τῆς

286 4382 489 4452 δίψης.
519 4368 683 4455 Διψῶ
716 4378 847 4449 γὰρ,
899 4375 1136 4447 φησιν-ιι
1170 4373 1395 4445 Κύριος.
1438 4372 1666 4440 Ἐδίψων
1709 4372 1764 4425 δὲ
1796 4369 1893 4426 και

299 4471 564 4545 Ἰουδαῖοι
592 4468 691 4546 τὴν
713 4466 975 4543 τοιαύτην,
1002 4463 1377 4530 ἐπιδείξασθαι
1419 4464 1642 4535 μανίαν.
1679 4465 1753 4518 Οὐ
1783 4463 1890 4535 γὰρ

1998 2002 2211 2048 rantem
2247 1992 2469 2049 omnino
2518 1993 2885 2048 constantiam
2927 1993 3204 2064 adjiciam.
3250 1992 3406 2048 Nunc
3434 1992 3579 2048 enim

1995 2090 2055 2139 ut
2082 2093 2386 2154 parentem,
2419 2086 2617 2140 nedum
2670 2085 2767 2150 tui,
2811 2083 2906 2139 sed
2946 2095 3002 2138 et
3051 2085 3381 2156 reliquorum
3418 2085 3583 2140 disci-

1995 2178 2245 2251 pulorum
2299 2177 2573 2232 constituo
2624 2178 2841 2242 ducem,
2884 2192 2949 2232 ac
2980 2176 3171 2233 Matris
3220 2178 3579 2249 praerogativa

1995 2267 2242 2324 absolute
2289 2267 2544 2323 honorari
2595 2269 2738 2323 volo.
2790 2269 3110 2338 Quanquam
3161 2284 3293 2339 ergo
3324 2270 3578 2340 prohibui

1994 2367 2055 2414 ut
2085 2374 2150 2412 ne
2188 2367 2399 2429 patrem
2445 2375 2609 2430 super
2641 2369 2841 2415 terram
2873 2361 3140 2415 vocaretis
3168 2361 3238 2428 '",
3267 2363 3387 2415 volo
3432 2361 3578 2415 nihi-

1996 2448 2259 2515 lominus,
2292 2458 2354 2505 ut
2406 2452 2551 2504 hanc
2597 2448 2827 2503 Matrem
2875 2450 3154 2504 honorctis
3182 2464 3246 2503 ac
3274 2449 3577 2519 appelletis,

1995 2556 2115 2612 quae
2150 2541 2281 2596 mihi
2316 2540 2456 2597 cmlo
2501 2541 2663 2597 altius
2707 2541 3117 2597 tabernaculum
3169 2539 3359 2605 fuerit,
3388 2555 3453 2595 ac
3486 2552 3580 2595 vo-

1995 2633 2256 2689 luntatem
2308 2648 2338 2688 a
2388 2634 2783 2689 consuetudine
2844 2644 3052 2689 naturae
3110 2626 3346 2687 alienam
3393 2639 3582 2688 osten-

1993 2727 2157 2782 derit.

2065 2819 2197 2874 Cum
2227 2818 2308 2875 sic
2341 2833 2471 2890 ergo
2511 2818 2749 2889 optimus
2778 2817 3042 2872 Dominus
3064 2817 3421 2872 inenarrabili
3454 2817 3580 2872 ion-

1993 2911 2309 2993 ganimitate
2347 2919 2730 2966 testamentum
2755 2910 3108 2976 condidisset,
3143 2918 3440 2966 accurrunt
3473 2910 3578 2966 ite-

1994 3016 2112 3056 rum
2146 3001 2290 3056 veiut
2343 3000 2561 3072 agmine
2615 2999 2881 3079 immanes
2910 3000 3098 3054 bestia:
3121 3037 3138 3064 ,
3170 3014 3233 3053 ac
3263 3010 3396 3069 gyro
3427 2998 3577 3054 cruci

1994 3102 2260 3158 astantes,
2301 3091 2785 3147 innumerabilibus
2803 3092 3196 3149 certaminibus
3218 3091 3419 3145 claram
3457 3089 3578 3146 Ma-

1998 3196 2159 3250 trem,
2201 3199 2232 3239 a
2269 3194 2415 3240 tanta
2449 3185 2537 3239 illa
2570 3185 2680 3238 uati
2712 3183 3023 3237 adhaesione
3085 3197 3146 3237 ac
3175 3182 3427 3236 fattiiliari
3459 3182 3577 3237 colo

1995 3276 2178 3347 loqoio
2229 3285 2438 3331 arcent.
2479 3274 2610 3342 Quae
2669 3289 2830 3346 porro
2878 3275 3180 3329 certamina
3239 3282 3575 3344 martyrum;

1993 3383 2113 3438 qua:
2143 3370 2507 3424 membrorum
2539 3367 2869 3431 divisiones;
2917 3381 3038 3436 quae
3067 3365 3415 3421 concisiones
3444 3378 3574 3420 cor-

1994 3472 2225 3529 porum;
2260 3473 2508 3530 quamam
2550 3458 2737 3513 subtili
2788 3459 3006 3513 inventa
3059 3467 3180 3511 arte
3245 3455 3581 3512 carnificina!

1993 3552 2377 3621 instrumenta,
2436 3549 2589 3620 gravi
2645 3549 2780 3603 adeo
2807 3548 3050 3604 cruciatu
3098 3545 3282 3601 Maria:
3337 3546 3575 3600 animam

1992 3641 2302 3712 potuissent
2337 3639 2580 3706 allicere,
2626 3641 2703 3695 uti
2735 3655 2853 3695 eam
2902 3637 3330 3693 innumerabiles
3363 3637 3574 3693 Domini

1993 3740 2060 3791 ac
2117 3733 2240 3807 Filii
2276 3736 2591 3804 passionum
2627 3745 2788 3786 enses
2815 3730 3080 3792 divisere,
3137 3729 3303 3799 inque
3336 3727 3578 3784 dolorem

1993 3824 2325 3882 immensum
2354 3824 2638 3894 coniecere
2685 3823 2709 3878 ?
2758 3822 2846 3877 Sic
2883 3822 3041 3893 plane
3070 3829 3146 3877 tot
3189 3821 3364 3876 modis
3402 3821 3578 3875 scissa

1995 3918 2201 3983 anima,
2243 3917 2660 3985 haudquaquam
2711 3915 2764 3968 in
2811 3928 3038 3983 corpore
3076 3926 3394 3967 remansura
3432 3921 3577 3974 erat,

1996 4009 2103 4065 nisi
2156 4009 2275 4078 ipse
2321 4010 2413 4077 qui
2484 4007 2811 4076 patiebatur,
2872 4002 3229 4058 retinuisset:
3297 4001 3404 4056 nisi
3474 4016 3581 4057 suo

1993 4101 2148 4163 Deus
2182 4112 2315 4171 ιιιιιυ
2377 4099 2494 4168 ejus
2523 4098 2883 4153 constantiam
2941 4094 3255 4163 adjuvisset.
3287 4081 3428 4162 Quia
3463 4092 3578 4162 jam

1992 4208 2127 4263 ergo
2187 4194 2507 4248 morientia:
2571 4196 2971 4245 sacramentum
3040 4186 3414 4258 implebatur,
3477 4198 3579 4240 nec

1994 4285 2294 4356 quidquam
2317 4297 2507 4339 eorum
2533 4296 2652 4352 quae
2688 4296 2718 4334 a
2771 4279 3050 4350 prophetis
3082 4278 3335 4348 praedicta
3369 4288 3577 4345 essent,

1994 4377 2171 4432 omitti
2211 4374 2537 4449 oportebat;
2589 4375 2703 4443 ipsa
2730 4386 2947 4443 quoque
2979 4371 3124 4428 fellis
3154 4370 3402 4441 acetique
3428 4386 3584 4426 sum-

1997 4469 2114 4540 ptio
2148 4471 2308 4523 tinem
2334 4465 2545 4531 habuit,
2583 4466 2758 4520 media
2811 4464 2935 4519 sitis
2983 4461 3343 4517 confessione.
3377 4462 3472 4516 Ait
3496 4462 3579 4517 si-

282 4564 392 4620 διὰ
439 4561 549 4617 τῶν
588 4559 1091 4632 πῳφητευθέντων
1118 4557 1391 4627 ἀνάγκην.
1426 4555 1496 4609 τὰ
1541 4554 1672 4627 παρ’
1710 4555 1888 4609 αὐτῶν

1996 4560 2211 4631 quidem
2239 4556 2504 4613 Dominus
2531 4574 2544 4610 :
2582 4555 2740 4623 Sitio,
2773 4556 2865 4611 sed
2892 4565 2945 4611 et
2977 4552 3144 4609 Judmi
3181 4561 3385 4607 tantam
3420 4553 3575 4608 sitie-

282 4654 500 4727 ἐδρᾶτο
524 4650 881 4723 τολμώμενα·
906 4648 995 4703 διὰ
1019 4648 1119 4717 τὴν
1135 4647 1314 4700 αὐτῶν
1336 4646 1711 4717 ἀπαραίτητον
1727 4651 1897 4715 ἀγνω-

282 4743 571 4823 μοσύνην,
609 4746 644 4816 ἡ
676 4741 917 4819 ἀψευδὴς
962 4740 1060 4795 καὶ
1104 4730 1644 4813 προκαταϐέδληται,
1686 4741 1780 4805 καὶ
1803 4757 1898 4809 acs-

280 4842 600 4913 πλήρωται
628 4837 966 4910 προφητεία.
997 4836 1163 4891 Ἀλλὰ
1187 4834 1404 4902 σκόπει,
1432 4835 1597 4890 τοῦτο
1616 4830 1684 4908 τῇ
1713 4839 1898 4908 Μητρὶ

282 4934 514 5009 μᾶλλον
563 4931 597 5003 ἦ
647 4930 792 4991 κατὰ
821 4930 920 4993 vis“;
959 4927 1341 5001 προλαϐοῦσας
1370 4928 1583 4994 ὀδύνας,
1635 4948 1898 5003 προσεπι-

274 5024 671 5096 τετριμμένον
728 5021 975 5097 τραῦμα.
1023 5020 1190 5092 Ὁμοῦ
1222 5038 1283 5075 τε
1308 5022 1418 5094 γὰρ
1472 5023 1504 5095 ἡ
1537 5012 1689 5095 φωνὴ
1718 5040 1887 5096 προσ.

272 5115 661 5187 ανεπέμφθη,
722 5116 817 5171 κα).
852 5114 1050 5186 ταύτῃ,
1085 5114 1223 5184 αὐτῇ
1258 5113 1361 5184 τὴν
1392 5113 1622 5185 καρδίαν
1661 5114 1887 5168 διεσπα-

1998 4654 2134 4709 bant
2165 4649 2426 4706 exhibere
2461 4650 2661 4704 furoris
2695 4632 2987 4719 insaniam.
3010 4645 3180 4702 Porro
3197 4646 3576 4716 exsequeban-

1998 4747 2086 4792 tur
2118 4747 2280 4795 tanta:
2309 4737 2632 4793 temeritatis
2662 4746 2936 4806 portenta,
2967 4751 3074 4791 non
3100 4736 3319 4807 propter
3342 4736 3579 4805 prophe-

1999 4831 2085 4886 tiae
2121 4830 2543 4898 necessitatem;
2590 4833 2684 4886 sed
2720 4830 2898 4901 magis
2928 4838 3151 4900 pmpter
3183 4844 3374 4885 eorum
3408 4829 3582 4885 obsti-

2000 4926 2197 4977 natam‘
2232 4923 2657 4993 improbitatem,
2695 4938 2822 4978 vera
2851 4923 3132 4993 prophetia
3188 4931 3243 4977 et
3275 4921 3576 4992 praecessit,

1994 5027 2048 5071 et
2078 5015 2294 5086 impleta
2311 5025 2415 5073 est.
2455 5017 2587 5070 Vide
2615 5026 2820 5081 autem,
2858 5023 2927 5070 ut
2960 5031 3023 5071 ea
3047 5029 3136 5069 res
3174 5013 3430 5081 majorem
3463 5028 3580 5082 pra!

1995 5108 2366 5164 anteriorihus
2400 5107 2572 5162 Matri
2606 5107 2846 5163 dolorem
2882 5106 3226 5162 consciverit.
3276 5104 3399 5160 Mox
3428 5105 3575 5159 enim

1994 5210 2054 5254 ut
2101 5201 2195 5255 illa
2225 5215 2329 5256 vox
2366 5201 2564 5256 emissa
2625 5199 2764 5267 fuit,
2793 5214 2854 5253 ea
2881 5199 3066 5254 statim
3097 5214 3192 5253 cor
3217 5194 3335 5266 ejus
3370 5196 3581 5252 lacera-
3644 5242 3658 5256 ,

1997 5303 2127 5351 tur:
2162 5302 2388 5364 eratque
2421 5294 2603 5349 videre
2630 5292 2734 5348 sub
2763 5293 2878 5362 ipsa
2929 5291 3202 5348 sermonis
3238 5291 3426 5356 verba,
3477 5304 3575 5345 ar-

1993 5387 2224 5442 dentiori
2261 5397 2567 5457 correptam
2637 5385 2857 5440 ﬂamma
2886 5400 2953 5440 ae
2997 5384 3182 5439 animo
3233 5382 3530 5438 dissectum
3554 5420 3575 5451 ,

1991 5476 2397 5548 miserabilique
2435 5477 2593 5532 oculo
2630 5474 2996 5531 intendentcm
3015 5474 3069 5531 in
3095 5483 3418 5544 praesentem
3452 5480 3575 5527 tur~

1990 5567 2140 5637 bam,
2165 5584 2230 5625 ac
2260 5571 2545 5631 universos
2577 5569 2796 5635 enixius
2826 5578 3107 5638 rogantem
3131 5603 3150 5629 .
3204 5573 3266 5621 ut
3290 5565 3573 5635 iuvarent,

1989 5682 2053 5724 ac
2085 5682 2280 5740 aquam
2331 5667 2714 5739 porrigerent,
2745 5679 2910 5738 quam
2963 5660 3276 5720 charissimi
3331 5660 3579 5733 pignoris
3674 5688 3693 5707 ι

275 5208 516 5287 ράχθη·
576 5209 672 5291 καὶ
703 5203 772 5279 ἦν
817 5208 918 5260 σὺν
955 5207 1035 5279 τῷ
1079 5205 1225 5275 λόγῳ
1272 5204 1633 5277 περιθέουσαν
1683 5206 1887 5278 ταύτην

273 5296 573 5379 κατιδεῖν,
601 5292 1033 5375 τεμνομένην-τε
1060 5298 1151 5353 καὶ
1188 5297 1531 5369 φλεγομένην
1565 5297 1886 5371 διαπυρότε-

274 5386 394 5473 ρον
420 5410 437 5424 ο
470 5393 685 5450 ἐλεεινᾶ
712 5409 770 5446 τε
800 5392 938 5462 πρὸς
972 5390 1097 5453 τοὺς
1125 5388 1367 5452 ἑστῶτας
1398 5388 1775 5455 ἀτενίζουσαν,
1801 5389 1896 5444 καὶ

234 5474 239 5479 1
275 5489 521 5548 πάντας
570 5483 1055 5549 καθικετεύουσαν,
1085 5480 1364 5552 ὲπαμύναι
1389 5496 1450 5533 τε
1473 5480 1570 5534 καὶ
1594 5480 1741 5554 ὕδωρ
1772 5483 1895 5535 ἐπι-

270 5579 512 5651 δοῦναι,
540 5575 688 5645 ὅπως
720 5576 785 5630 ἂν
809 5573 1242 5644 προσαγαγοῦσα
1263 5573 1353 5653 τῷ,
1371 5573 1463 5627 τοῦ
1491 5573 1749 5649 φιλτάτου
1776 5574 1896 5628 στό-

275 5687 468 5748 ματι,
499 5668 598 5742 τὴν
638 5666 960 5739 σωμαῖικὴν
988 5666 1154 5723 αὑτοῦ
1185 5664 1537 5736 animosam
1558 5665 1733 5738 φλόγα
1758 5683 1772 5699 ο
1795 5666 1895 5721 καὶ

360 5830 421 5861 ἰ
478 5827 666 5884 Matth.
713 5844 873 5895 nm,
902 5829 957 5883 9.

3456 5979 3463 5982 .
3482 5976 3546 5983 ...Α
