4060 6438
260 460 394 528 1481

1077 454 1159 514 IN
1201 455 1306 514 SS.
1349 452 1656 515 MARIAM
1693 449 2220 512 ASSlSTENTEM
2260 448 2512 523 CRUCI,
2553 446 2713 510 ETC.

3395 445 3532 507 1482

257 576 456 644 ταψῆςο.
485 575 634 636 ὅπως
675 571 741 626 ἂν
771 569 994 641 γένηται
1045 567 1410 621 διεσκοπεῖτο.
1439 565 1612 619 Τοῦτο
1643 564 1698 618 δὲ
1726 564 1840 617 δια-

1944 563 2104 618 etiam
2143 561 2526 618 considerabat
2555 557 2822 628 quomodo
2851 557 3138 628 sepulturae
3163 555 3298 612 tradi
3321 565 3528 645 posset.

256 665 572 736 νοουμένης,
627 665 722 717 καὶ
762 661 1110 733 συνετωτάτη
1155 658 1358 732 μελέτῃ
1408 655 1834 728 βουλευομένης,

257 757 390 826 ἄλλη
413 757 538 810 κατ’
561 755 733 824 αὐτῆς
762 752 868 808 τῶν
893 753 1177 823 προτέρων
1198 749 1522 820 ἅποτομωτέ
1532 766 1600 820 ρα
1627 747 1840 818 πέμπε-

255 869 344 904 ται
379 850 647 922 ῥομφαία,
681 851 712 920 ἡ
746 849 846 920 τῆς
892 847 1163 918 ἀχράντου
1210 843 1413 916 δηλαδὴ
1461 842 1699 912 πλευρᾶς
1753 840 1837 892 δι-

255 945 450 1015 ορυγή.
475 944 582 997 Τὸν
624 942 734 1014 γὰρ
783 941 1046 1006 ζωοποιὺν
1087 937 1280 1009 νεκρὸν
1331 937 1710 1008 ἀνηρτημένον
1755 935 1836 987 ἔτι

253 1036 582 1106 σωματικῶς
629 1037 680 1088 οἱ
707 1037 923 1088 πάντων
963 1033 1236 1104 ὠμότεροι
1269 1031 1474 1104 θηρῶν,
1505 1029 1836 1100 ἐτίτρωσκον

253 1128 612 1200 στρατιῶταί,
651 1127 793 1198 μήτε
813 1126 912 1198 τὴν
932 1125 1085 1179 θείαν
1108 1123 1454 1196 ὑφορώμενοι
1487 1123 1670 1193 δίκην,
1705 1119 1834 1190 μήθ’

253 1220 344 1272 ὑπ’
390 1220 562 1289 αὐτῆς
592 1219 694 1288 τῆς
722 1218 938 1288 φύσεως
987 1219 1370 1288 κατεχόμενοι,
1415 1214 1449 1286 ἢ
1481 1213 1662 1268 κοινὸν
1699 1213 1834 1284 πρὸς

249 1313 496 1376 ἅπαντας
527 1311 655 1376 τοὺς
692 1309 979 1382 κειμένους
1013 1308 1299 1380 συμπαθὲς
1333 1309 1472 1379 ἔχει,
1503 1307 1608 1361 κᾶν
1648 1307 1836 1377 ἐχθροὶ

247 1405 343 1456 καὶ
383 1403 638 1474 πολέμιοι
677 1403 740 1456 τὸ
787 1403 1060 1475 πρότερον
1086 1401 1280 1472 ἔτυχον
1327 1401 1502 1465 ὅντες.
1539 1398 1696 1454 Οὕτω
1724 1400 1834 1472 γὰρ

246 1495 353 1548 ὑπὸ
381 1493 491 1548 τῶν
536 1493 748 1566 νεκρῶν
793 1493 1154 1547 καθέλκονται
1201 1492 1494 1562 σωμάτων,
1529 1491 1605 1556 ὡς
1641 1493 1691 1544 εί
1736 1489 1834 1545 καὶ

243 1585 367 1640 λίαν
388 1585 700 1649 ἁντιτύπως
730 1585 904 1656 ἕχοιέν
929 1601 1074 1648 τινες
1095 1585 1234 1656 πρὸς
1263 1578 1548 1656 οἷκτον,μὴ
1565 1583 1834 1654 ἀδακρυτὶ

239 1679 342 1750 τὴν
371 1678 628 1748 τοιαύτην
652 1677 1038 1748 παραδραμεῖν
1063 1676 1216 1732 θέανδ
1258 1676 1400 1730 Ἀλλ’
1427 1677 1528 1748 οὐχ
1553 1677 1602 1730 οί
1633 1675 1830 1729 λίθινοι

242 1771 341 1824 καὶ
375 1771 604 1825 ἄτακτοι
634 1771 858 1835 ἐκεῖνοι,
908 1771 1004 1823 καὶ
1032 1771 1098 1841 τῇ
1141 1769 1512 1840 ἀπανθρωπίᾳ
1563 1767 1829 1840 σιδήρειοι

239 1865 343 1934 τῆς
371 1863 559 1933 κοινῆς
601 1861 846 1934 ἔπασχόν
873 1879 926 1915 τι
961 1861 1178 1930 φύσεως
1201 1877 1215 1891 ·
1253 1861 1391 1915 ἀλλὰ
1425 1858 1527 1933 τὴν
1565 1861 1664 1932 μὲν
1695 1861 1830 1930 ἄψυ-

1949 655 2070 710 ιιωιε
2109 669 2272 725 porro
2314 669 2384 709 'ea
2431 653 2722 724 cogitante,
2757 666 2820 707 ac
2847 651 3274 722 prudentissimo
3305 648 3532 704 consilio

1946 745 2277 808 meditante,
2328 745 2603 814 prioribus
2635 731 2818 798 dirior‘
2845 743 2986 798 alios
3031 743 3086 796 in
3133 757 3252 796 eam
3296 739 3532 794 mittitur

1944 821 2151 901 gladius
2175 853 2189 901 ;
2220 837 2544 892 intemerato
2562 837 2654 890 lilii
2673 835 2841 900 latere
2868 835 2968 890 sub
3002 835 3120 904 eius
3134 832 3366 888 suffosso
3395 846 3529 885 ocu-

1945 927 2032 982 lis.
2055 927 2192 984 νῖκαι
2233 929 2377 984 enim
2429 940 2710 986 auctorem
2750 936 3022 983 mortuum
3045 969 3060 992 ,
3091 928 3269 982 adhuc
3299 939 3530 994 corpore

1944 1020 2286 1088 pendentem,
2307 1020 2492 1076 bestiis
2519 1020 2768 1075 omnibus
2798 1019 3132 1075 crudeliores
3157 1018 3375 1084 milites,
3407 1016 3530 1070 vul-

1944 1123 2231 1176 nerarunt,
2267 1129 2366 1168 nco
2390 1113 2609 1168 reveriti
2635 1114 2870 1168 divinam
2913 1112 3203 1178 ultionem,
3238 1125 3340 1166 nec
3371 1126 3399 1164 a
3433 1125 3526 1162 na-

1947 1214 2064 1257 tura
2115 1205 2226 1274 ipsa
2287 1205 2534 1270 cohibiti,
2583 1205 2737 1274 cujus
2785 1205 2981 1262 est'in
3033 1214 3278 1260 mortuos
3337 1218 3530 1258 omnes

1943 1297 2436 1354 con'imiserationis
2475 1298 2720 1358 allectus.
2764 1299 2849 1354 vel
2896 1300 2939 1352 si
2985 1300 3171 1354 hostes
3221 1313 3286 1354 ac
3320 1298 3528 1353 inimici

1943 1387 2093 1455 prius
2125 1389 2472 1444 exstiterant.
2516 1389 2608 1445 Sic
2656 1390 2800 1445 enim
2845 1393 3139 1445 trahuntur
3177 1405 3207 1445 a
3242 1388 3527 1446 defuncto-

1945 1495 2061 1534 rum
2086 1481 2428 1552 corporibus,
2467 1491 2850 1552 utquanquam
2881 1483 3046 1552 aliqui
3073 1483 3192 1539 duri
3236 1485 3526 1538 admodum

1941 1573 2208 1630 exsistant
2241 1574 2308 1628 ad
2347 1577 2774 1641 miserationem,
2809 1575 2950 1630 haud
2979 1587 3162 1630 tamen
3194 1577 3314 1634 sine
3355 1577 3533 1649 lacry-

1941 1665 2044 1721 mis
2083 1667 2456 1737 spectaculum
2491 1667 2761 1738 ejusmodi
2800 1677 3104 1724 transeant.
3139 1669 3339 1725 Verum
3377 1672 3527 1726 saxei

1940 1757 2038 1823 illi,
2063 1773 2446 1829 enormesque,
2471 1775 2536 1814 ac
2573 1760 2918 1816 immanitate
2974 1761 3158 1826 ferrei,
3189 1762 3322 1816 nihil
3377 1779 3526 1816 com-

1940 1850 2118 1904 m‘unis
2189 1860 2399 1906 natura:
2475 1849 2794 1906 ali'ectionis-
2850 1852 3125 1908 habebant
3185 1873 3198 1906 :
3257 1855 3527 1924 quinimo,

237 1975 340 2026 χον
383 1955 817 2026 συμπάσχουσαν
845 1954 1082 2026 ὁρῶντες
1121 1955 1322 2020 κτίσιν,
1363 1955 1652 2027 μονονουχί
1680 1972 1740 2008 τε
1770 1955 1832 2008 τὸ

1939 1941 2180 1996 videntes
2225 1942 2584 2000 inanimatam
2645 1946 2816 2016 ipsam
2843 1957 3149 2002 creaturam
3185 1948 3524 2016 compaticn-

242 2049 514 2120 σωτήριον
562 2047 868 2102 πενθοῦσαν
913 2047 1010 2100 καὶ
1037 2046 1384 2116 κοπτομένην
1420 2045 1614 2112 πάθος,
1673 2047 1832 2100 αὐτοὶ⁹

245 2142 449 2213 μανίας
491 2143 589 2196 καὶ
622 2141 920 2212 ἀθεότητος
972 2138 1281 2210 ὑπερϐολῇ,
1317 2137 1676 2192 ἐπανέϐαινον
1711 2155 1830 2209 κρε-

245 2233 500 2304 μαμένῳ,
531 2232 627 2286 καὶ⁸
649 2231 938 2304 ἔπληττον,
971 2230 1176 2302 μηδένα
1205 2229 1368 2300 κόρον
1395 2230 1506 2283 τῶν
1542 2230 1833 2300 ἀσεϐημά-

239 2342 348 2379 ⁴των
375 2325 773 2395 λαμϐάνοντες.
819 2324 960 2376 Ἀλλ’
988 2323 1145 2376 αὐτοὶ
1171 2323 1290 2394 μὲν,
1325 2323 1406 2386 εἰς
1435 2321 1533 2394 τὴν
1567 2321 1830 2392 ζωοδόχον

242 2418 686 2488 παροινήσαντες
729 2417 994 2488 πλευρὰν,
1037 2415 1360 2488 ἀπέστησαν
1399 2414 1546 2470 οὕτω
1585 2413 1682 2468 τοῦ
1731 2416 1831 2486 τὴν

241 2510 542 2582 ἀείρρυτον
572 2509 706 2582 ἡμῖν
743 2508 802 2577 ἐξ
826 2509 1000 2580 αὐτῆς
1043 2507 1233 2581 βρύειν
1265 2507 1569 2562 ἀθανασίαν
1600 2506 1831 2562 καταδε-

243 2601 305 2666 ξα
311 2603 502 2672 μένου.

325 2692 394 2746 Ἢ
431 2692 487 2746 δὲ
511 2693 734 2764 Μήτηρ,
770 2693 1086 2766 βαθυτέρως
1128 2695 1230 2765 μὲν
1263 2694 1364 2766 τὴν
1396 2694 1578 2768 ψυχὴν
1616 2693 1832 2766 πεπλη-

241 2789 401 2856 γυῖα,
426 2785 651 2850 πολλαῐς
685 2787 746 2842 δὲ
794 2791 914 2852 ταῖς
949 2789 1284 2859 ἀνακλήσεσι
1319 2787 1412 2842 τὸν
1454 2789 1832 2860 ἀνασχόμενον

242 2877 680 2950 ἐπικαλουμένη,
706 2877 851 2934 οὕτω
879 2862 1094 2952 δάκρυα
1127 2883 1329 2952 χέουσα
1359 2881 1828 2953 προσεφθέγγετο·

246 2991 265 3022 ι
311 2971 453 3026 Οὐδὲ
477 2971 572 3024 νῦν
593 2973 642 3025 οἱ
679 2972 980 3043 μιαιφόνοι,
1009 2973 1282 3036 Δέσποτα,
1307 2975 1408 3045 τῆς
1437 2976 1518 3038 εἰς
1543 2975 1604 3028 σὲ
1633 2974 1832 3045 μανίας

240 3062 541 3132 λήγουσινο
576 3063 698 3118 οὐδὲ
742 3065 838 3117 νῦν
877 3065 1039 3136 κόρον
1073 3063 1168 3118 τοῦ
1211 3064 1374 3134 φόνου
1417 3063 1790 3136 λαμϐάνουσιν
1814 3080 1828 3094 ·

241 3155 300 3208 οὐ
332 3154 718 3209 κατακλῶνται
760 3155 988 3227 τοιούτῳ
1022 3173 1084 3210 σε
1125 3155 1472 3228 καθορῶντες
1514 3157 1831 3229 ἀνηρτημέ-

241 3266 330 3302 νον
395 3250 665 3318 σχήματι·
721 3248 824 3302 οὐκ
869 3249 1316 3318 ὲπικόιμπτονται
1371 3249 1568 3321 νεκρόν
1611 3267 1672 3303 τε
1736 3249 1832 3304 καὶ

240 3340 453 3411 γυμνὸν
485 3338 878 3410 καθηλωμένον
925 3339 1226 3409 θεώμενοι·
1271 3341 1331 3395 οὐ
1372 3341 1832 3412 κατοικτείρουσι,

245 3435 417 3502 μέσον
444 3450 502 3486 σε
531 3433 844 3503 καταδίκων
875 3433 1309 3503 σφαγιασθέντα,
1342 3436 1438 3489 καὶ
1462 3435 1534 3498 ὡς
1561 3437 1837 3508 ἀπερριμ-

245 3528 410 3598 μένον
439 3526 1010 3598 ἐγκαταλελειμμένον
1042 3527 1333 3598 βλέποντες
1361 3545 1374 3560 ·
1419 3529 1536 3582 ἀλλ’
1569 3529 1834 3602 ὠμοτάτῃ

244 3621 416 3693 μανίᾳ
465 3620 916 3691 ἐπεμϐαίνοντες,
949 3621 1314 3692 τιτρώσκουσί
1347 3640 1429 3688 σε,
1481 3623 1542 3701 το
1564 3623 1835 3690 γλυκύτα-

238 3714 330 3766 τόν
365 3731 475 3784 μου
495 3713 827 3784 σπλάγχνον,
861 3714 1232 3785 τιτρώσκουσί
1264 3733 1347 3781 σε,
1378 3715 1470 3768 τὸν
1497 3717 1595 3788 τῆς
1620 3715 1835 3786 φύσεως

239 3803 368 3870 ἑξιὼ
377 3821 544 3876 μενον
561 3805 880 3876 τραύματα.
906 3805 1178 3860 Νύττουοι
1201 3807 1467 3878 πλευρὰν,
1484 3806 1582 3879 τὴν
1603 3806 1834 3872 ἀείζωον

236 3897 630 3968 ἀναϐρύουσαν
677 3899 916 3970 ῥεῖθρον.
960 3894 1295 3971 Πλήττουσιν
1328 3900 1579 3970 ἀφειδῶς
1607 3901 1704 3955 καὶ
1739 3899 1835 3972 ἔρ-

239 4005 361 4058 γοις
393 3990 488 4042 καὶ
514 3989 696 4064 λόγοις
727 3991 1124 4062 ἐπιτιθέμενοι,
1157 3993 1253 4045 καὶ
1289 3992 1389 4046 οὐκ
1412 3993 1732 4049 ἐνδιδόασιν.
1763 3995 1827 4046 Ὢ

237 4081 456 4152 δεσμοὶ,
500 4083 596 4136 καὶ⁵
633 4083 811 4153 νόμοι,
844 4083 940 4137 καὶ
987 4083 1204 4153 φύσεως
1233 4083 1606 4156 ⁸συμπάθειαὲ
1639 4083 1711 4140 Ὢ
1756 4087 1836 4141 δι-

239 4175 414 4228 καίων
459 4173 598 4228 ἐθῶν
641 4175 741 4246 τῆς
796 4175 936 4246 πρὸς
982 4177 1112 4238 τοὺς
1161 4178 1486 4248 οἰχομένους
1534 4179 1726 4242 ὁσίαςῐ
1767 4179 1832 4231 ’Ὤ

236 4267 592 4339 ἀνθρωπίνης
644 4269 992 4339 ἡμερότητος
1065 4269 1162 4322 καὶ
1209 4269 1316 4340 ἢθη
1359 4271 1454 4324 xui.
1499 4269 1827 4340 γνώρισμαῐ

237 4359 350 4413 Ποῦ
383 4359 479 4413 νῦν
506 4359 701 4426 ταῦτα,
730 4362 827 4414 καὶ
857 4361 1087 4428 ὲνητίσιν
1113 4377 1128 4428 ;
1160 4363 1353 4432 ῗᾨχετο
1381 4363 1488 4416 τῶν
1508 4364 1792 4434 παρόντων
1813 4379 1830 4393 ⁸

234 4453 461 4524 ἁπέπτη
487 4453 590 4522 τῆς
627 4452 738 4507 τῶν
783 4452 1084 4506 θεοκτόνων
1115 4453 1500 4518 κακοϐουλίας.
1545 4455 1685 4509 Ἀλλ’
1707 4456 1832 4528 ἐμοὶ

238 4545 340 4614 μὲν
370 4546 459 4616 ε⁵ἠ
497 4545 594 4600 καὶ
644 4547 761 4610 τοῖς
797 4545 896 4600 σὺν
923 4547 1069 4618 ἐμοὶ,
1105 4547 1139 4617 ἡ
1181 4547 1248 4600 ὲκ
1281 4548 1384 4619 τῆς
1427 4547 1644 4618 πληγῆς
1687 4549 1827 4602 ἀπο-

1941 2047 2068 2107 tcm,
2104 2039 2304 2110 vixque
2335 2057 2440 2097 non
2489 2041 2759 2113 lugentem
2791 2060 2854 2100 ac
2891 2044 3278 2100 lamentantem
3315 2047 3526 2100 Saluta-

1938 2145 2052 2184 rem
2092 2133 2426 2200 passionem,
2464 2134 2568 2204 ipsi
2627 2135 2800 2208 magis
2837 2139 3188 2207 exsuperanti
3236 2138 3422 2194 furore
3462 2155 3526 2194 ac

1938 2223 2239 2292 impietate,
2286 2228 2538 2296 pendenti
2595 2227 2952 2296 insultabant,
3021 2232 3292 2302 nullisque
3346 2235 3526 2304 impiis

1936 2315 2157 2372 ausibus
2195 2321 2523 2374 exsaturatis
2569 2322 2730 2385 odiis,
2778 2323 3156 2379 vulnerabant.
3213 2324 3304 2380 Sic
3351 2327 3526 2381 cnim-

1939 2424 2064 2464 vero
2098 2410 2175 2464 illi
2212 2412 2266 2466 in
2299 2411 2438 2468 latus
2463 2413 2588 2471 vitae
2632 2414 2837 2472 fontem
2869 2417 3272 2474 debacchantes
3301 2459 3317 2484 ,
3357 2423 3424 2474 ab
3462 2436 3529 2476 eo

1938 2513 2316 2570 recesserunt,
2351 2506 2442 2577 qni
2467 2507 2652 2578 jugem
2683 2509 2844 2564 nobis
2867 2501 2933 2565 ex
2973 2510 3063 2565 illo
3094 2527 3316 2568 manare
3363 2513 3529 2568 voluit

1938 2593 2430 2654 immortalitatem.
2725 2615 2742 2623 ’

2007 2687 2180 2744 Porro
2237 2690 2428 2758 Mater,
2485 2693 2650 2748 altius
2685 2693 2840 2764 plaga
2885 2695 2985 2750 hac
3017 2697 3198 2751 animo
3221 2697 3526 2758 vulnerata.

1937 2781 2243 2851 iterumque
2285 2791 2448 2853 atque
2485 2785 2680 2840 iterum
2743 2801 2866 2840 eum
2913 2787 3172 2842 invocans
3216 2789 3308 2859 qui
3364 2793 3531 2844 διιειὶ-

1936 2888 2067 2929 nere
2097 2876 2348 2946 dignatus
2371 2885 2536 2944 esset,
2570 2879 2752 2934 verbis
2782 2878 3108 2949 cjnscemodi
3147 2881 3368 2951 plorans
3397 2883 3531 2938 afla-

1935 2965 2136 3022 batur:
2170 2987 2188 3020 ι
2215 2969 2297 3023 Ne
2350 2971 2508 3025 modo
2541 2973 2758 3040 quidem
2782 3014 2797 3038 ,
2826 2973 3072 3038 Domine,
3111 2977 3209 3031 viri
3248 2977 3530 3046 parricidae

1937 3073 1967 3112 a
1990 3074 2088 3114 suo
2123 3061 2172 3113 in
2196 3071 2246 3114 te
2268 3058 2448 3116 furore
2470 3065 2948 3121 cessant?Nednm
2976 3069 3157 3122 satiati
3187 3077 3314 3123 sunt
3345 3072 3527 3137 modo;

1939 3166 2044 3206 non
2076 3150 2352 3223 frangitur
2383 3153 2554 3212 durius
2581 3172 2770 3210 eorum
2807 3159 3046 3226 animus,
3087 3176 3210 3214 cum
3245 3177 3312 3218 eo
3352 3173 3402 3218 te
3433 3163 3528 3217 lia-

1942 3246 2052 3300 bitu
2088 3247 2414 3316 pendentem
2445 3249 2666 3304 videant
2702 3269 2715 3306 :
2755 3268 2860 3306 non
2910 3251 3228 3319 ﬂectuntur,
3272 3271 3392 3310 cum
3447 3259 3530 3312 sic

1944 3349 2218 3394 mortuum
2268 3342 2582 3414 nudumque
2605 3345 2774 3398 clavis
2796 3347 3070 3401 conﬁxum
3098 3347 3398 3416 aspiciant:
3421 3365 3528 3405 non

1943 3434 2290 3500 miserentur,
2325 3436 2562 3492 videndo
2589 3439 2824 3493 medium
2879 3440 3312 3497 facinorosorum
3349 3443 3526 3498 homi-

1941 3540 2067 3578 num
2093 3525 2422 3597 jngnlatum,
2451 3544 2515 3585 ac
2541 3545 2636 3584 ceu
2678 3531 2976 3600 projectum
3024 3534 3344 3591 derelictum
3375 3535 3398 3605 ;'
3431 3538 3525 3592 scd

1941 3619 2326 3676 crudelissimo
2371 3621 2559 3679 furore
2605 3624 2930 3680 insultantes
2951 3667 2966 3694 ,
3003 3635 3074 3692 te,
3101 3628 3413 3684 dulcissima
3441 3631 3528 3684 vi-

1940 3727 2093 3768 scera
2123 3729 2266 3779 mea,
2292 3715 2601 3772 vulnerant.
2637 3698 2942 3775 Viilnerant
2999 3729 3081 3788 te,
3117 3724 3211 3794 qui
3241 3737 3404 3780 sanas
3436 3741 3533 3780 na-

1940 3813 2074 3862 turae
2101 3805 2322 3863 vulnera
2351 3829 2366 3864 :
2405 3809 2616 3864 fodiunt
2641 3812 2782 3866 latus
2807 3853 2822 3879 ,
2847 3824 3116 3884 perpetua:
3144 3816 3270 3872 vita:
3303 3835 3529 3872 manans

1939 3898 2126 3954 latices
2153 3919 2166 3954 :
2196 3902 2329 3956 nihil
2360 3915 2594 3971 parcunt
2617 3906 2808 3974 plagis,
2830 3907 2990 3962 factis
3011 3909 3213 3978 pariter
3239 3913 3526 3984 verbisque

1939 3990 2293 4062 ingruentes;
2347 4005 2441 4051 aut
2491 3999 2690 4052 cedunt
2727 3999 3044 4068 quidquam.
3101 4001 3146 4058 Ο
3189 4004 3424 4068 vincula,
3473 4016 3526 4062 ct

1937 4083 2102 4154 leges,
2139 4100 2202 4139 ac
2234 4096 2446 4142 natura}
2475 4090 2820 4156 compassio!
2871 4091 2916 4144 υ
2942 4089 3120 4158 justos
3163 4092 3280 4161 cjns
3321 4112 3521 4158 mores,

1936 4175 1990 4230 in
2021 4175 2306 4234 defunctos
2337 4179 2569 4235 sanctml
2609 4178 2654 4236 Ο
2686 4182 2978 4236 humanam
3025 4188 3524 4255 mansuetudinem,

1883 4300 1888 4304 τ
1937 4280 2249 4335 moresque,
2303 4283 2368 4322 ac
2396 4271 2576 4324 noue!
2626 4268 2727 4326 Ubi
2757 4288 2882 4326 vero
2911 4289 3052 4328 nunc
3091 4274 3201 4340 illa,
3238 4291 3302 4330 ac
3331 4278 3382 4332 in
3413 4281 3528 4348 qui-

1933 4357 2076 4412 bus?
2102 4356 2467 4415 Reccsserunt
2499 4377 2528 4416 a
2555 4364 2914 4433 praesentibus
2943 4385 2963 4421 :-
2988 4368 3272 4423 avolarunt
3304 4386 3334 4426 a
3371 4377 3526 4426 mali-

1935 4464 2042 4519 gno
2101 4451 2444 4506 deicidarum
2505 4455 2756 4510 consilio.
2823 4455 3112 4515 Enimvero
3163 4476 3280 4516 mea
3340 4465 3411 4518 sit
3460 4483 3524 4520 ac

1933 4546 2208 4600 sociorum
2236 4585 2251 4610 ,
2283 4559 2406 4616 qua:
2456 4563 2520 4603 ex
2557 4547 2781 4604 vulnere
2836 4549 3006 4606 stillat
3037 4553 3143 4608 vita
3172 4571 3187 4623 ;
3246 4561 3521 4615 temerarii

235 4639 516 4703 στάζουσα
565 4636 714 4709 ζωή·
762 4641 812 4692 οἱ
861 4639 1132 4708 τολμηταὶ
1173 4638 1232 4692 δὲ
1275 4639 1626 4711 κατόψονται,
1665 4643 1829 4713 ἡνίκα

1936 4651 2112 4694 autem
2151 4641 2432 4706 videbunt,
2465 4645 2682 4714 quando
2722 4651 2848 4698 sunt
2894 4661 3084 4716 pmnas
3115 4647 3318 4708 daturi.
3375 4671 3392 4704 ι
3433 4653 3524 4708 Sic

231 4729 297 4784 ἂν
318 4731 390 4785 τὰ
413 4731 514 4801 τῆς
536 4729 692 4800 δίκης
717 4731 1154 4786 ἀποτιννύουσιν.
1173 4731 1350 4788 Ὀὕτω
1380 4733 1690 4804 συμπαθῶς
1744 4735 1827 4786 ἐν·

230 4823 566 4886 ατενίζουσα
601 4823 696 4875 καὶ
729 4819 1114 4892 προσλαλοῦσα
1149 4820 1227 4892 τῷ
1246 4823 1514 4894 Δεσπότῃ,
1537 4821 1600 4876 τὸ
1631 4823 1696 4876 ὲκ
1723 4823 1826 4891 τῆς

229 4913 387 4976 θείας
421 4913 668 4984 πλευρᾶς
703 4914 983 4986 ἀπορρυὲν
1012 4907 1152 4984 αἷμα
1189 4915 1287 4968 καὶ
1317 4911 1464 4984 ὕδωρ
1487 4915 1782 4985 ὑπεδέχετο
1808 4931 1822 4946 ·

229 5007 328 5062 καὶ
369 5004 530 5060 τοῦτο
553 5005 616 5077 δὴ
651 5005 1044 5078 πολυποθήτως
1077 5009 1173 5061 καὶ
1198 5008 1526 5078 ὑπερτίμως.
1557 5007 1821 5074 λαϐοῦσα,

305 5197 516 5268 (57-38)
537 5195 602 5251 In
621 5197 1011 5252 inslauratricis
1037 5195 1338 5268 sepulturae.
1361 5195 1499 5266 Περὶ
1515 5195 1614 5263 τῆς
1644 5211 1829 5248 καινο-

229 5267 392 5322 ποιοῡ
421 5269 620 5338 ταφῆς.
649 5268 809 5323 Velut
837 5270 1086 5320 novitatis
1119 5267 1366 5332 artiﬁcis,
1402 5281 1449 5320 et
1489 5283 1593 5333 qua
1633 5280 1824 5338 novam

230 5341 400 5392 vitam
429 5337 614 5394 sumus
645 5337 946 5406 consecuti,
975 5349 1291 5403 resurgente
1315 5338 1556 5396 (:bristo,
1585 5354 1647 5390 ac
1671 5337 1828 5390 nobis

231 5408 490 5464 initiante
546 5407 908 5464 immortalem
960 5411 1123 5462 vitam
1171 5425 1201 5460 e
1237 5409 1510 5471 sepulcm.
1552 5407 1703 5474 Quod
1756 5407 1821 5460 de

228 5479 468 5550 collecto
539 5482 806 5550 sanguine
848 5494 940 5550 _ac
999 5493 1226 5550 aqua___e
1291 5479 1574 5550 DominiC‘n
1627 5477 1816 5540 latere,

228 5549 485 5616 proxime
533 5546 812 5620 pra-cedit,
847 5546 1120 5618 habetque
1159 5546 1594 5614 Metaplirastes,
1628 5565 1722 5602 ceu
1757 5565 1822 5603 cx

228 5621 339 5676 alio
371 5620 624 5678 referens
647 5639 771 5677 cum
798 5621 996 5690 elogio,
1037 5622 1122 5689 pie
1154 5621 1350 5686 exponi
1389 5621 1577 5688 possit,
1613 5631 1667 5671 nt
1705 5621 1820 5690 hinc

226 5690 399 5744 Maria
451 5694 780 5748 asservantla
827 5689 1079 5760 religicso
1116 5701 1472 5744 monumento
1515 5689 1820 5760 collegerit,

224 5763 307 5832 uti
338 5761 512 5818 etiam
547 5761 730 5816 ferunt
765 5765 830 5816 de
862 5761 1208 5832 Magdalena,
1234 5761 1384 5832 quod
1420 5760 1591 5813 nostri
1624 5763 1823 5829 pignus

223 5831 432 5886 habere
467 5834 770 5903 gloriantur
793 5834 844 5886 in
882 5831 1182 5901 provincia,
1211 5831 1430 5900 illicque
1459 5845 1651 5899 magna
1678 5845 1820 5899 prie-

213 5903 405 5958 sertim
433 5905 747 5958 Parasceve
773 5913 1064 5958 veneratur
1085 5903 1257 5969 orbis,
1280 5917 1402 5958 cum
1431 5911 1482 5956 et
1508 5913 1820 5956 cencretatn

513 5997 788 6058 ΡΑτιιοι.
824 5997 941 6056 Gn.
975 5994 1020 6058 C

579 6101 624 6122 σο

1937 4733 2118 4800 itaque
2151 4733 2462 4789 miserantis
2508 4733 2702 4790 aﬂcctn
2751 4739 2924 4794 oculis
2974 4741 3215 4808 intenta,
3264 4760 3328 4799 ac
3361 4745 3518 4799 aﬂ‘ata

1939 4823 2249 4890 Dominum,
2287 4839 2407 4895 qua:
2439 4840 2502 4880 ex
2535 4825 2650 4890 eius
2687 4829 2853 4885 latere
2884 4829 3188 4888 deﬂuebant
3219 4839 3440 4907 sanguis
3472 4851 3525 4892 ct

1936 4930 2101 4983 aqua,
2132 4917 2419 4986 colligebat
2447 4937 2460 4973 :
2497 4920 2776 4992 multoque
2805 4923 3075 4980 desiderio
3101 4943 3164 4982 ac
3197 4929 3403 4988 lmnore
3436 4952 3526 4986 ac-

1935 5009 2282 5078 cipiens,tota
2305 5011 2357 5064 in
2375 5011 2776 5068 instauratricis
2795 5019 3092 5098 sepulturre
3112 5019 3314 5094 (37-38)
3331 5043 3520 5080 curam

1939 5209 2173 5278 massam
2205 5196 2499 5278 ebulliente
2531 5200 2796 5278 sanguine
2817 5203 2972 5278 aiunt
3007 5204 3229 5270 resolvi,
3258 5205 3524 5278 turbaque

1937 5267 2170 5336 pluritna
2203 5267 2669 5344 adspectaculmii
2704 5271 2946 5334 cntiﬂnit.
2981 5287 3040 5328 nt
3075 5291 3170 5344 per
3199 5267 3340 5338 eain,
3381 5267 3521 5332 ιιιῖιιο

1939 5353 2102 5405 quam
2147 5339 2302 5402 mihi,
2346 5342 2560 5394 tametsi
2601 5341 2894 5411 aliquando
2945 5339 3088 5402 inter
3125 5348 3412 5404 ministros
3459 5365 3525 5406 ac

1928 5423 2116 5487 eorum
2141 5424 2302 5487 unus,
2325 5415 2796 5487 προηγιασμένων
2819 5417 2995 5470 ollicio
3015 5417 3104 5472 die
3121 5418 3208 5472 illa
3233 5431 3520 5487 consueto,

1929 5478 2179 5556 adAcujus
2216 5478 2626 5556 liueni‘acCidit'
2655 5485 2980 5538 miraculosa
3029 5489 3292 5556 ejusmodi
3328 5478 3522 5546 ίιιιιιειιί

1927 5551 2084 5630 latio,
2117 5552 2464 5630 interfuerim
2489 5593 2503 5615 ,
2539 5563 2750 5630 attente
2780 5558 2920 5630 satis
2955 5551 3072 5612 τοιιὶ
3113 5560 3421 5630 inspectare
3457 5563 3521 5616 li-

1924 5622 2121 5686 cuerit,
2155 5630 2221 5700 _u_l
2259 5621 2378 5689 ejus
2413 5639 2478 5677 ex
2515 5623 2630 5700 visu
2668 5627 2827 5700 testis
2876 5645 2997 5683 esse
3037 5621 3243 5698 possit-ti
3277 5649 3291 5686 :
3340 5648 3520 5700 quan-

1924 5707 2086 5768 quam
2119 5691 2363 5746 videntes
2388 5693 2635 5768 populos,
2666 5697 2768 5751 sub
2796 5710 3015 5766 aspectu
3040 5691 3163 5768 ipso
3189 5691 3514 5758 miraculum

1923 5763 2331 5842 coticlaniantcs
2355 5765 2558 5842 audivi.
2586 5764 2815 5842 Nic-epit.
2833 5763 3175 5842 quoquc-lib.
3201 5788 3238 5835 ι,
3269 5791 3391 5842 cap.
3425 5776 3519 5840 59.

1927 5831 2001 5884 ita
2066 5831 2376 5913 collectum_
2415 5849 2443 5888 a
2503 5831 2774 5913 Maria_et
2824 5831 3034 5896 Joanne
3087 5831 3407 5913 sanguinem
3457 5831 3522 5901 ac.

1923 5917 2144 5972 aquam,
2173 5913 2335 5974 atque
2367 5906 2418 5960 in
2449 5909 2668 5962 vasculo
2698 5909 2996 5967 ltouorilice
3022 5906 3262 5984 reposita
3294 5919 3516 5975 asserit.

3132 6007 3203 6071 Η
