4060 6432
530 437 713 501 ’“’1433

1714 432 2040 493 GEORGII
2090 431 2139 492 Ν
2146 431 2322 492 ICOM
2332 430 2688 493 EDIENSIS

3714 433 3824 499 1484

578 548 931 606 incumbebat
963 565 975 600 :
1015 556 1177 616 atque
1208 552 1267 600 ut
1296 544 1606 615 depositum
1641 558 1672 598 e
1712 544 1859 615 ligno
1881 546 2165 601 intemera-

2283 545 2364 615 τῆς
2393 545 2521 615 περὶ
2565 546 2666 614 τῆς
2703 543 3019 599 καινοποιοῦ
3066 546 3246 617 ταφῆς
3287 546 3502 617 γίνεται
3528 553 3826 620 φροντίδος.

577 634 691 699 tum
726 655 947 711 corpus,
986 653 1160 709 neque
1199 636 1299 703 ipsi
1340 650 1406 691 ex
1442 636 1537 690 tali
1567 637 1880 706 spectaculo
1918 636 2163 691 dolorem

577 748 823 807 augeret,
850 750 1026 808 neque
1041 734 1317 805 sepultura
1342 747 1556 795 carens,
1583 731 1842 787 vocandae
1869 734 1923 784 tn
1944 728 2165 784 dubium

579 833 887 889 communis
918 826 1329 887 reformationis
1359 842 1525 884 causa
1572 824 1737 880 foret.

654 1116 727 1175 Ut
755 1119 937 1172 autem
976 1127 1081 1165 non
1112 1109 1407 1171 licebat,ut
1429 1104 1481 1159 id
1509 1105 1624 1174 ipsa
1669 1117 1766 1174 per
1790 1115 1848 1155 se
1870 1099 2118 1169 impleret
2151 1116 2163 1152 :

585 1226 700 1267 tum
728 1209 872 1279 quod
902 1206 1178 1263 laboraret
1211 1199 1655 1257 necessariorum
1718 1194 1947 1266 penuria
2000 1194 2020 1262 (
2048 1202 2170 1247 erat

556 1302 851 1373 siquidem
898 1299 953 1353 in
985 1307 1132 1352 terra
1183 1294 1360 1350 aliena
1386 1332 1403 1357 ,
1464 1291 1580 1361 ipsa
1616 1287 1844 1356 pariter,
1886 1283 2108 1353 notique
2139 1297 2167 1335 a

586 1399 745 1468 longe
772 1386 1177 1463 aspicientes):
1222 1386 1350 1441 item
1387 1394 1446 1439 ut
1504 1397 1571 1437 ne
1603 1380 1689 1436 cui
1734 1376 2011 1433 viviﬂeum
2044 1390 2169 1432 cor-

587 1467 1035 1559 plletlSpCllSttm
1079 1478 1374 1534 tollendum
1411 1474 1749 1543 relinquens,
1798 1470 1914 1538 ipsa
1952 1467 2170 1522 interim

587 1586 657 1638 ad
683 1583 882 1637 divites
902 1620 916 1641 ,
948 1593 1012 1632 ac
1041 1571 1415 1644 postulandum
1451 1584 1547 1638 pro
1580 1583 1646 1622 eo
1668 1568 1774 1621 huc
1809 1563 1935 1618 illuc
1962 1562 2169 1617 discur-

589 1684 736 1732 reret
769 1692 783 1728 :
814 1686 964 1736 cum,
1000 1670 1243 1738 inquam,
1279 1663 1446 1719 multa
1480 1675 1601 1717 eam
1644 1659 1721 1713 rei
1765 1657 1925 1727 hujus
1970 1653 2174 1711 sollici-

584 1770 719 1822 tudo
749 1765 998 1823 haberet,
1031 1770 1329 1827 secumque
1384 1756 1501 1825 ipsa
1549 1753 1726 1807 locum
1755 1762 2076 1819 congruum,
2109 1760 2174 1801 ac

2268 635 2364 690 καὶ
2396 636 2547 700 ὅπως
2577 637 2642 690 ἂν
2669 637 2731 689 τὸ
2754 635 3027 708 ἄχραντον
3060 637 3172 691 ἀπὸ
3200 636 3296 691 τοῦ
3343 638 3508 703 ξύλου
3536 644 3831 713 κατενεχθὲν

2269 729 2449 801 σῶμα,
2484 730 2614 800 μήτ’
2647 729 2787 801 αὐτῇ
2816 730 2914 801 τῆς
2956 729 3212 801 τοιαύτης
3247 730 3488 803 Θεωρίας
3533 734 3834 791 ἐπιτείνοιτο

2267 822 2482 886 ὀδύνας,
2524 822 2664 892 μήτε
2710 823 2808 891 τῆς
2848 824 2906 873 ὲν
2932 819 3011 889 τῷ
3038 821 3194 891 τάφῳ
3239 822 3601 883 καταθέσεως
3636 826 3837 895 ἐφυστε.

2272 912 2535 984 ρίζοντος,
2581 914 2649 967 τὰ
2692 914 2791 984 τῆς
2833 912 3024 982 κοινῆς
3069 912 3434 978 ἀναπλάσεως
3480 915 3837 973 συνδιαναϐἁλ-

2268 1008 2465 1061 λοιντο.
3412 1024 3447 1033 -

2341 1101 2516 1155 Τοῦτο
2553 1102 2733 1156 τοίνυν
2759 1103 2828 1155 δι’
2862 1103 3084 1171 ἑαυτῆς,
3120 1102 3195 1166 ὡς
3235 1104 3334 1173 οὐχ
3363 1092 3578 1158 οἷόῖτε
3616 1101 3685 1177 ῆν
3725 1110 3837 1162 tim-

2273 1194 2539 1267 πληροῦν,
2569 1195 2660 1249 διά
2680 1213 2738 1249 τε
2766 1197 2829 1249 τὸ
2858 1198 2915 1249 ὲν
2942 1196 3151 1267 ἀπορία
3176 1196 3586 1267 καθεστηκέναι
3611 1200 3716 1252 τῶν
3737 1202 3839 1253 ἐπι-

2269 1288 2531 1358 τηδείων·
2577 1290 2635 1341 ὲν
2680 1288 2940 1359 ἀλλοτρίᾳ
2980 1289 3090 1360 γάρ
3120 1284 3188 1358 ἦν
3220 1290 3312 1341 καὶ
3343 1289 3513 1360 αὐτὴ,
3553 1290 3649 1343 καὶ
3683 1293 3731 1343 el
3759 1310 3841 1361 μα-

2272 1377 2470 1446 κρόθεν
2494 1378 2734 1448 ὁρῶντες
2761 1378 3000 1446 γνωστοί
3021 1396 3035 1410 ο
3063 1379 3155 1432 καὶ
3196 1378 3287 1432 διά
3315 1379 3376 1432 τὸ
3418 1380 3497 1450 μὴ
3546 1382 3842 1437 καταλιπεῖν

2272 1469 2552 1542 αἱρεῖσθαι
2586 1470 2647 1523 τὸ
2678 1470 2944 1535 ζωοποιὸν
2979 1472 3363 1543 ἀνηρτημένον
3392 1473 3582 1543 σῶμα,
3614 1479 3707 1528 καὶ
3732 1479 3844 1548 πρὸς

2271 1566 2399 1628 τοὺς
2423 1564 2714 1634 εὐπόρους,
2741 1565 2836 1617 καὶ
2861 1563 2959 1635 τὴν
2983 1564 3265 1635 ὲξαίτησιν
3292 1565 3460 1619 αὐτοῦ
3494 1568 3841 1638 περιτρέχειν,

2273 1659 2368 1713 καὶ
2408 1658 2567 1712 τοῦτο
2605 1657 2670 1728 δὴ
2733 1657 3047 1726 ἐναγωνίως
3089 1657 3559 1730 διασκοπουμένῃ,
3610 1660 3767 1714 τόπον
3797 1678 3844 1714 τε

2275 1749 2498 1816 ἐπάξιον
2535 1751 2632 1806 καὶ
2654 1751 2807 1821 σῆμα
2832 1750 3081 1821 θεοδόχον
3107 1752 3259 1814 ὅπως
3302 1751 3370 1806 ἂν
3403 1751 3662 1825 εὑρεθείη
3694 1752 3846 1807 διαλο⁴

590 1864 1006 1915 monumentum
1051 1849 1334 1905 condendo
1400 1846 1495 1900 Dei
1544 1842 1758 1914 corpori
1812 1849 2170 1911 opportunum

2283 1843 2562 1917 γιζομένῃ,
2589 1843 2774 1897 δίδωσι
2816 1841 2916 1913 τὴν
2960 1842 3227 1912 εὐπορίαν
3287 1845 3318 1896 6
3362 1844 3546 1897 πάντα
3593 1861 3848 1915 προκαταο

592 1952 839 2008 invenire
876 1946 1164 2017 cogitaret,
1219 1941 1295 1995 rei
1358 1938 1488 1992 facit
1534 1936 1789 2007 copiam,
1820 1932 1908 2002 qui
1938 1940 2173 1984 .mterno

583 2043 696 2114 jam
726 2038 958 2097 consilio
986 2034 1166 2090 omnia
1209 2038 1610 2102 pratparasset;
1652 2026 1703 2081 id
1754 2026 1940 2079 animo
1972 2022 2177 2092 cogita-

593 2135 755 2192 tionis
792 2132 1064 2198 iniiciens,
1118 2134 1178 2181 ut
1220 2122 1540 2178 viciniorem
1583 2117 1845 2174 Calvarite
1875 2116 2051 2170 locum
2083 2131 2177 2169 ex-

588 2228 851 2299 quireret.
879 2223 1009 2277 Erat
1032 2234 1161 2274 vero
1193 2216 1243 2270 id
1274 2227 1495 2283 quoque
1525 2210 1600 2265 illi
1652 2209 1810 2279 plane
1841 2206 2171 2268 consultum,

590 2335 698 2390 quo
721 2327 776 2373 et
808 2314 1084 2382 negotium
1113 2308 1306 2365 conllci
1340 2315 1541 2376 posset,
1572 2317 1672 2357 nec
1699 2302 1816 2367 ipsa
1853 2301 1919 2355 ab
1953 2308 2174 2368 aspectu

592 2408 951 2470 sacratissimi
985 2403 1231 2474 corporis
1263 2398 1567 2455 recederet.
1605 2394 1706 2451 Ubi
1738 2394 1819 2449 sic
1848 2394 2033 2463 itaque
2054 2391 2175 2446 ani-

595 2522 683 2562 mo
725 2499 1146 2559 constituisset,
1209 2492 1374 2563 pedes
1429 2489 1646 2558 quidem
1699 2486 1950 2550 abibant,
1997 2485 2175 2538 anima

591 2608 723 2654 vero
784 2609 888 2648 non
938 2589 1209 2660 migrabat
1256 2603 1271 2639 :
1335 2598 1401 2637 at.
1428 2581 1674 2650 corporis
1700 2579 1921 2648 quidem
1953 2590 2177 2647 gressus

593 2686 862 2749 mutabat,
888 2695 1104 2750 semper
1138 2686 1323 2732 autem
1352 2673 1543 2729 oculos
1584 2671 1824 2727 intentos
1854 2668 2080 2732 habens,
2111 2680 2211 2723 nec

593 2779 677 2834 vel
728 2783 1001 2830 momento
1043 2768 1185 2825 sacri
1232 2764 1476 2837 pignoris
1526 2770 1808 2832 aspectum
1863 2758 2173 2815 omittebat.

592 2874 728 2932 Cum
779 2882 910 2939 ergo
955 2861 1299 2935 perquirens,
1351 2866 1718 2927 opportunum
1767 2858 2177 2906 monumentum

594 2964 890 3022 invenisset
918 2962 1065 3027 (nam
1094 2963 1214 3011 erat
1253 2967 1448 3007 novum
1481 2968 1496 3005 :
1525 2949 1812 3017 hetamque
1841 2955 1986 3001 totus
2027 2945 2174 2999 circa

593 3063 769 3123 locus,
802 3069 869 3108 ac
897 3061 1066 3105 tutam
1106 3045 1342 3116 speciem
1377 3041 1731 3112 praeferebat;
1761 3038 1955 3092 hortus
1981 3035 2178 3105 quippe

594 3145 901 3206 exsistens,
946 3146 1182 3206 utroque
1218 3142 1545 3189 ornamento
1573 3129 1825 3183 decorem
1860 3126 2118 3194 habebat)
2157 3142 2172 3180 :

2278 1938 2549 1999 σκευάσας
2579 1975 2595 1998 ,
2629 1935 2891 2006 λογισμὸν
2922 1934 3205 2006 ἐμϐαλὼν,
3244 1934 3339 1989 τὸν
3369 1936 3746 2010 πλησιώτερον
3771 1938 3847 1992 τοῦ

2275 2028 2517 2099 Κρανίου
2545 2027 2896 2098 διερευνῆσαι
2933 2027 3131 2099 χῶρον.
3158 2023 3267 2081 Ἦν
3312 2027 3370 2082 δὲ
3407 2027 3575 2083 τοῦτο
3607 2030 3702 2082 καὶ
3746 2029 3847 2083 λίαν

2275 2122 2413 2190 αὐτῇ
2464 2118 2910 2190 βεϐουλευμένοις
2948 2118 3159 2190 κριθὲν,
3210 2118 3288 2181 ὡς
3332 2118 3399 2191 δὴ
3434 2119 3534 2173 καὶ
3573 2120 3669 2173 τοῦ
3709 2120 3846 2193 ἔργον

2275 2212 2604 2284 ἀνυομένου,
2651 2211 2747 2266 καὶ
2788 2212 2896 2265 οὐδ’
2937 2206 3117 2282 αὐτῆς
3152 2211 3605 2283 ἀπολειπομένης
3650 2212 3746 2283 τῆς
3770 2212 3846 2265 τοῦ

2275 2305 2548 2374 παναγίου
2581 2304 2835 2375 σώματος
2864 2304 3016 2368 θέας.
3050 2306 3159 2359 Καὶ
3187 2304 3253 2375 δὴ
3295 2304 3358 2357 τὸ
3392 2305 3642 2359 τοιοῦτον
3673 2307 3729 2359 έν
3750 2306 3847 2359 δια-

2274 2399 2396 2470 νοίᾳ
2424 2398 2682 2469 θεμένης,
2715 2397 2766 2449 οἱ
2818 2397 2917 2467 μὲν
2948 2395 3110 2460 πόδες
3142 2397 3421 2468 ἀπῄεσαν,
3446 2397 3482 2469 ἡ
3522 2395 3584 2450 δὲ
3623 2396 3761 2468 ψυχὴ
3798 2398 3846 2450 οὐ

2280 2492 2572 2564 μετέϐαινε
2592 2509 2605 2522 ·
2640 2489 2829 2544 καὶτὰ
2864 2489 2964 2559 μὲν
3010 2489 3233 2560 βήματα
3268 2490 3707 2562 προσημείϐετο,
3726 2489 3787 2543 τὰ
3805 2490 3850 2543 δὲ

2276 2585 2501 2655 ὄμματα
2547 2581 2799 2652 διηνεκὲς
2844 2580 3253 2646 ένατενίζουσα,
3300 2582 3403 2634 οὐκ
3459 2580 3729 2652 ἠϐούλετο
3769 2581 3849 2648 τῆς

2277 2676 2516 2749 θεωρίας
2560 2674 2802 2744 ἐκείνης,
2834 2672 2939 2727 κᾶν
2971 2672 3110 2743 πρὸς
3137 2672 3200 2726 τὸ
3241 2671 3593 2743 βραχύτατον
3631 2673 3852 2729 (Emba-

2276 2772 2465 2841 γῆναι.
2521 2769 2675 2822 Ἐπεὶ
2725 2762 2821 2822 οὖν
2854 2767 2950 2821 καὶ
2998 2765 3344 2838 διερεύνησε,
3393 2767 3488 2820 καὶ
3538 2760 3671 2839 εὗρε
3709 2767 3766 2819 τό
3803 2783 3853 2818 τε

2283 2863 2476 2935 μνῆμα
2505 2859 2649 2915 κατά
2676 2860 2836 2928 λόγον
2860 2874 2876 2889 ·
2908 2857 3097 2912 καινὸν
3131 2856 3241 2928 γὰρ
3284 2853 3353 2929 ἦν
3372 2898 3388 2923 ,
3415 2859 3664 2930 τερπνὴν
3692 2874 3748 2911 τε
3776 2856 3854 2911 καὶ

2277 2952 2500 3023 ἀσφαλῆ
2530 2953 2631 3022 τὴν
2667 2949 2905 3017 θεωρίαν
2953 2950 2981 3002 6
3018 2950 3148 3018 περὶ
3185 2950 3321 3003 αὐτὸ
3351 2949 3531 3019 χῶρος
3576 2944 3753 3020 εῖχεν·
3786 2950 3852 3013 είς

2277 3046 2457 3119 κῆπόν
2486 3063 2548 3100 τε
2578 3045 2687 3117 γὰρ
2710 3044 2772 3097 τὸ
2817 3042 3122 3112 τηνικαῦτα
3152 3060 3257 3113 χρη
3268 3041 3521 3113 ματίζον,
3562 3043 3644 3115 τῷ
3684 3043 3853 3097 ἑκατέ-

2280 3138 2455 3212 ρωθεν
2483 3138 2757 3208 εὐπρεπεῖ
2778 3134 3189 3205 διακεκόσμητο
3216 3149 3231 3164 ·
3265 3135 3351 3199 τὸ,
3378 3135 3525 3199 τίνος
3552 3134 3622 3189 ἂν
3645 3134 3750 3205 εἴη,
3777 3134 3854 3187 καὶ

584 3245 950 3313 percontatur
979 3230 1261 3301 cujusnam
1282 3236 1447 3290 esset,
1478 3236 1671 3278 numve
1704 3232 1953 3277 notorum
1979 3218 2175 3288 aliquis

2283 3232 2328 3284 εἰ
2369 3229 2478 3283 τῶν
2517 3227 2816 3315 γνωρίμων
2857 3225 2887 3278 6
2923 3224 3167 3295 κτήτωρ,
3208 3225 3566 3281 ἐπυνθάνετο.
3615 3224 3854 3280 Μαθοῦσα

595 3312 920 3402 possideret.
966 3322 1159 3377 Sciens
1210 3332 1406 3387 porro,
1449 3316 1623 3369 virum
1673 3328 1799 3369 esse
1835 3312 2071 3367 amicum
2111 3325 2177 3365 ac

2283 3322 2365 3386 δὲ,
2397 3319 2553 3390 φίλον
2586 3336 2647 3372 τε
2699 3314 2840 3372 εἶναι
2873 3317 2966 3371 τὸν
3004 3317 3200 3389 ἄνδρα,
3234 3318 3466 3372 καὶτῶν
3491 3320 3579 3383 είς
3622 3318 3853 3389 μαθητῶν

594 3436 783 3477 eorum
821 3431 987 3473 unum
1023 3413 1112 3483 qui
1150 3411 1432 3480 discipulis
1463 3408 1676 3463 accensi
1712 3413 1919 3471 essent,
1961 3404 2177 3460 tametsi

597 3513 773 3568 adhuc
818 3519 940 3564 erat
963 3507 1210 3562 occultus
1238 3511 1456 3572 propter
1493 3498 1890 3554 homicidarum
1926 3507 2172 3561 metum;

598 3605 676 3656 sie
719 3602 863 3655 enim
898 3598 1113 3652 divinus
1143 3592 1499 3663 evangelista,
1561 3589 1812 3645 Occultus
1842 3596 2020 3641 autem
2059 3601 2185 3655 pro-

595 3704 711 3761 pter
735 3702 932 3745 metum
959 3686 1275 3742 Judceorum
1303 3685 1351 3715 ⁷³
1371 3725 1386 3748 ,
1423 3683 1489 3737 ad
1514 3697 1636 3737 eum
1670 3683 1892 3744 vadens,
1928 3679 2185 3749 proponit

600 3789 798 3837 bonum
822 3778 1139 3841 consilium,
1176 3784 1437 3846 rogatque
1469 3785 1528 3826 ut
1572 3773 1951 3825 universorum
1990 3769 2182 3831 vitam,

599 3890 698 3929 suo
722 3873 837 3943 ipse
870 3870 1121 3941 sepulcro
1150 3866 1307 3922 condi
1342 3866 1505 3930 velit;
1532 3863 1737 3917 talibus
1778 3876 1899 3916 eum
1948 3859 2186 3928 compel-

596 3966 714 4026 laus
737 3985 755 4030 ;

674 4080 693 4114 ι
727 4058 1039 4115 ,ιιιιιεροτιιίη
1060 4050 1309 4122 quidem,
1334 4061 1367 4102 o
1395 4043 1594 4119 Joseph
1616 4084 1631 4110 ,
1663 4042 1838 4099 caedes
1854 4041 1967 4113 jam
2021 4042 2185 4097 ﬁnem

598 4154 827 4224 accepit,
863 4165 959 4206 sua
1004 4144 1262 4215 Magistro
1316 4139 1725 4213 longanimitate
1764 4145 1911 4191 tanta
1964 4136 2187 4207 dignate

601 4248 734 4319 pati.
772 4243 923 4299 Nulla
945 4241 1088 4296 enim
1121 4235 1475 4307 quantumvis
1500 4230 1712 4286 enormi
1753 4228 2017 4285 adversus
2059 4243 2185 4283 eum

603 4340 942 4396 abstinentes
976 4331 1177 4402 injuria
1237 4326 1645 4397 ignominiaque
1669 4364 1683 4389 ,
1720 4324 1926 4393 probro
1971 4322 2188 4376 tandem

602 4433 815 4505 plenam
851 4434 1080 4483 mortem
1118 4422 1440 4478 intulerunt.
1469 4419 1547 4472 Ac
1583 4417 1745 4472 modo
1773 4429 1904 4472 sane
1936 4423 2185 4470 mortuus

604 4529 656 4579 in
691 4524 860 4594 ligno,
882 4534 946 4575 ac
974 4518 1149 4573 nudus
1179 4516 1401 4585 pendet,
1434 4510 1766 4566 horrendum
1807 4507 1939 4562 mihi
1973 4508 2190 4561 univer-

2284 3414 2598 3484 οἰκειότητα
2624 3411 3064 3481 καταλεγέντων,
3105 3410 3494 3483 κεκρυμμένον
3538 3429 3603 3465 τε
3632 3413 3759 3467 ὄντα
3781 3412 3854 3465 διὰ

2284 3506 2379 3559 τὸν
2403 3504 2569 3575 φόϐον
2593 3503 2676 3558 ἔτι
2712 3504 2819 3557 τῶν
2850 3501 3155 3574 μιαιφόνων
3177 3518 3192 3532 ⁸
3219 3501 3365 3556 οὕτω
3400 3504 3507 3575 γὰρ
3531 3505 3564 3557 6
3589 3504 3854 3566 θεσπέσιος

2288 3598 2698 3682 Εὐαγγελιστής
2729 3612 2864 3667 φησι
2886 3613 2900 3627 ⁸
2936 3596 3361 3667 Κεκρυμμένον
3391 3596 3462 3650 δὲ
3489 3596 3594 3652 διὰ
3640 3598 3745 3652 τὸν
3767 3599 3855 3664 φό-

2292 3694 2401 3746 ϐον
2432 3690 2552 3746 τῶν
2590 3689 2900 3746 Ἰουδαίων
2921 3707 2935 3720 ’
2976 3689 3113 3759 πρὸς
3138 3688 3303 3744 αὐτὸν
3321 3691 3661 3760 ἀφικομένη,
3691 3692 3757 3743 τὰ
3776 3692 3856 3760 τῆς

2292 3781 2468 3851 καλῆς
2516 3778 2893 3851 προύϐάλλετο
2944 3778 3298 3850 συμϐουλῆς·
3330 3780 3422 3834 καὶ
3481 3781 3743 3852 παρῄνει,
3776 3779 3859 3849 τὴν

2292 3874 2401 3928 τῶν
2442 3873 2698 3927 ἁπάντων
2726 3870 2874 3943 ζωὴν
2930 3871 2990 3925 ὲν
3025 3870 3106 3941 τῷ
3147 3871 3334 3943 οἰκείῳ
3365 3872 3708 3927 καταθέσθαι
3740 3889 3857 3943 μνη·

2296 3967 2454 4039 μείῳ.
2489 3965 2725 4034 λέγουσα
2744 3980 2757 3995 ·

2371 4077 2390 4109 ι
2425 4058 2505 4111 Τὰ
2535 4056 2635 4126 μὲν
2650 4058 2746 4128 τῆς
2774 4056 2882 4111 τῶν
2917 4054 3189 4110 Ἰουδαίων
3216 4056 3558 4125 μιαιφονίας,
3583 4050 3631 4111 ὦ
3659 4057 3857 4125 Ἰωσὴφ.

2297 4149 2473 4222 πέρας
2503 4148 2832 4217 ἀπείληφεν,
2861 4148 3161 4219 ἀπορρήτῳ
3194 4147 3558 4220 μακροθυμίᾳ
3601 4148 3700 4203 τοῦ
3737 4148 3862 4201 διδα-

2296 4240 2500 4294 σκάλου
2542 4238 2716 4292 ταῦτα
2745 4238 3217 4307 καταδεξαμένου.
3259 4237 3535 4307 οὐδεμίαν
3571 4238 3685 4309 γάρ
3710 4238 3860 4305 ὐπερ-

2295 4332 2480 4403 ϐολήν,
2512 4330 2629 4384 οὗθ’
2677 4331 2908 4403 ὕϐρεως,
2959 4328 3070 4383 οὔτ’
3118 4328 3345 4400 ἀτιμίας
3405 4329 3689 4394 ἀνέλιπον,
3735 4324 3860 4401 ᾖμὴ

2295 4422 2636 4496 χρησάμενοι
2672 4422 2791 4475 κατ’
2819 4419 3012 4486 αὐτοῦ,
3048 4420 3140 4473 τὸν
3169 4418 3539 4473 ἐπονείδιστον
3580 4420 3736 4482 τέλος
3783 4421 3862 4471 ἐπ-

2296 4520 2533 4589 ήνεγκαν
2593 4513 2847 4568 θάνατον.
2900 4514 3009 4566 Καὶ
3043 4511 3141 4565 νῦν
3192 4511 3473 4582 κρέμαται
3532 4512 3732 4580 νεκρὸς
3783 4508 3861 4563 καὶ

601 4619 783 4685 sisque
811 4613 1012 4669 creatis
1056 4607 1464 4681 spectaculum;
1502 4604 1715 4660 nemine
1754 4602 2071 4665 miserante,
2092 4600 2179 4654 sed

2290 4609 2497 4679 γυμνὸς
2530 4608 2621 4661 ἐπὶ
2643 4605 2828 4674 ξύλου,
2848 4610 3080 4685 φρικτὸν
3103 4606 3227 4675 ἐμοὶ
3249 4603 3345 4657 καὶ
3368 4606 3435 4674 τῇ
3466 4603 3648 4657 κτίσει
3678 4603 3855 4671 θέαμα,

608 4707 998 4780 ntagisadhnc
1046 4701 1336 4772 parricidis
1394 4695 1768 4752 illudentibus.
1842 4693 2181 4749 Beneﬁcium

604 4803 809 4873 itaque,
833 4814 956 4853 cum
987 4795 1063 4850 illi
1095 4809 1191 4849 ceu
1210 4793 1495 4862 magistro,
1536 4797 1649 4844 tum
1675 4787 1858 4850 matri,
1886 4785 2041 4855 cuius
2066 4785 2186 4838 ani-

607 4909 753 4949 mum
797 4889 1017 4944 tristitia
1053 4886 1170 4938 dire
1200 4883 1385 4945 laniet,
1415 4882 1650 4935 concede
1675 4895 1691 4945 ;
1712 4888 2098 4945 assnutptaque
2125 4874 2186 4928 li-

605 4985 803 5047 dncia,
858 4975 1313 5049 supplicationem
1368 4986 1628 5042 propone.
1684 4969 1899 5036 Depone
1947 4982 2182 5037 corpus,

603 5080 808 5144 tibique
871 5070 1208 5145 propositum
1252 5066 1436 5121 mundi
1481 5066 1797 5119 thesaurum
1831 5061 2040 5131 collige.
2079 5061 2187 5115 Fac

603 5176 834 5245 gratiam
893 5169 1198 5240 peregrinis
1233 5165 1387 5221 nobis
1418 5161 1743 5233 egenisque,
1776 5172 1913 5228 quos
1943 5157 2184 5212 universi

602 5265 839 5328 oderint,
868 5278 932 5316 ac
973 5269 1293 5315 aversentur
1318 5276 1332 5325 ;
1360 5272 1498 5327 quos
1543 5267 1737 5310 omnes
1780 5251 2182 5314 abominentur,

601 5374 666 5412 ac
694 5356 987 5418 irrideant;
1025 5366 1160 5421 quos
1202 5350 1313 5404 noti
1344 5364 1411 5404 ac
1447 5346 1607 5402 amici
1639 5343 2018 5409 deseruerint;
2049 5357 2185 5411 quo-

605 5465 723 5501 rum
751 5460 907 5501 nemo
923 5444 1270 5499 misereatur.
1302 5439 1489 5495 Nullus
1513 5439 1656 5496 enim
1677 5448 1761 5493 est
1791 5436 1881 5508 qui
1907 5443 2185 5507 protegat;

604 5540 784 5595 nullus
828 5537 920 5608 qui
947 5537 1236 5591 auxiliator
1268 5535 1516 5590 accedat.
1576 5530 1749 5587 Nemo
1794 5532 1961 5591 audet
1990 5544 2188 5597 corpus

604 5644 788 5697 petere
823 5650 835 5683 :
867 5629 1049 5685 nullus
1076 5627 1363 5684 consiliqu
1406 5625 1670 5694 ejusmodi
1729 5624 1781 5679 itt
1827 5625 2070 5678 animum
2099 5622 2185 5675 itt-

602 5724 757 5776 duxit
788 5740 802 5776 :
829 5725 1069 5777 occurrit
1099 5733 1262 5775 nemo
1289 5716 1379 5786 qui
1407 5716 1567 5773 funus
1598 5727 1890 5773 curaturus
1920 5718 2011 5772 sit.
2051 5713 2181 5767 Mihi

676 5896 725 5930 ’³³
772 5890 933 5949 Joan.
967 5908 1081 5957 xu,
1111 5892 1202 5949 38.

2297 4704 2372 4776 μὴ
2398 4702 2742 4773 ἐλεούμενος.
2779 4701 2811 4771 ἢ
2865 4699 3065 4770 μᾶλλον
3107 4698 3511 4769 ὀνειδιζόμενος
3556 4700 3651 4752 ὐπ’
3683 4695 3858 4751 αὐτῶν.

2294 4797 2394 4860 Δὸς
2419 4791 2512 4850 οὖν
2543 4795 2726 4865 χάριν,
2779 4792 2933 4864 αὐτῴ
2966 4791 3070 4862 μὲν
3114 4792 3190 4853 ὡς
3218 4791 3548 4861 διδασκάλῳ,
3578 4794 3645 4863 τῇ
3692 4791 3749 4845 δὲ
3788 4806 3861 4842 τε·

2295 4888 2504 4960 κούσῃ,
2562 4887 2637 4949 ὼς
2685 4887 2804 4947 ταῖς
2863 4884 3087 4956 μυρίαις
3140 4886 3453 4956 τεμνομένη
3502 4884 3753 4947 ὀδύναιςο
3785 4880 3860 4935 καὶ

2298 4981 2602 5053 θαρρήσας,
2639 4976 2924 5049 ὲξαίτησαι
2950 4995 2964 5008 ·
2997 4977 3282 5046 κατάγαγε
3330 4976 3390 5029 τὸ
3438 4976 3622 5049 σῶμα,
3667 4975 3761 5030 καὶ
3786 4975 3860 5027 τὸν

2295 5073 2389 5127 τοῦ
2436 5072 2645 5142 κόσμου
2681 5088 2765 5124 σοι
2808 5070 3216 5141 παρακείμενον
3263 5070 3541 5139 συνάγαγε
3587 5068 3859 5142 θησαυρόν.

2296 5164 2395 5227 Δὸς
2426 5164 2585 5235 χάριν
2613 5166 2671 5216 ὲν
2701 5163 2829 5236 ξένῃ
2853 5163 2947 5217 καὶ
2984 5164 3043 5214 έν
3071 5162 3280 5234 ἀπορίᾳ.
3307 5162 3706 5232 καθεστηκόσιν
3729 5162 3860 5232 ἡμῖν.

2296 5258 2391 5309 καὶ
2420 5256 2526 5310 ὐπὸ
2550 5256 2773 5310 πάντων
2803 5254 3160 5326 μισουμένοις
3211 5255 3308 5308 καὶ
3337 5255 3862 5327 ἀποστρεφομένοις’

2293 5349 2398 5402 ὐπὸ
2427 5350 2649 5403 πάντων
2680 5348 3124 5419 βδελυττομένοις
3173 5348 3268 5403 καὶ
3293 5349 3743 5418 όνειδιζομένοις·
3776 5344 3865 5399 ὐπδ

2294 5441 2591 5513 γνωρίμων
2623 5441 2719 5495 καὶ
2752 5441 2925 5510 φίλων
2955 5440 3469 5510 ἐγκαταλειφθείσιν
3496 5457 3509 5471 ³
3546 5440 3638 5494 ὐπ’
3671 5436 3865 5498 οὐδενὸς

2291 5536 2742 5607 οἱκτειρομένοις.
2762 5537 2877 5590 Οὐκ
2902 5535 2981 5588 ἔνι
3006 5535 3114 5606 γὰρ
3158 5536 3187 5589 6
3211 5534 3757 5607 ὑπερασπιούμενοςο
3778 5531 3865 5585 οὐκ

2292 5628 2371 5681 ἔνι
2424 5632 2452 5682 6
2492 5628 2808 5700 βοηθήσων·
2842 5627 3022 5691 οὐδεὶς
3054 5628 3189 5699 πρὸς
3240 5628 3341 5700 τὴν
3394 5627 3671 5699 ἐξαίτησιν
3710 5641 3864 5680 κατα-

2293 5718 2471 5789 τολμᾷ
2506 5718 2601 5771 τοῦ
2649 5716 2932 5788 σώματος*
2975 5717 3153 5781 οὐδεὶς
3192 5721 3217 5772 ὁ
3254 5719 3324 5772 τὰ
3367 5719 3592 5773 τοιαῦτα
3624 5719 3720 5772 καὶ
3754 5715 3864 5788 βου·
