4060 6450
323 350 469 420 1489

321 466 433 520 τῶν
468 463 815 538 ἀτιμοτάτων
871 465 1201 538 ἀπηλλάγην
1257 465 1472 520 παθῶν.
1511 463 1659 519 Φιλῶ
1701 480 1796 518 σου
1829 463 1921 518 τὸν
1951 465 1996 523 Α

325 557 584 633 σταυρδν,
637 559 707 613 δι’
761 551 823 613 οὗ
861 557 962 628 τὴν
991 557 1134 630 ἐμὴν
1179 558 1549 624 κατεδίκασας
1599 557 1914 631 ἁμαρτίαν

323 652 392 708 δι’
445 645 506 708 οὗ
556 652 659 723 τῆς
711 651 806 706 τοῦ
863 650 1099 706 θανάτου
1129 669 1198 721 με
1246 652 1548 722 καταδίκης
1597 649 1914 721 ἡλευθέρωυ

327 763 448 810 σας.
498 745 646 799 Φιλῶ
707 745 836 810 τοὺς
892 745 1060 816 ἥλους
1114 744 1399 809 ἐκείνους,
1461 744 1528 798 δι’
1578 735 1656 798 ὧν
1711 742 1774 796 τὸ
1818 741 1918 812 τῆς

325 840 467 911 ἀρᾶς
511 837 910 910 ἐξεμόχλευσας
945 837 1241 908 ἐπιτίμιον.
1274 836 1422 892 Φιλῶ
1469 836 1571 900 τὰς
1599 835 1922 907 διατρήσεις

324 933 436 986 τῶν
469 931 670 1002 μελῶν,
711 931 780 984 δι’
815 923 892 986 ὧν
938 931 1009 985 τὰ
1059 931 1160 1002 τῆς
1203 930 1344 1001 ἐμῆς
1380 928 1669 1002 παρακοῆς
1723 926 1922 999 ἐθερα-

327 1025 504 1095 πεύθη
535 1024 848 1104 τραύματα.
875 1025 1018 1078 Φιλῶ
1045 1023 1136 1077 τὸν
1170 1023 1440 1092 κάλαμον,
1482 1021 1550 1076 δι’
1605 1014 1668 1076 οὗ
1707 1037 1800 1092 μοι
1822 1019 1924 1091 τῂν

326 1117 644 1187 ἐλευθερίαν
673 1115 999 1186 ὑπέγραψας
1027 1131 1040 1146 °
1073 1115 1141 1168 δι’
1175 1107 1238 1169 οὗ
1267 1113 1365 1186 τὴν
1389 1113 1637 1178 ἀλαζόνα
1663 1111 1758 1166 τοῦ
1793 1111 1926 1182 δρά-

326 1225 518 1273 κοντος
569 1209 979 1278 ἐτραυμάτισας
1012 1208 1278 1276 κεφαλήν.
1335 1205 1482 1259 Φιλῶ
1530 1205 1622 1260 τὸν
1681 1204 1924 1273 σπόγγον

327 1304 421 1357 τὸν
440 1307 552 1367 τοῖς
581 1301 876 1374 ἀχράντοις
909 1319 1004 1356 σου
1055 1299 1490 1373 προσενεχθέντα
1517 1300 1745 1370 χείλεσι,
1777 1289 1924 1351 δι’οὖ

334 1411 426 1465 μοι
448 1395 510 1447 τὸ
535 1393 636 1463 τῆς
686 1391 1054 1462 παραϐάσεως
1085 1390 1303 1462 πικρὸν.
1343 1393 1425 1454 εἰς
1453 1388 1770 1459 γλυκύτητα
1801 1403 1928 1457 μετ-

330 1482 666 1554 εσκευάσθη.
702 1483 794 1546 Ὠς
833 1481 1074 1553 ἡδίστης,
1099 1481 1166 1535 ἂν
1211 1482 1314 1551 τῆς
1339 1479 1505 1550 χολῆς
1527 1477 1946 1547 ἀπεγευσάμηνο

331 1577 533 1648 ἐδωδῆς
559 1591 573 1605 ⁸
597 1576 674 1640 ὼς
703 1575 1040 1646 εὐφροσὰδου
1064 1575 1132 1628 ἂν
1155 1573 1250 1628 τοῦ
1270 1572 1428 1640 ὄξους
1461 1569 1764 1642 μετέλαΰον
1805 1568 1929 1622 στό-

335 1686 540 1743 ματοςο
610 1671 688 1734 ὡς
742 1669 1014 1740 βασίλειον
1075 1669 1143 1734 ἂν
1193 1668 1456 1739 διάδημα,
1496 1665 1591 1720 τὸν
1638 1663 1930 1720 ἀκάνθινον

333 1760 674 1840 περιεθέμην
719 1763 1029 1833 στέφανον’
1081 1761 1159 1825 ὡς
1211 1759 1462 1829 διαυγέα-ι
1531 1759 1926 1831 μαργαρίταις.

992 352 1077 415 1N
1117 353 1220 416 SS.
1263 351 1532 412 MARUE
1569 347 2128 411 ASSISTENTIAM
2163 347 2250 410 “IN
2291 345 2704 422 SEPULCRO,
2743 345 2904 409 ETC.
2946 407 2955 412 -

3481 339 3617 407 1490
3661 382 3672 394 ο

2027 464 2313 534 passiones
2350 471 2494 528 tuas,
2525 477 2622 532 per
2647 474 2785 530 quas
2807 455 3172 514 libcratnsJ'ui
3204 472 3234 512 a
3273 456 3622 528 passinuibus

2021 558 2196 630 plenis
2235 557 2558 628 ignominia.
2581 553 2815 614 Osculor
2857 563 3006 608 tuam
3063 567 3304 618 crucem,
3331 567 3428 621 per
3455 566 3619 622 quam
3696 601 3713 614 ,

2021 652 2296 708 damnasti
2325 659 2611 720 peccatum
2641 662 2820 702 meum
2849 665 2864 702 :
2894 661 2992 717 per
3039 661 3201 715 quam
3227 661 3256 699 ι
3314 643 3506 699 mortis
3536 660 3623 702 me

2024 742 2664 802 damnationeliberasti.
2703 740 2942 799 Osculor
2968 738 3150 794 clavos
3176 737 3322 802 illos,
3351 752 3449 806 per
3481 751 3620 806 quos

2027 837 2428 892 maledictionis
2457 833 2752 893 excussisti
2785 849 3024 903 pinnam.
3057 830 3296 887 Osculor
3341 830 3619 900 perforata

2025 929 2292 996 Illettlbl‘a,
2320 945 2414 998 per
2439 945 2560 998 qua:
2614 909 3000 984 inobedientiae
3048 939 3184 983 mete
3244 930 3438 980 sanata
3494 929 3624 976 sunt

2025 1022 2272 1079 vulnera.
2307 1019 2544 1090 Osculor
2573 1019 2868 1083 calamum,
2893 1033 2993 1088 per
3039 1031 3200 1086 quem
3230 1024 3442 1084 partam
3489 1011 3622 1068 mihi

2027 1113 2332 1168 libertatem
2365 1113 2733 1183 subscripsisti
2761 1129 2775 1180 ;
2813 1127 2908 1181 per
2933 1125 3094 1183 quem
3121 1107 3342 1178 superbi
3365 1107 3624 1162 draconis

2027 1205 2746 1276 caputattrivisti.Osculor
2799 1204 3083 1276 spongiam
3145 1199 3490 1257 intemeratis
3517 1199 3626 1254 tuis

2030 1299 2191 1354 labiis
2236 1299 2534 1362 admotam,
2595 1313 2693 1367 per
2737 1312 2903 1368 quam
2961 1295 3094 1350 mihi
3153 1293 3626 1365 praevaricationis

2029 1386 2336 1440 amaritudo
2373 1399 2530 1440 versa
2581 1387 2747 1440 estin
2800 1383 3164 1439 dulcedinem.
3200 1378 3351 1438 Escae
3416 1383 3626 1438 sumtis-

2031 1468 2385 1543 simaa'loco,
2437 1476 2506 1532 fel
2561 1478 2924 1548 gustavissent
2987 1495 3002 1532 :
3051 1491 3150 1532 ceu
3199 1475 3400 1530 laetitiae
3461 1490 3624 1544 pocu-

2032 1569 2168 1636 lum,
2231 1577 2444 1623 acetum
2497 1565 2802 1623 hausissent
2861 1581 3018 1622 :ceu
3079 1565 3286 1637 regium
3349 1566 3625 1632 diadema,

2033 1677 2293 1718 coronam
2329 1662 2574 1732 spineam
2609 1661 2774 1732 capiti
2829 1659 3214 1727 imposuissem
3269 1657 3626 1716 :.oblinenti-

2036 1755 2137 1815 hns
2161 1756 2336 1826 sputis
2359 1753 2524 1808 vellut
2552 1753 2838 1825 pellucidis
2869 1751 3182 1822 margaritis
3212 1752 3345 1810 mihi
3396 1751 3630 1822 placuis-

332 1818 448 1921 τοίς
495 1818 886 1928 ἐμπτύσμασιν
929 1855 996 1910 ἂν
1049 1818 1554 1926 ἐκαλλωπισάμηνζ
1698 1818 1930 1924 ιδ’περτίέ

2042 1857 2150 1895 sem
2181 1860 2196 1896 :
2232 1841 2600 1926 illusionibus,
2633 1857 2738 1895 ceu
2773 1841 3030 1896 maximis
3077 1839 3376 1896 honoribus
3402 1839 3628 1918 glnriant

339 1967 464 2022 μοις
480 1952 692 2020 τιμαῖς,
711 1950 826 2013 τοῖς
859 1950 1203 2020 ὲμπαιγμοῖς
1227 1947 1292 2002 ἂν
1323 1945 1620 2017 ὲδοξάσθην
1645 1961 1659 1975 ’
1685 1943 1762 2008 ὡς
1789 1944 1933 2016 λαμ-

337 2041 596 2112 προτάτῳ
641 2040 858 2112 κόσμῳ,
901 2045 1017 2106 τοῖς
1075 2040 1416 2113 ῥαπίσμασιν
1463 2038 1529 2093 ἂν
1565 2035 1928 2109 ὲσεμνύνθην.

336 2131 512 2184 Φιλῶν
567 2132 631 2202 δή
684 2148 766 2197 σε,
823 2131 1093 2198 Δέσποτα,
1137 2134 1252 2194 τοῖς
1297 2133 1413 2196 σοῖς
1444 2129 1931 2202 ὲγκαλλωπίζομαι

339 2223 562 2278 πάθεσι.
598 2223 742 2276 Φιλῶ
767 2224 868 2294 τὴν
895 2223 1123 2295 λόγχην,
1171 2224 1270 2296 τὴν
1309 2223 1372 2276 τὸ
1401 2223 1535 2292 ὲμδν
1563 2222 1936 2295 χειρόγραφον

338 2309 744 2384 διαρῤήξασαν,
766 2312 866 2383 τὴν
883 2313 988 2382 τῆς
1011 2313 1317 2378 ἀθανασίας
1349 2313 1533 2385 πηγὴν
1558 2311 1930 2378 διανοίξασαν.

338 2401 486 2454 Φιλῶ
518 2419 614 2455 σου
647 2403 746 2475 τὴν
779 2405 1042 2476 πλευρὰν,
1071 2402 1131 2471 ἐξ
1160 2401 1229 2478 ἧς
1257 2407 1306 2458 οί
1334 2407 1432 2477 τῆς
1461 2405 1610 2477 ζωῆς
1651 2407 1934 2477 ἐρρύησαν

341 2497 611 2566 ποταμοί·
641 2495 782 2568 ἑξῆς
808 2516 898 2569 μοι
916 2497 978 2552 τὸ
996 2499 1194 2553 ἀέναον
1217 2497 1318 2568 τῆς
1334 2498 1646 2568 ἀφθαρσίας
1672 2498 1933 2558 ἀνέϐλυσε

343 2587 584 2657 ῥεῖθρον.
616 2588 760 2642 Φιλῶ
805 2607 900 2642 σου
951 2590 1020 2644 τὰ
1071 2590 1326 2660 ἐντάφια,
1368 2591 1435 2644 δι’
1477 2587 1552 2645 ὢν
1591 2608 1661 2664 με
1699 2609 1937 2646 κατακο-

342 2679 586 2751 σμήσας,
625 2681 695 2735 τὰ
750 2683 850 2752 τῆς
881 2683 1150 2754 αἰσχύνης
1181 2683 1570 2754 ἀπημφίασας·
1597 2685 1938 2757 περικαλὺμ-

345 2785 520 2839 ματα.
558 2771 704 2824 Φιλῶ
737 2770 833 2844 τὴν
858 2773 1098 2844 ὑπέρτιμ
1111 2790 1170 2826 ον
1202 2773 1437 2836 σινδόνα,
1464 2771 1530 2844 ἢν
1554 2773 1936 2844 περιθέμενος,

343 2860 449 2933 τὴν
487 2863 587 2932 τῆς
623 2861 898 2928 υἱοθεσίας
939 2882 1006 2936 με
1043 2864 1238 2936 στολὴν
1267 2864 1622 2936 περιέϐαλες.
1680 2864 1824 2918 Φιλῶ
1847 2865 1938 2919 τὸν

342 2955 542 3022 τάφον,
573 2950 692 3026 ὲνῷ
719 2957 783 3010 τὸ
811 2956 912 3026 τῆς
945 2957 1088 3029 ἐμῆς
1116 2959 1470 3023 ἀναστάσεως
1495 2957 1938 3030 ἐκαινούργησας

347 3046 684 3116 μυστήριον’
730 3047 790 3100 ὲν
842 3041 887 3116 ᾧ
923 3065 1011 3118 μοι
1034 3048 1134 3119 τὴν
1189 3047 1282 3102 τοῦ
1317 3047 1444 3120 ᾅδου
1489 3047 1939 3120 προωδοποίησας

345 3139 630 3194 ἀνάδυσιν.
661 3140 806 3194 Φιλῶ
835 3142 925 3195 τὸν
954 3141 1103 3195 λίθον
1131 3143 1360 3208 ἐκεῖνον,
1403 3141 1472 3195 δι’
1504 3133 1566 3194 οὗ
1596 3158 1666 3212 με
1715 3139 1810 3196 τοῦ
1847 3142 1941 3194 ἐπὶ
1969 3181 2012 3240 c

345 3229 520 3298 φόϐου
555 3229 648 3283 τοῦ
681 3230 914 3284 θανάτου
947 3231 1328 3304 ἀπεφόρτισας
1357 3230 1582 3302 ἄχθους.
1617 3231 1776 3303 Τιμῶ
1816 3232 1942 3292 τοὺς

345 3324 426 3393 τῇ·
473 3321 809 3394 ζωοπαρόχῳ
859 3325 1432 3396 καθυπουργήσαντας
1487 3325 1660 3396 ταφῇ,
1719 3324 1796 3388 ὡς
1843 3325 1945 3396 τῆς

344 3415 611 3486 τοιαύτης
640 3416 1008 3486 τετυχηκότες
1037 3417 1287 3488 χάριτος.
1317 3415 1462 3471 Φιλῶ
1492 3417 1588 3482 τὰς
1608 3417 1708 3488 τῆς
1737 3417 1948 3472 Temu-

349 3519 457 3572 σης
487 3521 544 3557 σε
575 3510 789 3576 χεῖρας,
820 3504 896 3568 ὡς
928 3505 1027 3579 ὅλῃ
1055 3509 1122 3578 τῇ
1151 3506 1274 3578 θείᾳ
1331 3523 1428 3560 σου
1483 3507 1768 3580 οἰκονομίᾳ
1813 3507 1950 3562 καθ·

347 3601 855 3670 υπηρετησαμένης
879 3614 892 3628 ·
925 3599 1001 3662 ὡς
1027 3598 1220 3671 πρώην
1247 3599 1368 3671 μὲν,
1398 3603 1465 3674 τῇ
1502 3601 1648 3656 κατὰ
1675 3601 1768 3656 τὸν
1791 3602 1948 3658 τόκον

347 3687 695 3762 λειτουργίᾳ,
725 3690 824 3745 νῦν
860 3692 916 3746 δὲ
943 3696 1010 3765 τῇ
1042 3693 1138 3746 τοῦ
1163 3694 1540 3766 ἐνταφιασμοῦ
1575 3695 1748 3766 μόνης
1783 3695 1952 3768 ὕπερ-

347 3783 648 3854 καμούσης
674 3785 838 3858 χρεία
857 3801 870 3814 ·
893 3785 970 3850 ὡς
991 3786 1051 3841 τὸ
1077 3787 1261 3859 τίμιον
1278 3787 1751 3860 ἀπαρῤυσαμένας
1772 3782 1913 3860 αἷμα
1931 3805 1947 3820 ο

351 3875 434 3940 ὡς
479 3875 543 3930 τὸ
589 3878 970 3950 πανάχραντον
1019 3879 1445 3952 περιστειλάσας
1494 3879 1676 3950 σῶμα.
1728 3877 1954 3946 Δοξάζω

349 3967 678 4042 δὴ-ταύτην,
715 3970 792 4034 ὡς
825 3972 998 4044 μόνην
1029 3971 1126 4026 τοῦ
1159 3971 1438 4046 σωτηρίου
1475 3973 1738 4028 κοινωνὸν
1763 3973 1953 4044 ὀφθεῖ-

355 4079 461 4116 σαν
485 4062 725 4128 πάθουςο
762 4063 838 4129 ὡς
883 4064 984 4136 τῆς
1036 4066 1360 4138 εὐεργεσίας
1411 4068 1656 4140 κήρυκα,
1704 4068 1804 4122 καὶ
1851 4069 1954 4141 τῆς

351 4155 661 4221 ἀθανασίας
714 4157 1338 4231 εὐοιγγελίστριαν,καὶ⁵
1383 4159 1490 4230 τῆς
1537 4159 1639 4231 σῆς
1691 4176 1952 4230 φωτοφα-

352 4247 511 4312 νείας
558 4248 843 4323 πρόξενον.
909 4249 1052 4308 Ἀλλ’
1087 4249 1166 4314 ὡς
1209 4252 1439 4305 ἐκεῖνον.
1471 4250 1664 4324 πρώτη
1703 4251 1955 4314 κατεῖδες

354 4339 457 4394 καὶ
507 4341 870 4412 εὐηγγελίσω,
923 4341 1216 4406 Δέσποινα,
1249 4340 1396 4396 οὔτω
1446 4343 1544 4398 καὶ
1599 4342 1702 4416 τὴν
1751 4343 1954 4417 νοητὴν

356 4430 529 4486 αὐτοῦ
573 4434 804 4506 φανείης
834 4435 894 4509 εν
931 4437 1052 4497 ταῖς
1091 4433 1250 4506 ἡμῶν
1293 4435 1766 4508 εὑαγγελιουμένη
1815 4453 1956 4510 καρ-

2035 1933 2346 1988 habuissem
2371 1947 2510 1986 :ceu
2558 1932 3006 2002 splendidissimo
3068 1943 3290 1999 ornatu,
3321 1932 3631 2003 percussio:

2035 2027 2196 2082 nibus
2249 2027 2355 2080 luis
2417 2026 2736 2092 honestatus
2789 2009 2998 2081 essem.
3037 2005 3302 2082 Ama-nter
3356 2025 3478 2091 tibi,
3521 2025 3631 2082 Do.

2034 2123 2205 2186 mine,
2240 2121 2410 2191 ﬁgens
2459 2119 2630 2186 basia,
2663 2119 2772 2174 tuis
2815 2103 3160 2189 passion'ibus
3183 2120 3409 2190 glorior.
3465 2121 3626 2175 Deos-

2037 2214 2192 2269 culor
2221 2213 2489 2275 lanceam,
2521 2226 2642 2281 quae
2672 2225 2850 2265 meum
2907 2210 3336 2280 chirographum
3370 2209 3630 2274 discidit;

2036 2321 2157 2377 qua:
2191 2306 2394 2360 fonnem
2427 2303 2876 2372 immortalitatis
2925 2304 3161 2374 aperuit.
3191 2302 3368 2358 Tuum
3414 2317 3632 2361 sacrum

2037 2399 2179 2454 latus
2223 2397 2550 2464 exosculor,
2607 2414 2675 2453 et
2732 2415 2840 2468 quo
2869 2397 3144 2461 ﬂuxerunt
3193 2397 3318 2453 vitae
3365 2395 3632 2461 ﬂumina;

2038 2509 2104 2547 ex
2153 2507 2258 2562 quo
2292 2491 2438 2562 jugis
2494 2491 2622 2544 mihi
2681 2491 3112 2562 incorruptionis
3174 2491 3322 2544 τίνας
3373 2491 3631 2544 Inauatit.
3667 2541 3690 2554 ,

2039 2581 2270 2638 Oswlor
2315 2579 2657 2649 sepulcralia,
2692 2580 2892 2650 quibus
2955 2595 3042 2636 me
3103 2579 3455 2650 turpitudinis
3506 2594 3638 2632 exu-

2043 2687 2155 2731 tum
2211 2683 2392 2731 vestes
2444 2672 2732 2744 magniﬂce
2774 2673 3012 2730 vestisti.
3079 2674 3308 2730 Osculor
3355 2673 3636 2743 pretiosis-

2041 2769 2235 2824 simam
2287 2767 2570 2823 sindouem
2603 2809 2618 2834 ,
2677 2780 2784 2837 qua
2835 2767 3133 2833 involutus,
3199 2766 3514 2838 adoptionis
3553 2782 3640 2822 me

2041 2859 2237 2914 stolam
2297 2858 2545 2914 induisti.
2583 2857 2810 2921 Osculor
2857 2856 3194 2927 sepulcrum,
3258 2859 3311 2912 in
3356 2875 3462 2929 quo
3507 2873 3641 2914 ineat

2043 2949 2462 3006 resurrectionis
2499 2949 2722 3004 initiasti
2767 2949 3124 3018 mysterium;
3158 2949 3213 3004 in
3243 2963 3354 3020 quo
3400 2949 3530 3004 mihi
3569 2953 3638 3008 ad

2041 3041 2428 3114 emergendnm
2453 3057 2520 3096 ex
2552 3039 2767 3096 inferno
2798 3043 2942 3094 viam
2979 3039 3178 3097 fecisti.
3201 3040 3436 3096 Osculor
3489 3042 3638 3098 illum

2047 3135 2300 3206 lapidem,
2332 3150 2430 3206 per
2461 3149 2622 3205 quem
2654 3134 2803 3205 gravi
2839 3148 2924 3188 me
2979 3133 3195 3189 timoris
3227 3134 3419 3190 mortis
3471 3151 3642 3190 onere

2049 3227 2265 3284 levasti.
2291 3225 2514 3283 Honore
2565 3241 2660 3282 eos
2696 3242 3016 3298 prosequor,
3043 3228 3136 3298 qui
3173 3227 3404 3283 viviﬁcte
3455 3227 3644 3298 δομοις

2049 3330 2185 3377 turte
2209 3335 2432 3393 operam
2458 3320 2861 3391 impenderunt,
2896 3337 2998 3378 ceu
3039 3323 3210 3378 talem
3244 3322 3478 3393 gratiam
3509 3337 3644 3376 cun-

2049 3426 2288 3472 secutos.
2362 3414 2592 3471 Osculor
2651 3425 2755 3470 tua:
2804 3415 3101 3472 Genitricis
3151 3430 3364 3481 manus,
3403 3423 3464 3470 ut
3519 3430 3644 3485 quae

2051 3508 2150 3562 toti
2209 3507 2284 3563 illi
2343 3507 2664 3574 meairnmia:
2747 3507 3187 3575 ministraverit;
3245 3519 3300 3562 ut
3355 3523 3478 3578 qua:
3525 3508 3680 3562 sola~

2050 3614 2227 3670 nuper
2278 3600 2330 3655 in
2361 3609 2550 3669 partus
2613 3599 2901 3671 obsequio,
2934 3615 3082 3665 nilne
3137 3599 3405 3656 autcmin
3455 3600 3648 3670 scpul,

2053 3701 2189 3747 turae
2269 3693 2487 3762 negotio
2568 3691 2942 3758 laborarerit;
3010 3707 3108 3747 ceu
3151 3708 3271 3764 qua:
3349 3693 3648 3760 pretiosum

2051 3785 2298 3841 hauserit
2349 3784 2702 3855 sanguinem;
2742 3799 2864 3855 quae
2912 3784 3298 3840 intemeratum
3339 3799 3536 3855 corpus
3557 3786 3651 3840 ob,

2051 3878 2304 3934 volverit.
2344 3877 2510 3933 Plane
2555 3877 2606 3932 ei
2663 3877 2890 3948 gloriam
2926 3877 3124 3947 habeo,
3152 3885 3210 3932 ut
3241 3893 3379 3947 qum.
3411 3878 3529 3932 sola
3549 3893 3649 3934 .sa-

2055 3971 2246 4028 Iutaris
2280 3971 2553 4042 passionis
2583 3971 2698 4025 visa
2721 3973 2794 4024 sit
2823 3971 3007 4039 socia;
3035 3981 3094 4026 ut
3120 3981 3286 4026 tanta:
3349 3970 3493 4026 illius
3520 3987 3650 4042 εζητ

2057 4063 2146 4120 tite
2194 4062 2456 4134 praeconi,
2490 4061 3028 4132 immortalitatisque
3057 4063 3286 4129 nuntize,
3322 4080 3388 4118 ac
3444 4061 3650 4121 divinat

2057 4163 2162 4210 tuas
2209 4155 2590 4211 illustrationis
2653 4156 3041 4212 conciliatrici.
3075 4153 3156 4212 Tu
3201 4171 3353 4220 vero,
3393 4156 3471 4211 uti
3523 4169 3648 4212 eum

2055 4244 2231 4314 prima
2284 4243 2469 4300 videre
2505 4245 2755 4302 meruisti
2816 4262 2882 4302 ac
2943 4248 3354 4315 atntuntiare,o
3395 4245 3650 4312 Domina,

2055 4336 2137 4392 sie
2186 4334 2304 4405 ejus
2368 4337 2424 4392 in
2481 4338 2638 4395 nobis
2676 4338 2980 4410 spiritalem
3019 4340 3435 4396 illustratianem
3476 4340 3653 4400 fausto

2058 4430 2268 4486 utinam
2299 4433 2754 4502 annuntiaveris;
2787 4433 2841 4488 in
2898 4435 3016 4504 ipso
3061 4433 3284 4490 Christo
3336 4434 3655 4493 dulcissimo

353 4524 502 4588 δίαις
554 4527 884 4599 ἐπίλαμψιν·
931 4531 988 4582 ὲν
1039 4527 1192 4600 αὐτῷ
1247 4527 1472 4600 Χριστῷ
1514 4527 1594 4601 τῷ
1623 4529 1940 4602 γλυκυτάτω

2059 4533 2252 4580 nostro
2283 4525 2484 4604 lumine
2511 4545 2523 4582 :
2551 4541 2712 4598 quem
2768 4527 2926 4583 decet
2967 4528 3138 4598 gloria
3171 4565 3186 4591 ,
3215 4528 3410 4595 honor,
3442 4544 3506 4584 ac
3536 4545 3658 4600 gra-

355 4615 519 4686 ήμῶν
552 4617 713 4686 φωτὶ,
757 4619 841 4672 ὅτι
869 4619 1028 4690 αὐτῷ
1061 4619 1267 4690 πρέπει
1300 4618 1450 4686 δόξα,
1499 4620 1635 4692 τιμὴ
1665 4621 1760 4676 καὶ
1790 4622 1940 4694 εὐχα.

2058 4617 2258 4673 tiaram
2285 4617 2450 4684 actio,
2477 4633 2602 4675 cum
2637 4618 2800 4674 Putre
2830 4635 2894 4674 ac
2921 4618 3132 4690 Spiritu
3161 4629 3380 4690 sancto,
3417 4635 3563 4676 nunc
3600 4629 3657 4675 et

357 4709 568 4782 ριστία,
607 4711 706 4765 σὺν
736 4710 814 4783 τῷ
844 4714 1042 4785 Πατρὶ,
1080 4716 1176 4767 καὶ
1196 4713 1276 4784 τῷ
1313 4713 1458 4786 ἁγίῳ
1480 4715 1766 4786 Πνεῦματι
1791 4732 1805 4746 ·
1849 4717 1946 4774 νῦν

355 4801 458 4856 καὶ
479 4802 590 4867 ἀεὶ,
621 4803 715 4857 καὶ
746 4805 824 4870 εἰς
847 4806 974 4870 τοὺς
995 4805 1201 4870 αἰῶνας
1227 4805 1336 4862 τῶν
1359 4805 1595 4863 αἰώνων.
1638 4807 1839 4880 Ἀμήν.

980 4917 1202 4972 ΛΟΓΟΣ
1251 4919 1330 4973 Θ’.

257 5076 274 5088 .
352 5026 556 5098 Λόγος
603 5030 694 5094 εις
737 5023 856 5088 τὴν
883 5027 995 5098 τῆς
1027 5028 1336 5098 ἀκρᾶν-του
1404 5032 1702 5087 Θεοτόκου
1745 5031 1818 5087 ἐν
1874 5031 1958 5098 τῷ

429 5096 596 5172 τάφῳ
618 5096 998 5172 παρεδρείακ,
1019 5096 1117 5154 καῖ
1141 5101 1606 5172 εὐχαριστήριος
1642 5101 1756 5172 τῆς
1778 5096 1953 5172 ὑπερ-

431 5168 714 5238 λάμπρου
739 5169 1156 5238 ἀναστάσεως.

433 5281 591 5354 Φωνὴ
613 5281 996 5350 ἀγαλλιάσεως
1014 5283 1430 5356 προοιμιαζέτω
1462 5285 1704 5357 σήμερον
1733 5285 1843 5358 τὴν
1864 5287 1954 5342 εὑ·

358 5376 651 5446 χαριστίαν
688 5376 840 5446 ἡμῖν.
865 5375 1022 5448 Φωνὴ
1058 5375 1402 5449 εὐφροσύνης
1453 5377 1848 5454 προεξηχείτω,
1884 5379 1955 5434 τὰ

442 5533 553 5602 (41)
577 5533 728 5610 Hanc
762 5533 1001 5610 tandem,
1028 5535 1124 5610 diu
1157 5535 1522 5610 desideratam
1551 5552 1616 5592 ex
1641 5537 1758 5608 ejus
1786 5547 1946 5610 gustu

361 5606 420 5661 in
456 5608 722 5675 superiori
760 5607 926 5668 lucto,
951 5608 1039 5660 ubi
1071 5622 1192 5660 eam
1228 5606 1493 5677 Georgius
1527 5606 1815 5677 promittit,
1847 5625 1945 5664 ex-

361 5691 472 5748 que
505 5679 570 5748 iis
601 5691 722 5748 qua:
756 5677 1148 5748 Metaphrastcs
1181 5679 1233 5732 in
1266 5679 1448 5734 Maria:
1475 5679 1702 5736 historia
1733 5684 1945 5735 exscri-

360 5745 494 5820 psit,
528 5745 727 5820 Leonis
755 5745 935 5820 Allatii
967 5748 1228 5820 sedulitas
1256 5763 1325 5820 ac
1355 5749 1686 5816 humanitas,
1720 5766 1798 5809 ex.
1819 5766 1944 5820 pro-

355 5816 504 5892 priis
542 5819 712 5889 ipsius
747 5819 978 5876 cimeliis
1007 5819 1147 5890 juris
1176 5819 1376 5889 publici
1427 5819 1734 5877 faciendam
1757 5860 1773 5889 ,
1815 5816 1945 5892 pro-

2058 4723 2294 4780 semper,
2329 4720 2384 4766 et
2419 4711 2482 4770 in
2505 4711 3084 4771 saecula~smcnlmuuu
3112 4711 3308 4768 Amen.
3343 4767 3350 4774 _

2667 4913 3043 4972 ORATIOJX.

2066 5027 2133 5084 In
2161 5028 2514 5102 immaculata:
2545 5027 2878 5102 l’irginisiin
2910 5031 3152 5102 sepulcro
3189 5030 3578 5102 assistentium,
3603 5039 3658 5086 et

2133 5100 2434 5171 gratiarum
2452 5101 2591 5154 actio
2615 5117 2712 5170 pro
2745 5100 2981 5171 glorioso
3012 5103 3397 5157 resurrectione
3421 5101 3557 5172 (4|).

2139 5289 2250 5345 Vox
2283 5291 2668 5347 cxsultationis
2697 5289 2856 5346 hodie
2887 5290 3044 5346 nobis
3083 5289 3312 5346 exordio
3335 5290 3408 5344 sit
3447 5290 3656 5359 gratia-

2067 5397 2187 5438 rum
2214 5383 2439 5438 actioni.
2483 5381 2642 5436 Prior
2673 5383 2888 5436 insonet
2917 5397 2983 5438 ac
3041 5381 3306 5452 pradudat
3358 5380 3663 5452 gratulato-

2055 5538 2212 5595 duxit
2245 5541 2568 5612 :egregium
2602 5541 2760 5612 plane
2793 5541 2895 5596 viri
2940 5541 3337 5612 disertissimi,
3369 5557 3439 5596 ac
3465 5539 3655 5598 Mariae

2056 5611 2394 5667 devotissiim
2430 5623 2878 5678 tnunnmeutum,
2917 5613 2994 5665 uti
3035 5613 3238 5666 habent
3270 5611 3388 5678 ejus
3433 5628 3652 5682 quoque

2054 5684 2332 5808 fraktlwnes
2363 5684 2503 5749 alim,
2539 5684 2736 5754 quibus
2767 5685 3026 5739 Omnibus
3060 5684 3386 5740 insatiabilis
3423 5682 3650 5740 Mariam

2077 5769 2142 5807 au
2187 5763 2260 5808 at.

2077 5769 2260 5808 auuat.
