4060 6458
476 299 610 372 1491

1609 303 1934 365 GEORGII
1975 303 2579 367 NICOMEDIENSIS

3629 301 3776 368 1492

473 417 569 472 riis
600 428 698 486 pro
731 413 922 485 mundi
961 411 1200 470 universi
1260 415 1683 481 resurrectione,
1711 430 1812 469 vox
1862 414 2063 469 laetitia:

2170 415 2268 486 τῆς
2293 410 2648 483 παγκοσμίου
2695 411 3050 476 ἀναστάσεως
3092 410 3456 484 χαριστήρια.
3505 412 3672 483 Φωνὴ
3699 417 3774 486 τῇ

471 508 724 565 canticis.
751 507 1011 564 Praesenti
1041 521 1145 561 vox
1177 521 1419 580 congrue
1447 508 1736 578 magniﬁca
1765 507 2056 575 hilaritati,

477 601 617 656 tubm
646 601 902 668 clangore
963 599 1331 656 laudationem
1384 612 1621 672 promat.
1645 601 1707 657 Ei
1739 601 1926 657 laudes
1965 617 2060 657 ca-

477 705 572 748 nat
601 709 698 764 pro
723 693 971 757 victoria,
1007 693 1098 762 qui
1129 703 1392 750 aeternum
1420 692 1670 748 dissolvit
1699 693 1935 761 bellum;
1965 690 2061 764 qui

475 787 594 840 dira
634 800 812 856 pugna
846 785 1020 840 victor
1054 785 1270 842 exstitit
1320 804 1334 841 :
1393 785 1485 854 qui
1533 800 1632 856 per
1685 795 1910 840 mortem
1970 800 2066 861 re;

475 896 638 951 gnum
669 880 859 934 mortis
885 881 1116 946 evertit;
1143 879 1236 949 qui
1280 861 1526 952 alligavit
1554 882 1782 945 lortem,
1813 894 2061 950 quasque

475 989 503 1024 ιι
546 970 758 1026 saeculis
789 971 1008 1026 tenebat
1036 971 1268 1034 animas,
1303 979 1560 1042 tanquam
1597 970 1767 1040 spolia
1815 971 2058 1040 diripuit.

476 1060 648 1116 llodie
678 1077 912 1128 namque
941 1060 1322 1130 insuperabilis
1365 1051 1843 1130 ejuslaliefactata'
1863 1071 1948 1116 eat
1981 1070 2064 1132 ty-

476 1153 679 1206 rannis.
720 1151 890 1207 Hodie
932 1153 1236 1208 cmlestium
1269 1153 1528 1206 virtutum
1559 1151 1671 1206 Rex
1704 1165 1825 1206 cum
1865 1151 2062 1206 adver-

475 1245 622 1300 sario
669 1260 833 1300 carne
889 1261 1239 1317 congressus,
1269 1244 1416 1298 illum
1485 1243 1704 1314 quidem
1745 1241 2060 1314 prostravit,

475 1345 632 1390 suum
661 1352 790 1393 vero
818 1337 935 1408 ipse
967 1338 1290 1408 ﬁgmentum
1326 1353 1356 1392 a
1385 1337 1536 1409 gravi
1560 1337 1826 1392 servitute
1853 1334 2060 1390 libera-

474 1431 576 1487 vit.
629 1429 802 1488 Hodie
857 1431 1135 1487 tremenda
1190 1431 1642 1500 tenebricosaque
1687 1426 1886 1484 inferni
1945 1429 2061 1482 loca

476 1536 741 1586 vacuatis,
769 1537 860 1576 eos
915 1523 1006 1592 qui
1079 1522 1367 1593 tyrannide
1408 1521 1730 1582 tenebantur
1789 1523 1842 1576 in
1907 1536 2062 1576 suam

482 1613 600 1682 ipse
623 1612 900 1668 transtulit
923 1624 1274 1684 poteStateiii.
1309 1612 1480 1670 Hodie
1509 1615 1632 1670 vitae
1677 1615 1835 1671 nobis
1872 1623 2065 1670 auctor

436 1713 439 1715 '
479 1701 876 1776 p'rimogenitus
942 1721 1007 1765 ex
1052 1707 1279 1762 mortuis
1326 1705 1574 1773 cﬂ‘ectus,
1638 1689 2063 1763 inlllttll'lalil.tlis

2163 506 2414 580 παρούσῃ
2438 502 2792 575 καταλλήλως
2820 502 3256 576 λαμπρυνομὲνη
3275 503 3610 576 φαιδρότητι
3644 505 3777 560 σαλ-

2163 597 2368 664 πιζέτω
2401 597 2500 668 τὴν
2534 596 2869 666 δοξολογίαν.
2901 597 3187 668 Κροτείτω
3225 597 3297 651 τά
3329 599 3640 670 νικητήρια
3692 599 3776 670 τῷ

2161 693 2269 746 τῶν
2301 691 2513 746 αἰώνων
2548 689 2916 746 καταλύσαντι
2966 688 3209 758 πόλεμον
3232 705 3246 719 ·
3301 689 3380 760 τῷ
3411 689 3514 760 τὴν
3547 691 3776 760 ἀκήρυ-

2163 802 2290 838 κτον
2320 781 2734 854 τροπωσαμὲνῳ
2777 781 2958 852 μάχην
2982 796 2996 810 ·
3032 777 3110 850 τῷ
3141 779 3231 834 διὰ
3278 779 3518 850 θανάτου
3549 779 3624 832 τὰ
3669 779 3778 832 τοῦ

2163 877 2396 932 θανάτου
2421 875 2704 930 καθελόντι
2741 873 3020 944 βασίλεια·
3058 871 3136 944 τῷ
3166 872 3258 925 τὸν
3295 873 3522 942 ἰσχυρὸν
3551 871 3776 942 δεσμὴ-

2165 988 2342 1036 σαντι,
2374 968 2592 1032 καὶτὰς
2626 967 2720 1022 ἀπ’
2753 965 2968 1020 αἰώνων
3011 963 3192 1035 ψυχάς
3271 965 3349 1028 ὡς
3385 963 3564 1018 σκύλα
3613 963 3779 1034 διαρ-

2163 1065 2418 1119 πάσαντι.
2457 1063 2708 1132 Σήμερον
2733 1060 2898 1130 γὰρὴ
2939 1058 3154 1130 ἄμαχος
3185 1055 3356 1112 αὑτοῦ
3386 1057 3775 1110 καταλέλυται

2161 1155 2714 1228 τυραννίς.’Σήμερον
2761 1155 2790 1207 6
2821 1151 3085 1216 Βασιλεὺς
3117 1151 3227 1205 τῶν
3273 1151 3550 1222 οὐρανίων
3603 1149 3777 1204 δυνά-

2165 1266 2311 1320 μεων
2343 1249 2484 1321 μετά
2533 1251 2739 1319 σαρκὸς
2769 1247 2848 1316 τῷ
2875 1245 3160 1316 ἀντιπάλῳ
3194 1245 3568 1316 συμπλακεὶς,
3597 1244 3776 1298 αὑτὸν

2165 1341 2265 1412 μὲν
2293 1339 2698 1410 καταὸἑὸληκε,
2733 1339 2796 1393 τὸ
2812 1339 2871 1392 δὲ
2895 1341 3100 1392 οἰκεῖον
3129 1337 3359 1408 πλάσμα
3384 1337 3484 1408 τῆς
3510 1336 3774 1407 χαλεπῆς

2159 1432 2397 1510 ἐξείλετο
2413 1431 2684 1497 δουλείας.
2702 1433 2954 1504 Σήμερον
2967 1433 3034 1486 τά
3052 1430 3261 1501 φοδερά
3278 1431 3374 1484 καὶ
3391 1432 3659 1485 σκοτεινὰ
3673 1431 3775 1485 τοῦ

2163 1524 2290 1601 ᾇδου
2317 1527 2546 1596 ταμιεῖα
2579 1524 2847 1589 κενώσας,
2881 1525 2961 1589 είς
2989 1523 3086 1595 τὴν
3129 1523 3268 1578 ἰδίαν
3298 1524 3426 1586 τοὺς
3450 1541 3739 1594 τυράννου
3757 1553 3778 1565 ο

2167 1616 2362 1704 μένορς
2400 1615 2738 1688 μετέστησεν
2789 1614 3064 1683 ἐξουσίαν.
3101 1615 3354 1687 Σήμερον
3397 1615 3426 1678 6
3466 1613 3570 1682 τῆς
3619 1615 3776 1685 ζωῆς

2165 1708 2322 1779 ἡμῶν
2347 1707 2612 1780 ἀρχηγὸς,
2652 1707 3002 1780 πρωτότοκος
3060 1706 3127 1774 ὲκ
3186 1706 3400 1776 νεκρῶν
3434 1707 3773 1777 γενόμενος,

479 1797 893 1854 iiobisinitiavit
919 1799 1078 1852 viain.
1105 1799 1284 1854 Cocles
1327 1799 1487 1855 hodie
1517 1791 1615 1870 pro
1671 1801 1904 1856 terrenis
1961 1817 2058 1856 iia-

2170 1801 2262 1873 τὴν
2288 1800 2386 1872 τῆς
2411 1800 2718 1866 ἀθανασίας
2761 1802 2892 1872 ἡμῖν
2944 1799 3066 1854 ὁδὸν
3107 1799 3446 1854 ἀνεκαίνισε.
3501 1802 3775 1872 Σήμερον

479 1903 613 1946 time
635 1901 957 1955 commutat,
989 1893 1382 1976 hominumque
1401 1892 1585 1964 generi
1619 1891 1832 1948 tristem
1864 1893 2062 1948 sortito

479 1985 678 2051 locum,
711 1983 945 2041 lucidam
978 1985 1330 2055 divinumque
1353 1985 1744 2042 habitationem
1785 1985 2056 2052 ascripsit.

481 2075 654 2131 Hodie
721 2076 1198 2148 Splendidissimae
1240 2077 1467 2147 justitite
1497 2075 1586 2132 Sol
1612 2092 1810 2132 aureos
1844 2078 2063 2132 mittens

481 2169 897 2224 resurrectionis
947 2169 1150 2235 radios,
1188 2186 1312 2226 cum
1337 2169 1614 2225 cmlestem
1644 2170 1920 2234 decorem,
1947 2175 2061 2222 tum

479 2270 752 2313 terrenam
794 2260 1221 2316 concinnitatem
1284 2259 1698 2330 incomparabili
1751 2272 1914 2329 supra
1953 2271 2063 2314 ino-

477 2352 604 2406 dum
639 2351 847 2422 t‘ulgore
881 2353 1196 2408 illustravit.
1237 2351 1410 2407 llodie
1464 2351 1686 2408 dulcem
1731 2349 2054 2422 plenamque

479 2443 662 2499 laetitia
701 2445 880 2514 gaudii
913 2457 1110 2501 vocem
1157 2445 1482 2502 mulieribus
1539 2453 1816 2516 unguenta
1834 2441 2057 2504 ferenti-

478 2537 582 2592 bus
605 2537 885 2602 emittens,
909 2551 1073 2593 sexus
1103 2538 1362 2594 tristitias
1421 2537 1680 2594 radicitus
1727 2535 1948 2594 abstulit
1986 2549 2051 2592 ac

477 2622 799 2678 exsiccavit.

546 2811 662 2880 Age
689 2827 820 2866 vero
852 2811 1033 2882 lingua
1062 2812 1244 2868 omnis
1294 2811 1482 2886 gratiae
1530 2812 1800 2883 particeps
1843 2811 2060 2878 effecta,

476 2902 679 2958 claram
734 2903 866 2958 mihi
925 2903 1294 2961 laudationem
1342 2896 1652 2961 concinnet.
1693 2905 1902 2962 Praesto
1931 2905 2063 2961 mihi

477 2993 710 3064 adiutrix
757 3000 850 3059 sit,
897 2996 983 3050 cui
1017 2996 1346 3052 desiderium
1399 2998 1505 3052 vim
1565 2996 1747 3066 faciat,
1795 3013 2065 3070 quemque

477 3081 696 3139 deﬁciat
740 3085 966 3156 congrui
999 3087 1270 3142 sermonis
1304 3087 1558 3142 facultas.
1590 3087 1704 3143 Hoc
1743 3089 1920 3158 plane,
1961 3090 2064 3146 hoc

479 3190 567 3232 res
595 3176 827 3232 eximias
873 3177 1020 3248 cogit
1071 3180 1362 3248 attingere.
1420 3177 1534 3234 Hoc
1576 3179 1644 3234 ad
1713 3197 1803 3237 res
1842 3181 2061 3251 propria

476 3269 682 3324 vii-tute
734 3271 972 3339 majores
1049 3272 1344 3342 compellit.
1400 3272 1514 3328 lloc
1569 3283 1778 3328 naturae
1832 3272 2064 3344 propria:

476 3362 806 3418 oblivionem
841 3363 1068 3420 inducit.
1101 3364 1241 3420 lluic
1270 3377 1328 3420 ut
1355 3381 1548 3422 onmes
1600 3368 1880 3434 cedamus,
1917 3365 2063 3421 haud

478 3454 770 3524 inglorium
817 3455 907 3512 sit.
958 3456 1168 3528 Quippe
1214 3459 1459 3514 debitum
1495 3467 1598 3524 est,
1629 3473 1692 3514 ac
1719 3457 1844 3514 licet
1885 3459 2063 3516 minus

481 3545 677 3602 haheat
723 3563 882 3617 quam
931 3564 1034 3620 pro
1079 3551 1464 3616 retributione,
1509 3566 1612 3607 nec
1647 3552 1806 3608 bonis
1849 3551 2064 3608 collatis

479 3642 732 3696 videatur
765 3645 1121 3716 condignum,
1154 3645 1222 3699 ab
1251 3647 1401 3700 omni
1432 3655 1610 3701 tamen
1649 3657 1900 3702 creatura
1945 3648 2063 3702 red-

479 3732 641 3787 datur
672 3733 902 3790 rationis
934 3729 1234 3805 participe;
1269 3753 1390 3791 cum
1425 3738 1615 3807 utique
1679 3739 1908 3810 largitor
1951 3741 2066 3808 ipse

480 3841 598 3881 eam
639 3827 904 3898 majorum
953 3829 1297 3885 exsolutione
1343 3831 1648 3888 debitorum
1681 3837 2066 3890 commutatio-

482 3935 602 3975 nem
635 3921 784 3976 velit.
837 3921 968 3976 Mihi
1008 3932 1214 3985 autem,
1249 3939 1406 3992 quem
1443 3939 1586 3992 amo,
1631 3925 1814 3982 divine
1867 3937 2062 3992 cretus,

480 4030 588 4069 non
615 4028 680 4069 eo
730 4024 938 4069 tantum
992 4019 1137 4086 quod
1190 4017 1434 4072 debitum
1488 4018 1580 4084 sit,
1613 4019 1707 4073 sed
1748 4029 1802 4074 et
1847 4033 2067 4089 pi‘Opter

480 4109 898 4178 promissionem
957 4112 1159 4174 evenit,
1208 4127 1367 4180 quam
1419 4111 1694 4180 priorem,
1752 4113 1786 4166 ii
1833 4129 2064 4183 quorum

483 4201 730 4268 interest,
773 4204 1020 4274 exigunt.
1065 4204 1323 4270 Quaenam
1359 4219 1494 4259 vi-io
1525 4222 1586 4259 ac
1619 4205 1794 4274 qualis
1826 4207 1899 4261 sit
1929 4207 2068 4276 ejus-

482 4295 624 4350 modi
673 4298 984 4366 promissio,
1027 4309 1251 4370 praistat
1291 4298 1514 4353 addi-re.
1547 4297 1664 4354 Jaiii
1703 4300 1908 4371 itaque,
1941 4318 2064 4357 cum

479 4391 533 4444 iii
589 4389 1002 4460 superioribus,
1055 4402 1182 4444 ante
1229 4387 1564 4446 monumenti
1631 4392 1876 4458 ostium,
1921 4395 2067 4464 quod

2165 1891 2274 1946 τῶν
2309 1893 2688 1965 καταχθονίων
2714 1892 2984 1965 οὐρανοὺς
3023 1895 3090 1964 τῇ
3121 1893 3284 1962 φύσει
3312 1893 3771 1948 ἀντικαταλλάτ-

2163 2005 2336 2050 τεται,
2370 1985 2466 2040 καὶ
2514 1988 2582 2058 τῇ
2631 1987 2726 2039 τδν
2781 1983 2982 2056 ἀμειδῆ
3029 1984 3546 2056 κατακεκρυμμένῃ
3581 1983 3776 2055 χῶρον

2165 2079 2577 2150 ἀνθρωπὸτητι,
2639 2079 2739 2148 τὴν
2819 2077 3087 2146 φωτοειδῆ
3132 2078 3228 2130 καὶ
3275 2073 3430 2130 θείαν
3463 2077 3774 2149 ἀπέγραψε

2166 2171 2471 2224 κατοικίαν.
2502 2171 2750 2242 Σήμερον
2777 2172 2804 2224 6
2827 2171 2926 2240 τῆς
2963 2169 3318 2242 δικαιοσύνης
3363 2170 3774 2242 λαμπρότατος

2169 2263 2359 2328 Ἥλιος
2374 2265 2470 2327 τὰς
2493 2265 2827 2333 χρυσοφαεῖς
2862 2261 3042 2334 βαλὼν
3072 2263 3174 2334 τῆς
3198 2262 3564 2328 ἀναστάσεως
3596 2263 3770 2316 ἀκτῖ-

2167 2371 2288 2423 νας,
2333 2357 2432 2426 τὴν
2479 2355 2733 2426 οὐράνιον
2788 2353 3153 2426 εὐπρέπειαν,
3185 2355 3284 2408 καὶ
3315 2353 3566 2423 ἐπίγειον
3597 2355 3774 2407 εὐκο-

2168 2449 2336 2523 σμίαν
2393 2449 2744 2523 ἀσυγκρίτως
2797 2449 3324 2521 ὑπερελάμπρυνεν.
3371 2448 3632 2520 Σήμερον
3662 2447 3772 2519 τὴν

2163 2545 2428 2618 γλυκεῖαν
2484 2545 2580 2598 καὶ
2651 2543 3131 2616 ὑπερευφρδσυνον
3201 2543 3303 2614 τῆς
3381 2543 3564 2614 χαρᾶς
3640 2544 3772 2606 ταῖς

2171 2637 2508 2708 μυροερόροις
2549 2634 2804 2705 ἐπαφιεὶς
2856 2633 3066 2705 φωνὴν,
3127 2631 3465 2706 προρρίζους
3518 2631 3626 2697 τάς
3669 2629 3772 2686 τοῦ

2166 2727 2380 2799 γένους,
2416 2729 2510 2783 καὶ
2540 2727 2816 2799 ἀνείλησε,
2847 2727 2944 2780 καὶ
2973 2727 3274 2798 ὲξηφάνισε
3297 2725 3498 2790 λύπας.

2250 2819 2412 2874 Ἀλλά
2439 2819 2602 2892 δεῦρο
2631 2821 2784 2874 πᾶσα
2827 2817 3054 2888 γλῶσσα
3095 2819 3198 2891 τῆς
3226 2818 3451 2890 χάριτος
3480 2833 3773 2888 μετεσχη-

2167 2915 2295 2968 κυῖα
2325 2914 2748 2984 συναρμοττέτω
2784 2929 2874 2982 μοι
2911 2911 3013 2983 τὴν
3042 2910 3348 2982 εὐφημίαν.
3390 2909 3774 2980 Ἐπαμυνέτω

2171 3019 2263 3072 μοι
2322 3000 2750 3074 τυραννουμένῳ
2783 2999 2878 3071 τῷ
2927 3000 3098 3072 πόθῳ,
3153 2999 3537 3074 ἀμηχανοῦντι
3587 2999 3648 3054 δὲ
3687 2997 3772 3070 τῷ

2168 3094 2334 3166 λόγῳ.
2359 3090 2530 3160 Οὗτος
2555 3095 2688 3168 γὰρ,
2723 3087 2877 3159 οὗτος
2903 3097 2932 3148 6
2959 3095 3068 3149 τῶν
3095 3095 3394 3168 ὑπερφυῶν
3417 3093 3773 3162 καταναγκά-

2171 3190 2278 3254 ζων
2305 3188 2598 3244 ἅπτεσθαι.
2632 3183 2801 3254 Οὗτος
2831 3192 2858 3244 6
2901 3190 3037 3263 πρὸς
3075 3190 3144 3244 τὰ
3175 3190 3318 3261 ὑπὲρ
3353 3188 3562 3243 οἰκείαν
3600 3187 3773 3242 δύνα-

2173 3295 2265 3349 μιν
2289 3277 2566 3334 συνωθῶν.
2593 3272 2763 3343 Οὗτος
2785 3283 2812 3334 6
2835 3281 2933 3351 τῆς
2951 3281 3159 3346 οἰκείας
3191 3279 3522 3336 ἐκλαθέσθαι
3544 3279 3774 3350 φύσεως

2171 3365 2634 3435 παρασκευάζων.
2665 3366 2854 3438 Τούτῳ
2887 3368 3096 3433 πάντας
3128 3369 3382 3423 ὑπείκειν
3414 3370 3516 3424 οὑκ
3550 3368 3770 3436 ἄδοξον.

2171 3456 2346 3526 Χρέος
2398 3456 2508 3529 γάρ
2543 3457 2714 3522 ἐστιν,
2749 3458 2798 3511 εί
2847 3457 3078 3530 καὶτῆς
3131 3459 3458 3522 ἀντιδόσεως
3507 3459 3774 3526 ἀποδέον,

2171 3549 2264 3604 καὶ
2289 3547 2398 3602 τῶν
2432 3549 2893 3621 παρασχεθέντων
2928 3551 3154 3620 ἀγαθῶν
3194 3553 3295 3608 οὐκ
3326 3552 3576 3617 ἐπάξιον.
3625 3552 3776 3607 ‘AD.’

2171 3640 2510 3696 ἀποδιδόσθω
2531 3642 2668 3714 πρὸς
2697 3641 2798 3714 τῆς
2832 3641 3059 3714 λογικῆς
3086 3642 3311 3714 ἀπάσης
3349 3643 3570 3712 φύσεως
3592 3662 3606 3676 ·
3643 3645 3778 3700 τού-

2169 3755 2281 3790 των
2309 3735 2417 3790 τῶν
2443 3735 2802 3808 ὑπερέκτισιν
2835 3735 3070 3806 δυειλῶν
3090 3734 3186 3790 τοῦ
3214 3736 3514 3802 δεδωκότος
3545 3739 3777 3816 ἀντικατ

2170 3828 2629 3900 ταλλαττομένου.
2671 3829 2826 3900 Ἐμοὶ
2857 3828 2976 3899 μὲν,
3014 3828 3060 3882 ῶ
3087 3828 3208 3883 θεία
3232 3829 3482 3902 φιλότης,
3509 3830 3572 3884 οὑ
3604 3831 3775 3902 μόνον

2171 3923 2238 3976 δι’
2264 3921 2396 3976 αὐτὸ
2429 3921 2590 3980 τοῦτο
2622 3922 2892 3994 ὑπόχρεον
2917 3917 3078 3988 εἶναι,
3105 3921 3243 3976 ἀλλά
3267 3924 3359 3978 καὶ
3383 3924 3472 3978 διά
3501 3923 3604 3994 τὴν
3631 3924 3779 3978 ὑπό-

2175 4032 2362 4085 σχεσιν
2391 4013 2691 4082 ἐξεγένετο,
2723 4014 2756 4082 ἦ
2793 4031 2877 4078 τις
2910 4013 3429 4086 προεπαγγελθεῖσα
3471 4014 3612 4086 πρὸς
3644 4018 3781 4079 τοὺς,

2175 4105 2287 4178 [tau
2319 4105 2453 4178 τῶν]
2495 4106 2672 4177 χρέων
2715 4106 3050 4160 ἀπαιτεῖται.
3097 4106 3196 4170 Τίς
3233 4105 3291 4159 δὲ
3337 4105 3483 4177 αὕτη
3515 4107 3614 4158 καὶ
3645 4107 3780 4173 οἴα;

2175 4200 2548 4271 προστεθῆναι
2605 4199 2790 4255 καλόν.
2825 4198 2964 4270 ’Ἤδη
3009 4199 3191 4253 τοίνυν
3250 4201 3310 4252 ὲν
3360 4203 3477 4263 τοῖς
3526 4199 3782 4268 φθάσασι

2176 4292 2282 4364 πρὸ
2309 4293 2410 4364 τῆς
2442 4291 2538 4346 τοῦ
2563 4291 2832 4364 ζωοδόχου
2863 4291 3138 4366 μνημείου
3175 4290 3347 4362 θύρας
3383 4293 3484 4364 τὴν
3511 4291 3588 4356 ὡς
3614 4293 3783 4362 λόγος

2175 4386 2284 4458 Ιῖσ.
2315 4387 2344 4439 ὁ
2367 4385 2550 4460 λόγος]
2596 4383 2912 4441 καταλιπὼν
2955 4385 3186 4456 Μητέρα
3207 4383 3275 4437 τὰ
3300 4385 3422 4438 κατ’
3451 4385 3652 4448 ἐκεῖνο,
3681 4385 3782 4438 καὶ

479 4483 646 4536 vitam
705 4482 1004 4552 Siiscepit,.
1041 4482 1250 4536 Domini
1301 4481 1570 4552 Matrem,
1621 4498 1719 4552 per
1762 4483 1813 4539 id
1858 4495 2063 4554 tempus

2175 4477 2344 4548 αὑτὴν
2373 4481 2439 4550 τῇ
2494 4479 2736 4549 σήμερον
2791 4473 3161 4546 ἐταμιεύσατο
3208 4474 3555 4546 φαιδρότητι.
3616 4473 3782 4528 Οὕτω

479 4589 661 4630 sermo
705 4575 1038 4645 reliquisset,
1073 4593 1193 4632 eam
1245 4575 1520 4633 hodiernae
1571 4579 1811 4632 servavit
1843 4577 2064 4633 laetitiae.

479 4668 558 4723 ita
592 4669 758 4733 enim,
809 4683 930 4723 cum
960 4670 1018 4724 id
1062 4670 1206 4724 czivit
1239 4684 1305 4725 ue
1351 4670 1666 4741 prolixitate
1699 4672 1855 4726 taedio
1899 4681 2066 4736 essei,

481 4773 595 4816 tum
649 4773 1074 4816 consentaneum
1133 4764 1397 4818 rationem
1451 4763 1712 4821 servavit.
1769 4763 2065 4834 Postquam

485 4863 661 4906 autem
701 4853 1019 4908 dediireiitis
1070 4857 1243 4924 gratia
1283 4871 1348 4908 eo
1384 4858 1748 4919 occurrimus,
1803 4867 1860 4910 ut
1900 4857 2066 4911 debiti

486 4942 618 4998 ﬁles
651 4942 966 4998 redimenda
997 4942 1087 5009 sit,
1118 4959 1213 5006 pro
1243 4943 1382 4998 virili
1413 4963 1513 5017 ego
1548 4945 1802 5000 facultate
1857 4951 2070 5001 rodent-

482 5046 674 5099 pturus
702 5033 927 5090 festino.
965 5034 1136 5089 Porro
1181 5037 1470 5090 commoda
1505 5037 1774 5091 sermonis
1821 5039 2070 5092 tractatio

480 5137 584 5193 est,
617 5129 919 5184 innumeris
952 5129 1345 5185 cei-taiiiiuibus
1371 5130 1531 5184 clarie
1575 5127 1762 5184 Matris
1803 5134 2069 5188 assistens

483 5221 552 5271 tiu
611 5219 666 5274 iii
731 5221 1016 5289 sepulcro;
1077 5222 1220 5276 ciri-a
1269 5238 1431 5291 quam
1511 5232 1766 5274 versatur
1831 5220 1943 5288 ipse
2008 5239 2071 5276 ac

484 5309 652 5366 debiti
722 5313 881 5367 ratio.
933 5312 1059 5368 llaec
1109 5315 1254 5368 enim
1309 5315 1425 5368 sola
1472 5313 1625 5382 (4‘2),
1691 5313 2069 5369 recedentibus

556 5428 668 5500 (42)
715 5427 843 5483 Ηαιε
875 5432 1013 5486 enim
1042 5433 1176 5486 sola.
1218 5431 1357 5488 Sunt
1390 5431 1492 5485 ista
1527 5441 1583 5484 ut
1617 5429 1704 5500 pia
1741 5431 1792 5484 iii
1820 5429 2064 5494 Mariam,

485 5513 536 5556 at
571 5514 720 5556 certe
753 5502 894 5555 haud
933 5505 1005 5554 ita
1038 5504 1102 5554 ad
1137 5505 1294 5556 fidem
1331 5503 1528 5557 facilia.
1565 5501 1766 5554 Durum
1806 5519 1975 5562 enim,
2014 5513 2070 5553 ut

485 5571 655 5624 Maria
693 5587 834 5634 una,
887 5573 1034 5626 nullo
1064 5587 1094 5626 e
1131 5573 1414 5639 discipulis
1451 5581 1547 5626 aut
1589 5571 1798 5626 sanctis
1848 5571 2069 5626 feminis

489 5643 808 5707 assisteute,
846 5642 1083 5694 triduum
1120 5643 1246 5695 illud
1271 5644 1396 5710 .jugi
1441 5641 1734 5696 assidentia
1771 5642 1822 5692 in
1874 5657 2070 5693 inoiiu-

490 5722 670 5763 ιιιιςιιιυ
695 5715 886 5779 egerit,
916 5713 1101 5777 sicque
1129 5717 1195 5764 ab
1226 5730 1288 5766 eo
1315 5714 1562 5774 immota,
1593 5715 1732 5764 inter
1757 5710 2066 5766 Jitilinorutit

488 5795 553 5832 ac
595 5781 822 5835 militum
875 5783 1296 5838 custodientium
1345 5787 1526 5840 turbas
1576 5785 1979 5841 debaccliaiites
2016 5786 2065 5837 iii

2175 4569 2286 4642 γὰρ
2316 4573 2410 4625 καὶ
2436 4571 2498 4623 τὸ
2527 4569 2844 4642 προσκορὴς
2868 4565 3008 4622 εἶναι
3041 4569 3288 4636 διέφυγε,
3326 4569 3422 4620 καὶ
3446 4567 3511 4620 τὸ
3542 4567 3783 4620 ἀκολου-

2177 4665 2272 4718 θον
2322 4663 2670 4734 διετήρησεν.
2735 4661 2956 4734 Ἐπειδὴ
3010 4661 3065 4715 δὲ
3094 4662 3278 4732 χάριτι
3322 4659 3416 4714 τοῦ
3469 4659 3782 4728 ἀγαγόντος

2179 4758 2316 4829 πρὸς
2341 4757 2441 4828 τὴν
2476 4757 2776 4826 ἀπαίτησιν
2823 4753 2916 4808 τοῦ
2961 4753 3156 4824 χρέους
3188 4755 3617 4824 ἀπηντήκαμεν,
3663 4749 3782 4820 ἐγὼ

2175 4849 2385 4922 ταύτην
2413 4849 2484 4913 ὡς
2515 4844 2628 4902 οἷόν
2666 4865 2725 4900 τε
2755 4847 3000 4919 πληροῦν
3028 4843 3364 4915 ἐπειγόμεθα
3412 4842 3524 4918 [ian
3559 4843 3782 4912 ἐπείγου

2181 4942 2324 5014 piat].
2367 4942 2526 4994 Ἐστι
2559 4942 2615 4994 δὲ
2667 4941 2972 5012 περιδέξιος
3018 4938 3114 4993 τοῦ
3147 4938 3309 5006 λόγου
3349 4936 3774 5008 μεταχείρησις,

2169 5039 2202 5107 ἡ
2253 5038 2353 5105 τῆς
2405 5034 2710 5104 μυριάθλου
2762 5033 2987 5105 Μητρὸς
3035 5033 3092 5086 ὲν
3125 5031 3202 5101 τῷ
3236 5017 3394 5100 τάφῳ
3443 5029 3774 5101 παρεδρεία,

2170 5125 2300 5198 περὶ
2337 5119 2406 5198 ἦς
2453 5126 2619 5188 αὑτός
2647 5142 2708 5178 τε
2748 5124 2952 5196 δηλαδὴ
2987 5125 3084 5178 καὶ
3114 5125 3146 5196 ἡ
3179 5121 3370 5192 ὀφειλὴ
3399 5122 3773 5194 προσυνέστη.

2168 5220 2318 5291 Αὕτη
2351 5221 2460 5292 γὰρ
2505 5220 2665 5291 μόνη,
2699 5219 2808 5272 τῶν
2842 5219 3103 5272 ἁπάντων
3139 5216 3648 5288 ὑποχωρησάντων,
3676 5217 3777 5271 ἅτε

2173 5317 2310 5386 μόνη
2336 5315 2416 5388 τῷ
2441 5315 2656 5387 σφοδρῷ
2677 5313 2786 5370 τῶν
2813 5313 3146 5384 σπλάγχνων
3171 5309 3579 5382 διαςλεγομένη
3613 5310 3774 5382 πυρὶ,

2169 5432 2459 5486 Dominum
2529 5432 2756 5500 ejusque
2787 5446 3004 5485 sacrum
3035 5444 3268 5496 corpus,
3304 5429 3773 5496 perseveraverit.

2171 5503 2356 5569 Maiori
2402 5499 2710 5568 honestate,
2768 5513 2860 5555 aut
2906 5517 2968 5555 se
3017 5503 3352 5555 continuerit
3401 5500 3588 5562 domo,
3632 5499 3768 5569 nihil

2168 5568 2422 5627 dubitans
2449 5575 2518 5626 de
2553 5573 2797 5640 proxima
2835 5572 3240 5626 resorreetioue
3267 5609 3283 5632 ,
3319 5581 3412 5623 aut
3458 5582 3581 5638 post
3628 5568 3772 5623 Sab-

2170 5643 2354 5696 i).ittiiii
2394 5654 2598 5695 tantum
2623 5658 2745 5696 cuii)
2777 5641 3092 5711 Magdaleiia
3150 5642 3380 5710 aliisque
3411 5642 3514 5710 piis
3545 5641 3769 5693 feminis

2171 5715 2236 5765 :iii
2281 5723 2689 5767 inminuentem
2725 5714 2878 5778 iet'ii;
2927 5712 3074 5779 juxta
3116 5713 3422 5780 epiiiiunetti
3457 5711 3770 5782 CluysosL,

2171 5785 2428 5856 Ιί·,ἐ)’‹λιι.,
2452 5782 2930 5852 Caenina,Joannis
2955 5782 3226 5849 Tltessal.,
3255 5791 3361 5838 etc.
