4060 6430
468 300 608 367 1499

1606 301 1933 364 GEORGII
1972 303 2576 365 NICOMEDIENSIS

3627 296 3770 364 1500

477 442 495 471 ι
534 418 637 486 Tu,
678 420 879 489 inquit,
916 419 1143 475 Domine
1168 458 1183 486 ,
1218 420 1311 489 qui
1347 416 1706 491 impatibilem
1740 433 1806 475 ac
1834 420 2057 475 immor-

2161 420 2260 492 τὴν
2310 422 2409 492 τῆς
2460 388 2714 491 θεότητος
2766 416 3103 488 κεκτημένος
3163 415 3351 484 φύσιν,
3398 416 3466 485 τῇ
3517 411 3771 486 προσλη-

474 513 637 566 talem
679 512 905 567 deitatis
933 513 1165 567 haberes
1194 522 1473 577 naturam,
1503 521 1783 582 assumpta
1813 527 1980 567 carne
2004 523 2064 567 ut

471 605 636 661 homo
662 621 855 675 passus
877 621 957 660 es.
989 604 1095 669 Tu,
1122 606 1320 675 inquit,
1345 622 1452 661 non
1481 606 1744 661 deserens
1771 615 2059 676 paternum

472 698 683 762 sinum,
714 700 768 752 in
812 709 970 753 terrae
1003 708 1161 751 utero
1210 699 1539 752 demoraris.
1580 696 1695 761 Tu,
1728 697 1821 765 qui
1853 697 1906 750 iu
1941 696 2063 749 uni-

471 807 629 846 verso
668 792 1174 860 incircumst-riplns
1233 790 1435 844 dt-itate
1467 790 1721 854 exsislas,
1745 803 1973 856 corpore
2008 789 2059 842 in

474 895 828 936 monumento
852 883 1347 936 circutnscrilteris.
1378 881 1469 934 Sic
1495 881 1836 950 tejustorum
1865 880 2061 934 animae

438 975 832 1041 [suscipiettles
868 976 1069 1029 choros
1117 974 1348 1027 duennt.
1392 974 1671 1038 Ejusmodi
1725 972 1956 1027 vocibus
2008 984 2061 1025 te

475 1067 869 1135 redemptorem
914 1067 1173 1120 salutant.
1206 1063 1299 1120 Sic
1349 1065 1609 1120 inelfabtli
1660 1075 1749 1119 tua
1804 1065 2058 1119 illustrati

474 1157 680 1222 ltetitia,
711 1159 1132 1213 inenarrabilem
1156 1160 1501 1213 clementiam
1527 1160 1847 1225 praedicant.
1877 1158 2063 1213 Enim-

475 1265 602 1303 tero
647 1251 832 1304 mundi
877 1266 1095 1320 quoque
1131 1251 1344 1304 civibus
1375 1250 1622 1304 victoriae
1679 1251 1920 1318 lmphata
1965 1263 2062 1301 ex-

476 1342 618 1396 ltibe.
658 1343 910 1411 Appare,
944 1343 1035 1412 qui
1074 1342 1335 1399 invisibili
1369 1343 1581 1396 ratione
1609 1342 1776 1404 ades,
1813 1355 1934 1394 cum
1967 1341 2061 1394 de-

471 1436 616 1489 centi
653 1450 716 1489 ac
771 1450 1010 1501 congrua
1041 1437 1243 1505 specie.
1287 1435 1525 1502 Splende
1579 1434 1631 1487 in
1665 1432 1817 1487 orbis
1858 1433 2060 1486 finibus

475 1528 901 1582 resurrectionis
956 1527 1217 1597 fulgores.
1255 1527 1499 1596 Resurge
1532 1542 1782 1595 corpore,
1828 1526 1919 1595 qui
1964 1540 2059 1578 ue-

471 1619 597 1685 quis
645 1621 817 1673 teneri
856 1622 1074 1674 deitate.
1127 1619 1378 1674 Excitare
1424 1634 1586 1687 ergo,
1621 1618 1711 1686 qui
1756 1618 1806 1670 itt
1858 1616 2058 1670 saecula

471 1712 680 1778 absque
710 1726 902 1766 somno
932 1727 1011 1767 es.
1045 1711 1315 1781 Exsurge,
1338 1728 1491 1781 quem
1526 1710 1858 1762 laudantium
1889 1724 2057 1777 popu-

2165 511 2359 583 φθείσῃ
2396 510 2677 574 πέπονθας
2707 510 2783 572 ὡς
2803 507 3110 578 ἄνθρωπος.
3128 506 3226 569 Σὺ,
3247 505 3408 576 φησὶ,
3430 503 3542 558 τῶν
3568 520 3769 573 πατρι-

2164 605 2275 659 κῶν
2311 605 2384 676 μὴ
2434 604 2807 677 χωριζόμενος
2846 601 3087 664 κόλπων,
3122 602 3182 676 ὲν
3211 601 3328 662 τοῖς
3359 598 3628 653 κενεῶσιν
3670 599 3765 651 ὲν-

2161 698 2463 768 διατρίὸεις
2513 700 2612 766 τῆς
2666 694 2791 765 γῆς.
2853 694 2925 746 Σὺ
2965 692 3387 763 ἀπερίγραπτος
3442 690 3520 743 ὢν
3575 691 3635 742 ὲν
3682 688 3770 759 τῷ

2163 792 2327 844 παντὶ
2357 789 2592 854 θεῖκῶς,
2625 790 2682 842 ὲν
2731 786 2985 858 μνημείῳ
3026 784 3360 855 σωματικῶς
3408 784 3767 855 περιγράφῃ.

2162 882 2351 947 Οὕτως
2383 883 2609 936 δικαίων
2639 898 2698 934 σε
2735 879 3033 948 δεξάμεναι
3062 877 3237 947 ψυχαὶ
3284 875 3598 947 χορεύουσι.
3633 874 3772 926 Toc-

2162 974 2356 1037 αύταις
2409 990 2470 1028 σε
2522 974 2616 1026 τὸν
2664 972 2947 1044 λυτρωτὴν
2998 970 3302 1035 δεξιοῦνται
3348 971 3470 1032 ταῖς
3521 970 3769 1036 φωναῖς.

2162 1066 2321 1120 Οὕτω
2342 1068 2408 1137 τῇ
2435 1066 2737 1137 ἀπορρήτῳ
2761 1081 2857 1116 σου
2882 1062 3380 1133 καταλαμπόμεναι
3406 1061 3765 1130 φαιδρότητι,

2161 1161 2259 1228 τὴν
2282 1159 2642 1227 ἁνεκλάλητον
2661 1159 2838 1227 ἀνακη
2849 1156 3100 1227 ρύττουσι
3119 1153 3557 1224 φιλανθρωπίαν.
3592 1150 3771 1204 Ἀλλᾶ

2160 1248 2332 1315 δεῖξον
2365 1251 2457 1303 καὶ
2484 1252 2596 1312 τοῖς
2635 1248 2955 1318 ὲγκοσμίοις
2992 1247 3061 1301 τά
3093 1246 3189 1300 τοῦ
3219 1246 3456 1316 πολέμου
3486 1244 3765 1314 τρόπαια.

2160 1342 2389 1410 Φάνηθι,
2443 1339 2631 1412 παρὼν
2703 1340 2954 1410 ἀοράτως
3010 1338 3152 1409 μετὰ
3194 1340 3294 1407 τῆς
3360 1334 3768 1407 προσηκούσης

2159 1434 2516 1506 ώραιότητος.
2547 1432 2775 1503 Λάμψον
2802 1435 2861 1487 ὲν
2900 1413 3016 1495 τοῖς
3044 1432 3253 1503 πέρασι
3283 1430 3381 1501 τὴν
3416 1428 3620 1499 αἴγλην
3657 1428 3769 1498 τῆς

2160 1528 2529 1589 ἀναστάσεως.
2558 1525 2847 1596 Ἀνάστηθι
2871 1524 3227 1596 σωματικῶς,
3254 1524 3283 1577 ὁ
3306 1522 3620 1594 ἀκράτητος
3649 1520 3771 1573 θεῖ-

2161 1620 2295 1684 κῶς.
2320 1618 2669 1690 Ἐξεγερθητι
2700 1614 2818 1685 οὖν,
2847 1620 2875 1671 ὁ
2899 1619 2980 1682 είς
3011 1616 3215 1681 αἰῶνας
3258 1616 3583 1685 ἀκοίμητος.
3625 1612 3771 1677 Ἐξ-

2160 1710 2428 1782 εγέρθητι
2456 1710 2587 1777 ταῖς
2612 1711 2729 1765 τῶν
2758 1711 3193 1780 ἀνυμνούντων
3226 1724 3302 1763 σε
3329 1705 3498 1761 λαῶν
3530 1708 3770 1760 aemulo-

471 1804 642 1857 lorum
692 1822 971 1875 synagoga!
1009 1810 1110 1860 sint
1157 1807 1565 1858 circuntduturw
1592 1804 1660 1856 9°.
1717 1801 1954 1871 Exsurge
1987 1800 2057 1853 ad

2162 1786 2920 1874 θησόμενοςλσυναγωγιαῖς.
2960 1800 3328 1871 Ἐξεγέρθητι
3349 1799 3470 1853 τῶν
3490 1798 3627 1851 σῶν
3642 1797 3772 1866 μὲν

468 1896 760 1949 vindictam
807 1899 1022 1967 quidem
1055 1909 1268 1951 tuorum
1301 1912 1591 1965 pauperum
1622 1935 1637 1961 ,
1676 1907 1833 1964 utque
1867 1896 2057 1947 adt-er-

470 1988 645 2039 sarius
685 1990 906 2041 virtutes
930 1989 998 2041 ad
1027 1988 1397 2042 exterminium
1429 1986 1653 2054 dissipes
1686 1987 1754 2041 ⁹¹.
1790 1985 1866 2039 Ὶίι
1896 1984 2059 2053 justi-

474 2078 561 2131 ti:e
598 2077 687 2132 Sol
712 2120 727 2145 ,
757 2081 1177 2135 resurrectionis
1221 2080 1449 2134 ostende
1508 2081 1706 2133 radios.
1744 2079 2058 2147 Appareant

470 2182 739 2226 terrarum
771 2174 887 2227 orbi
920 2175 1165 2229 victoria:
1200 2173 1463 2242 fulgores.
1491 2172 1805 2227 Innotescat
1836 2174 2058 2224 univer-

468 2263 546 2318 sis
580 2263 845 2330 ejusmodi
875 2264 1045 2321 Salus.
1084 2263 1307 2319 Videant
1339 2280 1611 2334 pauperes,
1644 2274 1693 2318 et
1714 2265 1958 2318 [celentur
1986 2263 2052 2317 θ’.

470 2352 695 2407 Videam
745 2369 847 2424 ego
893 2370 1115 2425 quoque
1173 2357 1545 2412 desideratum
1598 2354 2055 2410 desiderantissimi

468 2446 683 2503 Domini
726 2459 1030 2516 aspectum.
1062 2447 1287 2504 Videam
1322 2449 1523 2502 eximie
1571 2447 1887 2517 praestantis
1932 2445 2054 2499 Filii

466 2539 931 2609 pulchritudinem
987 2541 1137 2594 omni
1188 2539 1373 2609 specie
1419 2538 1705 2607 majorem.
1763 2540 2055 2609 Aspectem

467 2634 755 2703 gloriﬁcati
807 2634 899 2688 Dei
944 2634 1212 2688 orientem
1255 2634 1510 2704 gloriam.
1557 2633 1789 2687 Audiam
1841 2635 2055 2686 dulcem

466 2730 615 2784 illam
662 2744 851 2783 vocem
875 2770 892 2795 ,
946 2728 1124 2783 dulcia
1159 2729 1421 2797 omnique
1459 2729 1632 2798 gratia
1669 2727 1827 2797 plena
1888 2727 2055 2781 verba

466 2819 837 2875 emittentem.
872 2819 959 2873 Uti
990 2819 1280 2884 adventus,
1311 2820 1382 2874 ita
1409 2830 1463 2874 et
1492 2820 1908 2881 resurrectionis
1932 2835 2059 2889 gau-

467 2912 657 2975 dium,
690 2913 881 2979 prima:
909 2911 1154 2964 omnium
1186 2910 1346 2964 Matri
1379 2911 1803 2967 annuntiaturus
1834 2925 2054 2980 apparo.

465 3005 706 3073 Appare,
739 3004 991 3073 inquam,
1023 3003 1115 3072 qui
1146 3018 1365 3073 semper
1394 3005 1469 3059 sis
1503 3019 1626 3058 cum
1666 3005 1755 3059 illa
1779 3046 1796 3070 ,
1834 3019 2055 3059 serves-

467 3110 574 3166 que
621 3097 1018 3151 invincibilcm.
1062 3117 1080 3151 ι
1130 3096 1243 3152 Hoc
1295 3099 1454 3153 modo
1505 3099 1815 3151 divinorum
1869 3098 2054 3165 magi-

467 3198 598 3243 stra:
627 3189 741 3259 (46)
775 3205 839 3244 ac
870 3190 1268 3260 unguentil‘erte
1315 3189 1555 3259 Virgini,
1595 3189 1952 3259 laudantique
1991 3205 2055 3245 ac

471 3284 796 3351 supplicanti
826 3323 842 3348 ,
871 3285 1060 3352 primae
1091 3282 1264 3338 Filius
1294 3285 1719 3338 resurrectionis
1754 3283 2057 3336 claritatem

469 3377 728 3438 οειοιιιιίι,
757 3386 922 3444 utque
948 3377 1145 3431 licebat
1171 3378 1351 3431 doceri
1402 3377 1623 3430 Matrem
1668 3392 1733 3429 ac
1767 3376 2052 3438 honerari,

470 3467 832 3534 apparitionis
864 3483 977 3520 sua:
1020 3470 1196 3535 prima
1242 3470 1533 3536 praesentia
1587 3468 1842 3521 honorat.
1876 3468 2061 3532 Quan-

472 3572 636 3625 quam
669 3559 814 3611 enim
847 3559 1110 3627 scriptum
1159 3571 1266 3623 est,
1302 3560 1536 3628 primum
1590 3560 1910 3628 apparuisse
1949 3558 2062 3611 Ma-

472 3649 721 3719 gdalenen
743 3650 814 3713 ’³,
850 3651 923 3705 ita
957 3661 1138 3705 tamen
1174 3652 1542 3718 intelligas,ut
1567 3652 1710 3717 quod
1746 3652 1811 3703 ad
1845 3660 2063 3718 aposto-

474 3740 577 3802 los,
610 3748 707 3793 aut
733 3739 990 3793 mulieres
1015 3741 1151 3795 alias
1175 3752 1450 3810 unguenta
1475 3742 1792 3802 atterentes,
1827 3752 2056 3809 spectat.

475 3827 622 3882 Sane
667 3828 812 3882 enim
851 3826 1018 3897 Virgo
1063 3844 1299 3897 parens.
1353 3839 1480 3882 ante
1542 3836 1704 3883 etiam
1755 3830 2061 3897 spiritalem

471 3921 790 3991 angelorum
826 3922 1211 3989 initiationem,
1258 3922 1369 3975 nati
1418 3937 1485 3975 ex
1529 3938 1588 3976 se
1637 3923 1899 3993 mysteria
1938 3938 2063 3991 per-

472 4018 640 4070 videt.
676 4014 849 4085 Supra
880 4031 1075 4071 omnes
1103 4016 1249 4069 enim
1282 4016 1556 4071 desiderio
1601 4014 1929 4083 deﬂagrans,
1962 4016 2060 4070 de-

473 4118 845 4177 certansque,
892 4124 957 4164 ac
1016 4124 1418 4179 perseverans,
1466 4109 1578 4163 sola
1626 4111 1801 4179 prima
1849 4124 2063 4179 quoque

472 4204 743 4272 condigna
797 4202 991 4272 recipit
1052 4218 1301 4257 munera.
1365 4202 1470 4259 Par
1529 4206 1728 4273 quippe
1783 4214 1941 4270 erat,
2003 4216 2063 4259 ut

471 4297 714 4349 omnium
763 4297 939 4365 prima
991 4297 1179 4351 mundi
1233 4297 1402 4351 totius
1453 4297 1733 4363 acciperet
1781 4297 2059 4364 gaudium,

474 4404 595 4456 qua:
636 4389 753 4455 ejus
804 4390 962 4444 nobis
1012 4399 1176 4443 tant-.e
1225 4390 1422 4444 laetitia:
1486 4389 1843 4457 plenitudinis
1893 4406 2059 4443 causa

2159 1900 2247 1964 εἱς
2283 1897 2523 1968 ἄμυναν
2546 1896 2840 1963 πενήτων,
2864 1894 2983 1949 τῶν
3019 1895 3087 1948 δὲ
3112 1894 3405 1947 ἐναντίων
3437 1891 3771 1957 δυνάμεων

2158 1988 2245 2051 εὶς
2287 1986 2388 2038 τὸν
2446 1985 2556 2053 τῆς
2600 1986 3014 2054 πανωλεθρίας
3062 1983 3474 2052 σκορπισμόν.
3536 1980 3761 2044 Δεῖξον,

2164 2078 2321 2130 ’Ἥλιε
2350 2078 2448 2147 τῆς
2470 2077 2842 2145 δικαιοσύνης,
2865 2079 2962 2141 τὰς
2992 2078 3091 2146 τῆς
3118 2077 3475 2137 ἀναστάσεως
3503 2075 3765 2136 ἀκτῖνας.

2157 2175 2487 2228 Φανάτωσαν
2530 2176 2585 2227 αί
2631 2175 2730 2243 τῆς
2776 2174 2930 2243 νίκης
2987 2174 3268 2245 ἀστραπαὶ
3314 2176 3382 2242 τῇ
3426 2170 3762 2240 οἰκουμένῃ.

2158 2266 2569 2337 Γνωσθήτωσαν
2609 2267 2744 2319 πᾶσι
2799 2267 2972 2318 ταῦτα
3018 2265 3087 2318 τὰ
3122 2265 3370 2335 σωτήρια
3419 2263 3764 2334 πράγματα.

2152 2359 2494 2413 Εὶδέτωσαν
2525 2360 2748 2428 πτωχοὶ
2796 2360 2893 2412 καὶ
2953 2357 3491 2428 εὐερρανθιῆτωσαν.
3553 2355 3771 2425 Ἲδοιμι

2158 2451 2314 2520 κάγὼ
2345 2452 2603 2522 ποθεινὴν
2638 2451 3026 2505 ποθεινοτάτου
3056 2451 3332 2505 Δεσπὸτου
3365 2449 3517 2502 θέαν.
3551 2448 3765 2516 ’Ἰδοιμι

2161 2544 2474 2615 ὑπερφυοῦς
2520 2546 2651 2598 Υίοῦ
2684 2546 3006 2615 ὑπερωραῑα
3056 2542 3251 2612 κάλλη.
3300 2540 3569 2608 Θεάσοιμι
3603 2538 3765 2591 δεδο⁶

2159 2639 2429 2710 ξασμὲνου
2457 2639 2593 2693 Θεοῦ
2610 2639 2992 2708 διανίσχουσαν
3017 2636 3198 2703 δόξαν.
3242 2634 3571 2702 Ἀκούσαιμι
3601 2631 3764 2694 θείας

2158 2732 2345 2801 φωνῆς
2378 2731 2515 2801 ἡδέα
2565 2731 2657 2784 καὶ
2699 2731 2963 2801 χαρίεντα
2998 2727 3332 2799 προϊεμένης
3368 2728 3617 2797 ῥήματα.
3670 2723 3765 2785 Ὡς

2160 2822 2353 2895 πρώτῃ
2389 2824 2488 2894 τῆς
2535 2823 2841 2894 παρουσίας
2867 2826 2934 2893 τῇ
2976 2822 3144 2892 μητρὶ
3167 2862 3180 2884 ,
3215 2818 3361 2873 οὕτω
3390 2819 3485 2870 καὶ
3522 2817 3625 2885 τὴν
3657 2817 3762 2885 τῆς

2158 2913 2433 2982 ὲγέρσεως
2461 2914 2665 2984 φάνηθι
2701 2914 2877 2984 χαρὰν
2910 2911 3425 2980 εὐαγγελιζόμενος.
3460 2907 3697 2977 Φάνηθι,
3733 2907 3763 2959 ό

2155 3000 2245 3055 διὰ
2270 3003 2467 3066 παντὸς
2495 3004 2633 3074 αὐτῇ
2660 3003 2854 3069 συνὼν,
2881 3004 2974 3056 καὶ
2991 3002 3373 3072 ἀκατάϐλητον
3391 2999 3699 3068 διατηρῶν.
3736 3017 3757 3049 ι

2161 3092 2315 3145 Οὕτω
2346 3096 2410 3164 τῇ
2441 3093 2678 3163 θεολόγῳ
2716 3096 2811 3147 καὶ
2843 3094 3140 3163 μυροερόρῳ
3175 3092 3439 3162 Παρθένῳ
3471 3132 3485 3155 ,
3518 3090 3618 3142 καὶ
3654 3089 3759 3141 ἀν-

2162 3185 2426 3256 υμνούσῃ,
2446 3187 2539 3239 καὶ
2574 3186 2893 3258 ίκετευούσῃ
2928 3186 3121 3257 πρώτῃ
3143 3186 3242 3257 τὴν
3269 3184 3369 3254 τῆς
3400 3182 3767 3242 ἀναστάσεως

2161 3280 2189 3331 ὁ
2223 3280 2350 3341 Υἱὸς
2381 3279 2841 3333 καθυποδείκνυσι
2891 3280 3258 3349 λαμπρότητα
3284 3320 3298 3342 ,
3354 3280 3448 3331 καὶ
3490 3276 3567 3339 ὡς
3628 3276 3767 3346 ὲνῆν

2165 3371 2508 3442 μυήσασθαι,
2546 3373 2639 3424 καὶ
2673 3352 2907 3441 τιμῆσαι
2959 3370 3228 3442 Μητέρα,
3269 3373 3335 3441 τῇ
3392 3370 3495 3438 τῆς
3545 3369 3766 3433 οἰκείας

2163 3460 2464 3525 ἐμφανείας
2498 3461 2743 3529 προτιμᾷ
2771 3459 3061 3530 παρουσίᾳ.
3097 3460 3158 3512 Εἰ
3182 3461 3290 3530 γὰρ
3319 3460 3414 3510 καὶ
3437 3461 3502 3528 τῇ
3536 3457 3769 3523 Μαγδαο

2163 3550 2295 3622 ληνῇ
2333 3552 3053 3622 προοφθῆναιγέγραπται,
3094 3551 3232 3605 ἀλλά
3283 3551 3393 3604 τῶν
3439 3550 3769 3604 ἀποστόλων

2163 3643 2404 3714 νοητὲον,
2456 3645 2700 3697 καὶτῶν
2752 3645 2957 3699 λοιπῶν
3013 3645 3360 3716 μυροιρόρων.
3423 3642 3484 3694 'H
3522 3646 3637 3712 γὰρ
3696 3640 3768 3713 δὴ

2163 3737 2420 3799 τεκοῦσα,
2450 3742 2543 3789 καὶ
2569 3738 2803 3813 πρὸτῆς
2837 3739 3029 3807 νοερᾶς
3061 3737 3170 3790 τῶν
3201 3737 3447 3805 ἀγγέλων
3472 3736 3765 3805 μυήσεως,

2162 3830 2230 3882 τὰ
2268 3829 2365 3882 τοῦ
2400 3830 2684 3899 τεχθέντος
2718 3829 2933 3901 καθορᾷ
2969 3831 3265 3901 μυστήρια.
3320 3829 3615 3883 Ἀπάντων
3646 3826 3767 3898 γὰρ

2166 3924 2620 3996 ὑπερφλεγομένη
2643 3925 2722 3996 τῷ
2746 3926 2916 3997 πόθῳ,
2941 3928 3035 3979 καὶ
3060 3925 3468 3997 ὑπεραθλοῦσα,
3497 3927 3594 3979 καὶ
3620 3926 3765 3998 μόνη

2164 4018 2625 4089 διακαρτεροῦσα,
2654 4019 2850 4092 πρώτη
2888 4020 2985 4073 καὶ
3015 4019 3125 4072 τῶν
3156 4020 3278 4073 κατ’
3307 4020 3466 4085 ἀξίαν
3493 4020 3766 4088 τυγιάνει

2163 4112 2403 4182 δωρεῶν.
2440 4112 2588 4166 Ἔδει
2628 4114 2737 4183 γὰρ
2772 4112 2998 4184 πρώτην
3041 4112 3141 4182 τὴν
3172 4112 3518 4181 παγκόσμιον
3557 4110 3765 4164 ὑποδέ-

2167 4204 2362 4271 ξασθαι
2387 4206 2588 4276 χαρὰν,
2619 4206 2717 4276 τὴν
2747 4204 2841 4257 τοῦ
2874 4205 3245 4275 πληρώματος
3281 4204 3415 4274 ἡμῖν
3440 4203 3628 4256 αἰτίαν
3658 4204 3759 4274 τῆς

2164 4299 2420 4368 τοιαύτης
2452 4297 2716 4367 ὀφθεῖσαν
2745 4297 3109 4368 εὐφροσύνης·
3142 4296 3241 4365 τὴν
3275 4294 3443 4365 μόνην
3472 4294 3543 4348 τὰ
3577 4293 3765 4363 ἀπόρ-

2169 4393 2306 4463 ρητα
2338 4388 2802 4459 πεπιστευμένην·
2836 4386 2931 4458 τὴν
2957 4390 3076 4449 ταῖς
3118 4384 3369 4457 ἀπείροις
3415 4383 3512 4436 τοῦ
3548 4384 3765 4449 πάθους

468 4477 812 4535 exstitisset:
865 4480 952 4533 cui
999 4480 1099 4535 soli
1155 4494 1355 4535 arcana
1403 4472 1890 4547 creditaessent;
1940 4498 2057 4552 qua:

2168 4481 2629 4553 προτετρωμένην
2680 4480 3002 4551 ῥομφαίαις.
3063 4478 3213 4531 Ἐδει
3275 4478 3376 4549 τὴν
3419 4476 3590 4548 μόνην
3648 4476 3763 4528 τῶν

542 4637 589 4670 ⁹⁰
628 4638 772 4693 Psal.
812 4655 905 4705 vn,
932 4639 987 4694 7.
1064 4639 1109 4670 ⁹¹
1139 4637 1281 4694 Psal.
1315 4655 1486 4705 van,
1535 4641 1583 4695 ι.
1658 4641 1705 4672 ⁹²
1740 4640 2214 4706 Psal.!.x\'ltt,55.
2293 4640 2337 4671 ’³
2385 4640 2556 4694 Marc.
2592 4655 2706 4703 xw,
2749 4639 2803 4694 9.

547 4779 658 4852 (Mi)
723 4780 1029 4833 Divinarum
1085 4782 1375 4848 magistron
1434 4782 1706 4850 Θεολόγῳ.
1764 4782 2049 4845 Egregium

465 4851 655 4908 Mariae
699 4851 1031 4919 epilltetttm.
1069 4867 1128 4903 ac
1162 4856 1517 4919 prmrugatira
1543 4893 1557 4915 ,
1592 4869 1753 4920 quam
1784 4855 1994 4905 ()ltllllt‘i.
2022 4868 2053 4906 a

469 4925 645 4992 prima
696 4923 785 4975 illa
842 4923 1110 4974 thlfll‘lna.
1161 4921 1421 4991 Dionysio
1470 4923 1730 4989 apostoli,
1770 4920 2046 4989 Θεολόγοι,

468 5004 600 5048 sunt
630 4993 937 5047 divinorum
970 4993 1213 5060 primarii
1244 4994 1493 5044 doctores
1522 5008 1534 5043 :
1567 5008 1594 5042 a
1631 4993 1826 5057 quibus
1856 5009 2051 5046 nomen

474 5065 575 5116 ltoc
602 5065 668 5114 ad
703 5064 840 5117 alios
871 5065 1175 5114 derivatum
1209 5072 1324 5127 est,
1354 5076 1416 5113 ac
1457 5062 1729 5128 przet-ipue
1762 5062 1824 5112 ad
1853 5060 2056 5128 Grego-

473 5138 616 5203 rium
655 5132 915 5187 Nazianz.
948 5132 1175 5201 Propter
1195 5135 1430 5186 maxime
1452 5131 1570 5201 ejus
1600 5131 1891 5203 Orationes
1921 5134 2052 5203 περὶ

472 5202 779 5270 θεολογίας,
818 5200 1213 5273 Μοιςιριιιέιιςιρε
1247 5205 1447 5256 dicitur
1477 5200 1598 5264 νέος
1622 5200 1914 5268 Θεολόγος·
1947 5200 2052 5257 ne-

478 5276 697 5341 sycltius
718 5290 935 5343 quoque
965 5284 1105 5329 orat.
1142 5275 1191 5326 ιιι
1221 5273 1276 5327 S.
1312 5274 1539 5337 Pascha,
1564 5287 1685 5341 qua:
1715 5284 1793 5343 est
1816 5276 2052 5327 secunda

475 5343 724 5411 Gregorii
756 5342 914 5413 Μυός.
959 5346 1177 5397 nomine
1210 5346 1376 5407 edita,
1414 5348 1464 5397 in
1500 5344 1646 5411 regio
1681 5342 1813 5396 Cod.
1856 5346 2055 5397 dicitur

478 5425 534 5468 et
561 5414 676 5484 ipse
701 5417 728 5467 ὁ
753 5414 1013 5482 Θεολόγος
1035 5430 1048 5441 ·
1077 5430 1175 5468 nec
1203 5414 1253 5467 id
1293 5415 1435 5468 aliud
1470 5416 1713 5468 videatur
1742 5414 2053 5481 recentiori,

482 5502 576 5539 seu
607 5485 766 5539 tnedti
801 5486 1063 5551 temporis
1093 5501 1189 5537 usu
1213 5526 1226 5549 ,
1261 5502 1422 5552 quant
1463 5486 1607 5553 quod
1641 5496 1828 5536 noster
1858 5485 2059 5552 Gnotg.

482 5555 802 5609 inscribitur
830 5555 881 5609 itt
906 5554 1053 5625 Cod.
1090 5556 1308 5607 Antonii
1343 5557 1648 5622 Allglhlllli,
1677 5557 1703 5606 ὁ
1742 5556 1929 5625 ῥήτωρ
1950 5569 1964 5584 ο
1996 5569 2060 5608 ac

482 5629 628 5693 (μησί
684 5629 850 5679 nostri
901 5624 1231 5693 Tltt-ologttnt
1270 5641 1331 5676 ac
1372 5624 1754 5678 Etelesmsmnt
1800 5624 2007 5677 Vocant
2046 5644 2059 5678 :

489 5711 592 5756 ιευι
628 5696 690 5747 tle
722 5713 777 5746 re
811 5696 917 5747 Lwo
952 5697 1113 5747 Allal.
1151 5696 1201 5747 itt
1239 5708 1333 5745 sua
1370 5696 1753 5749 dissertatione
1786 5700 1849 5747 de
1894 5697 2061 5749 Geor-

490 5788 519 5831 ι,
549 5790 616 5827 .3,
643 5765 730 5818 ubi
756 5768 819 5821 tle
846 5766 997 5821 Orat.
1023 5765 1238 5833 Georgii
1269 5766 1318 5817 in
1351 5767 1479 5819 illud
1514 5766 1728 5821 Stttlrmtt
1754 5768 1914 5835 juxta
1946 5784 2063 5820 rrtt~

2162 4796 2292 4836 cem.
2326 4789 2432 4830 etc.
2472 4776 2536 4831 In
2564 4777 2801 4830 bibliotlt.
2836 4775 3034 4842 inquit.
3079 4775 3296 4827 Antonii
3343 4774 3636 4841 Augustini
3664 4777 3769 4831 ευι

2162 4850 2368 4903 nomine
2396 4848 2639 4918 Gregorii
2670 4849 2890 4900 rhetori»-
2929 4848 3156 4914 ερὶδσορὶ
3195 4844 3769 4918 Νιεονιειιὲιειρςεὺαο

2162 4931 2265 4972 tur.
2301 4915 2844 4985 Prmler'episcoputn
2877 4918 3016 4970 alios
3053 4918 3190 4982 apud
3225 4932 3321 4969 uos
3354 4934 3418 4966 eo
3454 4915 3634 4968 omrio
3667 4919 3770 4970 de-

2164 4991 2430 5060 fungitur,
2487 5006 2551 5043 ac
2584 4989 2947 5060 peculiariter
2991 4988 3338 5060 ecclesiastes
3376 5001 3440 5040 ac
3474 4989 3768 5060 theologus

2163 5058 2283 5114 Sine
2330 5061 2584 5114 Ecclesize
2641 5061 2862 5113 dicitur.
2918 5058 3073 5124 Quod
3125 5060 3372 5127 ~equitnr
3431 5058 3766 5127 μυροφόρῳ,

2163 5132 2303 5184 ltaud
2338 5134 2409 5184 ita
2442 5134 2691 5183 videatur
2719 5132 2771 5184 in
2805 5128 3030 5182 Mariam
3060 5138 3353 5198 quadrate,
3388 5129 3439 5181 in
3470 5139 3763 5183 sententia

2162 5203 2361 5267 Georg.
2405 5204 2547 5269 quod
2600 5202 2688 5254 illa
2742 5212 3094 5253 monumento
3131 5210 3393 5253 constans
3431 5199 3710 5253 assedcrit
3744 5219 3760 5255 :

2163 5277 2229 5325 ad
2265 5273 2467 5325 calcem
2520 5282 2703 5324 tamen
2740 5271 2923 5325 multis
2957 5279 3115 5340 urget
3148 5272 3197 5322 in
3243 5271 3514 5329 eamdem,
3556 5279 3615 5321 ιιι
3652 5288 3766 5326 non

2165 5346 2334 5411 possit
2366 5357 2489 5396 esse
2523 5344 2777 5394 utendum
2809 5341 3039 5394 librarit.
3077 5340 3217 5394 Velit
3245 5341 3385 5394 forte
3415 5340 3763 5410 μυροφόρον·

2163 5430 2191 5465 a
2229 5415 2401 5482 pritna
2452 5422 2572 5481 post
2603 5428 2822 5466 crucem
2846 5454 2860 5475 ,
2895 5429 2958 5465 ac
2998 5427 3122 5464 vera
3157 5414 3450 5482 unctione,
3476 5424 3624 5482 _ant_e_
3650 5415 3768 5466 sri—

2163 5478 2288 5539 licet
2321 5478 2772 5547 luntulatimtetn,
2807 5487 2858 5535 in
2904 5498 3010 5550 qua
3047 5499 3151 5535 non
3197 5480 3430 5534 (it'fllel‘il
3470 5478 3528 5533 S.
3576 5479 3769 5537 Maria:

2161 5569 2348 5625 opera,
2379 5554 2532 5619 cnjns
2558 5568 2829 5622 praecipue
2855 5554 3096 5615 hortatu,
3123 5551 3403 5605 Nicodent.
3448 5564 3504 5604 et
3530 5551 3765 5618 .ln‘sepii,

2166 5630 2242 5682 sic
2290 5625 2512 5677 llotnino
2553 5634 3015 5691 parentavernnt,
3066 5634 3127 5676 ut
3174 5625 3522 5690 prosequitur
3574 5635 3769 5676 noster

2170 5698 2470 5765 “cingitis,
2505 5708 2667 5747 etlam
2702 5704 2839 5746 orat.
2884 5696 2935 5747 in
2984 5696 3135 5757 illud,
3188 5692 3409 5749 Saturni
3439 5692 3601 5762 ⁵ίιιλω
3634 5709 3763 5746 (ru-

2172 5789 2299 5837 tt'm,
2335 5780 2438 5821 etc.
2468 5766 2699 5834 (ἐι-ρεστ,
2736 5766 3012 5833 :‘xlllloch.,
3041 5776 3150 5821 etc.
