4060 6480
327 307 504 376 ’1501

1014 318 1098 378 ΙΝ
1137 319 1243 380 SS.
1285 321 1550 382 MARIIE
1589 322 2146 388 ASSISTENTIAM
2185 325 2269 388 ΙΝ
2309 323 2718 400 SEPULCRO,
2762 325 2924 386 ETC.

3498 324 3522 389 1
3533 327 3638 392 502

355 423 708 494 σκυθρωπῶν
736 425 994 480 κοινωνὸν
1022 427 1101 498 τῷ
1131 427 1246 498 Υἱῷ
1279 429 1606 502 γενομένην,
1659 431 1830 504 μόνην
1853 432 1941 486 καὶ

2054 433 2483 516 innumerabiles
2513 431 2784 503 passionis
2810 445 3063 501 perpessa
3087 440 3234 488 esset
3264 432 3498 502 gladios.
3530 435 3634 489 l‘ar

353 517 458 586 τῆς
493 515 644 580 θείας
669 516 888 589 ἐκείνης
909 519 1326 590 προαπολαῦσαι
1365 521 1653 593 θυμηδίας.

445 699 606 754 Ἀλλά
639 701 722 764 τίς
749 700 816 756 ἂν
849 701 1034 773 νόησις
1061 703 1160 775 τὴν
1192 704 1627 775 παραδεχθεῖσαν
1664 706 1803 778 αὐτῇ
1833 725 1937 760 κα-

351 793 754 864 ταστοχάσαιτό
783 811 902 859 σου,
931 797 1178 850 Δέσποτα
1203 837 1218 862 ,
1249 797 1437 867 δόξαν;
1465 800 1548 864 τίς
1575 799 1645 853 τὰ
1675 801 1939 871 ἀμήχανά

353 900 455 936 σου
482 884 655 954 κάλλη
678 887 844 958 νοερὰ
875 890 1234 958 κατανοήσειε
1263 889 1450 958 φύσις,
1479 893 1622 962 ἆπερ
1645 891 1722 955 ὡς
1751 892 1938 964 Μητρὶ

351 975 762 1046 διανεκάλυψας
807 978 968 1046 τότε;
1008 981 1072 1032 Ὢ
1107 982 1196 1034 οἵα
1231 984 1528 1054 φαιδρότης
1570 983 1746 1056 ταύτῃ
1799 1002 1936 1038 κατ-

352 1067 595 1138 εφάνηςί
629 1069 739 1138 Οῑῳ
765 1069 810 1123 δ’
838 1069 1000 1142 ἔρωτι
1025 1071 1124 1142 τὴν
1145 1073 1322 1127 κτίσιν
1345 1074 1648 1144 τηνικαῦτα
1667 1076 1940 1146 κατελάμ-

357 1175 570 1225 πρυνας
598 1158 850 1214 ἇπασανΙ
887 1163 988 1232 Οἴα
1015 1168 1325 1234 φωτοφανεῖ
1353 1165 1451 1238 θέᾳ
1480 1170 1593 1229 τοῖς
1619 1169 1938 1238 ὲγκοσμίοις

351 1247 578 1317 ῶφθηςῐ
621 1249 720 1303 Οἴα
753 1251 846 1303 τοῦ
883 1251 1054 1322 ἡδέως
1101 1255 1354 1319 ἐκείνου,
1407 1257 1502 1310 καὶ
1548 1259 1790 1327 κήρυκος
1836 1257 1937 1326 τῆς

351 1339 705 1404 ἀναστάσεως
761 1343 1059 1413 γενομένου
1113 1346 1340 1416 σεισμοῦ
1393 1348 1594 1400 εὐωδία
1641 1348 1712 1401 τὰ
1760 1349 1938 1402 πάντα

349 1431 703 1490 διέπνευσενὲ
755 1431 856 1490 Οἴα
885 1439 955 1492 τά
1003 1440 1150 1512 μύρα
1195 1458 1289 1494 σου
1329 1441 1425 1496 τοῦ
1457 1443 1730 1497 ἀκενώτου
1765 1443 1937 1515 μύρου

353 1525 800 1596 ὑπερϐλύσαντος
821 1531 854 1600 ἡ
879 1531 952 1602 γῆ
976 1531 1246 1584 ἀνέδωκεν
1269 1537 1282 1587 l
1324 1534 1388 1586 Ὤ
1417 1535 1536 1598 πῶς
1563 1537 1644 1600 εἰς
1671 1536 1733 1590 τὸ
1759 1536 1940 1590 καινό-

347 1635 509 1686 τερον
555 1621 588 1689 ή
627 1619 891 1690 σύμπασα
919 1625 1044 1676 τότε
1093 1625 1496 1698 μετεμορφώθη
1545 1627 1934 1699 διακόσμησιςί

351 1708 478 1772 Πῶς
512 1711 648 1779 πρὸς
685 1711 746 1764 τὸ
779 1713 1182 1784 εὐρυθμότερον
1217 1719 1625 1790 μετεσκευάσθη
1660 1723 1936 1790 στοιχεῖα;

350 1800 480 1864 IIII);
506 1803 534 1852 ἡ
559 1803 665 1873 ἀὴρ
689 1806 810 1866 ταῖς
834 1805 1097 1876 γαλήναις
1119 1809 1213 1860 καὶ
1243 1807 1526 1878 γλυκείαις
1548 1811 1936 1884 κατεκοσμήθη

347 1892 670 1960 διαπνοαῖςς
711 1897 845 1951 Τίνα
878 1898 947 1951 τὰ
977 1898 1069 1953 τοῦ
1115 1900 1280 1971 χοροῦ
1320 1901 1426 1955 τῶν
1460 1904 1710 1974 ἀστέρων
1752 1903 1938 1958 διανα-

348 1984 605 2038 τείλαντα
637 1986 846 2058 κὰλλη;
876 1983 998 2042 Οἷαι
1024 1989 1134 2042 τῶν
1180 1991 1422 2060 ἡλιακῶν
1453 1993 1690 2046 ἀκτίνων
1716 1993 1939 2064 διαυγέ-

351 2091 542 2146 στεραι
575 2077 758 2147 βολαίῐ
792 2081 888 2144 Τίς
917 2081 951 2149 ή
979 2081 1077 2150 τῆς
1097 2081 1350 2152 οὐρανίου
1371 2083 1791 2156 διακοσμήσεως
1814 2103 1942 2158 τερ-

349 2169 585 2238 πνὸτηςι
629 2171 724 2234 Τίς
756 2173 789 2242 ἡ
823 2173 932 2224 τῶν
960 2173 1209 2242 ἀγγέλων
1255 2179 1746 2250 συγκεκροτημένη
1775 2196 1936 2250 χορο-

345 2260 576 2315 στασίαῑ
609 2263 705 2327 Τίς
730 2265 758 2316 ὁ
785 2265 917 2334 ἡδὺς
956 2265 1137 2321 αὐτῶν
1176 2267 1275 2337 τῆς
1312 2269 1628 2338 δοξολογίας
1657 2267 1836 2342 ἦχοςι
1875 2273 1940 2325 Ὢ

341 2351 490 2414 οἵαις
509 2357 627 2417 ταῖς
646 2354 820 2419 θείαις
840 2358 1198 2426 ἐνωραῖζοντο
1216 2360 1340 2414 τότε
1365 2360 1746 2434 λαμπρότησιν
1767 2364 1780 2417 ι
1807 2365 1938 2418 Οἴαν

341 2445 394 2496 οί
449 2444 547 2512 τῆς
593 2447 692 2514 σῆς
735 2449 1007 2518 ἐγέρσεως
1049 2452 1292 2521 κήρυκες
1335 2453 1681 2525 περιέκειντο
1713 2455 1938 2524 φαιδρό-

341 2551 487 2604 τητα
512 2537 525 2590 !
547 2536 798 2608 Οῖαντὴν
827 2541 1119 2608 ὁραοεῖσαν
1148 2541 1311 2607 δόξαν
1349 2545 1446 2598 καλ⁸
1478 2545 1746 2617 καλλονὴν
1777 2565 1940 2617 παρ-

341 2625 596 2693 castam
645 2630 710 2681 Ὦ
743 2629 936 2708 φωνῶν
989 2634 1082 2686 καὶ
1124 2633 1298 2702 λόγων
1345 2637 1574 2692 ἐκείνων
1641 2638 1751 2692 τῶν
1797 2640 1941 2695 κατὰ

335 2720 444 2774 τοῦ
491 2723 754 2790 πολεμίου
802 2726 1164 2794 μηνυσάντων
1203 2728 1363 2799 νίκην
1387 2745 1401 2763 ο
1431 2730 1542 2784 τῶν
1580 2733 1938 2801 κηρυξάντων

335 2813 450 2884 τὴν
479 2815 574 2867 τοῦ
611 2814 848 2869 θανάτου
899 2819 1226 2873 κατάλυσιν
1255 2821 1368 2874 τῶν
1416 2821 1515 2893 τὴν
1570 2823 1718 2896 ζωήν
1751 2842 1812 2878 σε
1844 2826 1939 2880 καὶ

335 2905 648 2958 ἀνάστασιν
677 2909 787 2970 τοῖς
831 2911 1098 2977 ἐπιγείοις
1125 2910 1672 2983 εὐαγγελιζομένωνί
1712 2917 1776 2971 ’Ὠ
1806 2915 1938 2983 γλυο-

334 2996 504 3061 κείας
529 2999 624 3052 καὶ
648 2999 978 3066 ὑπερέκεινα
1003 3003 1200 3068 παντὸς
1231 3004 1426 3072 ἐφετοῦ
1459 3006 1646 3076 φωνῆς
1678 3023 1771 3062 σου
1838 3009 1937 3078 τῆς

2041 533 2184 588 erat,
2215 533 2274 579 ut
2302 540 2425 594 qua:
2455 527 2573 578 sola
2623 525 2862 578 tristium
2911 523 3053 578 Filio
3081 525 3230 580 socia
3267 525 3486 593 fuisset,
3519 527 3630 581 sola

2041 629 2256 684 quoque
2287 615 2439 683 prior
2466 613 2720 669 omnibus
2749 613 3080 683 voluptatem
3119 615 3272 669 illam
3299 615 3628 686 perciperet.

2111 703 2402 760 Enimvero
2448 705 2701 774 quisnam
2748 705 2966 758 animus
3019 713 3222 758 tantam
3273 705 3421 760 illam
3467 721 3630 776 quant

2039 798 2302 865 suscepit,
2331 795 2578 862 Domine,
2605 803 2756 849 tuam
2792 795 3017 866 gloriam
3041 837 3056 862 ,
3090 795 3366 865 conjicere
3409 799 3586 853 Valeat
3608 801 3632 849 ἲ

2041 886 2310 953 Quaenam'
2361 905 2487 943 vero
2549 887 2932 943 intellectualis
3004 900 3236 954 natura,
3305 889 3627 945 immensam

2042 979 2186 1033 illam
2226 979 2720 1049 pulcln'itudinem,
2765 996 2928 1051 quam
2981 981 3130 1034 velut
3163 979 3320 1034 Matri
3358 990 3489 1037 tunc
3547 997 3631 1036 re-

2045 1071 2258 1138 velasti,
2321 1072 2597 1127 intellecttt
2651 1073 2988 1143 perspiciat?
3024 1072 3068 1127 0
3123 1082 3324 1142 quanta
3367 1073 3415 1128 ei
3444 1073 3628 1128 laetitia

2041 1163 2375 1232 apparuisti!
2423 1164 2637 1231 Quanta
2672 1180 2800 1219 vero
2832 1165 2951 1218 luce
2979 1205 2993 1228 ,
3031 1174 3214 1218 creata
3266 1166 3520 1219 universa
3574 1166 3624 1220 id

2045 1255 2304 1323 temporis
2355 1255 2668 1309 illustrasti!
2701 1255 2854 1322 Quali
2911 1256 3178 1311 luminoso
3209 1266 3433 1325 aspectu
3477 1256 3626 1310 visus

2041 1359 2101 1400 es
2151 1347 2335 1400 tnundi
2373 1347 2582 1400 civibus
2623 1347 2636 1400 l
2667 1346 2854 1412 Qualis
2897 1348 3068 1402 dulcis
3101 1349 3244 1403 illius
3273 1364 3336 1402 ac
3366 1347 3630 1418 przecouis

2043 1437 2460 1492 resurrectionis
2509 1445 2851 1492 terraetnotus
2914 1437 3213 1508 fragrantia
3269 1439 3452 1493 omnia
3509 1453 3629 1508 per-

2041 1531 2299 1598 Spiravit!
2331 1530 2521 1596 Qualia
2553 1541 2828 1600 unguenta
2856 1571 2872 1596 ,
2919 1531 3246 1586 inexliausto
3277 1538 3370 1584 tuo
3405 1531 3498 1586 illo
3527 1546 3627 1584 uu-

2043 1630 2242 1690 guento
2273 1621 2427 1690 cepia
2459 1636 2621 1692 supra
2658 1610 2878 1676 modum
2913 1623 3246 1677 scaturieute
3269 1663 3284 1688 ,
3334 1631 3478 1677 terra
3508 1621 3623 1676 red-

2045 1711 2208 1766 didit!
2262 1711 2306 1768 Ο
2341 1713 2614 1784 quomodo
2695 1714 2749 1767 in
2803 1729 2996 1766 novam
3046 1713 3337 1783 quamdam
3398 1709 3630 1778 speciem

2045 1805 2302 1860 universa
2342 1821 2522 1859 rerum
2560 1805 2872 1860 distributio
2923 1816 3050 1859 tunc
3090 1803 3352 1873 temporis
3405 1799 3626 1856 transii-

2043 1905 2235 1968 gurata
2293 1897 2405 1951 est!
2443 1895 2732 1964 Quomodo
2767 1897 3040 1952 elementa
3083 1896 3137 1949 in
3183 1893 3626 1962 compositiorem

2042 1989 2326 2059 quemdam
2369 1989 2618 2044 ordinem
2656 1982 3138 2042 demutata'sunt!
3193 1986 3478 2052 Quomodo
3532 1998 3628 2038 aer

2040 2081 2244 2137 sedatis
2285 2081 2640 2150 dulcibusque
2699 2089 2925 2134 ornatus
2959 2091 3044 2134 est
3091 2078 3345 2134 ﬂatibus!
3381 2078 3626 2146 Quantus

2040 2173 2222 2228 oriens
2256 2172 2418 2228 decor
2453 2171 2610 2226 chori
2642 2171 2963 2226 Stellarum!
3001 2169 3202 2236 Quales
3235 2167 3496 2222 solarium
3537 2181 3626 2222 ra-

2041 2265 2255 2319 diorum
2291 2263 2612 2319 lucidissimi
2643 2263 2867 2332 jactus!
2923 2261 3180 2328 Quaenam
3217 2271 3374 2330 grata
3411 2259 3625 2326 Species

2041 2356 2284 2410 caelestis
2335 2356 2595 2410 ornatus!
2635 2355 2766 2422 Quis
2821 2363 3005 2408 tantus
3038 2351 3352 2422 angelorum
3402 2359 3624 2404 coactus

2041 2451 2241 2505 chorus
2271 2463 2336 2504 ac
2373 2447 2712 2517 tripudium!
2752 2446 2884 2514 Quis
2919 2461 3106 2502 eorum
3151 2444 3476 2498 laudatioais
3500 2457 3626 2496 sua-

2041 2543 2123 2598 vis
2174 2543 2375 2597 sonus!
2413 2539 2460 2598 0
2498 2540 2754 2610 qualibus
2790 2550 2920 2594 tunc
2954 2539 3385 2593 venustabautur
3425 2535 3626 2590 divinis

2043 2634 2453 2706 splendoribusl
2515 2633 2690 2700 Quam
2741 2643 2846 2686 tuae
2884 2630 3306 2686 resurrectionis
3345 2641 3624 2698 praecones

2042 2727 2218 2782 induti
2257 2735 2416 2780 erant
2444 2724 2729 2780 laetitiam!
2769 2725 2992 2790 Qualem
3029 2722 3424 2784 ostenderunt,
3460 2733 3622 2789 quam

2040 2821 2266 2891 gloriam
2352 2833 2416 2873 ac
2460 2817 2697 2886 speciem
2746 2815 3035 2870 viderant!
3095 2812 3141 2868 Ο
3177 2827 3334 2868 voces
3382 2810 3502 2865 illas
3561 2823 3626 2864 ac

2039 2927 2321 2967 sermones
2355 2924 2544 2966 eorum
2571 2948 2586 2974 ,
2621 2909 2712 2978 qui
2765 2907 3010 2962 victoriae
3049 2909 3116 2963 de
3145 2907 3301 2963 ltoste
3337 2913 3628 2974 reportatae

2041 3005 2216 3060 nuntii
2251 3005 2497 3064 luerunt!
2543 3002 2633 3072 qui
2665 3001 3102 3072 praedicaverunt
3125 3009 3455 3066 prostratam
3488 3013 3628 3052 mor-

334 3087 451 3160 τὴν
479 3089 658 3160 χαρὰν
686 3091 764 3162 τῷ
795 3093 988 3164 κόσμῳ
1028 3094 1117 3148 διὰ
1155 3097 1264 3150 τῶν
1299 3100 1626 3172 μυροφὸρων
1657 3101 1934 3172 ὲνηχησά-

2045 3106 2190 3164 lem;
2254 3095 2346 3165 qui
2418 3095 2586 3150 vitam
2639 3103 2691 3148 te
2743 3108 2808 3148 ae
2886 3091 3339 3146 resurrectionem
3394 3088 3628 3142 terrenis

339 3198 488 3248 σης·
543 3187 644 3255 τῆς
691 3186 759 3238 τὰ
815 3185 1036 3256 λυπηρά
1083 3189 1183 3260 τῆς
1237 3192 1516 3262 ἁμαρτίας
1563 3193 1936 3266 διαῤῥηξάσης

335 3273 543 3343 δεσμά·
586 3277 685 3346 τῆς
723 3277 1070 3347 εὐφροσύνην
1103 3284 1226 3344 ταῖς
1271 3281 1380 3335 τῶν
1428 3285 1686 3339 ἁπάντων
1721 3289 1936 3356 ὲνοικη-

341 3365 524 3436 σάσης
553 3365 768 3430 ἀκοαῖς.
801 3371 952 3423 Ἔδει
979 3372 1088 3442 γὰρ
1124 3375 1224 3445 τὴν
1250 3375 1585 3447 αὐτοχαράν,
1625 3378 1722 3432 καὶ
1761 3378 1940 3451 θυμη-

338 3455 472 3510 δίαν
495 3459 726 3529 τοιούτῳ
753 3463 1182 3534 προκηρύγματι
1205 3469 1268 3538 τῇ
1289 3467 1397 3519 τῶν
1421 3469 1518 3522 ἀνθ
1529 3467 1727 3540 ρώπων
1752 3487 1940 3540 προοι-

343 3547 656 3618 μιάσασθαι
701 3550 915 3620 κλήσει,
946 3553 1173 3624 τοιούτῳ
1205 3560 1496 3628 περιχαρεῖ
1518 3559 1939 3629 προσφθέγματι

337 3638 468 3699 τοῖς
494 3637 571 3706 τῷ
602 3638 833 3709 λυπηρῷ
866 3642 964 3712 τῆς
1000 3644 1274 3716 ἁμαρτίας
1301 3647 1644 3718 ἐνεχομένοις
1676 3650 1939 3722 ἐπιτιμίῳ

341 3731 760 3800 προσομιλῆσαι
811 3733 1058 3797 τοιαῦτα,
1093 3737 1189 3790 καὶ
1217 3737 1313 3807 τῆς
1347 3739 1674 3809 παρουσίας,
1709 3741 1804 3795 καὶ
1837 3741 1938 3812 τῆς

342 3820 674 3888 εὐεργεσίας
705 3839 798 3875 σου
831 3825 1165 3896 προδραμεῖν
1195 3827 1524 3898 Εὑαγγέλια.
1579 3831 1939 3904 Ἐσκίρτησεν

341 3913 390 3983 ἡ
422 3914 687 3984 σύμπασα
714 3915 922 3981 κτίσις.,

426 4195 559 4248 Τότε
609 4196 942 4252 διεπέτασαν
991 4203 1038 4254 οἱ
1077 4203 1298 4272 οὐρανοὶ
1327 4203 1426 4266 τὰς
1476 4205 1686 4269 πύλας,
1729 4207 1823 4260 καὶ
1865 4207 1940 4272 ὡς

349 4287 496 4340 ἰδίαν
520 4288 619 4359 τὴν
651 4289 758 4340 τῶν
793 4292 998 4360 γηΐνων
1037 4292 1374 4358 εἰσεδέξαντο
1409 4295 1694 4362 ἀγγελίαν.
1744 4295 1944 4364 Ἥγαλ-

343 4379 616 4430 λιάσαντο
650 4381 704 4432 αἱ
730 4381 917 4449 νοεραὶ
941 4381 1225 4452 δυνάμεις,
1256 4385 1348 4437 καὶ
1375 4387 1439 4455 τῇ
1470 4386 1788 4458 ἀνθρωπίνῃ
1821 4377 1965 4442 συν(

2046 3187 2522 3260 evangelizarunt!
2557 3184 2601 3241 Ο
2633 3185 2843 3240 dulcem
2871 3223 2886 3249 ,
2935 3199 2998 3238 ac
3027 3199 3188 3253 supra
3222 3195 3384 3236 omne
3415 3181 3627 3234 deside-

2045 3278 2271 3334 rabilem
2301 3293 2483 3332 vocem
2505 3289 2650 3334 tuam
2675 3280 2688 3330 ι
2724 3291 2842 3346 qua:
2861 3290 2956 3343 per
2984 3273 3392 3344 unguentifcras
3435 3271 3627 3325 mulie-

2047 3387 2133 3424 res
2163 3371 2414 3440 gaudium
2453 3370 2694 3424 insonuit
2752 3369 2951 3422 mundo
2986 3387 3000 3422 :
3039 3382 3159 3436 qua:
3209 3365 3384 3418 tristia
3435 3362 3626 3416 mortis

2046 3462 2279 3531 disrupit
2309 3461 2554 3528 vincula;
2601 3478 2722 3532 quae
2753 3461 2993 3515 ontuium
3039 3458 3263 3511 auribus
3300 3454 3621 3524 jucundita-

2049 3567 2154 3609 tem
2211 3556 2459 3610 immisit.
2502 3553 2800 3624 Oportebat
2851 3553 2996 3608 enim
3055 3551 3227 3622 ipsum
3266 3564 3362 3618 per
3407 3563 3465 3603 se
3495 3563 3630 3619 gau-

2047 3648 2193 3701 dium
2227 3661 2292 3701 ac
2321 3647 2751 3716 jucunditatem,
2805 3644 3006 3717 praevia
3058 3642 3325 3713 ejusmodi
3365 3639 3628 3710 praedica-

2051 3741 2216 3806 tione,
2242 3739 2522 3793 hominum
2551 3739 2720 3792 ordiri
2758 3737 3098 3792 vocationem
3133 3753 3146 3788 :
3175 3733 3439 3800 ejusmodi
3473 3733 3628 3798 plena

2048 3832 2231 3902 gaudii
2283 3830 2702 3900 compellatione
2724 3869 2741 3896 ,
2776 3845 2870 3884 eos
2902 3828 3080 3894 aﬂ'ari,
3111 3827 3202 3897 qui
3242 3825 3385 3880 tristi
3423 3822 3628 3893 peccati

2047 3935 2203 3979 reatu
2239 3923 2605 3978 tenebantur:
2641 3932 2698 3976 ιιι
2732 3921 2858 3976 talia
2888 3923 3156 3975 adventus
3190 3919 3264 3971 tui
3287 3933 3350 3971 ac
3377 3914 3628 3970 beneﬁcii

2050 4023 2449 4084 praecurrerent
2483 4013 2656 4068 fausta
2693 4013 2901 4066 nuntia.
2935 4008 3197 4079 Tripudio
3227 4006 3443 4078 gestivit
3473 4019 3634 4060 crea-

2053 4116 2168 4160 tura
2197 4106 2398 4160 omnis.

2122 4198 2274 4252 Tunc
2297 4197 2420 4252 coeli
2453 4205 2783 4266 aperuerunt
2809 4208 3016 4266 portas.
3049 4209 3111 4249 ac
3145 4191 3295 4248 velut
3324 4190 3627 4262 propriam,

2052 4296 2392 4342 terrenarum
2455 4287 2794 4342 admiserunt
2833 4285 3328 4341 annttntiatimtetn.
3379 4285 3634 4338 Exsulta-

2054 4393 2180 4436 runt
2233 4381 2507 4448 spiritales
2557 4381 2786 4434 virtutes
2815 4419 2828 4444 ,
2868 4379 3097 4448 parique
3151 4396 3272 4433 cum
3311 4376 3626 4432 hominibus

341 4469 616 4539 ηδόμεναι
661 4470 899 4542 θυμηδία
923 4513 936 4535 ,
971 4475 1155 4544 κοινὴν
1193 4476 1290 4544 τὴν
1329 4477 1805 4548 ὑπερευφρόσυνον
1845 4497 1940 4550 χο-

2045 4473 2384 4544 jueunditate
2415 4473 2736 4542 gaudentes,
2772 4473 3066 4541 tripudium
3103 4472 3247 4524 omni
3284 4471 3456 4540 majus
3489 4467 3632 4524 lani-

351 4563 512 4632 ρεῖαν
543 4563 950 4632 ἐπεκρότησαν.
1015 4565 1394 4638 Κατελάμφθη
1431 4569 1734 4640 τηνικαῦτα
1755 4613 1770 4638 ,
1797 4572 1834 4624 ’ὅ
1879 4589 1941 4625 τε

347 4653 545 4720 νοητὸς
589 4656 682 4705 κει)⁸
709 4655 738 4706 ὁ
776 4655 1032 4726 αἰσθητὸς
1065 4658 1288 4730 κόσμας.
1343 4661 1691 4732 Διηλόιθησαν
1731 4665 1797 4717 ἐκ
1835 4663 1944 4718 τῶν

351 4743 610 4812 περάτων
653 4745 894 4815 ἀθυμίας
937 4748 1108 4821 νέφη,
1161 4751 1257 4804 καὶ
1302 4751 1570 4822 εὐθυμίας
1610 4755 1828 4818 ἀκτῖνες
1876 4756 1947 4810 τὰ

351 4835 537 4886 πάντα
579 4837 1023 4908 περιειλήφασιν.
1083 4838 1340 4912 Ἐξεδύοη
1385 4843 1444 4896 τὸ
1477 4845 1722 4914 κατηφὲς
1767 4848 1798 4916 ή
1846 4864 1946 4900 κα.-

350 4925 618 4992 τάκριτος
651 4925 813 4992 φύσις
840 4967 854 4990 ,
908 4929 1002 4980 καὶ
1047 4929 1146 5000 τὴν
1190 4931 1285 4982 τοῦ
1327 4933 1504 5000 φωτὸς
1555 4935 1952 5004 περιεΰὰ).λετο

354 5015 576 5085 στολήν.
639 5019 932 5090 Διεσχίσθη
987 5021 1048 5074 τὸ
1099 5021 1202 5092 τῆς
1251 5026 1498 5096 κατάρας
1556 5027 1943 5099 χειρόγραφον·

353 5107 608 5177 εὐλογίας
642 5111 1068 5184 ἀπεγράφησαν
1103 5117 1448 5184 ἐπαγγελίαι·
1496 5120 1674 5174 πάντα
1716 5121 1792 5191 τῷ
1827 5139 1948 5176 και-

355 5203 563 5272 νοποιῷ
590 5204 681 5256 τοῦ
715 5205 960 5269 Χαίρετε
988 5207 1455 5278 προσφθέγματος
1480 5211 1575 5280 τῆς
1603 5211 1828 5282 ἡδίστης
1854 5212 1949 5266 καὶ⁴

356 5295 643 5366 ἁδιαδόχου
687 5314 779 5348 σου
812 5297 1172 5369 πεπλήρωται
1199 5303 1396 5372 χαρᾶς.
1435 5303 1596 5373 Αὑτῴ
1631 5305 1948 5376 ἀγαλλίαμα

358 5387 504 5458 γὰρ·
529 5383 596 5460 ἦν
627 5389 644 5462 [
671 5390 772 5460 leg.
810 5391 971 5452 αὐτὸς
1023 5392 1134 5462 γὰρ
1177 5389 1249 5464 εἴ]
1307 5394 1648 5465 εὐφροσύνης
1694 5399 1798 5450 ἀττὲ
1814 5415 1948 5468 σης,

360 5480 460 5535 καὶ
494 5484 667 5554 κῆρυξ
693 5488 785 5538 καὶ
815 5485 985 5548 αἴτιος
1006 5527 1020 5552 ,
1049 5486 1276 5553 ἀγαθῶν
1307 5490 1608 5558 ποιητικὸς,
1645 5492 1738 5543 καὶ
1771 5491 1950 5563 θυμη-

359 5577 480 5636 δέας
515 5578 847 5646 παρεκτικὸς
869 5620 882 5637 ,
921 5577 1033 5649 ζωὴ
1054 5621 1066 5643 ,
1105 5581 1198 5632 καὶ
1227 5580 1522 5644 ἀνάστασις
1543 5621 1556 5645 ,
1598 5583 1692 5634 καὶ
1719 5585 1952 5651 ivngam?-

365 5685 521 5742 ρετον
557 5671 1007 5742 ἐγκαλλώπισμα.
1051 5671 1171 5734 Φῶς
1201 5670 1372 5740 γλυκὺ
1399 5713 1411 5736 ,
1449 5674 1542 5725 καὶ
1576 5661 1950 5746 ὑπερπιὲθητον

363 5768 577 5836 θέαμα·
614 5768 824 5840 γαλήνη
857 5767 1142 5839 νοουμένη,
1177 5768 1269 5822 καὶ
1295 5771 1485 5839 εἰρήνη
1513 5772 1946 5840 παρα-,ἰννηιένγι-

2051 4567 2125 4620 tia
2175 4575 2490 4636 coegerunt.
2528 4563 2788 4618 Perfusus
2841 4571 2924 4616 est
2969 4563 3177 4615 lumine
3207 4576 3330 4616 cum
3371 4559 3636 4630 spiritalis

2049 4661 2305 4724 mundus,
2343 4669 2452 4711 tum
2507 4655 2743 4710 scnsilis.
2781 4655 2958 4709 Pulsa:
2991 4663 3120 4707 sunt
3159 4659 3226 4706 ab
3257 4653 3404 4706 orbis
3435 4651 3635 4706 ﬁnibus

2049 4751 2322 4807 maestitia:
2370 4751 2590 4817 nubes;
2633 4749 2834 4804 laetitiae
2856 4749 2989 4803 radii
3037 4749 3217 4803 omnia
3271 4756 3632 4816 occuparunt.

2047 4845 2248 4900 Natura
2303 4858 2392 4897 rea
2431 4843 2674 4896 habitum
2738 4843 3016 4897 tnmslitiae
3058 4844 3249 4908 eXuit,
3294 4857 3358 4896 ac
3413 4841 3634 4896 luminis

2048 4938 2225 4994 induit
2272 4939 2492 4992 stolam.
2536 4935 2847 5005 Disruptum
2883 4945 2964 4990 est
3005 4937 3408 4990 maledictionts
3447 4935 3634 4988 cltiro~

2051 5032 2340 5101 grapltum,
2372 5031 2602 5100 ejusque
2635 5028 2756 5083 loco
2806 5029 3261 5099 repromissiones
3307 5026 3634 5094 conscriptas

2050 5134 2197 5181 ειιιιι.
2229 5121 2422 5178 Otunia
2446 5163 2460 5186 ,
2503 5138 2642 5176 nova
2676 5122 2764 5176 illa
2797 5123 2942 5176 vocis
2974 5120 3130 5174 Aucte
3167 5120 3588 5190 compellatione
3614 5160 3629 5183 ,

2051 5215 2366 5270 dulcissimo
2401 5226 2492 5270 tuo
2519 5231 2582 5269 ac
2616 5215 2965 5269 imlel‘ectibéli
3003 5215 3197 5282 gaudio
3230 5222 3358 5266 sunt
3389 5214 3630 5279 impleta.

2051 5307 2129 5362 Tn
2171 5310 2314 5361 enim
2346 5309 2515 5362 totius
2546 5307 2746 5361 lxetitiae
2803 5307 3096 5360 exsultatio
3123 5321 3182 5360 es
3203 5348 3216 5372 ,
3255 5321 3539 5376 prmcoque
3567 5321 3633 5361 ac

2052 5414 2212 5453 causa
2239 5415 2253 5462 ;
2289 5399 2552 5452 bonorum
2584 5397 2924 5459 conciliatio,
2958 5413 3020 5451 ac
3045 5397 3402 5466 jucunditatis
3435 5395 3633 5464 praebi-

2054 5493 2162 5554 tio;
2199 5492 2327 5558 vita,
2366 5501 2417 5545 et
2451 5490 2804 5554 resurrectio,
2831 5491 3193 5569 gloriatioque
3226 5487 3587 5544 inauieribilis
3615 5505 3632 5544 :

2055 5585 2208 5639 dulce
2237 5584 2440 5648 lumen,
2477 5599 2541 5637 ac
2575 5585 2941 5652 spectaculum
2973 5599 3137 5650 supra
3173 5585 3389 5636 modum
3419 5581 3637 5634 deside-

2057 5676 2268 5729 rabile:
2327 5675 2690 5744 tranquillitas
2733 5686 2912 5729 urente
2949 5687 3241 5743 cont-cpta,
3285 5691 3498 5744 paxque
3537 5675 3633 5728 ad-

2057 5769 2276 5824 veniens
2305 5782 2318 5820 :
2351 5770 2462 5838 ipsa
2500 5783 2593 5836 per
2621 5781 2677 5822 se
2703 5769 2965 5837 Sapientia
2991 5808 3003 5832 ,
3032 5783 3097 5822 ac
3131 5769 3325 5832 virtus,
3361 5766 3638 5821 submini-r
