4060 6434
494 324 633 394 1503

1623 312 1943 376 GEORGII
1984 304 2582 369 NICOMEDI‘ENSIS

3619 288 3779 355 1505“

491 441 796 509 Stratioqne
857 439 1182 507 prudentiae;
1252 433 1583 501 incorruptio
1649 444 1700 485 et
1752 428 2068 488 aeternitas;

2185 419 2501 486 ιύτοσοφία,
2561 417 2650 469 καὶ
2705 414 2952 484 δύναμις.
3001 410 3097 465 xal.
3153 411 3426 471 συνέσεως
3476 405 3761 479 πάροχος,

493 531 839 587 incolumitas
881 532 1084 598 pariter
1136 547 1199 585 ac
1237 529 1547 599 jucunditas
1571 564 1586 589 ,
1616 532 1977 590 constansque
2005 532 2068 571 ac

494 624 835 677 invariahilis
876 631 1147 676 venustas.
1188 621 1538 674 Pulchrime
1572 618 1844 677 intellectu
1875 614 2065 684 major,

494 729 561 769 ac
599 716 760 768 decor
795 715 1128 768 immensus:
1165 715 1277 781 ipsa
1311 728 1406 781 per
1438 728 1496 766 se
1531 711 1794 765 sanctitas
1820 744 1836 771 .
1867 706 2071 761 honor-

496 820 620 871 que,
660 815 713 860 et
742 804 953 873 justitia
976 846 991 870 ,
1024 820 1087 858 ac
1116 822 1273 874 supra
1307 804 1519 858 modum
1552 803 1850 871 gloriﬁcata
1875 800 2066 870 gloria.

498 896 658 951 Snltts
700 912 758 950 cs
803 898 1074 967 cupiditas
1127 897 1367 950 numeris
1414 897 1667 949 omnilms
1709 892 1975 955 absoluta,
2007 906 2068 945 ac

497 990 822 1043 desiderium
849 990 1062 1043 modum
1092 991 1335 1043 nesciens
1364 1006 1378 1042 :
1406 987 1816 1042 itmominahilis
1844 986 2065 1054 pariter,

462 1078 468 1148 ξ
499 1080 789 1148 multisque
843 1081 1098 1147 insignita
1156 1082 1465 1133 nominihus
1493 1120 1507 1142 ,
1561 1094 1622 1133 ac
1655 1095 1815 1148 supra
1851 1078 2067 1132 modum

460 1170 467 1227 ἱ
506 1172 816 1240 appetihilis
861 1173 1091 1241 species.
1145 1170 1314 1237 Quam
1354 1171 1519 1223 tnulta
1553 1170 1789 1231 animus,
1821 1184 1941 1221 cmn
1981 1178 2069 1219 tua

456 1246 464 1310 ἶ
499 1264 588 1318 illa
649 1264 997 1316 inenarrabili
1045 1263 1474 1332 pulchritudini,
1508 1261 1723 1313 nomina
1778 1258 2072 1325 titulosqne

454 1333 462 1399 ἶ
497 1366 620 1409 avet
659 1356 963 1424 parturire!
997 1355 1287 1409 Enimvero
1325 1353 1665 1423 prohibetur,
1697 1367 1821 1406 cum
1852 1350 2069 1418 propria

494 1447 872 1501 imbecillitate
904 1486 918 1510 ,
949 1455 1061 1500 tum
1095 1445 1365 1499 sermonis
1404 1446 1606 1512 inopia.
1644 1441 1722 1496 Tu
1765 1453 1944 1496 autem
1977 1442 2070 1509 qui

497 1539 698 1591 bonum
734 1539 810 1592 sis
854 1537 1378 1599 innumerabilibus,
1412 1550 1475 1591 ac
1519 1535 1667 1589 nullo
1701 1532 2029 1587 nominabile
2054 1570 2071 1596 ,

500 1637 665 1696 atque
685 1644 712 1681 a
735 1629 917 1682 subtili
942 1628 1089 1681 omni
1109 1629 1346 1692 cegitatu
1370 1627 1812 1681 inveniendarnm
1832 1625 2073 1694 appella-

502 1720 708 1774 tionum
729 1728 1015 1783 remotmn,
1037 1718 1448 1787 haudquaquam
1469 1732 1772 1772 sermonem
1795 1728 2069 1784 spectans,

499 1812 597 1865 sed
628 1811 795 1879 magis
825 1825 1115 1864 accensum
1147 1809 1386 1863 animum
1416 1850 1431 1872 ,
1464 1809 1719 1881 gaudium
1761 1807 1888 1863 illud
1920 1808 2075 1863 nobis

498 1903 923 1957 annuntiaturus
960 1902 1111 1957 venis
1133 1942 1149 1966 ,
1184 1903 1324 1972 quod
1362 1919 1457 1973 per
1486 1903 1740 1958 mulieres
1787 1904 2077 1972 unguenti-

499 1991 646 2048 feras
671 1992 799 2046 olim
827 1995 1185 2048 annuntiasti.
1218 1992 1371 2047 Nunc
1400 2010 1614 2063 quoque
1665 1995 1821 2051 nobis
1856 1996 2077 2051 illuceat

500 2084 842 2140 laetissimum
881 2084 1043 2157 jubar
1086 2095 1191 2141 tua:
1232 2086 1608 2154 apparitionis.
1646 2087 1836 2143 Liceat
1867 2089 2075 2144 utinam

502 2175 843 2244 spiritalibus
892 2175 1067 2232 oculis
1092 2216 1108 2241 ,
1159 2177 1422 2245 Spiritalis
1461 2178 1592 2232 solis
1626 2179 1773 2232 omni
1816 2179 2077 2246 majorem

503 2267 689 2333 specie
709 2267 958 2320 decorem
983 2266 1248 2335 aspicere.
1283 2267 1561 2322 Desiderio
1586 2268 1830 2323 fruamur
1860 2268 2077 2325 Domini

503 2364 725 2425 aspectu
782 2372 943 2411 omne
985 2368 1281 2426 superante
1328 2360 1678 2413 desiderium.
1733 2360 2080 2415 Andierimus

504 2449 743 2500 divinam
772 2463 981 2513 vocem,
1007 2440 1162 2503 dulce
1190 2450 1318 2518 quid
1349 2466 1413 2504 ac
1470 2450 1682 2514 plenam
1719 2450 1916 2519 gaudio
1945 2467 2083 2519 prze-

507 2539 833 2594 dicationem
887 2541 1292 2595 inclamantem.
1344 2543 1732 2610 Acceperimus
1777 2542 2082 2598 clementia:

506 2639 612 2684 tua:
641 2628 972 2685 latissimam
1002 2632 1490 2685 annuntiationem.
1516 2632 1819 2686 llabeamus
1844 2649 2082 2699 unguen-

509 2722 725 2775 tiferam
754 2720 924 2788 illam,
956 2738 1053 2791 per
1079 2738 1238 2792 quam
1266 2724 1419 2778 nobis
1450 2724 1764 2778 inviolabile
1792 2726 2085 2780 aununties

507 2815 808 2884 gaudium;
852 2830 947 2883 pcr
994 2829 1157 2883 quam
1194 2825 1407 2869 tuorum
1444 2818 1509 2869 ad
1556 2832 1651 2869 nos
1699 2814 2082 2871 beneficiorum

510 2907 722 2959 derives
751 2904 1143 2973 fragrantiam;
1177 2922 1296 2962 eam
1331 2907 1584 2960 nimirum
1612 2921 1734 2977 qua:
1767 2915 1818 2961 te
1848 2907 2087 2975 portavit

509 3006 843 3066 unguentum
872 2999 1248 3051 inexhaustum
1281 3015 1297 3063 ;
1325 3014 1442 3067 qua!
1492 3006 1545 3052 te
1575 3040 1590 3065 ,
1634 2997 2084 3065 exsultationem,

2171 513 2476 581 ἀφθαρσία,
2516 510 2611 562 καὶ
2644 508 2885 577 etaiam;
2906 550 2919 571 ,
2952 507 3179 575 διαμονή
3207 520 3270 557 τε
3299 504 3396 557 καὶ
3426 500 3763 573 τερπνότης,

2170 604 2264 656 καὶ
2300 601 2431 672 μόνη
2457 599 2581 672 [ιδῃ.
2611 592 2859 669 μόνὶμος]
2901 597 2976 658 ὡς
3007 596 3306 666 ὡραιότης,
3336 594 3435 646 καὶ
3462 590 3767 645 ἀναλλοίω-

2168 711 2280 756 τος.
2346 693 2554 754 Κὰλλος
2602 689 2846 759 ἀνόητον,
2902 688 2997 740 καὶ
3049 685 3364 753 εὐμήχανος
3409 681 3767 750 εὐπρέπεια,

2171 785 2554 852 αὐτοαγιότητι
2615 780 2741 852 [leg.
2778 778 3139 846 αὐτοαγιότης
3169 773 3255 846 τε]
3313 775 3409 826 καὶ
3446 773 3622 841 τιμὴ,
3668 772 3771 824 καὶ

2168 876 2505 946 δικαιοσύνη,
2565 874 2659 927 καὶΙ
2712 869 3224 941 ὑπερδεδοξασμένη
3276 865 3444 931 δόξαο
3502 864 3669 934 μόνος
3716 858 3775 915 εἶ

2170 969 2353 1038 ἔφεσις
2376 967 2647 1038 ἀμείωτος
2665 1004 2680 1029 ,
2712 964 2805 1017 καὶ
2834 962 2995 1025 πόθος
3025 961 3402 1028 ἀκατάσχετος
3427 973 3442 987 ⁸
3468 954 3773 1024 ἀνώνυμόν

2126 1068 2134 1074 “
2166 1078 2225 1113 τε
2249 1059 2385 1130 ὁμοῦ
2405 1102 2418 1121 ,
2452 1061 2545 1112 καὶ
2576 1056 2946 1125 πολυώνυμον,
2977 1053 3072 1106 καὶ
3100 1049 3588 1122 ὑπερεπιθύμητος
3623 1046 3775 1100 καλ-

2169 1154 2319 1223 λονή.
2365 1156 2428 1206 Ὢ
2460 1154 2603 1205 πόσα
2635 1151 2774 1220 μετὰ
2807 1151 2905 1221 τῆς
2939 1145 3312 1215 ἀνεκλαλήτον
3354 1160 3450 1195 σου
3480 1139 3774 1210 ὡραιότη-

2168 1264 2260 1309 τος
2297 1246 2506 1299 διάνοια
2540 1242 2880 1315 περιωδίνειν
2908 1239 3149 1307 ὀνόματα
3183 1235 3467 1307 postem!
3506 1232 3775 1299 Διείργεο

2169 1357 2257 1391 ται
2307 1339 2362 1391 δὲ
2413 1340 2477 1406 τῇ
2532 1353 2590 1389 τε
2628 1335 2807 1404 οἰκεία
2855 1331 3146 1402 ἀσθενείᾳ,
3198 1329 3296 1382 καὶ
3327 1329 3395 1397 τῇ
3442 1327 3545 1395 τῆς
3581 1322 3780 1391 γλώτ-

2171 1448 2270 1499 της
2311 1429 2565 1499 ἁπορείᾳ.
2615 1426 2775 1479 Ἀλλὰ
2819 1426 2883 1478 σὺ
2942 1422 3018 1486 ὼς
3064 1419 3419 1491 μυριώνυμον
3445 1418 3543 1469 κιι)⁵
3587 1416 3779 1468 ἀκατ-

2172 1523 2485 1591 ονόμαστον
2513 1518 2740 1587 ἀγαθὸν,
2763 1519 2857 1575 καὶ
2880 1518 3062 1585 πάσης
3094 1510 3458 1583 ὲφευρετικῆς
3487 1522 3784 1577 προσηγο-

2176 1615 2308 1687 ριῶν
2341 1611 2712 1684 ἁνῳκισμένον
2753 1609 3027 1671 ὲπινοίας,
3064 1607 3137 1676 μὴ
3187 1608 3303 1679 τοῖς
3332 1603 3516 1671 λόγοις
3544 1641 3559 1666 ,
3594 1599 3678 1670 τῷ
3717 1598 3783 1651 δι

2174 1708 2274 1776 τῆς
2302 1704 2527 1774 γνώμης
2566 1701 2921 1773 προσανέχων
2959 1697 3231 1767 διαπύρῳ,
3262 1696 3422 1766 ἥκεις
3451 1695 3554 1763 τὴν
3587 1691 3784 1762 χιρὰν

2176 1800 2307 1869 ἡμῖν
2346 1794 2856 1865 εὐαγγελιούμενος,
2887 1793 2953 1863 ἢν
2989 1791 3201 1860 φθάσας
3230 1789 3321 1841 διὰ
3354 1788 3463 1839 τῶν
3515 1785 3780 1856 μυροφό-

2178 1908 2287 1962 ρων
2322 1886 2794 1961 προευηγγελίσω.
2824 1885 3109 1953 Ααμψάτω
3132 1883 3226 1935 καὶ
3257 1881 3355 1934 νῦν
3380 1881 3518 1948 ἡμῖν
3546 1879 3611 1931 τὸ
3649 1895 3787 1945 φαει-

2175 1982 2435 2054 δρότατον
2477 1983 2575 2049 τῆς
2609 1978 2929 2045 ἐπιφανείας
2958 1993 3052 2028 σου
3096 1976 3319 2043 φέγγος.
3355 1972 3614 2041 Εἵδοιμεν
3648 1988 3785 2040 νοη-

2176 2074 2287 2137 τῶς
2316 2073 2511 2143 νοητοῦ
2535 2070 2687 2142 ἡλίου
2721 2070 3046 2139 ὐπερωραῖα
3075 2066 3270 2134 κάλλη.
3310 2066 3784 2134 Κατατρυφήσω-

2182 2183 2281 2237 μεν
2326 2163 2590 2224 ποθεινῶς
2626 2162 2720 2216 τοῦ
2770 2162 3048 2214 Δεσπὸτου
3085 2157 3578 2228 ὐπερεπιθυμητῆς
3622 2155 3777 2215 Θέας.

2191 2258 2554 2327 ’Ᾱκούσαιμεν
2612 2255 2763 2320 θείας
2807 2253 2991 2323 φωνῆς
3041 2251 3139 2323 ἡδύ
3192 2268 3247 2304 τι
3290 2252 3385 2304 καὶ
3434 2246 3787 2321 χαρμονικδν

2181 2349 2563 2419 ὲπιφωνούσης
2614 2348 2896 2419 κήρυγμα’
2921 2342 3186 2412 λάϐοιμεν
3215 2343 3315 2411 τῆς
3355 2341 3454 2407 σῆς
3483 2338 3799 2407 εὐμενείας

2183 2440 2662 2512 ὐπερευφρόσονον
2698 2437 2985 2505 ἀγγελίαν.
3035 2438 3292 2505 Ἔχωμεν
3327 2432 3665 2503 μυροφόρον,
3710 2428 3787 2482 δι’

2180 2526 2248 2604 ἧς
2270 2533 2402 2600 ἡμῖν
2428 2530 2524 2600 τὴν
2558 2527 2928 2598 ἀναφαίρετον
2959 2522 3354 2595 καταμηνύσῃς
3385 2522 3586 2592 χαράν
3615 2519 3685 2572 δι’
3712 2514 3785 2589 ἧς

2181 2625 2280 2694 τὴν
2316 2624 2542 2677 εὐωδίαν
2577 2620 2685 2675 τῶν
2732 2621 2840 2673 σῶν
2873 2622 3004 2687 ἡμῖν
3042 2615 3495 2687 διαπορθμεύσῃς
3542 2614 3786 2683 εὐεργε-

2185 2719 2319 2771 σιῶν
2339 2733 2352 2746 ’
2386 2717 2485 2785 τὴν
2514 2716 2574 2768 τὸ
2602 2713 2877 2769 ἀκὲνωτόν
2902 2730 2961 2766 τε
2990 2711 3161 2782 μύρον
3190 2709 3602 2777 ὲπικομίσασαν
3631 2723 3647 2738 ·
3679 2706 3785 2775 τὴν

2182 2811 2246 2863 τὸ
2295 2805 2614 2877 ἀγαλλίαμὰ
2668 2822 2748 2869 σε,
2810 2808 2905 2858 καὶ
2950 2803 3096 2871 ζωὴν
3143 2801 3241 2853 καὶ
3297 2801 3626 2861 ἀνάστασιν,
3682 2795 3789 2852 καὶ

2186 2902 2586 2972 προξενίσασαν
2618 2901 2749 2969 ἡμῖν
2772 2941 2786 2964 ,
2818 2899 2917 2951 καὶ
2953 2896 3294 2973 κηρύξασανο
3330 2889 3399 2966 ἧς
3429 2891 3498 2945 τὰ
3534 2893 3639 2961 τῆς
3676 2907 3805 2943 καο.

2187 2993 2484 3064 Θαρότητος
2522 2992 2662 3061 ὑπὲρ
2703 2992 2888 3043 πᾶσαν
2931 2989 3212 3059 μυρωδέαν
3250 2985 3584 3055 ὀσφρανθεὶς
3624 2982 3784 3052 ἀρώ-

507 3090 809 3157 vitamque,
837 3105 900 3143 ac
932 3091 1409 3153 resurrectionem,
1434 3105 1556 3143 cum
1581 3091 1733 3143 nobis
1755 3083 2082 3153 cmuciliavit,

2193 3106 2372 3159 ματα,
2430 3089 2488 3140 ὲν
2517 3089 2656 3157 αὐτῇ
2696 3088 2793 3155 μὲν
2826 3086 3143 3152 ὲσκήνωσας
3167 3122 3181 3143 ,
3232 3083 3369 3150 ἡμῖν
3404 3080 3457 3132 δὲ
3494 3078 3560 3131 δι’
3606 3077 3801 3146 αὐτῆς

514 3193 627 3236 tum
663 3183 975 3252 pra-dicavit.
1002 3201 1017 3238 :
1048 3183 1200 3250 cujus
1233 3184 1320 3237 ubi
1364 3184 1616 3252 puritatis
1644 3195 1888 3236 aromata
1920 3200 2086 3253 supra

515 3288 731 3326 onmem
760 3274 944 3328 odoris
972 3273 1324 3343 fragrantiam
1376 3275 1572 3328 fuisses
1616 3275 1905 3339 odoratus;
1942 3275 1997 3327 in
2026 3289 2087 3328 ea

514 3367 732 3435 quidem
772 3367 1068 3431 habitasti,
1112 3375 1278 3436 atque
1318 3367 1384 3419 ad
1434 3382 1533 3420 nos
1579 3382 1674 3435 per
1702 3383 1820 3421 eam
1872 3367 2088 3421 venisti.

516 3459 621 3526 Qui
649 3473 811 3527 porro
844 3475 940 3527 per
965 3474 1108 3524 eam,
1132 3474 1165 3512 o
1190 3458 1418 3528 benigne
1438 3499 1453 3524 ,
1483 3459 1617 3513 laure
1645 3468 1748 3513 tua:
1774 3459 2092 3514 reconcilia-

519 3552 684 3606 tionis
712 3553 1017 3621 prazdicasti
1048 3552 1360 3615 adventum,
1401 3551 1546 3616 veni,
1583 3562 1640 3607 ut
1672 3568 1769 3607 nos
1799 3553 1866 3606 ab
1908 3554 2091 3606 huma-

518 3643 604 3697 nis
658 3659 722 3697 ae
754 3644 910 3710 hujus
939 3644 1120 3698 seaculi
1158 3642 1320 3698 rebus
1355 3658 1516 3698 eruas
1541 3685 1557 3708 ,
1609 3644 1754 3699 velut
1792 3645 1860 3698 ab
1892 3644 2093 3699 inlimis

523 3743 679 3785 terrae
708 3733 955 3797 sinibus;
993 3742 1157 3801 atque
1188 3734 1253 3786 ad
1282 3734 1420 3787 senii
1463 3734 1701 3787 nesciam
1745 3734 1907 3787 vitam
1947 3734 2091 3787 illam

518 3822 675 3875 nobis
725 3821 975 3875 muniens
1022 3822 1145 3886 iter,
1189 3822 1446 3890 supernis
1480 3821 1815 3891 epulantium
1864 3837 2095 3878 accense

519 3913 727 3969 choris.
760 3910 840 3966 Tu
894 3914 1038 3968 enim
1064 3930 1127 3969 es
1155 3914 1362 3979 lumen,
1395 3914 1528 3977 vita,
1560 3924 1614 3969 et
1645 3914 1997 3981 resurrectio,
2031 3931 2096 3970 ac

519 4004 571 4057 in
606 4004 764 4060 ccelis
810 4004 1105 4060 laetantium
1156 4006 1436 4075 voluptas;
1488 4016 1647 4075 teque
1679 4005 1837 4061 decet
1878 4006 2049 4075 gloria
2075 4046 2091 4075 ,

518 4096 696 4153 hanor
725 4113 791 4153 ac
840 4099 1087 4153 adoratio
1108 4140 1125 4166 ,
1155 4114 1276 4153 cum
1318 4098 1480 4155 Patre
1525 4116 1589 4155 ac
1620 4101 1823 4169 Spiritu
1858 4111 2053 4157 sancto
2074 4144 2090 4171 ,

516 4206 662 4246 nunc
690 4201 743 4247 et
772 4182 1008 4262 semper,
1033 4201 1085 4247 et
1117 4192 1169 4246 in
1194 4192 1387 4247 saecula
1419 4193 1762 4247 saeculorum.
1792 4193 1984 4250 Amen.

1116 4320 1374 4377 ORATIO
1399 4322 1483 4378 οΧ.

2190 3182 2559 3250 ἐπεδήμησας.
2615 3179 2692 3231 Δι’
2719 3179 2889 3246 αὐτῆς
2940 3176 3027 3247 δὴ,
3060 3173 3362 3242 φιλάγαθε,
3401 3171 3498 3224 καὶ
3547 3171 3652 3240 τὴν
3681 3173 3811 3241 τῆς·

2189 3271 2482 3345 χαροποιοῦ
2516 3270 2867 3337 καταλλαγῆς
2904 3286 2999 3321 σου
3054 3266 3413 3337 προκηρύξας
3445 3263 3783 3334 παρουσίαν,

2188 3364 2292 3440 ἧκε
2319 3365 2428 3419 τῶν
2475 3366 2573 3433 μὲν
2608 3364 2890 3433 παρόντων
2933 3363 3009 3423 ὡς
3048 3363 3112 3413 ἐκ
3152 3360 3340 3429 μυχῶν
3372 3360 3521 3428 ἡμᾶς
3552 3355 3789 3427 ἐξαιρη-

2192 3461 2418 3528 σόμενος
2441 3459 2793 3519 κατωτάτων,
2817 3459 2895 3519 είς
2919 3454 2977 3508 δὲ
3004 3454 3103 3522 τὴν
3128 3455 3321 3523 ἀγήρω
3347 3451 3793 3523 προοδοποιὴσας

2191 3550 2358 3621 ζωὴν,
2396 3551 2515 3610 ταῖς
2538 3547 2798 3601 ἀνωτὰῖω
2819 3545 2928 3597 τῶν
2955 3543 3325 3615 ἑορταζόντων
3358 3539 3791 3611 συναρίθμησον

2190 3644 2449 3716 χορείαις·
2481 3642 2545 3695 σύ
2569 3641 2676 3711 γὰρ
2702 3637 2753 3693 εί
2771 3639 2867 3692 καὶ
2889 3638 3024 3707 φῶς,
3049 3637 3145 3690 καὶ
3165 3635 3300 3707 ζωὴ,
3327 3634 3425 3688 καὶ
3455 3634 3789 3697 ἀνάστασις,

2192 3737 2285 3791 καὶ
2316 3735 2424 3788 τῶν
2456 3737 2512 3787 ὲν
2544 3735 2795 3803 οὐρανοῖς
2825 3730 3272 3803 εὐφραινομένων
3301 3731 3334 3800 ἠ
3380 3727 3645 3798 θυμηδία·
3689 3725 3805 3782 καί·

2194 3843 2279 3879 σοι
2311 3825 2512 3898 πρέπει
2549 3823 2711 3889 δόξα,
2763 3820 2936 3892 τιμὴ,
2974 3822 3069 3874 καὶ
3122 3819 3497 3889 προσκύνησις
3548 3819 3647 3871 σὺν
3707 3817 3793 3888 τῷ

2194 3918 2369 3987 Πατρὶ
2400 3917 2495 3967 καί
2527 3913 2605 3986 τῷ
2632 3915 2775 3984 ἁγίῳ
2814 3911 3096 3983 Πνεύματι
3115 3926 3129 3940 '
3165 3910 3264 3965 νῦν
3291 3911 3385 3964 καὶ
3413 3912 3502 3965 ἀεὶ
3528 3950 3541 3975 ,
3580 3909 3681 3963 καὶ
3706 3912 3793 3975 είς

2194 4009 2323 4074 τούς
2353 4007 2555 4072 αἰῶνας
2585 4005 2696 4060 τῶν
2729 4005 2963 4060 αἰώνων.
3011 4004 3206 4075 Ἀμήν.

2822 4318 3042 4373 ΛΟΓΟΣ
3080 4321 3138 4373 ιο.

518 4427 828 4487 Εἠτοηιίιιηι
857 4434 1141 4517 instinctos
1168 4431 1543 4517 miraculorum
1571 4442 1861 4517 patratores
1891 4433 2083 4502 grami-

2208 4433 2533 4517 Ἐγκώμιον
2568 4431 2654 4517 εἰς
2696 4427 3093 4517 τοὺςηὰγίοιις
3136 4427 3233 4517 καὶ
3258 4432 3793 4517 ¹θαυμαζουεριγοοὺς

679 4512 758 4555 tos
787 4504 1033 4565 medicos,
1063 4500 1308 4556 Cosmam
1344 4515 1388 4555 et
1430 4501 1750 4557 Damianum
1786 4500 1919 4575 (4η.

590 4647 747 4703 Subit
794 4649 1017 4715 mirari,
1053 4664 1175 4703 cum
1225 4666 1509 4704 accensum
1552 4659 1726 4714 tuum,
1760 4667 1792 4703 o
1823 4653 2090 4706 bonorum
2134 4717 2141 4725 ι

519 4751 730 4804 amans,
763 4741 816 4792 in
842 4742 1097 4807 pietatem
1128 4742 1282 4795 video
1307 4744 1575 4808 studium;
1611 4744 1893 4812 placetque
1921 4744 2093 4813 magis

521 4838 709 4894 stupor
760 4829 1100 4898 horrorque,
1135 4847 1256 4886 cum
1307 4835 1561 4902 prmccpti
1594 4836 1917 4902 gravitatem
1966 4851 2094 4889 cnn-

522 4919 724 4976 sidero.
760 4922 839 4976 Ad
875 4932 1083 4975 tantum
1122 4923 1265 4976 enim
1316 4925 1687 4994 religiositatis
1716 4926 1931 4981 culmen
1973 4942 2092 4995 pro-

592 5099 705 5170 (47)
739 5101 1022 5172 Egregium
1074 5102 1175 5155 ltoc
1219 5100 1556 5164 encominm,
1608 5116 1717 5172 quo
1747 5112 1940 5157 auctor
1989 5101 2090 5158 SS.

520 5170 929 5242 Anargyrorum
964 5172 1150 5225 laudes
1197 5187 1352 5226 veras
1402 5172 1617 5241 egregie
1645 5170 1819 5230 eﬂert,
1856 5189 1917 5226 ac
1946 5173 1998 5225 in
2029 5174 2094 5228 iis

524 5250 865 5294 tcrrenormn
912 5244 1058 5296 illaut
1091 5243 1532 5311 despicientiam,
1574 5257 1638 5293 ac
1672 5242 1926 5294 eximiam
1961 5259 2093 5311 pau-

524 5319 812 5376 pertatem,
847 5311 923 5364 uti
962 5323 1016 5364 et
1059 5304 1449 5365 mira-culorum
1496 5312 1546 5365 in
1578 5312 1659 5365 eis
1692 5304 2095 5380 gratiamfejns

526 5381 788 5451 principia
844 5399 908 5434 ac
945 5384 1122 5436 fontes
1151 5421 1165 5443 ,
1195 5384 1404 5435 erudite
1433 5382 1722 5433 admodum
1764 5396 2038 5449 exponens
2079 5399 2092 5436 :

523 5463 589 5521 eo
617 5450 795 5518 plane,
829 5452 907 5521 vel
937 5452 1102 5519 gemis
1128 5467 1314 5505 eorum
1348 5453 1485 5517 apud
1520 5450 1874 5521 Lipnmanum
1907 5467 1969 5503 ae
1999 5453 2098 5504 Su-

528 5520 688 5582 rium,
715 5522 796 5572 vel
817 5519 1021 5575 Nicrtze
1052 5522 1105 5574 in
1137 5538 1229 5575 eos
1252 5523 1523 5587 encomio,
1549 5519 1754 5588 praefer-
1781 5521 1962 5585 ndnm,
1991 5537 2097 5588 quo

526 5588 596 5656 is,
629 5590 791 5654 ineo,
823 5607 885 5644 ue
907 5592 1143 5644 insinuat
1171 5593 1409 5658 quidem,
1436 5593 1519 5645 illa
1548 5593 1597 5644 in
1628 5593 1706 5643 cis
1730 5592 1931 5642 absona
1962 5593 2099 5646 satis

527 5673 590 5710 ae
624 5661 774 5712 valde
808 5670 1088 5728 suspccla,
1141 5663 1206 5714 de
1244 5663 1513 5729 acceptis,
1553 5677 1579 5711 a
1620 5663 1703 5729 pia
1743 5659 1938 5713 femina
1994 5661 2098 5713 itit-

527 5730 814 5796 portunius
846 5740 1068 5800 rogante
1098 5731 1487 5785 benedictionis
1519 5733 1686 5785 instar
1723 5731 1890 5783 tribus
1922 5732 2034 5784 ovis
2065 5746 2094 5784 δ

2411 4500 2789 4570 ἀναρπηᾶρους
2826 4499 3077 4568 Κοσμᾶν
3114 4499 3214 4553 καί
3244 4501 3569 4567 Δαμιανόν.

2268 4654 2380 4725 Τὴν
2413 4653 2533 4723 σὴν,
2569 4645 2614 4704 ὧ
2645 4648 2754 4704 τῶν
2802 4650 2985 4705 καλῶν
3034 4652 3238 4723 ἐραστὰ
3263 4692 3277 4715 ,
3323 4650 3634 4723 Θαυμάζειν
3686 4655 3792 4725 μὲν

2196 4746 2323 4817 ἐμοὶ
2353 4746 2484 4816 περὶ
2512 4745 2611 4815 τὴν
2640 4743 2926 4797 εὐσέϐειαν
2948 4743 3147 4812 ὁρῶντι
3183 4745 3441 4816 σπουδὴν,
3480 4747 3789 4814 ὲγγίνεταν

2198 4835 2598 4906 ἐκπλήττεσθαί
2642 4851 2703 4887 τε
2741 4834 2835 4887 καὶ
2880 4836 3149 4905 φρίττειν,
3198 4837 3260 4889 τὸ
3292 4836 3388 4889 τοῦ
3421 4838 3793 4909 προστάγμα-

2197 4942 2290 4990 τος
2323 4925 2614 4978 σκοποῦντι
2647 4925 2925 4996 φορτικὸν,
2969 4927 3345 4997 προκρίνεται.
3393 4927 3490 4992 Εἰς
3526 4929 3789 4985 τοσοῦτον

2202 5100 2262 5156 S.
2296 5102 2576 5167 Damiano,
2608 5117 2837 5172 quorum
2872 5118 3035 5159 causa
3067 5105 3146 5160 sic
3174 5108 3312 5172 apud
3350 5104 3577 5162 fratrem
3603 5107 3787 5164 omin-

2202 5173 2362 5237 derit,
2399 5182 2456 5227 ut
2485 5173 2552 5226 ab
2591 5189 2655 5225 eo
2685 5174 2832 5226 velut
2871 5176 3217 5228 anathemate
3255 5189 3521 5244 perpetuo
3563 5179 3616 5231 in
3671 5181 3787 5232 vita

2202 5257 2265 5297 ac
2297 5252 2468 5297 morte
2499 5244 2832 5312 proscriptus
2860 5245 2954 5309 sit,
2985 5246 3129 5308 quod
3162 5248 3374 5299 tandem
3413 5248 3576 5312 Deus,
3610 5250 3791 5304 brute

2205 5313 2826 5386 animantis.accameli
2860 5328 2976 5380 ore,
2994 5317 3081 5368 ubi
3116 5318 3375 5386 martyrio
3415 5317 3651 5373 defuncti
3691 5335 3788 5374 es-

2198 5392 2337 5454 sent,
2376 5384 2675 5437 sustulerit.
2708 5382 2836 5437 Mihi
2868 5397 3017 5439 certe
3048 5395 3105 5438 ut
3139 5382 3387 5441 non'sint
3411 5390 3525 5443 iure
3558 5390 3786 5454 fabella,

2196 5453 2391 5521 quilms
2431 5468 2535 5506 non
2579 5455 2845 5507 modicum
2883 5456 3186 5509 dett-artum
3219 5458 3464 5511 videatur
3501 5469 3787 5514 tantorum

2196 5532 2496 5592 martyrum
2538 5524 2706 5585 Artis,
2736 5524 2875 5576 haud
2904 5524 3064 5577 facile
3106 5526 3211 5577 alia
3241 5529 3293 5579 in
3342 5528 3612 5591 ejusmodi
3648 5545 3789 5583 san-

2202 5606 2417 5645 cnnrum
2452 5593 2592 5647 Vitis
2628 5594 2829 5647 fuerint
2859 5613 2873 5649 :
2915 5596 2966 5648 in
2995 5599 3192 5663 quibus
3232 5599 3438 5652 utinam
3474 5599 3653 5652 minus
3684 5599 3790 5653 ltt-

2195 5662 2423 5739 sissent,
2450 5678 2553 5731 qua
2591 5662 3358 5739 limi-eticorum_iiet-versitas,
3389 5685 3494 5739 qua
3544 5669 3788 5727 fratrum

2194 5733 2583 5801 sintpltciOrum
2610 5735 2877 5787 incautior
2907 5736 3182 5790 ευιίιιίιεξιε.
3348 5733 3356 5738 ’
3405 5733 3419 5739 ’
3520 5745 3525 5749 ’
