4060 6454
360 492 500 559 15Ε5

355 606 466 676 γὰρ
516 602 792 674 φιλοθεῖας
823 606 1187 675 εὐγνωμόνως
1230 605 1638 674 διαναὸέσηκας
1663 646 1678 670 9

353 696 464 751 τῶν
502 696 780 766 μεγίστων
815 700 1001 767 τυχεῖν
1044 697 1342 764 ἐφίεσθαι,
1387 698 1484 750 καὶ
1528 698 1629 769 τῆς
1662 698 1948 768 ἀμηχάνου

353 787 565 843 τούτων
593 788 911 857 εὐφημίας,
956 788 1189 853 πολλοὺς
1240 790 1601 844 ἐκκαλεῖσθαι
1648 791 1788 861 πρὶς
1813 792 1951 844 ἀνά-

352 881 539 952 ληψιν.
565 882 657 933 Δεῖ
692 880 771 945 δὲ,
808 879 883 950 μὴ
910 882 1013 951 τῆς
1041 881 1137 936 τοῦ
1171 882 1553 948 ἐπιτάττοντος
1579 884 1641 939 τὸ
1673 885 1952 956 ὑπερφυὲς

354 976 490 1045 ἡμῖν
516 972 794 1027 ἐννοοῦσιν
825 974 1132 1039 ἀξιώσεως,
1164 976 1267 1047 τῆς
1296 976 1434 1046 πρὸς
1464 976 1754 1031 εὐσέϐειαν
1784 976 1951 1031 αὑτοῦ

354 1065 418 1118 τδ
447 1060 610 1136 ἦττον
662 1064 1084 1135 ἀπενέγκασθαι
1126 1069 1508 1138 προαιρέσεως
1535 1084 1549 1097 ⁸
1588 1070 1863 1140 παριστᾷν
1895 1068 1954 1121 δὲ

353 1156 456 1229 τὴν
484 1156 809 1229 εὐγνώμονα
828 1162 1079 1231 γνώμην,
1102 1162 1151 1213 εί
1182 1162 1276 1214 καὶ
1303 1162 1481 1232 πάντη
1506 1160 1613 1215 τῶν
1644 1163 1763 1216 κατ’
1793 1162 1953 1228 ἀξίαν

356 1251 537 1320 λόγων
584 1251 684 1318 τῆς
722 1252 1008 1324 παρούσης
1048 1255 1414 1324 ὲκπίπτοιμεν
1449 1254 1784 1316 ὑποθέσεως·
1816 1254 1955 1309 ἀλλὰ

357 1344 456 1412 τῆς
498 1360 563 1404 γε
596 1342 692 1396 τοῦ
732 1344 1090 1414 προ-τιθέντος
1122 1347 1295 1416 αὐτὴν
1344 1346 1420 1417 μὴ
1460 1347 1711 1400 ἀποδέειν
1744 1345 1953 1417 προθυ-

360 1435 510 1507 μίας.
548 1436 705 1504 Ἔχει
741 1436 841 1506 μὲν
886 1437 997 1507 γὰρ
1051 1438 1150 1491 καὶ
1178 1438 1317 1509 αὐτὴ
1360 1439 1423 1491 τὸ
1455 1439 1741 1510 διάπυρον,
1790 1438 1953 1509 ἔρωτι

351 1528 463 1582 τῶν
493 1527 721 1596 ἀγαθῶν
766 1529 1149 1601 ὲκκαιομὲνη,
1207 1530 1502 1601 κατέχεται
1553 1531 1652 1595 δὲ,
1707 1532 1802 1585 καὶ
1852 1530 1955 1601 τῆς

354 1620 555 1690 φλογὸς
588 1622 979 1692 διαιρουμένης
1010 1621 1219 1694 διύγρῳ
1250 1624 1361 1677 τινὶ
1410 1623 1666 1695 καθάπερ
1700 1623 1823 1697 ὕλῃ,
1860 1624 1954 1677 καὶ

352 1712 417 1766 τὸ
445 1712 815 1779 ἀδιεξόδευτον
850 1710 1269 1787 ἐπιπροσθούσῃ
1295 1755 1310 1781 ,
1341 1715 1420 1786 τῷ
1451 1716 1565 1770 τῶν
1611 1718 1955 1788 πραγμάτων

354 1804 649 1874 ὑπερόγκῳ
684 1821 743 1856 τε
793 1804 911 1873 ᾶμα
962 1806 1056 1861 καὶ
1108 1807 1253 1879 ὑπὲρ
1302 1808 1569 1878 δύναμιν·
1602 1811 1857 1877 πειρᾶται
1906 1808 1953 1861 δ’

351 1894 495 1963 ὀπῆς
534 1912 681 1957 τινος
738 1894 1018 1965 λαϐομένη
1040 1936 1055 1961 ,
1084 1898 1180 1950 καὶ
1206 1897 1331 1951 λίαν
1362 1898 1697 1961 σπουδαίως,
1734 1899 1810 1960 εἰς
1844 1914 1951 1966 φα-

1246 492 1330 554 ΙΝ
1371 493 1478 555 SS.
1517 492 1753 553 MART.
1794 490 2103 553 COSMAM
2141 489 2237 550 ET
2278 488 2712 551 DAMIANUM.

1724 607 1801 671 ὡς
1852 607 1947 660 καὶ
1977 616 2023 670 Α
2052 603 2222 659 bitate
2270 605 2436 658 animi
2487 604 2781 673 provexisti
2810 645 2825 667 ,
2881 614 2934 659 ut
2984 613 3039 659 et
3088 605 3323 660 maxima
3377 612 3636 678 consequi

3490 492 3633 560 15ὖεῖ

2054 698 2263 765 cupias.
2290 696 2582 766 pluresque
2640 698 2693 752 iit
2728 698 2918 751 horum
2948 698 3189 752 virorum
3223 701 3506 767 perardua:
3535 702 3645 756 lan-

2052 788 2290 842 dationis
2335 790 2653 844 societatem
2703 790 2945 845 aSCiscas
2992 806 3056 846 ac
3119 806 3402 860 provoces.
3453 791 3645 862 Opera:

2052 890 2233 934 autem
2267 883 2499 950 pretium
2537 882 2803 947 videatur,
2839 894 2895 937 ut
2938 898 3007 937 ne
3037 883 3402 952 praeipientis
3433 890 3647 956 magni-

2054 971 2233 1026 ﬂeam
2256 974 2573 1049 petitimxem
2606 975 2950 1030 attendentes
2973 1016 2989 1041 ,
3033 977 3102 1031 ab
3137 976 3253 1045 ejus
3290 994 3387 1033 nos
3432 979 3482 1032 in
3537 980 3647 1049 pie.

2056 1074 2220 1118 tatem
2266 1044 2531 1134 propens'a
2581 1068 2857 1122 voluntate
2909 1070 3053 1123 vinci
3109 1072 3398 1139 patiamur,
3447 1075 3542 1126 sed
3589 1082 3649 1127 ut

2055 1158 2235 1226 potius
2264 1157 2416 1225 probi
2450 1158 2618 1211 animi
2646 1161 2940 1214 candorem
2974 1161 3454 1230 exhibeamns-;ut
3477 1179 3647 1234 quan.

2054 1264 2216 1318 quam
2273 1249 2497 1302 omnino
2562 1251 2848 1320 condignis
2893 1255 3210 1307 exornando
3290 1259 3640 1310 sermonibus

2057 1350 2382 1410 argumento
2413 1341 2653 1411 impares
2683 1344 2876 1409 simus,
2912 1346 3054 1399 haud
3083 1353 3261 1400 tamen
3296 1350 3362 1399 ah
3386 1348 3504 1416 ejus
3549 1349 3645 1418 qui

2056 1428 2270 1494 rogavit
2303 1430 2472 1481 animi
2510 1428 2796 1484 alacritate
2845 1432 3185 1488 deficiamus.
3219 1434 3394 1490 liabet
3425 1438 3644 1505 quidem

2056 1528 2113 1571 et
2144 1517 2232 1571 ille
2262 1533 2420 1574 suum
2452 1518 2758 1586 fervorem,
2794 1523 3059 1576 bonorum
3086 1540 3275 1579 amore
3301 1542 3600 1584 succensus
3629 1546 3645 1582 :

2059 1619 2276 1664 tenetur
2307 1626 2457 1673 vero,
2510 1626 2609 1666 ceu
2665 1614 2888 1669 hmuida
2939 1614 3177 1683 quadam
3228 1622 3455 1673 materia
3494 1619 3650 1675 ﬂam-

2058 1715 2201 1753 tnam
2251 1701 2566 1768 dividente,
2612 1718 2676 1756 ac
2709 1718 2776 1757 ne
2809 1717 3060 1776 erumpat
3118 1710 3474 1778 impediente,
3515 1728 3650 1782 pra:-

2057 1806 2465 1862 ntagnaxrerum
2498 1795 2671 1860 mole,
2709 1805 2764 1849 et
2789 1813 2909 1865 quae
2939 1800 3192 1854 virtutem
3224 1804 3456 1858 excedat
3482 1822 3496 1859 :
3529 1816 3649 1861 ten-

2057 1882 2149 1937 dat
2181 1893 2382 1948 tameu.
2408 1895 2465 1938 ut
2494 1884 2743 1942 foramen
2771 1889 2990 1959 aliquod
3025 1906 3331 1960 occupans,
3361 1896 3647 1966 diligenter

353 1987 514 2059 νερδν
575 1986 673 2057 τὴν
730 1986 840 2039 τῶν
899 1991 1018 2041 κατ’
1080 1989 1346 2060 εὐπορίαν
1404 1988 1578 2058 λόγων
1636 1989 1941 2057 ἐξενεγκεῖν

2053 1978 2365 2044 admodum,
2420 1989 2476 2032 ut
2519 1996 2681 2049 quem
2732 1998 2830 2051 pro
2866 1985 3079 2040 dicendi
3129 1988 3386 2043 facultate
3433 1991 3644 2047 radium

353 2094 569 2134 ακτινα.

426 2174 497 2224 Σὺ
548 2172 646 2241 μὲν
698 2167 791 2226 οὖν
824 2175 852 2225 ὁ
898 2171 1032 2243 πρὸς
1074 2173 1301 2236 τούτους
1353 2172 1689 2243 ὲπαλείφων,
1731 2174 1944 2245 ἄριστε,

351 2265 497 2334 τάχα
539 2267 636 2330 τὰς
679 2266 934 2337 συνήθεις
964 2265 1076 2319 τῶν
1106 2267 1492 2337 ἐγκωμίων-ἠ
1545 2267 1787 2338 προθε···
1822 2270 1947 2321 ἐπι-

351 2352 617 2426 ζητήσεις
644 2357 927 2426 αὐξήσεις,
957 2358 1299 2429 ἐπιδεικτικῇ
1327 2375 1433 2411 τινι
1483 2359 1778 2429 περιεργίᾳ
1816 2358 1944 2412 ταύ-

346 2464 450 2509 τας
497 2448 894 2519 προσαπαιτῶν
950 2448 1305 2519 ὲξαίρεσθαι’
1376 2451 1424 2502 οἱ
1476 2450 1521 2503 δ’
1572 2452 1653 2513 είς
1710 2452 1949 2505 ἐπαίνων

346 2540 612 2611 ἀφορμὴν
664 2541 1077 2611 προτιθεμένων
1115 2542 1227 2617 [τσ.
1276 2544 1725 2617 προτιθέμενοιι,
1758 2544 1950 2614 ὥσπερ

345 2633 423 2687 τὰ
458 2633 782 2703 πράγματα,
815 2633 960 2688 οὕτω
989 2636 1082 2688 καὶ
1114 2635 1184 2688 τὰ
1217 2635 1286 2689 δι’
1334 2636 1516 2689 αὐτῶν
1558 2638 1950 2706 ἀπωθὴσονται

349 2723 756 2795 περινοούμενα
785 2725 1263 2796 σεμνολογήματα.
1300 2722 1395 2791 Οἷς
1423 2728 1531 2798 γὰρ
1562 2729 1949 2799 προκειμένοις

347 2814 455 2868 οὐκ
482 2815 853 2888 ἐτέρφθησαν,
894 2817 1039 2889 λόγῳ
1063 2818 1657 2890 καθυποδεικνυμένοις
1674 2861 1690 2887 ,
1715 2825 1950 2893 νεμεσή-

352 2921 561 2961 σουσιν.
596 2906 721 2970 Πῶς
754 2906 798 2959 δ’
832 2907 932 2961 οὐκ
960 2908 1026 2961 ἂν
1058 2908 1151 2963 καὶ
1185 2910 1411 2975 είκύτως
1442 2914 1555 2973 τοῖς
1580 2911 1645 2965 ἐκ
1689 2910 1949 2981 πατρίδος

348 2998 578 3068 ἀγαθῶν
621 3000 911 3071 σεμνύνειν
961 3001 1190 3066 τούτους
1254 3006 1555 3074 ἐπιχειρεῖν
1597 3002 1947 3074 βουλομένοις

349 3090 933 3160 ἐπιτιμήσαιεν,αύτοὶ
956 3092 1171 3164 πλούτῳ
1194 3092 1271 3163 τῷ
1286 3093 1699 3147 πλεονεκτοῦντι
1720 3095 1944 3164 ταύτης,

354 3184 650 3254 περιουσίᾳ
682 3200 741 3235 τε
774 3185 865 3237 καί⁵
898 3184 1121 3255 μεγέθει
1157 3186 1406 3256 κτήσεων
1447 3185 1729 3257 πολεμίως
1772 3186 1947 3239 διατι-

352 3273 573 3346 θέμενοι
591 3294 606 3340 ;
623 3275 846 3347 Ἐροῦσι
874 3279 984 3349 γάρ
1011 3278 1105 3332 καὶ
1130 3278 1250 3333 λίαν
1283 3282 1693 3351 προσηκόντως,
1711 3280 1951 3334 ἐπισκώ-

354 3370 587 3432 πτοντές
610 3386 671 3421 τε
702 3369 850 3439 ἀμα,
885 3371 980 3424 καὶ
1010 3370 1109 3443 τὴν
1144 3372 1276 3442 περὶ
1305 3371 1479 3425 ταῦτα
1517 3371 1628 3425 τῶν
1664 3372 1946 3443 πειρωμέ-

350 3476 462 3513 νων
511 3460 749 3533 σπουδὴν
793 3462 1217 3527 ἀνακόπτοντες·
1268 3464 1362 3535 Μὴ
1401 3466 1468 3536 τῇ
1512 3465 1621 3517 τῶν
1655 3464 1952 3536 ὁρωμένων

352 3552 630 3623 τερπνῶν,
664 3554 760 3607 καὶ
789 3556 924 3626 ἡμῖν
953 3556 1427 3627 ἀπηγορευμένων
1454 3558 1513 3610 εν
1544 3556 1726 3626 λόγοις
1758 3574 1948 3624 προτι-

357 3643 561 3715 μήσει,
622 3644 723 3715 τὴν
777 3645 889 3697 τῶν
955 3649 1285 3719 νοουμένων,
1355 3647 1453 3700 καὶ
1510 3648 1697 3719 ἔργοις
1749 3665 1949 3718 προτε-

352 3741 680 3812 τιμημένων
714 3741 941 3811 ἀγαθῶν
972 3743 1359 3815 καθυϐρίσειέν
1387 3761 1471 3808 τις
1511 3744 1948 3814 μεγαλειότητα,

356 3815 483 3904 μηδ’
508 3833 748 3905 ἀποϐολῇ
774 3836 841 3906 τῇ
869 3834 938 3887 δι’
956 3830 1031 3889 ὧν
1059 3836 1120 3889 τὸ
1146 3838 1226 3899 εἰς
1249 3834 1455 3898 αἰῶνας
1480 3834 1764 3907 περίδοξον
1788 3852 1953 3907 προσ-

352 3923 574 3992 εγένετο
604 3926 928 3997 κτήσασθαι,
960 3926 1204 3998 νομίσειε
1239 3926 1750 4000 σεμνολογουμένην
1779 3943 1951 3998 προσ-

351 4013 533 4085 θήκην
576 4016 920 4088 περιτιθέναι
948 4017 1215 4090 δοκούσης
1259 4019 1392 4090 ἡμῖν
1414 4004 1670 4082 εὐκλείας
1690 4061 1705 4087 ,
1723 4020 1749 4073 ό
1776 4018 1950 4073 ταῦτα

300 4110 319 4123 ⁹
354 4106 769 4180 βουλευόμενος.
810 4110 1048 4180 ’Υφεσιν
1076 4112 1183 4185 γὰρ
1214 4111 1407 4183 αὐτὴν,
1449 4112 1552 4166 οὐκ
1577 4110 1806 4183 αῠξησιν
1840 4110 1950 4165 τῶν

351 4207 414 4258 ὲν
465 4204 736 4277 ἐπιθυμίᾳ
797 4207 1114 4278 προσόντων
1173 4207 1562 4278 ἡγησάμενοι,
1624 4208 1718 4260 καὶ
1769 4207 1842 4260 τά
1889 4206 1950 4272 ἐξ

347 4296 569 4368 ὶκείνης
617 4297 990 4368 ἀπωθούμεθα
1038 4288 1537 4370 μεγαλαυχήματα.
1604 4297 1770 4352 Οὐδὲν
1813 4300 1949 4369 ἡμῖν

351 4388 564 4444 πόλεων
623 4390 720 4444 καὶ
790 4389 1030 4443 κτιστῶν
1076 4389 1270 4462 ἐκρίθη
1317 4390 1681 4462 περιφάνειαο
1734 4389 1798 4442 οὐ
1844 4389 1949 4460 γῆς

348 4481 586 4553 εὐφορία
621 4482 861 4552 καιρίοις
887 4485 1123 4554 καρποῖς
1156 4482 1549 4554 ὲπιὸρίθουσα·
1584 4483 1649 4536 οὑ
1684 4481 1949 4536 ποικίλων

350 4572 643 4644 λειμώνων
674 4572 1044 4644 τερπνὸτητες
1064 4590 1079 4604 ο
1138 4573 1202 4627 ού
1247 4572 1419 4644 χῶροι
1453 4574 1575 4637 ταῖς
1622 4570 1733 4625 τῶν
1766 4572 1947 4643 ἀέρων

350 4662 808 4735 εὐδαιμονοῦντες
833 4665 1198 4737 εὐκρασίαις·
1242 4665 1305 4718 οὐ
1344 4664 1522 4736 πηγαὶ
1560 4663 1947 4727 διειδεστάτοις

278 4756 299 4779 '
349 4758 847 4829 ἀναστομούμεναι
902 4760 1145 4829 νάμασι,
1181 4758 1279 4813 καὶ
1305 4761 1373 4830 τῇ
1400 4758 1529 4829 θέᾳ,
1569 4757 1677 4827 πρὸ
1705 4757 1950 4826 γεύσεως

346 4850 646 4905 ἐντιθεῖσαι
688 4854 748 4906 τὸ
803 4852 1059 4924 ἥδιστονο
1103 4854 1205 4907 οὐκ
1239 4852 1300 4917 ἐξ
1342 4850 1654 4923 ἀκρωρείας
1708 4849 1951 4917 ποταμοὶ

347 4947 757 5019 καταρρέοντες
782 4988 798 5013 ,
832 4946 1078 5001 κοιλάσιν
1111 4963 1169 5000 τε
1215 4947 1312 4999 καὶ
1345 4945 1596 4998 πεδιάσιν
1628 4944 1814 5015 ἡρέμα
1848 4943 1950 5014 τὴν

348 5040 556 5110 ἐκροὴν
590 5038 826 5104 ἐνιέντες
849 5057 862 5070 ·
908 5039 1139 5111 χλοεράς
1174 5037 1300 5110 [Ion
1345 5040 1519 5101 deest,
1578 5034 1813 5108 οἵτινες]
1849 5034 1951 5106 μὲν

349 5128 565 5193 ταύτας
591 5129 689 5182 καὶ
727 5128 979 5193 εὐανθεῖς
1003 5129 1403 5199 ἀποφαίνουσιν
1424 5143 1438 5158 ·
1469 5126 1551 5198 τῷ
1580 5129 1679 5198 τῆς
1717 5125 1863 5197 ὥρας
1890 5124 1948 5178 δὲ

350 5221 509 5288 λείῳ,
568 5221 705 5294 πρὸς
759 5222 963 5286 ἑαυτὰς
1018 5222 1139 5292 μεθ’
1194 5221 1394 5294 ἡδονῆς
1449 5220 1579 5285 τοὺς
1635 5220 1948 5290 θεωμένους

349 5315 698 5382 ἐφέλκονται.
728 5313 916 5378 Οὕτως
937 5316 971 5387 ἡ
989 5316 1055 5369 ὲκ
1081 5314 1353 5384 θαλάττης
1377 5312 1666 5384 ἀγώγιμος
1690 5311 1945 5383 ἀφθονία,

348 5406 627 5478 ἀκτησίας
689 5408 985 5479 περιουσίᾳ
1047 5406 1555 5479 καταπεφρόνηται.
1621 5407 1946 5474 Πεπάτηται

342 5502 588 5577 χρυσὸς,
635 5503 692 5555 6⁸
727 5501 828 5566 τὰς
881 5499 1062 5571 ψυχὰς
1121 5499 1517 5569 δουλούμενοςο
1569 5498 1803 5567 ἥττηται
1850 5513 1947 5549 τυ-

347 5598 543 5668 ραννὶς
583 5595 800 5649 ἐκείνου
844 5592 954 5648 τῶν
983 5592 1162 5647 ἀλλων
1206 5587 1658 5662 κατακρατοῦσα,
1693 5587 1789 5642 καὶ
1818 5587 1947 5653 τοὺς

345 5687 585 5751 ἁλόντας
634 5688 922 5758 μονονουχὶ
965 5685 1124 5757 δίκην
1172 5683 1530 5756 ἀνδραπόδων
1565 5684 1775 5751 ἄγουσα
1806 5681 1943 5751 πρὸς

340 5782 578 5849 ἑαυτὴν,
611 5782 707 5834 καὶ
740 5780 1139 5835 ὑποτάττουσα.

1976 3341 2022 3403 C

1980 4698 2027 4755 D

2050 2072 2247 2140 possit,
2282 2071 2333 2123 in
2364 2072 2642 2140 publicum
2668 2072 2929 2142 proferat.

2128 2162 2329 2215 Forsan
2392 2179 2556 2231 vero,
2620 2168 2705 2219 vir
2752 2170 2992 2237 optime,
3054 2170 3145 2238 qui
3199 2174 3266 2226 ad
3315 2172 3647 2229 laudatorios

2052 2255 2321 2320 ejusmodi
2372 2271 2653 2312 sermones
2684 2260 2900 2323 incitas.
2949 2274 3237 2317 consuetas
3269 2268 3644 2321 eneoxniornm

2053 2349 2503 2418 exaggerationes
2558 2353 2846 2420 requires,
2910 2358 3286 2410 exornativam
3352 2361 3643 2425 quamdam

2057 2441 2441 2511 impensiorem
2501 2444 2844 2498 sedulitatem
2902 2447 2968 2499 ad
3007 2461 3196 2501 earum
3250 2450 3495 2505 cumulos
3548 2455 3643 2507 de-

2054 2548 2309 2601 poscens.
2350 2528 2624 2587 Caeterum
2658 2535 2760 2589 viri
2802 2537 2854 2588 in
2907 2536 3238 2592 laudationis
3267 2550 3643 2605 argumentum

2055 2626 2354 2695 propositi,
2390 2629 2465 2683 uti
2502 2642 2620 2692 res,
2656 2628 2728 2681 ita
2759 2637 2812 2683 et
2860 2644 3040 2684 rerum
3088 2633 3379 2687 occasione
3424 2638 3647 2705 ('Xt'ngi-

2057 2728 2164 2772 tata
2192 2720 2477 2775 verborum
2506 2732 2825 2773 ornamenta
2859 2721 3125 2787 rejicient.
3158 2723 3287 2790 Qua:
3316 2727 3483 2790 enim,
3522 2744 3643 2797 pto-

2054 2813 2227 2879 posita
2262 2814 2482 2867 minime
2510 2813 2865 2879 delectarunt,
2896 2829 2982 2879 ea,
3032 2816 3079 2867 vi
3126 2818 3398 2872 aerumnis
3447 2836 3644 2890 repue-

2054 2913 2287 2967 sentata,
2317 2905 2440 2958 odio
2469 2905 2707 2959 habituri
2736 2916 2881 2960 sunt.
2909 2906 3193 2973 Quomodo
3216 2910 3359 2964 enim
3396 2929 3499 2966 non
3532 2928 3644 2967 me-

2057 2996 2162 3048 rito
2224 2997 2544 3065 increpent,
2581 3007 2639 3051 ut
2672 3013 2796 3068 quis
2837 3012 2902 3052 ex
2957 3003 3147 3067 patria:
3207 3002 3365 3055 honis
3421 3004 3642 3058 laudare

2056 3085 2307 3150 voluerit,
2346 3103 2469 3140 eum
2499 3087 2598 3155 ipsi
2636 3089 2890 3143 maximis
2924 3090 3115 3159 patria:
3145 3093 3383 3157 divitiis,
3416 3095 3639 3161 amplis-

2053 3194 2159 3248 que
2190 3178 2405 3233 abunde
2451 3180 2908 3248 possessionibus,
2957 3182 3176 3237 inimice
3218 3184 3396 3240 aﬂ‘ccti
3435 3185 3640 3241 habue-

2055 3269 2208 3323 rint?
2253 3268 2448 3325 Dicent
2497 3274 2681 3338 enim,
2716 3288 2778 3328 ac
2812 3274 2970 3343 plane
3019 3277 3309 3331 admodum
3361 3294 3639 3349 congrue,

2057 3362 2346 3417 irridentes
2408 3367 2638 3431 pariter,
2693 3381 2993 3434 eorumque
3051 3369 3141 3437 qui
3200 3385 3310 3422 rem
3374 3371 3637 3435 ejusmodi

2058 3464 2273 3509 tentare
2307 3456 2595 3523 voluerint,
2635 3460 2873 3513 studium
2905 3470 3315 3528 compesceutes
3350 3481 3363 3516 :
3391 3462 3467 3515 Ne
3494 3465 3638 3532 quis,

2056 3548 2465 3605 delcctabilium
2516 3552 2696 3607 oculis
2756 3551 3159 3621 subjectoruni,
3208 3557 3472 3626 nobisque
3511 3573 3641 3626 pro-

2055 3640 2406 3710 scriptorum,
2439 3645 2581 3698 inter
2614 3642 2950 3701 laudatorios
2990 3661 3272 3701 sermones
3304 3648 3639 3716 pt'a'latiotte,

2054 3735 2322 3789 honorum
2372 3735 2727 3805 spiritalium,
2789 3752 3018 3807 quaeque
3060 3740 3161 3809 ipsi
3218 3741 3392 3811 rg‘pSa
3430 3746 3639 3811 potiora

2052 3824 2367 3893 habuimus,
2416 3828 2906 3899 magniﬁcentiam,
2958 3832 3302 3887 contumelia:
3356 3833 3638 3903 habuerit;

2054 3933 2190 3973 neve
2227 3920 2319 3989 qui
2361 3920 2468 3974 tale
2516 3921 2807 3976 consilium
2843 3932 3035 3992 agitat,
3068 3924 3133 3979 iis
3164 3924 3408 3992 rejectis,
3444 3928 3642 3995 quibus

2052 4022 2317 4067 aeternam
2367 4014 2525 4069 nobis
2574 4015 2804 4084 gloriam
2836 4032 3158 4084 comparare
3211 4021 3437 4092 contigit
3471 4037 3641 4091 appa-

2054 4106 2224 4161 rentis
2270 4106 2426 4162 nobis
2464 4108 2672 4176 gloriae,
2715 4111 3031 4178 praeclaram
3081 4113 3488 4177 accessionem,
3520 4131 3643 4168 ver-

2053 4197 2247 4254 borum
2293 4214 2352 4254 se
2400 4201 2687 4271 majestate
2729 4204 3123 4269 adhibituram,
3158 4209 3451 4274 putaverit.
3506 4207 3640 4262 Eam

2051 4290 2224 4351 enim.
2258 4306 2365 4344 non
2402 4302 2766 4355 crententum,
2818 4296 2910 4347 sed
2960 4310 3150 4349 eorum
3179 4297 3452 4366 iacturam
3490 4300 3646 4352 arbi-

2053 4390 2300 4447 trames,
2339 4398 2461 4455 mne
2499 4385 2653 4439 nobis
2704 4386 2756 4440 in
2806 4388 3080 4441 desiderio
3114 4399 3261 4456 sunt,
3317 4392 3647 4446 ostentatio-

2052 4489 2177 4530 nem
2205 4490 2422 4546 quoque
2469 4476 2596 4531 inde
2633 4478 3046 4547 provenientem
3087 4483 3419 4549 repellimus.
3475 4481 3642 4539 Nih‘li

2052 4567 2207 4623 nobis
2263 4569 2476 4623 urbium
2530 4585 2788 4625 earumve
2818 4572 3161 4628 conditorum
3188 4578 3639 4645 maguiiic-ntia:

2054 4660 2208 4715 nihili
2247 4670 2408 4715 terra!
2440 4663 2763 4731 opportunis
2814 4662 3062 4736 frugibus
3096 4678 3449 4737 prmgravata:
3487 4670 3642 4725 ferti-

2052 4751 2179 4807 litas
2214 4770 2227 4807 :
2268 4752 2418 4807 nihili
2457 4752 2651 4809 ﬂormn
2706 4755 2971 4811 varietate
3028 4757 3310 4813 obiectans
3359 4768 3640 4828 pratorum

2053 4853 2344 4913 aspectus;
2399 4843 2555 4899 nihili
2615 4846 2888 4914 pra-cipua
2943 4848 3089 4903 aeris
3146 4849 3408 4918 temperie
3470 4850 3644 4905 beata:

2053 4937 2357 5004 regiones:
2410 4936 2566 4991 nihili
2626 4936 3041 5007 limpidissimos
3104 4939 3296 4994 latices
3353 4952 3640 4998 manantes

2054 5028 2252 5095 fontes,
2294 5045 2620 5101 summaque
2666 5031 2984 5098 dulcedine,
3024 5045 3151 5087 ante
3186 5034 3348 5088 etiam
3399 5046 3637 5105 gustum,

2051 5122 2240 5178 oculos
2284 5121 2649 5194 adimplentes
2678 5144 2692 5180 :
2728 5126 2881 5181 nihili
2916 5126 3151 5195 denique
3184 5127 3538 5183 decurrentes
3570 5146 3639 5183 ex

2052 5215 2318 5270 montium
2360 5215 2512 5287 jugis
2559 5215 2741 5279 ﬂuvii,
2796 5216 3110 5285 sensimque
3157 5232 3218 5272 se
3271 5218 3522 5287 vallibus,
3578 5236 3641 5273 ac
3722 5290 3727 5299 ί

2053 5305 2230 5375 planis
2280 5320 2601 5374 camporum
2659 5304 2876 5361 deﬂuxu
2924 5305 3311 5375 infundentes;
3352 5319 3413 5364 ut
3443 5313 3512 5364 ab
3548 5311 3637 5374 iis,

2053 5399 2236 5454 herbis
2305 5398 2550 5463 virides,
2620 5396 3024 5470 ﬂorentesque,
3113 5410 3340 5457 venusta
3409 5402 3640 5457 laevitate

2050 5492 2451 5561 aspectantium
2483 5495 2551 5545 ad
2588 5507 2647 5546 se
2677 5493 2865 5548 oculos
2914 5508 3038 5549 cum
3075 5495 3352 5564 voluptate
3397 5495 3636 5550 trahant.

2051 5582 2108 5639 in
2140 5584 2283 5639 hunc
2316 5574 2558 5648 modum,
2585 5595 2768 5654 spreta
2798 5596 2884 5642 est
2911 5588 3251 5656 paupertatis
3280 5588 3635 5650 abundantia,

2034 5693 2212 5747 :qnam
2263 5691 2477 5731 merces
2534 5677 2768 5732 nautica:
2820 5682 3087 5735 honorum
3135 5678 3460 5735 alﬂuentiam
3497 5696 3639 5750 prur-

2052 5780 2239 5827 staut:
2271 5770 2648 5826 conculcatqu
2674 5787 2892 5837 aurum,
2916 5773 3060 5843 quod
3091 5773 3369 5828 hominum
3402 5774 3642 5842 captian

342 5873 589 5936 animos,
628 5872 854 5941 ejusque
888 5884 1081 5943 potens
1110 5871 1200 5928 illa
1232 5879 1487 5942 superata
1525 5865 1796 5940 tyrannis,
1827 5880 1947 5935 quae
1982 5863 2107 5920 aliis
2176 5862 2512 5932 dominatur,
2582 5863 2863 5934 victosque
2924 5864 2999 5920 uti
3031 5864 3147 5922 fere
3196 5865 3459 5937 mancipia
3486 5864 3555 5920 ad
3580 5878 3641 5920 so

348 5966 521 6022 trahit
551 5981 613 6020 ae
655 5968 946 6035 mancipat.

1777 6062 1803 6088 \.
