4060 6434
508 479 528 543 l
541 483 644 548 507

1637 477 1959 539 GEORGII
2001 477 2599 541 NICOMEDIENSIS

3666 483 3806 552 1503

575 594 725 649 Talia
756 593 918 664 plane
942 632 956 658 ,
991 608 1229 664 congrua
1254 593 1476 647 omnino
1503 591 1700 647 rationi
1737 593 1965 657 ﬁducia,
1999 608 2093 649 seu

2271 594 2511 649 Τοιαῦτα
2559 596 2622 667 δὴ
2676 593 2794 668 μετ’
2842 596 3068 666 εὐλόγου
3112 598 3215 666 τῆς
3243 601 3603 672 παρρησίας,
3635 602 3670 673 ἢ
3706 604 3806 656 καὶ

502 688 667 742 etiam
705 696 1008 758 praecepto,
1043 686 1243 741 dicturi
1276 695 1438 750 sunt,
1468 687 1559 756 qui
1593 686 1668 741 ita
1702 687 1766 740 ad
1820 687 2086 741 bonorum

503 782 885 850 apparentium
933 780 1328 835 delectameuta
1381 782 1708 835 habuerunt.
1762 780 1843 834 Tu
1881 791 2085 845 autem,

502 873 587 925 vir
646 872 991 937 admirande,
1044 871 1131 926 his
1179 887 1397 942 quoque
1454 873 1674 937 missis,
1738 872 2091 943 neglectaque

503 980 692 1018 eorum
731 965 1123 1037 explicatione,
1180 970 1247 1018 ad
1283 975 1572 1035 parentum
1620 966 1912 1037 imaginem
1962 983 2093 1021 con-

502 1057 650 1113 sulto
684 1059 1062 1112 narrationem
1090 1060 1366 1113 traduces.
1399 1057 1730 1113 Praeclarum
1756 1075 1883 1115 vero
1915 1059 2093 1114 consi-

502 1149 655 1202 lium.
707 1147 901 1218 Opem:
941 1151 1210 1219 siquidem
1254 1150 1516 1220 pretium,
1556 1160 1618 1205 ut
1665 1151 1755 1221 qui
1786 1153 1953 1216 socii,
1995 1167 2089 1207 seu

505 1244 683 1310 potius
717 1243 807 1310 qui
848 1243 1136 1306 bonorum,
1162 1244 1206 1298 si
1238 1259 1359 1313 quae
1393 1260 1423 1298 a
1456 1244 1583 1300 ﬁliis
1608 1255 1759 1316 gesta
1793 1255 1954 1313 sunt,
1991 1262 2091 1299 au-

505 1347 682 1392 ctures
738 1339 1094 1399 exstiterunt,
1165 1353 1356 1392 eorum
1425 1354 1643 1409 quoque
1700 1339 1891 1410 gloria:
1956 1340 2090 1395 socri

504 1430 807 1495 exsistant;
843 1440 1007 1498 atque
1043 1439 1102 1483 ut
1134 1438 1329 1483 natura
1374 1447 1437 1485 ac
1466 1430 1727 1500 operibus
1781 1431 2090 1501 ingenuita-

505 1531 614 1575 tem
649 1537 772 1574 cum
807 1521 890 1576 eis
919 1523 1313 1587 obtinuerunt,
1364 1523 1436 1577 ita
1472 1538 1647 1593 neque
1683 1525 1750 1578 ab
1777 1539 1966 1578 eorum
1994 1539 2093 1578 en-

507 1612 705 1665 coniiis
766 1611 931 1666 alieni
971 1611 1094 1681 jure
1140 1614 1338 1669 merito
1384 1627 1731 1669 censeantur.
1766 1615 1913 1682 Quos
1948 1617 2089 1670 enim

507 1720 689 1759 mores
720 1704 1079 1774 coniunxere,
1136 1708 1235 1761 Iros
1279 1722 1463 1762 sermo
1498 1707 1843 1763 laudatorius’
1871 1709 2094 1766 minime

506 1806 748 1865 separat.
788 1796 954 1861 Sane,
1000 1813 1188 1851 eorum
1231 1799 1438 1869 patris,
1490 1815 1626 1867 quos
1664 1800 1716 1854 in
1768 1799 2092 1857 laudationis

504 1900 890 1960 argumentum
933 1891 1350 1961 assumpsimus,
1387 1892 1655 1951 celebrem
1689 1892 1920 1959 gloriam
1978 1894 2089 1948 nati

505 1999 569 2036 cx
632 1984 747 2052 ipso
799 1984 977 2051 palam
1032 1985 1347 2040 ostendunt.
1407 1986 1615 2053 Quibus
1648 1989 1796 2043 enim
1843 2004 1871 2040 a
1925 2002 2095 2056 puero

505 2074 704 2137 cdocti,
762 2073 824 2126 ad
875 2074 1087 2129 culmen
1146 2076 1361 2130 virtutis
1414 2078 1586 2132 evecti
1642 2088 1809 2143 sunt,
1878 2080 2095 2149 Deoqne

508 2169 670 2221 rebus
703 2168 977 2222 universis
1005 2154 1290 2232 eminenti,
1331 2172 1701 2241 pr0pinquare
1752 2182 2092 2235 meruerunt,
2140 2218 2147 2224 .

506 2257 574 2311 iis
625 2259 967 2313 institutores
1032 2274 1164 2315 suos
1237 2261 1640 2330 depr‘aedicant,
1687 2278 2095 2334 congruumque

507 2350 640 2417 ipsis
668 2367 894 2419 suorum
945 2355 1210 2407 bonorum
1258 2355 1731 2425 participationem
1777 2358 2092 2412 testimonio

507 2439 800 2493 vindicant.

578 2530 739 2585 Pater
776 2534 959 2598 itaque
988 2532 1192 2587 celebri
1242 2535 1460 2588 nomine
1492 2533 1817 2605 inclytorum
1850 2537 2092 2609 Anargy-

509 2636 726 2687 rerum,
781 2623 868 2674 alii
921 2626 973 2675 in
1024 2623 1293 2692 religiosa:
1371 2627 1803 2680 conversationis
1858 2628 2094 2697 vitaeque

508 2715 909 2769 lmuestissiune
944 2716 1028 2768 via
1073 2731 1169 2771 eos
1194 2718 1499 2783 statuisset,
1536 2719 1696 2772 matri
1729 2722 2006 2775 concessit
2038 2730 2096 2776 ut

507 2811 574 2862 ad
623 2825 792 2879 usque
825 2811 986 2864 linem
1020 2812 1233 2866 tlthll‘lX
1258 2822 1437 2879 esset,
1468 2829 1590 2868 cum
1620 2816 1839 2869 interim
1880 2817 1946 2871 ad
1976 2830 2091 2871 caa-

510 2901 665 2958 lcstia
703 2903 819 2971 ipse
853 2902 1208 2958 tabernacula
1252 2906 1561 2974 migrasset.
1598 2904 1689 2958 llla
1735 2922 1920 2975 porro,
1954 2923 2093 2977 prae-

508 3000 694 3046 textas
716 2992 1031 3057 verborum,
1061 2995 1614 3064 expectationemque
1656 2996 1706 3049 in
1751 2996 1963 3052 incerto
1998 3012 2094 3066 po-

509 3086 739 3139 sitarum
776 3095 1004 3139 eventus
1030 3125 1044 3148 ,
1074 3084 1232 3156 supra
1271 3104 1432 3157 quam
1463 3090 1801 3157 exspectatio
1835 3089 2089 3156 haberet,

509 3189 867 3247 praesumens,
901 3180 1051 3233 curis
1098 3181 1333 3235 assiduis
1364 3183 1580 3250 agebat,
1608 3193 1667 3236 ut
1701 3182 1766 3237 iis
1794 3198 1914 3252 quae
1939 3187 2094 3238 dees-

2197 688 2576 758 προστάξεως,
2609 690 2660 740 οἱ
2684 688 2822 759 πρὸς
2852 687 2950 758 τὴν
2974 688 3085 741 τῶν
3112 689 3418 743 δοκούντων
3439 692 3630 745 καλῶν
3653 693 3807 748 οὕτω

2195 779 2535 843 διατεθέντες
2582 778 2772 850 ἐροῦσι
2821 781 3202 851 τερπνότητα·
3260 781 3326 834 σὺ
3375 782 3435 835 δὲ
3476 784 3575 837 καὶ
3620 785 3805 864 nigra

2194 872 2504 942 παρέντας,
2535 871 2842 941 θαυμάσιε,
2876 873 3086 943 βραχέα
3132 872 3188 926 δὲ
3232 874 3334 945 τῆς
3364 875 3579 929 τούτων
3623 895 3809 948 φρον-

2194 963 2460 1024 τίσαντας
2490 964 2835 1032 ὲκφρὰσεως,
2867 963 3004 1033 πρός
3033 965 3135 1033 τὴν
3170 964 3277 1017 τῶν
3312 967 3576 1039 πατέρων
3607 970 3807 1025 εἰκόνα

2192 1053 2579 1125 διανοούμενος
2625 1057 3008 1126 παρορμήσεις
3041 1058 3142 1129 τὴν
3186 1057 3461 1129 διήγησιν.
3505 1062 3619 1113 Καὶ
3669 1057 3806 1130 εὖγε

2192 1147 2288 1201 τοῦ
2322 1147 2716 1218 βουλεύματος.
2755 1149 2849 1201 Δεῖ
2877 1149 2986 1218 γὰρ
3030 1149 3158 1212 τοὺς
3197 1152 3531 1215 κοινωνοὺς,
3585 1153 3805 1219 μᾶλλον

2193 1241 2274 1303 δὲ,
2307 1242 2415 1294 τῶν
2448 1242 2636 1295 καλῶν
2664 1243 2795 1306 τοὺς
2830 1241 2888 1307 ἐξ
2918 1242 3130 1296 ἑαυτῶν
3163 1230 3446 1314 ἀρχηγοὺς
3478 1248 3806 1316 γεγενημέο

2194 1353 2342 1400 νους,
2394 1337 2491 1390 καὶ
2537 1337 2638 1407 τῆς
2689 1336 2801 1390 τῶν
2853 1339 3093 1390 ἐπαίνων
3144 1340 3396 1408 μετέχειν
3455 1339 3662 1410 δόξης·
3709 1340 3809 1392 καὶ

2192 1428 2384 1499 ὥσπερ
2433 1432 2498 1500 τῇ
2557 1430 2719 1496 φύσει
2770 1430 2868 1483 καὶ
2923 1432 3032 1493 τοῖς
3058 1431 3246 1500 ἔργοις
3276 1418 3339 1484 τό
3378 1434 3606 1502 γνήσιον
3650 1436 3809 1502 ἔχειν

2196 1521 2539 1593 ηὐτύχησαν,
2591 1522 2687 1575 καὶ
2729 1524 2828 1591 τῆς
2865 1521 2976 1576 τῶν
3021 1521 3200 1590 λόγων
3262 1523 3338 1593 μὴ
3386 1524 3810 1589 ἀποξενοῦσθαι

2195 1615 2497 1677 κοινωνεῖν,
2548 1615 2644 1666 καὶ
2678 1613 2798 1667 λίαν
2843 1614 3094 1680 εἰκότως,
3130 1615 3452 1685 εύκληρίας.
3478 1616 3596 1681 Οὓς
3634 1618 3755 1689 γὰρ
3782 1621 3813 1671 ὁ

2194 1703 2398 1775 τρόπος
2451 1704 2708 1775 συνῆψεν,
2775 1706 3003 1769 τούτους
3068 1707 3097 1758 ὁ
3146 1708 3449 1778 ἐπαινέτης
3511 1708 3682 1777 λόγος
3736 1708 3806 1764 οὐ

2195 1797 2484 1868 διίστησιν.
2521 1799 2736 1869 Harpe;
2767 1799 2865 1868 μὲν
2896 1799 3008 1870 γὰρ
3034 1801 3147 1852 τῶν
3177 1801 3565 1870 προκειμένων
3595 1804 3685 1865 εἰς
3715 1803 3813 1854 εἰ.-

2199 1893 2414 1962 φημίας
2452 1891 2711 1963 ἀφορμὴν
2742 1891 2937 1959 ἁγίων,
2977 1893 3027 1945 οί
3064 1891 3261 1961 φύντες
3288 1892 3347 1958 ἐξ
3393 1894 3564 1947 αὐτοῦ
3595 1894 3811 1964 δηλοῦο

2198 2002 2283 2037 σιν
2329 1984 2606 2039 εὔκλειαν.
2659 1979 2755 2048 Οἷς
2799 1984 2910 2055 γὰρ
2950 1986 3501 2058 παιδαγωγηθέντες,
3541 1991 3628 2049 εἰς
3665 1989 3811 2059 ὕψος

2201 2078 2299 2148 μὲν
2318 2078 2521 2148 ἀρετῆς
2542 2078 2850 2150 άναϐεόήκε
2861 2095 2959 2131 σαν
2980 2096 2992 2108 ο
3011 2078 3130 2150 Θεῷ
3146 2079 3199 2132 δὲ
3221 2080 3441 2133 πάντων
3460 2082 3640 2155 ἐξῃρη
3649 2084 3810 2156 μένῳ

2198 2171 2584 2241 προσπελάσαι
2635 2172 3041 2241 κατηξίωνται,
3074 2176 3291 2237 τούτοις
3346 2176 3476 2238 τοὺς
3510 2177 3809 2244 παιδαγω-

2195 2264 2329 2332 γοὺς
2380 2265 2878 2335 ἀνακηρύττουσιν,
2934 2265 3031 2320 καὶ
3080 2265 3179 2336 τὴν
3214 2267 3564 2338 κατάλληλον
3608 2270 3809 2333 αὐτοῖς

2195 2354 2306 2409 τῶν
2337 2357 2488 2425 σφῶν
2516 2358 2741 2426 ἀγαθῶν
2773 2360 3250 2431 ἐπιμαρτυροῦσιν
3285 2360 3531 2430 μέθεξιν.

2129 1960 2170 2014 Β

2269 2544 2461 2616 Πατὴρ
2492 2544 2672 2598 τοίνυν
2700 2545 2808 2598 τῶν
2866 2545 3282 2616 μεγαλωνύμων
3323 2548 3711 2621 Ἀναργύρων,
3743 2549 3806 2604 ἐν

2195 2636 2301 2708 ὁδῷ
2336 2637 2615 2701 πολιτείας
2640 2638 2741 2708 τῆς
2769 2637 2977 2705 ἐνθέου,
3007 2641 3103 2693 xui.
3143 2640 3261 2709 βίον
3293 2643 3517 2705 τούτους
3557 2644 3803 2714 ἐπιστή-

2199 2748 2299 2794 σας
2346 2730 2443 2784 τοῦ
2486 2733 2822 2801 σεμνοτάτου
2847 2748 2862 2764 ο
2897 2736 2962 2804 τῇ
3012 2736 3181 2805 μητρὶ
3215 2735 3315 2806 μὲν
3372 2735 3471 2806 τὴν
3506 2738 3586 2802 είς
3620 2739 3805 2809 ἅρας

2197 2823 2570 2894 χειραγωγίαν
2607 2823 3027 2897 παρεχώρησεν,
3065 2828 3146 2890 είς
3178 2828 3466 2899 οὐρανίους
3496 2829 3553 2883 δὲ
3584 2833 3805 2901 σκηνὰς

2199 2914 2584 2986 ὑπεχώρησεν.
2646 2915 2713 2969 Ἠ
2750 2916 2807 2969 δὲ
2831 2916 3074 2971 λαϐοῦσα
3110 2919 3376 2991 ῥημάτων
3399 2921 3509 2973 τῶν
3538 2922 3636 2975 ἐπὶ
3666 2924 3808 2994 σκῆε-

2197 3005 2309 3076 ψει,
2335 3007 2430 3060 καὶ
2452 3006 2688 3061 ἐλπίδων
2714 3008 2826 3060 τῶν
2854 3009 2912 3061 ἐν
2938 3009 3124 3081 ἀδήλῳ
3151 3011 3358 3080 μᾶλλον
3379 3014 3481 3076 τὰς
3505 3013 3799 3079 ἐκϐάσεις,

2199 3097 2404 3170 ἢκατὰ
2454 3098 2808 3170 προσδοκίαν,
2851 3101 3200 3172 ἐπιμελείαις
3247 3105 3545 3175 ἐμμόνοις,
3589 3108 3653 3159 ἐν
3688 3109 3804 3173 τοῖς

2199 3191 2646 3262 καταλειφθεῖσιν
2681 3193 3032 3264 ἐξενεχθῆναι
3081 3194 3521 3267 παρεσκεύασεν.
3557 3203 3800 3277 Θεοδότη

507 3276 628 3321 sent
666 3268 1066 3324 incumberent.
1103 3269 1314 3324 Etenim
1365 3281 1484 3326 erat
1513 3271 1791 3328 Theodota
1820 3311 1836 3338 ,
1891 3273 1945 3328 id
1973 3284 2092 3341 est,

2200 3282 2310 3355 γὰρ
2339 3280 2427 3357 ἦν,
2479 3284 2663 3356 ἔργοις
2703 3287 2804 3357 τὴν
2831 3289 3023 3357 κλῆσιν
3062 3291 3569 3363 ἐπισφραγίζουσα·
3602 3298 3668 3350 τὸ

506 3360 692 3413 divino
736 3360 860 3435 dat_a
898 3376 1155 3426 munere;
1204 3363 1464 3433 operibus
1510 3365 1931 3435 appellationem
1991 3368 2090 3420 ob-

506 3456 772 3522 signans,
833 3452 1174 3523 gloriamque
1235 3458 1653 3527 nuncupationis
1711 3458 1878 3531 rebps
1964 3458 2097 3529 ipsis

506 3544 881 3599 conﬁrmans:
917 3562 1039 3615 quae
1073 3547 1290 3615 quidem
1330 3564 1359 3602 a
1408 3559 1750 3605 terrenorunt
1776 3550 2096 3619 'abjectione

507 3638 748 3691 animum
780 3637 1156 3705 abjunxisset,
1192 3651 1499 3712 naturaque
1545 3642 1834 3711 sublimius
1877 3643 2095 3698 evolas-

506 3741 625 3795 set;
665 3745 770 3782 non
802 3730 1110 3785 visibilibus
1139 3733 1395 3787 subvecta
1425 3735 1618 3804 pennis
1640 3774 1655 3800 ,
1696 3736 1792 3790 sed
1828 3738 2092 3791 munditia

508 3838 571 3874 ac
604 3822 838 3891 sapienti
866 3823 1215 3891 cogitatione.

580 3912 1123 3979 'l‘lteodota,tlonum
1174 3916 1391 3986 quidem
1432 3918 1544 3988 ipsa
1576 3933 1676 3974 cett
1727 3920 1913 3975 divino
1964 3923 2089 3976 data

508 4019 752 4067 munere,
793 4020 915 4074 qua:
946 4015 1125 4059 tamen
1187 4023 1290 4059 una
1320 4023 1505 4062 secum
1550 4010 1726 4064 datori
1790 4013 1926 4066 uteri
1959 4028 2095 4082 qun-

505 4108 612 4162 que
661 4093 893 4147 fructum
942 4096 1229 4151 donaverit
1260 4114 1273 4150 :
1309 4112 1430 4165 quae
1452 4099 1723 4166 duplicem
1759 4101 2090 4157 oblationem

431 4210 435 4214 ι
506 4184 731 4244 fecerit,
763 4198 938 4253 eaque
969 4194 1123 4254 parte
1158 4186 1431 4242 celebrem
1483 4189 1629 4243 illam
1664 4191 1900 4247 Abrahae
1927 4196 2093 4248 obla—

509 4276 710 4328 tionem
744 4277 1123 4346 superaverit:
1164 4295 1284 4349 quze
1331 4281 1597 4352 integram
1634 4284 1891 4353 hostiam,
1920 4288 2093 4342 Immi-

507 4385 635 4423 num
667 4385 829 4424 causa
866 4371 1146 4427 immolato
1178 4372 1434 4439 Domino,
1466 4376 1762 4443 obtulerit,
1798 4380 2094 4450 majorem-

508 4476 615 4526 que
643 4477 754 4529 prae
799 4462 889 4518 illo
916 4464 1450 4520 commendationem
1494 4469 1758 4524 meruerit
1789 4488 1804 4525 :
1842 4488 1947 4525 non
2005 4474 2094 4527 ltie

507 4556 729 4623 quidem
766 4571 970 4611 aeneus
1022 4556 1289 4627 gladium;
1330 4576 1436 4614 non
1489 4562 1705 4632 erigens
1738 4564 1945 4631 altare;
1986 4580 2091 4619 non

510 4649 650 4719 ligna
686 4650 980 4721 colligens;
1015 4666 1123 4704 non
1171 4655 1475 4709 accendens
1526 4655 1744 4725 ignem;
1787 4673 1893 4712 non
1943 4659 2091 4713 lumo
2127 4661 2168 4716 D

507 4758 573 4796 ac
603 4742 794 4797 nidore
845 4741 1133 4799 oﬁ‘undens
1182 4761 1365 4801 aerem
1400 4764 1415 4803 :
1447 4752 1540 4807 sed
1587 4752 1652 4807 iis
1693 4768 1831 4822 quos
1860 4754 2090 4817 libabat,

507 4834 743 4902 gladium
779 4836 1019 4903 quidem,
1050 4837 1305 4893 vitiorum
1332 4844 1753 4909 amputatricem
1782 4847 2091 4900 castitatem

508 4928 885 4994 praetendens;
938 4942 1090 4982 aram
1134 4944 1326 4986 autem
1377 4935 1660 5003 doctrinas,
1717 4938 2091 4993 castissimum

507 5036 694 5075 eorum
745 5021 911 5076 animi
948 5022 1281 5077 domicilium
1338 5030 1625 5094 excitans,
1684 5029 1737 5083 in
1766 5044 1874 5099 quo
1923 5034 2091 5086 divini

506 5115 766 5170 desiderii
826 5130 1093 5172 accensus
1153 5118 1313 5189 ignis,
1367 5122 1601 5176 hostiam
1655 5128 2091 5193 consummavit,

508 5208 932 5278 uttavisslmiqlle
980 5212 1167 5264 odoris
1200 5215 1563 5282 sacriﬁcium,
1593 5232 1657 5271 ac
1705 5232 1965 5287 perquam
2003 5236 2094 5274 ac-

508 5299 797 5365 ceptabile,
831 5301 1136 5354 desiderato
1159 5302 1374 5357 obtulit.
1418 5362 1423 5367 ,
2056 5308 2073 5313 ’

579 5387 715 5443 Cum
766 5390 845 5445 sic
875 5406 1008 5461 ergo
1052 5409 1205 5448 suam
1241 5396 1575 5453 oblationem
1608 5412 1672 5452 ac
1700 5414 1901 5454 munus
1949 5414 2094 5457 recte

510 5482 822 5547 divisisset,
855 5482 983 5539 fecit
1034 5495 1091 5539 ιιι
1143 5487 1762 5547 Ιίὺυνειιοίΐοτοιιάοτυηι
1817 5492 2095 5550 voluntate

510 5585 657 5627 recte
695 5574 1075 5631 offerretur".
1106 5578 1239 5634 Nam
1285 5581 1400 5651 ipsa
1428 5585 1669 5653 quidem,
1703 5585 1965 5641 bonorum
2010 5607 2095 5645 se-

510 5666 655 5720 mina
693 5666 745 5719 in
776 5668 900 5724 ﬁliis
951 5672 1232 5739 mittebat;
1276 5674 1351 5727 illi
1384 5685 1588 5742 autem,
1633 5679 1791 5735 utsic
1826 5681 1992 5735 missa
2040 5685 2091 5738 in

510 5758 865 5826 multiplicem
898 5772 1162 5830 segetem,
1196 5778 1532 5835 crescerent,
1560 5773 2000 5843 contendebant;
2030 5791 2094 5834 ae

576 5928 624 5962 ”
661 5926 798 5981 Gen.
823 5945 895 5997 tv,
920 5931 973 5985 7.

2202 3378 2580 3449 προσηγορίας
2642 3378 2866 3444 εὐκλεὲς
2946 3381 3132 3446 αὐτοῖς
3221 3382 3620 3441 ἐπιόεϐαιοῦσα
3683 3393 3801 3455 τοῖς

2198 3471 2609 3543 πράγμασιν·ή
2661 3471 2771 3526 τῶν
2824 3475 3183 3545 χαμαιζήλων
3239 3480 3337 3549 μὲν
3395 3482 3798 3557 ἁνῳκισμένη,

2199 3563 2483 3635 ύπερτέρα
2522 3565 2567 3618 δ’
2605 3568 2869 3639 αἰρομένη
2909 3570 3012 3639 τῆς
3062 3571 3277 3640 φύσεως
3301 3590 3315 3603 ·
3347 3575 3445 3646 οὐχ
3476 3579 3802 3648 όρωμέναις

2198 3656 2493 3727 πτέρυξιν,
2554 3657 2897 3730 καθαρότητι
2933 3662 2989 3714 δὲ
3023 3662 3117 3716 καὶ
3154 3663 3401 3737 λογισμῴ
3432 3664 3801 3725 διαϐαίνουσα

2198 3765 2458 3821 σωφρονι.

2264 3938 2518 4011 θεοδότη,
2544 3939 2719 4012 δῶρον
2751 3941 2872 4012 μὲν,
2907 3944 2939 4015 η
2970 3944 3229 4018 δεδομένη
3263 3948 3470 4016 θεόθεν,
3497 3951 3801 4011 ἀντιδοῦσα

2192 4030 2249 4086 δέ
2283 4033 2381 4086 σὺν
2414 4032 2579 4106 ἐαυτῇ
2612 4034 2691 4106 τῷ
2729 4022 3017 4101 δεδωκότι,
3041 4040 3137 4093 καὶ
3170 4039 3269 4111 τὴν
3313 4042 3377 4096 ἐκ
3422 4045 3620 4116 νηδύος
3653 4067 3799 4121 καρ-

2195 4123 2468 4205 ποφορίαν
2488 4139 2502 4155 ο
2529 4126 2561 4194 ὴ
2597 4123 2784 4196 διττὴν
2818 4128 2969 4200 αὐτῷ
3005 4131 3322 4202 προσφορὰν
3355 4136 3665 4205 κομίσασα,
3698 4143 3799 4195 καὶ

2194 4213 2294 4285 τὴν
2360 4202 2621 4288 ’Ἁϐραάμ
2671 4219 2887 4284 τούτοις
2946 4222 3436 4292 πλεονεκτήσαοω
3494 4232 3529 4298 ἡ
3596 4231 3799 4289 θυσίαν

2194 4307 2498 4379 ὀλόκληρον
2568 4309 2646 4381 τῷ
2692 4311 2836 4383 ὑπὲρ
2882 4315 3192 4386 ἀνθρώπων
3229 4317 3447 4374 τυθέντι
3500 4339 3796 4395 προσαγα-

2195 4399 2392 4467 γοῦσα,
2442 4401 2539 4455 καὶ
2579 4402 2678 4471 τῆς
2728 4403 2861 4475 παρ’
2891 4406 3100 4460 ἐκείνου
3159 4408 3473 4480 κρείττονος
3514 4417 3798 4491 ἀποδοχῆς

2198 4492 2495 4557 ἀξιωθεῖσα
2515 4510 2527 4523 ·
2560 4496 2622 4548 ού
2666 4497 2947 4568 μάχαιραν
2977 4501 3036 4553 ἐν
3071 4501 3245 4575 ταύτῃ
3289 4507 3668 4579 παραθήξασα
3688 4529 3701 4542 ’
3732 4515 3798 4570 οὗ

2201 4584 2384 4655 βωμὸν
2418 4584 2721 4664 ἐγέίρασαο
2771 4592 2871 4662 οὐχ
2920 4592 3330 4666 ὑπεκκαύματα
3377 4605 3795 4677 συναγείρασα·

2197 4677 2257 4728 οὐ
2285 4674 2397 4748 πῦρ
2428 4679 2685 4748 ἀνάψασα
2707 4722 2721 4744 ,
2755 4682 2878 4736 οὐδὲ
2911 4684 3108 4757 καπνῷ
3154 4689 3248 4741 καὶ
3296 4692 3462 4765 κνίση
3510 4674 3621 4749 τὸν-
3653 4701 3788 4773 ἀέρι-

2198 4770 2514 4841 συγχέασα”
2560 4773 2699 4826 ἀλλὰ
2748 4775 3025 4850 μάχαιραν
3082 4778 3183 4849 μὲν
3233 4786 3347 4848 τοῖς
3401 4770 3800 4861 σπενδομένόις

2197 4863 2606 4932 προτειναμένη
2637 4864 2736 4934 τὴν
2766 4869 3041 4937 τμητικὴν
3067 4870 3177 4924 τῶν
3209 4874 3401 4928 παθῶν
3430 4879 3795 4950 ἐγκράτειαν·

2198 4951 2382 5023 βωμὸν
2412 4955 2468 5008 δὲ
2501 4956 2853 5023 διδασκαλίας
2884 4961 3324 5036 διαναστησασα,
3370 4971 3431 5024 τὸ
3478 4956 3587 5045 τῆς.
3611 4977 3798 5050 ψυχῆς

2196 5045 2424 5099 ἐκείνων
2475 5049 2776 5116 ἁγνότατον
2808 5052 3159 5126 ἐνδιαίτημα,
3211 5060 3271 5112 ἐν
3316 5054 3362 5130 ᾧ
3419 5065 3553 5136 πῦρ,
3599 5071 3661 5123 τὸ

2196 5135 2382 5190 θεῖκοῦ
2414 5139 2704 5211 διαναρθέν
2735 5142 2926 5207 πόθου,
2954 5146 3056 5218 τὴν
3090 5147 3282 5205 θυσίαν
3309 5154 3411 5222 μὲν
3444 5158 3796 5234 ἐτελεσιούρ-

2176 5246 2388 5298 γησεν,
2433 5232 2612 5304 εὐώδη
2647 5234 2705 5288 δέ
2736 5236 2944 5308 ταύτην
2994 5238 3072 5310 τῷ
3112 5242 3457 5318 ποθουμένῳ,
3498 5255 3593 5307 καὶ
3643 5232 3799 5325 μάλα

2193 5321 2452 5393 δεκτικὴν
2478 5328 2793 5397 ἐνήνεγκεν.

2269 5416 2428 5470 Οὕτω
2457 5420 2637 5474 τοίνυν
2672 5423 2882 5478 οἰκείαν
2907 5424 3086 5498 ὀρθῶς
3118 5429 3402 5506 διελομένη
3441 5442 3796 5512 προσφορὰν,

2192 5508 2371 5579 ὀρθῶς
2412 5512 2808 5585 ἀνενεχθῆναι,
2844 5518 3040 5592 γνώμῃ
3072 5526 3137 5593 τῇ
3195 5525 3302 5580 τῶν
3355 5535 3799 5602 προσαγομένων

2193 5602 2506 5675 αὐθαιρέτῳ
2558 5609 3002 5677 παρεσκεύασεν.
3064 5613 3212 5688 Αὕτη
3264 5619 3365 5687 μὲν
3407 5622 3534 5693 γὰρ,
3570 5628 3641 5678 τὰ
3679 5629 3798 5682 τῶν

2193 5693 2418 5762 ἀγαθῶν
2451 5699 2509 5749 ἐν
2540 5700 2656 5762 τοῖς
2688 5703 2845 5755 παισὶ
2870 5704 3239 5762 κατεϐάλλετο
3263 5712 3589 5784 σπέρματα·
3624 5719 3676 5771 οἱ
3710 5721 3796 5787 δὲ,

2191 5786 2571 5861 είς-πολύχουν
2610 5791 2681 5845 τά
2720 5795 3143 5868 καταϐληθέντα
3188 5810 3570 5878 καρποςορεῖν
3608 5786 3797 5868 ἐδοκίέ

3364 6427 3422 6434 κὴ
3504 6427 3542 6432 ἢ
3617 6427 3644 6432 η
3714 6428 3721 6429 κ
3807 6427 3826 6432 —
