4060 6440
343 491 482 560 1509

1190 496 1283 559 -ΙΝ
1317 498 1424 558 SS.
1461 497 1692 556 MART.
1733 492 2044 556 COSMAM
2082 495 2178 556 ET
2214 495 2657 558 DAMIANUM.

3485 501 3622 572 1510

345 617 526 680 μασαν
550 622 564 634 ·
611 606 702 660 καὶ
750 605 896 678 ἆπερ
929 599 988 660 εὖ
1017 607 1162 676 ἔχειν
1193 608 1440 681 ἔκριναν,
1475 609 1630 664 ταῦτ’
1657 611 1740 674 είς
1757 609 1923 681 ,ἔργον

2028 589 2146 678 qua:
2173 607 2312 662 bene
2343 607 2684 676 iudicassent
2723 609 2945 676 habere,
2976 610 3027 665 in
3061 627 3195 682 opus
3221 613 3574 684 proferebant
3603 639 3618 684 ;

341 701 680 771 ὲξήνεγκαν’
717 701 940 770 ἀγάπην
988 701 1124 754 Θεοῦ
1172 702 1393 756 πάντων
1429 703 1712 772 ἐρασμίων
1755 701 1932 756 ἄλλων

340 790 732 862 προκρίνοντες
755 806 770 822 ·
806 791 994 844 πίστιν
1037 791 1334 860 τηροῦντες
1373 791 1696 846 ἀνόθευτον·
1736 793 1798 844 τὸ
1834 791 1930 846 τοῦ

343 883 650 948 συνειδότος
721 882 1016 946 διαπαντὸς
1067 885 1406 948 ἀνατλῶντες
1469 884 1799 956 μαρτύριον·
1863 887 1930 955 τῇ

339 980 480 1046 πρὸς
523 978 653 1040 τοὺς
687 977 922 1046 πλησίον
956 977 1346 1042 ἀδιασπάστως
1376 979 1567 1049 ἀγάπῃ
1603 977 1933 1047 συνδεσμού-

341 1087 536 1140 μενοι·
591 1071 698 1123 τῶν
749 1071 1015 1142 ὲμπαθῶν
1052 1073 1256 1142 ἡδονῶν
1285 1071 1805 1144 ἀπορρηγνύμενον
1841 1071 1932 1123 ἀν-

339 1163 525 1236 δρείαν
567 1164 690 1218 κατ’
735 1165 916 1219 αὐτῶν
953 1165 1392 1234 ἐνδεικνύμενον
1428 1165 1564 1236 μέλη
1607 1163 1930 1235 νεκροῦντες

337 1255 432 1310 τοῦ
479 1257 762 1327 σώματος·
807 1258 989 1330 ψυχῆς
1035 1260 1298 1330 δυνάμεις
1327 1257 1799 1330 ἀναρρωννύντες·
1835 1259 1928 1310 καὶ

337 1349 564 1420 σπουδῇ,
613 1349 680 1403 δι’
719 1345 784 1422 ἦς
837 1350 905 1405 τὰ
964 1353 1200 1422 μέγιστα
1242 1349 1558 1420 κατώρθουν
1611 1351 1671 1400 ἐν
1711 1349 1928 1420 ἡλικίας

337 1441 515 1512 ἀκμῇ,
553 1443 654 1512 τὴν
702 1443 972 1513 ἐσομένην
1033 1445 1218 1506 αὐτοῖς
1261 1443 1371 1495 τῶν
1419 1442 1782 1512 χαρισμάτων
1829 1443 1930 1496 ὑπ-

337 1531 560 1598 έφαινον
595 1531 892 1602 καινότητα
919 1575 932 1594 ,
961 1535 1020 1586 ού
1075 1535 1234 1604 μόνον
1265 1532 1484 1602 μεγέθει
1516 1531 1625 1584 τῶν
1671 1532 1929 1604 τελέσθη-

337 1624 606 1692 σομένων,
649 1623 788 1676 ἀλλὰ
822 1625 916 1678 καὶ
943 1625 1140 1697 πλήθει
1187 1625 1248 1678 τὸ
1278 1625 1583 1696 παράδοξον
1617 1627 1922 1696 καταγγέλ-

333 1715 554 1769 λουσαν.

405 1805 562 1860 Οὕτω
595 1805 823 1878 Κοσμᾶς
872 1809 970 1862 καὶ
1001 1811 1304 1880 Δαμιανδς,
1343 1814 1453 1874 τοῖς
1480 1814 1538 1866 ἐν
1571 1813 1783 1884 νεότητι
1812 1802 1921 1866 σῶ-
1947 1816 1954 1822 ’

344 1913 518 1966 ματος
548 1898 913 1967 ἀρδευθέντες
943 1917 1003 1953 τε
1037 1901 1153 1972 ἃμα
1197 1903 1294 1956 καὶ
1335 1904 1730 1975 ἀναδιδόμενοι,
1780 1905 1918 1959 καθ-

2037 701 2278 756 divinam
2315 702 2642 757 charitatem
2693 702 2814 758 aliis
2868 705 3120 760 omnibus
3169 708 3624 766 desiderabilihus

2035 793 2306 861 potiorem
2359 793 2669 862 habentes;
2737 806 3022 850 servantes
3086 797 3354 853 sinceram
3425 801 3618 870 ﬁdem;

2035 898 2251 953 semper
2291 885 2648 940 conscientia:
2704 888 3073 941 testimonium
3115 891 3484 959 sustinentes;
3540 895 3624 948 di-

2034 973 2274 1029 lectione
2298 975 2348 1028 in
2387 979 2666 1046 proximos
2689 976 2960 1033 indivulsc
2999 974 3311 1048 conjuncti;
3347 999 3376 1034 a
3410 983 3621 1040 vitiosis

2035 1063 2404 1134 voluptatibus
2450 1067 2666 1134 avulsi;
2701 1069 2967 1122 adversus
2997 1083 3092 1124 eas
3131 1069 3334 1138 fortes;
3377 1075 3622 1130 membra

2033 1158 2279 1224 corporis
2307 1159 2732 1225 mortiﬁcantes;
2763 1161 2908 1215 vires
2951 1162 3116 1216 animi
3166 1165 3618 1233 corroborantes;

2031 1250 2342 1318 studioque,
2367 1265 2475 1320 quo
2497 1253 2732 1306 maxima
2768 1254 2884 1321 ipso
2905 1253 3082 1308 aetatis
3111 1252 3244 1310 ﬂore
3269 1257 3616 1327 peragebant,

2031 1341 2269 1394 futuram
2297 1342 2349 1395 in
2378 1344 2460 1396 eis
2486 1345 2750 1398 donorum
2779 1346 3072 1400 novitatem
3095 1386 3110 1412 ,
3143 1362 3262 1416 qua:
3293 1351 3490 1405 nedum
3519 1367 3619 1422 pa-

2031 1434 2348 1485 trandorum
2413 1436 2808 1503 magnitudine,
2856 1437 2951 1491 sed
2990 1446 3045 1491 et
3096 1453 3324 1493 numero
3371 1443 3620 1498 mirabile

2029 1523 2158 1592 quid
2196 1525 2572 1593 protenderet,
2601 1526 2949 1586 indicabant.

2096 1803 2187 1858 Sic
2221 1803 2388 1873 igitur
2420 1802 2646 1860 Cosmas
2677 1821 2740 1860 ac
2773 1805 3106 1874 Damianns,
3152 1809 3314 1866 rebus
3351 1811 3613 1880 praeclare

2027 1895 2192 1963 gestis
2223 1897 2446 1964 juvenili
2497 1898 2674 1952 adhuc
2734 1911 2966 1966 corpore
2997 1939 3012 1963 ,
3053 1899 3243 1970 irrigui
3282 1901 3490 1970 pariter
3520 1916 3618 1956 au-

335 1989 480 2062 άπερ
537 1993 732 2064 εὐγενῆ
795 1993 1025 2066 στελέχη
1062 1995 1508 2069 κατορθώμασιν,
1550 1973 1631 2062 είς
1693 1999 1919 2070 ἄπειρον

2025 1989 2208 2055 ctique
2259 2003 2356 2042 ceu
2408 1991 2544 2043 rami
2595 1990 2860 2058 ingenui,
2894 1989 2946 2043 in
2991 1991 3314 2047 immensam
3354 1994 3613 2049 virtutum

333 2080 548 2153 ἀρετῶν
593 2083 689 2136 καὶ
745 2088 1106 2156 χαρισμάτων
1141 2086 1446 2159 ἀνέδραμον
1491 2087 1647 2158 ὖζρος.
1692 2090 1922 2160 Κοσμᾶς

333 2177 430 2230 καὶ
477 2175 772 2247 Δαμιανὺς,
813 2179 861 2231 oi
914 2179 1094 2249 ψυχὰς
1143 2179 1240 2250 μὲν
1288 2180 1492 2244 ἐνθέοις
1541 2182 1919 2252 κοσμήσαντες

331 2269 630 2339 πράξεσιν·
660 2271 1037 2343 κοσμηθέντες
1060 2273 1118 2326 δὲ
1145 2273 1250 2329 ὑπὸ
1274 2273 1504 2340 τούτων,
1539 2274 1679 2328 ὅλων
1713 2274 1924 2345 κοσμή-

329 2378 490 2434 τορες
518 2365 638 2426 ταῖς
661 2363 1003 2434 πολυφώτοις
1033 2366 1143 2420 τῶν
1173 2367 1472 2438 θαυμάτων
1501 2368 1918 2439 λαμπρότησινσ

329 2455 383 2508 oi
409 2454 592 2524 λόγοις
621 2457 720 2526 μὲν
745 2456 1050 2523 εὐσεϐείας,
1081 2459 1180 2522 τάς
1207 2459 1318 2512 τῶν
1344 2459 1650 2532 ἀνθρώπων
1680 2459 1923 2523 διανοίας

332 2547 714 2618 κοσμήσαντες
739 2563 752 2578 ·
785 2548 1056 2618 σωμάτων
1081 2548 1137 2602 δὲ
1168 2549 1373 2620 κόσμος
1393 2591 1408 2616 ,
1442 2552 1510 2621 τῇ
1533 2549 1642 2602 τῶν
1662 2550 1922 2620 ἀκόσμων

329 2638 524 2693 παθῶν
559 2639 892 2710 ἀποσοϐήσει
925 2641 1389 2712 παρασχεθέντες.

405 2725 566 2786 Οὗτοι
609 2732 814 2797 τοίνυν,
864 2733 958 2786 ἐπὶ
984 2736 1084 2805 τῆς
1125 2728 1470 2803 τελεωτάέης
1507 2735 1709 2806 ἀρετῆς
1740 2751 1800 2788 τε
1827 2735 1922 2788 καὶ

330 2821 608 2894 πράξεως,
637 2823 736 2894 τὴν
761 2822 944 2894 κρίσιν
979 2823 1202 2892 ἀσφαλῆ
1233 2823 1329 2876 καὶ
1353 2823 1642 2878 ἀνόθευτον
1671 2823 1922 2896 θειοτέρα

326 2919 401 2990 τῇ
431 2916 690 2988 ἐπιπνοίᾳ
728 2916 1174 2988 προσειλήφασιν
1195 2933 1208 2948 ·
1238 2917 1338 2989 τὴν
1369 2917 1482 2972 τῶν
1521 2917 1784 2972 ἐναντίων
1821 2918 1921 2989 μὲν

329 3010 594 3064 ἁπάντων
639 3009 862 3075 αἰτίαν,
913 3010 1024 3064 τῶν
1075 3009 1294 3079 ἀγαθῶν
1334 3010 1393 3064 δὲ
1423 3010 1720 3082 πολεμίαν,
1765 3011 1920 3066 €685-

327 3100 558 3166 λύξαντο
599 3100 997 3174 φιλαργυρίαν.
1033 3101 1278 3173 Ἕμαθον
1307 3103 1415 3175 γὰρ
1442 3103 1635 3175 πείρᾳ,
1673 3104 1795 3165 ταῖς
1822 3101 1920 3156 τοῦ

328 3195 627 3249 θεσπεσίου
661 3194 891 3266 δῐίαύλου
945 3193 1508 3278 προστοιχειωθέντες
1555 3196 1808 3266 ρήσεσιν,
1844 3194 1922 3258 ὡς

329 3284 552 3355 ἀληθῶς
587 3284 848 3356 “(mea
879 3285 1003 3339 ὅλου
1052 3287 1162 3338 τῶν
1193 3285 1382 3339 κακῶν
1425 3284 1566 3357 αὕτη
1606 3285 1916 3358 καθέστηκε

326 3378 666 3447 καταλόγου.
700 3379 780 3430 Δι’
813 3375 984 3448 αὐτὴν
1014 3375 1186 3447 ἔριδες
1219 3377 1315 3430 καὶ
1359 3375 1552 3447 μάχαι,
1583 3377 1680 3429 καὶ
1710 3375 1916 3430 ἄσπον-

320 3469 412 3525 δοι
467 3469 902 3542 συγκροτοῦνται
959 3467 1212 3537 πόλεμοι.
1275 3468 1355 3520 Δι’
1415 3467 1588 3538 αὐτὴν
1639 3469 1737 3520 καὶ
1786 3465 1918 3538 γένη

327 3564 584 3636 προσεχῆ
632 3563 753 3616 κατ’
805 3562 1056 3635 ἀλλήλων
1121 3560 1590 3632 ἐκπολεμοῦνταιο
1632 3561 1818 3632 πατήρ
1873 3560 1920 3615 θ’

325 3657 451 3712 υἱὸν
507 3657 738 3728 νεμεσᾷ,
774 3659 870 3710 καὶ
905 3659 1038 3721 παῖς
1089 3656 1227 3728 πρὸς
1290 3657 1507 3728 πατέρα
1565 3656 1763 3727 δολερὰ
1797 3655 1924 3728 βου-

322 3751 570 3806 λεύεται.
605 3748 682 3802 Δι’
714 3747 896 3820 ἔρωτα
934 3747 1164 3819 ταύτης,
1221 3746 1440 3815 φύσεως
1472 3747 1672 3818 δεσμὸν
1703 3746 1922 3817 ἀδελφοὶ

320 3841 666 3905 διαλύουσιν,
716 3840 813 3895 καὶ
860 3839 1116 3911 χείριστα
1173 3838 1454 3910 πολεμίων
1513 3841 1657 3892 κατὰ
1713 3839 1922 3910 ταύτης

322 3935 820 4008 ἐπιμηχανῶνται..
845 3936 924 3988 Δι’
969 3934 1160 4004 αὐτὴν,
1197 3933 1605 3997 ἐπαναστάσεις
1639 3933 1702 3986 οὐ
1739 3933 1921 4002 μόνων

323 4031 667 4103 ὑπερορίων,
717 4027 856 4083 ἀλλά
907 4029 1006 4082 καὶ
1053 4026 1271 4097 ὁμόρων
1322 4024 1496 4079 ἐθνῶν
1539 4024 1916 4097 ἐξαρτύονται.

321 4125 415 4180 Δι’
445 4123 617 4196 αὐτὴν
639 4122 927 4194 ὠμόταται
955 4119 1274 4192 τυραννίδες
1299 4117 1555 4188 καθάπερ
1583 4117 1714 4189 ξίφη
1745 4135 1922 4190 παρα-

321 4217 628 4286 θήγονται,
665 4206 762 4268 κοιλ¹
809 4213 953 4267 κατά
984 4209 1321 4281 εὐνομούσης
1380 4209 1478 4263 καὶ
1520 4207 1780 4270 εὐσεϐοῦς
1825 4206 1920 4260 καὶ

321 4307 520 4364 θεόθεν
567 4307 629 4360 τὸ
683 4306 888 4378 κράτος
937 4305 1170 4374 ἐχούσης
1217 4301 1498 4370 βασιλείας
1552 4299 1918 4372 προσακοντί-

321 4402 540 4471 ζονται.
578 4399 658 4453 Δι’
681 4398 854 4471 αὐτὴν
885 4395 1181 4467 ὁμοφύλων
1215 4393 1396 4464 φόνος,
1426 4393 1520 4447 καὶ
1545 4390 1917 4463 πανωλεθρίαι

319 4469 786 4564 κατατολμῶνται
810 4469 1034 4563 δήμων.
1089 4487 1190 4541 Διά
1221 4485 1448 4557 ταύτης,
1486 4483 1690 4539 ἀδίκων
1744 4487 1916 4556 ὑπερ-

324 4586 586 4660 ισχύουσι
631 4586 838 4657 χεῖρες,
877 4583 972 4638 καὶ
1003 4574 1166 4650 φόνος
1199 4578 1580 4652 περιοιδαίνει,
1617 4579 1712 4631 καὶ
1741 4577 1914 4650 ὑπερ-

319 4673 530 4748 πλήθει
587 4671 908 4737 πλεονεξία,
969 4669 1069 4725 καὶ
1125 4669 1288 4724 πενία
1363 4670 1459 4724 καὶ
1509 4669 1718 4740 ἀπορία
1787 4669 1914 4732 τοὺς
1947 4691 1991 4746 D

318 4769 656 4827 πλεονέκτου
665 4768 859 4840 μένους
887 4767 1178 4838 κατάγχει.

399 4859 622 4932 Ταύτης
660 4861 689 4914 ὁ
707 4859 990 4932 ἐνηδόνως
1031 4857 1336 4928 ἐντρυφῶν,
1363 4853 1745 4928 ἀλλοτριοῦται
1775 4855 1914 4910 πάν-

313 4969 436 5018 τως
461 4954 560 5024 τῆς
588 4951 700 5007 τῶν
730 4951 901 5014 ὅντως
941 4950 1162 5021 ἀγαθῶν
1207 4951 1598 5022 ἐντρυφήσεως
1621 4963 1636 4980 ο
1689 4947 1917 5002 πλουτεῖ

315 5043 618 5100 τάναντία’
653 5043 790 5115 πρὸς
831 5043 1026 5116 ἡδονὰς
1067 5027 1433 5096 καθέλκεταιέ
1480 5041 1724 5111 μανικῶς
1775 5039 1912 5112 πρὸς

315 5139 452 5202 τοὺς
485 5136 714 5211 πλησίον
733 5137 1032 5192 διατίθεται
1053 5153 1066 5167 ·
1101 5133 1275 5219 ὀφρύς
1308 5135 1557 5205 ἀνασπᾷ”
1590 5132 1912 5198 ἀλαζονικὸν

317 5231 430 5305 ὁρᾷ
447 5247 460 5261 ο
495 5229 638 5301 μέγα
663 5229 854 5300 φρονεῖ
876 5228 971 5283 καὶ
995 5227 1178 5284 ἔκνοον
1195 5243 1209 5257 ·
1229 5227 1416 5296 ἀγνοεί
1445 5225 1631 5296 σχεδὸν
1661 5225 1722 5278 οὐ
1751 5223 1914 5294 μόνον

318 5323 697 5395 ταπεινότητα
733 5321 982 5393 φύσεως,
1011 5320 1108 5374 καὶ
1157 5321 1402 5376 διάλυσιν
1448 5321 1734 5390 σώματος,
1777 5318 1915 5372 ἀλλὰ

321 5419 424 5478 καὶ
451 5415 816 5488 δικαιωτήρια
862 5415 1117 5486 μένοντα,
1157 5414 1252 5467 καὶ
1286 5412 1476 5484 κριτοῦ
1505 5412 1718 5467 δικαίου
1755 5411 1914 5486 δίκην

321 5511 732 5583 ἀπαραίτητον.

414 5603 575 5658 Ἀλλά
607 5603 700 5656 καὶ
728 5601 874 5656 οὕτω
906 5599 1130 5671 συννοίᾳ
1151 5597 1254 5668 τῆς
1279 5596 1743 5668 φιλοχρηματίας,
1776 5597 1914 5668 πρός

321 5713 389 5752 τε
411 5697 540 5760 τοὺς
573 5695 808 5766 πλησίον
839 5695 935 5747 καὶ
957 5691 1058 5764 τὴν
1098 5690 1308 5744 οἰκείαν
1333 5688 1708 5760 διατιθέμενος
1739 5706 1915 5760 σωτη-

329 5791 480 5865 ρίαν,
537 5787 766 5844 οἰκετῶν
817 5787 1020 5841 ἀθλίων
1075 5781 1462 5858 χαλεπώτερον
1507 5780 1718 5838 διανύει
1773 5781 1908 5855 βίον,

409 5955 512 6022 ’³1
569 5963 808 6020 Timoth.
856 5979 929 6032 vt,
975 5964 1076 6047 l0.-

2027 2082 2402 2150 donorumque
2435 2083 2742 2138 celsitatem
2775 2096 3188 2150 promoverunt.
3221 2085 3486 2152 Cosmas.’
3527 2089 3614 2142 in-

2026 2189 2222 2243 quam,
2272 2184 2326 2228 ct
2380 2175 2707 2240 Damianus,
2765 2179 2966 2234 divinis
3035 2179 3346 2234 actionibus
3397 2181 3615 2236 animos

2026 2277 2396 2333 exornautcs;
2453 2277 2617 2338 atque
2665 2269 2732 2324 iis
2771 2271 3058 2326 ornatibus
3115 2273 3496 2328 universorum
3551 2287 3618 2328 se

2027 2367 2317 2424 ornatores
2369 2359 2724 2415 lucidissimis
2781 2362 3168 2417 miraculorum
3227 2363 3614 2433 splendoribus

2025 2449 2330 2518 praebentes
2393 2469 2406 2506 :
2467 2453 2680 2520 piorum
2743 2453 2965 2522 quidem
3032 2471 3344 2512 sermonum
3414 2459 3615 2512 decore

2025 2553 2237 2598 mentes
2287 2544 2566 2598 hominum
2613 2546 2953 2613 excolentes;
2988 2564 3388 2620 corporumque
3430 2565 3490 2606 se
3515 2553 3614 2606 de-

2025 2649 2142 2698 cus,
2171 2637 2484 2691 morborum
2514 2637 2740 2706 depulso
2771 2641 3058 2706 dedecore,
3090 2641 3433 2698 exhibentes.

2097 2726 2190 2781 Sic
2215 2727 2424 2798 itaque,
2467 2732 3004 2786 consummatissima
3037 2736 3238 2787 virtute
3273 2748 3338 2789 ac
3373 2735 3614 2801 actione,

2025 2821 2298 2876 sincerum
2352 2822 2618 2890 judicium
2682 2834 2972 2894 tutumque
3025 2826 3280 2880 diviniori
3345 2827 3611 2884 instinctu

2024 2927 2400 2984 assumpsere;
2457 2916 2724 2971 malorum
2771 2918 3015 2972 omnium
3051 2934 3300 2988 causam,
3353 2936 3417 2976 ac
3445 2921 3618 2978 bono-

2025 3019 2145 3058 rum
2178 3006 2390 3060 hostem
2446 3009 2743 3062 avaritiam
2771 3009 3046 3080 detestati.
3081 3011 3294 3082 Quippe
3321 3015 3615 3084 experien-

2025 3093 2094 3146 tia
2147 3103 2438 3159 noverant,
2492 3096 2660 3150 divini
2708 3097 2860 3152 Pauli
2916 3099 3228 3155 testimonio
3274 3102 3402 3156 olim
3447 3102 3616 3158 infor-

2023 3194 2230 3251 mante,
2259 3201 2383 3242 esse
2427 3188 2571 3242 illam
2622 3191 2799 3259 reipsa
2833 3193 3067 3248 radicem
3131 3195 3294 3250 totius
3345 3196 3613 3252 malorum

2023 3287 2202 3333 cattus
2225 3279 2295 3334 ’⁸.
2328 3279 2434 3336 Per
2457 3295 2575 3335 eam
2607 3281 2728 3336 lites
2753 3298 2815 3337 ac
2839 3299 3054 3354 pugnae,
3082 3286 3329 3356 heliaque
3357 3288 3619 3357 implaca-

2029 3369 2156 3424 bilia
2184 3370 2510 3426 conﬂantur.
2543 3372 2646 3427 Per
2685 3358 2828 3438 eam,
2881 3375 2980 3445 ipsi
3018 3393 3236 3448 quoque
3265 3394 3465 3449 genere
3491 3397 3620 3450 pro-

2025 3463 2210 3530 pinqui
2245 3461 2576 3530 emerentur;
2607 3475 2874 3536 paterque
2913 3469 3024 3524 odit
3070 3469 3264 3557 liliunl,
3295 3487 3358 3527 ac
3389 3472 3530 3528 lilius
3558 3473 3618 3528 in

2025 3555 2234 3624 patrem
2295 3555 2446 3612 dolos
2505 3559 2870 3614 machinatur.
2935 3560 3136 3617 Amore
3205 3555 3448 3630 pecuniae
3505 3568 3616 3621 acti

2024 3645 2257 3712 fratres,
2315 3658 2522 3705 natura:
2585 3651 2860 3706 vinculum
2916 3654 3256 3717 dissolvunt,
3318 3657 3618 3729 pejoraque

2025 3739 2274 3796 hostibus
2305 3741 2358 3794 in
2389 3756 2510 3796 eam
2559 3743 2878 3800 moliuntur.
2938 3743 3168 3814 Propter
3212 3749 3456 3816 pecunia:
3496 3760 3616 3804 stu-

2025 3833 2202 3898 dium,
2231 3835 2428 3888 nedum
2459 3845 2612 3890 extra
2643 3835 2780 3892 lines
2809 3837 3026 3907 longius
3072 3824 3404 3908 posita-rum,
3433 3843 3528 3894 sed
3563 3856 3620 3895 et

2024 3927 2492 3982 couterminarum
2555 3929 2824 3996 gentium,
2883 3929 3117 3984 iusultus
3174 3933 3449 3986 oriuntur.
3509 3931 3616 3987 Per

2024 4019 2155 4074 illud
2197 4022 2590 4079 crudelissima:
2619 4024 2935 4094 tyrannides
2989 4039 3086 4078 ceu
3115 4025 3278 4094 gladii
3307 4037 3605 4092 acuuntur,

2023 4113 2395 4182 adversusque
2429 4112 2636 4180 legibus
2675 4114 2985 4168 institutum
3027 4130 3274 4184 regntnn,
3329 4117 3612 4186 piumque.

2022 4217 2086 4256 ac
2112 4202 2266 4272 cujus
2303 4219 2333 4259 a
2376 4205 2486 4260 Deo
2521 4215 2764 4274 potestas
2807 4206 3053 4273 exsistat,
3104 4207 3472 4264 instruuntur.
3505 4207 3615 4264 Per

2021 4294 2150 4348 illud
2193 4297 2577 4352 contribulium
2637 4309 3048 4365 prresumuutur
3095 4315 3292 4364 neces,
3329 4316 3392 4357 ac
3427 4311 3613 4357 exter-

2023 4387 2189 4442 tninia
2241 4390 2588 4459 populorum.
2631 4389 2738 4446 Per
2784 4391 2915 4447 illud
2965 4391 3274 4462 iniquorum
3309 4394 3608 4464 prmValent

2022 4493 2236 4545 manus,
2279 4480 2565 4550 caedesque
2595 4481 2920 4548 exuberant,
2954 4499 3019 4540 ac
3063 4485 3274 4555 injuriae
3307 4499 3468 4556 supra
3496 4501 3615 4542 mo-

2021 4571 2148 4626 dum
2193 4582 2478 4642 augentur,
2521 4588 2820 4644 passosque
2891 4575 3146 4648 injuriam
3193 4587 3491 4648 paupertas
3547 4593 3614 4635 ac

2021 4677 2202 4718 rerum
2237 4663 2418 4733 inopia
2445 4676 2670 4735 angunt.

2095 4849 2196 4917 Qui
2226 4850 2468 4920 pecuniae
2504 4851 2685 4908 studio
2710 4851 3098 4922 voluptuosius‘
3137 4845 3445 4923 deiiciatur,
3479 4857 3613 4914 alic—

2022 4960 2125 5000 nus
2151 4946 2376 5000 omnino
2400 4961 2432 5000 a
2483 4961 2613 5002 vere
2643 4947 2910 5002 bonorum
2942 4948 3150 5004 deliciis
3183 4947 3449 5016 eﬂicitur;
3480 4952 3612 5006 sibi-

2020 5053 2128 5107 que
2175 5039 2454 5092 contraria
2505 5040 2752 5109 congerit
2797 5057 2810 5093 :
2849 5041 3088 5094 trahitur
3139 5039 3207 5094 ad
3263 5041 3607 5110 voluptates;

2023 5128 2226 5184 furiose
2273 5129 2436 5186 habet
2483 5129 2552 5184 ad
2603 5132 2910 5202 proximos;
2945 5132 3236 5202 supercilia
3293 5134 3609 5199 contrahit;

2021 5231 2105 5274 est
2152 5219 2431 5292 armganti
2493 5229 2751 5290 aspectu;
2815 5220 2985 5273 alltttn
3035 5219 3370 5288 stultamque
3432 5223 3605 5292 sapit;

2023 5313 2248 5384 fereque
2281 5316 2473 5380 nescit,
2503 5317 2698 5370 nedum
2732 5323 2941 5370 naturae
2972 5314 3355 5379 humilitatem,
3393 5329 3458 5369 ac
3486 5329 3612 5370 cor-

2020 5407 2172 5476 poris
2216 5406 2654 5472 dissolutionem,
2704 5407 2800 5461 sed
2843 5416 2898 5462 et
2944 5413 3083 5462 stata
3112 5407 3613 5480 judicia,justique

2015 5499 2216 5570 judicis
2239 5515 2485 5554 severam
2519 5499 2798 5554 ultionem.

2094 5595 2233 5663 Quin
2294 5601 2348 5649 et
2405 5595 2486 5648 ita'
2535 5609 2700 5648 avara
2762 5593 3096 5666 cogitatione
3129 5632 3146 5656 .
3209 5595 3274 5648 ad
3330 5593 3615 5664 proximos

2023 5703 2288 5758 suamque
2331 5687 2504 5756 ipsius
2531 5687 2738 5742 habens
2761 5689 3018 5752 salutem,
3047 5687 3220 5742 servis
3255 5685 3472 5742 miseris
3496 5703 3609 5742 mo-

2022 5783 2300 5840 lestiorem
2333 5782 2445 5854 agit
2487 5785 2678 5851 vitam,
2702 5781 2990 5854 cupiditati
3017 5781 3296 5852 subjectus
3322 5790 3376 5837 et
3404 5782 3608 5838 manci-
