  <div class='ocr_page' id='page_1' title='image "/cluster/home/n/w/nwhite01/storage/ocr_20150623/100/coo.31924054870047/759.png"; bbox 0 0 4060 6438; ppageno 0'>
   <div class='ocr_carea' id='block_1_1' title="bbox 452 464 584 533">
    <p class='ocr_par' dir='ltr' id='par_1_1' title="bbox 452 464 584 533">
     <span class='ocr_line' id='line_1_1' title="bbox 452 464 584 533; baseline -0.008 0"><span class='ocrx_word' id='word_1_1' title='bbox 452 464 584 533; x_wconf 67' lang='grc'><strong>1511</strong></span> 
     </span>
    </p>
   </div>
   <div class='ocr_carea' id='block_1_2' title="bbox 1590 454 2558 521">
    <p class='ocr_par' dir='ltr' id='par_1_2' title="bbox 1590 454 2558 521">
     <span class='ocr_line' id='line_1_2' title="bbox 1590 454 2558 521; baseline -0.009 -1"><span class='ocrx_word' id='word_1_2' title='bbox 1590 456 1907 521; x_wconf 79' lang='lat' dir='ltr'>GEORGII</span> <span class='ocrx_word' id='word_1_3' title='bbox 1955 454 2323 516; x_wconf 80' lang='lat' dir='ltr'><strong>NICOMEDI</strong></span> <span class='ocrx_word' id='word_1_4' title='bbox 2336 454 2558 518; x_wconf 68' lang='lat' dir='ltr'><strong>ENSIS</strong></span> 
     </span>
    </p>
   </div>
   <div class='ocr_carea' id='block_1_3' title="bbox 3602 449 3748 516">
    <p class='ocr_par' dir='ltr' id='par_1_3' title="bbox 3602 449 3748 516">
     <span class='ocr_line' id='line_1_3' title="bbox 3602 449 3748 516; baseline 0.014 -3"><span class='ocrx_word' id='word_1_5' title='bbox 3602 449 3748 516; x_wconf 71' lang='grc' dir='ltr'><strong>15ἱέ</strong></span> 
     </span>
    </p>
   </div>
   <div class='ocr_carea' id='block_1_4' title="bbox 451 555 2060 657">
    <p class='ocr_par' dir='ltr' id='par_1_4' title="bbox 451 571 2037 657">
     <span class='ocr_line' id='line_1_4' title="bbox 451 571 2037 657; baseline -0.008 -22"><span class='ocrx_word' id='word_1_6' title='bbox 451 595 633 657; x_wconf 74' lang='lat' dir='ltr'><strong>patos,</strong></span> <span class='ocrx_word' id='word_1_7' title='bbox 662 598 725 636; x_wconf 80' lang='lat' dir='ltr'><strong>ac</strong></span> <span class='ocrx_word' id='word_1_8' title='bbox 756 596 927 649; x_wconf 80' lang='lat' dir='ltr'><strong>neque</strong></span> <span class='ocrx_word' id='word_1_9' title='bbox 954 579 1121 635; x_wconf 73' lang='lat' dir='ltr'><strong>libera</strong></span> <span class='ocrx_word' id='word_1_10' title='bbox 1148 579 1392 649; x_wconf 76' lang='lat' dir='ltr'><strong>gaudens</strong></span> <span class='ocrx_word' id='word_1_11' title='bbox 1419 575 1797 646; x_wconf 87' lang='lat' dir='ltr'><strong>respiratione.</strong></span> <span class='ocrx_word' id='word_1_12' title='bbox 1828 571 2037 641; x_wconf 81' lang='lat' dir='ltr'><strong>Quippe</strong></span> 
     </span>
    </p>
   </div>
   <div class='ocr_carea' id='block_1_5' title="bbox 2165 555 3748 657">
    <p class='ocr_par' dir='ltr' id='par_1_5' title="bbox 2165 555 3748 641">
     <span class='ocr_line' id='line_1_5' title="bbox 2165 555 3748 641; baseline 0.002 -23"><span class='ocrx_word' id='word_1_13' title='bbox 2165 569 2580 638; x_wconf 70' lang='grc' dir='ltr'>»ποταττὸμενος</span> <span class='ocrx_word' id='word_1_14' title='bbox 2633 566 2806 639; x_wconf 75' lang='grc' dir='ltr'>ταύτῃ</span> <span class='ocrx_word' id='word_1_15' title='bbox 2862 569 2955 621; x_wconf 67' lang='grc' dir='ltr'><strong>καὶ</strong></span> <span class='ocrx_word' id='word_1_16' title='bbox 3008 568 3409 641; x_wconf 74' lang='grc' dir='ltr'>δουλούμενος,</span> <span class='ocrx_word' id='word_1_17' title='bbox 3459 568 3558 622; x_wconf 72' lang='grc' dir='ltr'><strong>καὶ</strong></span> <span class='ocrx_word' id='word_1_18' title='bbox 3613 555 3748 639; x_wconf 71' lang='grc' dir='ltr'>μηδ’</span> 
     </span>
    </p>
   </div>
   <div class='ocr_carea' id='block_1_6' title="bbox 451 663 2042 745">
    <p class='ocr_par' dir='ltr' id='par_1_6' title="bbox 451 663 2042 745">
     <span class='ocr_line' id='line_1_6' title="bbox 451 663 2042 745; baseline -0.009 -14"><span class='ocrx_word' id='word_1_19' title='bbox 451 679 571 745; x_wconf 77' lang='lat' dir='ltr'><strong>ejus</strong></span> <span class='ocrx_word' id='word_1_20' title='bbox 615 688 773 729; x_wconf 81' lang='lat' dir='ltr'><strong>causa</strong></span> <span class='ocrx_word' id='word_1_21' title='bbox 818 674 1002 724; x_wconf 76' lang='lat' dir='ltr'><strong>vexari</strong></span> <span class='ocrx_word' id='word_1_22' title='bbox 1057 685 1119 724; x_wconf 91' lang='lat' dir='ltr'><strong>ac</strong></span> <span class='ocrx_word' id='word_1_23' title='bbox 1145 669 1360 733; x_wconf 82' lang='lat' dir='ltr'><strong>confici,</strong></span> <span class='ocrx_word' id='word_1_24' title='bbox 1413 668 1835 734; x_wconf 86' lang='lat' dir='ltr'><strong>innumerasque</strong></span> <span class='ocrx_word' id='word_1_25' title='bbox 1876 663 1927 716; x_wconf 93' lang='lat' dir='ltr'><strong>in</strong></span> <span class='ocrx_word' id='word_1_26' title='bbox 1981 675 2042 716; x_wconf 84' lang='lat' dir='ltr'><strong>se</strong></span> 
     </span>
    </p>
   </div>
   <div class='ocr_carea' id='block_1_7' title="bbox 454 751 2041 834">
    <p class='ocr_par' dir='ltr' id='par_1_7' title="bbox 454 751 2041 834">
     <span class='ocr_line' id='line_1_7' title="bbox 454 751 2041 834; baseline -0.009 -14"><span class='ocrx_word' id='word_1_27' title='bbox 454 781 617 822; x_wconf 71' lang='lat' dir='ltr'><strong>ctu-as</strong></span> <span class='ocrx_word' id='word_1_28' title='bbox 648 764 914 834; x_wconf 79' lang='lat' dir='ltr'><strong>recipere,</strong></span> <span class='ocrx_word' id='word_1_29' title='bbox 946 759 1171 815; x_wconf 90' lang='lat' dir='ltr'><strong>minime</strong></span> <span class='ocrx_word' id='word_1_30' title='bbox 1195 760 1419 824; x_wconf 89' lang='lat' dir='ltr'><strong>abnuit;</strong></span> <span class='ocrx_word' id='word_1_31' title='bbox 1448 766 1743 826; x_wconf 87' lang='lat' dir='ltr'><strong>noctesque</strong></span> <span class='ocrx_word' id='word_1_32' title='bbox 1768 751 1916 808; x_wconf 90' lang='lat' dir='ltr'><strong>ducit</strong></span> <span class='ocrx_word' id='word_1_33' title='bbox 1951 751 2041 806; x_wconf 36' lang='lat' dir='ltr'><strong>ins</strong></span> 
     </span>
    </p>
   </div>
   <div class='ocr_carea' id='block_1_8' title="bbox 458 844 2045 921">
    <p class='ocr_par' dir='ltr' id='par_1_8' title="bbox 458 844 2045 921">
     <span class='ocr_line' id='line_1_8' title="bbox 458 844 2045 921; baseline -0.006 -11"><span class='ocrx_word' id='word_1_34' title='bbox 458 871 705 921; x_wconf 84' lang='lat' dir='ltr'><strong>somttes,</strong></span> <span class='ocrx_word' id='word_1_35' title='bbox 742 852 924 907; x_wconf 88' lang='lat' dir='ltr'><strong>animo</strong></span> <span class='ocrx_word' id='word_1_36' title='bbox 972 853 1216 921; x_wconf 83' lang='lat' dir='ltr'><strong>agitans,</strong></span> <span class='ocrx_word' id='word_1_37' title='bbox 1264 861 1320 904; x_wconf 92' lang='lat' dir='ltr'><strong>ut</strong></span> <span class='ocrx_word' id='word_1_38' title='bbox 1379 866 1491 905; x_wconf 91' lang='lat' dir='ltr'><strong>rem</strong></span> <span class='ocrx_word' id='word_1_39' title='bbox 1546 848 1870 905; x_wconf 76' lang='lat' dir='ltr'><strong>familiarem</strong></span> <span class='ocrx_word' id='word_1_40' title='bbox 1915 844 2045 900; x_wconf 87' lang='lat' dir='ltr'><strong>sub-</strong></span> 
     </span>
    </p>
   </div>
   <div class='ocr_carea' id='block_1_9' title="bbox 457 942 2042 1015">
    <p class='ocr_par' dir='ltr' id='par_1_9' title="bbox 457 942 2042 1015">
     <span class='ocr_line' id='line_1_9' title="bbox 457 942 2042 1015; baseline -0.008 -11"><span class='ocrx_word' id='word_1_41' title='bbox 457 949 827 1014; x_wconf 84' lang='lat' dir='ltr'><strong>stantiamque</strong></span> <span class='ocrx_word' id='word_1_42' title='bbox 859 944 1214 1015; x_wconf 80' lang='lat' dir='ltr'><strong>negotiationi</strong></span> <span class='ocrx_word' id='word_1_43' title='bbox 1260 944 1561 1013; x_wconf 71' lang='lat' dir='ltr'><strong>expositam</strong></span> <span class='ocrx_word' id='word_1_44' title='bbox 1593 957 1793 1014; x_wconf 88' lang='lat' dir='ltr'><strong>augere</strong></span> <span class='ocrx_word' id='word_1_45' title='bbox 1833 942 2042 1013; x_wconf 79' lang='lat' dir='ltr'><strong>possit;</strong></span> 
     </span>
    </p>
   </div>
   <div class='ocr_carea' id='block_1_10' title="bbox 457 1035 2046 1093">
    <p class='ocr_par' dir='ltr' id='par_1_10' title="bbox 457 1035 2046 1093">
     <span class='ocr_line' id='line_1_10' title="bbox 457 1035 2046 1093; baseline -0.001 -1"><span class='ocrx_word' id='word_1_46' title='bbox 457 1054 644 1093; x_wconf 89' lang='lat' dir='ltr'><strong>earum</strong></span> <span class='ocrx_word' id='word_1_47' title='bbox 681 1051 861 1090; x_wconf 88' lang='lat' dir='ltr'><strong>rerum</strong></span> <span class='ocrx_word' id='word_1_48' title='bbox 889 1035 1310 1089; x_wconf 84' lang='lat' dir='ltr'><strong>nundinationes</strong></span> <span class='ocrx_word' id='word_1_49' title='bbox 1354 1049 1417 1087; x_wconf 88' lang='lat' dir='ltr'><strong>ac</strong></span> <span class='ocrx_word' id='word_1_50' title='bbox 1447 1036 1900 1090; x_wconf 79' lang='lat' dir='ltr'><strong>commutationes</strong></span> <span class='ocrx_word' id='word_1_51' title='bbox 1934 1051 2046 1090; x_wconf 86' lang='lat' dir='ltr'><strong>me-</strong></span> 
     </span>
    </p>
   </div>
   <div class='ocr_carea' id='block_1_11' title="bbox 459 1123 2048 1197">
    <p class='ocr_par' dir='ltr' id='par_1_11' title="bbox 459 1123 2048 1197">
     <span class='ocr_line' id='line_1_11' title="bbox 459 1123 2048 1197; baseline -0.004 -14"><span class='ocrx_word' id='word_1_52' title='bbox 459 1133 660 1192; x_wconf 86' lang='lat' dir='ltr'><strong>ditans,</strong></span> <span class='ocrx_word' id='word_1_53' title='bbox 711 1143 832 1197; x_wconf 69' lang='lat' dir='ltr'><strong>qnze</strong></span> <span class='ocrx_word' id='word_1_54' title='bbox 878 1126 999 1179; x_wconf 84' lang='lat' dir='ltr'><strong>aliis</strong></span> <span class='ocrx_word' id='word_1_55' title='bbox 1043 1125 1324 1179; x_wconf 81' lang='lat' dir='ltr'><strong>abundant</strong></span> <span class='ocrx_word' id='word_1_56' title='bbox 1352 1140 1365 1177; x_wconf 90' lang='lat'><strong>:</strong></span> <span class='ocrx_word' id='word_1_57' title='bbox 1397 1138 1460 1176; x_wconf 89' lang='lat' dir='ltr'><strong>ac</strong></span> <span class='ocrx_word' id='word_1_58' title='bbox 1487 1123 1675 1192; x_wconf 81' lang='lat' dir='ltr'><strong>quanti</strong></span> <span class='ocrx_word' id='word_1_59' title='bbox 1723 1123 1940 1192; x_wconf 81' lang='lat' dir='ltr'><strong>quidem</strong></span> <span class='ocrx_word' id='word_1_60' title='bbox 1973 1125 2048 1177; x_wconf 76' lang='lat' dir='ltr'><strong>vi-</strong></span> 
     </span>
    </p>
   </div>
   <div class='ocr_carea' id='block_1_12' title="bbox 380 1214 2048 1288">
    <p class='ocr_par' dir='ltr' id='par_1_12' title="bbox 380 1214 2048 1288">
     <span class='ocr_line' id='line_1_12' title="bbox 380 1214 2048 1288; baseline -0.004 -12"><span class='ocrx_word' id='word_1_61' title='bbox 380 1262 391 1283; x_wconf 76' lang='lat'><strong>.</strong></span> <span class='ocrx_word' id='word_1_62' title='bbox 461 1238 628 1286; x_wconf 92' lang='lat' dir='ltr'><strong>num,</strong></span> <span class='ocrx_word' id='word_1_63' title='bbox 661 1220 847 1288; x_wconf 78' lang='lat' dir='ltr'><strong>quanti</strong></span> <span class='ocrx_word' id='word_1_64' title='bbox 896 1232 1027 1271; x_wconf 85' lang='lat' dir='ltr'><strong>vero</strong></span> <span class='ocrx_word' id='word_1_65' title='bbox 1058 1232 1289 1287; x_wconf 79' lang='lat' dir='ltr'><strong>pecora,</strong></span> <span class='ocrx_word' id='word_1_66' title='bbox 1333 1214 1520 1283; x_wconf 87' lang='lat' dir='ltr'><strong>quanti</strong></span> <span class='ocrx_word' id='word_1_67' title='bbox 1550 1224 1732 1269; x_wconf 88' lang='lat' dir='ltr'><strong>autem</strong></span> <span class='ocrx_word' id='word_1_68' title='bbox 1776 1214 1910 1269; x_wconf 71' lang='lat' dir='ltr'><strong>lana:</strong></span> <span class='ocrx_word' id='word_1_69' title='bbox 1956 1231 2048 1270; x_wconf 89' lang='lat' dir='ltr'><strong>vc-</strong></span> 
     </span>
    </p>
   </div>
   <div class='ocr_carea' id='block_1_13' title="bbox 464 1308 2047 1381">
    <p class='ocr_par' dir='ltr' id='par_1_13' title="bbox 464 1308 2047 1381">
     <span class='ocr_line' id='line_1_13' title="bbox 464 1308 2047 1381; baseline -0.006 -12"><span class='ocrx_word' id='word_1_70' title='bbox 464 1327 649 1370; x_wconf 90' lang='lat' dir='ltr'><strong>ncant.</strong></span> <span class='ocrx_word' id='word_1_71' title='bbox 695 1312 1033 1381; x_wconf 83' lang='lat' dir='ltr'><strong>Quandoque</strong></span> <span class='ocrx_word' id='word_1_72' title='bbox 1078 1311 1241 1365; x_wconf 83' lang='lat' dir='ltr'><strong>etiam</strong></span> <span class='ocrx_word' id='word_1_73' title='bbox 1282 1309 1344 1363; x_wconf 88' lang='lat' dir='ltr'><strong>ad</strong></span> <span class='ocrx_word' id='word_1_74' title='bbox 1390 1309 1593 1364; x_wconf 73' lang='lat' dir='ltr'><strong>fremitu</strong></span> <span class='ocrx_word' id='word_1_75' title='bbox 1624 1324 1793 1377; x_wconf 90' lang='lat' dir='ltr'><strong>usque</strong></span> <span class='ocrx_word' id='word_1_76' title='bbox 1838 1308 2047 1378; x_wconf 78' lang='lat' dir='ltr'><strong>cogita-</strong></span> 
     </span>
    </p>
   </div>
   <div class='ocr_carea' id='block_1_14' title="bbox 467 1398 2046 1466">
    <p class='ocr_par' dir='ltr' id='par_1_14' title="bbox 467 1398 2046 1466">
     <span class='ocr_line' id='line_1_14' title="bbox 467 1398 2046 1466; baseline -0.003 -8"><span class='ocrx_word' id='word_1_77' title='bbox 467 1407 638 1461; x_wconf 90' lang='lat' dir='ltr'><strong>tiones</strong></span> <span class='ocrx_word' id='word_1_78' title='bbox 663 1403 925 1466; x_wconf 82' lang='lat' dir='ltr'><strong>demittit,</strong></span> <span class='ocrx_word' id='word_1_79' title='bbox 955 1415 1088 1455; x_wconf 87' lang='lat' dir='ltr'><strong>auro</strong></span> <span class='ocrx_word' id='word_1_80' title='bbox 1117 1415 1176 1455; x_wconf 89' lang='lat' dir='ltr'><strong>se</strong></span> <span class='ocrx_word' id='word_1_81' title='bbox 1210 1408 1668 1454; x_wconf 85' lang='lat' dir='ltr'><strong>commutaturum</strong></span> <span class='ocrx_word' id='word_1_82' title='bbox 1706 1398 2046 1454; x_wconf 80' lang='lat' dir='ltr'><strong>existimans.</strong></span> 
     </span>
    </p>
   </div>
   <div class='ocr_carea' id='block_1_15' title="bbox 465 1488 2048 1567">
    <p class='ocr_par' dir='ltr' id='par_1_15' title="bbox 465 1488 2048 1567">
     <span class='ocr_line' id='line_1_15' title="bbox 465 1488 2048 1567; baseline -0.006 -15"><span class='ocrx_word' id='word_1_83' title='bbox 465 1499 722 1567; x_wconf 74' lang='lat' dir='ltr'><strong>Quaenam</strong></span> <span class='ocrx_word' id='word_1_84' title='bbox 751 1511 944 1551; x_wconf 90' lang='lat' dir='ltr'><strong>rursus</strong></span> <span class='ocrx_word' id='word_1_85' title='bbox 991 1510 1171 1549; x_wconf 90' lang='lat' dir='ltr'><strong>rerum</strong></span> <span class='ocrx_word' id='word_1_86' title='bbox 1200 1493 1466 1562; x_wconf 86' lang='lat' dir='ltr'><strong>ejusmodi</strong></span> <span class='ocrx_word' id='word_1_87' title='bbox 1493 1500 1798 1544; x_wconf 84' lang='lat' dir='ltr'><strong>mercatura</strong></span> <span class='ocrx_word' id='word_1_88' title='bbox 1840 1488 2048 1543; x_wconf 91' lang='lat' dir='ltr'><strong>minimi</strong></span> 
     </span>
    </p>
   </div>
   <div class='ocr_carea' id='block_1_16' title="bbox 465 1579 2053 1661">
    <p class='ocr_par' dir='ltr' id='par_1_16' title="bbox 465 1579 2053 1661">
     <span class='ocr_line' id='line_1_16' title="bbox 465 1579 2053 1661; baseline -0.01 -13"><span class='ocrx_word' id='word_1_89' title='bbox 465 1603 740 1661; x_wconf 82' lang='lat' dir='ltr'><strong>sumptus,</strong></span> <span class='ocrx_word' id='word_1_90' title='bbox 772 1589 964 1659; x_wconf 81' lang='lat' dir='ltr'><strong>quisve</strong></span> <span class='ocrx_word' id='word_1_91' title='bbox 1007 1585 1145 1655; x_wconf 85' lang='lat' dir='ltr'><strong>ejus,</strong></span> <span class='ocrx_word' id='word_1_92' title='bbox 1199 1600 1263 1639; x_wconf 87' lang='lat' dir='ltr'><strong>ae</strong></span> <span class='ocrx_word' id='word_1_93' title='bbox 1292 1581 1780 1654; x_wconf 70' lang='lat' dir='ltr'><strong>expertisjacturaa</strong></span> <span class='ocrx_word' id='word_1_94' title='bbox 1809 1579 2053 1651; x_wconf 88' lang='lat' dir='ltr'><strong>negotia-</strong></span> 
     </span>
    </p>
   </div>
   <div class='ocr_carea' id='block_1_17' title="bbox 469 1673 2053 1753">
    <p class='ocr_par' dir='ltr' id='par_1_17' title="bbox 469 1673 2053 1753">
     <span class='ocr_line' id='line_1_17' title="bbox 469 1673 2053 1753; baseline -0.008 -14"><span class='ocrx_word' id='word_1_95' title='bbox 469 1685 634 1739; x_wconf 91' lang='lat' dir='ltr'><strong>tionis</strong></span> <span class='ocrx_word' id='word_1_96' title='bbox 683 1682 985 1753; x_wconf 86' lang='lat' dir='ltr'><strong>eondignns</strong></span> <span class='ocrx_word' id='word_1_97' title='bbox 1048 1693 1301 1748; x_wconf 87' lang='lat' dir='ltr'><strong>sponsor,</strong></span> <span class='ocrx_word' id='word_1_98' title='bbox 1349 1675 1633 1743; x_wconf 83' lang='lat' dir='ltr'><strong>operosius</strong></span> <span class='ocrx_word' id='word_1_99' title='bbox 1682 1690 1867 1729; x_wconf 82' lang='lat' dir='ltr'><strong>secum</strong></span> <span class='ocrx_word' id='word_1_100' title='bbox 1936 1673 2053 1741; x_wconf 87' lang='lat' dir='ltr'><strong>ipse</strong></span> 
     </span>
    </p>
   </div>
   <div class='ocr_carea' id='block_1_18' title="bbox 471 1764 2053 1845">
    <p class='ocr_par' dir='ltr' id='par_1_18' title="bbox 471 1764 2053 1845">
     <span class='ocr_line' id='line_1_18' title="bbox 471 1764 2053 1845; baseline -0.009 -14"><span class='ocrx_word' id='word_1_101' title='bbox 471 1776 728 1845; x_wconf 78' lang='lat' dir='ltr'><strong>exquirit.</strong></span> <span class='ocrx_word' id='word_1_102' title='bbox 756 1774 911 1843; x_wconf 88' lang='lat' dir='ltr'><strong>Quod</strong></span> <span class='ocrx_word' id='word_1_103' title='bbox 954 1772 999 1826; x_wconf 94' lang='lat' dir='ltr'><strong>si</strong></span> <span class='ocrx_word' id='word_1_104' title='bbox 1044 1770 1337 1841; x_wconf 89' lang='lat' dir='ltr'><strong>aliquando</strong></span> <span class='ocrx_word' id='word_1_105' title='bbox 1375 1768 1542 1822; x_wconf 90' lang='lat' dir='ltr'><strong>animi</strong></span> <span class='ocrx_word' id='word_1_106' title='bbox 1582 1768 1797 1832; x_wconf 77' lang='lat' dir='ltr'><strong>anxius,</strong></span> <span class='ocrx_word' id='word_1_107' title='bbox 1844 1764 2053 1820; x_wconf 87' lang='lat' dir='ltr'><strong>levissi-</strong></span> 
     </span>
    </p>
   </div>
   <div class='ocr_carea' id='block_1_19' title="bbox 468 1857 2049 1931">
    <p class='ocr_par' dir='ltr' id='par_1_19' title="bbox 468 1857 2049 1931">
     <span class='ocr_line' id='line_1_19' title="bbox 468 1857 2049 1931; baseline -0.009 -8"><span class='ocrx_word' id='word_1_108' title='bbox 468 1884 615 1923; x_wconf 89' lang='lat' dir='ltr'><strong>mum</strong></span> <span class='ocrx_word' id='word_1_109' title='bbox 647 1882 921 1931; x_wconf 87' lang='lat' dir='ltr'><strong>somnum,</strong></span> <span class='ocrx_word' id='word_1_110' title='bbox 955 1863 1197 1931; x_wconf 87' lang='lat' dir='ltr'><strong>nihilque</strong></span> <span class='ocrx_word' id='word_1_111' title='bbox 1227 1875 1446 1914; x_wconf 80' lang='lat' dir='ltr'><strong>suavem</strong></span> <span class='ocrx_word' id='word_1_112' title='bbox 1498 1860 1786 1927; x_wconf 78' lang='lat' dir='ltr'><strong>degustare</strong></span> <span class='ocrx_word' id='word_1_113' title='bbox 1818 1857 2049 1920; x_wconf 90' lang='lat' dir='ltr'><strong>licuerit,</strong></span> 
     </span>
    </p>
   </div>
   <div class='ocr_carea' id='block_1_20' title="bbox 468 1928 2126 2029">
    <p class='ocr_par' dir='ltr' id='par_1_20' title="bbox 468 1928 2126 2029">
     <span class='ocr_line' id='line_1_20' title="bbox 468 1928 2126 2029; baseline -0.011 -15"><span class='ocrx_word' id='word_1_114' title='bbox 468 1961 572 2015; x_wconf 82' lang='lat' dir='ltr'><strong>sibi</strong></span> <span class='ocrx_word' id='word_1_115' title='bbox 617 1961 733 2027; x_wconf 85' lang='lat' dir='ltr'><strong>ipse</strong></span> <span class='ocrx_word' id='word_1_116' title='bbox 783 1957 1048 2029; x_wconf 80' lang='lat' dir='ltr'><strong>insomnis</strong></span> <span class='ocrx_word' id='word_1_117' title='bbox 1090 1955 1305 2008; x_wconf 83' lang='lat' dir='ltr'><strong>videtur</strong></span> <span class='ocrx_word' id='word_1_118' title='bbox 1330 1951 1590 2018; x_wconf 82' lang='lat' dir='ltr'><strong>colligere</strong></span> <span class='ocrx_word' id='word_1_119' title='bbox 1631 1965 1843 2013; x_wconf 86' lang='lat' dir='ltr'><strong>aurum,</strong></span> <span class='ocrx_word' id='word_1_120' title='bbox 1887 1958 2052 2017; x_wconf 84' lang='lat' dir='ltr'><strong>atque</strong></span> <span class='ocrx_word' id='word_1_121' title='bbox 2085 1928 2126 1985; x_wconf 73' lang='grc' dir='ltr'><strong>Β</strong></span> 
     </span>
    </p>
   </div>
   <div class='ocr_carea' id='block_1_21' title="bbox 470 2044 2050 2119">
    <p class='ocr_par' dir='ltr' id='par_1_21' title="bbox 470 2044 2050 2119">
     <span class='ocr_line' id='line_1_21' title="bbox 470 2044 2050 2119; baseline -0.008 -15"><span class='ocrx_word' id='word_1_122' title='bbox 470 2053 523 2105; x_wconf 84' lang='grc' dir='ltr'><strong>ἰιι</strong></span> <span class='ocrx_word' id='word_1_123' title='bbox 564 2050 855 2119; x_wconf 85' lang='lat' dir='ltr'><strong>marsupiis</strong></span> <span class='ocrx_word' id='word_1_124' title='bbox 900 2062 1199 2118; x_wconf 74' lang='lat' dir='ltr'><strong>reponere;</strong></span> <span class='ocrx_word' id='word_1_125' title='bbox 1245 2044 1384 2113; x_wconf 90' lang='lat' dir='ltr'><strong>quod</strong></span> <span class='ocrx_word' id='word_1_126' title='bbox 1417 2058 1705 2112; x_wconf 82' lang='lat' dir='ltr'><strong>apparens,</strong></span> <span class='ocrx_word' id='word_1_127' title='bbox 1736 2057 1910 2109; x_wconf 77' lang='lat' dir='ltr'><strong>exque</strong></span> <span class='ocrx_word' id='word_1_128' title='bbox 1950 2055 2050 2108; x_wconf 80' lang='lat' dir='ltr'><strong>ap-</strong></span> 
     </span>
    </p>
   </div>
   <div class='ocr_carea' id='block_1_22' title="bbox 470 2132 2051 2215">
    <p class='ocr_par' dir='ltr' id='par_1_22' title="bbox 470 2132 2051 2215">
     <span class='ocr_line' id='line_1_22' title="bbox 470 2132 2051 2215; baseline -0.006 -19"><span class='ocrx_word' id='word_1_129' title='bbox 470 2144 683 2215; x_wconf 85' lang='lat' dir='ltr'><strong>pareuti</strong></span> <span class='ocrx_word' id='word_1_130' title='bbox 712 2157 875 2197; x_wconf 87' lang='lat' dir='ltr'><strong>manu</strong></span> <span class='ocrx_word' id='word_1_131' title='bbox 908 2140 1162 2194; x_wconf 80' lang='lat' dir='ltr'><strong>auferens</strong></span> <span class='ocrx_word' id='word_1_132' title='bbox 1193 2137 1449 2192; x_wconf 87' lang='lat' dir='ltr'><strong>excitatio</strong></span> <span class='ocrx_word' id='word_1_133' title='bbox 1473 2152 1505 2190; x_wconf 89' lang='lat' dir='ltr'><strong>a</strong></span> <span class='ocrx_word' id='word_1_134' title='bbox 1529 2149 1741 2199; x_wconf 82' lang='lat' dir='ltr'><strong>somno,</strong></span> <span class='ocrx_word' id='word_1_135' title='bbox 1781 2148 1964 2187; x_wconf 83' lang='lat' dir='ltr'><strong>veram</strong></span> <span class='ocrx_word' id='word_1_136' title='bbox 2002 2132 2051 2186; x_wconf 90' lang='lat' dir='ltr'><strong>ei</strong></span> 
     </span>
    </p>
   </div>
   <div class='ocr_carea' id='block_1_23' title="bbox 472 2218 2050 2303">
    <p class='ocr_par' dir='ltr' id='par_1_23' title="bbox 472 2218 2050 2303">
     <span class='ocr_line' id='line_1_23' title="bbox 472 2218 2050 2303; baseline -0.005 -14"><span class='ocrx_word' id='word_1_137' title='bbox 472 2236 752 2290; x_wconf 84' lang='lat' dir='ltr'><strong>tristitiam</strong></span> <span class='ocrx_word' id='word_1_138' title='bbox 787 2237 959 2289; x_wconf 89' lang='lat' dir='ltr'><strong>instar</strong></span> <span class='ocrx_word' id='word_1_139' title='bbox 1005 2218 1215 2303; x_wconf 73' lang='lat' dir='ltr'><strong>sagittae</strong></span> <span class='ocrx_word' id='word_1_140' title='bbox 1246 2232 1315 2285; x_wconf 85' lang='lat' dir='ltr'><strong>ob</strong></span> <span class='ocrx_word' id='word_1_141' title='bbox 1347 2230 1672 2284; x_wconf 88' lang='lat' dir='ltr'><strong>frustratum</strong></span> <span class='ocrx_word' id='word_1_142' title='bbox 1718 2226 2050 2282; x_wconf 85' lang='lat' dir='ltr'><strong>desiderium</strong></span> 
     </span>
    </p>
   </div>
   <div class='ocr_carea' id='block_1_24' title="bbox 470 2329 665 2400">
    <p class='ocr_par' dir='ltr' id='par_1_24' title="bbox 470 2329 665 2400">
     <span class='ocr_line' id='line_1_24' title="bbox 470 2329 665 2400; baseline -0.005 -15"><span class='ocrx_word' id='word_1_143' title='bbox 470 2329 665 2400; x_wconf 77' lang='lat' dir='ltr'><strong>inﬁgit.</strong></span> 
     </span>
    </p>
   </div>
   <div class='ocr_carea' id='block_1_25' title="bbox 547 2411 2052 2490">
    <p class='ocr_par' dir='ltr' id='par_1_25' title="bbox 547 2411 2052 2490">
     <span class='ocr_line' id='line_1_25' title="bbox 547 2411 2052 2490; baseline -0.006 -16"><span class='ocrx_word' id='word_1_144' title='bbox 547 2424 724 2490; x_wconf 89' lang='lat' dir='ltr'><strong>Atque</strong></span> <span class='ocrx_word' id='word_1_145' title='bbox 760 2421 903 2474; x_wconf 85' lang='lat' dir='ltr'><strong>hunc</strong></span> <span class='ocrx_word' id='word_1_146' title='bbox 949 2417 1164 2487; x_wconf 88' lang='lat' dir='ltr'><strong>quidem</strong></span> <span class='ocrx_word' id='word_1_147' title='bbox 1204 2415 1419 2470; x_wconf 91' lang='lat' dir='ltr'><strong>modum</strong></span> <span class='ocrx_word' id='word_1_148' title='bbox 1461 2429 1557 2484; x_wconf 90' lang='lat' dir='ltr'><strong>per</strong></span> <span class='ocrx_word' id='word_1_149' title='bbox 1605 2422 1926 2468; x_wconf 86' lang='lat' dir='ltr'><strong>nocturnam</strong></span> <span class='ocrx_word' id='word_1_150' title='bbox 1977 2411 2052 2465; x_wconf 88' lang='lat' dir='ltr'><strong>vi-</strong></span> 
     </span>
    </p>
   </div>
   <div class='ocr_carea' id='block_1_26' title="bbox 476 2506 2053 2577">
    <p class='ocr_par' dir='ltr' id='par_1_26' title="bbox 476 2506 2053 2577">
     <span class='ocr_line' id='line_1_26' title="bbox 476 2506 2053 2577; baseline -0.007 -9"><span class='ocrx_word' id='word_1_151' title='bbox 476 2515 685 2568; x_wconf 90' lang='lat' dir='ltr'><strong>sionem</strong></span> <span class='ocrx_word' id='word_1_152' title='bbox 708 2529 771 2567; x_wconf 86' lang='lat' dir='ltr'><strong>ac</strong></span> <span class='ocrx_word' id='word_1_153' title='bbox 801 2511 1209 2565; x_wconf 87' lang='lat' dir='ltr'><strong>meditationem</strong></span> <span class='ocrx_word' id='word_1_154' title='bbox 1241 2510 1403 2563; x_wconf 90' lang='lat' dir='ltr'><strong>habet</strong></span> <span class='ocrx_word' id='word_1_155' title='bbox 1428 2524 1442 2561; x_wconf 88' lang='lat'>:</span> <span class='ocrx_word' id='word_1_156' title='bbox 1469 2522 1589 2577; x_wconf 76' lang='lat' dir='ltr'><strong>qua:</strong></span> <span class='ocrx_word' id='word_1_157' title='bbox 1615 2516 1793 2561; x_wconf 89' lang='lat' dir='ltr'><strong>autem</strong></span> <span class='ocrx_word' id='word_1_158' title='bbox 1820 2506 2053 2560; x_wconf 90' lang='lat' dir='ltr'><strong>interdiu</strong></span> 
     </span>
    </p>
   </div>
   <div class='ocr_carea' id='block_1_27' title="bbox 476 2597 2057 2668">
    <p class='ocr_par' dir='ltr' id='par_1_27' title="bbox 476 2597 2057 2668">
     <span class='ocr_line' id='line_1_27' title="bbox 476 2597 2057 2668; baseline -0.005 -10"><span class='ocrx_word' id='word_1_159' title='bbox 476 2605 734 2658; x_wconf 85' lang='lat' dir='ltr'><strong>accidunt</strong></span> <span class='ocrx_word' id='word_1_160' title='bbox 772 2602 1036 2668; x_wconf 84' lang='lat' dir='ltr'><strong>molesta;</strong></span> <span class='ocrx_word' id='word_1_161' title='bbox 1075 2616 1298 2665; x_wconf 68' lang='lat' dir='ltr'><strong>mensae,</strong></span> <span class='ocrx_word' id='word_1_162' title='bbox 1332 2601 1575 2668; x_wconf 87' lang='lat' dir='ltr'><strong>inquam,</strong></span> <span class='ocrx_word' id='word_1_163' title='bbox 1618 2597 1884 2653; x_wconf 80' lang='lat' dir='ltr'><strong>Laconica</strong></span> <span class='ocrx_word' id='word_1_164' title='bbox 1934 2612 2057 2666; x_wconf 84' lang='lat' dir='ltr'><strong>par-</strong></span> 
     </span>
    </p>
   </div>
   <div class='ocr_carea' id='block_1_28' title="bbox 471 2695 2056 2762">
    <p class='ocr_par' dir='ltr' id='par_1_28' title="bbox 471 2695 2056 2762">
     <span class='ocr_line' id='line_1_28' title="bbox 471 2695 2056 2762; baseline -0.004 -13"><span class='ocrx_word' id='word_1_165' title='bbox 471 2695 636 2749; x_wconf 83' lang='lat' dir='ltr'><strong>citate</strong></span> <span class='ocrx_word' id='word_1_166' title='bbox 699 2695 980 2748; x_wconf 71' lang='lat' dir='ltr'><strong>instrnctte</strong></span> <span class='ocrx_word' id='word_1_167' title='bbox 1037 2702 1395 2762; x_wconf 87' lang='lat' dir='ltr'><strong>apparatum;</strong></span> <span class='ocrx_word' id='word_1_168' title='bbox 1471 2700 1806 2760; x_wconf 75' lang='lat' dir='ltr'><strong>assumptum</strong></span> <span class='ocrx_word' id='word_1_169' title='bbox 1863 2697 2056 2759; x_wconf 86' lang='lat' dir='ltr'><strong>sponte</strong></span> 
     </span>
    </p>
   </div>
   <div class='ocr_carea' id='block_1_29' title="bbox 479 2781 2052 2854">
    <p class='ocr_par' dir='ltr' id='par_1_29' title="bbox 479 2781 2052 2854">
     <span class='ocr_line' id='line_1_29' title="bbox 479 2781 2052 2854; baseline -0.003 -15"><span class='ocrx_word' id='word_1_170' title='bbox 479 2786 727 2840; x_wconf 87' lang='lat' dir='ltr'><strong>ciborum</strong></span> <span class='ocrx_word' id='word_1_171' title='bbox 762 2786 1068 2854; x_wconf 80' lang='lat' dir='ltr'><strong>penuriam,</strong></span> <span class='ocrx_word' id='word_1_172' title='bbox 1103 2798 1499 2853; x_wconf 83' lang='lat' dir='ltr'><strong>servorumque</strong></span> <span class='ocrx_word' id='word_1_173' title='bbox 1536 2798 1633 2852; x_wconf 86' lang='lat' dir='ltr'><strong>per</strong></span> <span class='ocrx_word' id='word_1_174' title='bbox 1688 2781 1885 2836; x_wconf 86' lang='lat' dir='ltr'><strong>famem</strong></span> <span class='ocrx_word' id='word_1_175' title='bbox 1921 2796 2052 2835; x_wconf 78' lang='lat' dir='ltr'><strong>cne-</strong></span> 
     </span>
    </p>
   </div>
   <div class='ocr_carea' id='block_1_30' title="bbox 473 2875 2054 2944">
    <p class='ocr_par' dir='ltr' id='par_1_30' title="bbox 473 2875 2054 2944">
     <span class='ocr_line' id='line_1_30' title="bbox 473 2875 2054 2944; baseline -0.002 -15"><span class='ocrx_word' id='word_1_176' title='bbox 473 2878 732 2942; x_wconf 78' lang='lat' dir='ltr'><strong>ctiunem,</strong></span> <span class='ocrx_word' id='word_1_177' title='bbox 759 2890 1160 2944; x_wconf 85' lang='lat' dir='ltr'><strong>egenorumque</strong></span> <span class='ocrx_word' id='word_1_178' title='bbox 1184 2875 1558 2929; x_wconf 88' lang='lat' dir='ltr'><strong>mendicorum</strong></span> <span class='ocrx_word' id='word_1_179' title='bbox 1583 2882 1778 2943; x_wconf 69' lang='lat' dir='ltr'><strong>praeter</strong></span> <span class='ocrx_word' id='word_1_180' title='bbox 1801 2883 2054 2943; x_wconf 82' lang='lat' dir='ltr'><strong>ncgatttttt</strong></span> 
     </span>
    </p>
   </div>
   <div class='ocr_carea' id='block_1_31' title="bbox 472 2962 2058 3035">
    <p class='ocr_par' dir='ltr' id='par_1_31' title="bbox 472 2962 2058 3035">
     <span class='ocr_line' id='line_1_31' title="bbox 472 2962 2058 3035; baseline -0.002 -15"><span class='ocrx_word' id='word_1_181' title='bbox 472 2965 735 3033; x_wconf 67' lang='lat' dir='ltr'><strong>(tﬂiclUttl,</strong></span> <span class='ocrx_word' id='word_1_182' title='bbox 767 2967 1193 3035; x_wconf 81' lang='lat' dir='ltr'><strong>uouunllamque</strong></span> <span class='ocrx_word' id='word_1_183' title='bbox 1231 2981 1412 3034; x_wconf 83' lang='lat' dir='ltr'><strong>opem,</strong></span> <span class='ocrx_word' id='word_1_184' title='bbox 1444 2980 1565 3019; x_wconf 90' lang='lat' dir='ltr'><strong>cum</strong></span> <span class='ocrx_word' id='word_1_185' title='bbox 1608 2962 1807 3032; x_wconf 87' lang='lat' dir='ltr'><strong>injuria</strong></span> <span class='ocrx_word' id='word_1_186' title='bbox 1841 2978 1906 3017; x_wconf 87' lang='lat' dir='ltr'><strong>ac</strong></span> <span class='ocrx_word' id='word_1_187' title='bbox 1938 2978 2058 3018; x_wconf 74' lang='lat' dir='ltr'><strong>ter-</strong></span> 
     </span>
    </p>
   </div>
   <div class='ocr_carea' id='block_1_32' title="bbox 477 3055 2057 3126">
    <p class='ocr_par' dir='ltr' id='par_1_32' title="bbox 477 3055 2057 3126">
     <span class='ocr_line' id='line_1_32' title="bbox 477 3055 2057 3126; baseline -0.001 -13"><span class='ocrx_word' id='word_1_188' title='bbox 477 3058 696 3113; x_wconf 80' lang='lat' dir='ltr'><strong>herihus</strong></span> <span class='ocrx_word' id='word_1_189' title='bbox 727 3057 1122 3120; x_wconf 73' lang='lat' dir='ltr'><strong>subtnotioues,</strong></span> <span class='ocrx_word' id='word_1_190' title='bbox 1155 3057 1201 3110; x_wconf 89' lang='lat' dir='ltr'><strong>is</strong></span> <span class='ocrx_word' id='word_1_191' title='bbox 1237 3057 1351 3126; x_wconf 85' lang='lat' dir='ltr'><strong>ipse</strong></span> <span class='ocrx_word' id='word_1_192' title='bbox 1383 3055 1567 3110; x_wconf 81' lang='lat' dir='ltr'><strong>forsan</strong></span> <span class='ocrx_word' id='word_1_193' title='bbox 1609 3072 1706 3125; x_wconf 84' lang='lat' dir='ltr'><strong>pro</strong></span> <span class='ocrx_word' id='word_1_194' title='bbox 1734 3056 1812 3110; x_wconf 83' lang='lat' dir='ltr'><strong>rei</strong></span> <span class='ocrx_word' id='word_1_195' title='bbox 1862 3057 2057 3111; x_wconf 67' lang='grc' dir='ltr'><strong>νισι-ἰιο</strong></span> 
     </span>
    </p>
   </div>
   <div class='ocr_carea' id='block_1_33' title="bbox 474 3148 2058 3233">
    <p class='ocr_par' dir='ltr' id='par_1_33' title="bbox 474 3148 2058 3233">
     <span class='ocr_line' id='line_1_33' title="bbox 474 3148 2058 3233; baseline -0.002 -30"><span class='ocrx_word' id='word_1_196' title='bbox 474 3148 845 3217; x_wconf 73' lang='lat' dir='ltr'><strong>enarravenit,</strong></span> <span class='ocrx_word' id='word_1_197' title='bbox 897 3160 990 3203; x_wconf 89' lang='lat' dir='ltr'><strong>aut</strong></span> <span class='ocrx_word' id='word_1_198' title='bbox 1040 3150 1229 3211; x_wconf 83' lang='lat' dir='ltr'><strong>etiam,</strong></span> <span class='ocrx_word' id='word_1_199' title='bbox 1293 3163 1422 3203; x_wconf 88' lang='lat' dir='ltr'><strong>suos</strong></span> <span class='ocrx_word' id='word_1_200' title='bbox 1471 3148 1589 3217; x_wconf 84' lang='lat' dir='ltr'><strong>ipse</strong></span> <span class='ocrx_word' id='word_1_201' title='bbox 1635 3161 1835 3233; x_wconf 69' lang='lat' dir='ltr'><strong>pravos</strong></span> <span class='ocrx_word' id='word_1_202' title='bbox 1878 3161 2058 3201; x_wconf 90' lang='lat' dir='ltr'><strong>mores</strong></span> 
     </span>
    </p>
   </div>
   <div class='ocr_carea' id='block_1_34' title="bbox 479 3236 2056 3313">
    <p class='ocr_par' dir='ltr' id='par_1_34' title="bbox 479 3236 2056 3313">
     <span class='ocr_line' id='line_1_34' title="bbox 479 3236 2056 3313; baseline -0.001 -19"><span class='ocrx_word' id='word_1_203' title='bbox 479 3252 910 3313; x_wconf 65' lang='lat' dir='ltr'><strong>repraesentans,</strong></span> <span class='ocrx_word' id='word_1_204' title='bbox 963 3241 1220 3309; x_wconf 78' lang='lat' dir='ltr'><strong>operibus</strong></span> <span class='ocrx_word' id='word_1_205' title='bbox 1254 3240 1384 3309; x_wconf 85' lang='lat' dir='ltr'><strong>ipsis</strong></span> <span class='ocrx_word' id='word_1_206' title='bbox 1438 3238 1819 3293; x_wconf 88' lang='lat' dir='ltr'><strong>declaraverit.</strong></span> <span class='ocrx_word' id='word_1_207' title='bbox 1888 3236 2056 3293; x_wconf 84' lang='lat' dir='ltr'><strong>Nobis</strong></span> 
     </span>
    </p>
   </div>
   <div class='ocr_carea' id='block_1_35' title="bbox 475 3328 2055 3400">
    <p class='ocr_par' dir='ltr' id='par_1_35' title="bbox 475 3328 2055 3400">
     <span class='ocr_line' id='line_1_35' title="bbox 475 3328 2055 3400; baseline -0.002 -14"><span class='ocrx_word' id='word_1_208' title='bbox 475 3341 643 3396; x_wconf 75' lang='lat' dir='ltr'><strong>certe,</strong></span> <span class='ocrx_word' id='word_1_209' title='bbox 676 3346 989 3400; x_wconf 86' lang='lat' dir='ltr'><strong>quanquam</strong></span> <span class='ocrx_word' id='word_1_210' title='bbox 1025 3330 1077 3383; x_wconf 92' lang='lat' dir='ltr'><strong>in</strong></span> <span class='ocrx_word' id='word_1_211' title='bbox 1109 3330 1292 3383; x_wconf 89' lang='lat' dir='ltr'><strong>animo</strong></span> <span class='ocrx_word' id='word_1_212' title='bbox 1331 3337 1468 3394; x_wconf 87' lang='lat' dir='ltr'><strong>erat,</strong></span> <span class='ocrx_word' id='word_1_213' title='bbox 1497 3338 1657 3398; x_wconf 91' lang='lat' dir='ltr'><strong>prout</strong></span> <span class='ocrx_word' id='word_1_214' title='bbox 1686 3328 1898 3383; x_wconf 76' lang='lat' dir='ltr'><strong>dicendi</strong></span> <span class='ocrx_word' id='word_1_215' title='bbox 1936 3336 2055 3383; x_wconf 88' lang='lat' dir='ltr'><strong>arte</strong></span> 
     </span>
    </p>
   </div>
   <div class='ocr_carea' id='block_1_36' title="bbox 475 3419 2057 3491">
    <p class='ocr_par' dir='ltr' id='par_1_36' title="bbox 475 3419 2057 3491">
     <span class='ocr_line' id='line_1_36' title="bbox 475 3419 2057 3491; baseline -0.003 -15"><span class='ocrx_word' id='word_1_216' title='bbox 475 3424 693 3489; x_wconf 85' lang='lat' dir='ltr'><strong>assequi</strong></span> <span class='ocrx_word' id='word_1_217' title='bbox 751 3436 1062 3491; x_wconf 88' lang='lat' dir='ltr'><strong>possemus,</strong></span> <span class='ocrx_word' id='word_1_218' title='bbox 1131 3420 1447 3485; x_wconf 84' lang='lat' dir='ltr'><strong>ostendere;</strong></span> <span class='ocrx_word' id='word_1_219' title='bbox 1493 3419 1643 3487; x_wconf 87' lang='lat' dir='ltr'><strong>jubet</strong></span> <span class='ocrx_word' id='word_1_220' title='bbox 1704 3420 2057 3474; x_wconf 79' lang='lat' dir='ltr'><strong>nihilominus</strong></span> 
     </span>
    </p>
   </div>
   <div class='ocr_carea' id='block_1_37' title="bbox 476 3513 2059 3583">
    <p class='ocr_par' dir='ltr' id='par_1_37' title="bbox 476 3513 2059 3583">
     <span class='ocr_line' id='line_1_37' title="bbox 476 3513 2059 3583; baseline 0.003 -19"><span class='ocrx_word' id='word_1_221' title='bbox 476 3513 618 3583; x_wconf 84' lang='lat' dir='ltr'><strong>quod</strong></span> <span class='ocrx_word' id='word_1_222' title='bbox 661 3529 769 3582; x_wconf 84' lang='lat' dir='ltr'><strong>prae</strong></span> <span class='ocrx_word' id='word_1_223' title='bbox 805 3514 1050 3566; x_wconf 85' lang='lat' dir='ltr'><strong>manibus</strong></span> <span class='ocrx_word' id='word_1_224' title='bbox 1084 3513 1346 3566; x_wconf 85' lang='lat' dir='ltr'><strong>habemus</strong></span> <span class='ocrx_word' id='word_1_225' title='bbox 1386 3523 1805 3581; x_wconf 76' lang='lat' dir='ltr'><strong>argumentum,</strong></span> <span class='ocrx_word' id='word_1_226' title='bbox 1852 3521 1911 3565; x_wconf 93' lang='lat' dir='ltr'><strong>ut</strong></span> <span class='ocrx_word' id='word_1_227' title='bbox 1942 3529 2059 3568; x_wconf 85' lang='lat' dir='ltr'><strong>ser-</strong></span> 
     </span>
    </p>
   </div>
   <div class='ocr_carea' id='block_1_38' title="bbox 2144 659 3754 742">
    <p class='ocr_par' dir='ltr' id='par_1_38' title="bbox 2144 659 3754 742">
     <span class='ocr_line' id='line_1_38' title="bbox 2144 659 3754 742; baseline -0.002 -26"><span class='ocrx_word' id='word_1_228' title='bbox 2144 663 2405 717; x_wconf 88' lang='grc' dir='ltr'>ἀναπνεῖν</span> <span class='ocrx_word' id='word_1_229' title='bbox 2451 659 2779 731; x_wconf 74' lang='grc' dir='ltr'><strong>ἐλευθερίως</strong></span> <span class='ocrx_word' id='word_1_230' title='bbox 2836 660 3315 742; x_wconf 60' lang='grc' dir='ltr'>συγχιυθουμενος.</span> <span class='ocrx_word' id='word_1_231' title='bbox 3353 660 3754 731; x_wconf 74' lang='grc' dir='ltr'>Ταλαιπωρεῖο</span> 
     </span>
    </p>
   </div>
   <div class='ocr_carea' id='block_1_39' title="bbox 2146 749 3751 823">
    <p class='ocr_par' dir='ltr' id='par_1_39' title="bbox 2146 749 3751 823">
     <span class='ocr_line' id='line_1_39' title="bbox 2146 749 3751 823; baseline -0.003 -15"><span class='ocrx_word' id='word_1_232' title='bbox 2146 755 2271 808; x_wconf 84' lang='grc' dir='ltr'>σθαι</span> <span class='ocrx_word' id='word_1_233' title='bbox 2319 752 2431 822; x_wconf 75' lang='grc' dir='ltr'><strong>γὰρ</strong></span> <span class='ocrx_word' id='word_1_234' title='bbox 2478 752 2547 805; x_wconf 75' lang='grc' dir='ltr'>δι’</span> <span class='ocrx_word' id='word_1_235' title='bbox 2605 751 2778 823; x_wconf 79' lang='grc' dir='ltr'>αὐτὴν</span> <span class='ocrx_word' id='word_1_236' title='bbox 2841 754 2936 805; x_wconf 77' lang='grc' dir='ltr'>καὶ</span> <span class='ocrx_word' id='word_1_237' title='bbox 2982 751 3316 823; x_wconf 82' lang='grc' dir='ltr'>τρύχεσθαι,</span> <span class='ocrx_word' id='word_1_238' title='bbox 3374 752 3473 804; x_wconf 71' lang='grc' dir='ltr'><strong>καὶ</strong></span> <span class='ocrx_word' id='word_1_239' title='bbox 3536 749 3751 821; x_wconf 81' lang='grc' dir='ltr'>μυρίας</span> 
     </span>
    </p>
   </div>
   <div class='ocr_carea' id='block_1_40' title="bbox 2146 841 3752 917">
    <p class='ocr_par' dir='ltr' id='par_1_40' title="bbox 2146 841 3752 917">
     <span class='ocr_line' id='line_1_40' title="bbox 2146 841 3752 917; baseline -0.006 -17"><span class='ocrx_word' id='word_1_240' title='bbox 2146 844 2509 917; x_wconf 80' lang='grc' dir='ltr'><strong>ἀναδέχεσθαι</strong></span> <span class='ocrx_word' id='word_1_241' title='bbox 2584 844 2873 913; x_wconf 79' lang='grc' dir='ltr'><strong>φροντίδας</strong></span> <span class='ocrx_word' id='word_1_242' title='bbox 2938 843 3341 913; x_wconf 71' lang='grc' dir='ltr'><strong>καταδέχεται·</strong></span> <span class='ocrx_word' id='word_1_243' title='bbox 3405 841 3615 904; x_wconf 83' lang='grc' dir='ltr'>νύκτας</span> <span class='ocrx_word' id='word_1_244' title='bbox 3686 856 3752 891; x_wconf 82' lang='grc' dir='ltr'><strong>τε</strong></span> 
     </span>
    </p>
   </div>
   <div class='ocr_carea' id='block_1_41' title="bbox 2148 933 3753 1008">
    <p class='ocr_par' dir='ltr' id='par_1_41' title="bbox 2148 933 3753 1008">
     <span class='ocr_line' id='line_1_41' title="bbox 2148 933 3753 1008; baseline -0.008 -13"><span class='ocrx_word' id='word_1_245' title='bbox 2148 941 2393 1003; x_wconf 77' lang='grc' dir='ltr'>ἀΰπνους</span> <span class='ocrx_word' id='word_1_246' title='bbox 2441 936 2687 1005; x_wconf 76' lang='grc' dir='ltr'>διανὺει,</span> <span class='ocrx_word' id='word_1_247' title='bbox 2741 937 2872 1008; x_wconf 70' lang='grc' dir='ltr'>περὶ</span> <span class='ocrx_word' id='word_1_248' title='bbox 2922 937 3022 1006; x_wconf 78' lang='grc' dir='ltr'><strong>τῆς</strong></span> <span class='ocrx_word' id='word_1_249' title='bbox 3072 935 3373 997; x_wconf 74' lang='grc' dir='ltr'><strong>ἐπιδόσεως</strong></span> <span class='ocrx_word' id='word_1_250' title='bbox 3418 933 3594 999; x_wconf 67' lang='grc' dir='ltr'>αὐτῆς</span> <span class='ocrx_word' id='word_1_251' title='bbox 3654 933 3753 985; x_wconf 72' lang='grc' dir='ltr'><strong>καὶ</strong></span> 
     </span>
    </p>
   </div>
   <div class='ocr_carea' id='block_1_42' title="bbox 2149 1023 3752 1101">
    <p class='ocr_par' dir='ltr' id='par_1_42' title="bbox 2149 1023 3752 1101">
     <span class='ocr_line' id='line_1_42' title="bbox 2149 1023 3752 1101; baseline -0.009 -14"><span class='ocrx_word' id='word_1_252' title='bbox 2149 1032 2432 1098; x_wconf 78' lang='grc' dir='ltr'>αὐξήσεως</span> <span class='ocrx_word' id='word_1_253' title='bbox 2494 1029 2766 1101; x_wconf 84' lang='grc' dir='ltr'>ἐμπορίας</span> <span class='ocrx_word' id='word_1_254' title='bbox 2812 1027 3245 1097; x_wconf 78' lang='grc' dir='ltr'>ἐπινοούμενος·</span> <span class='ocrx_word' id='word_1_255' title='bbox 3308 1023 3752 1094; x_wconf 77' lang='grc' dir='ltr'>ἁπεμπολήσεις</span> 
     </span>
    </p>
   </div>
   <div class='ocr_carea' id='block_1_43' title="bbox 2151 1117 3755 1191">
    <p class='ocr_par' dir='ltr' id='par_1_43' title="bbox 2151 1117 3755 1191">
     <span class='ocr_line' id='line_1_43' title="bbox 2151 1117 3755 1191; baseline -0.007 -13"><span class='ocrx_word' id='word_1_256' title='bbox 2151 1126 2249 1178; x_wconf 74' lang='grc' dir='ltr'><strong>καὶ</strong></span> <span class='ocrx_word' id='word_1_257' title='bbox 2300 1123 2648 1191; x_wconf 68' lang='grc' dir='ltr'>καταλλαγὰς</span> <span class='ocrx_word' id='word_1_258' title='bbox 2691 1121 2801 1174; x_wconf 85' lang='grc' dir='ltr'><strong>τῶν</strong></span> <span class='ocrx_word' id='word_1_259' title='bbox 2849 1120 3031 1177; x_wconf 78' lang='grc' dir='ltr'>ἄλλοις</span> <span class='ocrx_word' id='word_1_260' title='bbox 3081 1117 3508 1190; x_wconf 74' lang='grc' dir='ltr'>εὐφορουμένων</span> <span class='ocrx_word' id='word_1_261' title='bbox 3564 1131 3755 1184; x_wconf 77' lang='grc' dir='ltr'>μηχα-</span> 
     </span>
    </p>
   </div>
   <div class='ocr_carea' id='block_1_44' title="bbox 2149 1204 3759 1286">
    <p class='ocr_par' dir='ltr' id='par_1_44' title="bbox 2149 1204 3759 1286">
     <span class='ocr_line' id='line_1_44' title="bbox 2149 1204 3759 1286; baseline -0.008 -17"><span class='ocrx_word' id='word_1_262' title='bbox 2149 1217 2419 1286; x_wconf 84' lang='grc' dir='ltr'>νώμενος·</span> <span class='ocrx_word' id='word_1_263' title='bbox 2456 1216 2552 1268; x_wconf 76' lang='grc' dir='ltr'><strong>καὶ</strong></span> <span class='ocrx_word' id='word_1_264' title='bbox 2576 1214 2742 1266; x_wconf 86' lang='grc' dir='ltr'>πόσου</span> <span class='ocrx_word' id='word_1_265' title='bbox 2777 1211 2876 1282; x_wconf 80' lang='grc' dir='ltr'>μὲν</span> <span class='ocrx_word' id='word_1_266' title='bbox 2908 1211 2937 1262; x_wconf 85' lang='grc' dir='ltr'>ὁ</span> <span class='ocrx_word' id='word_1_267' title='bbox 2962 1204 3142 1274; x_wconf 76' lang='grc' dir='ltr'>οἶνος,</span> <span class='ocrx_word' id='word_1_268' title='bbox 3173 1209 3339 1261; x_wconf 83' lang='grc' dir='ltr'>πόσου</span> <span class='ocrx_word' id='word_1_269' title='bbox 3366 1208 3421 1261; x_wconf 79' lang='grc' dir='ltr'>δὲ</span> <span class='ocrx_word' id='word_1_270' title='bbox 3444 1205 3516 1259; x_wconf 83' lang='grc' dir='ltr'><strong>τὰ</strong></span> <span class='ocrx_word' id='word_1_271' title='bbox 3547 1205 3759 1275; x_wconf 76' lang='grc' dir='ltr'>βοσκήσ</span> 
     </span>
    </p>
   </div>
   <div class='ocr_carea' id='block_1_45' title="bbox 2156 1296 3759 1378">
    <p class='ocr_par' dir='ltr' id='par_1_45' title="bbox 2156 1296 3759 1378">
     <span class='ocr_line' id='line_1_45' title="bbox 2156 1296 3759 1378; baseline -0.008 -17"><span class='ocrx_word' id='word_1_272' title='bbox 2156 1324 2328 1378; x_wconf 88' lang='grc' dir='ltr'>ματα,</span> <span class='ocrx_word' id='word_1_273' title='bbox 2371 1305 2405 1377; x_wconf 80' lang='grc' dir='ltr'>ἦ</span> <span class='ocrx_word' id='word_1_274' title='bbox 2461 1306 2556 1358; x_wconf 75' lang='grc' dir='ltr'>καὶ</span> <span class='ocrx_word' id='word_1_275' title='bbox 2593 1306 2662 1358; x_wconf 74' lang='grc' dir='ltr'>τὰ</span> <span class='ocrx_word' id='word_1_276' title='bbox 2709 1303 2833 1374; x_wconf 81' lang='grc' dir='ltr'>ἐρια</span> <span class='ocrx_word' id='word_1_277' title='bbox 2886 1300 3288 1371; x_wconf 80' lang='grc' dir='ltr'><strong>πιπράσκεται.</strong></span> <span class='ocrx_word' id='word_1_278' title='bbox 3344 1300 3504 1351; x_wconf 85' lang='grc' dir='ltr'>Ἔστι</span> <span class='ocrx_word' id='word_1_279' title='bbox 3556 1296 3603 1351; x_wconf 85' lang='grc' dir='ltr'>δ’</span> <span class='ocrx_word' id='word_1_280' title='bbox 3635 1298 3759 1367; x_wconf 78' lang='grc' dir='ltr'>ὅπη</span> 
     </span>
    </p>
   </div>
   <div class='ocr_carea' id='block_1_46' title="bbox 2155 1390 3759 1473">
    <p class='ocr_par' dir='ltr' id='par_1_46' title="bbox 2155 1390 3759 1473">
     <span class='ocr_line' id='line_1_46' title="bbox 2155 1390 3759 1473; baseline -0.007 -20"><span class='ocrx_word' id='word_1_281' title='bbox 2155 1400 2322 1473; x_wconf 71' lang='grc' dir='ltr'>μέχρι</span> <span class='ocrx_word' id='word_1_282' title='bbox 2349 1399 2544 1471; x_wconf 80' lang='grc' dir='ltr'><strong>χόρτου</strong></span> <span class='ocrx_word' id='word_1_283' title='bbox 2576 1399 2704 1462; x_wconf 81' lang='grc' dir='ltr'>τοὺς</span> <span class='ocrx_word' id='word_1_284' title='bbox 2738 1396 3035 1468; x_wconf 80' lang='grc' dir='ltr'>λογισμοὺς</span> <span class='ocrx_word' id='word_1_285' title='bbox 3066 1395 3389 1464; x_wconf 79' lang='grc' dir='ltr'>ἐπαφίησιν,</span> <span class='ocrx_word' id='word_1_286' title='bbox 3427 1395 3524 1445; x_wconf 76' lang='grc' dir='ltr'>καὶ</span> <span class='ocrx_word' id='word_1_287' title='bbox 3553 1390 3759 1443; x_wconf 74' lang='grc' dir='ltr'>τοῦτον</span> 
     </span>
    </p>
   </div>
   <div class='ocr_carea' id='block_1_47' title="bbox 2151 1482 3759 1563">
    <p class='ocr_par' dir='ltr' id='par_1_47' title="bbox 2151 1482 3759 1563">
     <span class='ocr_line' id='line_1_47' title="bbox 2151 1482 3759 1563; baseline -0.006 -18"><span class='ocrx_word' id='word_1_288' title='bbox 2151 1492 2357 1563; x_wconf 70' lang='grc' dir='ltr'>χρυσοῦ</span> <span class='ocrx_word' id='word_1_289' title='bbox 2407 1490 2805 1543; x_wconf 82' lang='grc' dir='ltr'>καταλλάττειν</span> <span class='ocrx_word' id='word_1_290' title='bbox 2854 1487 3214 1557; x_wconf 77' lang='grc' dir='ltr'>φαντάζεται.</span> <span class='ocrx_word' id='word_1_291' title='bbox 3266 1485 3364 1548; x_wconf 87' lang='grc' dir='ltr'>Τίς</span> <span class='ocrx_word' id='word_1_292' title='bbox 3397 1485 3431 1554; x_wconf 80' lang='grc' dir='ltr'>ἡ</span> <span class='ocrx_word' id='word_1_293' title='bbox 3467 1482 3759 1535; x_wconf 74' lang='grc' dir='ltr'><strong>ἀδάπανος</strong></span> 
     </span>
    </p>
   </div>
   <div class='ocr_carea' id='block_1_48' title="bbox 2152 1573 3761 1650">
    <p class='ocr_par' dir='ltr' id='par_1_48' title="bbox 2152 1573 3761 1650">
     <span class='ocr_line' id='line_1_48' title="bbox 2152 1573 3761 1650; baseline -0.007 -14"><span class='ocrx_word' id='word_1_294' title='bbox 2152 1580 2310 1645; x_wconf 79' lang='grc' dir='ltr'>αὖθις</span> <span class='ocrx_word' id='word_1_295' title='bbox 2351 1580 2462 1634; x_wconf 86' lang='grc' dir='ltr'><strong>τῶν</strong></span> <span class='ocrx_word' id='word_1_296' title='bbox 2496 1579 2895 1650; x_wconf 77' lang='grc' dir='ltr'>ἐπινοηθέντων</span> <span class='ocrx_word' id='word_1_297' title='bbox 2943 1576 3212 1648; x_wconf 86' lang='grc' dir='ltr'>ἐμπορία,</span> <span class='ocrx_word' id='word_1_298' title='bbox 3240 1575 3336 1628; x_wconf 77' lang='grc' dir='ltr'>καὶ</span> <span class='ocrx_word' id='word_1_299' title='bbox 3365 1573 3450 1637; x_wconf 83' lang='grc' dir='ltr'><strong>τίς</strong></span> <span class='ocrx_word' id='word_1_300' title='bbox 3483 1576 3515 1627; x_wconf 73' lang='grc' dir='ltr'>ὁ</span> <span class='ocrx_word' id='word_1_301' title='bbox 3539 1573 3761 1641; x_wconf 67' lang='grc' dir='ltr'>ταύτης</span> 
     </span>
    </p>
   </div>
   <div class='ocr_carea' id='block_1_49' title="bbox 2151 1661 3758 1742">
    <p class='ocr_par' dir='ltr' id='par_1_49' title="bbox 2151 1661 3758 1742">
     <span class='ocr_line' id='line_1_49' title="bbox 2151 1661 3758 1742; baseline -0.007 -18"><span class='ocrx_word' id='word_1_302' title='bbox 2151 1670 2451 1742; x_wconf 83' lang='grc' dir='ltr'>ἐγγυητὴς,</span> <span class='ocrx_word' id='word_1_303' title='bbox 2488 1668 2579 1723; x_wconf 75' lang='grc' dir='ltr'>καὶ</span> <span class='ocrx_word' id='word_1_304' title='bbox 2606 1669 2717 1723; x_wconf 85' lang='grc' dir='ltr'><strong>τῶν</strong></span> <span class='ocrx_word' id='word_1_305' title='bbox 2743 1668 2995 1740; x_wconf 82' lang='grc' dir='ltr'>ἁζημίων</span> <span class='ocrx_word' id='word_1_306' title='bbox 3027 1665 3467 1737; x_wconf 78' lang='grc' dir='ltr'>ἐμπορευμάτων</span> <span class='ocrx_word' id='word_1_307' title='bbox 3495 1661 3758 1727; x_wconf 81' lang='grc' dir='ltr'>ἐπάξιος.</span> 
     </span>
    </p>
   </div>
   <div class='ocr_carea' id='block_1_50' title="bbox 2154 1753 3759 1834">
    <p class='ocr_par' dir='ltr' id='par_1_50' title="bbox 2154 1753 3759 1834">
     <span class='ocr_line' id='line_1_50' title="bbox 2154 1753 3759 1834; baseline -0.008 -16"><span class='ocrx_word' id='word_1_308' title='bbox 2154 1763 2562 1834; x_wconf 79' lang='grc' dir='ltr'><strong>ἐπιπονώτερον</strong></span> <span class='ocrx_word' id='word_1_309' title='bbox 2607 1760 2898 1833; x_wconf 78' lang='grc' dir='ltr'>ἐκμελετᾷ.</span> <span class='ocrx_word' id='word_1_310' title='bbox 2934 1760 2997 1813; x_wconf 83' lang='grc' dir='ltr'><strong>Εἰ</strong></span> <span class='ocrx_word' id='word_1_311' title='bbox 3022 1758 3081 1812; x_wconf 87' lang='grc' dir='ltr'><strong>δέ</strong></span> <span class='ocrx_word' id='word_1_312' title='bbox 3106 1776 3209 1811; x_wconf 89' lang='grc' dir='ltr'><strong>που</strong></span> <span class='ocrx_word' id='word_1_313' title='bbox 3244 1755 3536 1827; x_wconf 79' lang='grc' dir='ltr'>ἀδημονῶν</span> <span class='ocrx_word' id='word_1_314' title='bbox 3568 1753 3759 1807; x_wconf 79' lang='grc' dir='ltr'>ὕπνου</span> 
     </span>
    </p>
   </div>
   <div class='ocr_carea' id='block_1_51' title="bbox 2154 1848 3762 1926">
    <p class='ocr_par' dir='ltr' id='par_1_51' title="bbox 2154 1848 3762 1926">
     <span class='ocr_line' id='line_1_51' title="bbox 2154 1848 3762 1926; baseline -0.008 -14"><span class='ocrx_word' id='word_1_315' title='bbox 2154 1858 2489 1912; x_wconf 83' lang='grc' dir='ltr'>λεπτοτάτου</span> <span class='ocrx_word' id='word_1_316' title='bbox 2515 1856 2611 1910; x_wconf 73' lang='grc' dir='ltr'><strong>καὶ</strong></span> <span class='ocrx_word' id='word_1_317' title='bbox 2634 1856 2733 1926; x_wconf 77' lang='grc' dir='ltr'><strong>οὐχ</strong></span> <span class='ocrx_word' id='word_1_318' title='bbox 2760 1855 2934 1926; x_wconf 78' lang='grc' dir='ltr'>ἡδέως</span> <span class='ocrx_word' id='word_1_319' title='bbox 2962 1852 3142 1923; x_wconf 82' lang='grc' dir='ltr'>τύχοι,</span> <span class='ocrx_word' id='word_1_320' title='bbox 3179 1850 3380 1923; x_wconf 82' lang='grc' dir='ltr'>χρυσὸν</span> <span class='ocrx_word' id='word_1_321' title='bbox 3404 1848 3762 1918; x_wconf 78' lang='grc' dir='ltr'>ὀνειροπολεῖ</span> 
     </span>
    </p>
   </div>
   <div class='ocr_carea' id='block_1_52' title="bbox 2157 1936 3762 2014">
    <p class='ocr_par' dir='ltr' id='par_1_52' title="bbox 2157 1936 3762 2014">
     <span class='ocr_line' id='line_1_52' title="bbox 2157 1936 3762 2014; baseline -0.008 -15"><span class='ocrx_word' id='word_1_322' title='bbox 2157 1945 2463 2014; x_wconf 79' lang='grc' dir='ltr'>συλλέγειν,</span> <span class='ocrx_word' id='word_1_323' title='bbox 2499 1943 2592 1997; x_wconf 69' lang='grc' dir='ltr'><strong>καὶ</strong></span> <span class='ocrx_word' id='word_1_324' title='bbox 2623 1943 2681 1995; x_wconf 87' lang='grc' dir='ltr'><strong>ἐν</strong></span> <span class='ocrx_word' id='word_1_325' title='bbox 2711 1940 3017 2011; x_wconf 84' lang='grc' dir='ltr'>βαλαντίοις</span> <span class='ocrx_word' id='word_1_326' title='bbox 3047 1938 3395 1993; x_wconf 82' lang='grc' dir='ltr'>ἀποτιθέναι·</span> <span class='ocrx_word' id='word_1_327' title='bbox 3425 1936 3484 1989; x_wconf 83' lang='grc' dir='ltr'>ὃν</span> <span class='ocrx_word' id='word_1_328' title='bbox 3508 1938 3543 2005; x_wconf 82' lang='grc' dir='ltr'>ἡ</span> <span class='ocrx_word' id='word_1_329' title='bbox 3574 1936 3762 2005; x_wconf 80' lang='grc' dir='ltr'>ἐγρή-</span> 
     </span>
    </p>
   </div>
   <div class='ocr_carea' id='block_1_53' title="bbox 2155 2026 3760 2110">
    <p class='ocr_par' dir='ltr' id='par_1_53' title="bbox 2155 2026 3760 2110">
     <span class='ocr_line' id='line_1_53' title="bbox 2155 2026 3760 2110; baseline -0.007 -21"><span class='ocrx_word' id='word_1_330' title='bbox 2155 2050 2345 2107; x_wconf 80' lang='grc' dir='ltr'>γορσις</span> <span class='ocrx_word' id='word_1_331' title='bbox 2374 2034 2657 2099; x_wconf 85' lang='grc' dir='ltr'>δοκοῦντα,</span> <span class='ocrx_word' id='word_1_332' title='bbox 2688 2033 2782 2086; x_wconf 69' lang='grc' dir='ltr'>καὶ</span> <span class='ocrx_word' id='word_1_333' title='bbox 2809 2035 2875 2110; x_wconf 85' lang='grc' dir='ltr'><strong>ἐκ</strong></span> <span class='ocrx_word' id='word_1_334' title='bbox 2899 2030 3165 2100; x_wconf 71' lang='grc' dir='ltr'>δοκούσης</span> <span class='ocrx_word' id='word_1_335' title='bbox 3197 2029 3514 2099; x_wconf 73' lang='grc' dir='ltr'>ἀφελομένη</span> <span class='ocrx_word' id='word_1_336' title='bbox 3538 2026 3760 2098; x_wconf 75' lang='grc' dir='ltr'>χειρὸς,</span> 
     </span>
    </p>
   </div>
   <div class='ocr_carea' id='block_1_54' title="bbox 2155 2120 3764 2198">
    <p class='ocr_par' dir='ltr' id='par_1_54' title="bbox 2155 2120 3764 2198">
     <span class='ocr_line' id='line_1_54' title="bbox 2155 2120 3764 2198; baseline -0.006 -17"><span class='ocrx_word' id='word_1_337' title='bbox 2155 2128 2336 2198; x_wconf 82' lang='grc' dir='ltr'>ἁληθῆ</span> <span class='ocrx_word' id='word_1_338' title='bbox 2380 2128 2482 2197; x_wconf 77' lang='grc' dir='ltr'><strong>τὴν</strong></span> <span class='ocrx_word' id='word_1_339' title='bbox 2529 2126 2597 2179; x_wconf 79' lang='grc' dir='ltr'>δι’</span> <span class='ocrx_word' id='word_1_340' title='bbox 2652 2124 2957 2196; x_wconf 82' lang='grc' dir='ltr'>ἀποτυχίαν</span> <span class='ocrx_word' id='word_1_341' title='bbox 2986 2124 3138 2194; x_wconf 81' lang='grc' dir='ltr'>αὐτῷ</span> <span class='ocrx_word' id='word_1_342' title='bbox 3183 2122 3444 2192; x_wconf 78' lang='grc' dir='ltr'>καθάπερ</span> <span class='ocrx_word' id='word_1_343' title='bbox 3475 2120 3636 2191; x_wconf 83' lang='grc' dir='ltr'>βέλος</span> <span class='ocrx_word' id='word_1_344' title='bbox 3671 2121 3764 2172; x_wconf 83' lang='grc' dir='ltr'>ἐν-</span> 
     </span>
    </p>
   </div>
   <div class='ocr_carea' id='block_1_55' title="bbox 2155 2204 2781 2295">
    <p class='ocr_par' dir='ltr' id='par_1_55' title="bbox 2155 2204 2781 2295">
     <span class='ocr_line' id='line_1_55' title="bbox 2155 2204 2781 2295; baseline -0.01 -19"><span class='ocrx_word' id='word_1_345' title='bbox 2155 2223 2344 2295; x_wconf 81' lang='grc' dir='ltr'>έπειρε</span> <span class='ocrx_word' id='word_1_346' title='bbox 2375 2206 2574 2291; x_wconf 80' lang='grc' dir='ltr'>λύπην.</span> <span class='ocrx_word' id='word_1_347' title='bbox 2763 2204 2781 2220; x_wconf 68' lang='grc'><em>’</em></span> 
     </span>
    </p>
   </div>
   <div class='ocr_carea' id='block_1_56' title="bbox 2229 2393 3756 2478">
    <p class='ocr_par' dir='ltr' id='par_1_56' title="bbox 2229 2393 3756 2478">
     <span class='ocr_line' id='line_1_56' title="bbox 2229 2393 3756 2478; baseline -0.009 -17"><span class='ocrx_word' id='word_1_348' title='bbox 2229 2408 2339 2463; x_wconf 71' lang='grc' dir='ltr'>Καὶ</span> <span class='ocrx_word' id='word_1_349' title='bbox 2363 2406 2538 2462; x_wconf 77' lang='grc' dir='ltr'>ταῦτα</span> <span class='ocrx_word' id='word_1_350' title='bbox 2567 2404 2667 2478; x_wconf 78' lang='grc' dir='ltr'><strong>μὲν</strong></span> <span class='ocrx_word' id='word_1_351' title='bbox 2693 2405 2725 2477; x_wconf 81' lang='grc' dir='ltr'><strong>ἡ</strong></span> <span class='ocrx_word' id='word_1_352' title='bbox 2753 2398 3044 2476; x_wconf 74' lang='grc' dir='ltr'>νυκτερινὴ</span> <span class='ocrx_word' id='word_1_353' title='bbox 3074 2398 3349 2471; x_wconf 80' lang='grc' dir='ltr'>φαντασία</span> <span class='ocrx_word' id='word_1_354' title='bbox 3373 2398 3468 2452; x_wconf 70' lang='grc' dir='ltr'><strong>καὶ</strong></span> <span class='ocrx_word' id='word_1_355' title='bbox 3502 2393 3719 2467; x_wconf 80' lang='grc' dir='ltr'>μελέτη</span> <span class='ocrx_word' id='word_1_356' title='bbox 3740 2410 3756 2423; x_wconf 90' lang='grc'><strong>·</strong></span> 
     </span>
    </p>
   </div>
   <div class='ocr_carea' id='block_1_57' title="bbox 2157 2492 3757 2575">
    <p class='ocr_par' dir='ltr' id='par_1_57' title="bbox 2157 2492 3757 2575">
     <span class='ocr_line' id='line_1_57' title="bbox 2157 2492 3757 2575; baseline -0.011 -16"><span class='ocrx_word' id='word_1_357' title='bbox 2157 2505 2224 2559; x_wconf 72' lang='grc' dir='ltr'>τὰ</span> <span class='ocrx_word' id='word_1_358' title='bbox 2250 2505 2307 2558; x_wconf 83' lang='grc' dir='ltr'><strong>δέ</strong></span> <span class='ocrx_word' id='word_1_359' title='bbox 2334 2503 2455 2575; x_wconf 82' lang='grc' dir='ltr'>μεθ’</span> <span class='ocrx_word' id='word_1_360' title='bbox 2498 2502 2717 2573; x_wconf 73' lang='grc' dir='ltr'>ἡμέραν</span> <span class='ocrx_word' id='word_1_361' title='bbox 2752 2501 2987 2572; x_wconf 63' lang='grc' dir='ltr'>ἀνιαρόν</span> <span class='ocrx_word' id='word_1_362' title='bbox 3033 2496 3322 2570; x_wconf 77' lang='grc' dir='ltr'>τραπέζης</span> <span class='ocrx_word' id='word_1_363' title='bbox 3359 2492 3503 2564; x_wconf 76' lang='grc' dir='ltr'>φημὶ</span> <span class='ocrx_word' id='word_1_364' title='bbox 3544 2493 3757 2545; x_wconf 76' lang='grc' dir='ltr'>Λακω-</span> 
     </span>
    </p>
   </div>
   <div class='ocr_carea' id='block_1_58' title="bbox 2157 2582 3760 2669">
    <p class='ocr_par' dir='ltr' id='par_1_58' title="bbox 2157 2582 3760 2669">
     <span class='ocr_line' id='line_1_58' title="bbox 2157 2582 3760 2669; baseline -0.012 -15"><span class='ocrx_word' id='word_1_365' title='bbox 2157 2599 2316 2669; x_wconf 85' lang='grc' dir='ltr'>νικῆς</span> <span class='ocrx_word' id='word_1_366' title='bbox 2350 2596 2712 2667; x_wconf 84' lang='grc' dir='ltr'>παρασκευήν</span> <span class='ocrx_word' id='word_1_367' title='bbox 2734 2613 2745 2626; x_wconf 91' lang='grc'><strong>·</strong></span> <span class='ocrx_word' id='word_1_368' title='bbox 2776 2593 3033 2648; x_wconf 78' lang='grc' dir='ltr'>ἑκουσίαν</span> <span class='ocrx_word' id='word_1_369' title='bbox 3064 2610 3121 2645; x_wconf 90' lang='grc' dir='ltr'><strong>τε</strong></span> <span class='ocrx_word' id='word_1_370' title='bbox 3176 2590 3362 2644; x_wconf 85' lang='grc' dir='ltr'>σιτίων</span> <span class='ocrx_word' id='word_1_371' title='bbox 3393 2586 3621 2652; x_wconf 78' lang='grc' dir='ltr'>σπάνιν,</span> <span class='ocrx_word' id='word_1_372' title='bbox 3661 2582 3760 2637; x_wconf 69' lang='grc' dir='ltr'><strong>καὶ</strong></span> 
     </span>
    </p>
   </div>
   <div class='ocr_carea' id='block_1_59' title="bbox 2157 2675 3755 2761">
    <p class='ocr_par' dir='ltr' id='par_1_59' title="bbox 2157 2675 3755 2761">
     <span class='ocr_line' id='line_1_59' title="bbox 2157 2675 3755 2761; baseline -0.009 -15"><span class='ocrx_word' id='word_1_373' title='bbox 2157 2690 2387 2746; x_wconf 80' lang='grc' dir='ltr'>οἰκετῶν</span> <span class='ocrx_word' id='word_1_374' title='bbox 2417 2690 2870 2761; x_wconf 71' lang='grc' dir='ltr'>λιμαγχονήσεις,</span> <span class='ocrx_word' id='word_1_375' title='bbox 2897 2688 2992 2740; x_wconf 65' lang='grc' dir='ltr'><strong>καὶ</strong></span> <span class='ocrx_word' id='word_1_376' title='bbox 3019 2686 3270 2756; x_wconf 81' lang='grc' dir='ltr'>πενήτων</span> <span class='ocrx_word' id='word_1_377' title='bbox 3298 2681 3433 2751; x_wconf 81' lang='grc' dir='ltr'>πρὸς</span> <span class='ocrx_word' id='word_1_378' title='bbox 3461 2679 3540 2748; x_wconf 83' lang='grc' dir='ltr'><strong>τῷ</strong></span> <span class='ocrx_word' id='word_1_379' title='bbox 3578 2677 3662 2749; x_wconf 76' lang='grc' dir='ltr'>μὴ</span> <span class='ocrx_word' id='word_1_380' title='bbox 3687 2675 3755 2731; x_wconf 74' lang='grc' dir='ltr'><strong>εὖ</strong></span> 
     </span>
    </p>
   </div>
   <div class='ocr_carea' id='block_1_60' title="bbox 2159 2773 3758 2852">
    <p class='ocr_par' dir='ltr' id='par_1_60' title="bbox 2159 2773 3758 2852">
     <span class='ocr_line' id='line_1_60' title="bbox 2159 2773 3758 2852; baseline -0.009 -14"><span class='ocrx_word' id='word_1_381' title='bbox 2159 2782 2512 2847; x_wconf 72' lang='grc' dir='ltr'>πεπονθέναι,</span> <span class='ocrx_word' id='word_1_382' title='bbox 2547 2781 2839 2852; x_wconf 82' lang='grc' dir='ltr'>δεομένων,</span> <span class='ocrx_word' id='word_1_383' title='bbox 2864 2778 2984 2849; x_wconf 82' lang='grc' dir='ltr'>μεθ’</span> <span class='ocrx_word' id='word_1_384' title='bbox 3018 2777 3231 2848; x_wconf 76' lang='grc' dir='ltr'>ὖῦρεως</span> <span class='ocrx_word' id='word_1_385' title='bbox 3263 2778 3359 2828; x_wconf 75' lang='grc' dir='ltr'><strong>καὶ</strong></span> <span class='ocrx_word' id='word_1_386' title='bbox 3389 2774 3577 2835; x_wconf 78' lang='grc' dir='ltr'>αἰκίας</span> <span class='ocrx_word' id='word_1_387' title='bbox 3608 2773 3758 2825; x_wconf 82' lang='grc' dir='ltr'>ἁπο-</span> 
     </span>
    </p>
   </div>
   <div class='ocr_carea' id='block_1_61' title="bbox 2159 2860 3758 2944">
    <p class='ocr_par' dir='ltr' id='par_1_61' title="bbox 2159 2860 3758 2944">
     <span class='ocr_line' id='line_1_61' title="bbox 2159 2860 3758 2944; baseline -0.009 -16"><span class='ocrx_word' id='word_1_388' title='bbox 2159 2874 2449 2944; x_wconf 74' lang='grc' dir='ltr'>σοϐησεις’</span> <span class='ocrx_word' id='word_1_389' title='bbox 2486 2873 2608 2941; x_wconf 79' lang='grc' dir='ltr'>τάχ’</span> <span class='ocrx_word' id='word_1_390' title='bbox 2659 2871 2725 2924; x_wconf 74' lang='grc' dir='ltr'><strong>ἂν</strong></span> <span class='ocrx_word' id='word_1_391' title='bbox 2766 2870 2927 2933; x_wconf 72' lang='grc' dir='ltr'>αὐτὸς</span> <span class='ocrx_word' id='word_1_392' title='bbox 2973 2869 3093 2923; x_wconf 86' lang='grc' dir='ltr'>κατ’</span> <span class='ocrx_word' id='word_1_393' title='bbox 3140 2868 3300 2932; x_wconf 81' lang='grc' dir='ltr'>ἀξίαν</span> <span class='ocrx_word' id='word_1_394' title='bbox 3329 2865 3678 2935; x_wconf 80' lang='grc' dir='ltr'>διηγήσαιτο,</span> <span class='ocrx_word' id='word_1_395' title='bbox 3722 2860 3758 2930; x_wconf 82' lang='grc' dir='ltr'><strong>ἧ</strong></span> 
     </span>
    </p>
   </div>
   <div class='ocr_carea' id='block_1_62' title="bbox 2158 2952 3761 3034">
    <p class='ocr_par' dir='ltr' id='par_1_62' title="bbox 2158 2952 3761 3034">
     <span class='ocr_line' id='line_1_62' title="bbox 2158 2952 3761 3034; baseline -0.011 -13"><span class='ocrx_word' id='word_1_396' title='bbox 2158 2967 2252 3021; x_wconf 75' lang='grc' dir='ltr'>καὶ</span> <span class='ocrx_word' id='word_1_397' title='bbox 2275 2964 2601 3031; x_wconf 73' lang='grc' dir='ltr'>ἐπιδείξειεν</span> <span class='ocrx_word' id='word_1_398' title='bbox 2633 2963 2815 3034; x_wconf 71' lang='grc' dir='ltr'>ἔργοις</span> <span class='ocrx_word' id='word_1_399' title='bbox 2857 2963 3061 3027; x_wconf 69' lang='grc' dir='ltr'>αὐτοῖς,</span> <span class='ocrx_word' id='word_1_400' title='bbox 3093 2962 3192 3030; x_wconf 75' lang='grc' dir='ltr'><strong>τὴν</strong></span> <span class='ocrx_word' id='word_1_401' title='bbox 3220 2958 3429 3011; x_wconf 75' lang='grc' dir='ltr'>οἰκείαν</span> <span class='ocrx_word' id='word_1_402' title='bbox 3464 2952 3761 3024; x_wconf 78' lang='grc' dir='ltr'>παριστῶν</span> 
     </span>
    </p>
   </div>
   <div class='ocr_carea' id='block_1_63' title="bbox 2162 3042 3761 3131">
    <p class='ocr_par' dir='ltr' id='par_1_63' title="bbox 2162 3042 3761 3131">
     <span class='ocr_line' id='line_1_63' title="bbox 2162 3042 3761 3131; baseline -0.01 -19"><span class='ocrx_word' id='word_1_403' title='bbox 2162 3058 2489 3131; x_wconf 85' lang='grc' dir='ltr'>μοχθηρίαν.</span> <span class='ocrx_word' id='word_1_404' title='bbox 2533 3057 2694 3126; x_wconf 82' lang='grc' dir='ltr'>Ἡμῖν</span> <span class='ocrx_word' id='word_1_405' title='bbox 2738 3054 2890 3124; x_wconf 75' lang='grc' dir='ltr'>γοῦν,</span> <span class='ocrx_word' id='word_1_406' title='bbox 2939 3052 3117 3107; x_wconf 80' lang='grc' dir='ltr'>καίτοι</span> <span class='ocrx_word' id='word_1_407' title='bbox 3151 3050 3361 3120; x_wconf 71' lang='grc' dir='ltr'>ταύτην</span> <span class='ocrx_word' id='word_1_408' title='bbox 3409 3049 3485 3111; x_wconf 87' lang='grc' dir='ltr'>ὡς</span> <span class='ocrx_word' id='word_1_409' title='bbox 3534 3042 3655 3098; x_wconf 73' lang='grc' dir='ltr'>οἷον</span> <span class='ocrx_word' id='word_1_410' title='bbox 3696 3061 3761 3097; x_wconf 81' lang='grc' dir='ltr'><strong>τε</strong></span> 
     </span>
    </p>
   </div>
   <div class='ocr_carea' id='block_1_64' title="bbox 2164 3132 3761 3223">
    <p class='ocr_par' dir='ltr' id='par_1_64' title="bbox 2164 3132 3761 3223">
     <span class='ocr_line' id='line_1_64' title="bbox 2164 3132 3761 3223; baseline -0.011 -19"><span class='ocrx_word' id='word_1_411' title='bbox 2164 3151 2363 3223; x_wconf 79' lang='grc' dir='ltr'>μελέτῃ</span> <span class='ocrx_word' id='word_1_412' title='bbox 2396 3146 2906 3203; x_wconf 68' lang='grc' dir='ltr'>,καθυποδεικνύειν</span> <span class='ocrx_word' id='word_1_413' title='bbox 2938 3142 3290 3215; x_wconf 77' lang='grc' dir='ltr'>βουλομένοις</span> <span class='ocrx_word' id='word_1_414' title='bbox 3314 3182 3329 3207; x_wconf 89' lang='grc'><strong>,</strong></span> <span class='ocrx_word' id='word_1_415' title='bbox 3384 3142 3417 3211; x_wconf 74' lang='grc' dir='ltr'>ἡ</span> <span class='ocrx_word' id='word_1_416' title='bbox 3454 3141 3512 3191; x_wconf 87' lang='grc' dir='ltr'><strong>ἐν</strong></span> <span class='ocrx_word' id='word_1_417' title='bbox 3558 3132 3761 3207; x_wconf 66' lang='grc' dir='ltr'>χερσὶν</span> 
     </span>
    </p>
   </div>
   <div class='ocr_carea' id='block_1_65' title="bbox 2164 3230 3762 3310">
    <p class='ocr_par' dir='ltr' id='par_1_65' title="bbox 2164 3230 3762 3310">
     <span class='ocr_line' id='line_1_65' title="bbox 2164 3230 3762 3310; baseline -0.009 -16"><span class='ocrx_word' id='word_1_418' title='bbox 2164 3240 2421 3303; x_wconf 66' lang='grc' dir='ltr'>ὑπόθεσις</span> <span class='ocrx_word' id='word_1_419' title='bbox 2473 3238 2939 3310; x_wconf 81' lang='grc' dir='ltr'>παρακελεύεται,</span> <span class='ocrx_word' id='word_1_420' title='bbox 3000 3237 3130 3307; x_wconf 75' lang='grc' dir='ltr'>περὶ</span> <span class='ocrx_word' id='word_1_421' title='bbox 3175 3234 3275 3305; x_wconf 77' lang='grc' dir='ltr'>τὴν</span> <span class='ocrx_word' id='word_1_422' title='bbox 3308 3232 3515 3286; x_wconf 77' lang='grc' dir='ltr'>οἰκείαν</span> <span class='ocrx_word' id='word_1_423' title='bbox 3546 3230 3762 3283; x_wconf 72' lang='grc' dir='ltr'>νύσσαν</span> 
     </span>
    </p>
   </div>
   <div class='ocr_carea' id='block_1_66' title="bbox 2165 3314 3764 3402">
    <p class='ocr_par' dir='ltr' id='par_1_66' title="bbox 2165 3314 3764 3402">
     <span class='ocr_line' id='line_1_66' title="bbox 2165 3314 3764 3402; baseline -0.01 -14"><span class='ocrx_word' id='word_1_424' title='bbox 2165 3333 2406 3388; x_wconf 73' lang='grc' dir='ltr'>πωλικὸν</span> <span class='ocrx_word' id='word_1_425' title='bbox 2439 3314 2771 3402; x_wconf 74' lang='grc' dir='ltr'>ἐκτρέχοντα</span> <span class='ocrx_word' id='word_1_426' title='bbox 2810 3331 2901 3383; x_wconf 69' lang='grc' dir='ltr'><strong>τὶν</strong></span> <span class='ocrx_word' id='word_1_427' title='bbox 2935 3329 3095 3397; x_wconf 78' lang='grc' dir='ltr'>λόγον</span> <span class='ocrx_word' id='word_1_428' title='bbox 3139 3328 3317 3395; x_wconf 84' lang='grc' dir='ltr'>ἄγειν,</span> <span class='ocrx_word' id='word_1_429' title='bbox 3354 3328 3447 3378; x_wconf 67' lang='grc' dir='ltr'><strong>καὶ</strong></span> <span class='ocrx_word' id='word_1_430' title='bbox 3481 3323 3623 3395; x_wconf 64' lang='grc' dir='ltr'>πρὸς</span> <span class='ocrx_word' id='word_1_431' title='bbox 3663 3321 3764 3374; x_wconf 79' lang='grc' dir='ltr'><strong>τδν</strong></span> 
     </span>
    </p>
   </div>
   <div class='ocr_carea' id='block_1_67' title="bbox 2164 3415 3763 3494">
    <p class='ocr_par' dir='ltr' id='par_1_67' title="bbox 2164 3415 3763 3494">
     <span class='ocr_line' id='line_1_67' title="bbox 2164 3415 3763 3494; baseline -0.009 -16"><span class='ocrx_word' id='word_1_432' title='bbox 2164 3426 2384 3494; x_wconf 81' lang='grc' dir='ltr'>ἐκείνης</span> <span class='ocrx_word' id='word_1_433' title='bbox 2416 3422 2605 3476; x_wconf 76' lang='grc' dir='ltr'>τοῦτον</span> <span class='ocrx_word' id='word_1_434' title='bbox 2646 3421 2978 3475; x_wconf 76' lang='grc' dir='ltr'>ἀπευθύνειν</span> <span class='ocrx_word' id='word_1_435' title='bbox 3016 3420 3247 3490; x_wconf 75' lang='grc' dir='ltr'>δρόμον·</span> <span class='ocrx_word' id='word_1_436' title='bbox 3289 3418 3347 3482; x_wconf 82' lang='grc' dir='ltr'>ὃς</span> <span class='ocrx_word' id='word_1_437' title='bbox 3384 3415 3476 3469; x_wconf 74' lang='grc' dir='ltr'><strong>καὶ</strong></span> <span class='ocrx_word' id='word_1_438' title='bbox 3505 3416 3763 3482; x_wconf 81' lang='grc' dir='ltr'>ἀνυπερ-</span> 
     </span>
    </p>
   </div>
   <div class='ocr_carea' id='block_1_68' title="bbox 2167 3512 3211 3583">
    <p class='ocr_par' dir='ltr' id='par_1_68' title="bbox 2167 3512 3211 3583">
     <span class='ocr_line' id='line_1_68' title="bbox 2167 3512 3211 3583; baseline -0.007 -13"><span class='ocrx_word' id='word_1_439' title='bbox 2167 3517 2337 3579; x_wconf 86' lang='grc' dir='ltr'>θέτως</span> <span class='ocrx_word' id='word_1_440' title='bbox 2366 3518 2477 3578; x_wconf 86' lang='grc' dir='ltr'>τοῖς</span> <span class='ocrx_word' id='word_1_441' title='bbox 2504 3515 2704 3583; x_wconf 77' lang='grc' dir='ltr'>ἐφεξῆς</span> <span class='ocrx_word' id='word_1_442' title='bbox 2735 3513 2905 3583; x_wconf 76' lang='grc' dir='ltr'>αὐτῆς</span> <span class='ocrx_word' id='word_1_443' title='bbox 2931 3512 3211 3581; x_wconf 69' lang='grc' dir='ltr'>ἐφέψεται.</span> 
     </span>
    </p>
   </div>
   <div class='ocr_carea' id='block_1_69' title="bbox 479 3601 3767 3685">
    <p class='ocr_par' dir='ltr' id='par_1_69' title="bbox 479 3601 3767 3685">
     <span class='ocr_line' id='line_1_69' title="bbox 479 3601 3767 3685; baseline -0.002 -24"><span class='ocrx_word' id='word_1_444' title='bbox 479 3624 692 3662; x_wconf 86' lang='lat' dir='ltr'><strong>monent</strong></span> <span class='ocrx_word' id='word_1_445' title='bbox 721 3608 849 3676; x_wconf 89' lang='lat' dir='ltr'><strong>pulli</strong></span> <span class='ocrx_word' id='word_1_446' title='bbox 877 3608 1050 3661; x_wconf 87' lang='lat' dir='ltr'><strong>instar</strong></span> <span class='ocrx_word' id='word_1_447' title='bbox 1076 3614 1396 3676; x_wconf 81' lang='lat' dir='ltr'><strong>evagantem</strong></span> <span class='ocrx_word' id='word_1_448' title='bbox 1421 3645 1437 3671; x_wconf 92' lang='lat'><strong>,</strong></span> <span class='ocrx_word' id='word_1_449' title='bbox 1461 3607 1527 3659; x_wconf 91' lang='lat' dir='ltr'><strong>ad</strong></span> <span class='ocrx_word' id='word_1_450' title='bbox 1557 3615 1756 3659; x_wconf 88' lang='lat' dir='ltr'><strong>metam</strong></span> <span class='ocrx_word' id='word_1_451' title='bbox 1791 3608 2067 3677; x_wconf 89' lang='lat' dir='ltr'><strong>propriam</strong></span> <span class='ocrx_word' id='word_1_452' title='bbox 2106 3613 2454 3679; x_wconf 88' lang='lat' dir='ltr'><strong>reducamus,</strong></span> <span class='ocrx_word' id='word_1_453' title='bbox 2488 3664 2495 3685; x_wconf 43' lang='grc' dir='ltr'><strong>η</strong></span> <span class='ocrx_word' id='word_1_454' title='bbox 2523 3612 2748 3679; x_wconf 86' lang='lat' dir='ltr'><strong>ejusque</strong></span> <span class='ocrx_word' id='word_1_455' title='bbox 2775 3610 2841 3663; x_wconf 85' lang='lat' dir='ltr'><strong>ad</strong></span> <span class='ocrx_word' id='word_1_456' title='bbox 2897 3622 3019 3661; x_wconf 83' lang='lat' dir='ltr'><strong>eam</strong></span> <span class='ocrx_word' id='word_1_457' title='bbox 3050 3607 3348 3677; x_wconf 74' lang='lat' dir='ltr'><strong>dirigamus</strong></span> <span class='ocrx_word' id='word_1_458' title='bbox 3372 3617 3629 3665; x_wconf 89' lang='lat' dir='ltr'><strong>cursum;</strong></span> <span class='ocrx_word' id='word_1_459' title='bbox 3670 3601 3767 3654; x_wconf 84' lang='lat' dir='ltr'><strong>iis-</strong></span> 
     </span>
    </p>
   </div>
   <div class='ocr_carea' id='block_1_70' title="bbox 477 3697 1712 3773">
    <p class='ocr_par' dir='ltr' id='par_1_70' title="bbox 477 3697 1712 3773">
     <span class='ocr_line' id='line_1_70' title="bbox 477 3697 1712 3773; baseline -0.002 -21"><span class='ocrx_word' id='word_1_460' title='bbox 477 3719 584 3773; x_wconf 88' lang='lat' dir='ltr'><strong>que</strong></span> <span class='ocrx_word' id='word_1_461' title='bbox 615 3702 702 3756; x_wconf 87' lang='lat' dir='ltr'><strong>ille</strong></span> <span class='ocrx_word' id='word_1_462' title='bbox 750 3700 893 3761; x_wconf 80' lang='lat' dir='ltr'><strong>nulla</strong></span> <span class='ocrx_word' id='word_1_463' title='bbox 920 3700 1175 3767; x_wconf 78' lang='lat' dir='ltr'><strong>deinceps</strong></span> <span class='ocrx_word' id='word_1_464' title='bbox 1196 3697 1452 3751; x_wconf 90' lang='lat' dir='ltr'><strong>dilatione</strong></span> <span class='ocrx_word' id='word_1_465' title='bbox 1481 3697 1712 3752; x_wconf 88' lang='lat' dir='ltr'><strong>insistet.</strong></span> 
     </span>
    </p>
   </div>
   <div class='ocr_carea' id='block_1_71' title="bbox 551 3792 2061 3864">
    <p class='ocr_par' dir='ltr' id='par_1_71' title="bbox 551 3792 2061 3864">
     <span class='ocr_line' id='line_1_71' title="bbox 551 3792 2061 3864; baseline -0.002 -13"><span class='ocrx_word' id='word_1_466' title='bbox 551 3797 685 3851; x_wconf 90' lang='lat' dir='ltr'><strong>Cum</strong></span> <span class='ocrx_word' id='word_1_467' title='bbox 729 3795 915 3864; x_wconf 87' lang='lat' dir='ltr'><strong>itaque</strong></span> <span class='ocrx_word' id='word_1_468' title='bbox 968 3792 1221 3846; x_wconf 72' lang='lat' dir='ltr'><strong>veritatis</strong></span> <span class='ocrx_word' id='word_1_469' title='bbox 1278 3800 1579 3856; x_wconf 89' lang='lat' dir='ltr'><strong>amatores,</strong></span> <span class='ocrx_word' id='word_1_470' title='bbox 1613 3806 1907 3861; x_wconf 71' lang='lat' dir='ltr'><strong>auremque</strong></span> <span class='ocrx_word' id='word_1_471' title='bbox 1948 3795 2061 3850; x_wconf 81' lang='lat' dir='ltr'><strong>vir-</strong></span> 
     </span>
    </p>
   </div>
   <div class='ocr_carea' id='block_1_72' title="bbox 489 3876 2065 3959">
    <p class='ocr_par' dir='ltr' id='par_1_72' title="bbox 489 3876 2065 3959">
     <span class='ocr_line' id='line_1_72' title="bbox 489 3876 2065 3959; baseline -0.003 -16"><span class='ocrx_word' id='word_1_472' title='bbox 489 3891 623 3944; x_wconf 92' lang='lat' dir='ltr'><strong>tutis</strong></span> <span class='ocrx_word' id='word_1_473' title='bbox 677 3896 1017 3959; x_wconf 81' lang='lat' dir='ltr'><strong>mercatores</strong></span> <span class='ocrx_word' id='word_1_474' title='bbox 1074 3884 1371 3956; x_wconf 78' lang='lat' dir='ltr'><strong>Anargyri,</strong></span> <span class='ocrx_word' id='word_1_475' title='bbox 1429 3876 1709 3954; x_wconf 70' lang='lat' dir='ltr'><strong>sapienter</strong></span> <span class='ocrx_word' id='word_1_476' title='bbox 1751 3886 2065 3950; x_wconf 86' lang='lat' dir='ltr'><strong>admodum,</strong></span> 
     </span>
    </p>
   </div>
   <div class='ocr_carea' id='block_1_73' title="bbox 484 3978 2071 4051">
    <p class='ocr_par' dir='ltr' id='par_1_73' title="bbox 484 3978 2071 4051">
     <span class='ocr_line' id='line_1_73' title="bbox 484 3978 2071 4051; baseline -0.002 -16"><span class='ocrx_word' id='word_1_477' title='bbox 484 3981 803 4051; x_wconf 87' lang='lat' dir='ltr'><strong>cupidorum</strong></span> <span class='ocrx_word' id='word_1_478' title='bbox 838 3978 1126 4033; x_wconf 89' lang='lat' dir='ltr'><strong>hominum</strong></span> <span class='ocrx_word' id='word_1_479' title='bbox 1162 3986 1417 4029; x_wconf 87' lang='lat' dir='ltr'><strong>naturam</strong></span> <span class='ocrx_word' id='word_1_480' title='bbox 1471 3978 1838 4048; x_wconf 81' lang='lat' dir='ltr'><strong>captivantem</strong></span> <span class='ocrx_word' id='word_1_481' title='bbox 1892 3978 2071 4032; x_wconf 84' lang='lat' dir='ltr'><strong>avari-</strong></span> 
     </span>
    </p>
   </div>
   <div class='ocr_carea' id='block_1_74' title="bbox 484 4066 2091 4139">
    <p class='ocr_par' dir='ltr' id='par_1_74' title="bbox 484 4066 2091 4139">
     <span class='ocr_line' id='line_1_74' title="bbox 484 4066 2091 4139; baseline -0.004 -11"><span class='ocrx_word' id='word_1_482' title='bbox 484 4074 642 4137; x_wconf 89' lang='lat' dir='ltr'><strong>tiam,</strong></span> <span class='ocrx_word' id='word_1_483' title='bbox 674 4069 1080 4139; x_wconf 76' lang='lat' dir='ltr'><strong>cognovissent,</strong></span> <span class='ocrx_word' id='word_1_484' title='bbox 1117 4081 1145 4120; x_wconf 88' lang='lat' dir='ltr'><strong>a</strong></span> <span class='ocrx_word' id='word_1_485' title='bbox 1205 4066 1320 4121; x_wconf 91' lang='lat' dir='ltr'><strong>suis</strong></span> <span class='ocrx_word' id='word_1_486' title='bbox 1355 4066 1615 4120; x_wconf 87' lang='lat' dir='ltr'><strong>radicitus</strong></span> <span class='ocrx_word' id='word_1_487' title='bbox 1662 4066 1862 4120; x_wconf 83' lang='lat' dir='ltr'><strong>animis</strong></span> <span class='ocrx_word' id='word_1_488' title='bbox 1920 4068 2091 4121; x_wconf 77' lang='lat' dir='ltr'><strong>aud--</strong></span> 
     </span>
    </p>
   </div>
   <div class='ocr_carea' id='block_1_75' title="bbox 485 4159 2069 4232">
    <p class='ocr_par' dir='ltr' id='par_1_75' title="bbox 485 4159 2069 4232">
     <span class='ocr_line' id='line_1_75' title="bbox 485 4159 2069 4232; baseline -0.006 -12"><span class='ocrx_word' id='word_1_489' title='bbox 485 4176 699 4230; x_wconf 87' lang='lat' dir='ltr'><strong>serunt,</strong></span> <span class='ocrx_word' id='word_1_490' title='bbox 735 4179 948 4232; x_wconf 88' lang='lat' dir='ltr'><strong>unaque</strong></span> <span class='ocrx_word' id='word_1_491' title='bbox 983 4177 1107 4217; x_wconf 88' lang='lat' dir='ltr'><strong>cum</strong></span> <span class='ocrx_word' id='word_1_492' title='bbox 1141 4161 1228 4214; x_wconf 89' lang='lat' dir='ltr'><strong>illa</strong></span> <span class='ocrx_word' id='word_1_493' title='bbox 1289 4159 1555 4214; x_wconf 89' lang='lat' dir='ltr'><strong>malorum</strong></span> <span class='ocrx_word' id='word_1_494' title='bbox 1589 4174 1818 4214; x_wconf 81' lang='lat' dir='ltr'><strong>examen</strong></span> <span class='ocrx_word' id='word_1_495' title='bbox 1870 4159 2069 4213; x_wconf 84' lang='lat' dir='ltr'><strong>exstir-</strong></span> 
     </span>
    </p>
   </div>
   <div class='ocr_carea' id='block_1_76' title="bbox 482 4252 2062 4330">
    <p class='ocr_par' dir='ltr' id='par_1_76' title="bbox 482 4252 2062 4330">
     <span class='ocr_line' id='line_1_76' title="bbox 482 4252 2062 4330; baseline -0.003 -21"><span class='ocrx_word' id='word_1_496' title='bbox 482 4270 713 4330; x_wconf 75' lang='lat' dir='ltr'><strong>parunt;</strong></span> <span class='ocrx_word' id='word_1_497' title='bbox 772 4256 1008 4311; x_wconf 88' lang='lat' dir='ltr'><strong>alienam</strong></span> <span class='ocrx_word' id='word_1_498' title='bbox 1062 4270 1090 4309; x_wconf 71' lang='grc' dir='ltr'><strong>ε</strong></span> <span class='ocrx_word' id='word_1_499' title='bbox 1147 4256 1359 4309; x_wconf 90' lang='lat' dir='ltr'><strong>ratione</strong></span> <span class='ocrx_word' id='word_1_500' title='bbox 1402 4254 1796 4325; x_wconf 85' lang='lat' dir='ltr'><strong>cupiditatem,</strong></span> <span class='ocrx_word' id='word_1_501' title='bbox 1840 4252 2062 4307; x_wconf 88' lang='lat' dir='ltr'><strong>feraleut</strong></span> 
     </span>
    </p>
   </div>
   <div class='ocr_carea' id='block_1_77' title="bbox 486 4346 2063 4420">
    <p class='ocr_par' dir='ltr' id='par_1_77' title="bbox 486 4346 2063 4420">
     <span class='ocr_line' id='line_1_77' title="bbox 486 4346 2063 4420; baseline -0.006 -13"><span class='ocrx_word' id='word_1_502' title='bbox 486 4357 662 4416; x_wconf 88' lang='lat' dir='ltr'><strong>iram,</strong></span> <span class='ocrx_word' id='word_1_503' title='bbox 718 4350 1059 4420; x_wconf 60' lang='lat' dir='ltr'><strong>voluptatum</strong></span> <span class='ocrx_word' id='word_1_504' title='bbox 1120 4346 1481 4420; x_wconf 84' lang='lat' dir='ltr'><strong>tyrannidem.</strong></span> <span class='ocrx_word' id='word_1_505' title='bbox 1531 4346 1825 4401; x_wconf 87' lang='lat' dir='ltr'><strong>Snecidere</strong></span> <span class='ocrx_word' id='word_1_506' title='bbox 1860 4346 2063 4413; x_wconf 86' lang='lat' dir='ltr'><strong>pariter</strong></span> 
     </span>
    </p>
   </div>
   <div class='ocr_carea' id='block_1_78' title="bbox 484 4437 2064 4515">
    <p class='ocr_par' dir='ltr' id='par_1_78' title="bbox 484 4437 2064 4515">
     <span class='ocr_line' id='line_1_78' title="bbox 484 4437 2064 4515; baseline -0.007 -13"><span class='ocrx_word' id='word_1_507' title='bbox 484 4446 661 4502; x_wconf 87' lang='lat' dir='ltr'><strong>inanis</strong></span> <span class='ocrx_word' id='word_1_508' title='bbox 698 4445 884 4515; x_wconf 76' lang='lat' dir='ltr'><strong>gloriae</strong></span> <span class='ocrx_word' id='word_1_509' title='bbox 934 4454 1234 4507; x_wconf 88' lang='lat' dir='ltr'><strong>tumorem;</strong></span> <span class='ocrx_word' id='word_1_510' title='bbox 1277 4441 1529 4493; x_wconf 79' lang='lat' dir='ltr'><strong>vitiosam</strong></span> <span class='ocrx_word' id='word_1_511' title='bbox 1560 4440 1766 4493; x_wconf 90' lang='lat' dir='ltr'><strong>amoris</strong></span> <span class='ocrx_word' id='word_1_512' title='bbox 1812 4438 1895 4491; x_wconf 85' lang='lat' dir='ltr'><strong>sui</strong></span> <span class='ocrx_word' id='word_1_513' title='bbox 1934 4437 2064 4491; x_wconf 72' lang='lat' dir='ltr'><strong>atie-</strong></span> 
     </span>
    </p>
   </div>
   <div class='ocr_carea' id='block_1_79' title="bbox 2236 3785 3769 3873">
    <p class='ocr_par' dir='ltr' id='par_1_79' title="bbox 2236 3785 3769 3873">
     <span class='ocr_line' id='line_1_79' title="bbox 2236 3785 3769 3873; baseline -0.009 -20"><span class='ocrx_word' id='word_1_514' title='bbox 2236 3800 2350 3873; x_wconf 73' lang='grc' dir='ltr'>Τὴν</span> <span class='ocrx_word' id='word_1_515' title='bbox 2382 3796 2753 3870; x_wconf 77' lang='grc' dir='ltr'>φιλαργυρίαν</span> <span class='ocrx_word' id='word_1_516' title='bbox 2780 3794 2963 3848; x_wconf 82' lang='grc' dir='ltr'>τοίνυν</span> <span class='ocrx_word' id='word_1_517' title='bbox 3012 3793 3114 3863; x_wconf 80' lang='grc' dir='ltr'>τὴν</span> <span class='ocrx_word' id='word_1_518' title='bbox 3148 3790 3259 3845; x_wconf 88' lang='grc' dir='ltr'><strong>τῶν</strong></span> <span class='ocrx_word' id='word_1_519' title='bbox 3298 3788 3497 3859; x_wconf 87' lang='grc' dir='ltr'>λίχνων</span> <span class='ocrx_word' id='word_1_520' title='bbox 3542 3785 3769 3860; x_wconf 79' lang='grc' dir='ltr'>ἀνθρώ-</span> 
     </span>
    </p>
   </div>
   <div class='ocr_carea' id='block_1_80' title="bbox 2166 3881 3766 3961">
    <p class='ocr_par' dir='ltr' id='par_1_80' title="bbox 2166 3881 3766 3961">
     <span class='ocr_line' id='line_1_80' title="bbox 2166 3881 3766 3961; baseline -0.009 -15"><span class='ocrx_word' id='word_1_521' title='bbox 2166 3910 2284 3946; x_wconf 88' lang='grc' dir='ltr'><strong>πων</strong></span> <span class='ocrx_word' id='word_1_522' title='bbox 2318 3890 2685 3961; x_wconf 84' lang='grc' dir='ltr'>δουλουμένην</span> <span class='ocrx_word' id='word_1_523' title='bbox 2737 3887 2923 3959; x_wconf 84' lang='grc' dir='ltr'>φύσιν,</span> <span class='ocrx_word' id='word_1_524' title='bbox 2962 3887 3013 3939; x_wconf 80' lang='grc' dir='ltr'>υἱ</span> <span class='ocrx_word' id='word_1_525' title='bbox 3051 3886 3150 3957; x_wconf 84' lang='grc' dir='ltr'>τῆς</span> <span class='ocrx_word' id='word_1_526' title='bbox 3186 3882 3443 3953; x_wconf 81' lang='grc' dir='ltr'>ἀληθείας</span> <span class='ocrx_word' id='word_1_527' title='bbox 3498 3881 3766 3951; x_wconf 78' lang='grc' dir='ltr'>ἐρασταὶ,</span> 
     </span>
    </p>
   </div>
   <div class='ocr_carea' id='block_1_81' title="bbox 2169 3970 3766 4052">
    <p class='ocr_par' dir='ltr' id='par_1_81' title="bbox 2169 3970 3766 4052">
     <span class='ocr_line' id='line_1_81' title="bbox 2169 3970 3766 4052; baseline -0.007 -17"><span class='ocrx_word' id='word_1_528' title='bbox 2169 3983 2266 4037; x_wconf 76' lang='grc' dir='ltr'>καὶ</span> <span class='ocrx_word' id='word_1_529' title='bbox 2293 3982 2393 4052; x_wconf 83' lang='grc' dir='ltr'>τῆς</span> <span class='ocrx_word' id='word_1_530' title='bbox 2418 3981 2627 4051; x_wconf 81' lang='grc' dir='ltr'>χρυσῆς</span> <span class='ocrx_word' id='word_1_531' title='bbox 2645 3978 2850 4051; x_wconf 77' lang='grc' dir='ltr'>ἀρετῆς</span> <span class='ocrx_word' id='word_1_532' title='bbox 2870 3976 3127 4047; x_wconf 74' lang='grc' dir='ltr'>ἔμποροι,</span> <span class='ocrx_word' id='word_1_533' title='bbox 3168 3970 3315 4045; x_wconf 84' lang='grc' dir='ltr'>μάλα</span> <span class='ocrx_word' id='word_1_534' title='bbox 3350 3970 3541 4041; x_wconf 86' lang='grc' dir='ltr'>σαφῶς</span> <span class='ocrx_word' id='word_1_535' title='bbox 3578 3973 3766 4039; x_wconf 75' lang='grc' dir='ltr'>ἐγνωο</span> 
     </span>
    </p>
   </div>
   <div class='ocr_carea' id='block_1_82' title="bbox 2171 4062 3762 4144">
    <p class='ocr_par' dir='ltr' id='par_1_82' title="bbox 2171 4062 3762 4144">
     <span class='ocr_line' id='line_1_82' title="bbox 2171 4062 3762 4144; baseline -0.009 -15"><span class='ocrx_word' id='word_1_536' title='bbox 2171 4076 2330 4138; x_wconf 88' lang='grc' dir='ltr'>κότες</span> <span class='ocrx_word' id='word_1_537' title='bbox 2371 4073 2720 4144; x_wconf 81' lang='grc' dir='ltr'>Ἀνὰργυροι,</span> <span class='ocrx_word' id='word_1_538' title='bbox 2747 4072 2811 4123; x_wconf 86' lang='grc' dir='ltr'><strong>ἐκ</strong></span> <span class='ocrx_word' id='word_1_539' title='bbox 2835 4068 2946 4121; x_wconf 81' lang='grc' dir='ltr'><strong>τῶν</strong></span> <span class='ocrx_word' id='word_1_540' title='bbox 2972 4066 3193 4120; x_wconf 68' lang='grc' dir='ltr'>οἰκείων</span> <span class='ocrx_word' id='word_1_541' title='bbox 3222 4062 3413 4134; x_wconf 79' lang='grc' dir='ltr'>ψυχῶν</span> <span class='ocrx_word' id='word_1_542' title='bbox 3446 4062 3762 4135; x_wconf 68' lang='grc' dir='ltr'>πρόρριζον</span> 
     </span>
    </p>
   </div>
   <div class='ocr_carea' id='block_1_83' title="bbox 2175 4152 3771 4229">
    <p class='ocr_par' dir='ltr' id='par_1_83' title="bbox 2175 4152 3771 4229">
     <span class='ocr_line' id='line_1_83' title="bbox 2175 4152 3771 4229; baseline -0.008 -11"><span class='ocrx_word' id='word_1_543' title='bbox 2175 4164 2530 4227; x_wconf 82' lang='grc' dir='ltr'>ἀνείλκυσαν,</span> <span class='ocrx_word' id='word_1_544' title='bbox 2558 4162 2652 4216; x_wconf 76' lang='grc' dir='ltr'><strong>καὶ</strong></span> <span class='ocrx_word' id='word_1_545' title='bbox 2689 4160 2781 4213; x_wconf 83' lang='grc' dir='ltr'><strong>τὸν</strong></span> <span class='ocrx_word' id='word_1_546' title='bbox 2806 4158 2978 4229; x_wconf 75' lang='grc' dir='ltr'>ἐσμὸν</span> <span class='ocrx_word' id='word_1_547' title='bbox 3024 4155 3135 4209; x_wconf 85' lang='grc' dir='ltr'><strong>τῶν</strong></span> <span class='ocrx_word' id='word_1_548' title='bbox 3166 4152 3353 4208; x_wconf 84' lang='grc' dir='ltr'>κακῶν</span> <span class='ocrx_word' id='word_1_549' title='bbox 3400 4153 3771 4207; x_wconf 82' lang='grc' dir='ltr'>συνανείλκυ-</span> 
     </span>
    </p>
   </div>
   <div class='ocr_carea' id='block_1_84' title="bbox 2176 4244 3771 4325">
    <p class='ocr_par' dir='ltr' id='par_1_84' title="bbox 2176 4244 3771 4325">
     <span class='ocr_line' id='line_1_84' title="bbox 2176 4244 3771 4325; baseline -0.01 -13"><span class='ocrx_word' id='word_1_550' title='bbox 2176 4277 2298 4323; x_wconf 88' lang='grc' dir='ltr'>σαν,</span> <span class='ocrx_word' id='word_1_551' title='bbox 2326 4256 2625 4325; x_wconf 78' lang='grc' dir='ltr'>ἐπιθυμίαν</span> <span class='ocrx_word' id='word_1_552' title='bbox 2652 4251 2964 4322; x_wconf 79' lang='grc' dir='ltr'>παράλογον</span> <span class='ocrx_word' id='word_1_553' title='bbox 3001 4265 3014 4279; x_wconf 87' lang='grc'><strong>·</strong></span> <span class='ocrx_word' id='word_1_554' title='bbox 3049 4247 3223 4318; x_wconf 83' lang='grc' dir='ltr'>θυμὸν</span> <span class='ocrx_word' id='word_1_555' title='bbox 3242 4244 3489 4314; x_wconf 78' lang='grc' dir='ltr'>θηριώδη</span> <span class='ocrx_word' id='word_1_556' title='bbox 3514 4261 3528 4274; x_wconf 84' lang='grc'><strong>”</strong></span> <span class='ocrx_word' id='word_1_557' title='bbox 3553 4244 3771 4315; x_wconf 80' lang='grc' dir='ltr'>ἡδονῶν</span> 
     </span>
    </p>
   </div>
   <div class='ocr_carea' id='block_1_85' title="bbox 2173 4332 3773 4421">
    <p class='ocr_par' dir='ltr' id='par_1_85' title="bbox 2173 4332 3773 4421">
     <span class='ocr_line' id='line_1_85' title="bbox 2173 4332 3773 4421; baseline -0.012 -17"><span class='ocrx_word' id='word_1_558' title='bbox 2173 4348 2489 4421; x_wconf 80' lang='grc' dir='ltr'>τυραννίδα·</span> <span class='ocrx_word' id='word_1_559' title='bbox 2516 4342 2819 4412; x_wconf 72' lang='grc' dir='ltr'>συνέκοψαν</span> <span class='ocrx_word' id='word_1_560' title='bbox 2852 4335 3159 4402; x_wconf 82' lang='grc' dir='ltr'>κενοδοξίας</span> <span class='ocrx_word' id='word_1_561' title='bbox 3178 4335 3409 4406; x_wconf 74' lang='grc' dir='ltr'>φύσημα</span> <span class='ocrx_word' id='word_1_562' title='bbox 3429 4350 3441 4362; x_wconf 91' lang='grc'>·</span> <span class='ocrx_word' id='word_1_563' title='bbox 3469 4332 3773 4401; x_wconf 82' lang='grc' dir='ltr'>φιλαυτίας</span> 
     </span>
    </p>
   </div>
   <div class='ocr_carea' id='block_1_86' title="bbox 2176 4424 3774 4514">
    <p class='ocr_par' dir='ltr' id='par_1_86' title="bbox 2176 4424 3774 4514">
     <span class='ocr_line' id='line_1_86' title="bbox 2176 4424 3774 4514; baseline -0.014 -17"><span class='ocrx_word' id='word_1_564' title='bbox 2176 4441 2551 4514; x_wconf 81' lang='grc' dir='ltr'>προσπὰθειαν</span> <span class='ocrx_word' id='word_1_565' title='bbox 2574 4453 2586 4467; x_wconf 94' lang='grc'><strong>·</strong></span> <span class='ocrx_word' id='word_1_566' title='bbox 2630 4433 2948 4507; x_wconf 70' lang='grc' dir='ltr'>πλεονεξίας</span> <span class='ocrx_word' id='word_1_567' title='bbox 2969 4431 3217 4498; x_wconf 79' lang='grc' dir='ltr'>ἀδίκημα</span> <span class='ocrx_word' id='word_1_568' title='bbox 3243 4443 3257 4457; x_wconf 89' lang='grc'><strong>·</strong></span> <span class='ocrx_word' id='word_1_569' title='bbox 3310 4426 3547 4497; x_wconf 77' lang='grc' dir='ltr'>μανικὴν</span> <span class='ocrx_word' id='word_1_570' title='bbox 3596 4424 3774 4494; x_wconf 78' lang='grc' dir='ltr'>ὑπερ-</span> 
     </span>
    </p>
   </div>
   <div class='ocr_carea' id='block_1_87' title="bbox 485 4517 2060 4615">
    <p class='ocr_par' dir='ltr' id='par_1_87' title="bbox 485 4518 2060 4602">
     <span class='ocr_line' id='line_1_87' title="bbox 485 4518 2060 4602; baseline -0.006 -12"><span class='ocrx_word' id='word_1_571' title='bbox 485 4542 763 4602; x_wconf 79' lang='lat' dir='ltr'><strong>cuonem;</strong></span> <span class='ocrx_word' id='word_1_572' title='bbox 800 4535 1001 4602; x_wconf 76' lang='lat' dir='ltr'><strong>iniqua:</strong></span> <span class='ocrx_word' id='word_1_573' title='bbox 1032 4518 1266 4587; x_wconf 73' lang='lat' dir='ltr'><strong>actiunis</strong></span> <span class='ocrx_word' id='word_1_574' title='bbox 1299 4530 1591 4600; x_wconf 85' lang='lat' dir='ltr'><strong>iujnriam;</strong></span> <span class='ocrx_word' id='word_1_575' title='bbox 1628 4529 1834 4584; x_wconf 75' lang='lat' dir='ltr'><strong>insanre</strong></span> <span class='ocrx_word' id='word_1_576' title='bbox 1871 4542 2060 4595; x_wconf 90' lang='lat' dir='ltr'><strong>super—</strong></span> 
     </span>
    </p>
   </div>
   <div class='ocr_carea' id='block_1_88' title="bbox 2165 4517 3774 4615">
    <p class='ocr_par' dir='ltr' id='par_1_88' title="bbox 2174 4517 3774 4608">
     <span class='ocr_line' id='line_1_88' title="bbox 2174 4517 3774 4608; baseline -0.013 -19"><span class='ocrx_word' id='word_1_577' title='bbox 2174 4518 2440 4608; x_wconf 80' lang='grc' dir='ltr'>ηφανείας</span> <span class='ocrx_word' id='word_1_578' title='bbox 2484 4531 2693 4601; x_wconf 79' lang='grc' dir='ltr'>οῖδησιν</span> <span class='ocrx_word' id='word_1_579' title='bbox 2724 4542 2740 4555; x_wconf 71' lang='grc'><strong><em>⁸</em></strong></span> <span class='ocrx_word' id='word_1_580' title='bbox 2778 4521 3159 4594; x_wconf 82' lang='grc' dir='ltr'>ἁσπλαγχνίας</span> <span class='ocrx_word' id='word_1_581' title='bbox 3195 4517 3547 4572; x_wconf 83' lang='grc' dir='ltr'>ἀντιτυπίαν.</span> <span class='ocrx_word' id='word_1_582' title='bbox 3615 4517 3774 4570; x_wconf 66' lang='lat' dir='ltr'><strong>‘sz&#39;t</strong></span> 
     </span>
    </p>
   </div>
   <div class='ocr_carea' id='block_1_89' title="bbox 489 4621 2065 4693">
    <p class='ocr_par' dir='ltr' id='par_1_89' title="bbox 489 4621 2065 4693">
     <span class='ocr_line' id='line_1_89' title="bbox 489 4621 2065 4693; baseline -0.007 -8"><span class='ocrx_word' id='word_1_583' title='bbox 489 4632 591 4685; x_wconf 78' lang='lat' dir='ltr'><strong>hia:</strong></span> <span class='ocrx_word' id='word_1_584' title='bbox 625 4629 1004 4693; x_wconf 78' lang='lat' dir='ltr'><strong>inﬂationem;</strong></span> <span class='ocrx_word' id='word_1_585' title='bbox 1060 4625 1520 4681; x_wconf 85' lang='lat' dir='ltr'><strong>imtniserieordis</strong></span> <span class='ocrx_word' id='word_1_586' title='bbox 1574 4623 1755 4678; x_wconf 80' lang='lat' dir='ltr'><strong>animi</strong></span> <span class='ocrx_word' id='word_1_587' title='bbox 1781 4621 2065 4676; x_wconf 87' lang='lat' dir='ltr'><strong>duritiam.</strong></span> 
     </span>
    </p>
   </div>
   <div class='ocr_carea' id='block_1_90' title="bbox 489 4715 2070 4782">
    <p class='ocr_par' dir='ltr' id='par_1_90' title="bbox 489 4715 2070 4782">
     <span class='ocr_line' id='line_1_90' title="bbox 489 4715 2070 4782; baseline -0.006 -5"><span class='ocrx_word' id='word_1_588' title='bbox 489 4723 633 4777; x_wconf 88' lang='lat' dir='ltr'><strong>Loco</strong></span> <span class='ocrx_word' id='word_1_589' title='bbox 669 4731 851 4775; x_wconf 88' lang='lat' dir='ltr'><strong>autem</strong></span> <span class='ocrx_word' id='word_1_590' title='bbox 905 4719 1319 4775; x_wconf 89' lang='lat' dir='ltr'><strong>adnascentinm</strong></span> <span class='ocrx_word' id='word_1_591' title='bbox 1374 4715 1972 4782; x_wconf 83' lang='lat' dir='ltr'><strong>succrescentiumque,</strong></span> <span class='ocrx_word' id='word_1_592' title='bbox 2006 4729 2070 4767; x_wconf 88' lang='lat' dir='ltr'><strong>ac</strong></span> 
     </span>
    </p>
   </div>
   <div class='ocr_carea' id='block_1_91' title="bbox 489 4804 2068 4868">
    <p class='ocr_par' dir='ltr' id='par_1_91' title="bbox 489 4804 2068 4868">
     <span class='ocr_line' id='line_1_91' title="bbox 489 4804 2068 4868; baseline -0.006 -3"><span class='ocrx_word' id='word_1_593' title='bbox 489 4830 595 4867; x_wconf 87' lang='lat' dir='ltr'><strong>una</strong></span> <span class='ocrx_word' id='word_1_594' title='bbox 655 4828 776 4866; x_wconf 90' lang='lat' dir='ltr'><strong>cum</strong></span> <span class='ocrx_word' id='word_1_595' title='bbox 823 4811 1091 4865; x_wconf 89' lang='lat' dir='ltr'><strong>malorum</strong></span> <span class='ocrx_word' id='word_1_596' title='bbox 1144 4809 1322 4862; x_wconf 86' lang='lat' dir='ltr'><strong>radice</strong></span> <span class='ocrx_word' id='word_1_597' title='bbox 1381 4808 1725 4861; x_wconf 88' lang='lat' dir='ltr'><strong>succisorum</strong></span> <span class='ocrx_word' id='word_1_598' title='bbox 1772 4804 2068 4868; x_wconf 84' lang='lat' dir='ltr'><strong>stolonum,</strong></span> 
     </span>
    </p>
   </div>
   <div class='ocr_carea' id='block_1_92' title="bbox 489 4895 2071 4973">
    <p class='ocr_par' dir='ltr' id='par_1_92' title="bbox 489 4895 2071 4973">
     <span class='ocr_line' id='line_1_92' title="bbox 489 4895 2071 4973; baseline -0.007 -14"><span class='ocrx_word' id='word_1_599' title='bbox 489 4905 650 4959; x_wconf 87' lang='lat' dir='ltr'><strong>insita</strong></span> <span class='ocrx_word' id='word_1_600' title='bbox 685 4903 930 4973; x_wconf 70' lang='lat' dir='ltr'><strong>pecunia:</strong></span> <span class='ocrx_word' id='word_1_601' title='bbox 963 4900 1262 4971; x_wconf 83' lang='lat' dir='ltr'><strong>spretione,</strong></span> <span class='ocrx_word' id='word_1_602' title='bbox 1308 4900 1573 4970; x_wconf 88' lang='lat' dir='ltr'><strong>ingenuos</strong></span> <span class='ocrx_word' id='word_1_603' title='bbox 1603 4895 1943 4966; x_wconf 85' lang='lat' dir='ltr'><strong>paupertatis</strong></span> <span class='ocrx_word' id='word_1_604' title='bbox 1984 4909 2071 4948; x_wconf 58' lang='lat' dir='ltr'><strong>ra.</strong></span> 
     </span>
    </p>
   </div>
   <div class='ocr_carea' id='block_1_93' title="bbox 490 4988 2071 5067">
    <p class='ocr_par' dir='ltr' id='par_1_93' title="bbox 490 4988 2071 5067">
     <span class='ocr_line' id='line_1_93' title="bbox 490 4988 2071 5067; baseline -0.008 -17"><span class='ocrx_word' id='word_1_605' title='bbox 490 5012 604 5052; x_wconf 86' lang='lat' dir='ltr'><strong>mos</strong></span> <span class='ocrx_word' id='word_1_606' title='bbox 639 4996 847 5067; x_wconf 88' lang='lat' dir='ltr'><strong>pariter</strong></span> <span class='ocrx_word' id='word_1_607' title='bbox 901 4993 1311 5062; x_wconf 88' lang='lat' dir='ltr'><strong>germinarunt;</strong></span> <span class='ocrx_word' id='word_1_608' title='bbox 1354 4991 1483 5045; x_wconf 75' lang='lat' dir='ltr'><strong>vita:</strong></span> <span class='ocrx_word' id='word_1_609' title='bbox 1534 4989 1801 5042; x_wconf 90' lang='lat' dir='ltr'><strong>rationem</strong></span> <span class='ocrx_word' id='word_1_610' title='bbox 1859 4988 2071 5055; x_wconf 78' lang='lat' dir='ltr'><strong>angeli-</strong></span> 
     </span>
    </p>
   </div>
   <div class='ocr_carea' id='block_1_94' title="bbox 487 5081 2071 5158">
    <p class='ocr_par' dir='ltr' id='par_1_94' title="bbox 487 5081 2071 5158">
     <span class='ocr_line' id='line_1_94' title="bbox 487 5081 2071 5158; baseline -0.007 -14"><span class='ocrx_word' id='word_1_611' title='bbox 487 5106 640 5158; x_wconf 85' lang='lat' dir='ltr'><strong>cam;</strong></span> <span class='ocrx_word' id='word_1_612' title='bbox 673 5091 836 5144; x_wconf 87' lang='lat' dir='ltr'><strong>vitam</strong></span> <span class='ocrx_word' id='word_1_613' title='bbox 889 5087 1173 5141; x_wconf 84' lang='lat' dir='ltr'><strong>ﬂorentem</strong></span> <span class='ocrx_word' id='word_1_614' title='bbox 1225 5083 1588 5145; x_wconf 83' lang='lat' dir='ltr'><strong>munditiam;</strong></span> <span class='ocrx_word' id='word_1_615' title='bbox 1623 5083 1937 5134; x_wconf 84' lang='lat' dir='ltr'><strong>castitatem</strong></span> <span class='ocrx_word' id='word_1_616' title='bbox 1978 5081 2071 5133; x_wconf 90' lang='lat' dir='ltr'><strong>de-</strong></span> 
     </span>
    </p>
   </div>
   <div class='ocr_carea' id='block_1_95' title="bbox 492 5172 2072 5244">
    <p class='ocr_par' dir='ltr' id='par_1_95' title="bbox 492 5172 2072 5244">
     <span class='ocr_line' id='line_1_95' title="bbox 492 5172 2072 5244; baseline -0.009 -7"><span class='ocrx_word' id='word_1_617' title='bbox 492 5196 621 5237; x_wconf 84' lang='lat' dir='ltr'><strong>core</strong></span> <span class='ocrx_word' id='word_1_618' title='bbox 654 5180 967 5236; x_wconf 80' lang='lat' dir='ltr'><strong>Sanctitalis</strong></span> <span class='ocrx_word' id='word_1_619' title='bbox 1001 5188 1360 5244; x_wconf 88' lang='lat' dir='ltr'><strong>vernantem;</strong></span> <span class='ocrx_word' id='word_1_620' title='bbox 1396 5173 1678 5229; x_wconf 69' lang='lat' dir='ltr'><strong>modestiae</strong></span> <span class='ocrx_word' id='word_1_621' title='bbox 1708 5182 1939 5224; x_wconf 84' lang='lat' dir='ltr'><strong>matrem</strong></span> <span class='ocrx_word' id='word_1_622' title='bbox 1973 5172 2072 5225; x_wconf 80' lang='lat' dir='ltr'><strong>ltu—</strong></span> 
     </span>
    </p>
   </div>
   <div class='ocr_carea' id='block_1_96' title="bbox 489 5266 2069 5341">
    <p class='ocr_par' dir='ltr' id='par_1_96' title="bbox 489 5266 2069 5341">
     <span class='ocr_line' id='line_1_96' title="bbox 489 5266 2069 5341; baseline -0.009 -13"><span class='ocrx_word' id='word_1_623' title='bbox 489 5273 815 5341; x_wconf 81' lang='lat' dir='ltr'><strong>utilitatem,</strong></span> <span class='ocrx_word' id='word_1_624' title='bbox 888 5271 1233 5326; x_wconf 88' lang='lat' dir='ltr'><strong>dilectionem</strong></span> <span class='ocrx_word' id='word_1_625' title='bbox 1314 5266 1683 5323; x_wconf 82' lang='lat' dir='ltr'><strong>miserationis</strong></span> <span class='ocrx_word' id='word_1_626' title='bbox 1758 5273 2069 5332; x_wconf 86' lang='lat' dir='ltr'><strong>parentem;</strong></span> 
     </span>
    </p>
   </div>
   <div class='ocr_carea' id='block_1_97' title="bbox 490 5357 2073 5423">
    <p class='ocr_par' dir='ltr' id='par_1_97' title="bbox 490 5357 2073 5423">
     <span class='ocr_line' id='line_1_97' title="bbox 490 5357 2073 5423; baseline -0.008 -2"><span class='ocrx_word' id='word_1_627' title='bbox 490 5368 876 5421; x_wconf 82' lang='lat' dir='ltr'><strong>inexhaustum</strong></span> <span class='ocrx_word' id='word_1_628' title='bbox 902 5363 1108 5419; x_wconf 90' lang='lat' dir='ltr'><strong>fontem</strong></span> <span class='ocrx_word' id='word_1_629' title='bbox 1146 5359 1562 5423; x_wconf 66' lang='lat' dir='ltr'><strong>misericordiae;</strong></span> <span class='ocrx_word' id='word_1_630' title='bbox 1590 5357 1938 5420; x_wconf 86' lang='lat' dir='ltr'><strong>charitatent,</strong></span> <span class='ocrx_word' id='word_1_631' title='bbox 1966 5370 2073 5423; x_wconf 88' lang='lat' dir='ltr'><strong>qua</strong></span> 
     </span>
    </p>
   </div>
   <div class='ocr_carea' id='block_1_98' title="bbox 487 5449 2070 5525">
    <p class='ocr_par' dir='ltr' id='par_1_98' title="bbox 487 5449 2070 5525">
     <span class='ocr_line' id='line_1_98' title="bbox 487 5449 2070 5525; baseline -0.008 -14"><span class='ocrx_word' id='word_1_632' title='bbox 487 5457 687 5513; x_wconf 80' lang='lat' dir='ltr'><strong>Christi</strong></span> <span class='ocrx_word' id='word_1_633' title='bbox 718 5454 931 5511; x_wconf 86' lang='lat' dir='ltr'><strong>Domini</strong></span> <span class='ocrx_word' id='word_1_634' title='bbox 962 5455 1374 5525; x_wconf 81' lang='lat' dir='ltr'><strong>benignitatem,</strong></span> <span class='ocrx_word' id='word_1_635' title='bbox 1431 5452 1850 5521; x_wconf 87' lang='lat' dir='ltr'><strong>impensumqne</strong></span> <span class='ocrx_word' id='word_1_636' title='bbox 1883 5449 1936 5501; x_wconf 89' lang='lat' dir='ltr'><strong>itt</strong></span> <span class='ocrx_word' id='word_1_637' title='bbox 1968 5449 2070 5501; x_wconf 89' lang='lat' dir='ltr'><strong>hu-</strong></span> 
     </span>
    </p>
   </div>
   <div class='ocr_carea' id='block_1_99' title="bbox 491 5543 2070 5619">
    <p class='ocr_par' dir='ltr' id='par_1_99' title="bbox 491 5543 2070 5619">
     <span class='ocr_line' id='line_1_99' title="bbox 491 5543 2070 5619; baseline -0.004 -18"><span class='ocrx_word' id='word_1_638' title='bbox 491 5564 708 5603; x_wconf 88' lang='lat' dir='ltr'><strong>manum</strong></span> <span class='ocrx_word' id='word_1_639' title='bbox 738 5563 910 5619; x_wconf 87' lang='lat' dir='ltr'><strong>genus</strong></span> <span class='ocrx_word' id='word_1_640' title='bbox 935 5563 1176 5601; x_wconf 83' lang='lat' dir='ltr'><strong>amorem</strong></span> <span class='ocrx_word' id='word_1_641' title='bbox 1209 5562 1273 5600; x_wconf 82' lang='lat' dir='ltr'><strong>ac</strong></span> <span class='ocrx_word' id='word_1_642' title='bbox 1309 5546 1548 5599; x_wconf 86' lang='lat' dir='ltr'><strong>studmm</strong></span> <span class='ocrx_word' id='word_1_643' title='bbox 1583 5544 1805 5609; x_wconf 85' lang='lat' dir='ltr'><strong>imitati,</strong></span> <span class='ocrx_word' id='word_1_644' title='bbox 1839 5543 2070 5612; x_wconf 81' lang='lat' dir='ltr'><strong>gratiam</strong></span> 
     </span>
    </p>
   </div>
   <div class='ocr_carea' id='block_1_100' title="bbox 493 5638 1709 5707">
    <p class='ocr_par' dir='ltr' id='par_1_100' title="bbox 493 5638 1709 5707">
     <span class='ocr_line' id='line_1_100' title="bbox 493 5638 1709 5707; baseline -0.002 -17"><span class='ocrx_word' id='word_1_645' title='bbox 493 5641 562 5690; x_wconf 85' lang='lat' dir='ltr'><strong>ab</strong></span> <span class='ocrx_word' id='word_1_646' title='bbox 581 5657 644 5692; x_wconf 84' lang='lat' dir='ltr'><strong>eo</strong></span> <span class='ocrx_word' id='word_1_647' title='bbox 675 5639 961 5694; x_wconf 81' lang='lat' dir='ltr'><strong>beneficiis</strong></span> <span class='ocrx_word' id='word_1_648' title='bbox 988 5638 1306 5693; x_wconf 84' lang='lat' dir='ltr'><strong>demerendi</strong></span> <span class='ocrx_word' id='word_1_649' title='bbox 1330 5643 1709 5707; x_wconf 82' lang='lat' dir='ltr'><strong>susceperunt.</strong></span> 
     </span>
    </p>
   </div>
   <div class='ocr_carea' id='block_1_101' title="bbox 566 5729 2075 5805">
    <p class='ocr_par' dir='ltr' id='par_1_101' title="bbox 566 5729 2075 5805">
     <span class='ocr_line' id='line_1_101' title="bbox 566 5729 2075 5805; baseline -0.004 -18"><span class='ocrx_word' id='word_1_650' title='bbox 566 5740 718 5791; x_wconf 86' lang='lat' dir='ltr'><strong>Itane</strong></span> <span class='ocrx_word' id='word_1_651' title='bbox 750 5737 919 5802; x_wconf 88' lang='lat' dir='ltr'><strong>enim,</strong></span> <span class='ocrx_word' id='word_1_652' title='bbox 977 5735 1239 5805; x_wconf 86' lang='lat' dir='ltr'><strong>spretioni</strong></span> <span class='ocrx_word' id='word_1_653' title='bbox 1294 5736 1558 5804; x_wconf 67' lang='lat' dir='ltr'><strong>pecuniae,</strong></span> <span class='ocrx_word' id='word_1_654' title='bbox 1616 5748 1712 5789; x_wconf 90' lang='lat' dir='ltr'><strong>seu</strong></span> <span class='ocrx_word' id='word_1_655' title='bbox 1768 5742 1824 5785; x_wconf 90' lang='lat' dir='ltr'><strong>ut</strong></span> <span class='ocrx_word' id='word_1_656' title='bbox 1880 5729 2075 5799; x_wconf 80' lang='lat' dir='ltr'><strong>melius</strong></span> 
     </span>
    </p>
   </div>
   <div class='ocr_carea' id='block_1_102' title="bbox 497 5816 2071 5905">
    <p class='ocr_par' dir='ltr' id='par_1_102' title="bbox 497 5824 2071 5905">
     <span class='ocr_line' id='line_1_102' title="bbox 497 5824 2071 5905; baseline -0.003 -26"><span class='ocrx_word' id='word_1_657' title='bbox 497 5827 698 5890; x_wconf 84' lang='lat' dir='ltr'><strong>dicam,</strong></span> <span class='ocrx_word' id='word_1_658' title='bbox 755 5828 1081 5905; x_wconf 68' lang='lat' dir='ltr'><strong>omnimoda:</strong></span> <span class='ocrx_word' id='word_1_659' title='bbox 1151 5844 1332 5881; x_wconf 88' lang='lat' dir='ltr'><strong>rerum</strong></span> <span class='ocrx_word' id='word_1_660' title='bbox 1389 5826 1679 5894; x_wconf 81' lang='lat' dir='ltr'><strong>abjectioui</strong></span> <span class='ocrx_word' id='word_1_661' title='bbox 1739 5840 1801 5878; x_wconf 86' lang='lat' dir='ltr'><strong>ac</strong></span> <span class='ocrx_word' id='word_1_662' title='bbox 1853 5824 2071 5891; x_wconf 66' lang='lat' dir='ltr'><strong>inopiae,</strong></span> 
     </span>
    </p>
   </div>
   <div class='ocr_carea' id='block_1_103' title="bbox 496 5916 2070 5987">
    <p class='ocr_par' dir='ltr' id='par_1_103' title="bbox 496 5916 2070 5987">
     <span class='ocr_line' id='line_1_103' title="bbox 496 5916 2070 5987; baseline -0.001 -19"><span class='ocrx_word' id='word_1_663' title='bbox 496 5917 804 5987; x_wconf 70' lang='lat' dir='ltr'><strong>iungentes,</strong></span> <span class='ocrx_word' id='word_1_664' title='bbox 865 5933 927 5971; x_wconf 87' lang='lat' dir='ltr'><strong>ac</strong></span> <span class='ocrx_word' id='word_1_665' title='bbox 968 5919 1113 5973; x_wconf 78' lang='lat' dir='ltr'><strong>velut</strong></span> <span class='ocrx_word' id='word_1_666' title='bbox 1162 5919 1378 5986; x_wconf 82' lang='lat' dir='ltr'><strong>igneum</strong></span> <span class='ocrx_word' id='word_1_667' title='bbox 1437 5933 1659 5972; x_wconf 82' lang='lat' dir='ltr'><strong>currum</strong></span> <span class='ocrx_word' id='word_1_668' title='bbox 1717 5916 2070 5981; x_wconf 80' lang='lat' dir='ltr'><strong>fabricantes,</strong></span> 
     </span>
    </p>
   </div>
   <div class='ocr_carea' id='block_1_104' title="bbox 2175 4610 3773 4697">
    <p class='ocr_par' dir='ltr' id='par_1_104' title="bbox 2175 4610 3773 4697">
     <span class='ocr_line' id='line_1_104' title="bbox 2175 4610 3773 4697; baseline -0.016 -12"><span class='ocrx_word' id='word_1_669' title='bbox 2175 4633 2233 4685; x_wconf 77' lang='grc' dir='ltr'>δὲ</span> <span class='ocrx_word' id='word_1_670' title='bbox 2283 4628 2392 4683; x_wconf 87' lang='grc' dir='ltr'><strong>τῶν</strong></span> <span class='ocrx_word' id='word_1_671' title='bbox 2428 4621 2870 4697; x_wconf 84' lang='grc' dir='ltr'>παραφυομένων</span> <span class='ocrx_word' id='word_1_672' title='bbox 2922 4619 3019 4671; x_wconf 72' lang='grc' dir='ltr'><strong>καὶ</strong></span> <span class='ocrx_word' id='word_1_673' title='bbox 3073 4613 3500 4681; x_wconf 84' lang='grc' dir='ltr'>ἀναδιδομένων,</span> <span class='ocrx_word' id='word_1_674' title='bbox 3538 4610 3639 4663; x_wconf 69' lang='grc' dir='ltr'>καὶ</span> <span class='ocrx_word' id='word_1_675' title='bbox 3700 4612 3773 4682; x_wconf 78' lang='grc' dir='ltr'>τῇ</span> 
     </span>
    </p>
   </div>
   <div class='ocr_carea' id='block_1_105' title="bbox 2176 4701 3775 4797">
    <p class='ocr_par' dir='ltr' id='par_1_105' title="bbox 2176 4701 3775 4797">
     <span class='ocr_line' id='line_1_105' title="bbox 2176 4701 3775 4797; baseline -0.014 -22"><span class='ocrx_word' id='word_1_676' title='bbox 2176 4722 2301 4797; x_wconf 76' lang='grc' dir='ltr'><strong>ῥίζῃ</strong></span> <span class='ocrx_word' id='word_1_677' title='bbox 2343 4720 2451 4774; x_wconf 87' lang='grc' dir='ltr'><strong>τῶν</strong></span> <span class='ocrx_word' id='word_1_678' title='bbox 2496 4715 2683 4770; x_wconf 88' lang='grc' dir='ltr'>κακῶν</span> <span class='ocrx_word' id='word_1_679' title='bbox 2724 4708 3174 4766; x_wconf 87' lang='grc' dir='ltr'>συνεκκοπέντων</span> <span class='ocrx_word' id='word_1_680' title='bbox 3237 4704 3472 4767; x_wconf 68' lang='grc' dir='ltr'>κλάδων,</span> <span class='ocrx_word' id='word_1_681' title='bbox 3534 4704 3605 4772; x_wconf 76' lang='grc' dir='ltr'>τῇ</span> <span class='ocrx_word' id='word_1_682' title='bbox 3665 4701 3775 4771; x_wconf 71' lang='grc' dir='ltr'>τῆς</span> 
     </span>
    </p>
   </div>
   <div class='ocr_carea' id='block_1_106' title="bbox 2173 4792 3774 4883">
    <p class='ocr_par' dir='ltr' id='par_1_106' title="bbox 2173 4792 3774 4883">
     <span class='ocr_line' id='line_1_106' title="bbox 2173 4792 3774 4883; baseline -0.014 -15"><span class='ocrx_word' id='word_1_683' title='bbox 2173 4792 2513 4883; x_wconf 30' lang='grc' dir='ltr'>δινανργυρίας</span> <span class='ocrx_word' id='word_1_684' title='bbox 2562 4803 2923 4878; x_wconf 76' lang='grc' dir='ltr'>ἐμφυτεύσει,</span> <span class='ocrx_word' id='word_1_685' title='bbox 2967 4800 3035 4853; x_wconf 76' lang='grc' dir='ltr'>τὰ</span> <span class='ocrx_word' id='word_1_686' title='bbox 3085 4799 3284 4866; x_wconf 79' lang='grc' dir='ltr'>εὐγενῆ</span> <span class='ocrx_word' id='word_1_687' title='bbox 3334 4795 3436 4864; x_wconf 81' lang='grc' dir='ltr'>τῆς</span> <span class='ocrx_word' id='word_1_688' title='bbox 3486 4792 3774 4863; x_wconf 83' lang='grc' dir='ltr'>ἀκτησίας</span> 
     </span>
    </p>
   </div>
   <div class='ocr_carea' id='block_1_107' title="bbox 2177 4883 3774 4974">
    <p class='ocr_par' dir='ltr' id='par_1_107' title="bbox 2177 4883 3774 4974">
     <span class='ocr_line' id='line_1_107' title="bbox 2177 4883 3774 4974; baseline -0.014 -16"><span class='ocrx_word' id='word_1_689' title='bbox 2177 4904 2406 4974; x_wconf 82' lang='grc' dir='ltr'>στελέχη</span> <span class='ocrx_word' id='word_1_690' title='bbox 2436 4898 2882 4967; x_wconf 79' lang='grc' dir='ltr'>συνεόλάστησαν</span> <span class='ocrx_word' id='word_1_691' title='bbox 2914 4910 2927 4923; x_wconf 93' lang='grc'><strong>·</strong></span> <span class='ocrx_word' id='word_1_692' title='bbox 2959 4891 3241 4945; x_wconf 84' lang='grc' dir='ltr'>πολιτείαν</span> <span class='ocrx_word' id='word_1_693' title='bbox 3270 4884 3566 4954; x_wconf 83' lang='grc' dir='ltr'>ίσάγγελον</span> <span class='ocrx_word' id='word_1_694' title='bbox 3600 4900 3613 4913; x_wconf 91' lang='grc'><strong>·</strong></span> <span class='ocrx_word' id='word_1_695' title='bbox 3650 4883 3774 4954; x_wconf 85' lang='grc' dir='ltr'>βίον</span> 
     </span>
    </p>
   </div>
   <div class='ocr_carea' id='block_1_108' title="bbox 2176 4976 3768 5067">
    <p class='ocr_par' dir='ltr' id='par_1_108' title="bbox 2176 4976 3768 5067">
     <span class='ocr_line' id='line_1_108' title="bbox 2176 4976 3768 5067; baseline -0.014 -16"><span class='ocrx_word' id='word_1_696' title='bbox 2176 4995 2584 5067; x_wconf 77' lang='grc' dir='ltr'>ἁνθοφοροῦντα</span> <span class='ocrx_word' id='word_1_697' title='bbox 2633 4989 2987 5060; x_wconf 72' lang='grc' dir='ltr'>καθαρότητα</span> <span class='ocrx_word' id='word_1_698' title='bbox 3021 5001 3033 5014; x_wconf 94' lang='grc'><strong>·</strong></span> <span class='ocrx_word' id='word_1_699' title='bbox 3073 4978 3433 5052; x_wconf 67' lang='grc' dir='ltr'>σωφροσύνην</span> <span class='ocrx_word' id='word_1_700' title='bbox 3491 4976 3768 5048; x_wconf 84' lang='grc' dir='ltr'>κομῶσαν</span> 
     </span>
    </p>
   </div>
   <div class='ocr_carea' id='block_1_109' title="bbox 2178 5069 3774 5159">
    <p class='ocr_par' dir='ltr' id='par_1_109' title="bbox 2178 5069 3774 5159">
     <span class='ocr_line' id='line_1_109' title="bbox 2178 5069 3774 5159; baseline -0.016 -16"><span class='ocrx_word' id='word_1_701' title='bbox 2178 5090 2474 5159; x_wconf 80' lang='grc' dir='ltr'>ἁγιότητα·</span> <span class='ocrx_word' id='word_1_702' title='bbox 2523 5081 2829 5144; x_wconf 75' lang='grc' dir='ltr'>ἐπιεικείας</span> <span class='ocrx_word' id='word_1_703' title='bbox 2872 5076 3093 5149; x_wconf 87' lang='grc' dir='ltr'>μητέρα</span> <span class='ocrx_word' id='word_1_704' title='bbox 3122 5073 3460 5127; x_wconf 81' lang='grc' dir='ltr'>ταπείνωσιν</span> <span class='ocrx_word' id='word_1_705' title='bbox 3486 5086 3500 5099; x_wconf 85' lang='grc'><strong>·</strong></span> <span class='ocrx_word' id='word_1_706' title='bbox 3539 5069 3774 5139; x_wconf 77' lang='grc' dir='ltr'>ἀγάπην</span> 
     </span>
    </p>
   </div>
   <div class='ocr_carea' id='block_1_110' title="bbox 2176 5164 3773 5250">
    <p class='ocr_par' dir='ltr' id='par_1_110' title="bbox 2176 5164 3773 5250">
     <span class='ocr_line' id='line_1_110' title="bbox 2176 5164 3773 5250; baseline -0.013 -15"><span class='ocrx_word' id='word_1_707' title='bbox 2176 5183 2358 5235; x_wconf 79' lang='grc' dir='ltr'>οἴκτου</span> <span class='ocrx_word' id='word_1_708' title='bbox 2384 5181 2732 5250; x_wconf 82' lang='grc' dir='ltr'>γεννήτριαν·</span> <span class='ocrx_word' id='word_1_709' title='bbox 2772 5174 2927 5227; x_wconf 85' lang='grc' dir='ltr'>ἐλέου</span> <span class='ocrx_word' id='word_1_710' title='bbox 2954 5170 3137 5242; x_wconf 79' lang='grc' dir='ltr'>πηγὴν</span> <span class='ocrx_word' id='word_1_711' title='bbox 3159 5165 3595 5248; x_wconf 50' lang='grc' dir='ltr'>ἀνεξαντλητονῇ</span> <span class='ocrx_word' id='word_1_712' title='bbox 3624 5164 3773 5231; x_wconf 79' lang='grc' dir='ltr'><strong>ἁγά-</strong></span> 
     </span>
    </p>
   </div>
   <div class='ocr_carea' id='block_1_111' title="bbox 2178 5256 3776 5341">
    <p class='ocr_par' dir='ltr' id='par_1_111' title="bbox 2178 5256 3776 5341">
     <span class='ocr_line' id='line_1_111' title="bbox 2178 5256 3776 5341; baseline -0.013 -17"><span class='ocrx_word' id='word_1_713' title='bbox 2178 5289 2311 5341; x_wconf 84' lang='grc' dir='ltr'>πην,</span> <span class='ocrx_word' id='word_1_714' title='bbox 2342 5271 2410 5322; x_wconf 79' lang='grc' dir='ltr'>δι’</span> <span class='ocrx_word' id='word_1_715' title='bbox 2442 5271 2507 5340; x_wconf 80' lang='grc' dir='ltr'>ἢν</span> <span class='ocrx_word' id='word_1_716' title='bbox 2539 5264 2778 5339; x_wconf 79' lang='grc' dir='ltr'>Χριστοῦ</span> <span class='ocrx_word' id='word_1_717' title='bbox 2809 5264 2906 5335; x_wconf 87' lang='grc' dir='ltr'><strong>μέν</strong></span> <span class='ocrx_word' id='word_1_718' title='bbox 2939 5263 3003 5315; x_wconf 80' lang='grc' dir='ltr'><strong>τὸ</strong></span> <span class='ocrx_word' id='word_1_719' title='bbox 3042 5259 3432 5331; x_wconf 80' lang='grc' dir='ltr'>φιλάνθρωπον</span> <span class='ocrx_word' id='word_1_720' title='bbox 3477 5256 3776 5341; x_wconf 47' lang='grc' dir='ltr'>ἁπεμιμήῗ</span> 
     </span>
    </p>
   </div>
   <div class='ocr_carea' id='block_1_112' title="bbox 2178 5339 3861 5426">
    <p class='ocr_par' dir='ltr' id='par_1_112' title="bbox 2178 5339 3861 5426">
     <span class='ocr_line' id='line_1_112' title="bbox 2178 5339 3861 5426; baseline -0.013 -15"><span class='ocrx_word' id='word_1_721' title='bbox 2178 5339 2360 5422; x_wconf 19' lang='grc' dir='ltr'>σανντο,</span> <span class='ocrx_word' id='word_1_722' title='bbox 2400 5339 2532 5426; x_wconf 77' lang='grc' dir='ltr'>παρ’</span> <span class='ocrx_word' id='word_1_723' title='bbox 2565 5352 2733 5407; x_wconf 74' lang='grc' dir='ltr'>αὑτοῦ</span> <span class='ocrx_word' id='word_1_724' title='bbox 2756 5352 2813 5404; x_wconf 78' lang='grc' dir='ltr'>δὲ</span> <span class='ocrx_word' id='word_1_725' title='bbox 2844 5344 2926 5421; x_wconf 10' lang='grc' dir='ltr'><strong>7τῷ</strong></span> <span class='ocrx_word' id='word_1_726' title='bbox 2945 5347 3255 5420; x_wconf 79' lang='grc' dir='ltr'>εὐεργετεῖν</span> <span class='ocrx_word' id='word_1_727' title='bbox 3284 5343 3394 5416; x_wconf 82' lang='grc' dir='ltr'><strong>[Ῐσ.</strong></span> <span class='ocrx_word' id='word_1_728' title='bbox 3429 5340 3523 5394; x_wconf 83' lang='grc' dir='ltr'>τοῦ</span> <span class='ocrx_word' id='word_1_729' title='bbox 3553 5339 3775 5413; x_wconf 59' lang='grc' dir='ltr'>ἐνεργα]</span> <span class='ocrx_word' id='word_1_730' title='bbox 3838 5402 3861 5413; x_wconf 30' lang='grc' dir='ltr'><strong>χ</strong></span> 
     </span>
    </p>
   </div>
   <div class='ocr_carea' id='block_1_113' title="bbox 2175 5446 2833 5521">
    <p class='ocr_par' dir='ltr' id='par_1_113' title="bbox 2175 5446 2833 5521">
     <span class='ocr_line' id='line_1_113' title="bbox 2175 5446 2833 5521; baseline -0.005 -18"><span class='ocrx_word' id='word_1_731' title='bbox 2175 5450 2274 5521; x_wconf 79' lang='grc' dir='ltr'>τὴν</span> <span class='ocrx_word' id='word_1_732' title='bbox 2293 5450 2453 5521; x_wconf 82' lang='grc' dir='ltr'>χάριν</span> <span class='ocrx_word' id='word_1_733' title='bbox 2479 5446 2833 5511; x_wconf 75' lang='grc' dir='ltr'>ὑπεδέξαντο.</span> 
     </span>
    </p>
   </div>
   <div class='ocr_carea' id='block_1_114' title="bbox 2249 5715 3763 5797">
    <p class='ocr_par' dir='ltr' id='par_1_114' title="bbox 2249 5715 3763 5797">
     <span class='ocr_line' id='line_1_114' title="bbox 2249 5715 3763 5797; baseline -0.011 -16"><span class='ocrx_word' id='word_1_734' title='bbox 2249 5727 2466 5797; x_wconf 69' lang='grc' dir='ltr'>Ταύτην</span> <span class='ocrx_word' id='word_1_735' title='bbox 2496 5726 2605 5796; x_wconf 83' lang='grc' dir='ltr'><strong>γὰρ</strong></span> <span class='ocrx_word' id='word_1_736' title='bbox 2638 5727 2704 5796; x_wconf 81' lang='grc' dir='ltr'>τῇ</span> <span class='ocrx_word' id='word_1_737' title='bbox 2737 5723 3048 5794; x_wconf 64' lang='grc' dir='ltr'>ἁναργυρία</span> <span class='ocrx_word' id='word_1_738' title='bbox 3076 5761 3089 5783; x_wconf 85' lang='grc'><strong>,</strong></span> <span class='ocrx_word' id='word_1_739' title='bbox 3124 5719 3326 5790; x_wconf 76' lang='grc' dir='ltr'>μᾶλλον</span> <span class='ocrx_word' id='word_1_740' title='bbox 3358 5717 3415 5770; x_wconf 79' lang='grc' dir='ltr'><strong>δέ</strong></span> <span class='ocrx_word' id='word_1_741' title='bbox 3448 5715 3636 5785; x_wconf 71' lang='grc' dir='ltr'>φάναι.</span> <span class='ocrx_word' id='word_1_742' title='bbox 3690 5716 3763 5787; x_wconf 73' lang='grc' dir='ltr'>τῆ</span> 
     </span>
    </p>
   </div>
   <div class='ocr_carea' id='block_1_115' title="bbox 2179 5806 3773 5885">
    <p class='ocr_par' dir='ltr' id='par_1_115' title="bbox 2179 5806 3773 5885">
     <span class='ocr_line' id='line_1_115' title="bbox 2179 5806 3773 5885; baseline -0.011 -11"><span class='ocrx_word' id='word_1_743' title='bbox 2179 5821 2433 5875; x_wconf 85' lang='grc' dir='ltr'>παντελεῖ</span> <span class='ocrx_word' id='word_1_744' title='bbox 2456 5818 2746 5885; x_wconf 78' lang='grc' dir='ltr'>ζεύξαντες</span> <span class='ocrx_word' id='word_1_745' title='bbox 2774 5811 3156 5885; x_wconf 79' lang='grc' dir='ltr'>ἀκτημοσύνῃ,</span> <span class='ocrx_word' id='word_1_746' title='bbox 3195 5812 3291 5865; x_wconf 69' lang='grc' dir='ltr'><strong>καὶ</strong></span> <span class='ocrx_word' id='word_1_747' title='bbox 3331 5809 3496 5863; x_wconf 71' lang='grc' dir='ltr'>οἱονεὶ</span> <span class='ocrx_word' id='word_1_748' title='bbox 3537 5806 3773 5881; x_wconf 78' lang='grc' dir='ltr'>πύρινον</span> 
     </span>
    </p>
   </div>
   <div class='ocr_carea' id='block_1_116' title="bbox 2179 5899 3781 5983">
    <p class='ocr_par' dir='ltr' id='par_1_116' title="bbox 2179 5899 3781 5983">
     <span class='ocr_line' id='line_1_116' title="bbox 2179 5899 3781 5983; baseline -0.009 -17"><span class='ocrx_word' id='word_1_749' title='bbox 2179 5914 2334 5983; x_wconf 80' lang='grc' dir='ltr'>ἆρμα</span> <span class='ocrx_word' id='word_1_750' title='bbox 2378 5910 2925 5972; x_wconf 83' lang='grc' dir='ltr'>κατασκευάσαντες’</span> <span class='ocrx_word' id='word_1_751' title='bbox 2968 5906 3130 5977; x_wconf 82' lang='grc' dir='ltr'>ξένην</span> <span class='ocrx_word' id='word_1_752' title='bbox 3162 5921 3217 5959; x_wconf 87' lang='grc' dir='ltr'><strong>τε</strong></span> <span class='ocrx_word' id='word_1_753' title='bbox 3277 5901 3529 5974; x_wconf 74' lang='grc' dir='ltr'>διφρείαν</span> <span class='ocrx_word' id='word_1_754' title='bbox 3580 5899 3781 5953; x_wconf 69' lang='grc' dir='ltr'>διανί-</span> 
     </span>
    </p>
   </div>
  </div>
