4060 6466
341 381 482 451 1513

1191 384 1272 444 ΙΝ
1314 385 1420 446 SS.
1464 384 1696 446 MART.
1737 382 2042 444 COSMAM
2081 383 2177 443 ET
2216 381 2633 445 DAMIANUM

3475 380 3610 447 1514

338 519 552 568 σαντες,
589 499 710 573 Θεῷ
743 501 842 573 μὲν
890 499 968 564 ὡς
1020 499 1259 571 ἐγχωρεῖ
1305 502 1472 571 νοητῇ
1508 517 1615 554 τινι
1668 502 1922 570 γενητοῖς

2031 515 2338 570 novumque
2376 515 2441 556 ac
2469 498 2774 555 mirabilem
2811 512 3034 554 cursum
3063 499 3440 564 conﬁcientes,
3484 515 3608 555 cum

335 593 612 649 οἰκειώσει
661 593 1128 666 προσωμίλησαν·
1169 592 1280 647 τῶν
1331 595 1464 665 παρ’
1511 591 1678 646 αὑτοῦ
1734 593 1792 645 δέ
1823 592 1922 644 δω-

339 687 500 760 ρεῶν,
542 687 686 759 ὑπὲρ
723 687 944 742 ἃπασαν
968 687 1285 741 ἀπέλαυσαν
1315 687 1576 741 διάνοιαν.
1610 685 1790 740 Μόνον
1812 685 1922 756 γὰρ

337 781 503 834 αὐτὸν
549 781 711 852 κόρου
759 780 835 852 μὴ
885 781 1324 853 προσγινομένου
1397 780 1759 850 ποθήσαντες,
1818 779 1920 832 καὶ

336 873 464 936 τοὺς
502 871 727 942 πλησίον
761 871 904 944 ὑπὲρ
952 871 1204 936 ἑαυτοὺς,
1240 873 1489 942 κρεῖττον
1536 873 1734 936 εἰπεῖν,
1771 870 1805 941 ἢ
1849 869 1923 934 ὡς

336 965 570 1027 ἑαυτοὺς
620 965 1035 1035 ἀγαπήσαντες,
1104 963 1291 1035 ἔργοις
1347 965 1556 1029 αὐτοῖς,
1614 963 1718 1034 τὴν
1782 961 1922 1032 πρὸς

337 1055 546 1121 ἐκεῖνον
583 1053 811 1125 ἀγάπην
869 1055 1165 1128 παριστᾷν,
1217 1054 1570 1125 ἐκομίσαντο.
1639 1051 1922 1128 Ἐντεῦθεν

337 1145 527 1209 αὐτοῖς
561 1146 612 1198 oi
643 1145 990 1216 καταράκται
1021 1144 1132 1198 τῶν
1168 1145 1446 1215 οὐρανίων
1487 1143 1729 1215 χαρίτων
1766 1125 1916 1214 ἠνοί-

334 1252 556 1308 γησαν’
591 1237 843 1291 ἐντεῦθεν
914 1237 1153 1301 ἄϐυσσος
1198 1239 1232 1308 ἡ
1283 1235 1395 1289 τῶν
1459 1234 1684 1305 ἀγαθῶν
1736 1236 1922 1298 αὐτοῖς

334 1329 633 1398 ἐκκέχυται
664 1343 678 1358 ·
708 1326 852 1381 οὕτω
883 1327 1129 1390 ,πλοῦτος
1158 1328 1349 1391 αὐτοῖς
1372 1327 1399 1380 6
1429 1325 1538 1379 τῶν
1590 1326 1922 1398 κρειττόνων

335 1418 559 1489 δωρεῶν
583 1416 912 1470 ἐπλεόνασεν
943 1432 959 1447 ⁸
996 1415 1254 1479 πλοῦτος,
1277 1413 1336 1467 ὃν
1361 1411 1684 1484 ἀπεκύησεν
1721 1411 1886 1466 πενία
1905 1429 1920 1443 ο

336 1509 397 1565 δν
427 1509 788 1580 ἀκτημοσύνη
846 1507 1131 1573 συνέλεξεν
1162 1525 1178 1539 ο
1221 1507 1280 1560 ὃν
1312 1506 1631 1578 ἀναργυρία
1689 1504 1916 1558 συνεκό-

338 1621 501 1675 μισεν
527 1620 541 1632 '
602 1601 661 1656 ὃν
694 1601 968 1673 ὑπεροψία
1020 1598 1134 1654 τῶν
1185 1599 1477 1671 παρόντων
1506 1599 1880 1670 ἐταμιεύσατο
1903 1615 1918 1630 ·

335 1695 395 1750 δν
427 1697 456 1748 6
490 1696 570 1758 είς
604 1693 741 1748 Θεὸν
784 1692 1066 1764 ἐπηύξησε
1084 1691 1271 1756 πόθος,
1303 1693 1399 1745 καὶ
1433 1692 1628 1764 ήπρὸς
1661 1693 1924 1762 ὁμοφυεῖς

336 1789 528 1858 ἀγάπη
559 1786 941 1858 συνήθροισεν.
994 1781 1186 1852 Οὗτος,
1235 1787 1269 1840 ὁ
1313 1785 1388 1839 ἐν
1438 1786 1767 1850 αὐτόπταις
1819 1784 1918 1838 καὶ

2025 589 2139 645 Deo
2191 593 2432 661 quidem,
2488 599 2752 662 quantum
2831 591 3034 648 creatis
3092 591 3219 646 licet
3291 592 3609 655 maximam,

2027 683 2260 753 spiritali
2333 685 2569 755 quadam
2644 684 3074 750 necessitudine,
3152 686 3608 739 consuetudinem

2026 775 2365 843 habuerunt;
2421 776 2538 846 ejus
2587 791 2718 831 vero
2755 776 2963 846 majora
3028 791 3279 839 munera,
3337 791 3498 845 quam
3545 787 3605 829 ιιι

2028 881 2182 922 mens
2218 867 2325 922 ulla
2367 868 2506 922 satis
2534 867 2823 937 intelligat,
2852 875 3207 935 acceperunt.
3245 864 3432 918 Solum
3463 866 3609 920 enim

2024 972 2170 1028 eum,
2233 960 2385 1015 nulla
2453 960 2710 1015 satietate
2747 959 3170 1026 ,desiderantes,
3223 959 3614 1028 proximosque

2025 1067 2188 1120 supra
2221 1067 2382 1123 quam
2411 1053 2648 1123 seipsos,
2706 1062 2763 1106 ut
2795 1052 2980 1107 verius
3014 1052 3224 1117 dicam;
3267 1065 3362 1105 seu
3413 1050 3612 1105 saltem

2027 1145 2161 1199 nihil
2192 1159 2251 1200 se
2301 1145 2482 1200 minus
2541 1145 2853 1216 diligentes,
2889 1155 2946 1198 ut
2981 1159 3135 1199 suam
3187 1145 3240 1198 in
3283 1143 3433 1197 illum
3471 1144 3612 1197 dile-

2025 1239 2262 1293 ctionem
2290 1238 2425 1308 ipsis
2444 1247 2910 1309 reprasentarent
2934 1237 3214 1308 operibus,
3236 1245 3610 1305 repurtarunt.

2029 1325 2167 1383 l-linc
2206 1328 2286 1384 eis
2339 1327 2648 1383 calestium
2725 1330 3024 1399 gratiarum
3066 1337 3356 1382 cataracta
3407 1337 3613 1397 aperta

2026 1429 2156 1473 sunt
2189 1436 2202 1472 :
2241 1419 2366 1473 hinc
2397 1420 2478 1474 eis
2509 1418 2772 1474 bonorum
2800 1418 2968 1475 eﬂ'usa
3002 1419 3238 1490 ab'yssus
3267 1437 3281 1472 :
3307 1417 3386 1474 sic
3421 1419 3614 1472 melio-

2028 1524 2146 1563 rum
2213 1509 2295 1565 eis
2347 1508 2618 1563 donormn
2677 1508 2880 1563 divitia
2931 1509 3328 1563 abundarunt:
3385 1508 3612 1571 divitia,

2027 1603 2420 1673 inquam,quas
2440 1611 2731 1673 paupertas
2765 1601 3071 1672 pepererit;
3092 1601 3274 1668 inopia
3299 1600 3612 1670 collegerit;

2027 1693 2409 1763 congesserint
2452 1702 2650 1764 spreta
2711 1694 2990 1764 pecunia;
3029 1693 3380 1763 praesentium
3427 1708 3612 1748 rerum

2029 1787 2388 1858 despicientia
2420 1787 2768 1858 reposuerit:
2803 1802 2939 1857 quas
2965 1787 3216 1857 denique,
3264 1784 3362 1840 Dei
3400 1787 3617 1841 deside-

332 1877 662 1946 ὑπηρέταις
707 1876 818 1931 τοῦ
874 1875 1024 1931 Θεοῦ
1068 1877 1266 1947 Λόγου
1315 1874 1706 1942 πλεονάσας*
1744 1869 1922 1941 οὗτος,

2030 1880 2170 1934 rium
2212 1880 2467 1946 auxerit;
2521 1879 2856 1948 dilectioque
2924 1879 2979 1933 in
3043 1890 3306 1949 cognatos
3365 1879 3614 1934 homines

335 1969 664 2039 ὁμοτρόποις
697 1967 882 2038 ἔργοις
927 1967 1026 2021 καὶ
1072 1967 1220 2038 λόγῳ
1263 1966 1663 2038 γεγενημένοις
1714 1966 1922 2031 αὐτῶν,

334 2059 722 2131 ὑπερέϐρισεν.
780 2061 923 2123 Τοὺς
968 2059 1195 2114 ἐκείνων
1250 2060 1360 2132 γὰρ
1412 2059 1636 2128 ἀγῶνας
1669 2060 1922 2131 εὐψύχως

332 2155 643 2220 διεδέξαντο
667 2169 681 2184 °
709 2153 837 2217 τοὺς
867 2153 1010 2223 ὑπὲρ
1045 2151 1307 2223 ἀληθείας
1332 2151 1528 2215 πόνους
1555 2168 1568 2182 °
1609 2153 1712 2216 τὰς
1764 2168 1926 2221 περι-

331 2247 564 2317 ηγήσεις
601 2261 615 2275 ’
653 2244 750 2309 τὰς
783 2245 922 2315 ὑπὲρ
953 2243 1170 2309 εὐεξίας
1200 2243 1390 2314 ψυχῶν
1433 2242 1728 2314 φροντίδας
1764 2259 1780 2274 ·
1821 2242 1923 2306 τὰς

334 2331 795 2408 ὑπὲρθεραπείας
821 2337 1094 2407 σωμάτων
1116 2335 1441 2406 ἐπιμελείας
1470 2351 1484 2367 ⁸
1518 2334 1616 2406 τὴν
1647 2334 1923 2389 ἀδάπανον

336 2429 576 2500 σπουδήν
612 2444 627 2458 ’
661 2428 788 2492 τοὺς
838 2426 1037 2498 ἀμισθὶ
1095 2425 1613 2498 καταϐαλλομένους
1645 2425 1882 2497 δρόμους
1906 2439 1922 2455 ·

332 2521 433 2593 τὴν
456 2523 557 2574 οὐκ
590 2521 889 2591 ἀπέριττον
942 2519 1126 2590 μόνον,
1167 2518 1307 2573 ἀλλά
1337 2518 1434 2572 καὶ
1458 2518 1636 2590 πάντη
1693 2517 1923 2572 δέουσαν

333 2613 446 2668 τῶν
485 2616 543 2667 ἐν
569 2613 731 2684 χρείᾳ
758 2612 909 2683 ζωήν
941 2629 958 2644 ·
999 2613 1098 2684 τὴν
1127 2611 1240 2665 τῶν
1271 2611 1561 2683 παρόντων
1590 2610 1882 2682 γύμνωσιν
1907 2625 1921 2640 °

337 2705 431 2760 τὸν
456 2703 877 2776 ἐσταυρωμένον
915 2702 1052 2774 βίον,
1094 2703 1161 2756 δι’
1185 2703 1266 2768 ὃν,
1299 2703 1555 2756 κοινωνοὶ
1582 2702 1680 2773 μὲν
1702 2702 1801 2772 τῆς
1825 2699 1920 2755 τοῦ

338 2796 671 2860 πεπονθότος
701 2795 1057 2858 ἀναστάσεως
1085 2795 1337 2866 ἐγένοντο
1360 2812 1374 2826 ·
1407 2793 1714 2866 ἀνθρώπων
1743 2794 1802 2847 δὲ
1825 2793 1929 2858 τὰς

340 2889 412 2944 δι’
438 2887 850 2961 ὑπερϐάλλοντα
901 2887 1052 2960 πάθη
1079 2887 1500 2959 νενεκρωμένας
1541 2871 1792 2951 ἐλπίδας,
1831 2887 1927 2940 ὐπ’

339 2982 510 3039 αὑτοῦ
534 2982 630 3037 τοῦ
660 2982 1017 3046 ἀναστάντος,
1036 2982 1132 3035 καὶ
1159 2981 1288 3045 τοὺς
1309 2982 1542 3052 νεκροὺς
1574 2981 1926 3054 συναναστή-

343 3091 561 3142 σαντος,
587 3074 974 3146 ἀναζωπυρεῖν
1009 3073 1323 3145 εἰλήφασιν.

2025 1960 2386 2029 coacervarit.
2425 1972 2661 2038 Divitiae,
2690 1970 2744 2025 in
2783 1972 2851 2026 iis
2904 1971 3036 2025 olim
3086 1971 3460 2035 abundantes,
3520 1972 3612 2041 qui

2021 2066 2124 2134 ipsi
2154 2065 2414 2130 viderunt,
2459 2081 2522 2118 ac
2575 2063 2834 2119 sermonis
2882 2063 2984 2117 Dei
3015 2063 3252 2118 ministri
3305 2063 3612 2134 fuerunt",

2022 2156 2261 2226 atquein
2296 2156 2448 2222 viris,
2490 2155 2686 2210 iisdem
2723 2170 2846 2209 cum
2880 2154 2989 2209 illis
3022 2154 3288 2235 moribus,
3321 2163 3432 2208 tum
3467 2156 3611 2224 quod

2023 2255 2233 2316 spectat
2266 2247 2334 2302 ad
2363 2261 2552 2316 opera,
2592 2255 2705 2301 tum
2746 2247 2891 2314 quod
2935 2246 2999 2299 ad
3050 2260 3393 2311 sermonem,
3445 2261 3610 2314 supra

2027 2340 2252 2396 modum
2296 2340 2687 2396 exuberantes.
2716 2337 2918 2394 Eorum
2953 2338 3150 2408 quippe
3190 2352 3417 2408 agones,
3444 2352 3615 2408 gene-

2028 2447 2159 2488 roso
2190 2433 2391 2488 mentis
2419 2432 2700 2502 proposito
2732 2441 3100 2500 exceperunt:
3147 2431 3364 2486 labores
3395 2446 3493 2500 pro
3523 2445 3615 2486 ve-

2025 2523 2226 2590 ritate;
2260 2525 2525 2578 doctrina
2557 2538 2730 2579 sacra
2777 2522 3227 2593 eXplanationes;
3288 2534 3605 2591 assumptas

2027 2631 2131 2687 pro
2170 2616 2480 2671 animorum
2529 2615 2819 2671 sanatione
2851 2614 3289 2680 sollicitudines;
3340 2615 3617 2684 impensas

2027 2723 2128 2780 pro
2179 2721 2474 2779 corporum
2535 2707 2903 2787 medicatione
2953 2721 3144 2772 curas;
3202 2707 3443 2762 studium
3493 2705 3615 2762 sine

2028 2809 2278 2872 sumptu;
2331 2800 2623 2871 prajactos
2671 2799 2823 2854 nulla
2853 2791 3111 2854 mercede
3147 2812 3382 2864 cursus;
3434 2797 3607 2852 vitam

2028 2893 2227 2949 nedum
2257 2891 2393 2947 nihil
2420 2891 2777 2962 superﬂuam,
2816 2898 2914 2948 sed
2945 2899 2999 2947 et
3031 2890 3359 2946 necessariis
3386 2889 3614 2946 omnino

2027 2986 2400 3057 indigentem;
2467 2987 2772 3043 nuditatem
2852 2999 3035 3040 rerum
3108 2985 3397 3054 prasentis
3465 2983 3615 3050 avi;

2027 3079 2178 3134 cruci
2211 3078 2486 3135 conﬁxam
2517 3079 2711 3144 vitam,
2752 3093 2860 3148 qua
2891 3077 3007 3147 ejus
3032 3075 3458 3131 resurrectionis
3495 3090 3623 3145 par-

338 3171 529 3239 ticipes
560 3167 760 3235 eli‘ecti,
803 3167 895 3238 qui
934 3166 1046 3238 pati
1076 3165 1334 3237 dignatus
1366 3177 1473 3233 est,
1512 3174 1575 3221 ut
1627 3175 1909 3223 emortuas
1963 3169 2247 3226 hominum
2315 3185 2440 3242 spes
2497 3171 2566 3226 ab
2631 3169 3018 3241 exsuperantia
3060 3167 3401 3239 passionum,
3453 3182 3615 3225 resu-

337 3263 628 3326 scitarent,
657 3260 726 3316 ab
756 3277 822 3317 eo
853 3269 1204 3330 acceperunt,
1231 3261 1328 3332 qui
1362 3261 1480 3332 ipse
1505 3277 1816 3333 resurgens,
1847 3279 1954 3320 una
1995 3276 2242 3324 mortuos
2273 3265 2648 3322 resuscitavit.

407 3355 517 3409 Καὶ
537 3354 622 3419 τίς
652 3353 719 3408 ἂν
741 3353 811 3408 τά
840 3353 1066 3408 ἐκείνων
1097 3354 1198 3425 οὐχ
1225 3353 1302 3418 ὡς
1345 3354 1612 3426 μεγέθους
1645 3356 1743 3409 καὶ
1774 3357 1922 3427 πλή-

2101 3359 2235 3428 Quis
2262 3373 2427 3429 porro
2452 3373 2658 3425 sermo,
2691 3358 2890 3414 nedum
2942 3373 3039 3430 pro
3093 3357 3473 3427 magnitudine
3513 3372 3621 3412 nu-

331 3449 465 3512 θους
500 3447 616 3518 ἔχει
663 3446 990 3520 διηγήσαιτο
1039 3445 1236 3515 λόγος,
1268 3446 1407 3501 ἀλλά
1449 3446 1549 3501 καὶ
1589 3446 1778 3510 ποσῶς
1824 3447 1925 3518 τῆς

330 3538 518 3595 αὐτῶν
545 3537 893 3610 προσάψαιτο
925 3537 1352 3609 μεγαλειότητος
1381 3554 1397 3605 ;
1426 3539 1590 3592 Ὅσαι
1624 3538 1871 3608 γλῶσσαι
1902 3554 1917 3604 ;

329 3633 448 3688 οὐδ’
481 3633 532 3686 εί
567 3633 765 3704 μυρίαι
787 3648 802 3664 ·
833 3631 944 3685 οὐδ’
976 3634 1026 3685 εί
1053 3631 1261 3686 τούτων
1292 3631 1727 3698 πολυπλασίονες
1759 3647 1774 3662 ο
1809 3631 1924 3686 οὐδ’

328 3729 462 3781 ὅσαι
490 3728 604 3790 τοῖς
633 3725 980 3781 καθέκαστον
1019 3727 1079 3780 ἐν
1097 3729 1218 3790 τοῖς
1242 3724 1339 3779 νῦν
1363 3723 1592 3796 ἐνεργοῦ
1605 3741 1689 3780 σιν
1721 3723 1927 3795 ἀνθρώ-

333 3835 486 3884 ποις,
520 3821 571 3872 εί
609 3818 924 3888 πειραθεῖεν
983 3816 1084 3888 τῆς
1131 3816 1314 3871 αὐτῶν
1352 3816 1688 3888 ύφηγήσεως
1743 3830 1922 3885 προσ-

327 3911 472 3982 ἧκόν
501 3928 554 3964 τι
583 3911 762 3965 εἰπεῖν
796 3908 1166 3981 ἐξισχύσαιεν.
1227 3907 1402 3980 ’Υπὲρ
1453 3908 1585 3979 γὰρ,
1650 3907 1711 3960 ού
1755 3906 1924 3978 μόνον

330 4005 626 4075 ἔκφρασιν,
642 4003 777 4058 ἀλλὰ
805 4006 898 4058 καὶ
919 4003 1194 4073 διανόησιν
1211 4001 1387 4056 ταῦτα
1411 4000 1732 4073 γεραίρεται
1756 4017 1771 4034 ο
1787 3999 1926 4053 ἀκα-

327 4099 601 4166 τανοήτου
640 4096 778 4152 Θεοῦ
809 4095 1094 4168 θαυμάσια
1143 4095 1512 4166 τυγχάνοντα,
1569 4090 1920 4164 ἀνερμηνεύ-

328 4207 444 4254 τως
465 4189 752 4255 δοξάζεται
780 4204 793 4219 ·
829 4189 1154 4260 χαρίσματα
1173 4185 1647 4258 καινοτομούμενα
1676 4181 1922 4255 παραδό-

331 4281 444 4347 ξως
475 4282 627 4349 ὄντα,
665 4281 1058 4352 ἀνεκλαλήτως
1091 4278 1341 4342 θεσπίζει
1371 4275 1778 4349 θαυμάζεσθαι.
1807 4275 1922 4330 Οὐκ

331 4377 606 4430 ἐννοεῖται
661 4372 960 4443 λογισμίξν
1023 4371 1125 4425 οὐκ
1198 4371 1532 4442 ἐμφαίνεται
1591 4367 1778 4439 λόγῳ*
1820 4367 1922 4438 οὐχ

329 4467 641 4520 ὑποπίπτει
679 4467 869 4536 μέτρῳ
899 4483 914 4499 ·
946 4464 1008 4518 ού
1041 4464 1222 4536 χρόνῳ
1261 4462 1659 4535 περιορίζεται.
1690 4461 1769 4515 Δι’
1794 4460 1919 4515 ὅλου

327 4561 450 4632 γὰρ
474 4561 569 4614 καὶ
602 4559 726 4615 καθ’
758 4559 999 4630 ἑκάστην
1026 4556 1354 4628 τελούμενα,
1385 4556 1524 4627 πρὸς
1557 4555 1787 4624 ἄπειρον
1820 4551 1922 4625 μὲν

327 4653 578 4709 ἐκτείνει
599 4653 696 4724 τὴν
722 4652 1107 4724 ἀπαρίθμησιν
1130 4667 1144 4682 ’
1175 4652 1258 4716 είς
1286 4649 1672 4722 περιμάχητον
1708 4647 1768 4702 δὲ
1807 4649 1923 4709 τοῖς

2028 3451 2455 3520 merositateque
2486 3463 2574 3504 res
2605 3463 2799 3506 eorum
2825 3447 3192 3513 enarraverit,
3245 3447 3340 3502 sed
3400 3445 3486 3501 vel
3519 3446 3620 3502 ali-

2026 3553 2132 3609 qua
2163 3549 2338 3609 parte,
2365 3536 2828 3609 magniﬁcentiam
2851 3536 3068 3591 illarum
3091 3535 3369 3606 attigerit?
3389 3535 3633 3603 Quanta,

2028 3630 2080 3685 id
2113 3629 2343 3701 lingua?
2373 3627 2453 3685 Ne
2486 3630 2534 3684 si
2563 3637 2870 3695 sexcenta;
2905 3643 2972 3682 ne
3011 3628 3057 3683 si
3085 3627 3152 3683 iis
3191 3627 3405 3697 plures;
3447 3643 3516 3684 ne
3570 3629 3618 3684 si

2027 3723 2191 3779 etiam
2229 3729 2504 3793 quotquot
2563 3736 2712 3776 nunc
2762 3720 2818 3775 in
2870 3720 3104 3791 singulis
3144 3721 3458 3776 hominibus
3490 3735 3620 3793 ope-

2027 3825 2241 3876 rantur,
2269 3813 2552 3884 explicare
2589 3813 2945 3878 tentaverint,
2972 3828 3273 3884 congruum
3293 3812 3523 3881 aliquid,
3554 3829 3620 3870 ac

2027 3906 2161 3964 satis
2190 3921 2222 3961 e
2250 3921 2309 3961 re
2339 3906 2522 3961 dicere
2543 3905 2780 3974 possint.
2826 3905 2998 3976 Supra
3042 3905 3212 3971 enim,
3258 3905 3458 3960 nedum
3497 3919 3622 3961 ver-

2025 4002 2220 4057 borum
2249 3999 2692 4068 explicationem,
2721 3998 2831 4054 sed
2879 4008 2934 4053 et
2965 3997 3136 4052 animi
3173 3997 3615 4067 intelligentiam,

2026 4097 2143 4148 hac
2173 4094 2538 4148 honorantur.
2574 4089 2706 4158 Qua
2735 4089 2850 4153 Dei,
2898 4089 3141 4161 cogitatu
3186 4089 3620 4158 incomprehen-

2026 4183 2245 4251 sibilis,
2286 4182 2558 4238 mirabilia
2620 4184 2914 4247 exsistunt,
2971 4180 3340 4251 inexplicabili
3402 4182 3620 4237 ratione

2025 4276 2357 4333 laudantur:
2398 4291 2518 4348 qua
2552 4275 2696 4331 dona
2748 4273 2983 4330 mirabili
3033 4274 3252 4329 ratione
3284 4288 3448 4340 nova,
3500 4275 3619 4330 ine-

2025 4364 2379 4420 narrabiliter
2417 4380 2481 4420 ac
2509 4363 2728 4419 silentio
2756 4362 3110 4418 admirationi
3139 4363 3432 4420 habentur.
3473 4363 3615 4420 Sunt

2025 4443 2241 4512 ratione
2306 4455 2771 4524 iniutelligibilia;
2826 4464 3110 4523 nequeunt
3173 4454 3444 4510 declarari
3494 4470 3617 4508 ser-

2025 4563 2218 4613 mone;
2269 4562 2382 4602 non
2419 4546 2627 4603 cadunt
2675 4545 2779 4601 sub
2824 4561 3171 4613 mensuram;
3213 4561 3313 4601 nec
3373 4555 3618 4619 tempore

2027 4639 2387 4695 definiuntur.
2421 4639 2552 4706 Qua
2603 4639 2749 4693 enim
2812 4653 2909 4707 per
2937 4647 3107 4692 totum
3145 4647 3359 4706 tempus
3396 4653 3462 4693 ac
3501 4638 3618 4694 dies

327 4745 630 4816 ἑκατέροις
655 4744 935 4814 ἐγγίνεται
965 4743 1199 4814 χρόνοις.
1227 4743 1533 4796 Φιλονεικεί
1577 4741 1687 4812 γὰρ
1715 4741 1742 4793 6
1774 4756 1918 4810 παρ-

2033 4731 2278 4804 singulos
2323 4740 2804 4795 consummantur,
2841 4729 2894 4784 in
2943 4731 3268 4783 immensam
3307 4729 3616 4785 multitudi-

325 4835 598 4912 ῳχηκὼς,
629 4836 698 4890 τὰ
731 4837 786 4889 ἐν
838 4835 989 4906 αύτῷ
1029 4850 1505 4906 προκεκαινοτομη
1518 4835 1657 4902 μένα
1689 4831 1922 4902 προσαλ-

2028 4839 2153 4879 nem
2208 4837 2502 4878 numerum
2571 4822 2882 4890 producunt
2935 4837 2949 4874 :

326 4930 602 5000 λόμενος,
629 4926 936 4998 ἀνάριθμόν
970 4943 1032 4978 τε
1055 4925 1156 4997 τὴν
1190 4924 1398 4978 τούτων
1428 4923 1604 4996 φορὰν
1631 4923 1924 4995 δεικνύμε-

326 5037 452 5086 νος,
480 5021 546 5090 τῇ
567 5019 613 5071 τ’
648 5017 875 5088 εὐτυχίᾳ
908 5016 1110 5087 μᾶλλον
1139 5013 1235 5069 τοῦ
1276 5017 1397 5086 μετ’
1441 5017 1652 5069 ἐκεῖνον
1703 5013 1924 5084 θαυμά-

326 5109 554 5176 ζεσθαι,
596 5108 692 5161 καὶ
733 5105 800 5161 δι’
832 5105 1175 5177 ἀρχαιότητα
1220 5104 1330 5157 τῶν
1362 5104 1769 5176 πεπραγμένων
1793 5103 1928 5176 κλη-

329 5200 573 5275 ροῦσθαι
605 5200 668 5252 τὸ
722 5199 1006 5269 αἰδέσιμον
1031 5216 1045 5230 ·
1077 5197 1508 5268 ἀντιφιλονεικεῖ
1553 5196 1597 5249 δ’
1622 5199 1651 5250 ό
1700 5194 1916 5269 παρὼν,

323 5292 507 5352 αὐτόν
539 5309 598 5345 τε
658 5291 1003 5344 πλεονεκτεῖν
1048 5292 1104 5343 ἐν
1147 5293 1260 5353 τοῖς
1295 5289 1773 5360 προσυνεστῶσιν,
1829 5289 1924 5342 καί⁵

324 5386 456 5448 τοῖς
494 5385 618 5456 άρτι
649 5380 1172 5452 καινοτομουμένοις
1197 5379 1274 5450 τῷ
1292 5381 1614 5451 ἀσυγκρίτῳ
1666 5380 1926 5451 γεραίρε-

330 5478 492 5535 σθαι.
525 5477 637 5531 Καὶ
679 5478 706 5530 6
740 5473 859 5546 μὲν,
919 5474 990 5528 τὰ
1036 5475 1094 5527 ἐν
1127 5472 1511 5545 ὑποῦλήμασιν
1555 5471 1926 5543 παραδεικνὺς

327 5568 737 5640 ἐγκαλλύνεται
765 5581 780 5598 ⁸
813 5568 841 5618 6
871 5566 928 5619 δὲ
969 5565 1067 5618 σὺν
1106 5568 1222 5630 τοῖς
1260 5565 1406 5619 οὓτω
1429 5564 1530 5634 τὴν
1561 5565 1786 5635 μνήμην
1821 5581 1926 5618 πα-

335 5663 710 5736 ρατείνουσιν,
738 5661 833 5713 καὶ
866 5659 938 5711 τὰ
975 5657 1203 5729 ἔναγχος
1237 5658 1333 5714 καὶ
1361 5655 1560 5730 μᾶλλον
1580 5657 1662 5721 εἰς
1689 5656 1926 5728 φανερόν

410 5839 458 5872 ⁰⁶
508 5837 639 5894 Luc.
694 5851 736 5902 ι,
770 5834 824 5889 2.

655 5931 929 5993 PATROL.
972 5931 1088 5992 Gn.
1133 5931 1202 5994 C.

3016 4835 3326 4890 pugnaque,
3404 4829 3619 4891 tempus

2025 4933 2267 4987 prasens
2297 4932 2362 4972 ac
2395 4915 2734 4986 prateritum
2795 4915 3174 4970 committunt.
3227 4913 3442 4969 Etenim
3482 4929 3618 4970 con-

2026 5011 2196 5065 tendit
2233 5010 2516 5080 praterita
2551 5017 2706 5076 atas,
2740 5023 2881 5063 nova
2915 5006 3200 5076 proferens
3235 5007 3287 5060 in
3317 5007 3429 5076 ipsa
3463 5008 3620 5062 exhi-

2023 5102 2156 5168 bita,
2203 5103 2374 5172 inque
2407 5099 2754 5156 innumeram
2815 5099 3222 5154 multitudinem
3271 5099 3614 5166 promovisse

2033 5195 2364 5261 ostendens;
2391 5210 2454 5247 ac
2473 5194 2721 5263 sequenti
2748 5190 3074 5257 feliciorem,
3097 5190 3217 5259 plus
3234 5190 3618 5246 admirationis

2025 5287 2247 5352 habere,
2281 5295 2616 5356 propterque
2637 5299 2822 5339 rerum
2853 5283 3243 5354 antiquitatem
3272 5283 3616 5339 venerationi

2023 5392 2190 5435 esse:
2249 5387 2444 5434 contra
2499 5386 2684 5430 autem
2737 5377 3022 5431 contendit
3053 5391 3320 5449 praesens,
3365 5390 3424 5430 se
3454 5376 3507 5430 in
3547 5377 3616 5430 iis

2025 5486 2143 5540 qua
2164 5478 2568 5541 praeesserunt
2613 5471 2829 5525 abunde
2857 5483 3147 5539 superare,
3201 5468 3612 5538 incomparabi-

2025 5563 2172 5634 lique
2205 5577 2388 5617 rerum
2430 5561 2593 5618 modo
2630 5572 2954 5616 novatarum
2986 5564 3328 5632 prastantia,
3387 5563 3616 5632 pra-celo

2027 5657 2161 5713 lere.
2186 5655 2371 5727 Atque
2395 5656 2741 5726 praterilum
2783 5656 3000 5727 quidem
3034 5671 3230 5724 avum,
3269 5671 3366 5712 ceu
3422 5657 3618 5712 funda-

3098 5924 3175 5992 b8
