4060 6434
394 353 551 421 Ἱὺίἷ)

1547 330 1871 395 GEORGII
1910 324 2509 391 NICOMEDIENSIS

3550 310 3701 378 1516

411 467 582 527 menti
608 465 728 520 loco
753 457 1007 533 praeiacta
1054 452 1368 514 ostendens,
1393 445 1692 520 gloriatur;
1756 456 1995 515 presens
2023 499 2032 516 ⁴

2137 440 2403 514 προτιθεὶς,
2435 435 2787 510 σεμνύνεται.
2834 429 2996 488 Ἀλλὰ
3036 428 3182 502 μέγα
3209 423 3546 501 φρονοῦντες
3574 428 3697 496 ἁμ-

410 574 755 628 autem,cnm
770 556 838 612 iis
856 569 979 625 qua:
1006 549 1339 619 siclongreva
1360 542 1625 600 memoria
1647 547 1795 607 sunt,
1814 538 2002 610 proxi-

374 678 384 695 κ
415 674 505 715 me
536 667 761 727 quoque
794 647 1061 712 exhibita,
1091 644 1267 712 iisque
1319 636 1623 695 illustriora
1666 634 2001 709 producens,

2104 533 2345 604 φότεροι,
2374 529 2436 584 τὸ
2466 526 2900 597 καταδεέστερον
2931 523 2990 576 ὲν
3013 522 3081 594 τῇ
3132 518 3525 592 ἀπαριθμήσει
3580 516 3700 572 τῶν

2104 618 2749 693 τεθαυματουργημένων
2794 615 2993 685 ἐπίσης
3040 612 3278 683 ἔχουσιν.
3319 609 3539 679 Ὠσπερ
3575 607 3698 679 γάρ

414 699 759 807 ἰιοιιέεῑιιιῚιιτ.
810 742 926 799 Etsi
981 748 1163 794 tamen
1210 745 1466 805 magnum
1501 727 1633 800 quid
1675 706 1917 796 sapiu-nt,
1968 737 1999 778 a

2137 716 2204 769 ὐκ
2231 716 2509 785 ἐννοῆσαι,
2549 711 2584 782 ἢ
2610 709 2754 781 λόγῳ
2777 706 3138 778 διασημᾶναι,
3168 702 3344 768 οὕτως
3361 702 3486 755 οὐδὲ
3512 699 3703 773 χρόνῳ

416 858 601 901 rerum
632 834 995 896 nihilominus
1028 800 1353 886 mirabiliter
1379 830 1721 894 patratarum
1776 814 1999 874 cumulo

2137 807 2257 863 αὖθ’
2279 803 2391 862 οἷόν
2425 809 2488 860 τέ
2513 808 2665 859 ἐστιν
2699 800 3067 875 περιγράψαι.

417 935 645 1006 perinde
678 930 957 989 deﬁciunt.
998 924 1086 983 Uti
1153 921 1325 988 enim,
1364 933 1468 975 nec
1514 910 1904 986 comprehendi
1971 907 2236 979 cogitatu,
2270 917 2371 958 nec
2429 890 2683 956 sermone
2709 895 2970 966 esplicari
3034 900 3286 964 possunt,
3321 888 3398 945 ita
3422 902 3526 944 nec
3555 896 3704 944 tem-

415 1044 547 1103 pore
574 1026 792 1082 valeant
820 1019 1058 1078 deﬁniri.

490 1122 623 1189 Quae
667 1116 812 1174 enim
855 1123 1033 1169 vestra
1059 1151 1072 1177 ,
1105 1124 1140 1167 o
1170 1105 1564 1177 stupendorum
1612 1098 2007 1157 miraculorum

418 1217 846 1287 dispensatores,
908 1218 1123 1274 tempus
1194 1201 1362 1257 ullum
1416 1209 1512 1255 ant
1550 1196 1693 1253 ratio
1755 1189 2013 1248 demirari

423 1286 660 1365 suliiciat
680 1299 971 1364 miracula,
1005 1296 1206 1352 nedum
1248 1291 1616 1365 perscribere,
1648 1296 1744 1343 aut
1797 1286 2013 1341 articu-

372 1375 396 1398 ’
426 1400 536 1456 lata
570 1411 701 1453 voce
738 1393 946 1462 eloqui,
972 1404 1094 1460 quae
1131 1392 1353 1441 manent
1410 1382 1579 1439 animi
1629 1379 1808 1436 scnsis
1851 1392 2012 1447 repo-

421 1492 566 1548 sita?
625 1488 913 1553 nimirum,
968 1481 1272 1539 exstinctos
1322 1476 1685 1546 depascentes
1756 1471 2014 1534 morbos;

424 1590 784 1654 exasperatas
849 1593 914 1634 ac
961 1568 1262 1631 aestuantes
1319 1569 1637 1641 proﬁigatas
1691 1565 2014 1636 passiones;

429 1692 493 1731 ac
547 1676 871 1730 instructam
921 1667 1140 1739 quidem
1195 1662 1367 1718 aciem
1413 1661 1678 1715 adversus
1720 1656 2016 1727 spiritales,

427 1768 713 1823 s'nbmotas
745 1772 928 1817 autem
983 1754 1331 1827 corporales;
1368 1749 1648 1807 castitatis
1691 1763 1756 1803 ac
1808 1746 2018 1802 sobrie-

2178 1091 2317 1146 Τίνα
2346 1089 2454 1159 γὰρ
2479 1085 2657 1156 ὑμῶν,
2684 1077 2729 1138 ὧ
2752 1083 2864 1138 τῶν
2901 1079 3225 1153 παραδόξων
3258 1075 3458 1148 ταμίαι
3481 1073 3703 1144 θαυμὰ’

2110 1201 2243 1246 των,
2293 1177 2643 1251 ὲξαρκέσειέν
2685 1193 2769 1237 τις
2800 1172 2993 1244 χρόνος
3041 1170 3076 1241 ἢ
3123 1166 3391 1238 λογισμὸς
3445 1165 3706 1219 ἀποθαυ-

2115 1276 2287 1348 μᾶσαι
2328 1271 2397 1324 τὰ
2432 1268 2728 1338 θαύματα;
2781 1265 2916 1334 μήτι
2964 1278 3031 1330 γε
3074 1258 3317 1329 γράψαι,
3345 1256 3380 1328 ἦ
3446 1255 3717 1327 ὲνάρθρῳ

2111 1361 2463 1434 διαγορεῦσαι
2490 1359 2666 1430 φωνῇ,
2689 1357 2758 1410 τὰ
2795 1357 2857 1407 ἐν
2886 1352 3143 1422 ψυχικαῖς
3176 1348 3538 1417 ὲπισκέψεσιν
3570 1363 3713 1399 συν-

2117 1457 2386 1525 ιστάμενα
2409 1468 2423 1483 ο
2458 1451 2554 1513 τὰς
2590 1447 2699 1502 τῶι
2726 1441 3167 1515 πυρπολούντων’
3190 1437 3384 1492 παθῶν
3419 1434 3711 1490 κατασϐέ-

2118 1564 2253 1613 σεις,
2279 1545 2382 1617 τὴν
2409 1542 2519 1597 τῶν
2543 1543 2740 1608 ἀγριου
2750 1537 2925 1608 μένων
2971 1534 3067 1587 καὶ
3094 1530 3478 1600 κυμαινόντων
3511 1525 3716 1580 παθῶν

2116 1637 2515 1708 καταστόρεσιν
2537 1649 2552 1664 ·
2583 1631 2693 1686 τῶν
2738 1626 3050 1697 νοουμένων
3088 1622 3187 1694 τὴν
3219 1618 3668 1689 ἀντιπαράταξιν
3695 1630 3714 1645 ⁸

2117 1730 2229 1784 τῶν
2256 1716 2472 1798 ὁρατῶν
2499 1724 2599 1796 τὴν
2640 1719 2985 1788 ἁποσόϐησιν
3004 1732 3018 1746 '
3049 1716 3150 1785 τὴν
3198 1713 3299 1783 τῆς
3345 1709 3723 1781 σωφροσύνης

428 1800 713 1823 ηιιυιιιυιασ
745 1800 928 1817 μην...
983 1800 1331 1827 νν.,,ν.----,
1373 1800 1644 1807 ηπηη-
1696 1800 1753 1803 ι-
1849 1800 1858 1802 ἡ

428 1860 560 1915 tatis
636 1855 961 1912 custodiam.
1019 1849 1112 1906 Sic
1168 1849 1408 1909 diversa,
1471 1858 1635 1914 quam
1693 1839 2015 1909 corporibus

2137 1822 2391 1893 ρυλακήν.
2434 1816 2620 1879 Οὕτως
2652 1816 2685 1885 ἡ
2713 1816 2774 1866 ὲν
2811 1811 3064 1881 σώμασιν
3107 1806 3262 1876 ὑμῶν
3293 1804 3554 1873 διάφορος
3593 1800 3726 1853 ἐπί-

429 1948 773 2022 impenditis,
809 1943 1076 2007 visitatio,
1114 1939 1266 1994 varia
1319 1934 1586 1993 beneﬁcia
1611 1931 1874 1989 ostendit.
1923 1929 2015 1984 Sic

428 2021 525 2115 qui
579 2039 730 2096 solus
768 2049 981 2093 summe
1030 2029 1373 2089 admirabilis
1403 2036 1508 2092 est,
1540 2040 1697 2082 suam
1752 2023 1806 2078 in
1858 2021 2016 2076 vobis

431 2111 749 2189 miriﬁcavit
790 2127 1082 2183 virtutem.
1134 2120 1347 2179 Sanctis
1407 2120 1578 2182 enim,
1628 2115 1806 2184 inquit
1862 2111 2018 2168 Psal-

433 2225 621 2293 mista,
687 2217 1082 2292 miriﬁcavit".
1141 2212 1261 2270 Non
1330 2211 1489 2277 dixit,
1547 2208 1869 2277 miri/iratus
1900 2212 2019 2268 est;

433 2317 551 2383 sed,
605 2313 947 2384 miri/ienuit.
985 2307 1199 2364 Etenim
1236 2304 1352 2371 ille,
1384 2300 1583 2372 inquit,
1619 2311 1814 2355 natura
1844 2293 2022 2359 admi-

438 2408 627 2464 rabilis
653 2414 758 2473 est,
791 2417 897 2460 nec
916 2401 1024 2457 ulla
1047 2415 1113 2455 ex
1143 2394 1420 2452 miraculis
1443 2390 1671 2464 patratis
1707 2385 2022 2443 accessione

434 2511 560 2572 eget
586 2498 653 2553 ad
686 2493 1082 2553 conciliandam
1135 2487 1577 2551 admirationem,
1613 2480 1708 2538 sed
1770 2476 2025 2533 mirilicat

436 2598 491 2653 in
538 2594 742 2651 sanctis
770 2605 869 2648 sua
909 2585 1197 2650 beneﬁcia,
1237 2578 1489 2637 miriﬁeat
1534 2583 1747 2647 patrata
1802 2586 1897 2641 per
1929 2583 2026 2625 eos

441 2688 713 2761 prodigia,
749 2683 1007 2740 miriﬁcat
1037 2694 1193 2735 suam
1237 2676 1290 2730 in
1321 2673 1402 2729 eis
1428 2668 1754 2740 potentiam,
1814 2674 1868 2720 et
1905 2676 2024 2732 qua:

442 2797 539 2852 per
563 2795 658 2835 eos
686 2792 826 2834 nova
850 2774 987 2830 ﬁunt
1047 2765 1332 2825 miracula.
1384 2762 1560 2818 Porro
1616 2771 1837 2814 causam
1877 2750 2027 2807 miri-

365 2943 371 2949 π
442 2847 717 2928 licationis
760 2863 1051 2938 perspicue
1109 2858 1400 2913 admodum
1452 2848 1729 2908 edisserit.
1766 2847 2025 2914 Quzrnam

441 2979 572 3021 vero
610 2961 723 3027 illa,
764 2974 827 3015 ac
853 2953 1064 3027 qualis?
1093 2950 1290 3007 Omnes
1319 2943 1695 3014 enim,inquit,
1727 2940 2028 2994 voluntates

440 3056 632 3130 ejusin
661 3055 736 3110 eis
774 3051 844 3107 ⁸⁸.
874 3050 930 3105 In
977 3049 1044 3104 iis
1076 3043 1334 3100 tniriﬁcat
1370 3039 1531 3104 dona,
1593 3036 1648 3093 in
1697 3034 1896 3108 quibus
1931 3032 2032 3085 im-

446 3151 667 3222 plentur
694 3146 814 3222 ejus
842 3143 1195 3206 voluntates;
1248 3136 1301 3193 in
1345 3133 1543 3206 quibus
1575 3133 1695 3186 sine
1730 3142 1882 3183 mora
1911 3124 2030 3197 ejus

445 3220 785 3316 peraguntur
817 3242 1122 3309 praecepta;
1156 3232 1210 3287 in
1242 3230 1441 3300 quibus
1476 3227 1689 3280 sincera
1735 3220 1890 3285 ﬁdes,
1944 3231 2032 3270 sa-

449 3309 734 3404 lubrisque
769 3330 947 3404 legum
981 3323 1256 3384 institutio
1281 3327 1562 3381 servatur;
1582 3313 1638 3370 in
1670 3313 1869 3383 quibus
1892 3309 2029 3380 ipse,

450 3444 515 3485 ac
540 3399 702 3483 Pater
722 3399 1087 3496 praepurgatis
1110 3432 1174 3473 ac
1193 3411 1550 3473 sanctiﬁcatis
1584 3406 1824 3477 Spiritus
1856 3399 2033 3460 sancti

448 3521 714 3586 adventu,
741 3516 1030 3573 venientes
1058 3509 1269 3568 faciunt
1292 3496 1693 3563 mansionem”

520 3802 586 3858 In
630 3801 786 3858 hunc
838 3795 1079 3862 modum,
1120 3779 1238 3849 sua
1276 3789 1331 3845 in
1373 3785 1532 3842 vobis
1568 3778 1864 3850 adimpleta
1917 3783 2040 3830 esse

447 3905 752 3971 praecepta,
788 3906 853 3947 ex
910 3888 980 3944 iis
1026 3898 1150 3959 qua!
1193 3879 1469 3946 retribuit,
1494 3873 1732 3933 dilucide
1765 3866 2038 3932 ostendit;

455 3957 706 4060 atque-id
734 3957 1000 4055 quantum
1048 3957 1474 4034 retributionum
1526 3962 1846 4036 magnitudo
1877 3957 2042 4013 rebus

457 4052 593 4154 ipsis
616 4052 858 4141 exhibet,
887 4087 951 4127 ac
976 4069 1181 4143 prodit.
1206 4065 1342 4121 Nam
1373 4067 1515 4118 dona
1540 4057 1761 4130 quidem
1810 4052 1952 4124 ipsa,
1986 4055 2044 4151 et

457 4138 752 4232 e‘xsistunt,
785 4138 854 4220 etv
874 4138 1067 4218 honori
1102 4158 1409 4221 habentur;
1440 4165 1629 4208 eorum
1657 4155 1838 4200 tamen
1863 4138 2043 4198 studio

450 4280 527 4322 ac
556 4238 866 4324 voluntate,
931 4252 1025 4324 qui
1077 4251 1360 4329 alliciunt,
1400 4246 1672 4317 digneque
1717 4236 2044 4309 suscipiunt,

457 4372 581 4413 eum
643 4354 866 4411 modum
945 4326 1243 4419 accipiunt,
1301 4351 1415 4397 tum
1483 4335 1815 4407 praebentur.
1868 4326 2046 4396 Larga

461 4450 630 4519 igitur
661 4460 849 4503 eorum
891 4437 1286 4511 impertitione,
1322 4445 1447 4488 cum
1478 4437 1687 4492 vestra,
1736 4420 1829 4493 qui
1860 4432 2047 4476 susce-

463 4500 644 4615 puistis,
680 4538 935 4606 religiosa
966 4500 1246 4596 voluntas,
1287 4534 1401 4580 tum
1441 4519 1641 4593 praevia
1676 4531 1742 4573 ex
1787 4512 2032 4584 operibus

2152 4506 2274 4570 θεος
2328 4500 2673 4575 προαίρεσις,

2315 4613 2365 4615 -—
2386 4595 2608 4615 ---η-1-...

458 4604 797 4708 vpraparatio—
832 4631 902 4686 iis
939 4625 1412 4684 commensurata,
1453 4611 1766 4671 ostenditur
1819 4604 2046 4677 pariter,

465 4698 631 4799 atque
652 4726 707 4780 in
739 4737 899 4794 opus,
937 4720 1004 4775 iis
1030 4717 1123 4788 qui
1146 4712 1337 4770 volunt
1363 4706 1674 4777 exquirere,
1702 4698 2051 4773 proponitur.

462 4819 609 4887 Quis
641 4793 788 4873 enim
837 4813 974 4867 adeo
1004 4805 1394 4864 miraculorum
1439 4798 1614 4871 gloria
1645 4796 1817 4860 dives,
1848 4793 1930 4847 vel
1959 4805 2059 4844 no-

2120 1892 2315 1983 σκεψις
2341 1910 2591 1972 ποικίλας
2612 1911 2713 1969 τὰς
2753 1903 3079 1976 εὐεργεσίας
3109 1899 3471 1953 ἐνδείκνυται.
3515 1892 3723 1955 Οὕτως

2117 2010 2146 2063 ὁ
2182 2010 2342 2078 μόνος
2387 2002 2837 2074 θαυμαστότατός
2865 1997 3091 2067 Κύριος,
3117 1995 3176 2048 ἐν
3210 1993 3339 2062 ύμῖν
3364 1988 3467 2061 τὴν
3498 1986 3724 2041 οἰκείαν

2118 2099 2547 2171 έθαυμάστωσεν
2573 2095 2830 2166 δύναμιν.
2886 2090 3013 2157 Τοῖς
3054 2088 3248 2158 ἁγίοις
3280 2084 3414 2154 γὰρ.
3481 2081 3657 2151 φησιν
3689 2080 3726 2132 ὁ

2118 2194 2444 2267 Ψαλμῳίδς,
2464 2190 2954 2262 ἐθαυμάστωσεν.
2969 2185 3082 2238 Οὐκ
3097 2177 3562 2249 Ἐθαυμαστώθη,
3583 2174 3722 2245 ἔφη’

2120 2284 2786 2356 ἀλλ’Ὲθαινμάστωσεν.
2813 2279 2978 2334 Φύσει
3011 2278 3111 2348 μὲν
3165 2275 3275 2345 γὰρ
3300 2274 3509 2332 ἐκεῖνος
3573 2267 3723 2319 θαυ-

2126 2381 2357 2454 μαστὸς,
2398 2376 2585 2450 φησὶν,
2619 2375 2713 2428 καὶ
2748 2371 3006 2443 οὐδεμιᾶς
3041 2367 3149 2423 τῶν
3178 2359 3725 2435 θαυματουργουμέ-

2124 2491 2231 2526 νων
2266 2469 2589 2542 προσθήκης
2617 2465 2897 2520 ἐπιδέεται
2918 2460 3009 2518 τοῦ
3050 2454 3519 2526 θαυματτωθῆναι
3539 2468 3551 2481 ⁸
3584 2451 3726 2505 θαυ-

2129 2564 2326 2635 μαστυῖ
2373 2559 2417 2614 δ’
2457 2563 2516 2612 ὲν
2566 2558 2678 2620 τοῖς
2710 2554 2890 2622 ἁγίοις
2941 2551 3039 2613 τὰς
3086 2548 3297 2610 οἰκείας
3337 2543 3671 2614 εὐεργεσίας
3704 2559 3724 2574 ·

2130 2654 2440 2722 θαυμαστοῖ
2456 2650 2524 2703 τὰ
2543 2649 2611 2703 δι’
2633 2646 2814 2701 αὐτῶν
2835 2642 3235 2711 ἐπιτελούμενα
3255 2638 3539 2708 τεράστια·
3588 2634 3729 2687 θαυ-

2132 2746 2331 2817 μαστοῖ
2360 2744 2462 2811 τὴν
2495 2742 2634 2795 ἰδίαν
2674 2741 2732 2793 ὲν
2761 2738 2975 2798 τούτοις
3013 2734 3193 2804 ἰσχὺν,
3239 2731 3332 2784 καὶ
3387 2731 3454 2781 τὶ
3499 2726 3568 2780 δι’
3623 2724 3731 2779 αὐ-

2127 2838 2239 2894 τῶν
2265 2834 2741 2906 καινοτομούμενα
2766 2826 3072 2902 παράδοξα.
3106 2825 3214 2877 Καὶ
3254 2822 3354 2893 τὴν
3389 2820 3573 2873 αἰτίαν
3616 2817 3728 2888 τῆς

2133 2932 2601 3001 θαυμαστώσεως,
2634 2926 2781 2997 μάλα
2816 2923 3003 2994 σαφῶς
3031 2919 3320 2985 διέξεισιν.
3361 2915 3457 2975 Τίς
3479 2912 3535 2966 δὲ
3551 2911 3729 2980 αὕτη,

2131 3026 2366 3092 καὶοίας
2400 3023 2676 3077 Ἀπαντα
2706 3026 2836 3089 γὰρ.
2873 3016 3007 3087 φησὶ
3027 3055 3042 3080 ,
3075 3013 3147 3066 τὰ
3174 3007 3494 3078 θελήματα
3529 3002 3731 3058 αὐτοῦ

2132 3119 2204 3174 ἐν
2233 3104 2456 3183 αὐτοῖς.
2497 3114 2586 3168 Ἐν
2636 3112 2847 3175 τούτοις
2881 3110 2982 3173 τὰς
3014 3105 3226 3177 δωρεάς
3276 3101 3611 3171 θαυμαστοῖ,
3661 3101 3731 3152 ἰν

2135 3202 2215 3274 οἷς
2243 3208 2312 3262 τὰ
2345 3205 2512 3261 αὑτοῦ
2547 3204 2853 3272 πληροῦται
2882 3200 3169 3270 θελήματα
3193 3211 3208 3225 ⁸
3256 3197 3315 3248 ὲν
3357 3187 3442 3255 οἷς
3482 3193 3656 3244 ἁνυπε
3670 3206 3735 3260 ρ-

2136 3300 2274 3368 θέτῳ
2302 3297 2498 3370 γνώμῃ
2527 3298 2594 3352 τὰ
2615 3295 2807 3350 τούτου
2836 3292 3116 3349 διανύεται
3162 3277 3615 3359 προστάγματα”
3664 3286 3734 3337 ὲν

2134 3389 2216 3460 οἷς
2239 3394 2421 3456 πίστις
2452 3391 2762 3455 ἀνόθευτος,
2802 3388 2899 3441 καὶ
2933 3387 3089 3455 νόμοι
3121 3379 3580 3452 διαφυλάττονται
3613 3394 3735 3430 σω-

2136 3488 2319 3560 τήριοι
2349 3503 2362 3516 ·
2396 3486 2455 3538 έν
2487 3479 2568 3549 οἷς
2604 3481 2766 3542 αὐτὸς
2795 3483 2889 3535 καὶ
2914 3481 2941 3532 ὁ
2971 3477 3162 3547 Πατὴρ
3194 3468 3636 3546 προκαθαρθεῖσί
3660 3486 3728 3522 τε

2138 3586 2232 3651 καὶ
2271 3578 2623 3649 άγιασθεῖσιν
2652 3576 2810 3645 ἁγίου
2855 3572 3178 3644 Πνεύματος
3227 3566 3517 3638 ἐπιδημίᾳ,
3556 3563 3739 3636 μονὴν

2138 3674 2428 3729 ποιοῦνται
2462 3670 2927 3742 παραγενόμενοι.

2213 3762 2405 3827 Οὕτως
2449 3764 2506 3816 ὲν
2536 3762 2666 3833 ύμῖν
2696 3759 2764 3813 τὰ
2792 3758 3008 3811 ἐκείνου
3063 3753 3345 3808 δείκνυται
3400 3745 3596 3817 σαφῶς
3641 3744 3744 3799 διὰ

2141 3858 2252 3913 τῶν
2307 3856 2634 3913 ἀντιδόσεων
2681 3847 3081 3920 πεπληρῶσθαι
3142 3845 3592 3916 προστάγματαο
3634 3839 3745 3892 καὶ

2141 3950 2418 4016 τοσοῦτον,
2453 3948 2578 4002 ὅσον
2603 3947 2658 4001 αί
2679 3930 2909 4016 ἀμοιόαὶ
2942 3936 3282 4011 παριστῶσιν
3320 3935 3433 3998 τοῖς
3462 3932 3746 4004 πράγμα-

2146 4061 2250 4116 σνιν.
2314 4041 2527 4112 Δωρεαὶ
2566 4037 2663 4110 μὲν
2708 4037 2818 4106 γὰρ
2849 4025 3010 4088 αὗται
3050 4036 3148 4086 καὶ
3173 4026 3543 4099 τυγχάνουσιν
3569 4063 3587 4090 ,
3638 4021 3747 4077 καὶ

2144 4134 2502 4218 ’(εραίρρνται
2523 4147 2540 4164 ο
2574 4129 2780 4201 σπουδῇ
2820 4127 2879 4181 δὲ
2907 4125 3004 4180 καὶ
3032 4120 3361 4194 προαιρέσει
3393 4117 3504 4173 τῶν
3524 4115 3748 4179 ταύτας

2147 4208 2570 4299 ἐπισπωμένων,
2605 4222 2704 4277 καὶ
2759 4219 2879 4275 κατ’
2930 4216 3089 4283 ἀξίαν
3148 4210 3596 4283 ὑποδεχομένων,
3641 4208 3749 4262 καὶ

2160 4297 2494 4392 μετροῦνται
2518 4313 2616 4368 καὶ
2645 4311 2998 4383 παρέχονται.
3026 4301 3241 4360 Οὐκοῦν
3264 4304 3334 4373 τῇ
3364 4298 3586 4370 ἀφθόνῳ
3617 4297 3751 4351 τού-

2148 4390 2257 4468 των
2276 4390 2592 4484 μεταδόσει,
2626 4405 2721 4461 καὶ
2761 4402 2917 4475 ὑμῶν
2940 4400 3049 4454 τῶν
3071 4395 3379 4469 εἰληφότων
3414 4390 3451 4464 ἢ
3487 4408 3553 4445 τε
3582 4390 3748 4461 φιλό-

2720 4497 2816 4550 καὶ
2867 4493 2900 4563 ή
2956 4491 3026 4545 δι’
3071 4489 3250 4563 ἔργων
3299 4481 3755 4559 προπαρασκευὴ

2151 4595 2635 4669 συμμετρουμένη,
2676 4590 2773 4644 καὶ
2806 4585 3093 4659 δηλοῦται,
3135 4582 3246 4636 καὶ·
3275 4582 3358 4645 είς
3405 4578 3573 4651 ἔργον
3630 4578 3753 4640 τοῖς

2151 4690 2431 4756 ἐξετάζειν
2466 4683 2817 4757 βουλομένοις
2845 4678 3194 4749 προτίθεται.
3222 4673 3320 4739 Τίς
3359 4677 3467 4744 γὰρ
3523 4672 3593 4742 τῇ
3630 4670 3749 4722 τιίν

2155 4782 2450 4853 θαυμάτων
2484 4777 2631 4832 οὕτω
2661 4772 3027 4834 πλουτισθείς,
3047 4768 3157 4823 τῶν
3184 4767 3281 4820 νῦν
3317 4764 3482 4836 ἣτῶν
3513 4761 3755 4816 παλαιοο

469 4859 609 4887 κα...
837 4859 971 4867 ---η
1439 4859 1470 4871 υ

469 4923 600 4971 strae
648 4907 808 4979 hujus
841 4901 1042 4968 aetatis,
1070 4897 1158 4953 vel
1211 4892 1630 4951 veterrimorum
1668 4884 1971 4947 hominum,
2002 4898 2032 4936 υ

2158 4876 2360 4933 τὰτων.
2384 4873 2598 4945 χάριτι,
2635 4862 2790 4938 ᾧπερ
2823 4869 2943 4926 ταῖς
2981 4864 3140 4933 ὑμῶν
3171 4861 3403 4929 δωρεαῖς
3435 4859 3755 4923 ἀντιπαρα-

2220 4968 2241 4979 ,.
2339 4967 2348 4979 .
2535 4964 2546 4979 ι
2640 4965 2654 4979 ο
2742 4962 2766 4973 ι-
2857 4958 3051 4979 :,___:-
3092 4954 3301 4979 ι--ι---,.
3339 4950 3430 4979 [νιν
3501 4950 3530 4979 .⁹.
3586 4948 3755 4979 ιιι-...1

464 5009 513 5063 ei
536 5019 664 5061 cum
683 4977 882 5057 vestris
900 4992 1096 5050 collata
1122 4986 1461 5050 muneribus,
1479 4979 1700 5037 virtutis
1721 4977 1813 5034 illa
1832 4978 2049 5048 magni-

467 5094 691 5152 ﬁcentia
732 5106 839 5147 non
872 5083 1062 5143 cedat?
1764 5087 1772 5095 ·

543 5186 816 5241 Abraham
861 5181 1081 5252 quidem
1113 5174 1197 5228 vir
1235 5171 1438 5243 justus,
1467 5161 1740 5221 universis
1769 5173 1869 5232 pro
1916 5166 2053 5212 tem-

472 5294 604 5351 pore
638 5264 1074 5336 'exsistentibus,
1132 5264 1370 5322 nominis
1422 5256 1744 5315 celebritate
1796 5252 2056 5337 praelatus

472 5328 602 5351 .----
660 5328 798 5333 ν-ηκ-
842 5328 853 5330 -
1060 5328 1072 5336 ,

470 5373 610 5439 fuit;
638 5367 829 5425 multis
858 5376 1043 5422 tamen
1073 5359 1323 5431 partibus
1350 5352 1594 5425 agratiis
1637 5346 1836 5401 vestris
1865 5328 2056 5398 abesse

472 5437 769 5529 videbitur,
819 5475 925 5531 qua
968 5451 1351 5511 honestissima
1416 5447 1552 5509 vita,
1621 5454 1685 5497 ac
1741 5437 2055 5510 praestantia

475 5560 764 5620 virtutum,
802 5552 1067 5623 majorem
1117 5540 1529 5614 comparatione
1559 5532 1942 5592 excellentiam
1972 5544 2060 5584 ve-

478 5656 650 5709 stram
698 5622 1015 5703 ostendunt.
1064 5636 1201 5693 Nam
1264 5632 1354 5689 ille
1401 5629 1646 5702 quidem,
1681 5622 2099 5682 universorum.

556 5831 601 5863 ’⁷
655 5823 803 5879 Psal.
842 5834 931 5889 xv,
971 5819 1027 5881 '5.
1099 5808 1351 5893 guno.
1440 5807 1486 5841 θ’
1520 5805 1691 5864 ϐοτη.
1719 5816 1836 5886 xiv,

2159 4967 2452 5037 τιθεμένῳ,
2494 4964 2594 5035 οὐχ
2630 4965 2665 5034 ἡ
2707 4962 2805 5033 τῆς
2849 4958 3051 5031 ἀρετῆς
3089 4954 3306 5022 ἐφίεται
3339 4950 3452 5024 [Ion
3501 4948 3755 5020 ύτίεται]

2160 5055 2521 5130 μὲγαλειὸτης
2540 5072 2560 5123 ς
3700 5062 3713 5068 -

2243 5150 2496 5221 Ἀϐραὰμ
2530 5146 2632 5218 μὲν
2685 5144 2796 5215 γὰρ
2856 5144 2885 5196 ὁ
2930 5141 3159 5203 δίκαιος,
3199 5135 3308 5190 τῶν
3357 5133 3499 5188 κατὰ
3557 5131 3759 5200 καιρῆοι

2165 5243 2425 5297 ἁπάντων
2453 5237 2817 5310 διεθρυλλήθη
2874 5232 3310 5304 προκρινάμενος
3332 5243 3346 5257 ο
3400 5224 3518 5279 ἀλλ’
3553 5222 3761 5275 ἐνδέων

2160 5335 2242 5407 τῷ
2275 5333 2515 5402 πλείστῳ
2571 5330 2679 5383 τῶν
2711 5328 2867 5398 ὑμῶν
2902 5327 3165 5396 χαρίτων.
3198 5320 3524 5388 ὀφθήσεται,
3554 5313 3624 5368 δι’
3683 5305 3764 5367 ὧν

2165 5430 2278 5501 βίος
2299 5427 2653 5499 σεμνότατος,
2684 5424 2777 5475 καὶ
2799 5417 3011 5491 ἀρετῶν
3044 5412 3348 5484 ὑπερϐολὴ,
3369 5408 3430 5462 τὸ
3449 5409 3579 5477 ὑμῖν
3608 5421 3764 5476 παρ-

2166 5498 2390 5578 ιστῶσιν
2418 5519 2772 5590 ἀσύγκριτον.
2820 5512 2925 5568 Τὸν
2974 5510 3083 5564 τῶν
3145 5508 3284 5562 ὅλων
3318 5502 3418 5575 μὲν
3468 5501 3579 5571 γάρ
3620 5498 3765 5568 Θεὸν

2171 5616 2378 5681 ἐκεῖνος
2410 5589 2701 5684 ἠγάπησεν
2724 5647 2743 5677 ,
2771 5596 3322 5684 ὑπερηγαπήσατε
3343 5592 3534 5678 τοῦτον
3571 5589 3765 5663 ὑμεῖς,
