4060 6462
356 361 488 429 1517

1209 355 1291 416 ΙΝ
1331 354 1438 415 SS.
1482 352 1714 415 MART.
1749 350 2056 411 COSMAM
2096 348 2192 409 ET
2234 348 2669 409 DAMIANUM.

3489 350 3628 417 1518

351 473 628 545 ἀσαρκίαν
669 470 739 524 δι’
770 466 936 523 αὑτὸν
988 466 1083 521 καὶ
1116 466 1418 536 ἀγγελικὴν
1456 463 1793 537 ἀνῃρημένοι
1829 479 1931 515 πο-

2056 461 2231 517 lilexit
2267 463 2431 517 Deum
2461 479 2476 528 ;
2540 478 2635 518 vos
2672 469 2876 528 autem,
2914 463 3005 533 qui
3064 472 3286 534 propter
3318 481 3443 521 eum
3502 469 3627 524 vita:

350 565 575 620 λιτείαν.
602 561 711 616 Καὶ
736 559 856 631 Θεῷ
890 559 998 631 μὲν·
1028 559 1257 621 ἐκεῖνος,
1279 557 1371 610 τὸν
1395 556 1454 621 ἐξ
1482 555 1685 624 ὀσφύος
1707 554 1924 626 καρπὸν

351 657 545 712 θυσίαν
565 653 837 721 ἀνήνεγκε
871 649 1261 721 προστάγματι
1290 647 1387 701 τοῦ
1444 645 1741 718 δεχομένου
1789 644 1932 698 καθ-

354 748 826 823 υπηρετούμενος·
855 747 1086 818 σώματα
1100 745 1144 798 δ’
1166 746 1324 814 ὑμεῖς
1343 743 1684 814 αὐθαιρέτως
1709 741 1939 813 ἀνηνέγ-

351 861 487 900 κατε
513 861 528 876 ο
564 842 813 914 μαχαίρᾳ
835 839 982 893 θείου
1006 838 1199 901 πόθου,
1223 838 1317 892 καὶ
1351 837 1485 908 πυρί
1514 836 1692 890 ταῦτα
1719 836 1818 905 τῆς
1838 837 1935 903 ἐγ⁸

353 935 618 1008 κρατείας
649 931 1097 996 όλοκαυτοῦντες.
1136 930 1248 991 Καὶ
1281 929 1436 1001 κριὸν
1472 929 1573 1000 μὲν
1608 930 1817 991 ἐκεῖνος
1842 925 1936 979 τοῦ

351 1026 770 1099 προπαγομένου
802 1025 1000 1096 λύτρον
1027 1023 1248 1091 ἐδέξατο
1267 1039 1282 1055 ·
1306 1023 1467 1091 ὑμεῖς
1487 1021 1530 1074 δ’
1553 1017 1939 1087 ἀνενεγκόντες

351 1122 634 1185 ἐπείσατε,
681 1120 778 1173 καὶ
822 1116 1279 1186 ἀνταλλάγματος
1343 1115 1446 1168 οὐκ
1505 1112 1791 1184 ἐδεήθητε.
1829 1111 1939 1164 Καὶ

359 1212 530 1279 ἅπαξ,
551 1213 763 1276 ἐκεῖνος
795 1209 897 1281 μὲν
921 1212 1267 1281 προσήνεγκε
1289 1224 1302 1237 ·
1336 1207 1403 1261 δι’
1433 1206 1558 1260 ὅλου
1577 1205 1623 1259 δ’
1658 1206 1816 1274 ὑμεῖς
1841 1202 1938 1256 τοῦ

358 1306 475 1377 βίου
529 1303 909 1376 προσήχθητε,
979 1301 1379 1372 σταυρούμενοι
1454 1297 1534 1369 τῷ
1599 1298 1795 1368 κόσμῳ
1844 1295 1942 1350 καὶ

355 1395 551 1467 νεκρού
561 1413 734 1467 μενοι,
762 1395 860 1449 καὶ
893 1393 982 1448 διὰ
1012 1393 1195 1464 πάσης
1226 1390 1375 1462 ζωῆς
1404 1389 1868 1462 ἀποθνήσκοντες.

430 1684 540 1739 Καὶ
578 1685 638 1736 ἐν
668 1679 949 1752 φιλοξενίᾳ
983 1677 1085 1749 μὲν
1130 1678 1343 1743 ἐκεῖνος
1404 1677 1753 1750 θαυμάζεται
1783 1693 1796 1707 ⁸
1846 1677 1943 1732 καὶ

358 1778 468 1849 γὰρ
496 1774 721 1840 ἐπάξιον
735 1772 985 1843 τδοέργον
1005 1770 1311 1841 θαύματος,
1345 1771 1439 1825 καὶ
1472 1770 1574 1840 τῆς
1604 1770 1817 1824 ἐκείνου
1853 1786 1947 1841 με·

2039 555 2306 608 rationem
2339 557 2487 608 velut
2518 563 2675 609 extra
2701 569 2947 618 carnem,
2982 570 3045 609 ac
3089 554 3391 624 angelicam
3445 557 3627 627 elege«

2043 646 2181 711 ritis,
2213 646 2468 715 ampliori
2491 647 2713 701 cumulo
2737 647 3010 703 dilexistis
3043 663 3057 700 :
3090 655 3258 717 atque
3286 648 3378 703 ille
3405 650 3627 718 quidem

2038 737 2353 793 lumborum
2402 738 2662 804 fructum,
2720 739 2903 794 divino
2954 738 3092 807 ejus,
3128 740 3221 808 qui
3274 753 3628 812 suscepturus

2039 845 2206 897 esset,
2240 841 2508 901 praecepto
2528 830 2861 900 obsequens,
2894 830 3225 887 sacriﬁcium
3260 834 3494 908 obtulit;
3535 849 3631 890 vos

2039 934 2221 978 autem
2263 932 2447 979 vestra
2480 935 2676 993 sponte
2706 940 2938 994 corpora
2982 925 3298 992 offerentes,
3347 928 3517 983 divini
3564 945 3629 984 ea

2040 1017 2243 1072 amoris
2269 1017 2472 1089 gladio,
2501 1033 2565 1073 ac
2586 1019 2696 1089 igni
2730 1020 3019 1088 castitatis,
3042 1020 3432 1078 sacriﬁcastis:
3468 1032 3632 1093 atque

2044 1109 2090 1164 is
2126 1111 2367 1180 quidem,
2390 1112 2506 1181 ejus
2543 1113 2635 1183 qui
2667 1111 2976 1168 efferendus
3013 1122 3155 1169 esset
3206 1114 3471 1185 redempti
3505 1131 3632 1186 pre-

2046 1203 2203 1271 tium,
2245 1206 2471 1260 arietem
2503 1206 2757 1276 aecepit;
2803 1222 2898 1261 vos
2926 1215 3108 1263 autem
3137 1207 3416 1265 offerendo
3452 1213 3634 1279 reipsa

2043 1299 2192 1366 passi
2223 1298 2378 1364 estis,
2408 1314 2509 1355 nec
2545 1299 2650 1353 ulla
2687 1302 3120 1356 commutatione
3156 1316 3294 1372 opus
3324 1302 3630 1359 habuistis:

2046 1406 2111 1447 ac
2145 1393 2389 1458 tandem,
2421 1394 2593 1450 semel
2626 1394 2718 1449 ille
2747 1396 2965 1461 obtulit,
2998 1412 3096 1452 vos
3128 1407 3308 1457 autem
3341 1414 3436 1467 per
3463 1409 3632 1453 totam

2047 1486 2219 1539 vitam
2254 1486 2425 1541 oblati
2452 1489 2613 1553 estis,
2648 1487 2851 1542 mundo
2880 1488 3127 1544 cruciﬁxi
3168 1506 3232 1546 ac
3292 1492 3635 1558 mortificati,

2051 1590 2116 1631 ac
2140 1577 2385 1648 quotidie
2420 1579 2743 1635 morientes.

2117 1670 2301 1741 'Atque
2359 1671 2639 1727 Abraham
2687 1674 2910 1744 quidem
2971 1674 3365 1746 hospitalitatis
3417 1679 3640 1738 nomine

2048 1762 2470 1818 admirationem
2501 1765 2704 1822 habet:
2743 1767 2904 1837 plane
2934 1770 3079 1825 enim
3116 1786 3205 1827 res
3239 1782 3322 1828 est
3349 1773 3510 1844 digna
3543 1775 3641 1829 ad-

360 1834 667 1941 γαλοφυὴις
694 1834 923 1938 γνήσίον
950 1879 965 1893 ·
1015 1834 1132 1917 diu;
1169 1866 1235 1916 ἐκ
1282 1834 1610 1935 περιουσίας
1651 1862 1789 1935 αὕτη
1835 1834 1945 1916 τῶν

2056 1856 2370 1921 miratione,
2390 1856 2648 1927 illiusque
2664 1860 2937 1930 magniﬁci
2953 1862 3120 1917 animi
3143 1865 3438 1934 genuinum
3457 1881 3634 1935 opus:

361 1964 595 2018 ἐνόντων
638 1960 735 2015 καὶ
773 1960 1084 2031 προεχεῖτο,
1144 1957 1242 2011 καὶ
1294 1957 1373 2020 είς
1404 1956 1535 2019 τοὺς
1586 1955 1948 2027 παρατυγχά-

357 2052 911 2123 νονταςδιενέμετοο
974 2052 1036 2103 ἐν
1072 2049 1226 2116 τάξει
1263 2048 1309 2102 δ’
1368 2050 1531 2120 ὑμεῖς
1582 2048 1948 2119 ξενιζομένων

359 2142 682 2213 ἐθελουσίῳ,
722 2143 821 2197 καὶ
854 2142 955 2197 οὐκ
1011 2140 1301 2210 ἀϐουλήτῳ
1334 2140 1499 2211 πενία
1549 2141 1946 2207 καταστάντες,

360 2236 642 2307 ξενοδοχίᾳ
668 2238 736 2307 τῇ
771 2234 1046 2306 κρείττονι
1070 2235 1199 2297 τοὺς
1230 2233 1467 2297 ἐπιδεεῖς
1499 2233 1752 2297 ἅπαντας
1778 2233 1949 2299 ἐξενί-

359 2339 494 2377 σατε
522 2339 537 2354 ·
570 2322 1062 2393 φιλοφρονούμενοι
1122 2322 1348 2385 τούτους
1376 2320 1580 2393 ψυχαῖς
1617 2340 1680 2377 τε
1721 2324 1818 2377 καὶ
1846 2322 1952 2376 σώ-

363 2433 554 2487 μασιν,
587 2415 685 2469 καὶ
709 2414 1180 2487 ἀναῤῥωννύντες,
1201 2415 1303 2468 οὑκ
1332 2416 1391 2468 ἐν
1427 2415 1609 2487 χρόνῳ
1654 2416 1688 2487 ή
1720 2432 1829 2469 τινι
1857 2415 1951 2469 τό-

357 2527 452 2581 πῳ
492 2511 594 2579 τὴν
628 2508 961 2578 φιλοξενίαν,
1012 2507 1153 2562 ἀλλά
1179 2506 1460 2578 πανταχοῦ
1489 2507 1598 2578 γῆς
1629 2509 1726 2562 καὶ
1756 2509 1954 2564 θαλάτ-

356 2619 463 2673 της
504 2603 914 2671 ἐφαπλοῦντεςο
977 2601 1184 2673 νοητῶς
1220 2603 1590 2673 ἐκτρέφοντες
1622 2619 1637 2634 ·
1673 2604 1953 2675 αἰσθητῶς

356 2695 489 2758 τοὺς
519 2694 788 2758 τακέντας
824 2695 1225 2765 ἀνακτώμενοι,
1264 2694 1365 2749 καὶ
1395 2696 1478 2759 εἰς
1512 2697 1677 2767 κόρον
1712 2697 1811 2769 τὴν
1833 2699 1956 2751 ἀσι-

355 2785 507 2854 τίαν,
538 2786 807 2860 ἐπιθυμίᾳ
835 2788 944 2843 τῶν
966 2788 1246 2863 ἐδωδίμων
1279 2789 1805 2864 μετασκευάζοντες.

445 2973 716 3041 Ἐξένισεν
746 2975 956 3042 ἐκεῖνος
990 2977 1049 3031 ἐν
1094 2978 1348 3047 ἀγγέλων
1387 2977 1537 3044 ἅπαξ
1568 2978 1949 3051 προσχήματι,

360 3066 444 3139 μὴ
474 3068 965 3139 περιγραφομένην
994 3069 1158 3138 φύσει
1181 3070 1436 3141 θεότητα,
1466 3071 1566 3143 τὴν
1592 3072 1697 3143 τῆς
1721 3070 1952 3142 Τριάδος

2051 1961 2113 2001 ea
2139 1957 2340 2017 tamen,
2376 1963 2500 2005 cum
2528 1965 2592 2005 ex
2617 1952 2938 2009 facultatum
2968 1955 3309 2013 abundantia
3364 1958 3641 2029 profusior

2051 2054 2194 2105 erat,
2227 2052 2338 2097 tum
2368 2043 2424 2098 in
2450 2058 2546 2099 eos
2572 2045 2665 2114 qui
2699 2054 3059 2101 occurrerent
3097 2062 3220 2105 sese
3249 2049 3637 2120 impertiebat;

2051 2151 2150 2194 vos
2176 2145 2380 2202 autem,
2417 2138 2469 2193 in
2525 2139 2797 2211 hospitum
2850 2140 2955 2209 ipsi
3007 2142 3281 2208 ordinem,
3331 2145 3639 2199 voluntaria

2053 2228 2298 2297 nihilque
2336 2239 2529 2284 coacta
2562 2231 2768 2285 redacti
2788 2242 3154 2302 paupertate.
3213 2233 3414 2304 potiori
3449 2236 3642 2305 hospi-

2041 2319 2262 2393 sialitate
2296 2320 2509 2391 ittdigos
2552 2336 2745 2378 omnes
2792 2322 3029 2389 favistis,
3076 2327 3276 2381 animis
3303 2329 3512 2397 pariter
3565 2345 3631 2384 ac

2053 2413 2379 2481 corporibus
2419 2426 2670 2470 amanter
2701 2417 3079 2486 amplexantes
3128 2434 3193 2474 ac
3234 2419 3641 2488 confortantes;

2054 2521 2156 2561 nec
2188 2516 2431 2577 tempere
2455 2508 2656 2578 aliquo,
2684 2518 2780 2563 attt
2803 2520 2954 2565 certe
2982 2510 3102 2567 loco
3136 2526 3257 2567 eam
3296 2513 3643 2581 deﬁnientes,

2054 2601 2149 2654 sed
2182 2598 2385 2668 ubique
2437 2607 2581 2655 terra
2623 2615 2688 2655 ac
2729 2601 2867 2656 mari
2919 2601 3278 2672 explicantes,
3324 2604 3648 2674 spiritaliter
3760 2662 3763 2667 ί

2053 2692 2295 2758 alentes;
2344 2692 2694 2750 tabescentes
2722 2694 2977 2750 homines
3011 2696 3352 2751 sensibiliter
3385 2712 3646 2781 recrean-

2057 2794 2159 2852 tes,
2198 2787 2362 2857 inque
2395 2788 2731 2852 satietatem,
2760 2788 3009 2844 ciborum
3042 2789 3341 2858 cupiditate
3358 2804 3645 2860 concessa,

2058 2876 2292 2933 inediam
2321 2888 2743 2934 commutantes.

2128 2968 2312 3025 Semel
2371 2969 2673 3038 Abraham,
2712 2970 3027 3042 angelorum
3089 2975 3294 3043 specie,
3348 2974 3647 3030 incircum-

2056 3063 2318 3135 scriptam
2374 3075 2571 3119 natura
2612 3065 2893 3130 deitatem,
2929 3080 2995 3120 ac
3035 3066 3323 3122 Trinitatis
3356 3084 3646 3138 personam

354 3157 421 3211 δὲ
457 3157 762 3220 τυποῦσαν,
814 3160 872 3213 ἐν
915 3161 1228 3233 ἀνθρώποις
1259 3163 1645 3234 όφθησομένην
1667 3180 1682 3195 ·
1721 3164 1791 3217 δι’
1826 3163 1948 3218 ὅλου

2060 3158 2113 3213 in
2151 3158 2407 3213 humanis
2456 3158 2773 3226 videndam,
2822 3159 3175 3228 figurantem,
3212 3162 3449 3229 hospitio
3486 3176 3650 3217 exce-

355 3248 409 3304 δ’
439 3251 598 3320 ὑμεῖς
626 3250 720 3304 τοῦ
749 3250 886 3323 βίου,
915 3252 1017 3324 τῆς
1040 3254 1363 3325 ἐλλάμψεως
1384 3256 1558 3328 αὐτῆς
1589 3256 1953 3311 ἐναπολαύον-

355 3359 478 3407 τες,
515 3344 804 3414 φωστῆρες
840 3343 943 3417 μὲν
995 3347 1324 3419 οἰκουμένης
1363 3349 1809 3421 ἐχρηματίσατευ
1852 3348 1953 3419 τὴν

356 3426 628 3507 ἀνελλιπῆ
660 3435 705 3488 δ’
732 3437 948 3509 ἐκείνης
973 3439 1317 3510 εὐεργεσίαν,
1352 3443 1412 3494 ἐν
1439 3441 1955 3513 παραδοξουμέναις

359 3528 694 3599 θεραπείαις
728 3530 1162 3608 καθυπεδείξατε
1183 3548 1197 3562 ·
1234 3534 1330 3586 καὶ
1373 3534 1436 3587 οὐ
1462 3536 1740 3607 παρόντες
1769 3534 1950 3605 μόνον,

359 3621 506 3676 ἀλλά
535 3621 627 3675 καὶ
656 3623 1035 3692 μεταστάντες
1059 3624 1159 3688 τὰς
1190 3625 1461 3696 ἀφθόνους
1484 3627 1655 3694 αὐτῆς
1680 3628 1750 3680 δι’
1776 3610 1953 3698 ἔργων

360 3713 721 3782 ὖποφαίνετεκ
773 3704 1009 3786 δωρεὰς,
1063 3716 1326 3789 καθαρῶς
1396 3720 1494 3772 καὶ
1551 3719 1953 3790 θεολογοῦντες,

360 3806 465 3859 καὶ
492 3806 572 3870 είς
606 3807 902 3880 συνεργίαν
922 3808 1132 3879 ταύτην
1156 3809 1555 3882 ἐπισπώμενοι.

440 3898 551 3951 Καὶ
578 3897 633 3951 τί
663 3897 744 3951 δεῖ
770 3900 898 3963 τοὺς
930 3901 996 3954 ἐκ
1029 3900 1124 3954 τοῦ
1151 3903 1496 3977 πατριάρχου
1526 3901 1758 3972 φύντας,
1790 3901 1823 3974 ἢ
1859 3903 1956 3957 καὶ

365 3988 490 4060 μετ’
517 3989 713 4051 αὑτοὺς
743 3991 988 4056 δικαίους
1020 3992 1399 4059 ἀντεξετάζειν
1431 3995 1560 4067 ὑμῖν
1589 4013 1671 4061 τε,
1719 3995 1815 4050 καὶ
1842 3999 1958 4059 τοῖς

363 4078 557 4134 θεόθεν
590 4080 899 4150 δεδομένοις
934 4084 1277 4156 χαρίσμασιν
1302 4099 1315 4114 ⁸
1351 4085 1521 4141 αὐτοῦ
1553 4089 1620 4158 τῇ
1650 4087 1957 4156 ἀντιπαρα-

362 4170 521 4225 θέτει
553 4172 1099 4245 προσεξαρκὲσαντος
1126 4192 1141 4208 ’
1172 4177 1267 4232 καὶ
1291 4177 1391 4247 οὐχ
1422 4177 1614 4247 ὑφεσιν
1657 4177 1828 4247 δήπου
1859 4177 1956 4247 τῆς

363 4262 578 4328 οἰκείας
609 4263 864 4319 ἐντεῦθεν
906 4265 1244 4331 ὑποστάντος
1274 4268 1500 4339 ἀρετῆς,
1547 4267 1646 4339 τῆς
1680 4271 1738 4323 ἐν
1769 4269 1957 4340 χάριτι

358 4354 425 4409 δὲ
483 4356 868 4427 παρεχομένης
925 4356 1134 4429 δωρεᾶς
1182 4359 1276 4413 τοῦ
1328 4361 1662 4431 ἀωγκρίτου
1720 4379 1781 4416 τε
1839 4362 1959 4434 ἅμα

364 4448 470 4501 καὶ
504 4448 913 4521 ἀπεριορίστου,
944 4450 1020 4515 ὼς
1063 4450 1154 4505 διὰ
1189 4450 1364 4522 λόγων
1425 4454 1574 4524 αὐτῷ
1607 4454 1716 4528 υἷα,
1758 4454 1903 4509 οὕτω
1936 4455 1957 4531 ]

364 4540 469 4594 καὶ
504 4539 573 4595 δι’
614 4540 797 4595 αὐτῶν
832 4544 1237 4615 ἐμφαινομένου
1269 4546 1382 4599 τῶν
1414 4545 1625 4618 ἐργωνς
1655 4547 1816 4603 Ἀλλὰ
1849 4549 1959 4621 γὰρ

363 4632 611 4687 καὶτῶν
657 4633 863 4703 ταύτης
917 4634 1209 4709 ὑπηρετῶν
1258 4639 1353 4692 καὶ
1402 4637 1665 4710 κηρύκων
1721 4643 1960 4711 μιμηταὶ

360 4723 674 4795 γενόμενοι,
694 4726 804 4779 τῶν
821 4726 953 4783 ἰσων
973 4727 1205 4793 ἐκείνοις
1218 4731 1574 4801 χαρισμάτων
1587 4730 1958 4787 ἀπελαύσατε.

363 4821 468 4892 Οἷς
506 4828 616 4901 γὰρ
640 4831 691 4882 οί
746 4829 961 4899 ἀγῶνες
995 4830 1324 4902 ἐφάμιλλοι,
1379 4830 1591 4896 τούτοις
1647 4833 1845 4899 ἐπίσης
1903 4833 1960 4887 al

358 4930 571 5000 δωρεαὶ
608 4929 983 5003 διανέμονται.
1018 4934 1156 4987 Κατ’
1185 4934 1333 5004 ἴχνος
1363 4934 1475 5006 γὰρ
1501 4935 1728 4991 ἐκείνων
1766 4939 1959 5005 ἰόντες,

361 5029 570 5095 πόνους
608 5030 710 5103 μὲν
770 5032 897 5095 τοὺς
940 5030 1030 5084 διά
1080 5031 1144 5086 τὸ
1187 5035 1459 5105 σωτήριον
1501 5035 1823 5101 ἀνεδέξασθε
1860 5037 1963 5109 κή-

364 5149 561 5208 ρυγμα
579 5151 596 5168 θ
626 5133 721 5189 τοῦ
750 5136 867 5190 ῖοου
891 5135 948 5191 δὲ
976 5137 1193 5202 τούτοις
1215 5138 1314 5193 οὐκ
1330 5138 1701 5212 ἀπελείφθητε
1722 5140 1925 5213 δρόμου
1944 5157 1959 5173 ο

368 5237 552 5308 λόγοις
608 5239 748 5310 πρὸς
797 5240 1086 5295 εὐσέϐειαν
1153 5241 1252 5306 τὰς
1279 5242 1388 5298 τῶν
1425 5243 1733 5316 ἀνθρώπων
1781 5246 1962 5318 ψυχὰς

364 5340 763 5410 ἐπαλείφοντες
783 5356 798 5371 ·
833 5341 934 5404 τὰς
960 5342 1072 5394 τῶν
1137 5340 1394 5409 ζιζανίων
1426 5345 1734 5417 ἐπισποράς
1788 5345 1964 5400 ἐκτίλ-

363 5437 591 5503 Ἁοντες·
648 5438 720 5493 τά
785 5438 1008 5509 καθαρά
1053 5439 1154 5510 τῆς
1212 5440 1499 5510 θεολογίας
1555 5444 1961 5515 ἐμφυτεύοντες

364 5540 654 5613 δόγμάταο
706 5542 819 5613 βίον
868 5543 1168 5608 ἀσκοῦντες
1215 5545 1541 5616 ἀκτήμοναο
1602 5547 1963 5613 πλουτοῦντες

366 5649 605 5715 δωρεαῖς
656 5649 777 5711 ταῖς
819 5645 914 5702 τοῦ
972 5649 1328 5718 Πνεύματοςο
1365 5649 1502 5721 πρὸς
1545 5650 1607 5705 τδ
1649 5652 1964 5717 πολυπαθὲς

371 5746 484 5802 τῶν
515 5747 786 5815 σωμάτων
813 5727 1290 5819 ἀνθοπλιζόμενου
1327 5749 1397 5802 τά
1432 5753 1603 5820 μυρία
1632 5750 1840 5805 τούτων
1859 5769 1961 5808 κα-

368 5846 814 5921 ταπολεμοῦντες
842 5850 939 5907 καὶ
967 5842 1366 5917 ἀποσοϐοῦντες
1398 5850 1582 5930 πάθη·
1616 5853 1831 5935 δωρεάν
1861 5854 1962 5935 τὴν

2058 3252 2173 3321 pit;
2209 3266 2304 3307 vos
2338 3259 2547 3317 autem,
2579 3251 2698 3322 ejus
2727 3261 2840 3307 toto
2870 3254 2994 3308 vitae
3018 3253 3250 3309 decursu
3284 3255 3650 3311 illustrations

2057 3344 2242 3414 potiti,
2278 3343 2428 3399 orbis
2459 3355 2729 3399 terrarum
2773 3345 3064 3401 luminaria
3119 3348 3449 3417 exstitistis;
3484 3360 3650 3420 atque

2059 3437 2474 3493 indeﬁeientem
2510 3438 2657 3493 illius
2682 3438 3101 3495 beneficentiam
3130 3444 3285 3497 novis
3299 3446 3651 3501 curationum

2059 3531 2356 3600 generibus
2387 3529 2712 3586 ostendistis
2738 3547 2753 3599 ;
2785 3547 2882 3586 nec
2912 3535 3077 3588 modo
3106 3545 3426 3603 praesentes,
3454 3550 3648 3591 rerum

2060 3623 2226 3678 etiam
2265 3633 2621 3695 posteaquam
2678 3638 2743 3680 ex
2815 3626 3071 3682 humanis
3129 3629 3426 3698 tnigraslis,
3499 3630 3651 3702 larga

2063 3715 2182 3784 ejus
2213 3730 2437 3771 munera
2474 3729 2641 3784 opere
2695 3715 2990 3780 exhibetis,
3037 3732 3193 3786 pure,
3248 3732 3371 3773 cum
3430 3719 3653 3775 deitatis

2065 3823 2366 3879 praecones,
2404 3818 2516 3863 tum
2548 3805 2667 3875 ejus
2696 3808 2886 3862 auxilii
2917 3809 3187 3865 vindices.-

2133 3900 2272 3968 Quid
2308 3902 2591 3956 enimvero
2623 3915 2784 3972 opus,
2820 3909 2880 3954 ut
2944 3901 3270 3970 patriarcha
3310 3906 3650 3972 progeniem,

2061 4009 2157 4049 seu
2191 3994 2355 4050 etiam
2386 3994 2565 4063 justos
2593 4003 2756 4048 aetate
2774 4007 3059 4064 sequaces,
3098 3994 3402 4061 vobiscum,
3434 4012 3500 4052 ac
3526 4013 3659 4053 eum

2061 4087 2220 4149 donis
2268 4103 2296 4141 a
2347 4086 2457 4142 Deo
2492 4087 2791 4152 concessis,
2823 4085 3124 4154 conferam,
3157 4102 3277 4142 eum
3329 4089 3375 4148 is
3435 4091 3656 4146 abunde

2064 4182 2132 4235 ad
2184 4180 2654 4249 comparationem
2692 4180 2981 4247 habuerit;
3014 4189 3071 4234 ut
3124 4189 3304 4237 tamen
3346 4183 3481 4237 nihil
3527 4185 3655 4241 inde

2063 4273 2184 4345 ejus
2245 4272 2473 4340 virtute.
2514 4271 2724 4327 minuta
2775 4280 2939 4341 atque
2973 4271 3256 4341 depressa,
3307 4271 3654 4345 incompara-

2062 4366 2188 4421 hilis
2253 4364 2597 4419 immensitas
2669 4364 2796 4419 doni
2879 4364 2933 4418 in
2995 4364 3170 4433 gratia
3239 4366 3511 4433 exhibiti,
3576 4369 3651 4424 uti

2065 4477 2130 4519 ex
2197 4458 2402 4526 verbis,
2455 4457 2528 4513 ita
2585 4467 2639 4513 et
2700 4459 2865 4513 rebus
2921 4458 3053 4528 ipsis
3106 4457 3362 4514 eluserit.
3405 4459 3545 4527 Quin
3599 4473 3655 4517 et

2064 4559 2256 4629 gratim
2335 4555 2578 4627 ejusdem
2644 4553 3053 4622 ministrorum,
3108 4568 3173 4608 ac
3235 4555 3652 4624 praedicatorum

2066 4652 2373 4705 imitatores
2404 4646 2605 4713 effecti,
2628 4648 2820 4701 eadem
2855 4657 3019 4715 atque
3044 4645 3117 4700 illi
3145 4647 3286 4701 dona
3318 4645 3653 4703 obtinuistis.

2062 4743 2274 4811 Quibus
2321 4741 2468 4797 enim
2522 4738 2748 4795 fuerunt
2799 4740 3100 4794 certamina
3140 4739 3315 4810 paria,
3357 4741 3423 4796 iis
3500 4756 3656 4811 aequa

2064 4834 2452 4892 distributione
2518 4847 2745 4888 munera
2807 4832 3138 4887 tribuuntur.
3198 4832 3399 4888 Eorum
3457 4833 3658 4904 quippe

2066 4928 2293 4999 vestigia
2327 4933 2627 4990 sectantes,
2665 4925 2882 4981 labores
2911 4925 3133 4997 quidem
3166 4925 3423 4981 salutaris
3453 4929 3654 4995 praedi.

2063 5021 2303 5074 cationis
2339 5033 2507 5074 causa
2544 5018 2900 5089 suscepistis;
2934 5017 3066 5073 nihil
3100 5025 3279 5072 autem
3333 5019 3402 5073 ab
3456 5020 3653 5089 aequali

2063 5114 2132 5170 iis
2181 5128 2347 5169 cursu
2394 5111 2707 5179 defecistis;
2768 5112 3051 5167 hominum
3091 5112 3292 5182 quippe
3336 5113 3550 5170 ³¹¹ῖ¹¹¹⁰³
3583 5117 3655 5170 ad

2062 5205 2324 5277 pietatem
2386 5203 2735 5260 sermonibus
2791 5203 3152 5276 inungentes;
3221 5206 3653 5277 superseminata

2065 5298 2279 5354 zizania
2359 5297 2694 5362 evellentes;
2767 5310 2899 5365 pura
2979 5297 3265 5371 theologia:
3348 5300 3655 5358 inserentes

2065 5392 2354 5461 degmata;
2394 5390 2561 5444 vitam
2609 5403 2837 5462 egenam
2902 5391 3173 5460 colentes;
3221 5394 3377 5449 donis
3417 5393 3659 5463 Spiritus

2066 5481 2301 5549 divites;
2329 5481 2595 5537 adversus
2623 5480 2952 5552 multiplices
2982 5496 3271 5553 corporum
3304 5486 3658 5555 aegritudines

2068 5573 2319 5630 instructi
2339 5593 2355 5642 ;
2375 5574 2596 5629 morbos
2615 5590 2802 5629 eorum
2830 5576 3257 5633 innumerabiles
3273 5590 3658 5650 expugnantes

2066 5681 2131 5725 ac
2161 5668 2575 5732 submoventes,
2614 5684 2899 5725 sermones
2941 5670 3147 5740 pariter
3178 5671 3522 5744 implet/istis,
3558 5672 3657 5727 da-

2056 5763 2316 5833 torisque
2347 5762 2765 5834 benignitatem,
2802 5779 2867 5819 ac
2899 5778 3223 5836 prOpcnsam
3258 5767 3312 5824 in
3355 5768 3654 5824 humanum

2070 5872 2242 5929 genus
2270 5856 2629 5945 uoluntatem,
2657 5858 2857 5915 imitati
2889 5860 3046 5918 estis.
