4060 6422
459 308 595 372 ιξτιςι

1577 296 1922 376 GEORGII
1964 314 2566 376 NICOMEDIENSIS

3610 310 3758 380 1520

460 429 623 500 χάριν
656 424 1145 495 καταϐαλλόμενοι,
1180 425 1306 490 τούς
1337 443 1394 478 τε
1430 425 1619 495 λόγους
1663 428 2021 502 ἐπληρώσατε
2048 470 2064 494 ,
2091 430 2200 500 καὶ,
2239 429 2339 500 τὴν
2380 425 2790 499 φιλανθρωπίαν
2839 425 2935 482 τοῦ
2988 425 3287 492 δεδωκότος
3315 424 3393 492 ὡς
3433 426 3567 500 ἐνῆν
3616 429 3750 500 spe.

458 520 534 590 μή
544 517 728 570 σασθε.

480 666 496 685 .~
529 629 635 683 Par
665 629 811 682 enim
845 636 989 694 erat,
1031 637 1088 680 ut
1119 627 1213 696 qui
1253 642 1280 682 a
1307 629 1572 685 donorum
1615 633 1802 687 datore
1839 631 2045 686 beneﬂ-

453 725 534 777 eia
572 722 948 791 accepissetis,
983 723 1212 793 ejusque
1241 725 1414 793 gratis
1436 724 1658 780 divitias
1685 726 1863 781 sortiti
1892 741 2045 782 esse-

451 825 523 870 tts
555 825 668 869 tum
711 813 988 882 largitoris
1030 815 1401 884 recogitantes
1461 817 1878 887 benignitatem,
1930 828 2042 871 tum

452 904 716 974 apostolis
745 920 1042 974 congruam
1078 907 1333 974 gratiam,
1377 907 1759 963 iis‘visitandis
1788 924 1924 978 quos
1951 910 2048 964 be-

455 997 652 1051 uelicio
687 996 885 1049 essetis
935 994 1208 1062 affecturi,
1256 998 1564 1052 beneﬁcum
1603 998 1750 1054 illum
1791 999 2046 1054 imitare-

455 1088 613 1143 miui.
659 1087 778 1142 Non
815 1087 960 1143 enim
1010 1097 1210 1144 vestrae
1265 1089 1506 1161 ipsorum
1560 1092 1896 1157 ambitionis,
1953 1093 2047 1147 sed

455 1182 577 1252 ejus
624 1183 812 1251 gloriae
863 1182 1062 1254 gratia,
1093 1197 1217 1238 cum
1270 1183 1337 1238 iis
1373 1185 1734 1248 ministratis,
1774 1195 1886 1239 tum
1913 1184 2046 1240 doni

455 1276 886 1345 magnitudinem
908 1273 1110 1330 facitis.
1127 1276 1440 1343 prtedicari.

529 1485 684 1541 Dedit
726 1483 1120 1556 enioy-inquit
1171 1483 1401 1541 divinus
1425 1485 1782 1557 evangelista,
1831 1485 1898 1541 iis
1954 1483 2048 1556 qui

457 1579 559 1651 ipsi
607 1578 882 1644 viderunt,
939 1591 1005 1633 ac
1054 1575 1383 1646 discipulis,
1432 1586 1743 1646 potestatem
1799 1578 2050 1632 adversus

456 1671 678 1740 spiritus
713 1669 1034 1734 immundos,
1092 1677 1149 1722 ut
1183 1685 1272 1724 eos
1307 1668 1555 1739 ejicerent
1591 1670 1628 1724 ‘.
1672 1669 1829 1734 Quod
1863 1669 2050 1744 itaque

453 1775 553 1830 per
587 1758 1009 1829 promissionem
1064 1758 1176 1814 illis
1205 1773 1533 1814 concessum
1571 1757 1694 1826 fuit,
1753 1761 1856 1815 hoc
1895 1758 2050 1814 vobis

454 1869 554 1924 per
588 1854 737 1923 ipsos
772 1867 955 1908 rerum
992 1861 1244 1912 eventus.
1279 1852 1567 1920 praebitum
1600 1861 1701 1906 est.
1730 1849 1864 1905 Data
1891 1852 2050 1908 vobis

454 1955 538 1999 est
590 1953 834 2014 potestas
880 1944 1146 1998 adversus
1187 1942 1415 2011 spiritus
1456 1941 1804 2005 immundos,
1845 1950 1905 1996 ut
1940 1957 2050 1996 non

456 2045 665 2090 tantum
695 2037 728 2090 ii
758 2050 872 2102 vos,
916 2034 994 2089 uti
1039 2034 1134 2089 Dei
1173 2033 1430 2099 famulos,
1476 2035 1765 2100 horreant,
1793 2033 2054 2089 timeant-

456 2143 596 2198 que,
641 2143 706 2184 ac
740 2136 1008 2195 tremant;
1047 2127 1142 2183 sed
1180 2135 1240 2182 ut
1284 2126 1472 2192 etiam,
1509 2141 1607 2196 per
1643 2140 1740 2182 vos
1779 2127 2055 2196 pellantur

461 2235 524 2273 ac
577 2220 1037 2284 submoveantur,
1085 2233 1186 2274 nec
1235 2217 1534 2274 habitaculi
1582 2217 1760 2273 locum
1797 2219 2054 2288 deinceps

460 2313 766 2368 obtineant.
786 2313 855 2365 Et
879 2321 938 2366 ut
966 2321 1235 2376 curarent,
1263 2311 1474 2394 inquit,‘
1492 2327 1702 2366 onmem
1728 2312 1966 2366 morbum
1989 2313 2008 2344 '
2034 2328 2049 2367 :

457 2418 567 2458 non
607 2409 666 2456 ut
698 2403 840 2456 hunc
877 2403 1103 2472 quidem
1131 2411 1412 2466 curarent,
1453 2411 1509 2454 ut
1533 2401 1935 2470 cujus'sanatio
1964 2417 2054 2458 es-

454 2507 539 2549 set
574 2493 776 2559 facilis,
813 2493 963 2547 illum
991 2502 1172 2549 autem
1204 2494 1293 2563 qui
1317 2493 1595 2548 dillicilior
1622 2501 1815 2549 curatu
1839 2495 2054 2551 videre-

455 2596 566 2650 tur,
620 2587 1015 2656 prmterirent-z
1057 2585 1187 2654 quin
1236 2585 1464 2641 dicendo
1511 2601 1738 2654 omnem,
1789 2589 2051 2643 virtutem

457 2679 626 2744 dedit,
658 2695 758 2734 eos
789 2693 1009 2750 quoque
1043 2678 1461 2736 morbos-Jfaoile
1490 2681 1742 2746 curandi,
1775 2681 1866 2752 qui
1900 2681 2053 2736 insa-

459 2769 674 2824 habiles
727 2769 930 2840 alioqui
968 2768 1142 2824 videri
1180 2772 1782 2842 possent..Quanquam
1827 2774 1901 2828 sit
1933 2773 2054 2828 diu-

460 2872 657 2916 turnus
687 2862 932 2925 morbus,
971 2875 1035 2915 ac
1085 2875 1277 2916 eorum
1319 2862 1640 2933 desperatus
1682 2860 1922 2932 judicio,
1959 2863 2052 2933 qui

463 2955 530 3009 de
564 2956 728 3010 rebus
756 2954 1028 3023 ejusmodi
1064 2963 1316 3021 censent,
1355 2953 1678 3026 futurosque
1705 2966 1935 3012 eventus
1979 2971 2054 3010 (ex

462 3037 854 3118 apparentibus
911 3047 1088 3118 signis
1135 3048 1377 3103 =omuino
1430 3049 1764 3105 aestima-nt:
1832 3048 2054 3105 tametsi

463 3141 648 3196 tendat
682 3141 748 3194 ad
789 3151 1044 3195 mortem.
1091 3139 1182 3194 Sic
1205 3140 1348 3195 enim
1395 3141 1559 3197 habet
1611 3142 1810 3196 divinae
1846 3144 2052 3197 veritas

2072 526 2120 581 Α

2221 620 2370 675 Ἔδει
2404 620 2513 694 γὰρ
2552 621 2720 693 ὑμᾶς,
2770 621 2872 688 τὰς
2922 623 3019 679 τοῦ
3073 624 3376 698 δωροδότου
3415 627 3754 701 δεξαμένους

2147 713 2491 783 εὐεργεσίας,
2525 715 2618 768 καὶ
2663 719 2870 787 προῖκα
2899 717 2992 770 τὸν
3037 719 3235 773 τούτου
3276 719 3756 793 κληρωσαμένους

2149 802 2402 868 πλοῦτον,
2441 804 2503 857 τό
2527 821 2588 858 τε
2615 804 3012 877 φιλάνθρωπον
3039 810 3134 862 τοῦ
3165 814 3617 884 παρασχομένου,
3655 816 3758 868 καὶ

2147 894 2246 966 τὴν
2288 895 2630 967 κατάλληλον
2680 898 3004 963 ἀποστόλοις
3055 900 3511 973 ἐκλογιζομένους
3558 906 3754 978 χάριν,

2148 986 2239 1041 διά
2257 988 2356 1058 τῆς
2376 989 2488 1043 τῶν
2511 991 2996 1062 εὐεργετουμένων
3013 995 3381 1064 ἐπισκέψεως,
3402 997 3497 1050 τὸν
3518 999 3755 1068 εὐεργέ-

2149 1097 2250 1150 την
2289 1083 2778 1153 ἀπομιμήσασθαι.
2835 1085 2910 1139 Οὐ
2969 1085 3081 1158 γὰρ
3138 1088 3348 1152 οἰκείας
3406 1089 3755 1160 φιλοτιμίας,

2149 1169 2286 1224 ἁλλά
2328 1171 2431 1242 τῆς
2465 1173 2676 1228 ἐκείνου
2717 1175 2877 1246 δόξης
2906 1176 3091 1244 ἕνεκα,
3140 1181 3353 1242 τούτοις
3396 1195 3458 1232 τε
3489 1179 3762 1252 καθυπη-

2153 1266 2386 1334 ρετείτε,
2416 1267 2515 1319 καὶ
2547 1266 2650 1336 τῆς
2677 1266 2889 1339 δωρεᾶς
2918 1269 2980 1322 τὸ
3004 1269 3238 1342 μέγεθος
3271 1272 3759 1342 ἀνακηρύττεσθαι

2152 1355 2628 1428 παρασκευάζετε.

2225 1471 2494 1526 Ἔδωκεν
2515 1471 2648 1544 γάρ,
2676 1473 2865 1544 φησιν,
2893 1478 3010 1539 τοῖς
3033 1476 3332 1544 αύτόττταις
3356 1480 3451 1534 καὶ
3488 1483 3757 1554 μύσταις,

2151 1562 2179 1615 ό
2211 1562 2502 1626 θεσπέσιος
2555 1564 2947 1636 εὐαγγελιστὴς
2970 1606 2984 1630 υ
3026 1566 3324 1632 ἐξουσίαν
3374 1573 3530 1625 κατὰ
3557 1590 3758 1626 πνευ-

2147 1654 2356 1724 μάτων
2389 1652 2762 1727 ἀκαθάρτων,
2793 1656 2950 1712 ὥστε
2979 1659 3132 1713 αὐτὰ
3176 1660 3521 1718 smmum.
3566 1664 3762 1736 Ἆπερ

2151 1744 2248 1802 οὖν
2274 1748 2508 1812 ἐκείνοις
2532 1750 2598 1804 δι’
2627 1752 2981 1821 ὑποσχέσεως
3007 1753 3241 1816 δέδοται,
3269 1755 3444 1809 ταῦτα
3466 1757 3535 1809 δι’
3564 1757 3761 1812 αὐτῶν

2155 1841 2286 1912 ὑμῖν
2328 1841 2644 1914 παρεσχέθη
2680 1843 2781 1896 τῶν
2813 1843 3117 1898 ὲκϐάσεων.
3152 1845 3374 1900 Δέδοται
3405 1847 3550 1900 κατά
3582 1865 3760 1902 πνευ-

2159 1935 2345 2003 μάτων
2381 1934 2716 2001 ἀκαθάρτων
2750 1935 2882 2005 ύμῖν
2914 1935 3160 2000 ἐξουσία,
3193 1938 3293 2008 οὺχ
3323 1938 3468 1992 ὥστε
3498 1941 3761 2010 φρίσσειν

2153 2024 2301 2094 ὑμᾶς
2326 2023 2402 2087 ὡς
2430 2023 2566 2078 Θεοῦ
2619 2025 2986 2095 θεράποντας,
3028 2029 3124 2080 καὶ
3175 2028 3409 2082 δεδιέναι
3440 2031 3620 2083 ταῦτα
3653 2033 3760 2084 καὶ

2151 2117 2378 2188 τρέμειν
2409 2117 2570 2188 μόνον
2597 2133 2611 2147 ·
2645 2117 2784 2171 ἀλλά
2827 2119 2924 2172 καὶ
2954 2119 3298 2184 ἐλαύνεσθαι,
3327 2123 3422 2176 καὶ
3453 2111 3760 2177 ἀποσοϐεῖ-

2156 2209 2303 2273 σθαι,
2363 2212 2457 2264 καὶ
2494 2211 2661 2264 τόπον
2710 2212 2786 2282 μὴ
2845 2212 3181 2283 κληροῦσθαι
3242 2219 3758 2286 κατασκηνώσεως.

2157 2303 2522 2370 Θεραπεύειν
2545 2302 2614 2356 δὲ
2641 2303 2851 2358 πᾶσαν
2870 2306 3081 2369 νόσον,
3111 2306 3246 2377 φησί
3269 2324 3284 2338 ο
3316 2309 3378 2360 ού
3405 2310 3506 2379 τὴν
3541 2309 3646 2380 μὲν
3667 2310 3761 2374 ὡς

2152 2394 2217 2448 τὸ
2259 2395 2444 2466 ῥᾴδιον
2484 2394 2717 2466 ἔχουσαν
2749 2399 2847 2468 τῆς
2895 2398 3122 2462 ἰάσεως,
3153 2397 3521 2470 θεραπεύειν·
3561 2401 3667 2473 τὴν
3694 2403 3762 2456 δὲ

2153 2487 2231 2550 ὡς
2274 2488 2336 2540 τὸ
2373 2487 2639 2560 δυσχερὲς
2699 2490 3098 2561 ἐμφαίνουσαν,
3155 2491 3561 2563 παρατρέχεινο
3609 2493 3760 2548 ἀλλὰ

2153 2581 2366 2637 πᾶσαν
2391 2581 2584 2648 εἰπὼν,
2623 2584 2716 2636 καὶ
2744 2584 2856 2637 τῶν
2895 2585 3132 2638 ἀνιάτων
3165 2585 3606 2657 ὑπονοουμένων,
3655 2589 3763 2661 ῥᾴ-

2156 2693 2289 2745 στην
2321 2677 2452 2747 ὑμῖν
2485 2677 2586 2748 τὴν
2621 2676 2717 2730 τοῦ
2747 2676 3079 2747 θεραπεύειν
3135 2679 3442 2750 δεδώρηται
3490 2681 3757 2752 δύναμιν.

2154 2768 2274 2823 Κᾶν
2303 2769 2495 2842 χρονία
2528 2769 2687 2841 τύχοι
2728 2764 2822 2834 τιξ
2852 2769 2990 2826 οὖσα
3020 2771 3117 2826 καὶ
3167 2773 3602 2845 ἀπηγορευμένη
3637 2778 3761 2841 τοῖς

2156 2861 2288 2932 περὶ
2313 2860 2519 2914 τούτων
2551 2861 2981 2933 διανοουμένοις,
3018 2863 3114 2916 καὶ
3154 2864 3366 2933 κρίνειν
3395 2868 3507 2927 τοῖς
3526 2866 3762 2936 δρωμέ-

2158 2969 2272 3015 νοις
2301 2952 2522 3007 δοκοῦσι
2549 2953 2619 3008 τά
2644 2954 2996 3026 ἐκϐησόμενα
3015 2971 3030 2985 ο
3065 2955 3170 3010 κᾶν
3200 2957 3340 3028 πρὸς
3363 2957 3530 3011 αὑτὸν
3560 2957 3764 3027 βλέποι

2153 3043 2249 3098 τὸν
2284 3043 2542 3100 θάνατον.
2578 3044 2738 3100 Οὕτω
2770 3046 2881 3117 γὰρ
2907 3047 3020 3117 ἔχει
3051 3047 3110 3102 τὸ
3133 3048 3363 3114 ἀψευδὲς
3390 3051 3488 3120 τῆς
3511 3049 3764 3120 ὑποσχέ-

2159 3154 2319 3200 σεως.
2354 3136 2574 3192 Πᾶσαν
2621 3138 2754 3208 γοῦν
2781 3137 2975 3204 εἰπὼν,
3033 3140 3131 3193 καὶ
3164 3140 3455 3212 διαστολὴν
3487 3159 3614 3195 τινα
3644 3143 3763 3196 τῶν

463 3231 867 3301 promissionis.
931 3232 1089 3300 Quod
1150 3231 1316 3302 igitur
1373 3249 1576 3287 omnem
1631 3234 1864 3299 dixerit,
1905 3233 2052 3288 nulla

2163 3226 2736 3299 θεραπευθησομένων
2764 3229 2840 3298 μὴ
2863 3229 3124 3299 προσθεὶς
3139 3230 3331 3296 νόσων,
3363 3232 3460 3284 καὶ
3489 3235 3590 3294 τὰς
3615 3232 3763 3303 πρὸς

465 3325 787 3380 morborum
842 3323 1196 3394 quicurandi
1247 3336 1471 3389 essent,
1543 3324 1901 3391 discretione,
1961 3341 2056 3382 eos

462 3432 681 3488 quoque
758 3417 1124 3488 significavit,
1171 3417 1267 3487 qui
1326 3419 1557 3472 extremi
1624 3428 1846 3482 essent;
1901 3417 2058 3488 plane

462 3507 763 3563 ostendens
815 3507 1095 3577 accepisse
1150 3521 1248 3562 vos
1286 3507 1586 3574 ﬁduciam,
1641 3517 1700 3562 ut
1751 3508 1952 3564 vestris
1989 3508 2058 3562 ad

464 3599 747 3654 Christum
803 3599 1330 3666 intercessionibus,
1388 3615 1418 3655 a
1488 3600 1785 3658 Iethalibus
1840 3613 2059 3672 quoque

466 3693 695 3758 morbis,
731 3690 927 3748 alrecta
961 3706 1196 3762 corpora
1233 3692 1561 3749 liberaretis.

540 3806 774 3874 Quando
825 3805 991 3876 igitur
1038 3805 1090 3862 id
1123 3822 1151 3860 a
1198 3805 1308 3862 Deo
1341 3806 1586 3864 muneris
1621 3807 1930 3878 consecuti,
1963 3807 2060 3864 da-

467 3898 716 3966 torisque
755 3896 1112 3965 benignitatis
1161 3903 1227 3952 a‘c
1247 3897 1632 3967 propensioris
1675 3898 2058 3954 iri-humanum

453 4003 638 4059 genus
668 3986 834 4043 studii
895 3988 1202 4044 imitatores
1227 3985 1431 4054 ellecti,
1461 3988 1610 4044 nullo
1660 3997 1845 4043 vestro
1874 3988 2060 4045 labore

454 4098 530 4135 -uc
571 4080 850 4143 molestia,-
872 4081 993 4150 opis
1023 4081 1238 4152 indigos
1270 4081 1538 4136 beneﬁcio
1571 4080 1784 4137 afﬁcere
1821 4081 2055 4148 habetis,

465 4175 743 4228 orantium
789 4173 949 4228 modo
980 4173 1458 4229 obsecrationibus
1521 4171 1702 4229 inﬂexi
1737 4214 1752 4238 ,
1787 4175 2056 4230 submissa

467 4282 530 4320 ex
565 4269 674 4322 imo
732 4275 952 4334 pectore
1000 4265 1165 4321 verba
1220 4265 1516 4333 exaudite;
1567 4266 1806 4337 gemitus
1852 4266 2058 4322 doloris

469 4361 663 4429 plenos
697 4358 920 4413 auribus
977 4358 1261 4428 pereipite.
1317 4356 1488 4413 Porro
1546 4367 1826 4429 acceptam
1865 4374 1894 4413 ιι
1948 4359 2057 4413 Deo

471 4451 1062 4506 habetis-curationum
1098 4451 1532 4516 abundantiam;
1574 4450 1790 4506 habetis
1816 4465 2053 4520 quoque,

471 4555 530 4597 ut
579 4544 684 4598 nisi
720 4543 848 4612 quid
895 4545 1255 4600 obsecrantes
1313 4559 1342 4597 a
1393 4544 1658 4600 beneﬁcio
1701 4553 1908 4609 arceat,
1963 4559 2058 4598 eas

467 4633 629 4688 facile
679 4633 874 4688 iisdem
929 4633 1254 4705 impendatis
1300 4651 1314 4688 :
1371 4636 1518 4704 quod
1573 4642 1754 4690 autem
1785 4632 2053 4690 beneﬁcio

2159 3322 2336 3392 πέρας
2393 3320 2688 3392 ἀφορώσας
2745 3321 3102 3393 διεσήμανεν,
3161 3323 3377 3387 δεικνὺς
3427 3324 3504 3388 ὡς
3553 3326 3654 3379 καὶ
3693 3328 3766 3382 ἐκ

2125 3427 2142 3446 ··
2161 3411 2556 3485 θανατηφόρων
2583 3413 2772 3467 παθῶν
2803 3431 2862 3467 τε
2891 3416 2986 3468 καὶ
3010 3415 3183 3469 νόσων
3208 3416 3436 3484 ῥύεσθαι
3461 3421 3586 3481 ταῖς
3619 3419 3769 3491 πρδς

2159 3505 2398 3578 Χριστὸν
2430 3505 2590 3578 ήμῶν
2619 3506 2857 3572 ἱκεσίαις
2890 3507 2992 3573 τὴν
3025 3505 3344 3582 παρρησίαν
3371 3510 3663 3581 εἰλήφατε.

2242 3805 2398 3860 Ἐπεὶ
2426 3799 2519 3862 οὖν
2551 3806 2683 3878 παρ’
2709 3805 2879 3862 αὑτοῦ
2910 3808 3008 3880 μὲν
3032 3808 3240 3882 ταύτην
3268 3810 3632 3882 ἐκομίσασθε·
3661 3815 3767 3869 τοῦ

2159 3897 2459 3963 δεδωκότος
2493 3899 2540 3952 δ’
2572 3902 2631 3954 ὲν
2663 3901 2896 3973 μιμήσει
2930 3901 3032 3971 τῆς
3081 3902 3498 3974 φιλανθρωπίας
3528 3907 3769 3977 γινόμε-

2159 3989 2364 4056 νοι,τὸ,
2383 3991 2509 4054 τοὺς
2539 3990 2745 4055 ἐνδεεῖς
2791 3992 3106 4064 εὐεργετεῖν
3137 3993 3395 4065 ἀμόχθως
3422 3996 3597 4065 ἔχετε,
3636 4003 3768 4064 ταῖς

2158 4079 2257 4136 νῦν
2327 4081 2436 4136 τῶν
2495 4081 2769 4154 δεομένων
2837 4084 3230 4156 ὲπικάμφθητε
3303 4088 3766 4158 παρακλήσεσι-δ’

2161 4173 2429 4244 ῥημάτων
2484 4173 2551 4228 ὲκ
2600 4174 2802 4238 ϐάθους
2851 4175 3330 4251 ἀναπεμπομένων
3383 4181 3616 4250 καρδίας
3662 4185 3774 4237 ἐπ.

2161 4265 2455 4319 ἀκούσατε*
2475 4265 2821 4331 κατωδύνους
2837 4267 3167 4338 ὲνωτίσθητε
3179 4271 3545 4342 στεναγμούς.
3565 4275 3769 4344 Ἔχετε

2159 4359 2262 4432 τὴν
2291 4359 2551 4430 ἀφθονίαν
2603 4359 2704 4432 μὲν
2727 4362 2846 4414 *τῶν
2893 4360 3143 4433 ἰαμάτων
3195 4362 3485 4434 εἰληφότες
3513 4365 3766 4425 ἄνωθεν·

2163 4449 2316 4520 ἔχετε
2367 4451 2411 4504 δ’
2447 4452 2665 4517 ἀπόνως
2715 4451 2810 4505 καὶ
2839 4451 2903 4506 τὸ
2951 4453 3066 4517 τοῖς
3109 4453 3290 4507 ταῦτα
3338 4459 3769 4526 παρακαλοῦσιν

2163 4543 2372 4615 νέμειν,
2399 4545 2448 4598 εἰ
2485 4545 2559 4617 μή
2592 4562 2645 4598 τι
2670 4544 2778 4598 τῶν
2823 4544 3078 4616 ἐμποδὼν
3115 4547 3592 4619 παρακαλοῦντας
3627 4554 3771 4607 ἀπο-

2160 4635 2332 4688 κλείοι
2379 4635 2480 4707 τῆς
2513 4640 2759 4708 χάριτος.
2808 4636 3095 4706 Ἐμποδὼν
3149 4637 3208 4692 δὲ
3257 4638 3361 4709 τῆς
3401 4640 3766 4714 εὐεργεσίας,

468 4725 671 4788 obstat,
715 4735 994 4792 peccatum
1027 4733 1130 4790 est,
1154 4723 1298 4795 quod
1322 4735 1376 4779 et
1402 4723 1672 4794 pessimas
1701 4723 2054 4794 aegritudines

2160 4727 2427 4798 ἁμαρτία,
2459 4728 2492 4799 ἡ
2520 4727 2618 4781 καὶ
2643 4726 2753 4782 τῶν
2769 4727 2963 4782 παθῶν
2992 4729 3063 4783 τὰ
3091 4729 3442 4801 πονηρότατα
3472 4732 3764 4803 τίκτουσα,

463 4817 669 4888 pariat,
707 4831 1008 4885 ear-umque
1037 4817 1272 4872 dolores
1324 4833 1388 4872 ac
1426 4817 1710 4873 tnoleStias
1762 4817 2055 4886 plurimum

467 4920 705 4981 augeat;
753 4909 884 4964 illud
920 4919 1098 4964 tamen
1137 4921 1446 4964 vestrarum
1487 4908 1811 4965 eilicacitate
1857 4909 2064 4979 suppli-

470 5004 756 5060 cationum
784 5003 1154 5074 superandum
1179 5011 1346 5072 atque
1373 5001 1786 5056 convellendum
1811 5015 1828 5056 :
1849 5017 1917 5056 ne
1945 5003 2062 5073 ejus

467 5112 600 5166 ergo
618 5099 1082 5151 contrarietatem
1118 5105 1452 5166 spectantes,
1490 5108 1899 5163 quam-semper
1933 5109 2060 5162 pro-

471 5189 703 5243 l'unditis
723 5190 980 5257 gratiam,
1000 5187 1144 5257 justa
1171 5187 1414 5242 vindicta
1433 5186 1714 5240 eontinere
1741 5187 2058 5242 volueritis:

472 5279 602 5347 quin
642 5281 773 5335 illud
825 5295 1044 5350 quoque
1102 5281 1170 5335 de
1225 5271 1402 5333 medio
1440 5279 1714 5342 tollentes,
1767 5295 1863 5334 ceu
1921 5278 2062 5332 Vallo

473 5373 778 5428 fortissimo
809 5372 966 5428 bouis
1001 5373 1269 5427 munitum
1317 5374 1542 5435 donum,
1575 5371 1744 5426 libere
1776 5372 1829 5425 in
1865 5387 2064 5441 rogau-

477 5472 559 5519 tes
622 5465 888 5519 derivate.
932 5465 1143 5535 Quippe
1189 5465 1342 5531 haec,
1394 5465 1628 5518 aliarum
1677 5463 2061 5535 :rgritudiutun

475 5557 801 5625 gravissima
851 5567 956 5623 εει,
1013 5569 1070 5611 ιιι
1114 5556 1358 5610 oumium
1412 5557 1669 5623 maxime,
1717 5557 2060 5628 -adjut-orium

552 5733 568 5765 ί
603 5730 794 5786 Matth.
832 5747 887 5797 κ,
924 5732 975 5786 ι.
1052 5733 1071 5762 ²
1099 5729 1235 5786 Ibid.

2155 4817 2254 4870 καὶ
2275 4815 2580 4886 ἀλγηδόνας
2626 4816 2731 4880 τὰς
2772 4816 2985 4871 τούτων
3035 4820 3119 4882 εἰς
3159 4820 3295 4874 πολὺ
3337 4820 3439 4891 μὲν
3491 4827 3771 4893 παρατεί-

2159 4907 2374 4974 νεσθαι,
2409 4909 2947 4979 παρασκευάζουσαο
2991 4911 3284 4981 ἡττωμένη
3319 4912 3379 4964 δὲ
3418 4913 3516 4966 καὶ
3549 4914 3773 4969 διαλυο.

2168 5000 2306 5072 μένη
2369 5002 2763 5073 στερῤοτάταις
2833 5002 2989 5071 ὑμῶν
3049 5004 3382 5068 ὲντεύξεσιν.
3435 5007 3530 5077 Μὴ
3584 5009 3770 5062 τοίνυν

2170 5088 2493 5144 ὲναντιώσει
2523 5095 2589 5162 τῇ
2622 5093 2831 5164 ταύτης
2876 5093 3329 5164 προσανέχοντες,
3371 5097 3474 5166 τὴν
3512 5099 3603 5150 ἀεὶ
3635 5116 3776 5169 προ-

2168 5183 2439 5253 χεοιιένην
2461 5185 2622 5253 χάριν
2647 5184 2822 5253 ὑμῶν,
2854 5184 2920 5237 δι’
2951 5186 3134 5237 αἱτιαν
3163 5185 3373 5239 ἔνδικον
3402 5190 3770 5257 ἐπισχεθῆναι

2171 5272 2561 5344 βουληθείητε*
2610 5273 2726 5326 ἀλλ’
2781 5274 2856 5337 ὡς
2911 5277 3025 5337 τοῖς
3077 5277 3548 5347 ὲπιτειχισθείσαν
3610 5282 3774 5351 περί-

2172 5383 2319 5438 φραγ
2326 5384 2405 5436 μοι
2433 5368 2874 5438 καρτερώτατον,
2891 5369 2954 5420 ὲκ
2981 5368 3150 5438 μέσου
3185 5373 3279 5423 καὶ
3302 5371 3510 5443 ταύτην
3536 5373 3771 5443 διάραν-

2167 5475 2259 5523 τες
2281 5498 2294 5522 ,
2364 5459 2662 5523 ἀκωλύτως

2165 5555 2376 5628 δωρεὰν
2430 5557 2915 5626 παρασκευάσκτε.
2974 5556 3210 5629 Νόσημα
3269 5558 3380 5630 γὰρ
3425 5558 3537 5612 τῶν
3589 5557 3772 5615 ἄλλων

2749 5459 3262 5534 διαπορθμευθῆναι
3325 5465 3609 5535 δεομένοις
3668 5466 3773 5538 τὴν
3856 5480 3862 5484 ·
