  <div class='ocr_page' id='page_1' title='image "/cluster/home/n/w/nwhite01/storage/ocr_20150623/100/coo.31924054870047/764.png"; bbox 0 0 4060 6438; ppageno 0'>
   <div class='ocr_carea' id='block_1_1' title="bbox 311 472 448 540">
    <p class='ocr_par' dir='ltr' id='par_1_1' title="bbox 311 472 448 540">
     <span class='ocr_line' id='line_1_1' title="bbox 311 472 448 540; baseline 0 0"><span class='ocrx_word' id='word_1_1' title='bbox 311 472 448 540; x_wconf 72' lang='grc' dir='ltr'>ιδει</span> 
     </span>
    </p>
   </div>
   <div class='ocr_carea' id='block_1_2' title="bbox 1166 467 2628 533">
    <p class='ocr_par' dir='ltr' id='par_1_2' title="bbox 1166 467 2628 533">
     <span class='ocr_line' id='line_1_2' title="bbox 1166 467 2628 533; baseline -0.001 -2"><span class='ocrx_word' id='word_1_2' title='bbox 1166 471 1249 532; x_wconf 87' lang='lat' dir='ltr'><strong>IN</strong></span> <span class='ocrx_word' id='word_1_3' title='bbox 1291 471 1395 532; x_wconf 79' lang='lat' dir='ltr'><strong>SS.</strong></span> <span class='ocrx_word' id='word_1_4' title='bbox 1438 469 1671 533; x_wconf 80' lang='lat' dir='ltr'><strong>MART.</strong></span> <span class='ocrx_word' id='word_1_5' title='bbox 1712 471 2019 533; x_wconf 80' lang='lat' dir='ltr'><strong>COSMAM</strong></span> <span class='ocrx_word' id='word_1_6' title='bbox 2057 469 2167 533; x_wconf 63' lang='lat' dir='ltr'><strong>ET~</strong></span> <span class='ocrx_word' id='word_1_7' title='bbox 2194 467 2628 532; x_wconf 63' lang='lat' dir='ltr'><strong>DAMANUM.</strong></span> 
     </span>
    </p>
   </div>
   <div class='ocr_carea' id='block_1_3' title="bbox 3459 467 3595 534">
    <p class='ocr_par' dir='ltr' id='par_1_3' title="bbox 3459 467 3595 534">
     <span class='ocr_line' id='line_1_3' title="bbox 3459 467 3595 534; baseline -0.022 0"><span class='ocrx_word' id='word_1_8' title='bbox 3459 467 3595 534; x_wconf 71' lang='lat'><strong>1522</strong></span> 
     </span>
    </p>
   </div>
   <div class='ocr_carea' id='block_1_4' title="bbox 313 577 1913 659">
    <p class='ocr_par' dir='ltr' id='par_1_4' title="bbox 313 581 1902 659">
     <span class='ocr_line' id='line_1_4' title="bbox 313 581 1902 659; baseline -0.006 -15"><span class='ocrx_word' id='word_1_9' title='bbox 313 584 583 659; x_wconf 76' lang='grc' dir='ltr'><strong>ἀλγεινῶν</strong></span> <span class='ocrx_word' id='word_1_10' title='bbox 630 586 728 641; x_wconf 65' lang='grc' dir='ltr'>καὶ</span> <span class='ocrx_word' id='word_1_11' title='bbox 762 585 925 659; x_wconf 58' lang='grc' dir='ltr'>αὐτὴη</span> <span class='ocrx_word' id='word_1_12' title='bbox 964 584 1384 657; x_wconf 84' lang='grc' dir='ltr'>χαλεπώτερον,</span> <span class='ocrx_word' id='word_1_13' title='bbox 1446 583 1543 638; x_wconf 66' lang='grc' dir='ltr'>καὶ</span> <span class='ocrx_word' id='word_1_14' title='bbox 1590 581 1691 654; x_wconf 85' lang='grc' dir='ltr'>τῆς</span> <span class='ocrx_word' id='word_1_15' title='bbox 1744 582 1902 653; x_wconf 86' lang='grc' dir='ltr'>ὑμῶν</span> 
     </span>
    </p>
   </div>
   <div class='ocr_carea' id='block_1_5' title="bbox 2017 577 3599 659">
    <p class='ocr_par' dir='ltr' id='par_1_5' title="bbox 2017 577 3599 651">
     <span class='ocr_line' id='line_1_5' title="bbox 2017 577 3599 651; baseline -0.003 -15"><span class='ocrx_word' id='word_1_16' title='bbox 2017 591 2279 647; x_wconf 78' lang='lat' dir='ltr'><strong>vestrum,</strong></span> <span class='ocrx_word' id='word_1_17' title='bbox 2303 596 2399 638; x_wconf 90' lang='lat' dir='ltr'><strong>seu</strong></span> <span class='ocrx_word' id='word_1_18' title='bbox 2430 580 2605 651; x_wconf 79' lang='lat' dir='ltr'><strong>magis</strong></span> <span class='ocrx_word' id='word_1_19' title='bbox 2644 577 3038 649; x_wconf 88' lang='lat' dir='ltr'><strong>inspectionem</strong></span> <span class='ocrx_word' id='word_1_20' title='bbox 3072 590 3137 633; x_wconf 89' lang='lat' dir='ltr'><strong>ac</strong></span> <span class='ocrx_word' id='word_1_21' title='bbox 3172 590 3387 644; x_wconf 82' lang='lat' dir='ltr'><strong>curam,</strong></span> <span class='ocrx_word' id='word_1_22' title='bbox 3412 580 3599 648; x_wconf 86' lang='lat' dir='ltr'><strong>requi-</strong></span> 
     </span>
    </p>
   </div>
   <div class='ocr_carea' id='block_1_6' title="bbox 314 675 1900 751">
    <p class='ocr_par' dir='ltr' id='par_1_6' title="bbox 314 675 1900 751">
     <span class='ocr_line' id='line_1_6' title="bbox 314 675 1900 751; baseline -0.004 -16"><span class='ocrx_word' id='word_1_23' title='bbox 314 679 657 751; x_wconf 82' lang='grc' dir='ltr'>ἐπικουρίας,</span> <span class='ocrx_word' id='word_1_24' title='bbox 693 678 895 750; x_wconf 80' lang='grc' dir='ltr'>μᾶλλον</span> <span class='ocrx_word' id='word_1_25' title='bbox 934 678 977 732; x_wconf 82' lang='grc' dir='ltr'>δ’</span> <span class='ocrx_word' id='word_1_26' title='bbox 1012 676 1360 747; x_wconf 73' lang='grc' dir='ltr'>ἐπισκέψεως</span> <span class='ocrx_word' id='word_1_27' title='bbox 1392 677 1669 748; x_wconf 88' lang='grc' dir='ltr'>δεόμενον.</span> <span class='ocrx_word' id='word_1_28' title='bbox 1705 675 1900 747; x_wconf 85' lang='grc' dir='ltr'>Ἔχετε</span> 
     </span>
    </p>
   </div>
   <div class='ocr_carea' id='block_1_7' title="bbox 313 768 1902 843">
    <p class='ocr_par' dir='ltr' id='par_1_7' title="bbox 313 768 1902 843">
     <span class='ocr_line' id='line_1_7' title="bbox 313 768 1902 843; baseline -0.005 -14"><span class='ocrx_word' id='word_1_29' title='bbox 313 772 410 829; x_wconf 76' lang='grc' dir='ltr'>καὶ</span> <span class='ocrx_word' id='word_1_30' title='bbox 453 774 574 828; x_wconf 87' lang='grc' dir='ltr'>κατ’</span> <span class='ocrx_word' id='word_1_31' title='bbox 629 773 805 843; x_wconf 78' lang='grc' dir='ltr'>αὐτῆς</span> <span class='ocrx_word' id='word_1_32' title='bbox 848 771 949 843; x_wconf 78' lang='grc' dir='ltr'><strong>τὴν</strong></span> <span class='ocrx_word' id='word_1_33' title='bbox 1009 770 1284 837; x_wconf 84' lang='grc' dir='ltr'>ἐξουσίαν,</span> <span class='ocrx_word' id='word_1_34' title='bbox 1347 770 1424 835; x_wconf 90' lang='grc' dir='ltr'><strong>ώς</strong></span> <span class='ocrx_word' id='word_1_35' title='bbox 1478 768 1663 841; x_wconf 79' lang='grc' dir='ltr'><strong>ἔργοις</strong></span> <span class='ocrx_word' id='word_1_36' title='bbox 1717 770 1902 833; x_wconf 82' lang='grc' dir='ltr'>αὐτοῖς</span> 
     </span>
    </p>
   </div>
   <div class='ocr_carea' id='block_1_8' title="bbox 315 862 1902 939">
    <p class='ocr_par' dir='ltr' id='par_1_8' title="bbox 315 862 1902 939">
     <span class='ocr_line' id='line_1_8' title="bbox 315 862 1902 939; baseline -0.006 -16"><span class='ocrx_word' id='word_1_37' title='bbox 315 867 565 923; x_wconf 79' lang='grc' dir='ltr'>κοινωνοὶ</span> <span class='ocrx_word' id='word_1_38' title='bbox 593 866 704 921; x_wconf 89' lang='grc' dir='ltr'><strong>τῶν</strong></span> <span class='ocrx_word' id='word_1_39' title='bbox 727 866 826 939; x_wconf 83' lang='grc' dir='ltr'>τὴν</span> <span class='ocrx_word' id='word_1_40' title='bbox 859 866 1155 936; x_wconf 81' lang='grc' dir='ltr'><strong>ὑπόσχεσιν</strong></span> <span class='ocrx_word' id='word_1_41' title='bbox 1177 863 1381 935; x_wconf 74' lang='grc' dir='ltr'>ταύτην</span> <span class='ocrx_word' id='word_1_42' title='bbox 1410 862 1713 934; x_wconf 76' lang='grc' dir='ltr'><strong>εἰληφότων</strong></span> <span class='ocrx_word' id='word_1_43' title='bbox 1734 877 1902 932; x_wconf 84' lang='grc' dir='ltr'>γεγε-</span> 
     </span>
    </p>
   </div>
   <div class='ocr_carea' id='block_1_9' title="bbox 316 954 1903 1034">
    <p class='ocr_par' dir='ltr' id='par_1_9' title="bbox 316 954 1903 1034">
     <span class='ocr_line' id='line_1_9' title="bbox 316 954 1903 1034; baseline -0.006 -18"><span class='ocrx_word' id='word_1_44' title='bbox 316 961 566 1034; x_wconf 90' lang='grc' dir='ltr'>νημένοι.</span> <span class='ocrx_word' id='word_1_45' title='bbox 616 959 838 1030; x_wconf 84' lang='grc' dir='ltr'>’1σχύει,</span> <span class='ocrx_word' id='word_1_46' title='bbox 866 958 1026 1013; x_wconf 90' lang='grc' dir='ltr'>τοῦτο</span> <span class='ocrx_word' id='word_1_47' title='bbox 1055 957 1275 1023; x_wconf 86' lang='grc' dir='ltr'>πάντως</span> <span class='ocrx_word' id='word_1_48' title='bbox 1304 957 1405 1010; x_wconf 79' lang='grc' dir='ltr'>οὐκ</span> <span class='ocrx_word' id='word_1_49' title='bbox 1438 955 1760 1026; x_wconf 80' lang='grc' dir='ltr'>ἀμφίϐολον,</span> <span class='ocrx_word' id='word_1_50' title='bbox 1793 954 1903 1008; x_wconf 87' lang='grc' dir='ltr'><strong>τῶν</strong></span> 
     </span>
    </p>
   </div>
   <div class='ocr_carea' id='block_1_10' title="bbox 316 1046 1902 1125">
    <p class='ocr_par' dir='ltr' id='par_1_10' title="bbox 316 1046 1902 1125">
     <span class='ocr_line' id='line_1_10' title="bbox 316 1046 1902 1125; baseline -0.004 -17"><span class='ocrx_word' id='word_1_51' title='bbox 316 1053 590 1125; x_wconf 78' lang='grc' dir='ltr'>δεομένων</span> <span class='ocrx_word' id='word_1_52' title='bbox 621 1051 1050 1124; x_wconf 82' lang='grc' dir='ltr'>συνεργούντων,</span> <span class='ocrx_word' id='word_1_53' title='bbox 1073 1051 1169 1105; x_wconf 71' lang='grc' dir='ltr'>καὶ</span> <span class='ocrx_word' id='word_1_54' title='bbox 1198 1048 1404 1120; x_wconf 88' lang='grc' dir='ltr'>ταύτην</span> <span class='ocrx_word' id='word_1_55' title='bbox 1421 1046 1578 1119; x_wconf 81' lang='grc' dir='ltr'>ὑμῶν</span> <span class='ocrx_word' id='word_1_56' title='bbox 1601 1048 1635 1117; x_wconf 82' lang='grc' dir='ltr'>ἡ</span> <span class='ocrx_word' id='word_1_57' title='bbox 1665 1046 1902 1118; x_wconf 85' lang='grc' dir='ltr'>εὐπρόσ-</span> 
     </span>
    </p>
   </div>
   <div class='ocr_carea' id='block_1_11' title="bbox 317 1128 1905 1217">
    <p class='ocr_par' dir='ltr' id='par_1_11' title="bbox 317 1128 1905 1217">
     <span class='ocr_line' id='line_1_11' title="bbox 317 1128 1905 1217; baseline -0.006 -17"><span class='ocrx_word' id='word_1_58' title='bbox 317 1146 505 1209; x_wconf 85' lang='grc' dir='ltr'>δεκτος</span> <span class='ocrx_word' id='word_1_59' title='bbox 534 1128 660 1217; x_wconf 56' lang='lat' dir='ltr'><strong>Ila.</strong></span> <span class='ocrx_word' id='word_1_60' title='bbox 696 1145 864 1199; x_wconf 74' lang='grc' dir='ltr'>λείπ.</span> <span class='ocrx_word' id='word_1_61' title='bbox 920 1138 1153 1213; x_wconf 71' lang='grc' dir='ltr'>δέησις],</span> <span class='ocrx_word' id='word_1_62' title='bbox 1206 1138 1284 1203; x_wconf 84' lang='grc' dir='ltr'><strong>ῶς</strong></span> <span class='ocrx_word' id='word_1_63' title='bbox 1351 1140 1449 1193; x_wconf 79' lang='grc' dir='ltr'>καὶ</span> <span class='ocrx_word' id='word_1_64' title='bbox 1520 1139 1569 1193; x_wconf 82' lang='grc' dir='ltr'>τ’</span> <span class='ocrx_word' id='word_1_65' title='bbox 1610 1137 1745 1193; x_wconf 81' lang='grc' dir='ltr'>ἄλλα</span> <span class='ocrx_word' id='word_1_66' title='bbox 1792 1137 1905 1191; x_wconf 88' lang='grc' dir='ltr'><strong>τῶν</strong></span> 
     </span>
    </p>
   </div>
   <div class='ocr_carea' id='block_1_12' title="bbox 317 1229 1905 1309">
    <p class='ocr_par' dir='ltr' id='par_1_12' title="bbox 317 1229 1905 1309">
     <span class='ocr_line' id='line_1_12' title="bbox 317 1229 1905 1309; baseline -0.004 -18"><span class='ocrx_word' id='word_1_67' title='bbox 317 1236 642 1309; x_wconf 81' lang='grc' dir='ltr'>νοσημάτων</span> <span class='ocrx_word' id='word_1_68' title='bbox 674 1235 889 1307; x_wconf 79' lang='grc' dir='ltr'>ἐξᾶραι,</span> <span class='ocrx_word' id='word_1_69' title='bbox 936 1235 1031 1290; x_wconf 81' lang='grc' dir='ltr'>καὶ</span> <span class='ocrx_word' id='word_1_70' title='bbox 1076 1231 1267 1305; x_wconf 74' lang='grc' dir='ltr'>εὐεξίᾳ</span> <span class='ocrx_word' id='word_1_71' title='bbox 1298 1233 1367 1304; x_wconf 83' lang='grc' dir='ltr'><strong>τῇ</strong></span> <span class='ocrx_word' id='word_1_72' title='bbox 1388 1230 1581 1297; x_wconf 75' lang='grc' dir='ltr'>ὅντως,</span> <span class='ocrx_word' id='word_1_73' title='bbox 1613 1229 1905 1303; x_wconf 73' lang='grc' dir='ltr'>νοσηλευο-</span> 
     </span>
    </p>
   </div>
   <div class='ocr_carea' id='block_1_13' title="bbox 318 1327 1213 1401">
    <p class='ocr_par' dir='ltr' id='par_1_13' title="bbox 318 1327 1213 1401">
     <span class='ocr_line' id='line_1_13' title="bbox 318 1327 1213 1401; baseline 0.001 -19"><span class='ocrx_word' id='word_1_74' title='bbox 318 1327 516 1399; x_wconf 82' lang='grc' dir='ltr'>μένους</span> <span class='ocrx_word' id='word_1_75' title='bbox 545 1328 887 1401; x_wconf 79' lang='grc' dir='ltr'>ἀναρρῶσαι.</span> <span class='ocrx_word' id='word_1_76' title='bbox 1203 1330 1213 1335; x_wconf 86' lang='grc'><em>’</em></span> 
     </span>
    </p>
   </div>
   <div class='ocr_carea' id='block_1_14' title="bbox 387 1415 1905 1492">
    <p class='ocr_par' dir='ltr' id='par_1_14' title="bbox 387 1415 1905 1492">
     <span class='ocr_line' id='line_1_14' title="bbox 387 1415 1905 1492; baseline -0.001 -18"><span class='ocrx_word' id='word_1_77' title='bbox 387 1421 545 1475; x_wconf 81' lang='grc' dir='ltr'>Κατά</span> <span class='ocrx_word' id='word_1_78' title='bbox 567 1421 787 1476; x_wconf 88' lang='grc' dir='ltr'>πάντων</span> <span class='ocrx_word' id='word_1_79' title='bbox 810 1415 907 1476; x_wconf 77' lang='grc' dir='ltr'>οὖν</span> <span class='ocrx_word' id='word_1_80' title='bbox 934 1419 1124 1476; x_wconf 89' lang='grc' dir='ltr'>παθῶν</span> <span class='ocrx_word' id='word_1_81' title='bbox 1149 1422 1215 1475; x_wconf 83' lang='grc' dir='ltr'><strong>ἐκ</strong></span> <span class='ocrx_word' id='word_1_82' title='bbox 1242 1420 1504 1492; x_wconf 80' lang='grc' dir='ltr'>προνοίας</span> <span class='ocrx_word' id='word_1_83' title='bbox 1532 1418 1748 1492; x_wconf 69' lang='grc' dir='ltr'>ἔχοντες</span> <span class='ocrx_word' id='word_1_84' title='bbox 1769 1417 1905 1473; x_wconf 74' lang='grc' dir='ltr'>Θεοῦ</span> 
     </span>
    </p>
   </div>
   <div class='ocr_carea' id='block_1_15' title="bbox 314 1509 1907 1587">
    <p class='ocr_par' dir='ltr' id='par_1_15' title="bbox 314 1509 1907 1587">
     <span class='ocr_line' id='line_1_15' title="bbox 314 1509 1907 1587; baseline -0.003 -18"><span class='ocrx_word' id='word_1_85' title='bbox 314 1513 385 1569; x_wconf 87' lang='grc' dir='ltr'><strong>τά</strong></span> <span class='ocrx_word' id='word_1_86' title='bbox 415 1514 734 1587; x_wconf 78' lang='grc' dir='ltr'>νικητήρια,</span> <span class='ocrx_word' id='word_1_87' title='bbox 764 1515 826 1568; x_wconf 78' lang='grc' dir='ltr'>τὸ</span> <span class='ocrx_word' id='word_1_88' title='bbox 850 1513 945 1571; x_wconf 86' lang='grc' dir='ltr'><strong>τοῦ</strong></span> <span class='ocrx_word' id='word_1_89' title='bbox 983 1514 1434 1586; x_wconf 87' lang='grc' dir='ltr'>προνοησαμένου</span> <span class='ocrx_word' id='word_1_90' title='bbox 1460 1513 1555 1569; x_wconf 75' lang='grc' dir='ltr'>καὶ</span> <span class='ocrx_word' id='word_1_91' title='bbox 1580 1515 1640 1566; x_wconf 82' lang='grc' dir='ltr'>ὲν</span> <span class='ocrx_word' id='word_1_92' title='bbox 1668 1509 1907 1566; x_wconf 56' lang='grc' dir='ltr'>ὐπευθύέ</span> 
     </span>
    </p>
   </div>
   <div class='ocr_carea' id='block_1_16' title="bbox 315 1602 1908 1677">
    <p class='ocr_par' dir='ltr' id='par_1_16' title="bbox 315 1602 1908 1677">
     <span class='ocr_line' id='line_1_16' title="bbox 315 1602 1908 1677; baseline -0.003 -17"><span class='ocrx_word' id='word_1_93' title='bbox 315 1622 430 1671; x_wconf 87' lang='grc' dir='ltr'>νοις</span> <span class='ocrx_word' id='word_1_94' title='bbox 502 1605 822 1677; x_wconf 72' lang='grc' dir='ltr'>μιμήσασθε</span> <span class='ocrx_word' id='word_1_95' title='bbox 871 1605 1208 1675; x_wconf 76' lang='grc' dir='ltr'>φιλάγαθον·</span> <span class='ocrx_word' id='word_1_96' title='bbox 1261 1605 1523 1677; x_wconf 74' lang='grc' dir='ltr'>ἐμμόνοις</span> <span class='ocrx_word' id='word_1_97' title='bbox 1581 1602 1908 1675; x_wconf 90' lang='grc' dir='ltr'>πρεσϐείαις</span> 
     </span>
    </p>
   </div>
   <div class='ocr_carea' id='block_1_17' title="bbox 316 1693 1909 1768">
    <p class='ocr_par' dir='ltr' id='par_1_17' title="bbox 316 1693 1909 1768">
     <span class='ocr_line' id='line_1_17' title="bbox 316 1693 1909 1768; baseline -0.001 -17"><span class='ocrx_word' id='word_1_98' title='bbox 316 1695 512 1768; x_wconf 61' lang='grc' dir='ltr'>ἐωχάς</span> <span class='ocrx_word' id='word_1_99' title='bbox 548 1695 915 1767; x_wconf 78' lang='grc' dir='ltr'>πταισμάτων</span> <span class='ocrx_word' id='word_1_100' title='bbox 960 1695 1288 1750; x_wconf 83' lang='grc' dir='ltr'>διαλύσατε·</span> <span class='ocrx_word' id='word_1_101' title='bbox 1325 1696 1562 1768; x_wconf 85' lang='grc' dir='ltr'>χρονίοις</span> <span class='ocrx_word' id='word_1_102' title='bbox 1595 1693 1909 1765; x_wconf 59' lang='grc' dir='ltr'>πεπεδημέ-</span> 
     </span>
    </p>
   </div>
   <div class='ocr_carea' id='block_1_18' title="bbox 316 1786 1909 1861">
    <p class='ocr_par' dir='ltr' id='par_1_18' title="bbox 316 1786 1909 1861">
     <span class='ocr_line' id='line_1_18' title="bbox 316 1786 1909 1861; baseline -0.003 -17"><span class='ocrx_word' id='word_1_103' title='bbox 316 1805 445 1854; x_wconf 87' lang='grc' dir='ltr'>νους</span> <span class='ocrx_word' id='word_1_104' title='bbox 475 1789 785 1861; x_wconf 85' lang='grc' dir='ltr'>νοσήμασιν</span> <span class='ocrx_word' id='word_1_105' title='bbox 817 1787 1127 1844; x_wconf 78' lang='grc' dir='ltr'>ἀπολύσατε</span> <span class='ocrx_word' id='word_1_106' title='bbox 1146 1806 1159 1820; x_wconf 94' lang='grc'><strong>·</strong></span> <span class='ocrx_word' id='word_1_107' title='bbox 1193 1789 1428 1859; x_wconf 77' lang='grc' dir='ltr'>ἡσθῆναι</span> <span class='ocrx_word' id='word_1_108' title='bbox 1456 1791 1523 1860; x_wconf 78' lang='grc' dir='ltr'><strong>τῇ</strong></span> <span class='ocrx_word' id='word_1_109' title='bbox 1550 1804 1613 1841; x_wconf 86' lang='grc' dir='ltr'><strong>τε</strong></span> <span class='ocrx_word' id='word_1_110' title='bbox 1644 1786 1909 1860; x_wconf 87' lang='grc' dir='ltr'>προαιρέ-</span> 
     </span>
    </p>
   </div>
   <div class='ocr_carea' id='block_1_19' title="bbox 316 1878 1906 1953">
    <p class='ocr_par' dir='ltr' id='par_1_19' title="bbox 316 1878 1906 1953">
     <span class='ocr_line' id='line_1_19' title="bbox 316 1878 1906 1953; baseline -0.003 -17"><span class='ocrx_word' id='word_1_111' title='bbox 316 1898 401 1936; x_wconf 90' lang='grc' dir='ltr'><strong>σει</strong></span> <span class='ocrx_word' id='word_1_112' title='bbox 441 1882 535 1936; x_wconf 77' lang='grc' dir='ltr'>καὶ</span> <span class='ocrx_word' id='word_1_113' title='bbox 562 1880 642 1953; x_wconf 82' lang='grc' dir='ltr'>τῷ</span> <span class='ocrx_word' id='word_1_114' title='bbox 683 1881 856 1952; x_wconf 81' lang='grc' dir='ltr'>πόθῳ,</span> <span class='ocrx_word' id='word_1_115' title='bbox 902 1881 1011 1935; x_wconf 85' lang='grc' dir='ltr'><strong>τῶν</strong></span> <span class='ocrx_word' id='word_1_116' title='bbox 1054 1881 1160 1935; x_wconf 75' lang='grc' dir='ltr'>ὑπὸ</span> <span class='ocrx_word' id='word_1_117' title='bbox 1205 1880 1456 1951; x_wconf 86' lang='grc' dir='ltr'>πτέρυγα</span> <span class='ocrx_word' id='word_1_118' title='bbox 1509 1879 1721 1952; x_wconf 77' lang='grc' dir='ltr'>θερμῆς</span> <span class='ocrx_word' id='word_1_119' title='bbox 1750 1878 1906 1950; x_wconf 81' lang='grc' dir='ltr'>ὑμῶν</span> 
     </span>
    </p>
   </div>
   <div class='ocr_carea' id='block_1_20' title="bbox 2010 671 3598 741">
    <p class='ocr_par' dir='ltr' id='par_1_20' title="bbox 2010 671 3598 741">
     <span class='ocr_line' id='line_1_20' title="bbox 2010 671 3598 741; baseline -0.003 -13"><span class='ocrx_word' id='word_1_120' title='bbox 2010 684 2114 729; x_wconf 88' lang='lat' dir='ltr'><strong>rat.</strong></span> <span class='ocrx_word' id='word_1_121' title='bbox 2143 672 2367 728; x_wconf 80' lang='lat' dir='ltr'><strong>Habetis</strong></span> <span class='ocrx_word' id='word_1_122' title='bbox 2399 681 2585 727; x_wconf 87' lang='lat' dir='ltr'><strong>autem</strong></span> <span class='ocrx_word' id='word_1_123' title='bbox 2633 671 2686 727; x_wconf 92' lang='lat' dir='ltr'><strong>in</strong></span> <span class='ocrx_word' id='word_1_124' title='bbox 2721 686 2842 726; x_wconf 89' lang='lat' dir='ltr'><strong>eam</strong></span> <span class='ocrx_word' id='word_1_125' title='bbox 2890 684 3110 741; x_wconf 84' lang='lat' dir='ltr'><strong>quoque</strong></span> <span class='ocrx_word' id='word_1_126' title='bbox 3159 677 3512 741; x_wconf 90' lang='lat' dir='ltr'><strong>potestatem,</strong></span> <span class='ocrx_word' id='word_1_127' title='bbox 3540 677 3598 723; x_wconf 92' lang='lat' dir='ltr'><strong>ut</strong></span> 
     </span>
    </p>
   </div>
   <div class='ocr_carea' id='block_1_21' title="bbox 2011 761 3599 837">
    <p class='ocr_par' dir='ltr' id='par_1_21' title="bbox 2011 761 3599 837">
     <span class='ocr_line' id='line_1_21' title="bbox 2011 761 3599 837; baseline -0.006 -15"><span class='ocrx_word' id='word_1_128' title='bbox 2011 766 2144 837; x_wconf 84' lang='lat' dir='ltr'><strong>ipsis</strong></span> <span class='ocrx_word' id='word_1_129' title='bbox 2174 769 2339 821; x_wconf 86' lang='lat' dir='ltr'><strong>rebus</strong></span> <span class='ocrx_word' id='word_1_130' title='bbox 2365 779 2553 820; x_wconf 88' lang='lat' dir='ltr'><strong>eorum</strong></span> <span class='ocrx_word' id='word_1_131' title='bbox 2577 764 2712 819; x_wconf 83' lang='lat' dir='ltr'><strong>socii</strong></span> <span class='ocrx_word' id='word_1_132' title='bbox 2744 761 2948 831; x_wconf 74' lang='lat' dir='ltr'><strong>eli‘ecti,</strong></span> <span class='ocrx_word' id='word_1_133' title='bbox 2978 763 3072 833; x_wconf 89' lang='lat' dir='ltr'><strong>qui</strong></span> <span class='ocrx_word' id='word_1_134' title='bbox 3110 776 3231 817; x_wconf 88' lang='lat' dir='ltr'><strong>eam</strong></span> <span class='ocrx_word' id='word_1_135' title='bbox 3283 761 3599 832; x_wconf 87' lang='lat' dir='ltr'><strong>promissio-</strong></span> 
     </span>
    </p>
   </div>
   <div class='ocr_carea' id='block_1_22' title="bbox 2009 853 3600 927">
    <p class='ocr_par' dir='ltr' id='par_1_22' title="bbox 2009 853 3600 927">
     <span class='ocr_line' id='line_1_22' title="bbox 2009 853 3600 927; baseline -0.003 -16"><span class='ocrx_word' id='word_1_136' title='bbox 2009 871 2131 913; x_wconf 85' lang='lat' dir='ltr'><strong>nem</strong></span> <span class='ocrx_word' id='word_1_137' title='bbox 2179 863 2535 927; x_wconf 78' lang='lat' dir='ltr'><strong>acceperunt.</strong></span> <span class='ocrx_word' id='word_1_138' title='bbox 2587 853 2735 910; x_wconf 84' lang='lat' dir='ltr'><strong>Nihil</strong></span> <span class='ocrx_word' id='word_1_139' title='bbox 2773 854 2936 925; x_wconf 82' lang='lat' dir='ltr'><strong>plane</strong></span> <span class='ocrx_word' id='word_1_140' title='bbox 2981 853 3230 920; x_wconf 91' lang='lat' dir='ltr'><strong>dubium,</strong></span> <span class='ocrx_word' id='word_1_141' title='bbox 3271 861 3331 908; x_wconf 93' lang='lat' dir='ltr'><strong>ut</strong></span> <span class='ocrx_word' id='word_1_142' title='bbox 3362 867 3431 908; x_wconf 88' lang='lat' dir='ltr'><strong>ne</strong></span> <span class='ocrx_word' id='word_1_143' title='bbox 3458 853 3600 907; x_wconf 88' lang='lat' dir='ltr'><strong>hanc</strong></span> 
     </span>
    </p>
   </div>
   <div class='ocr_carea' id='block_1_23' title="bbox 2006 945 3599 1019">
    <p class='ocr_par' dir='ltr' id='par_1_23' title="bbox 2006 945 3599 1019">
     <span class='ocr_line' id='line_1_23' title="bbox 2006 945 3599 1019; baseline -0.001 -18"><span class='ocrx_word' id='word_1_144' title='bbox 2006 962 2225 1019; x_wconf 89' lang='lat' dir='ltr'><strong>quoque</strong></span> <span class='ocrx_word' id='word_1_145' title='bbox 2271 957 2331 1004; x_wconf 92' lang='lat' dir='ltr'><strong>ut</strong></span> <span class='ocrx_word' id='word_1_146' title='bbox 2371 957 2427 1003; x_wconf 92' lang='lat' dir='ltr'><strong>et</strong></span> <span class='ocrx_word' id='word_1_147' title='bbox 2466 946 2706 1018; x_wconf 88' lang='lat' dir='ltr'><strong>reliquas</strong></span> <span class='ocrx_word' id='word_1_148' title='bbox 2766 945 3143 1016; x_wconf 65' lang='lat' dir='ltr'><strong>aegritudines,</strong></span> <span class='ocrx_word' id='word_1_149' title='bbox 3208 947 3321 1002; x_wconf 89' lang='lat' dir='ltr'><strong>Deo</strong></span> <span class='ocrx_word' id='word_1_150' title='bbox 3372 957 3599 1016; x_wconf 86' lang='lat' dir='ltr'><strong>accepta</strong></span> 
     </span>
    </p>
   </div>
   <div class='ocr_carea' id='block_1_24' title="bbox 2007 1037 3596 1110">
    <p class='ocr_par' dir='ltr' id='par_1_24' title="bbox 2007 1037 3596 1110">
     <span class='ocr_line' id='line_1_24' title="bbox 2007 1037 3596 1110; baseline -0.001 -16"><span class='ocrx_word' id='word_1_151' title='bbox 2007 1052 2187 1094; x_wconf 77' lang='lat' dir='ltr'><strong>veSIra</strong></span> <span class='ocrx_word' id='word_1_152' title='bbox 2216 1039 2418 1105; x_wconf 93' lang='lat' dir='ltr'><strong>oratio,</strong></span> <span class='ocrx_word' id='word_1_153' title='bbox 2448 1038 2584 1110; x_wconf 83' lang='lat' dir='ltr'><strong>ipsis</strong></span> <span class='ocrx_word' id='word_1_154' title='bbox 2603 1037 2699 1108; x_wconf 85' lang='lat' dir='ltr'><strong>qui</strong></span> <span class='ocrx_word' id='word_1_155' title='bbox 2739 1046 2935 1108; x_wconf 87' lang='lat' dir='ltr'><strong>rogant</strong></span> <span class='ocrx_word' id='word_1_156' title='bbox 2962 1038 3340 1108; x_wconf 85' lang='lat' dir='ltr'><strong>coagentibus,</strong></span> <span class='ocrx_word' id='word_1_157' title='bbox 3375 1038 3596 1093; x_wconf 83' lang='lat' dir='ltr'><strong>auferre</strong></span> 
     </span>
    </p>
   </div>
   <div class='ocr_carea' id='block_1_25' title="bbox 2008 1129 3591 1199">
    <p class='ocr_par' dir='ltr' id='par_1_25' title="bbox 2008 1129 3591 1199">
     <span class='ocr_line' id='line_1_25' title="bbox 2008 1129 3591 1199; baseline -0.001 -15"><span class='ocrx_word' id='word_1_158' title='bbox 2008 1130 2207 1196; x_wconf 86' lang='lat' dir='ltr'><strong>valeat,</strong></span> <span class='ocrx_word' id='word_1_159' title='bbox 2243 1140 2409 1199; x_wconf 82' lang='lat' dir='ltr'><strong>atque</strong></span> <span class='ocrx_word' id='word_1_160' title='bbox 2434 1145 2497 1187; x_wconf 87' lang='lat' dir='ltr'><strong>ea</strong></span> <span class='ocrx_word' id='word_1_161' title='bbox 2524 1129 2862 1196; x_wconf 84' lang='lat' dir='ltr'><strong>laborantes,</strong></span> <span class='ocrx_word' id='word_1_162' title='bbox 2884 1130 3026 1188; x_wconf 90' lang='lat' dir='ltr'><strong>bona</strong></span> <span class='ocrx_word' id='word_1_163' title='bbox 3058 1145 3253 1187; x_wconf 81' lang='lat' dir='ltr'><strong>revera</strong></span> <span class='ocrx_word' id='word_1_164' title='bbox 3279 1129 3591 1188; x_wconf 87' lang='lat' dir='ltr'><strong>valetudine</strong></span> 
     </span>
    </p>
   </div>
   <div class='ocr_carea' id='block_1_26' title="bbox 2009 1222 2356 1279">
    <p class='ocr_par' dir='ltr' id='par_1_26' title="bbox 2009 1222 2356 1279">
     <span class='ocr_line' id='line_1_26' title="bbox 2009 1222 2356 1279; baseline -0.006 0"><span class='ocrx_word' id='word_1_165' title='bbox 2009 1222 2356 1279; x_wconf 86' lang='lat' dir='ltr'><strong>conllrmare.</strong></span> 
     </span>
    </p>
   </div>
   <div class='ocr_carea' id='block_1_27' title="bbox 2080 1412 3597 1484">
    <p class='ocr_par' dir='ltr' id='par_1_27' title="bbox 2080 1412 3597 1484">
     <span class='ocr_line' id='line_1_27' title="bbox 2080 1412 3597 1484; baseline 0 -18"><span class='ocrx_word' id='word_1_166' title='bbox 2080 1412 2181 1482; x_wconf 77' lang='lat' dir='ltr'><strong>Qui</strong></span> <span class='ocrx_word' id='word_1_167' title='bbox 2223 1426 2353 1484; x_wconf 87' lang='lat' dir='ltr'><strong>ergo</strong></span> <span class='ocrx_word' id='word_1_168' title='bbox 2386 1412 2622 1471; x_wconf 85' lang='lat' dir='ltr'><strong>donante</strong></span> <span class='ocrx_word' id='word_1_169' title='bbox 2640 1413 2731 1471; x_wconf 78' lang='lat' dir='ltr'><strong>Dei</strong></span> <span class='ocrx_word' id='word_1_170' title='bbox 2762 1412 3103 1484; x_wconf 81' lang='lat' dir='ltr'><strong>providentia</strong></span> <span class='ocrx_word' id='word_1_171' title='bbox 3166 1414 3428 1469; x_wconf 86' lang='lat' dir='ltr'><strong>adversus</strong></span> <span class='ocrx_word' id='word_1_172' title='bbox 3476 1426 3597 1468; x_wconf 84' lang='lat' dir='ltr'><strong>om-</strong></span> 
     </span>
    </p>
   </div>
   <div class='ocr_carea' id='block_1_28' title="bbox 2008 1507 3585 1578">
    <p class='ocr_par' dir='ltr' id='par_1_28' title="bbox 2008 1507 3585 1578">
     <span class='ocr_line' id='line_1_28' title="bbox 2008 1507 3585 1578; baseline -0.002 -14"><span class='ocrx_word' id='word_1_173' title='bbox 2008 1523 2107 1564; x_wconf 85' lang='lat' dir='ltr'><strong>nes</strong></span> <span class='ocrx_word' id='word_1_174' title='bbox 2132 1508 2350 1565; x_wconf 88' lang='lat' dir='ltr'><strong>morbos</strong></span> <span class='ocrx_word' id='word_1_175' title='bbox 2377 1508 2658 1564; x_wconf 86' lang='lat' dir='ltr'><strong>victoriam</strong></span> <span class='ocrx_word' id='word_1_176' title='bbox 2690 1508 2956 1575; x_wconf 78' lang='lat' dir='ltr'><strong>habeatis,</strong></span> <span class='ocrx_word' id='word_1_177' title='bbox 2980 1508 3099 1577; x_wconf 86' lang='lat' dir='ltr'><strong>ejus</strong></span> <span class='ocrx_word' id='word_1_178' title='bbox 3120 1508 3212 1578; x_wconf 92' lang='lat' dir='ltr'><strong>qui</strong></span> <span class='ocrx_word' id='word_1_179' title='bbox 3243 1508 3324 1564; x_wconf 90' lang='lat' dir='ltr'><strong>sic</strong></span> <span class='ocrx_word' id='word_1_180' title='bbox 3348 1507 3585 1578; x_wconf 82' lang='lat' dir='ltr'><strong>providit</strong></span> 
     </span>
    </p>
   </div>
   <div class='ocr_carea' id='block_1_29' title="bbox 2007 1601 3601 1673">
    <p class='ocr_par' dir='ltr' id='par_1_29' title="bbox 2007 1601 3601 1673">
     <span class='ocr_line' id='line_1_29' title="bbox 2007 1601 3601 1673; baseline -0.003 -15"><span class='ocrx_word' id='word_1_181' title='bbox 2007 1601 2429 1673; x_wconf 87' lang='lat' dir='ltr'><strong>benignitatem,</strong></span> <span class='ocrx_word' id='word_1_182' title='bbox 2466 1601 2518 1656; x_wconf 91' lang='lat' dir='ltr'><strong>in</strong></span> <span class='ocrx_word' id='word_1_183' title='bbox 2561 1601 2627 1657; x_wconf 92' lang='lat' dir='ltr'><strong>iis</strong></span> <span class='ocrx_word' id='word_1_184' title='bbox 2679 1616 2902 1673; x_wconf 88' lang='lat' dir='ltr'><strong>quoque</strong></span> <span class='ocrx_word' id='word_1_185' title='bbox 2959 1602 3053 1673; x_wconf 90' lang='lat' dir='ltr'><strong>qui</strong></span> <span class='ocrx_word' id='word_1_186' title='bbox 3087 1601 3166 1657; x_wconf 92' lang='lat' dir='ltr'><strong>rei</strong></span> <span class='ocrx_word' id='word_1_187' title='bbox 3219 1609 3349 1657; x_wconf 90' lang='lat' dir='ltr'><strong>sunt</strong></span> <span class='ocrx_word' id='word_1_188' title='bbox 3414 1601 3601 1656; x_wconf 59' lang='lat' dir='ltr'><strong>imi”.-</strong></span> 
     </span>
    </p>
   </div>
   <div class='ocr_carea' id='block_1_30' title="bbox 1972 1692 3599 1759">
    <p class='ocr_par' dir='ltr' id='par_1_30' title="bbox 1972 1692 3599 1759">
     <span class='ocr_line' id='line_1_30' title="bbox 1972 1692 3599 1759; baseline 0 -11"><span class='ocrx_word' id='word_1_189' title='bbox 1972 1694 2184 1759; x_wconf 86' lang='lat' dir='ltr'><strong>.mini;</strong></span> <span class='ocrx_word' id='word_1_190' title='bbox 2243 1694 2477 1749; x_wconf 83' lang='lat' dir='ltr'><strong>assiduis</strong></span> <span class='ocrx_word' id='word_1_191' title='bbox 2529 1694 2729 1751; x_wconf 86' lang='lat' dir='ltr'><strong>vestris</strong></span> <span class='ocrx_word' id='word_1_192' title='bbox 2777 1692 3267 1750; x_wconf 83' lang='lat' dir='ltr'><strong>intercessionibus</strong></span> <span class='ocrx_word' id='word_1_193' title='bbox 3318 1692 3599 1749; x_wconf 86' lang='lat' dir='ltr'><strong>dissolvite</strong></span> 
     </span>
    </p>
   </div>
   <div class='ocr_carea' id='block_1_31' title="bbox 2008 1784 3603 1857">
    <p class='ocr_par' dir='ltr' id='par_1_31' title="bbox 2008 1784 3603 1857">
     <span class='ocr_line' id='line_1_31' title="bbox 2008 1784 3603 1857; baseline -0.001 -17"><span class='ocrx_word' id='word_1_194' title='bbox 2008 1795 2193 1841; x_wconf 87' lang='lat' dir='ltr'><strong>reatus</strong></span> <span class='ocrx_word' id='word_1_195' title='bbox 2226 1785 2546 1841; x_wconf 89' lang='lat' dir='ltr'><strong>delictorum</strong></span> <span class='ocrx_word' id='word_1_196' title='bbox 2595 1804 2610 1841; x_wconf 90' lang='lat'><strong>:</strong></span> <span class='ocrx_word' id='word_1_197' title='bbox 2653 1785 2911 1857; x_wconf 68' lang='lat' dir='ltr'><strong>longaevis</strong></span> <span class='ocrx_word' id='word_1_198' title='bbox 2961 1793 3155 1841; x_wconf 84' lang='lat' dir='ltr'><strong>lentos</strong></span> <span class='ocrx_word' id='word_1_199' title='bbox 3186 1784 3603 1854; x_wconf 63' lang='lat' dir='ltr'><strong>egritudinibus</strong></span> 
     </span>
    </p>
   </div>
   <div class='ocr_carea' id='block_1_32' title="bbox 2011 1875 3601 1946">
    <p class='ocr_par' dir='ltr' id='par_1_32' title="bbox 2011 1875 3601 1946">
     <span class='ocr_line' id='line_1_32' title="bbox 2011 1875 3601 1946; baseline -0.001 -15"><span class='ocrx_word' id='word_1_200' title='bbox 2011 1876 2316 1942; x_wconf 83' lang='lat' dir='ltr'><strong>absolvite,</strong></span> <span class='ocrx_word' id='word_1_201' title='bbox 2353 1885 2410 1931; x_wconf 94' lang='lat' dir='ltr'><strong>ut</strong></span> <span class='ocrx_word' id='word_1_202' title='bbox 2438 1891 2627 1932; x_wconf 90' lang='lat' dir='ltr'><strong>eorum</strong></span> <span class='ocrx_word' id='word_1_203' title='bbox 2679 1876 2875 1933; x_wconf 74' lang='lat' dir='ltr'><strong>alfectu</strong></span> <span class='ocrx_word' id='word_1_204' title='bbox 2925 1891 2991 1932; x_wconf 91' lang='lat' dir='ltr'><strong>ac</strong></span> <span class='ocrx_word' id='word_1_205' title='bbox 3047 1875 3320 1932; x_wconf 91' lang='lat' dir='ltr'><strong>desiderio</strong></span> <span class='ocrx_word' id='word_1_206' title='bbox 3367 1875 3601 1946; x_wconf 82' lang='lat' dir='ltr'><strong>gaudea-</strong></span> 
     </span>
    </p>
   </div>
   <div class='ocr_carea' id='block_1_33' title="bbox 316 1968 1913 2044">
    <p class='ocr_par' dir='ltr' id='par_1_33' title="bbox 316 1970 1895 2044">
     <span class='ocr_line' id='line_1_33' title="bbox 316 1970 1895 2044; baseline -0.001 -18"><span class='ocrx_word' id='word_1_207' title='bbox 316 1971 667 2043; x_wconf 77' lang='grc' dir='ltr'>ἐπισκέψεως</span> <span class='ocrx_word' id='word_1_208' title='bbox 731 1972 1191 2043; x_wconf 79' lang='grc' dir='ltr'>καταφευγόντων</span> <span class='ocrx_word' id='word_1_209' title='bbox 1244 1972 1632 2044; x_wconf 87' lang='grc' dir='ltr'>δυσωπήθητε.</span> <span class='ocrx_word' id='word_1_210' title='bbox 1697 1970 1895 2043; x_wconf 76' lang='grc' dir='ltr'>Ὀρᾶτε</span> 
     </span>
    </p>
   </div>
   <div class='ocr_carea' id='block_1_34' title="bbox 2017 1968 3629 2044">
    <p class='ocr_par' dir='ltr' id='par_1_34' title="bbox 2019 1968 3629 2041">
     <span class='ocr_line' id='line_1_34' title="bbox 2019 1968 3629 2041; baseline -0.001 -17"><span class='ocrx_word' id='word_1_211' title='bbox 2019 1971 2109 2036; x_wconf 89' lang='lat' dir='ltr'><strong>tis,</strong></span> <span class='ocrx_word' id='word_1_212' title='bbox 2136 1971 2229 2041; x_wconf 88' lang='lat' dir='ltr'><strong>qui</strong></span> <span class='ocrx_word' id='word_1_213' title='bbox 2255 1970 2355 2026; x_wconf 89' lang='lat' dir='ltr'><strong>sub</strong></span> <span class='ocrx_word' id='word_1_214' title='bbox 2376 1970 2491 2024; x_wconf 87' lang='lat' dir='ltr'><strong>alas</strong></span> <span class='ocrx_word' id='word_1_215' title='bbox 2516 1968 2777 2026; x_wconf 78' lang='lat' dir='ltr'><strong>ferventis</strong></span> <span class='ocrx_word' id='word_1_216' title='bbox 2803 1979 2997 2025; x_wconf 71' lang='lat' dir='ltr'><strong>vestrae</strong></span> <span class='ocrx_word' id='word_1_217' title='bbox 3020 1969 3379 2039; x_wconf 89' lang='lat' dir='ltr'><strong>inspectionis</strong></span> <span class='ocrx_word' id='word_1_218' title='bbox 3408 1968 3603 2024; x_wconf 80' lang='lat' dir='ltr'><strong>confu-</strong></span> <span class='ocrx_word' id='word_1_219' title='bbox 3628 2034 3629 2037; x_wconf 23' lang='grc' dir='ltr'><strong>η</strong></span> 
     </span>
    </p>
   </div>
   <div class='ocr_carea' id='block_1_35' title="bbox 317 2057 1906 2133">
    <p class='ocr_par' dir='ltr' id='par_1_35' title="bbox 317 2057 1906 2133">
     <span class='ocr_line' id='line_1_35' title="bbox 317 2057 1906 2133; baseline 0.001 -20"><span class='ocrx_word' id='word_1_220' title='bbox 317 2057 428 2131; x_wconf 81' lang='grc' dir='ltr'><strong>γὰρ</strong></span> <span class='ocrx_word' id='word_1_221' title='bbox 454 2058 529 2123; x_wconf 82' lang='grc' dir='ltr'>ὼς</span> <span class='ocrx_word' id='word_1_222' title='bbox 553 2057 670 2131; x_wconf 77' lang='grc' dir='ltr'><strong>[ῐσ.</strong></span> <span class='ocrx_word' id='word_1_223' title='bbox 704 2061 868 2115; x_wconf 73' lang='grc' dir='ltr'>λεΙπ.</span> <span class='ocrx_word' id='word_1_224' title='bbox 895 2059 1001 2133; x_wconf 83' lang='grc' dir='ltr'>ὅτι]</span> <span class='ocrx_word' id='word_1_225' title='bbox 1034 2062 1115 2125; x_wconf 87' lang='grc' dir='ltr'><strong>είς</strong></span> <span class='ocrx_word' id='word_1_226' title='bbox 1141 2060 1359 2131; x_wconf 83' lang='grc' dir='ltr'>ἀμοχθά</span> <span class='ocrx_word' id='word_1_227' title='bbox 1388 2077 1511 2114; x_wconf 87' lang='grc' dir='ltr'>τινα</span> <span class='ocrx_word' id='word_1_228' title='bbox 1541 2060 1637 2114; x_wconf 77' lang='grc' dir='ltr'>καὶ</span> <span class='ocrx_word' id='word_1_229' title='bbox 1664 2061 1906 2131; x_wconf 79' lang='grc' dir='ltr'>χαρίτων</span> 
     </span>
    </p>
   </div>
   <div class='ocr_carea' id='block_1_36' title="bbox 322 2150 1905 2225">
    <p class='ocr_par' dir='ltr' id='par_1_36' title="bbox 322 2150 1905 2225">
     <span class='ocr_line' id='line_1_36' title="bbox 322 2150 1905 2225; baseline 0.003 -21"><span class='ocrx_word' id='word_1_230' title='bbox 322 2150 537 2221; x_wconf 82' lang='grc' dir='ltr'>ίατρεῐα</span> <span class='ocrx_word' id='word_1_231' title='bbox 566 2150 776 2223; x_wconf 80' lang='grc' dir='ltr'>πλήρη,</span> <span class='ocrx_word' id='word_1_232' title='bbox 807 2152 866 2206; x_wconf 86' lang='grc' dir='ltr'><strong>ἐν</strong></span> <span class='ocrx_word' id='word_1_233' title='bbox 898 2154 1013 2217; x_wconf 85' lang='grc' dir='ltr'>τοῖς</span> <span class='ocrx_word' id='word_1_234' title='bbox 1039 2153 1295 2223; x_wconf 80' lang='grc' dir='ltr'>τεμένεσι</span> <span class='ocrx_word' id='word_1_235' title='bbox 1324 2153 1482 2224; x_wconf 79' lang='grc' dir='ltr'>ὑμῶν</span> <span class='ocrx_word' id='word_1_236' title='bbox 1505 2154 1555 2207; x_wconf 85' lang='grc' dir='ltr'>οἱ</span> <span class='ocrx_word' id='word_1_237' title='bbox 1577 2152 1905 2225; x_wconf 81' lang='grc' dir='ltr'>ὀδυνώμενοι</span> 
     </span>
    </p>
   </div>
   <div class='ocr_carea' id='block_1_37' title="bbox 317 2240 1909 2317">
    <p class='ocr_par' dir='ltr' id='par_1_37' title="bbox 317 2240 1909 2317">
     <span class='ocr_line' id='line_1_37' title="bbox 317 2240 1909 2317; baseline 0.002 -21"><span class='ocrx_word' id='word_1_238' title='bbox 317 2240 786 2312; x_wconf 77' lang='grc' dir='ltr'>καταφεύγοντες,</span> <span class='ocrx_word' id='word_1_239' title='bbox 830 2243 930 2317; x_wconf 81' lang='grc' dir='ltr'><strong>τὴν</strong></span> <span class='ocrx_word' id='word_1_240' title='bbox 959 2245 1071 2299; x_wconf 89' lang='grc' dir='ltr'><strong>τῶν</strong></span> <span class='ocrx_word' id='word_1_241' title='bbox 1104 2245 1372 2315; x_wconf 79' lang='grc' dir='ltr'>ἀλγεινῶν</span> <span class='ocrx_word' id='word_1_242' title='bbox 1421 2246 1495 2317; x_wconf 78' lang='grc' dir='ltr'>μὴ</span> <span class='ocrx_word' id='word_1_243' title='bbox 1540 2244 1909 2316; x_wconf 82' lang='grc' dir='ltr'>ὑπερτιθεμέ-</span> 
     </span>
    </p>
   </div>
   <div class='ocr_carea' id='block_1_38' title="bbox 317 2326 1910 2409">
    <p class='ocr_par' dir='ltr' id='par_1_38' title="bbox 317 2326 1910 2409">
     <span class='ocr_line' id='line_1_38' title="bbox 317 2326 1910 2409; baseline 0 -18"><span class='ocrx_word' id='word_1_244' title='bbox 317 2351 422 2406; x_wconf 80' lang='grc' dir='ltr'><strong>νην</strong></span> <span class='ocrx_word' id='word_1_245' title='bbox 460 2334 787 2406; x_wconf 82' lang='grc' dir='ltr'>ἀπαλλαγην</span> <span class='ocrx_word' id='word_1_246' title='bbox 811 2336 1155 2402; x_wconf 75' lang='grc' dir='ltr'>ἐλπίζουσιν.</span> <span class='ocrx_word' id='word_1_247' title='bbox 1208 2336 1441 2408; x_wconf 85' lang='grc' dir='ltr'>Ὀρῶσιν</span> <span class='ocrx_word' id='word_1_248' title='bbox 1471 2337 1581 2409; x_wconf 82' lang='grc' dir='ltr'><strong>γὰρ</strong></span> <span class='ocrx_word' id='word_1_249' title='bbox 1620 2337 1765 2407; x_wconf 81' lang='grc' dir='ltr'>ὑμᾶς</span> <span class='ocrx_word' id='word_1_250' title='bbox 1794 2326 1910 2391; x_wconf 86' lang='grc' dir='ltr'>δια-</span> 
     </span>
    </p>
   </div>
   <div class='ocr_carea' id='block_1_39' title="bbox 317 2426 1913 2501">
    <p class='ocr_par' dir='ltr' id='par_1_39' title="bbox 317 2426 1913 2501">
     <span class='ocr_line' id='line_1_39' title="bbox 317 2426 1913 2501; baseline 0.001 -20"><span class='ocrx_word' id='word_1_251' title='bbox 317 2426 463 2498; x_wconf 78' lang='grc' dir='ltr'>νοίᾳ,</span> <span class='ocrx_word' id='word_1_252' title='bbox 502 2427 599 2483; x_wconf 79' lang='grc' dir='ltr'>καὶ</span> <span class='ocrx_word' id='word_1_253' title='bbox 637 2426 714 2501; x_wconf 79' lang='grc' dir='ltr'>μὴ</span> <span class='ocrx_word' id='word_1_254' title='bbox 745 2428 1389 2500; x_wconf 23' lang='grc' dir='ltr'>φαινομένουςνόμμασιν</span> <span class='ocrx_word' id='word_1_255' title='bbox 1412 2447 1427 2462; x_wconf 92' lang='grc'><strong>·</strong></span> <span class='ocrx_word' id='word_1_256' title='bbox 1464 2430 1659 2501; x_wconf 81' lang='grc' dir='ltr'>χεῖρας</span> <span class='ocrx_word' id='word_1_257' title='bbox 1693 2430 1913 2501; x_wconf 85' lang='grc' dir='ltr'>προτεί-</span> 
     </span>
    </p>
   </div>
   <div class='ocr_carea' id='block_1_40' title="bbox 318 2520 1909 2592">
    <p class='ocr_par' dir='ltr' id='par_1_40' title="bbox 318 2520 1909 2592">
     <span class='ocr_line' id='line_1_40' title="bbox 318 2520 1909 2592; baseline 0 -18"><span class='ocrx_word' id='word_1_258' title='bbox 318 2535 507 2574; x_wconf 81' lang='grc' dir='ltr'>νουσιν</span> <span class='ocrx_word' id='word_1_259' title='bbox 525 2537 541 2552; x_wconf 94' lang='grc'><strong>·</strong></span> <span class='ocrx_word' id='word_1_260' title='bbox 557 2520 741 2589; x_wconf 85' lang='grc' dir='ltr'>λόγοις</span> <span class='ocrx_word' id='word_1_261' title='bbox 759 2521 853 2577; x_wconf 86' lang='grc' dir='ltr'>τὸν</span> <span class='ocrx_word' id='word_1_262' title='bbox 875 2521 1025 2575; x_wconf 81' lang='grc' dir='ltr'>έλεον</span> <span class='ocrx_word' id='word_1_263' title='bbox 1042 2520 1429 2592; x_wconf 67' lang='grc' dir='ltr'>ἐπιζητοῦντες</span> <span class='ocrx_word' id='word_1_264' title='bbox 1454 2520 1909 2592; x_wconf 62' lang='grc' dir='ltr'>προσομιλοῦσιν</span> 
     </span>
    </p>
   </div>
   <div class='ocr_carea' id='block_1_41' title="bbox 318 2613 1912 2687">
    <p class='ocr_par' dir='ltr' id='par_1_41' title="bbox 318 2613 1912 2687">
     <span class='ocr_line' id='line_1_41' title="bbox 318 2613 1912 2687; baseline 0.001 -21"><span class='ocrx_word' id='word_1_265' title='bbox 318 2613 401 2678; x_wconf 76' lang='grc' dir='ltr'>ὥς</span> <span class='ocrx_word' id='word_1_266' title='bbox 432 2613 690 2686; x_wconf 83' lang='grc' dir='ltr'>σωτῆρας</span> <span class='ocrx_word' id='word_1_267' title='bbox 722 2613 1142 2687; x_wconf 89' lang='grc' dir='ltr'>παρακαλοῦσιν</span> <span class='ocrx_word' id='word_1_268' title='bbox 1165 2630 1181 2647; x_wconf 90' lang='grc'><strong>·</strong></span> <span class='ocrx_word' id='word_1_269' title='bbox 1213 2613 1291 2679; x_wconf 87' lang='grc' dir='ltr'><strong>ὡς</strong></span> <span class='ocrx_word' id='word_1_270' title='bbox 1336 2615 1647 2687; x_wconf 77' lang='grc' dir='ltr'>κηδεμόνας</span> <span class='ocrx_word' id='word_1_271' title='bbox 1690 2614 1912 2668; x_wconf 80' lang='grc' dir='ltr'>καθικε-</span> 
     </span>
    </p>
   </div>
   <div class='ocr_carea' id='block_1_42' title="bbox 317 2704 1910 2779">
    <p class='ocr_par' dir='ltr' id='par_1_42' title="bbox 317 2704 1910 2779">
     <span class='ocr_line' id='line_1_42' title="bbox 317 2704 1910 2779; baseline 0.001 -21"><span class='ocrx_word' id='word_1_272' title='bbox 317 2704 564 2760; x_wconf 82' lang='grc' dir='ltr'>τεύουσι.</span> <span class='ocrx_word' id='word_1_273' title='bbox 599 2706 710 2760; x_wconf 81' lang='grc' dir='ltr'><strong>Καὶ</strong></span> <span class='ocrx_word' id='word_1_274' title='bbox 750 2708 780 2761; x_wconf 96' lang='lat'><strong>6</strong></span> <span class='ocrx_word' id='word_1_275' title='bbox 805 2707 927 2779; x_wconf 80' lang='grc' dir='ltr'>μὲν,</span> <span class='ocrx_word' id='word_1_276' title='bbox 961 2706 1059 2761; x_wconf 87' lang='grc' dir='ltr'><strong>τοῦ</strong></span> <span class='ocrx_word' id='word_1_277' title='bbox 1085 2706 1265 2776; x_wconf 87' lang='grc' dir='ltr'>λέγειν</span> <span class='ocrx_word' id='word_1_278' title='bbox 1295 2705 1378 2761; x_wconf 67' lang='grc' dir='ltr'>ἔτι</span> <span class='ocrx_word' id='word_1_279' title='bbox 1414 2706 1491 2779; x_wconf 84' lang='grc' dir='ltr'>μὴ</span> <span class='ocrx_word' id='word_1_280' title='bbox 1528 2706 1910 2778; x_wconf 74' lang='grc' dir='ltr'>πεπαυμένος,</span> 
     </span>
    </p>
   </div>
   <div class='ocr_carea' id='block_1_43' title="bbox 321 2795 1913 2869">
    <p class='ocr_par' dir='ltr' id='par_1_43' title="bbox 321 2795 1913 2869">
     <span class='ocr_line' id='line_1_43' title="bbox 321 2795 1913 2869; baseline 0.001 -20"><span class='ocrx_word' id='word_1_281' title='bbox 321 2796 576 2868; x_wconf 76' lang='grc' dir='ltr'>ῥήμασιν</span> <span class='ocrx_word' id='word_1_282' title='bbox 604 2795 704 2860; x_wconf 84' lang='grc' dir='ltr'><strong>τὰς</strong></span> <span class='ocrx_word' id='word_1_283' title='bbox 744 2796 1081 2869; x_wconf 87' lang='grc' dir='ltr'>συνεχούσας</span> <span class='ocrx_word' id='word_1_284' title='bbox 1111 2796 1416 2868; x_wconf 78' lang='grc' dir='ltr'>ἀλγηδόνας</span> <span class='ocrx_word' id='word_1_285' title='bbox 1452 2796 1785 2865; x_wconf 84' lang='grc' dir='ltr'>διαγγέλλει,</span> <span class='ocrx_word' id='word_1_286' title='bbox 1811 2796 1913 2861; x_wconf 83' lang='grc' dir='ltr'><strong>τὰς</strong></span> 
     </span>
    </p>
   </div>
   <div class='ocr_carea' id='block_1_44' title="bbox 320 2888 1913 2962">
    <p class='ocr_par' dir='ltr' id='par_1_44' title="bbox 320 2888 1913 2962">
     <span class='ocr_line' id='line_1_44' title="bbox 320 2888 1913 2962; baseline 0.001 -20"><span class='ocrx_word' id='word_1_287' title='bbox 320 2888 468 2960; x_wconf 73' lang='grc' dir='ltr'>ὑπὲρ</span> <span class='ocrx_word' id='word_1_288' title='bbox 501 2889 685 2945; x_wconf 82' lang='grc' dir='ltr'>αὐτῶν</span> <span class='ocrx_word' id='word_1_289' title='bbox 710 2891 923 2955; x_wconf 86' lang='grc' dir='ltr'>ίκεσίας</span> <span class='ocrx_word' id='word_1_290' title='bbox 950 2890 1391 2962; x_wconf 81' lang='grc' dir='ltr'>προϐαλλόμενος</span> <span class='ocrx_word' id='word_1_291' title='bbox 1409 2905 1426 2923; x_wconf 95' lang='grc'><strong>·</strong></span> <span class='ocrx_word' id='word_1_292' title='bbox 1451 2892 1480 2944; x_wconf 91' lang='lat'><strong>6</strong></span> <span class='ocrx_word' id='word_1_293' title='bbox 1505 2889 1582 2956; x_wconf 81' lang='grc' dir='ltr'><strong>δέ,</strong></span> <span class='ocrx_word' id='word_1_294' title='bbox 1608 2888 1698 2943; x_wconf 83' lang='grc' dir='ltr'><strong>διὰ</strong></span> <span class='ocrx_word' id='word_1_295' title='bbox 1724 2888 1913 2945; x_wconf 78' lang='grc' dir='ltr'>κακώ-</span> 
     </span>
    </p>
   </div>
   <div class='ocr_carea' id='block_1_45' title="bbox 320 2980 1910 3053">
    <p class='ocr_par' dir='ltr' id='par_1_45' title="bbox 320 2980 1910 3053">
     <span class='ocr_line' id='line_1_45' title="bbox 320 2980 1910 3053; baseline 0.001 -19"><span class='ocrx_word' id='word_1_296' title='bbox 320 2994 466 3044; x_wconf 79' lang='grc' dir='ltr'>σεως</span> <span class='ocrx_word' id='word_1_297' title='bbox 495 2980 806 3053; x_wconf 81' lang='grc' dir='ltr'>ὑπερϐολὴν</span> <span class='ocrx_word' id='word_1_298' title='bbox 832 2984 928 3036; x_wconf 66' lang='grc' dir='ltr'><strong>κα)⁸</strong></span> <span class='ocrx_word' id='word_1_299' title='bbox 956 2981 1140 3036; x_wconf 84' lang='grc' dir='ltr'>αὐτῶν</span> <span class='ocrx_word' id='word_1_300' title='bbox 1178 2980 1526 3044; x_wconf 75' lang='grc' dir='ltr'>ἀποπαυθεὶς</span> <span class='ocrx_word' id='word_1_301' title='bbox 1570 2981 1680 3035; x_wconf 86' lang='grc' dir='ltr'><strong>τῶν</strong></span> <span class='ocrx_word' id='word_1_302' title='bbox 1715 2982 1910 3051; x_wconf 87' lang='grc' dir='ltr'>λόγων,</span> 
     </span>
    </p>
   </div>
   <div class='ocr_carea' id='block_1_46' title="bbox 320 3072 1915 3146">
    <p class='ocr_par' dir='ltr' id='par_1_46' title="bbox 320 3072 1915 3146">
     <span class='ocr_line' id='line_1_46' title="bbox 320 3072 1915 3146; baseline 0.003 -21"><span class='ocrx_word' id='word_1_303' title='bbox 320 3072 670 3144; x_wconf 82' lang='grc' dir='ltr'>στεναγμοὺς</span> <span class='ocrx_word' id='word_1_304' title='bbox 697 3072 999 3129; x_wconf 85' lang='grc' dir='ltr'>ἀνατείνων</span> <span class='ocrx_word' id='word_1_305' title='bbox 1023 3074 1366 3146; x_wconf 81' lang='grc' dir='ltr'>ἀναπέμπει,</span> <span class='ocrx_word' id='word_1_306' title='bbox 1419 3073 1512 3128; x_wconf 74' lang='grc' dir='ltr'>καὶ</span> <span class='ocrx_word' id='word_1_307' title='bbox 1539 3072 1733 3146; x_wconf 79' lang='grc' dir='ltr'>ὀδύνην</span> <span class='ocrx_word' id='word_1_308' title='bbox 1779 3075 1915 3129; x_wconf 82' lang='grc' dir='ltr'>ὐπο-</span> 
     </span>
    </p>
   </div>
   <div class='ocr_carea' id='block_1_47' title="bbox 319 3159 1120 3236">
    <p class='ocr_par' dir='ltr' id='par_1_47' title="bbox 319 3159 1120 3236">
     <span class='ocr_line' id='line_1_47' title="bbox 319 3159 1120 3236; baseline 0.007 -21"><span class='ocrx_word' id='word_1_309' title='bbox 319 3159 508 3231; x_wconf 71' lang='grc' dir='ltr'>φαινει</span> <span class='ocrx_word' id='word_1_310' title='bbox 538 3162 639 3234; x_wconf 79' lang='grc' dir='ltr'>τὴν</span> <span class='ocrx_word' id='word_1_311' title='bbox 670 3163 1120 3236; x_wconf 82' lang='grc' dir='ltr'>ὑποσμύχουσαν.</span> 
     </span>
    </p>
   </div>
   <div class='ocr_carea' id='block_1_48' title="bbox 397 3253 1908 3333">
    <p class='ocr_par' dir='ltr' id='par_1_48' title="bbox 397 3253 1908 3333">
     <span class='ocr_line' id='line_1_48' title="bbox 397 3253 1908 3333; baseline 0.005 -24"><span class='ocrx_word' id='word_1_312' title='bbox 397 3253 586 3318; x_wconf 81' lang='grc' dir='ltr'>Οὕτως</span> <span class='ocrx_word' id='word_1_313' title='bbox 616 3255 645 3308; x_wconf 90' lang='lat'><strong>6</strong></span> <span class='ocrx_word' id='word_1_314' title='bbox 677 3254 759 3331; x_wconf 55' lang='grc' dir='ltr'><strong>τῇ)</strong></span> <span class='ocrx_word' id='word_1_315' title='bbox 807 3256 1040 3329; x_wconf 83' lang='grc' dir='ltr'>φλογμῷ</span> <span class='ocrx_word' id='word_1_316' title='bbox 1067 3255 1163 3312; x_wconf 88' lang='grc' dir='ltr'><strong>τοῦ</strong></span> <span class='ocrx_word' id='word_1_317' title='bbox 1208 3257 1449 3331; x_wconf 83' lang='grc' dir='ltr'>πυρετοῦ</span> <span class='ocrx_word' id='word_1_318' title='bbox 1496 3258 1908 3333; x_wconf 84' lang='grc' dir='ltr'>δαπανώμενος,</span> 
     </span>
    </p>
   </div>
   <div class='ocr_carea' id='block_1_49' title="bbox 317 3345 1912 3427">
    <p class='ocr_par' dir='ltr' id='par_1_49' title="bbox 317 3345 1912 3427">
     <span class='ocr_line' id='line_1_49' title="bbox 317 3345 1912 3427; baseline 0.005 -26"><span class='ocrx_word' id='word_1_319' title='bbox 317 3346 424 3418; x_wconf 82' lang='grc' dir='ltr'><strong>τὴν</strong></span> <span class='ocrx_word' id='word_1_320' title='bbox 470 3345 727 3416; x_wconf 87' lang='grc' dir='ltr'>γλῶσσαν</span> <span class='ocrx_word' id='word_1_321' title='bbox 770 3353 1222 3422; x_wconf 82' lang='grc' dir='ltr'>καταφρυγεῖσαν</span> <span class='ocrx_word' id='word_1_322' title='bbox 1262 3352 1343 3417; x_wconf 87' lang='grc' dir='ltr'><strong>είς</strong></span> <span class='ocrx_word' id='word_1_323' title='bbox 1384 3351 1603 3407; x_wconf 76' lang='grc' dir='ltr'>ἱκεσίαν</span> <span class='ocrx_word' id='word_1_324' title='bbox 1633 3355 1912 3427; x_wconf 79' lang='grc' dir='ltr'>προτείνε-</span> 
     </span>
    </p>
   </div>
   <div class='ocr_carea' id='block_1_50' title="bbox 314 3440 1917 3517">
    <p class='ocr_par' dir='ltr' id='par_1_50' title="bbox 314 3440 1917 3517">
     <span class='ocr_line' id='line_1_50' title="bbox 314 3440 1917 3517; baseline 0.006 -24"><span class='ocrx_word' id='word_1_325' title='bbox 314 3455 439 3503; x_wconf 87' lang='grc' dir='ltr'>ται,</span> <span class='ocrx_word' id='word_1_326' title='bbox 473 3440 570 3494; x_wconf 77' lang='grc' dir='ltr'>καὶ</span> <span class='ocrx_word' id='word_1_327' title='bbox 597 3440 698 3508; x_wconf 83' lang='grc' dir='ltr'>τῆς</span> <span class='ocrx_word' id='word_1_328' title='bbox 730 3441 1081 3513; x_wconf 72' lang='grc' dir='ltr'>ἐπισκέψεως</span> <span class='ocrx_word' id='word_1_329' title='bbox 1105 3442 1263 3515; x_wconf 85' lang='grc' dir='ltr'>ὑμῶν</span> <span class='ocrx_word' id='word_1_330' title='bbox 1291 3443 1379 3499; x_wconf 84' lang='grc' dir='ltr'><strong>διὰ</strong></span> <span class='ocrx_word' id='word_1_331' title='bbox 1411 3445 1581 3517; x_wconf 86' lang='grc' dir='ltr'>μόνης</span> <span class='ocrx_word' id='word_1_332' title='bbox 1616 3445 1746 3511; x_wconf 82' lang='grc' dir='ltr'>θέας</span> <span class='ocrx_word' id='word_1_333' title='bbox 1768 3446 1917 3515; x_wconf 77' lang='grc' dir='ltr'>ἐξαιο</span> 
     </span>
    </p>
   </div>
   <div class='ocr_carea' id='block_1_51' title="bbox 314 3530 1912 3609">
    <p class='ocr_par' dir='ltr' id='par_1_51' title="bbox 314 3530 1912 3609">
     <span class='ocr_line' id='line_1_51' title="bbox 314 3530 1912 3609; baseline 0.007 -26"><span class='ocrx_word' id='word_1_334' title='bbox 314 3531 499 3584; x_wconf 75' lang='grc' dir='ltr'>τείται</span> <span class='ocrx_word' id='word_1_335' title='bbox 542 3530 765 3603; x_wconf 88' lang='grc' dir='ltr'>δρόσον·</span> <span class='ocrx_word' id='word_1_336' title='bbox 813 3535 844 3587; x_wconf 92' lang='lat'><strong>6</strong></span> <span class='ocrx_word' id='word_1_337' title='bbox 905 3533 1262 3607; x_wconf 81' lang='grc' dir='ltr'>δριμυτάτοις</span> <span class='ocrx_word' id='word_1_338' title='bbox 1329 3537 1657 3609; x_wconf 81' lang='grc' dir='ltr'>βαλλόμενος</span> <span class='ocrx_word' id='word_1_339' title='bbox 1708 3540 1912 3606; x_wconf 83' lang='grc' dir='ltr'>πόνοις,</span> 
     </span>
    </p>
   </div>
   <div class='ocr_carea' id='block_1_52' title="bbox 317 3620 1913 3700">
    <p class='ocr_par' dir='ltr' id='par_1_52' title="bbox 317 3620 1913 3700">
     <span class='ocr_line' id='line_1_52' title="bbox 317 3620 1913 3700; baseline 0.006 -23"><span class='ocrx_word' id='word_1_340' title='bbox 317 3620 429 3693; x_wconf 81' lang='grc' dir='ltr'>τῆς</span> <span class='ocrx_word' id='word_1_341' title='bbox 477 3622 743 3693; x_wconf 83' lang='grc' dir='ltr'>γλυκείας</span> <span class='ocrx_word' id='word_1_342' title='bbox 773 3625 929 3697; x_wconf 79' lang='grc' dir='ltr'>ὑμῶν</span> <span class='ocrx_word' id='word_1_343' title='bbox 960 3626 1133 3682; x_wconf 81' lang='grc' dir='ltr'>δεῖται</span> <span class='ocrx_word' id='word_1_344' title='bbox 1174 3627 1242 3683; x_wconf 64' lang='grc' dir='ltr'>δι’</span> <span class='ocrx_word' id='word_1_345' title='bbox 1304 3630 1654 3700; x_wconf 75' lang='grc' dir='ltr'>ἐπισκέψεως</span> <span class='ocrx_word' id='word_1_346' title='bbox 1685 3630 1913 3685; x_wconf 71' lang='grc' dir='ltr'>ἐπικου-</span> 
     </span>
    </p>
   </div>
   <div class='ocr_carea' id='block_1_53' title="bbox 320 3712 1917 3795">
    <p class='ocr_par' dir='ltr' id='par_1_53' title="bbox 320 3712 1917 3795">
     <span class='ocr_line' id='line_1_53' title="bbox 320 3712 1917 3795; baseline 0.007 -29"><span class='ocrx_word' id='word_1_347' title='bbox 320 3712 486 3785; x_wconf 77' lang='grc' dir='ltr'>ρίας⁸</span> <span class='ocrx_word' id='word_1_348' title='bbox 517 3715 546 3767; x_wconf 91' lang='lat'><strong>6</strong></span> <span class='ocrx_word' id='word_1_349' title='bbox 574 3714 944 3789; x_wconf 77' lang='grc' dir='ltr'>λειποψυχῶν,</span> <span class='ocrx_word' id='word_1_350' title='bbox 980 3719 1381 3793; x_wconf 82' lang='grc' dir='ltr'>ἀνακτωμένην</span> <span class='ocrx_word' id='word_1_351' title='bbox 1409 3721 1554 3792; x_wconf 80' lang='grc' dir='ltr'>ὑμᾶς</span> <span class='ocrx_word' id='word_1_352' title='bbox 1585 3720 1917 3795; x_wconf 78' lang='grc' dir='ltr'>παραψυχὴν</span> 
     </span>
    </p>
   </div>
   <div class='ocr_carea' id='block_1_54' title="bbox 312 3804 1918 3887">
    <p class='ocr_par' dir='ltr' id='par_1_54' title="bbox 312 3804 1918 3887">
     <span class='ocr_line' id='line_1_54' title="bbox 312 3804 1918 3887; baseline 0.006 -28"><span class='ocrx_word' id='word_1_353' title='bbox 312 3804 691 3878; x_wconf 75' lang='grc' dir='ltr'>ἀπεκδέχεται</span> <span class='ocrx_word' id='word_1_354' title='bbox 715 3823 733 3841; x_wconf 89' lang='grc'><strong>·</strong></span> <span class='ocrx_word' id='word_1_355' title='bbox 761 3809 791 3863; x_wconf 91' lang='lat'><strong>6</strong></span> <span class='ocrx_word' id='word_1_356' title='bbox 837 3809 1083 3880; x_wconf 76' lang='grc' dir='ltr'>χρονίαις</span> <span class='ocrx_word' id='word_1_357' title='bbox 1109 3811 1471 3883; x_wconf 74' lang='grc' dir='ltr'>ἐκλελυμένος</span> <span class='ocrx_word' id='word_1_358' title='bbox 1493 3813 1768 3885; x_wconf 88' lang='grc' dir='ltr'>τηκεδόσι,</span> <span class='ocrx_word' id='word_1_359' title='bbox 1815 3815 1918 3887; x_wconf 79' lang='grc' dir='ltr'>τὴν</span> 
     </span>
    </p>
   </div>
   <div class='ocr_carea' id='block_1_55' title="bbox 320 3895 1920 3973">
    <p class='ocr_par' dir='ltr' id='par_1_55' title="bbox 320 3895 1920 3973">
     <span class='ocr_line' id='line_1_55' title="bbox 320 3895 1920 3973; baseline 0.004 -22"><span class='ocrx_word' id='word_1_360' title='bbox 320 3895 487 3967; x_wconf 80' lang='grc' dir='ltr'>ὑμῶν</span> <span class='ocrx_word' id='word_1_361' title='bbox 531 3899 612 3962; x_wconf 82' lang='grc' dir='ltr'><strong>είς</strong></span> <span class='ocrx_word' id='word_1_362' title='bbox 652 3896 954 3970; x_wconf 73' lang='grc' dir='ltr'>ἀνόρθωσιν</span> <span class='ocrx_word' id='word_1_363' title='bbox 989 3901 1330 3972; x_wconf 87' lang='grc' dir='ltr'>προσϐλέπει</span> <span class='ocrx_word' id='word_1_364' title='bbox 1369 3902 1711 3973; x_wconf 86' lang='grc' dir='ltr'>παρουσίαν·</span> <span class='ocrx_word' id='word_1_365' title='bbox 1746 3903 1776 3957; x_wconf 85' lang='lat'><strong>6</strong></span> <span class='ocrx_word' id='word_1_366' title='bbox 1812 3902 1920 3958; x_wconf 79' lang='grc' dir='ltr'>πά-</span> 
     </span>
    </p>
   </div>
   <div class='ocr_carea' id='block_1_56' title="bbox 321 3989 1919 4065">
    <p class='ocr_par' dir='ltr' id='par_1_56' title="bbox 321 3989 1919 4065">
     <span class='ocr_line' id='line_1_56' title="bbox 321 3989 1919 4065; baseline 0.005 -23"><span class='ocrx_word' id='word_1_367' title='bbox 321 3989 483 4043; x_wconf 84' lang='grc' dir='ltr'>θεσιν</span> <span class='ocrx_word' id='word_1_368' title='bbox 511 3989 611 4054; x_wconf 89' lang='grc' dir='ltr'><strong>τάς</strong></span> <span class='ocrx_word' id='word_1_369' title='bbox 641 3990 796 4060; x_wconf 80' lang='grc' dir='ltr'>ϐψεις</span> <span class='ocrx_word' id='word_1_370' title='bbox 827 3993 1256 4065; x_wconf 76' lang='grc' dir='ltr'>συγκεχυμένος,</span> <span class='ocrx_word' id='word_1_371' title='bbox 1284 3995 1380 4049; x_wconf 73' lang='grc' dir='ltr'>καὶ</span> <span class='ocrx_word' id='word_1_372' title='bbox 1409 3993 1721 4049; x_wconf 88' lang='grc' dir='ltr'>κατώδυνον</span> <span class='ocrx_word' id='word_1_373' title='bbox 1742 3996 1919 4050; x_wconf 80' lang='grc' dir='ltr'>ἐλκων</span> 
     </span>
    </p>
   </div>
   <div class='ocr_carea' id='block_1_57' title="bbox 321 4081 1920 4162">
    <p class='ocr_par' dir='ltr' id='par_1_57' title="bbox 321 4081 1920 4162">
     <span class='ocr_line' id='line_1_57' title="bbox 321 4081 1920 4162; baseline 0.005 -26"><span class='ocrx_word' id='word_1_374' title='bbox 321 4081 465 4153; x_wconf 85' lang='grc' dir='ltr'>βίον,</span> <span class='ocrx_word' id='word_1_375' title='bbox 512 4085 890 4155; x_wconf 82' lang='grc' dir='ltr'>φωταγωγοὺς</span> <span class='ocrx_word' id='word_1_376' title='bbox 932 4086 1077 4156; x_wconf 79' lang='grc' dir='ltr'>ὑμᾶς</span> <span class='ocrx_word' id='word_1_377' title='bbox 1133 4087 1230 4142; x_wconf 77' lang='grc' dir='ltr'>καὶ</span> <span class='ocrx_word' id='word_1_378' title='bbox 1285 4087 1492 4143; x_wconf 82' lang='grc' dir='ltr'>ὀδυνῶν</span> <span class='ocrx_word' id='word_1_379' title='bbox 1543 4088 1920 4162; x_wconf 85' lang='grc' dir='ltr'>ἐλευθερωτάς</span> 
     </span>
    </p>
   </div>
   <div class='ocr_carea' id='block_1_58' title="bbox 282 4170 1915 4253">
    <p class='ocr_par' dir='ltr' id='par_1_58' title="bbox 282 4170 1915 4253">
     <span class='ocr_line' id='line_1_58' title="bbox 282 4170 1915 4253; baseline 0.004 -23"><span class='ocrx_word' id='word_1_380' title='bbox 282 4170 287 4174; x_wconf 58' lang='grc'><strong>”</strong></span> <span class='ocrx_word' id='word_1_381' title='bbox 320 4178 571 4249; x_wconf 76' lang='grc' dir='ltr'><strong>προορᾷ⁹</strong></span> <span class='ocrx_word' id='word_1_382' title='bbox 603 4177 718 4232; x_wconf 81' lang='grc' dir='ltr'><strong>δέκ</strong></span> <span class='ocrx_word' id='word_1_383' title='bbox 738 4196 885 4243; x_wconf 84' lang='grc' dir='ltr'>τινος</span> <span class='ocrx_word' id='word_1_384' title='bbox 914 4180 984 4234; x_wconf 88' lang='grc' dir='ltr'><strong>τά</strong></span> <span class='ocrx_word' id='word_1_385' title='bbox 1012 4180 1147 4252; x_wconf 84' lang='grc' dir='ltr'>μέλη</span> <span class='ocrx_word' id='word_1_386' title='bbox 1177 4180 1488 4253; x_wconf 81' lang='grc' dir='ltr'>συντριϐεὶς</span> <span class='ocrx_word' id='word_1_387' title='bbox 1517 4181 1915 4252; x_wconf 84' lang='grc' dir='ltr'>συμπτώσεως,</span> 
     </span>
    </p>
   </div>
   <div class='ocr_carea' id='block_1_59' title="bbox 319 4269 1921 4345">
    <p class='ocr_par' dir='ltr' id='par_1_59' title="bbox 319 4269 1921 4345">
     <span class='ocr_line' id='line_1_59' title="bbox 319 4269 1921 4345; baseline 0.002 -20"><span class='ocrx_word' id='word_1_388' title='bbox 319 4269 747 4339; x_wconf 82' lang='grc' dir='ltr'>ἀρμολογοῦσάν</span> <span class='ocrx_word' id='word_1_389' title='bbox 770 4288 833 4324; x_wconf 84' lang='grc' dir='ltr'><strong>τε</strong></span> <span class='ocrx_word' id='word_1_390' title='bbox 862 4270 981 4342; x_wconf 73' lang='grc' dir='ltr'>ἅμα</span> <span class='ocrx_word' id='word_1_391' title='bbox 1007 4272 1102 4327; x_wconf 79' lang='grc' dir='ltr'>καὶ</span> <span class='ocrx_word' id='word_1_392' title='bbox 1128 4272 1459 4329; x_wconf 81' lang='grc' dir='ltr'>συνδέουσαν</span> <span class='ocrx_word' id='word_1_393' title='bbox 1482 4275 1582 4344; x_wconf 81' lang='grc' dir='ltr'>τὴν</span> <span class='ocrx_word' id='word_1_394' title='bbox 1608 4273 1763 4345; x_wconf 84' lang='grc' dir='ltr'>ὑμῶν</span> <span class='ocrx_word' id='word_1_395' title='bbox 1799 4276 1921 4329; x_wconf 82' lang='grc' dir='ltr'>ἐπι-</span> 
     </span>
    </p>
   </div>
   <div class='ocr_carea' id='block_1_60' title="bbox 321 4361 1921 4438">
    <p class='ocr_par' dir='ltr' id='par_1_60' title="bbox 321 4361 1921 4438">
     <span class='ocr_line' id='line_1_60' title="bbox 321 4361 1921 4438; baseline 0.002 -21"><span class='ocrx_word' id='word_1_396' title='bbox 321 4361 581 4417; x_wconf 80' lang='grc' dir='ltr'>καλεῖται</span> <span class='ocrx_word' id='word_1_397' title='bbox 618 4362 895 4435; x_wconf 86' lang='grc' dir='ltr'>βοήθειαν.</span> <span class='ocrx_word' id='word_1_398' title='bbox 923 4364 1040 4427; x_wconf 80' lang='grc' dir='ltr'><strong>Πᾶς</strong></span> <span class='ocrx_word' id='word_1_399' title='bbox 1065 4364 1247 4418; x_wconf 91' lang='grc' dir='ltr'>τοίνυν</span> <span class='ocrx_word' id='word_1_400' title='bbox 1269 4365 1299 4418; x_wconf 91' lang='lat'><strong>6</strong></span> <span class='ocrx_word' id='word_1_401' title='bbox 1328 4364 1389 4418; x_wconf 84' lang='grc' dir='ltr'>τὸ</span> <span class='ocrx_word' id='word_1_402' title='bbox 1425 4364 1738 4430; x_wconf 73' lang='grc' dir='ltr'>πολυπαθὲς</span> <span class='ocrx_word' id='word_1_403' title='bbox 1765 4383 1921 4438; x_wconf 86' lang='grc' dir='ltr'>περι·-</span> 
     </span>
    </p>
   </div>
   <div class='ocr_carea' id='block_1_61' title="bbox 320 4452 1921 4526">
    <p class='ocr_par' dir='ltr' id='par_1_61' title="bbox 320 4452 1921 4526">
     <span class='ocr_line' id='line_1_61' title="bbox 320 4452 1921 4526; baseline 0.002 -16"><span class='ocrx_word' id='word_1_404' title='bbox 320 4452 587 4524; x_wconf 85' lang='grc' dir='ltr'>κείμενος</span> <span class='ocrx_word' id='word_1_405' title='bbox 637 4454 820 4526; x_wconf 87' lang='grc' dir='ltr'>σῶμα,</span> <span class='ocrx_word' id='word_1_406' title='bbox 859 4454 952 4508; x_wconf 61' lang='grc' dir='ltr'><strong>καὶ⁵</strong></span> <span class='ocrx_word' id='word_1_407' title='bbox 1000 4455 1276 4524; x_wconf 85' lang='grc' dir='ltr'>ἀλγεινοῖς</span> <span class='ocrx_word' id='word_1_408' title='bbox 1304 4459 1421 4522; x_wconf 82' lang='grc' dir='ltr'>τοῖς</span> <span class='ocrx_word' id='word_1_409' title='bbox 1449 4457 1642 4511; x_wconf 88' lang='grc' dir='ltr'>τούτου</span> <span class='ocrx_word' id='word_1_410' title='bbox 1675 4459 1921 4513; x_wconf 85' lang='grc' dir='ltr'>συνδεδε-</span> 
     </span>
    </p>
   </div>
   <div class='ocr_carea' id='block_1_62' title="bbox 324 4546 1919 4624">
    <p class='ocr_par' dir='ltr' id='par_1_62' title="bbox 324 4546 1919 4624">
     <span class='ocr_line' id='line_1_62' title="bbox 324 4546 1919 4624; baseline 0.004 -25"><span class='ocrx_word' id='word_1_411' title='bbox 324 4547 518 4619; x_wconf 82' lang='grc' dir='ltr'>μένος,</span> <span class='ocrx_word' id='word_1_412' title='bbox 554 4546 795 4619; x_wconf 87' lang='grc' dir='ltr'>Χριστοῦ</span> <span class='ocrx_word' id='word_1_413' title='bbox 836 4546 935 4601; x_wconf 92' lang='grc' dir='ltr'><strong>τοῦ</strong></span> <span class='ocrx_word' id='word_1_414' title='bbox 977 4548 1283 4619; x_wconf 85' lang='grc' dir='ltr'>φιλαγάθου</span> <span class='ocrx_word' id='word_1_415' title='bbox 1337 4550 1693 4624; x_wconf 84' lang='grc' dir='ltr'>παρέχοντος,</span> <span class='ocrx_word' id='word_1_416' title='bbox 1730 4554 1919 4608; x_wconf 86' lang='grc' dir='ltr'>κακῶν</span> 
     </span>
    </p>
   </div>
   <div class='ocr_carea' id='block_1_63' title="bbox 2009 2058 3607 2135">
    <p class='ocr_par' dir='ltr' id='par_1_63' title="bbox 2009 2058 3607 2135">
     <span class='ocr_line' id='line_1_63' title="bbox 2009 2058 3607 2135; baseline -0.001 -18"><span class='ocrx_word' id='word_1_417' title='bbox 2009 2064 2181 2135; x_wconf 74' lang='lat' dir='ltr'><strong>giunt,</strong></span> <span class='ocrx_word' id='word_1_418' title='bbox 2216 2061 2471 2133; x_wconf 85' lang='lat' dir='ltr'><strong>precibus</strong></span> <span class='ocrx_word' id='word_1_419' title='bbox 2498 2061 2807 2131; x_wconf 78' lang='lat' dir='ltr'><strong>impetrato.</strong></span> <span class='ocrx_word' id='word_1_420' title='bbox 2837 2058 3043 2116; x_wconf 86' lang='lat' dir='ltr'><strong>Videtis</strong></span> <span class='ocrx_word' id='word_1_421' title='bbox 3070 2060 3215 2115; x_wconf 91' lang='lat' dir='ltr'><strong>enim</strong></span> <span class='ocrx_word' id='word_1_422' title='bbox 3239 2066 3299 2115; x_wconf 92' lang='lat' dir='ltr'><strong>ut</strong></span> <span class='ocrx_word' id='word_1_423' title='bbox 3328 2060 3459 2129; x_wconf 67' lang='lat' dir='ltr'><strong>aegri</strong></span> <span class='ocrx_word' id='word_1_424' title='bbox 3509 2059 3607 2115; x_wconf 86' lang='lat' dir='ltr'><strong>ho-</strong></span> 
     </span>
    </p>
   </div>
   <div class='ocr_carea' id='block_1_64' title="bbox 2010 2150 3606 2225">
    <p class='ocr_par' dir='ltr' id='par_1_64' title="bbox 2010 2150 3606 2225">
     <span class='ocr_line' id='line_1_64' title="bbox 2010 2150 3606 2225; baseline -0.003 -14"><span class='ocrx_word' id='word_1_425' title='bbox 2010 2157 2203 2218; x_wconf 87' lang='lat' dir='ltr'><strong>mines,</strong></span> <span class='ocrx_word' id='word_1_426' title='bbox 2229 2168 2325 2209; x_wconf 91' lang='lat' dir='ltr'><strong>ccu</strong></span> <span class='ocrx_word' id='word_1_427' title='bbox 2361 2155 2429 2209; x_wconf 88' lang='lat' dir='ltr'><strong>ad</strong></span> <span class='ocrx_word' id='word_1_428' title='bbox 2476 2152 2664 2211; x_wconf 80' lang='lat' dir='ltr'><strong>faciles</strong></span> <span class='ocrx_word' id='word_1_429' title='bbox 2696 2153 2981 2223; x_wconf 89' lang='lat' dir='ltr'><strong>quasdam,</strong></span> <span class='ocrx_word' id='word_1_430' title='bbox 3002 2168 3064 2209; x_wconf 91' lang='lat' dir='ltr'><strong>ac</strong></span> <span class='ocrx_word' id='word_1_431' title='bbox 3087 2152 3278 2225; x_wconf 87' lang='lat' dir='ltr'><strong>gratiis</strong></span> <span class='ocrx_word' id='word_1_432' title='bbox 3327 2150 3606 2207; x_wconf 89' lang='lat' dir='ltr'><strong>confertas</strong></span> 
     </span>
    </p>
   </div>
   <div class='ocr_carea' id='block_1_65' title="bbox 2010 2242 3607 2315">
    <p class='ocr_par' dir='ltr' id='par_1_65' title="bbox 2010 2242 3607 2315">
     <span class='ocr_line' id='line_1_65' title="bbox 2010 2242 3607 2315; baseline -0.002 -15"><span class='ocrx_word' id='word_1_433' title='bbox 2010 2244 2070 2300; x_wconf 91' lang='lat' dir='ltr'><strong>of</strong></span> <span class='ocrx_word' id='word_1_434' title='bbox 2073 2245 2259 2301; x_wconf 84' lang='lat' dir='ltr'><strong>iicinas</strong></span> <span class='ocrx_word' id='word_1_435' title='bbox 2274 2246 2534 2310; x_wconf 86' lang='lat' dir='ltr'><strong>medicas,</strong></span> <span class='ocrx_word' id='word_1_436' title='bbox 2557 2245 2623 2301; x_wconf 90' lang='lat' dir='ltr'><strong>ad</strong></span> <span class='ocrx_word' id='word_1_437' title='bbox 2637 2253 2815 2301; x_wconf 86' lang='lat' dir='ltr'><strong>vestra</strong></span> <span class='ocrx_word' id='word_1_438' title='bbox 2835 2243 3059 2301; x_wconf 90' lang='lat' dir='ltr'><strong>delubra</strong></span> <span class='ocrx_word' id='word_1_439' title='bbox 3075 2242 3471 2315; x_wconf 79' lang='lat' dir='ltr'><strong>confugientes,</strong></span> <span class='ocrx_word' id='word_1_440' title='bbox 3485 2243 3607 2298; x_wconf 89' lang='lat' dir='ltr'><strong>nul-</strong></span> 
     </span>
    </p>
   </div>
   <div class='ocr_carea' id='block_1_66' title="bbox 2011 2338 3625 2414">
    <p class='ocr_par' dir='ltr' id='par_1_66' title="bbox 2011 2338 3625 2414">
     <span class='ocr_line' id='line_1_66' title="bbox 2011 2338 3625 2414; baseline 0 -18"><span class='ocrx_word' id='word_1_441' title='bbox 2011 2342 2060 2396; x_wconf 90' lang='lat' dir='ltr'><strong>la</strong></span> <span class='ocrx_word' id='word_1_442' title='bbox 2084 2357 2143 2398; x_wconf 88' lang='lat' dir='ltr'><strong>se</strong></span> <span class='ocrx_word' id='word_1_443' title='bbox 2166 2343 2424 2400; x_wconf 88' lang='lat' dir='ltr'><strong>dilatione</strong></span> <span class='ocrx_word' id='word_1_444' title='bbox 2450 2358 2479 2397; x_wconf 90' lang='lat' dir='ltr'><strong>a</strong></span> <span class='ocrx_word' id='word_1_445' title='bbox 2502 2342 2851 2414; x_wconf 74' lang='lat' dir='ltr'><strong>languoribus</strong></span> <span class='ocrx_word' id='word_1_446' title='bbox 2897 2341 3207 2398; x_wconf 84' lang='lat' dir='ltr'><strong>liberandos</strong></span> <span class='ocrx_word' id='word_1_447' title='bbox 3240 2338 3625 2411; x_wconf 64' lang='lat' dir='ltr'><strong>_sperent.Vos-</strong></span> 
     </span>
    </p>
   </div>
   <div class='ocr_carea' id='block_1_67' title="bbox 2012 2433 3621 2506">
    <p class='ocr_par' dir='ltr' id='par_1_67' title="bbox 2012 2433 3621 2506">
     <span class='ocr_line' id='line_1_67' title="bbox 2012 2433 3621 2506; baseline -0.002 -17"><span class='ocrx_word' id='word_1_448' title='bbox 2012 2436 2209 2506; x_wconf 85' lang='lat' dir='ltr'><strong>quippe</strong></span> <span class='ocrx_word' id='word_1_449' title='bbox 2236 2435 2418 2491; x_wconf 92' lang='lat' dir='ltr'><strong>animo</strong></span> <span class='ocrx_word' id='word_1_450' title='bbox 2448 2444 2792 2502; x_wconf 88' lang='lat' dir='ltr'><strong>contuentur,</strong></span> <span class='ocrx_word' id='word_1_451' title='bbox 2813 2434 3024 2490; x_wconf 87' lang='lat' dir='ltr'><strong>tametsi</strong></span> <span class='ocrx_word' id='word_1_452' title='bbox 3067 2448 3174 2489; x_wconf 88' lang='lat' dir='ltr'><strong>non</strong></span> <span class='ocrx_word' id='word_1_453' title='bbox 3205 2433 3337 2489; x_wconf 91' lang='lat' dir='ltr'><strong>estis</strong></span> <span class='ocrx_word' id='word_1_454' title='bbox 3390 2433 3621 2501; x_wconf 50' lang='lat' dir='ltr'><strong>conspi&#39;u»</strong></span> 
     </span>
    </p>
   </div>
   <div class='ocr_carea' id='block_1_68' title="bbox 2013 2525 3609 2598">
    <p class='ocr_par' dir='ltr' id='par_1_68' title="bbox 2013 2525 3609 2598">
     <span class='ocr_line' id='line_1_68' title="bbox 2013 2525 3609 2598; baseline -0.003 -16"><span class='ocrx_word' id='word_1_455' title='bbox 2013 2530 2099 2582; x_wconf 88' lang='lat' dir='ltr'><strong>cui</strong></span> <span class='ocrx_word' id='word_1_456' title='bbox 2133 2526 2338 2594; x_wconf 89' lang='lat' dir='ltr'><strong>oculis;</strong></span> <span class='ocrx_word' id='word_1_457' title='bbox 2382 2542 2576 2583; x_wconf 91' lang='lat' dir='ltr'><strong>manus</strong></span> <span class='ocrx_word' id='word_1_458' title='bbox 2628 2528 2988 2598; x_wconf 89' lang='lat' dir='ltr'><strong>protendunt;</strong></span> <span class='ocrx_word' id='word_1_459' title='bbox 3043 2525 3476 2581; x_wconf 86' lang='lat' dir='ltr'><strong>misericordiam</strong></span> <span class='ocrx_word' id='word_1_460' title='bbox 3521 2539 3609 2578; x_wconf 89' lang='lat' dir='ltr'><strong>re-</strong></span> 
     </span>
    </p>
   </div>
   <div class='ocr_carea' id='block_1_69' title="bbox 2014 2614 3695 2689">
    <p class='ocr_par' dir='ltr' id='par_1_69' title="bbox 2014 2614 3695 2689">
     <span class='ocr_line' id='line_1_69' title="bbox 2014 2614 3695 2689; baseline -0.001 -19"><span class='ocrx_word' id='word_1_461' title='bbox 2014 2616 2295 2686; x_wconf 87' lang='lat' dir='ltr'><strong>quirentes</strong></span> <span class='ocrx_word' id='word_1_462' title='bbox 2339 2617 2523 2673; x_wconf 86' lang='lat' dir='ltr'><strong>verbis</strong></span> <span class='ocrx_word' id='word_1_463' title='bbox 2572 2617 3034 2689; x_wconf 88' lang='lat' dir='ltr'><strong>congrediuntur;</strong></span> <span class='ocrx_word' id='word_1_464' title='bbox 3065 2617 3360 2672; x_wconf 90' lang='lat' dir='ltr'><strong>obsecrant</strong></span> <span class='ocrx_word' id='word_1_465' title='bbox 3386 2623 3444 2669; x_wconf 94' lang='lat' dir='ltr'><strong>ut</strong></span> <span class='ocrx_word' id='word_1_466' title='bbox 3482 2614 3604 2669; x_wconf 86' lang='lat' dir='ltr'><strong>vin-</strong></span> <span class='ocrx_word' id='word_1_467' title='bbox 3692 2630 3695 2633; x_wconf 92' lang='grc'><strong>·</strong></span> 
     </span>
    </p>
   </div>
   <div class='ocr_carea' id='block_1_70' title="bbox 2016 2706 3607 2781">
    <p class='ocr_par' dir='ltr' id='par_1_70' title="bbox 2016 2706 3607 2781">
     <span class='ocr_line' id='line_1_70' title="bbox 2016 2706 3607 2781; baseline -0.003 -17"><span class='ocrx_word' id='word_1_468' title='bbox 2016 2710 2203 2775; x_wconf 88' lang='lat' dir='ltr'><strong>dices;</strong></span> <span class='ocrx_word' id='word_1_469' title='bbox 2238 2717 2311 2773; x_wconf 48' lang='lat' dir='ltr'><strong>ut,</strong></span> <span class='ocrx_word' id='word_1_470' title='bbox 2348 2718 2656 2774; x_wconf 88' lang='lat' dir='ltr'><strong>curatores,</strong></span> <span class='ocrx_word' id='word_1_471' title='bbox 2689 2708 2962 2781; x_wconf 87' lang='lat' dir='ltr'><strong>supplices</strong></span> <span class='ocrx_word' id='word_1_472' title='bbox 2992 2718 3187 2777; x_wconf 79' lang='lat' dir='ltr'><strong>rogant</strong></span> <span class='ocrx_word' id='word_1_473' title='bbox 3209 2722 3305 2763; x_wconf 90' lang='lat' dir='ltr'><strong>:ac</strong></span> <span class='ocrx_word' id='word_1_474' title='bbox 3339 2706 3431 2763; x_wconf 89' lang='lat' dir='ltr'><strong>ille</strong></span> <span class='ocrx_word' id='word_1_475' title='bbox 3482 2707 3607 2777; x_wconf 86' lang='lat' dir='ltr'><strong>qui-</strong></span> 
     </span>
    </p>
   </div>
   <div class='ocr_carea' id='block_1_71' title="bbox 2015 2800 3610 2866">
    <p class='ocr_par' dir='ltr' id='par_1_71' title="bbox 2015 2800 3610 2866">
     <span class='ocr_line' id='line_1_71' title="bbox 2015 2800 3610 2866; baseline 0 -11"><span class='ocrx_word' id='word_1_476' title='bbox 2015 2801 2159 2861; x_wconf 84' lang='lat' dir='ltr'><strong>dem.</strong></span> <span class='ocrx_word' id='word_1_477' title='bbox 2201 2802 2431 2856; x_wconf 86' lang='lat' dir='ltr'><strong>necdum</strong></span> <span class='ocrx_word' id='word_1_478' title='bbox 2491 2803 2764 2859; x_wconf 89' lang='lat' dir='ltr'><strong>sermonis</strong></span> <span class='ocrx_word' id='word_1_479' title='bbox 2816 2803 3019 2856; x_wconf 90' lang='lat' dir='ltr'><strong>amissa</strong></span> <span class='ocrx_word' id='word_1_480' title='bbox 3067 2801 3350 2866; x_wconf 85' lang='lat' dir='ltr'><strong>facultate,</strong></span> <span class='ocrx_word' id='word_1_481' title='bbox 3391 2800 3610 2855; x_wconf 86' lang='lat' dir='ltr'><strong>dolores</strong></span> 
     </span>
    </p>
   </div>
   <div class='ocr_carea' id='block_1_72' title="bbox 2016 2893 3608 2966">
    <p class='ocr_par' dir='ltr' id='par_1_72' title="bbox 2016 2893 3608 2966">
     <span class='ocr_line' id='line_1_72' title="bbox 2016 2893 3608 2966; baseline -0.001 -19"><span class='ocrx_word' id='word_1_482' title='bbox 2016 2893 2213 2963; x_wconf 86' lang='lat' dir='ltr'><strong>quibus</strong></span> <span class='ocrx_word' id='word_1_483' title='bbox 2252 2903 2468 2950; x_wconf 91' lang='lat' dir='ltr'><strong>tenetur</strong></span> <span class='ocrx_word' id='word_1_484' title='bbox 2511 2894 2697 2949; x_wconf 86' lang='lat' dir='ltr'><strong>verbis</strong></span> <span class='ocrx_word' id='word_1_485' title='bbox 2752 2893 3044 2966; x_wconf 78' lang='lat' dir='ltr'><strong>signiﬁcat,</strong></span> <span class='ocrx_word' id='word_1_486' title='bbox 3071 2908 3170 2964; x_wconf 89' lang='lat' dir='ltr'><strong>pro</strong></span> <span class='ocrx_word' id='word_1_487' title='bbox 3192 2895 3274 2950; x_wconf 90' lang='lat' dir='ltr'><strong>eis</strong></span> <span class='ocrx_word' id='word_1_488' title='bbox 3330 2893 3608 2964; x_wconf 85' lang='lat' dir='ltr'><strong>supplica-</strong></span> 
     </span>
    </p>
   </div>
   <div class='ocr_carea' id='block_1_73' title="bbox 2019 2982 3613 3056">
    <p class='ocr_par' dir='ltr' id='par_1_73' title="bbox 2019 2982 3613 3056">
     <span class='ocr_line' id='line_1_73' title="bbox 2019 2982 3613 3056; baseline -0.003 -17"><span class='ocrx_word' id='word_1_489' title='bbox 2019 2983 2223 3039; x_wconf 90' lang='lat' dir='ltr'><strong>tionem</strong></span> <span class='ocrx_word' id='word_1_490' title='bbox 2247 2983 2572 3056; x_wconf 88' lang='lat' dir='ltr'><strong>proferens;</strong></span> <span class='ocrx_word' id='word_1_491' title='bbox 2603 2983 2694 3039; x_wconf 89' lang='lat' dir='ltr'><strong>ille</strong></span> <span class='ocrx_word' id='word_1_492' title='bbox 2712 2998 2842 3039; x_wconf 91' lang='lat' dir='ltr'><strong>vero</strong></span> <span class='ocrx_word' id='word_1_493' title='bbox 2872 2997 2983 3053; x_wconf 78' lang='lat' dir='ltr'><strong>pra:</strong></span> <span class='ocrx_word' id='word_1_494' title='bbox 3013 2982 3351 3055; x_wconf 56' lang='lat' dir='ltr'><strong>aegritudinis</strong></span> <span class='ocrx_word' id='word_1_495' title='bbox 3379 2984 3613 3037; x_wconf 82' lang='lat' dir='ltr'><strong>immen-</strong></span> 
     </span>
    </p>
   </div>
   <div class='ocr_carea' id='block_1_74' title="bbox 2017 3075 3612 3147">
    <p class='ocr_par' dir='ltr' id='par_1_74' title="bbox 2017 3075 3612 3147">
     <span class='ocr_line' id='line_1_74' title="bbox 2017 3075 3612 3147; baseline -0.002 -15"><span class='ocrx_word' id='word_1_496' title='bbox 2017 3077 2176 3133; x_wconf 86' lang='lat' dir='ltr'><strong>sitate</strong></span> <span class='ocrx_word' id='word_1_497' title='bbox 2204 3078 2366 3133; x_wconf 90' lang='lat' dir='ltr'><strong>etiam</strong></span> <span class='ocrx_word' id='word_1_498' title='bbox 2397 3092 2460 3134; x_wconf 88' lang='lat' dir='ltr'><strong>ea</strong></span> <span class='ocrx_word' id='word_1_499' title='bbox 2482 3076 2704 3142; x_wconf 86' lang='lat' dir='ltr'><strong>amissa,</strong></span> <span class='ocrx_word' id='word_1_500' title='bbox 2724 3092 2789 3133; x_wconf 84' lang='lat' dir='ltr'><strong>ac</strong></span> <span class='ocrx_word' id='word_1_501' title='bbox 2811 3076 2967 3146; x_wconf 84' lang='lat' dir='ltr'><strong>loqui</strong></span> <span class='ocrx_word' id='word_1_502' title='bbox 2985 3076 3336 3147; x_wconf 67' lang='lat' dir='ltr'><strong>praepeditus,</strong></span> <span class='ocrx_word' id='word_1_503' title='bbox 3374 3075 3612 3146; x_wconf 75' lang='lat' dir='ltr'><strong>gemitus</strong></span> 
     </span>
    </p>
   </div>
   <div class='ocr_carea' id='block_1_75' title="bbox 2020 3163 3609 3231">
    <p class='ocr_par' dir='ltr' id='par_1_75' title="bbox 2020 3163 3609 3231">
     <span class='ocr_line' id='line_1_75' title="bbox 2020 3163 3609 3231; baseline -0.003 -7"><span class='ocrx_word' id='word_1_504' title='bbox 2020 3168 2230 3224; x_wconf 86' lang='lat' dir='ltr'><strong>intente</strong></span> <span class='ocrx_word' id='word_1_505' title='bbox 2255 3168 2544 3231; x_wconf 86' lang='lat' dir='ltr'><strong>submittit,</strong></span> <span class='ocrx_word' id='word_1_506' title='bbox 2572 3183 2635 3223; x_wconf 88' lang='lat' dir='ltr'><strong>ac</strong></span> <span class='ocrx_word' id='word_1_507' title='bbox 2656 3167 2899 3223; x_wconf 88' lang='lat' dir='ltr'><strong>dolorem</strong></span> <span class='ocrx_word' id='word_1_508' title='bbox 2944 3167 3297 3222; x_wconf 88' lang='lat' dir='ltr'><strong>suburentem</strong></span> <span class='ocrx_word' id='word_1_509' title='bbox 3350 3163 3609 3220; x_wconf 89' lang='lat' dir='ltr'><strong>ostendit.</strong></span> 
     </span>
    </p>
   </div>
   <div class='ocr_carea' id='block_1_76' title="bbox 2092 3255 3611 3331">
    <p class='ocr_par' dir='ltr' id='par_1_76' title="bbox 2092 3255 3611 3331">
     <span class='ocr_line' id='line_1_76' title="bbox 2092 3255 3611 3331; baseline -0.005 -15"><span class='ocrx_word' id='word_1_510' title='bbox 2092 3259 2184 3316; x_wconf 90' lang='lat' dir='ltr'><strong>Sic</strong></span> <span class='ocrx_word' id='word_1_511' title='bbox 2244 3261 2337 3331; x_wconf 90' lang='lat' dir='ltr'><strong>qui</strong></span> <span class='ocrx_word' id='word_1_512' title='bbox 2385 3259 2551 3316; x_wconf 85' lang='lat' dir='ltr'><strong>febris</strong></span> <span class='ocrx_word' id='word_1_513' title='bbox 2606 3259 2894 3314; x_wconf 87' lang='lat' dir='ltr'><strong>ardoribus</strong></span> <span class='ocrx_word' id='word_1_514' title='bbox 2946 3257 3168 3320; x_wconf 87' lang='lat' dir='ltr'><strong>adesus.</strong></span> <span class='ocrx_word' id='word_1_515' title='bbox 3204 3257 3451 3313; x_wconf 86' lang='lat' dir='ltr'><strong>deustam</strong></span> <span class='ocrx_word' id='word_1_516' title='bbox 3500 3255 3611 3309; x_wconf 83' lang='lat' dir='ltr'><strong>lin-</strong></span> 
     </span>
    </p>
   </div>
   <div class='ocr_carea' id='block_1_77' title="bbox 2018 3348 3611 3423">
    <p class='ocr_par' dir='ltr' id='par_1_77' title="bbox 2018 3348 3611 3423">
     <span class='ocr_line' id='line_1_77' title="bbox 2018 3348 3611 3423; baseline -0.006 -18"><span class='ocrx_word' id='word_1_517' title='bbox 2018 3364 2182 3423; x_wconf 85' lang='lat' dir='ltr'><strong>guam</strong></span> <span class='ocrx_word' id='word_1_518' title='bbox 2245 3349 2602 3421; x_wconf 84' lang='lat' dir='ltr'><strong>supplicantis</strong></span> <span class='ocrx_word' id='word_1_519' title='bbox 2633 3349 2816 3420; x_wconf 89' lang='lat' dir='ltr'><strong>specie</strong></span> <span class='ocrx_word' id='word_1_520' title='bbox 2844 3348 3138 3420; x_wconf 90' lang='lat' dir='ltr'><strong>protendit,</strong></span> <span class='ocrx_word' id='word_1_521' title='bbox 3166 3360 3343 3417; x_wconf 87' lang='lat' dir='ltr'><strong>exque</strong></span> <span class='ocrx_word' id='word_1_522' title='bbox 3386 3356 3611 3417; x_wconf 85' lang='lat' dir='ltr'><strong>aspectu</strong></span> 
     </span>
    </p>
   </div>
   <div class='ocr_carea' id='block_1_78' title="bbox 2018 3438 3619 3514">
    <p class='ocr_par' dir='ltr' id='par_1_78' title="bbox 2018 3438 3619 3514">
     <span class='ocr_line' id='line_1_78' title="bbox 2018 3438 3619 3514; baseline -0.006 -14"><span class='ocrx_word' id='word_1_523' title='bbox 2018 3444 2156 3511; x_wconf 91' lang='lat' dir='ltr'><strong>solo,</strong></span> <span class='ocrx_word' id='word_1_524' title='bbox 2181 3442 2536 3514; x_wconf 86' lang='lat' dir='ltr'><strong>inspectionis</strong></span> <span class='ocrx_word' id='word_1_525' title='bbox 2589 3451 2786 3499; x_wconf 65' lang='lat' dir='ltr'><strong>vestra:</strong></span> <span class='ocrx_word' id='word_1_526' title='bbox 2812 3455 2989 3497; x_wconf 89' lang='lat' dir='ltr'><strong>rorem</strong></span> <span class='ocrx_word' id='word_1_527' title='bbox 3039 3440 3284 3511; x_wconf 89' lang='lat' dir='ltr'><strong>deposcit</strong></span> <span class='ocrx_word' id='word_1_528' title='bbox 3315 3457 3331 3496; x_wconf 90' lang='lat'><strong>:</strong></span> <span class='ocrx_word' id='word_1_529' title='bbox 3364 3438 3619 3494; x_wconf 84' lang='lat' dir='ltr'><strong>acerbis-</strong></span> 
     </span>
    </p>
   </div>
   <div class='ocr_carea' id='block_1_79' title="bbox 2016 3532 3623 3607">
    <p class='ocr_par' dir='ltr' id='par_1_79' title="bbox 2016 3532 3623 3607">
     <span class='ocr_line' id='line_1_79' title="bbox 2016 3532 3623 3607; baseline -0.004 -14"><span class='ocrx_word' id='word_1_530' title='bbox 2016 3540 2174 3594; x_wconf 88' lang='lat' dir='ltr'><strong>simis</strong></span> <span class='ocrx_word' id='word_1_531' title='bbox 2194 3538 2421 3594; x_wconf 76' lang='lat' dir='ltr'><strong>an‘ectus</strong></span> <span class='ocrx_word' id='word_1_532' title='bbox 2475 3538 2777 3605; x_wconf 87' lang='lat' dir='ltr'><strong>doloribus,</strong></span> <span class='ocrx_word' id='word_1_533' title='bbox 2809 3537 2964 3593; x_wconf 91' lang='lat' dir='ltr'><strong>dulce</strong></span> <span class='ocrx_word' id='word_1_534' title='bbox 3004 3546 3204 3592; x_wconf 71' lang='lat' dir='ltr'><strong>vestra:</strong></span> <span class='ocrx_word' id='word_1_535' title='bbox 3253 3532 3623 3607; x_wconf 76' lang='lat' dir='ltr'><strong>inspectionis</strong></span> 
     </span>
    </p>
   </div>
   <div class='ocr_carea' id='block_1_80' title="bbox 2017 3626 3615 3697">
    <p class='ocr_par' dir='ltr' id='par_1_80' title="bbox 2017 3626 3615 3697">
     <span class='ocr_line' id='line_1_80' title="bbox 2017 3626 3615 3697; baseline -0.001 -15"><span class='ocrx_word' id='word_1_536' title='bbox 2017 3627 2281 3683; x_wconf 78' lang='lat' dir='ltr'><strong>auxilium</strong></span> <span class='ocrx_word' id='word_1_537' title='bbox 2335 3630 2471 3697; x_wconf 85' lang='lat' dir='ltr'><strong>petit</strong></span> <span class='ocrx_word' id='word_1_538' title='bbox 2505 3644 2521 3682; x_wconf 86' lang='lat'><strong>:</strong></span> <span class='ocrx_word' id='word_1_539' title='bbox 2553 3628 2718 3682; x_wconf 91' lang='lat' dir='ltr'><strong>animi</strong></span> <span class='ocrx_word' id='word_1_540' title='bbox 2777 3627 3017 3694; x_wconf 85' lang='lat' dir='ltr'><strong>deliquio</strong></span> <span class='ocrx_word' id='word_1_541' title='bbox 3068 3626 3347 3689; x_wconf 87' lang='lat' dir='ltr'><strong>laborans,</strong></span> <span class='ocrx_word' id='word_1_542' title='bbox 3381 3626 3615 3694; x_wconf 77' lang='lat' dir='ltr'><strong>refrige-</strong></span> 
     </span>
    </p>
   </div>
   <div class='ocr_carea' id='block_1_81' title="bbox 2020 3717 3716 3793">
    <p class='ocr_par' dir='ltr' id='par_1_81' title="bbox 2020 3717 3716 3793">
     <span class='ocr_line' id='line_1_81' title="bbox 2020 3717 3716 3793; baseline -0.001 -18"><span class='ocrx_word' id='word_1_543' title='bbox 2020 3720 2160 3775; x_wconf 92' lang='lat' dir='ltr'><strong>rium</strong></span> <span class='ocrx_word' id='word_1_544' title='bbox 2215 3727 2498 3791; x_wconf 79' lang='lat' dir='ltr'><strong>exspectat</strong></span> <span class='ocrx_word' id='word_1_545' title='bbox 2549 3735 2656 3791; x_wconf 91' lang='lat' dir='ltr'><strong>quo</strong></span> <span class='ocrx_word' id='word_1_546' title='bbox 2696 3720 3000 3775; x_wconf 84' lang='lat' dir='ltr'><strong>recreetis:</strong></span> <span class='ocrx_word' id='word_1_547' title='bbox 3036 3719 3293 3775; x_wconf 87' lang='lat' dir='ltr'><strong>diuturno</strong></span> <span class='ocrx_word' id='word_1_548' title='bbox 3352 3717 3623 3789; x_wconf 79' lang='lat' dir='ltr'><strong>languore</strong></span> <span class='ocrx_word' id='word_1_549' title='bbox 3707 3785 3716 3793; x_wconf 41' lang='grc'><strong>,</strong></span> 
     </span>
    </p>
   </div>
   <div class='ocr_carea' id='block_1_82' title="bbox 2021 3811 3612 3875">
    <p class='ocr_par' dir='ltr' id='par_1_82' title="bbox 2021 3811 3612 3875">
     <span class='ocr_line' id='line_1_82' title="bbox 2021 3811 3612 3875; baseline -0.001 -9"><span class='ocrx_word' id='word_1_550' title='bbox 2021 3811 2292 3868; x_wconf 89' lang='lat' dir='ltr'><strong>resolutus</strong></span> <span class='ocrx_word' id='word_1_551' title='bbox 2350 3827 2415 3867; x_wconf 87' lang='lat' dir='ltr'><strong>ac</strong></span> <span class='ocrx_word' id='word_1_552' title='bbox 2453 3813 2869 3875; x_wconf 87' lang='lat' dir='ltr'><strong>contabescens,</strong></span> <span class='ocrx_word' id='word_1_553' title='bbox 2897 3812 3190 3867; x_wconf 85' lang='lat' dir='ltr'><strong>adventum</strong></span> <span class='ocrx_word' id='word_1_554' title='bbox 3247 3819 3490 3867; x_wconf 90' lang='lat' dir='ltr'><strong>vestrum</strong></span> <span class='ocrx_word' id='word_1_555' title='bbox 3523 3825 3612 3864; x_wconf 85' lang='lat' dir='ltr'><strong>re-</strong></span> 
     </span>
    </p>
   </div>
   <div class='ocr_carea' id='block_1_83' title="bbox 2018 3894 3607 3978">
    <p class='ocr_par' dir='ltr' id='par_1_83' title="bbox 2018 3894 3607 3978">
     <span class='ocr_line' id='line_1_83' title="bbox 2018 3894 3607 3978; baseline -0.004 -16"><span class='ocrx_word' id='word_1_556' title='bbox 2018 3894 2293 3978; x_wconf 83' lang='lat' dir='ltr'><strong>parandus</strong></span> <span class='ocrx_word' id='word_1_557' title='bbox 2344 3905 2602 3961; x_wconf 88' lang='lat' dir='ltr'><strong>observat</strong></span> <span class='ocrx_word' id='word_1_558' title='bbox 2637 3923 2650 3959; x_wconf 90' lang='lat'>:</span> <span class='ocrx_word' id='word_1_559' title='bbox 2685 3904 2915 3960; x_wconf 84' lang='lat' dir='ltr'><strong>confusa</strong></span> <span class='ocrx_word' id='word_1_560' title='bbox 2973 3903 3181 3958; x_wconf 86' lang='lat' dir='ltr'><strong>habens</strong></span> <span class='ocrx_word' id='word_1_561' title='bbox 3205 3917 3269 3958; x_wconf 85' lang='lat' dir='ltr'><strong>ex</strong></span> <span class='ocrx_word' id='word_1_562' title='bbox 3301 3902 3492 3958; x_wconf 92' lang='lat' dir='ltr'><strong>morbo</strong></span> <span class='ocrx_word' id='word_1_563' title='bbox 3525 3902 3607 3956; x_wconf 85' lang='lat' dir='ltr'><strong>lu-</strong></span> 
     </span>
    </p>
   </div>
   <div class='ocr_carea' id='block_1_84' title="bbox 2020 3985 3613 4067">
    <p class='ocr_par' dir='ltr' id='par_1_84' title="bbox 2020 3985 3613 4067">
     <span class='ocr_line' id='line_1_84' title="bbox 2020 3985 3613 4067; baseline -0.004 -14"><span class='ocrx_word' id='word_1_564' title='bbox 2020 3999 2189 4065; x_wconf 88' lang='lat' dir='ltr'><strong>mina,</strong></span> <span class='ocrx_word' id='word_1_565' title='bbox 2227 4011 2400 4067; x_wconf 88' lang='lat' dir='ltr'><strong>eoque</strong></span> <span class='ocrx_word' id='word_1_566' title='bbox 2428 3996 2707 4051; x_wconf 90' lang='lat' dir='ltr'><strong>doloribus</strong></span> <span class='ocrx_word' id='word_1_567' title='bbox 2757 3994 2973 4065; x_wconf 87' lang='lat' dir='ltr'><strong>plenam</strong></span> <span class='ocrx_word' id='word_1_568' title='bbox 3001 3995 3168 4049; x_wconf 89' lang='lat' dir='ltr'><strong>vitam</strong></span> <span class='ocrx_word' id='word_1_569' title='bbox 3228 3985 3472 4055; x_wconf 80' lang='lat' dir='ltr'><strong>trahens,</strong></span> <span class='ocrx_word' id='word_1_570' title='bbox 3514 4007 3613 4047; x_wconf 89' lang='lat' dir='ltr'><strong>vos</strong></span> 
     </span>
    </p>
   </div>
   <div class='ocr_carea' id='block_1_85' title="bbox 2021 4084 3610 4161">
    <p class='ocr_par' dir='ltr' id='par_1_85' title="bbox 2021 4084 3610 4161">
     <span class='ocr_line' id='line_1_85' title="bbox 2021 4084 3610 4161; baseline -0.002 -18"><span class='ocrx_word' id='word_1_571' title='bbox 2021 4089 2434 4161; x_wconf 76' lang='lat' dir='ltr'><strong>illuminatores,</strong></span> <span class='ocrx_word' id='word_1_572' title='bbox 2475 4095 2639 4158; x_wconf 86' lang='lat' dir='ltr'><strong>atque</strong></span> <span class='ocrx_word' id='word_1_573' title='bbox 2669 4103 2701 4143; x_wconf 92' lang='lat' dir='ltr'><strong>a</strong></span> <span class='ocrx_word' id='word_1_574' title='bbox 2733 4087 3017 4144; x_wconf 90' lang='lat' dir='ltr'><strong>doloribus</strong></span> <span class='ocrx_word' id='word_1_575' title='bbox 3046 4086 3290 4142; x_wconf 89' lang='lat' dir='ltr'><strong>vindices</strong></span> <span class='ocrx_word' id='word_1_576' title='bbox 3313 4084 3610 4156; x_wconf 82' lang='lat' dir='ltr'><strong>praevidet:</strong></span> 
     </span>
    </p>
   </div>
   <div class='ocr_carea' id='block_1_86' title="bbox 2020 4179 3610 4250">
    <p class='ocr_par' dir='ltr' id='par_1_86' title="bbox 2020 4179 3610 4250">
     <span class='ocr_line' id='line_1_86' title="bbox 2020 4179 3610 4250; baseline -0.004 -15"><span class='ocrx_word' id='word_1_577' title='bbox 2020 4180 2226 4237; x_wconf 85' lang='lat' dir='ltr'><strong>habens</strong></span> <span class='ocrx_word' id='word_1_578' title='bbox 2254 4195 2381 4237; x_wconf 88' lang='lat' dir='ltr'><strong>casu</strong></span> <span class='ocrx_word' id='word_1_579' title='bbox 2408 4180 2591 4250; x_wconf 91' lang='lat' dir='ltr'><strong>aliquo</strong></span> <span class='ocrx_word' id='word_1_580' title='bbox 2616 4180 2895 4236; x_wconf 89' lang='lat' dir='ltr'><strong>confracta</strong></span> <span class='ocrx_word' id='word_1_581' title='bbox 2928 4179 3193 4245; x_wconf 88' lang='lat' dir='ltr'><strong>membra,</strong></span> <span class='ocrx_word' id='word_1_582' title='bbox 3214 4187 3457 4234; x_wconf 90' lang='lat' dir='ltr'><strong>vestrum</strong></span> <span class='ocrx_word' id='word_1_583' title='bbox 3510 4192 3610 4230; x_wconf 85' lang='lat' dir='ltr'><strong>au-</strong></span> 
     </span>
    </p>
   </div>
   <div class='ocr_carea' id='block_1_87' title="bbox 2021 4271 3613 4345">
    <p class='ocr_par' dir='ltr' id='par_1_87' title="bbox 2021 4271 3613 4345">
     <span class='ocr_line' id='line_1_87' title="bbox 2021 4271 3613 4345; baseline -0.002 -16"><span class='ocrx_word' id='word_1_584' title='bbox 2021 4274 2512 4343; x_wconf 54' lang='lat' dir='ltr'><strong>xiliumdnvocat,</strong></span> <span class='ocrx_word' id='word_1_585' title='bbox 2565 4275 2707 4345; x_wconf 91' lang='lat' dir='ltr'><strong>quod</strong></span> <span class='ocrx_word' id='word_1_586' title='bbox 2757 4285 2811 4332; x_wconf 91' lang='lat' dir='ltr'><strong>et</strong></span> <span class='ocrx_word' id='word_1_587' title='bbox 2873 4282 3092 4344; x_wconf 89' lang='lat' dir='ltr'><strong>coaptet</strong></span> <span class='ocrx_word' id='word_1_588' title='bbox 3166 4271 3613 4340; x_wconf 89' lang='lat' dir='ltr'><strong>committatque.</strong></span> 
     </span>
    </p>
   </div>
   <div class='ocr_carea' id='block_1_88' title="bbox 2021 4363 3619 4437">
    <p class='ocr_par' dir='ltr' id='par_1_88' title="bbox 2021 4363 3619 4437">
     <span class='ocr_line' id='line_1_88' title="bbox 2021 4363 3619 4437; baseline -0.002 -17"><span class='ocrx_word' id='word_1_589' title='bbox 2021 4365 2278 4437; x_wconf 80' lang='lat' dir='ltr'><strong>Quisquis</strong></span> <span class='ocrx_word' id='word_1_590' title='bbox 2319 4366 2501 4436; x_wconf 87' lang='lat' dir='ltr'><strong>itaque</strong></span> <span class='ocrx_word' id='word_1_591' title='bbox 2525 4365 2713 4421; x_wconf 89' lang='lat' dir='ltr'><strong>multis</strong></span> <span class='ocrx_word' id='word_1_592' title='bbox 2736 4365 3041 4421; x_wconf 87' lang='lat' dir='ltr'><strong>morbidum</strong></span> <span class='ocrx_word' id='word_1_593' title='bbox 3068 4363 3448 4421; x_wconf 84' lang='lat' dir='ltr'><strong>affectionibus</strong></span> <span class='ocrx_word' id='word_1_594' title='bbox 3492 4377 3619 4419; x_wconf 81' lang='lat' dir='ltr'><strong>cor-</strong></span> 
     </span>
    </p>
   </div>
   <div class='ocr_carea' id='block_1_89' title="bbox 2022 4450 3617 4530">
    <p class='ocr_par' dir='ltr' id='par_1_89' title="bbox 2022 4450 3617 4530">
     <span class='ocr_line' id='line_1_89' title="bbox 2022 4450 3617 4530; baseline -0.002 -17"><span class='ocrx_word' id='word_1_595' title='bbox 2022 4476 2121 4530; x_wconf 90' lang='lat' dir='ltr'><strong>pus</strong></span> <span class='ocrx_word' id='word_1_596' title='bbox 2136 4468 2332 4530; x_wconf 81' lang='lat' dir='ltr'><strong>gestat,</strong></span> <span class='ocrx_word' id='word_1_597' title='bbox 2362 4450 2589 4529; x_wconf 83' lang='lat' dir='ltr'><strong>ejusque</strong></span> <span class='ocrx_word' id='word_1_598' title='bbox 2615 4467 2834 4514; x_wconf 89' lang='lat' dir='ltr'><strong>tenetur</strong></span> <span class='ocrx_word' id='word_1_599' title='bbox 2856 4458 3191 4514; x_wconf 90' lang='lat' dir='ltr'><strong>constrictus</strong></span> <span class='ocrx_word' id='word_1_600' title='bbox 3222 4452 3617 4527; x_wconf 74' lang='lat' dir='ltr'><strong>languoribus,</strong></span> 
     </span>
    </p>
   </div>
   <div class='ocr_carea' id='block_1_90' title="bbox 2023 4546 3627 4623">
    <p class='ocr_par' dir='ltr' id='par_1_90' title="bbox 2023 4546 3627 4623">
     <span class='ocr_line' id='line_1_90' title="bbox 2023 4546 3627 4623; baseline -0.005 -14"><span class='ocrx_word' id='word_1_601' title='bbox 2023 4568 2120 4622; x_wconf 87' lang='lat' dir='ltr'><strong>per</strong></span> <span class='ocrx_word' id='word_1_602' title='bbox 2153 4567 2268 4619; x_wconf 90' lang='lat' dir='ltr'><strong>vos,</strong></span> <span class='ocrx_word' id='word_1_603' title='bbox 2299 4551 2573 4621; x_wconf 71' lang='lat' dir='ltr'><strong>praebente</strong></span> <span class='ocrx_word' id='word_1_604' title='bbox 2609 4549 2812 4607; x_wconf 89' lang='lat' dir='ltr'><strong>Christi</strong></span> <span class='ocrx_word' id='word_1_605' title='bbox 2848 4549 3202 4623; x_wconf 87' lang='lat' dir='ltr'><strong>benignitate,</strong></span> <span class='ocrx_word' id='word_1_606' title='bbox 3241 4564 3270 4605; x_wconf 87' lang='lat' dir='ltr'><strong>a</strong></span> <span class='ocrx_word' id='word_1_607' title='bbox 3298 4546 3460 4605; x_wconf 81' lang='lat' dir='ltr'><strong>malis</strong></span> <span class='ocrx_word' id='word_1_608' title='bbox 3492 4547 3627 4618; x_wconf 56' lang='lat' dir='ltr'><strong>quk</strong></span> 
     </span>
    </p>
   </div>
   <div class='ocr_carea' id='block_1_91' title="bbox 319 4638 1913 4719">
    <p class='ocr_par' dir='ltr' id='par_1_91' title="bbox 319 4638 1913 4717">
     <span class='ocr_line' id='line_1_91' title="bbox 319 4638 1913 4717; baseline 0.002 -21"><span class='ocrx_word' id='word_1_609' title='bbox 319 4638 443 4696; x_wconf 77' lang='grc' dir='ltr'>’τῶν</span> <span class='ocrx_word' id='word_1_610' title='bbox 475 4639 814 4712; x_wconf 81' lang='grc' dir='ltr'>συνεχόντων</span> <span class='ocrx_word' id='word_1_611' title='bbox 862 4639 930 4695; x_wconf 84' lang='grc' dir='ltr'><strong>δι’</strong></span> <span class='ocrx_word' id='word_1_612' title='bbox 982 4639 1139 4713; x_wconf 78' lang='grc' dir='ltr'>ὑμῶν</span> <span class='ocrx_word' id='word_1_613' title='bbox 1174 4640 1364 4696; x_wconf 74' lang='grc' dir='ltr'>λαϐεῖν</span> <span class='ocrx_word' id='word_1_614' title='bbox 1415 4643 1623 4712; x_wconf 76' lang='grc' dir='ltr'>ἐξαιτεῖ</span> <span class='ocrx_word' id='word_1_615' title='bbox 1668 4642 1771 4717; x_wconf 85' lang='grc' dir='ltr'>τὴν</span> <span class='ocrx_word' id='word_1_616' title='bbox 1826 4644 1913 4699; x_wconf 88' lang='grc' dir='ltr'>λύ-</span> 
     </span>
    </p>
   </div>
   <div class='ocr_carea' id='block_1_92' title="bbox 2017 4638 2971 4719">
    <p class='ocr_par' dir='ltr' id='par_1_92' title="bbox 2023 4643 2971 4717">
     <span class='ocr_line' id='line_1_92' title="bbox 2023 4643 2971 4717; baseline -0.006 -13"><span class='ocrx_word' id='word_1_617' title='bbox 2023 4647 2128 4704; x_wconf 88' lang='lat' dir='ltr'><strong>btts</strong></span> <span class='ocrx_word' id='word_1_618' title='bbox 2158 4654 2394 4713; x_wconf 92' lang='lat' dir='ltr'><strong>tenetur,</strong></span> <span class='ocrx_word' id='word_1_619' title='bbox 2431 4645 2653 4702; x_wconf 88' lang='lat' dir='ltr'><strong>lihcrari</strong></span> <span class='ocrx_word' id='word_1_620' title='bbox 2685 4643 2971 4717; x_wconf 82' lang='lat' dir='ltr'><strong>efﬂagitat.</strong></span> 
     </span>
    </p>
   </div>
   <div class='ocr_carea' id='block_1_93' title="bbox 318 4747 560 4805">
    <p class='ocr_par' dir='ltr' id='par_1_93' title="bbox 318 4747 560 4805">
     <span class='ocr_line' id='line_1_93' title="bbox 318 4747 560 4805; baseline 0.004 -18"><span class='ocrx_word' id='word_1_621' title='bbox 318 4747 560 4805; x_wconf 81' lang='grc' dir='ltr'>τρωσιν.</span> 
     </span>
    </p>
   </div>
   <div class='ocr_carea' id='block_1_94' title="bbox 415 4817 1919 4896">
    <p class='ocr_par' dir='ltr' id='par_1_94' title="bbox 415 4817 1919 4896">
     <span class='ocr_line' id='line_1_94' title="bbox 415 4817 1919 4896; baseline 0.006 -21"><span class='ocrx_word' id='word_1_622' title='bbox 415 4822 642 4894; x_wconf 81' lang='grc' dir='ltr'>’Ῑλαρῶς</span> <span class='ocrx_word' id='word_1_623' title='bbox 672 4817 766 4877; x_wconf 82' lang='grc' dir='ltr'>οὖν</span> <span class='ocrx_word' id='word_1_624' title='bbox 796 4825 918 4890; x_wconf 81' lang='grc' dir='ltr'>ταῖς</span> <span class='ocrx_word' id='word_1_625' title='bbox 948 4825 1059 4878; x_wconf 85' lang='grc' dir='ltr'><strong>τῶν</strong></span> <span class='ocrx_word' id='word_1_626' title='bbox 1087 4824 1365 4896; x_wconf 82' lang='grc' dir='ltr'>δεομένων</span> <span class='ocrx_word' id='word_1_627' title='bbox 1419 4824 1769 4892; x_wconf 85' lang='grc' dir='ltr'>ἐπινεύοντες</span> <span class='ocrx_word' id='word_1_628' title='bbox 1802 4828 1919 4883; x_wconf 89' lang='grc' dir='ltr'>ἱκε-</span> 
     </span>
    </p>
   </div>
   <div class='ocr_carea' id='block_1_95' title="bbox 320 4912 1921 4988">
    <p class='ocr_par' dir='ltr' id='par_1_95' title="bbox 320 4912 1921 4988">
     <span class='ocr_line' id='line_1_95' title="bbox 320 4912 1921 4988; baseline 0.004 -19"><span class='ocrx_word' id='word_1_629' title='bbox 320 4912 482 4978; x_wconf 85' lang='grc' dir='ltr'>σίαις</span> <span class='ocrx_word' id='word_1_630' title='bbox 527 4912 707 4987; x_wconf 87' lang='grc' dir='ltr'>(τοῦτο</span> <span class='ocrx_word' id='word_1_631' title='bbox 735 4915 847 4988; x_wconf 89' lang='grc' dir='ltr'><strong>γάρ</strong></span> <span class='ocrx_word' id='word_1_632' title='bbox 883 4915 1039 4988; x_wconf 84' lang='grc' dir='ltr'>ὑμῶν</span> <span class='ocrx_word' id='word_1_633' title='bbox 1085 4919 1186 4988; x_wconf 79' lang='grc' dir='ltr'>μὲν</span> <span class='ocrx_word' id='word_1_634' title='bbox 1223 4918 1521 4974; x_wconf 87' lang='grc' dir='ltr'>ίδιαίτατον</span> <span class='ocrx_word' id='word_1_635' title='bbox 1547 4961 1563 4988; x_wconf 92' lang='grc'><strong>,</strong></span> <span class='ocrx_word' id='word_1_636' title='bbox 1595 4919 1703 4975; x_wconf 88' lang='grc' dir='ltr'><strong>τῶν</strong></span> <span class='ocrx_word' id='word_1_637' title='bbox 1734 4922 1921 4976; x_wconf 85' lang='grc' dir='ltr'>αίτου-</span> 
     </span>
    </p>
   </div>
   <div class='ocr_carea' id='block_1_96' title="bbox 322 5006 1922 5084">
    <p class='ocr_par' dir='ltr' id='par_1_96' title="bbox 322 5006 1922 5084">
     <span class='ocr_line' id='line_1_96' title="bbox 322 5006 1922 5084; baseline 0.004 -24"><span class='ocrx_word' id='word_1_638' title='bbox 322 5006 516 5079; x_wconf 82' lang='grc' dir='ltr'>μένων</span> <span class='ocrx_word' id='word_1_639' title='bbox 561 5006 610 5061; x_wconf 79' lang='grc' dir='ltr'>δ’</span> <span class='ocrx_word' id='word_1_640' title='bbox 669 5007 822 5071; x_wconf 77' lang='grc' dir='ltr'>ἐλπὶς</span> <span class='ocrx_word' id='word_1_641' title='bbox 857 5008 1273 5082; x_wconf 85' lang='grc' dir='ltr'>ἀνυπέρθετος),</span> <span class='ocrx_word' id='word_1_642' title='bbox 1320 5011 1421 5076; x_wconf 84' lang='grc' dir='ltr'>τὰς</span> <span class='ocrx_word' id='word_1_643' title='bbox 1487 5012 1922 5084; x_wconf 83' lang='grc' dir='ltr'>προτεινομένας</span> 
     </span>
    </p>
   </div>
   <div class='ocr_carea' id='block_1_97' title="bbox 318 5096 1916 5175">
    <p class='ocr_par' dir='ltr' id='par_1_97' title="bbox 318 5096 1916 5175">
     <span class='ocr_line' id='line_1_97' title="bbox 318 5096 1916 5175; baseline 0.003 -21"><span class='ocrx_word' id='word_1_644' title='bbox 318 5096 667 5170; x_wconf 82' lang='grc' dir='ltr'>πληρώσατε</span> <span class='ocrx_word' id='word_1_645' title='bbox 679 5098 903 5171; x_wconf 80' lang='grc' dir='ltr'>δεήσεις</span> <span class='ocrx_word' id='word_1_646' title='bbox 923 5117 938 5132; x_wconf 89' lang='grc'><strong>·</strong></span> <span class='ocrx_word' id='word_1_647' title='bbox 956 5101 1241 5172; x_wconf 88' lang='grc' dir='ltr'>πυρπολου</span> <span class='ocrx_word' id='word_1_648' title='bbox 1250 5101 1430 5173; x_wconf 83' lang='grc' dir='ltr'>μένων</span> <span class='ocrx_word' id='word_1_649' title='bbox 1448 5103 1687 5157; x_wconf 85' lang='grc' dir='ltr'>σϐέσατε</span> <span class='ocrx_word' id='word_1_650' title='bbox 1706 5104 1883 5175; x_wconf 83' lang='grc' dir='ltr'>φλόγα</span> <span class='ocrx_word' id='word_1_651' title='bbox 1902 5122 1916 5136; x_wconf 95' lang='grc'><strong>·</strong></span> 
     </span>
    </p>
   </div>
   <div class='ocr_carea' id='block_1_98' title="bbox 319 5192 1920 5271">
    <p class='ocr_par' dir='ltr' id='par_1_98' title="bbox 319 5192 1920 5271">
     <span class='ocr_line' id='line_1_98' title="bbox 319 5192 1920 5271; baseline 0.002 -23"><span class='ocrx_word' id='word_1_652' title='bbox 319 5192 645 5263; x_wconf 78' lang='grc' dir='ltr'>κοιμήσατε</span> <span class='ocrx_word' id='word_1_653' title='bbox 680 5192 883 5257; x_wconf 87' lang='grc' dir='ltr'>πόνους</span> <span class='ocrx_word' id='word_1_654' title='bbox 925 5193 1350 5263; x_wconf 89' lang='grc' dir='ltr'>ἀγριαίνοντας·</span> <span class='ocrx_word' id='word_1_655' title='bbox 1390 5194 1529 5266; x_wconf 82' lang='grc' dir='ltr'>μέλη</span> <span class='ocrx_word' id='word_1_656' title='bbox 1565 5196 1920 5271; x_wconf 86' lang='grc' dir='ltr'>παρειμένων</span> 
     </span>
    </p>
   </div>
   <div class='ocr_carea' id='block_1_99' title="bbox 317 5282 1957 5361">
    <p class='ocr_par' dir='ltr' id='par_1_99' title="bbox 317 5282 1957 5361">
     <span class='ocr_line' id='line_1_99' title="bbox 317 5282 1957 5361; baseline 0.001 -20"><span class='ocrx_word' id='word_1_657' title='bbox 317 5282 687 5356; x_wconf 73' lang='grc' dir='ltr'>ἀνορθώσατε</span> <span class='ocrx_word' id='word_1_658' title='bbox 707 5302 722 5318; x_wconf 91' lang='grc'><strong>·</strong></span> <span class='ocrx_word' id='word_1_659' title='bbox 750 5285 992 5356; x_wconf 86' lang='grc' dir='ltr'>ἀθυμίαν</span> <span class='ocrx_word' id='word_1_660' title='bbox 1018 5286 1328 5357; x_wconf 82' lang='grc' dir='ltr'>ἀνακλήσει</span> <span class='ocrx_word' id='word_1_661' title='bbox 1350 5290 1451 5359; x_wconf 79' lang='grc' dir='ltr'>τῆς</span> <span class='ocrx_word' id='word_1_662' title='bbox 1473 5288 1746 5361; x_wconf 83' lang='grc' dir='ltr'>εὐθυμίας</span> <span class='ocrx_word' id='word_1_663' title='bbox 1785 5292 1922 5345; x_wconf 84' lang='grc' dir='ltr'>ἀπο-</span> <span class='ocrx_word' id='word_1_664' title='bbox 1950 5332 1957 5343; x_wconf 96' lang='grc'>.</span> 
     </span>
    </p>
   </div>
   <div class='ocr_carea' id='block_1_100' title="bbox 327 5376 1916 5452">
    <p class='ocr_par' dir='ltr' id='par_1_100' title="bbox 327 5376 1916 5452">
     <span class='ocr_line' id='line_1_100' title="bbox 327 5376 1916 5452; baseline 0.004 -19"><span class='ocrx_word' id='word_1_665' title='bbox 327 5376 647 5449; x_wconf 81' lang='grc' dir='ltr'>σοϐήσατε·</span> <span class='ocrx_word' id='word_1_666' title='bbox 693 5377 919 5443; x_wconf 82' lang='grc' dir='ltr'>ἐλπίδας</span> <span class='ocrx_word' id='word_1_667' title='bbox 964 5380 1431 5452; x_wconf 82' lang='grc' dir='ltr'>ἀπηγορευμένας</span> <span class='ocrx_word' id='word_1_668' title='bbox 1465 5384 1916 5439; x_wconf 83' lang='grc' dir='ltr'>ἀνακαλέσασθε·</span> 
     </span>
    </p>
   </div>
   <div class='ocr_carea' id='block_1_101' title="bbox 317 5470 1922 5545">
    <p class='ocr_par' dir='ltr' id='par_1_101' title="bbox 317 5470 1922 5545">
     <span class='ocr_line' id='line_1_101' title="bbox 317 5470 1922 5545; baseline 0.008 -24"><span class='ocrx_word' id='word_1_669' title='bbox 317 5471 747 5542; x_wconf 83' lang='grc' dir='ltr'>νενεκρωμένας</span> <span class='ocrx_word' id='word_1_670' title='bbox 770 5470 1248 5543; x_wconf 78' lang='grc' dir='ltr'>ἀναζωπυρήσατε</span> <span class='ocrx_word' id='word_1_671' title='bbox 1277 5475 1633 5545; x_wconf 81' lang='grc' dir='ltr'>προσδοκίας.</span> <span class='ocrx_word' id='word_1_672' title='bbox 1656 5478 1729 5531; x_wconf 85' lang='grc' dir='ltr'>Τὸ</span> <span class='ocrx_word' id='word_1_673' title='bbox 1759 5479 1922 5534; x_wconf 87' lang='grc' dir='ltr'>ἀσθε-</span> 
     </span>
    </p>
   </div>
   <div class='ocr_carea' id='block_1_102' title="bbox 318 5562 1920 5638">
    <p class='ocr_par' dir='ltr' id='par_1_102' title="bbox 318 5562 1920 5638">
     <span class='ocr_line' id='line_1_102' title="bbox 318 5562 1920 5638; baseline 0.006 -22"><span class='ocrx_word' id='word_1_674' title='bbox 318 5562 420 5622; x_wconf 78' lang='grc' dir='ltr'>νὲς</span> <span class='ocrx_word' id='word_1_675' title='bbox 450 5562 554 5616; x_wconf 83' lang='grc' dir='ltr'>οὐκ</span> <span class='ocrx_word' id='word_1_676' title='bbox 603 5565 851 5631; x_wconf 83' lang='grc' dir='ltr'>ἀγνοεῖτε</span> <span class='ocrx_word' id='word_1_677' title='bbox 886 5563 987 5632; x_wconf 84' lang='grc' dir='ltr'>τῆς</span> <span class='ocrx_word' id='word_1_678' title='bbox 1018 5564 1263 5633; x_wconf 81' lang='grc' dir='ltr'>φύσεως,</span> <span class='ocrx_word' id='word_1_679' title='bbox 1302 5567 1362 5619; x_wconf 84' lang='grc' dir='ltr'>οὐ</span> <span class='ocrx_word' id='word_1_680' title='bbox 1423 5566 1587 5637; x_wconf 85' lang='grc' dir='ltr'>μόνον</span> <span class='ocrx_word' id='word_1_681' title='bbox 1641 5569 1718 5631; x_wconf 80' lang='grc' dir='ltr'><strong>ὡς</strong></span> <span class='ocrx_word' id='word_1_682' title='bbox 1751 5587 1920 5638; x_wconf 88' lang='grc' dir='ltr'>μετα-</span> 
     </span>
    </p>
   </div>
   <div class='ocr_carea' id='block_1_103' title="bbox 293 5653 1918 5732">
    <p class='ocr_par' dir='ltr' id='par_1_103' title="bbox 293 5653 1918 5732">
     <span class='ocr_line' id='line_1_103' title="bbox 293 5653 1918 5732; baseline 0.007 -26"><span class='ocrx_word' id='word_1_683' title='bbox 293 5653 559 5725; x_wconf 74' lang='grc' dir='ltr'>’σχόντες</span> <span class='ocrx_word' id='word_1_684' title='bbox 591 5655 800 5727; x_wconf 89' lang='grc' dir='ltr'>ταύτης</span> <span class='ocrx_word' id='word_1_685' title='bbox 826 5671 841 5689; x_wconf 93' lang='grc'><strong>·</strong></span> <span class='ocrx_word' id='word_1_686' title='bbox 869 5655 1009 5711; x_wconf 85' lang='grc' dir='ltr'><strong>ἀλλά</strong></span> <span class='ocrx_word' id='word_1_687' title='bbox 1043 5657 1140 5711; x_wconf 72' lang='grc' dir='ltr'>καὶ</span> <span class='ocrx_word' id='word_1_688' title='bbox 1163 5657 1239 5721; x_wconf 82' lang='grc' dir='ltr'>ὡς</span> <span class='ocrx_word' id='word_1_689' title='bbox 1266 5656 1455 5713; x_wconf 87' lang='grc' dir='ltr'>θεόθεν</span> <span class='ocrx_word' id='word_1_690' title='bbox 1484 5659 1918 5732; x_wconf 80' lang='grc' dir='ltr'>ὲλλαμφθέντες,</span> 
     </span>
    </p>
   </div>
   <div class='ocr_carea' id='block_1_104' title="bbox 319 5745 1921 5823">
    <p class='ocr_par' dir='ltr' id='par_1_104' title="bbox 319 5745 1921 5823">
     <span class='ocr_line' id='line_1_104' title="bbox 319 5745 1921 5823; baseline 0.005 -22"><span class='ocrx_word' id='word_1_691' title='bbox 319 5745 428 5801; x_wconf 76' lang='grc' dir='ltr'>καὶ</span> <span class='ocrx_word' id='word_1_692' title='bbox 475 5746 614 5817; x_wconf 81' lang='grc' dir='ltr'>αὐτῇ</span> <span class='ocrx_word' id='word_1_693' title='bbox 674 5746 865 5819; x_wconf 82' lang='grc' dir='ltr'>πείρᾳ,</span> <span class='ocrx_word' id='word_1_694' title='bbox 919 5749 1029 5803; x_wconf 85' lang='grc' dir='ltr'><strong>τῶν</strong></span> <span class='ocrx_word' id='word_1_695' title='bbox 1080 5750 1253 5821; x_wconf 80' lang='grc' dir='ltr'>αὐτῆς</span> <span class='ocrx_word' id='word_1_696' title='bbox 1308 5752 1412 5821; x_wconf 82' lang='grc' dir='ltr'>μὲν</span> <span class='ocrx_word' id='word_1_697' title='bbox 1465 5753 1921 5823; x_wconf 83' lang='grc' dir='ltr'>κοινωνησάντων</span> 
     </span>
    </p>
   </div>
   <div class='ocr_carea' id='block_1_105' title="bbox 324 5836 1919 5918">
    <p class='ocr_par' dir='ltr' id='par_1_105' title="bbox 324 5836 1919 5918">
     <span class='ocr_line' id='line_1_105' title="bbox 324 5836 1919 5918; baseline 0.003 -26"><span class='ocrx_word' id='word_1_698' title='bbox 324 5836 554 5892; x_wconf 84' lang='grc' dir='ltr'>κακῶν·</span> <span class='ocrx_word' id='word_1_699' title='bbox 588 5837 657 5891; x_wconf 85' lang='grc' dir='ltr'>δι’</span> <span class='ocrx_word' id='word_1_700' title='bbox 691 5837 847 5907; x_wconf 84' lang='grc' dir='ltr'>ὑμῶν</span> <span class='ocrx_word' id='word_1_701' title='bbox 873 5839 918 5893; x_wconf 85' lang='grc' dir='ltr'>δ’</span> <span class='ocrx_word' id='word_1_702' title='bbox 954 5840 1381 5911; x_wconf 76' lang='grc' dir='ltr'>ἀπαλλαγέντων</span> <span class='ocrx_word' id='word_1_703' title='bbox 1406 5841 1506 5914; x_wconf 79' lang='grc' dir='ltr'>τῆς</span> <span class='ocrx_word' id='word_1_704' title='bbox 1533 5842 1745 5898; x_wconf 86' lang='grc' dir='ltr'>τούτων</span> <span class='ocrx_word' id='word_1_705' title='bbox 1778 5846 1919 5918; x_wconf 79' lang='grc' dir='ltr'>ἐπη-</span> 
     </span>
    </p>
   </div>
   <div class='ocr_carea' id='block_1_106' title="bbox 331 5929 1914 6009">
    <p class='ocr_par' dir='ltr' id='par_1_106' title="bbox 331 5929 1914 6009">
     <span class='ocr_line' id='line_1_106' title="bbox 331 5929 1914 6009; baseline 0.008 -29"><span class='ocrx_word' id='word_1_706' title='bbox 331 5929 527 6004; x_wconf 66' lang='grc' dir='ltr'>ρείας,</span> <span class='ocrx_word' id='word_1_707' title='bbox 573 5930 908 6003; x_wconf 78' lang='grc' dir='ltr'>σπλάγχνοις</span> <span class='ocrx_word' id='word_1_708' title='bbox 969 5933 1406 6007; x_wconf 73' lang='grc' dir='ltr'>φιλανθρωπίας,</span> <span class='ocrx_word' id='word_1_709' title='bbox 1450 5936 1543 5991; x_wconf 74' lang='grc' dir='ltr'>καὶ</span> <span class='ocrx_word' id='word_1_710' title='bbox 1603 5936 1914 6009; x_wconf 71' lang='grc' dir='ltr'>ἐπισκέψει.</span> 
     </span>
    </p>
   </div>
   <div class='ocr_carea' id='block_1_107' title="bbox 2093 4821 3618 4906">
    <p class='ocr_par' dir='ltr' id='par_1_107' title="bbox 2093 4821 3618 4906">
     <span class='ocr_line' id='line_1_107' title="bbox 2093 4821 3618 4906; baseline -0.009 -16"><span class='ocrx_word' id='word_1_711' title='bbox 2093 4834 2309 4892; x_wconf 79' lang='lat' dir='ltr'><strong>Hilares</strong></span> <span class='ocrx_word' id='word_1_712' title='bbox 2331 4835 2515 4906; x_wconf 87' lang='lat' dir='ltr'><strong>itaque</strong></span> <span class='ocrx_word' id='word_1_713' title='bbox 2545 4832 2850 4903; x_wconf 87' lang='lat' dir='ltr'><strong>supplicum</strong></span> <span class='ocrx_word' id='word_1_714' title='bbox 2883 4829 3025 4887; x_wconf 86' lang='lat' dir='ltr'><strong>votis</strong></span> <span class='ocrx_word' id='word_1_715' title='bbox 3053 4833 3359 4883; x_wconf 80' lang='lat' dir='ltr'><strong>annuentes</strong></span> <span class='ocrx_word' id='word_1_716' title='bbox 3390 4821 3618 4896; x_wconf 87' lang='lat' dir='ltr'><strong>(quippe</strong></span> 
     </span>
    </p>
   </div>
   <div class='ocr_carea' id='block_1_108' title="bbox 2022 4915 3618 4999">
    <p class='ocr_par' dir='ltr' id='par_1_108' title="bbox 2022 4915 3618 4999">
     <span class='ocr_line' id='line_1_108' title="bbox 2022 4915 3618 4999; baseline -0.012 -12"><span class='ocrx_word' id='word_1_717' title='bbox 2022 4931 2126 4987; x_wconf 89' lang='lat' dir='ltr'><strong>hoc</strong></span> <span class='ocrx_word' id='word_1_718' title='bbox 2172 4944 2293 4985; x_wconf 92' lang='lat' dir='ltr'><strong>cum</strong></span> <span class='ocrx_word' id='word_1_719' title='bbox 2349 4927 2540 4999; x_wconf 90' lang='lat' dir='ltr'><strong>primis</strong></span> <span class='ocrx_word' id='word_1_720' title='bbox 2587 4925 2865 4996; x_wconf 84' lang='lat' dir='ltr'><strong>peculiare</strong></span> <span class='ocrx_word' id='word_1_721' title='bbox 2901 4920 3149 4989; x_wconf 80' lang='lat' dir='ltr'><strong>habetis;</strong></span> <span class='ocrx_word' id='word_1_722' title='bbox 3194 4919 3468 4988; x_wconf 80' lang='lat' dir='ltr'><strong>habetque</strong></span> <span class='ocrx_word' id='word_1_723' title='bbox 3529 4915 3618 4970; x_wconf 92' lang='lat' dir='ltr'><strong>in-</strong></span> 
     </span>
    </p>
   </div>
   <div class='ocr_carea' id='block_1_109' title="bbox 2024 5010 3611 5089">
    <p class='ocr_par' dir='ltr' id='par_1_109' title="bbox 2024 5010 3611 5089">
     <span class='ocr_line' id='line_1_109' title="bbox 2024 5010 3611 5089; baseline -0.01 -11"><span class='ocrx_word' id='word_1_724' title='bbox 2024 5030 2346 5078; x_wconf 85' lang='lat' dir='ltr'><strong>cunctanter</strong></span> <span class='ocrx_word' id='word_1_725' title='bbox 2369 5022 2652 5076; x_wconf 87' lang='lat' dir='ltr'><strong>orantium</strong></span> <span class='ocrx_word' id='word_1_726' title='bbox 2687 5016 2834 5089; x_wconf 86' lang='lat' dir='ltr'><strong>spes)</strong></span> <span class='ocrx_word' id='word_1_727' title='bbox 2861 5033 2876 5072; x_wconf 88' lang='lat'><strong>:</strong></span> <span class='ocrx_word' id='word_1_728' title='bbox 2904 5012 3126 5085; x_wconf 87' lang='lat' dir='ltr'><strong>implete</strong></span> <span class='ocrx_word' id='word_1_729' title='bbox 3148 5010 3361 5066; x_wconf 85' lang='lat' dir='ltr'><strong>oblatas</strong></span> <span class='ocrx_word' id='word_1_730' title='bbox 3377 5022 3570 5079; x_wconf 88' lang='lat' dir='ltr'><strong>preces</strong></span> <span class='ocrx_word' id='word_1_731' title='bbox 3594 5023 3611 5074; x_wconf 97' lang='lat'><strong>;</strong></span> 
     </span>
    </p>
   </div>
   <div class='ocr_carea' id='block_1_110' title="bbox 2021 5104 3619 5179">
    <p class='ocr_par' dir='ltr' id='par_1_110' title="bbox 2021 5104 3619 5179">
     <span class='ocr_line' id='line_1_110' title="bbox 2021 5104 3619 5179; baseline -0.01 -9"><span class='ocrx_word' id='word_1_732' title='bbox 2021 5114 2365 5171; x_wconf 70' lang='lat' dir='ltr'><strong>aestuandum</strong></span> <span class='ocrx_word' id='word_1_733' title='bbox 2389 5113 2617 5169; x_wconf 90' lang='lat' dir='ltr'><strong>ardores</strong></span> <span class='ocrx_word' id='word_1_734' title='bbox 2639 5108 3006 5179; x_wconf 84' lang='lat' dir='ltr'><strong>exstinguite;</strong></span> <span class='ocrx_word' id='word_1_735' title='bbox 3051 5104 3240 5161; x_wconf 89' lang='lat' dir='ltr'><strong>sedate</strong></span> <span class='ocrx_word' id='word_1_736' title='bbox 3263 5108 3619 5171; x_wconf 83' lang='lat' dir='ltr'><strong>exasperatos</strong></span> 
     </span>
    </p>
   </div>
   <div class='ocr_carea' id='block_1_111' title="bbox 2023 5194 3651 5279">
    <p class='ocr_par' dir='ltr' id='par_1_111' title="bbox 2023 5194 3651 5279">
     <span class='ocr_line' id='line_1_111' title="bbox 2023 5194 3651 5279; baseline -0.012 -16"><span class='ocrx_word' id='word_1_737' title='bbox 2023 5208 2267 5275; x_wconf 91' lang='lat' dir='ltr'><strong>dolores;</strong></span> <span class='ocrx_word' id='word_1_738' title='bbox 2294 5206 2557 5262; x_wconf 89' lang='lat' dir='ltr'><strong>dissoluta</strong></span> <span class='ocrx_word' id='word_1_739' title='bbox 2625 5202 2867 5259; x_wconf 86' lang='lat' dir='ltr'><strong>membra</strong></span> <span class='ocrx_word' id='word_1_740' title='bbox 2916 5199 3257 5262; x_wconf 88' lang='lat' dir='ltr'><strong>instaurate;</strong></span> <span class='ocrx_word' id='word_1_741' title='bbox 3301 5194 3469 5249; x_wconf 88' lang='lat' dir='ltr'><strong>animi</strong></span> <span class='ocrx_word' id='word_1_742' title='bbox 3511 5209 3651 5279; x_wconf 25' lang='lat' dir='ltr'><strong>an:</strong></span> 
     </span>
    </p>
   </div>
   <div class='ocr_carea' id='block_1_112' title="bbox 2022 5284 3612 5366">
    <p class='ocr_par' dir='ltr' id='par_1_112' title="bbox 2022 5284 3612 5366">
     <span class='ocr_line' id='line_1_112' title="bbox 2022 5284 3612 5366; baseline -0.008 -18"><span class='ocrx_word' id='word_1_743' title='bbox 2022 5309 2207 5366; x_wconf 89' lang='lat' dir='ltr'><strong>gorem</strong></span> <span class='ocrx_word' id='word_1_744' title='bbox 2250 5302 2506 5349; x_wconf 79' lang='lat' dir='ltr'><strong>revocata</strong></span> <span class='ocrx_word' id='word_1_745' title='bbox 2561 5291 2748 5348; x_wconf 61' lang='lat' dir='ltr'><strong>laetitia</strong></span> <span class='ocrx_word' id='word_1_746' title='bbox 2799 5289 3157 5355; x_wconf 88' lang='lat' dir='ltr'><strong>submovete;</strong></span> <span class='ocrx_word' id='word_1_747' title='bbox 3188 5300 3313 5357; x_wconf 86' lang='lat' dir='ltr'><strong>spes</strong></span> <span class='ocrx_word' id='word_1_748' title='bbox 3365 5284 3612 5355; x_wconf 73' lang='lat' dir='ltr'><strong>abjectas</strong></span> 
     </span>
    </p>
   </div>
   <div class='ocr_carea' id='block_1_113' title="bbox 2024 5377 3611 5456">
    <p class='ocr_par' dir='ltr' id='par_1_113' title="bbox 2024 5377 3611 5456">
     <span class='ocr_line' id='line_1_113' title="bbox 2024 5377 3611 5456; baseline -0.006 -17"><span class='ocrx_word' id='word_1_749' title='bbox 2024 5393 2313 5456; x_wconf 86' lang='lat' dir='ltr'><strong>reparate;</strong></span> <span class='ocrx_word' id='word_1_750' title='bbox 2390 5393 2670 5440; x_wconf 89' lang='lat' dir='ltr'><strong>emortuas</strong></span> <span class='ocrx_word' id='word_1_751' title='bbox 2743 5380 3185 5451; x_wconf 79' lang='lat' dir='ltr'><strong>exspectationes</strong></span> <span class='ocrx_word' id='word_1_752' title='bbox 3250 5377 3611 5434; x_wconf 88' lang='lat' dir='ltr'><strong>exsuscitate.</strong></span> 
     </span>
    </p>
   </div>
   <div class='ocr_carea' id='block_1_114' title="bbox 2022 5468 3619 5540">
    <p class='ocr_par' dir='ltr' id='par_1_114' title="bbox 2022 5468 3619 5540">
     <span class='ocr_line' id='line_1_114' title="bbox 2022 5468 3619 5540; baseline -0.006 -9"><span class='ocrx_word' id='word_1_753' title='bbox 2022 5476 2139 5532; x_wconf 84' lang='lat' dir='ltr'><strong>Non</strong></span> <span class='ocrx_word' id='word_1_754' title='bbox 2170 5477 2390 5532; x_wconf 89' lang='lat' dir='ltr'><strong>nescitis</strong></span> <span class='ocrx_word' id='word_1_755' title='bbox 2418 5476 2843 5531; x_wconf 84' lang='lat' dir='ltr'><strong>imbecillitatem</strong></span> <span class='ocrx_word' id='word_1_756' title='bbox 2875 5470 3313 5538; x_wconf 52' lang='lat' dir='ltr'><strong>naturanedum</strong></span> <span class='ocrx_word' id='word_1_757' title='bbox 3341 5470 3469 5540; x_wconf 88' lang='lat' dir='ltr'><strong>quia</strong></span> <span class='ocrx_word' id='word_1_758' title='bbox 3495 5468 3619 5537; x_wconf 78' lang='lat' dir='ltr'><strong>ejus</strong></span> 
     </span>
    </p>
   </div>
   <div class='ocr_carea' id='block_1_115' title="bbox 2022 5559 3612 5640">
    <p class='ocr_par' dir='ltr' id='par_1_115' title="bbox 2022 5559 3612 5640">
     <span class='ocr_line' id='line_1_115' title="bbox 2022 5559 3612 5640; baseline -0.008 -13"><span class='ocrx_word' id='word_1_759' title='bbox 2022 5577 2077 5627; x_wconf 85' lang='lat' dir='ltr'><strong>et</strong></span> <span class='ocrx_word' id='word_1_760' title='bbox 2106 5571 2206 5640; x_wconf 90' lang='lat' dir='ltr'><strong>ipsi</strong></span> <span class='ocrx_word' id='word_1_761' title='bbox 2237 5570 2357 5626; x_wconf 87' lang='lat' dir='ltr'><strong>sitis</strong></span> <span class='ocrx_word' id='word_1_762' title='bbox 2388 5569 2702 5639; x_wconf 87' lang='lat' dir='ltr'><strong>participes,</strong></span> <span class='ocrx_word' id='word_1_763' title='bbox 2734 5581 2922 5620; x_wconf 87' lang='lat' dir='ltr'><strong>verum</strong></span> <span class='ocrx_word' id='word_1_764' title='bbox 2963 5565 3129 5620; x_wconf 90' lang='lat' dir='ltr'><strong>etiam</strong></span> <span class='ocrx_word' id='word_1_765' title='bbox 3165 5562 3288 5633; x_wconf 86' lang='lat' dir='ltr'><strong>quia</strong></span> <span class='ocrx_word' id='word_1_766' title='bbox 3320 5559 3612 5615; x_wconf 84' lang='lat' dir='ltr'><strong>illuminati</strong></span> 
     </span>
    </p>
   </div>
   <div class='ocr_carea' id='block_1_116' title="bbox 2024 5653 3614 5729">
    <p class='ocr_par' dir='ltr' id='par_1_116' title="bbox 2024 5653 3614 5729">
     <span class='ocr_line' id='line_1_116' title="bbox 2024 5653 3614 5729; baseline -0.007 -13"><span class='ocrx_word' id='word_1_767' title='bbox 2024 5676 2053 5716; x_wconf 92' lang='lat' dir='ltr'><strong>a</strong></span> <span class='ocrx_word' id='word_1_768' title='bbox 2087 5659 2198 5716; x_wconf 90' lang='lat' dir='ltr'><strong>Deo</strong></span> <span class='ocrx_word' id='word_1_769' title='bbox 2254 5660 2489 5725; x_wconf 83' lang='lat' dir='ltr'><strong>fueritis,</strong></span> <span class='ocrx_word' id='word_1_770' title='bbox 2519 5659 2748 5729; x_wconf 78' lang='lat' dir='ltr'><strong>ipsaque</strong></span> <span class='ocrx_word' id='word_1_771' title='bbox 2805 5658 2942 5713; x_wconf 87' lang='lat' dir='ltr'><strong>adeo</strong></span> <span class='ocrx_word' id='word_1_772' title='bbox 3005 5654 3364 5725; x_wconf 84' lang='lat' dir='ltr'><strong>experientia,</strong></span> <span class='ocrx_word' id='word_1_773' title='bbox 3398 5653 3614 5722; x_wconf 89' lang='lat' dir='ltr'><strong>impen-</strong></span> 
     </span>
    </p>
   </div>
   <div class='ocr_carea' id='block_1_117' title="bbox 2023 5747 3604 5819">
    <p class='ocr_par' dir='ltr' id='par_1_117' title="bbox 2023 5747 3604 5819">
     <span class='ocr_line' id='line_1_117' title="bbox 2023 5747 3604 5819; baseline -0.007 -10"><span class='ocrx_word' id='word_1_774' title='bbox 2023 5754 2187 5809; x_wconf 87' lang='lat' dir='ltr'><strong>sioris</strong></span> <span class='ocrx_word' id='word_1_775' title='bbox 2218 5753 2361 5809; x_wconf 89' lang='lat' dir='ltr'><strong>illius</strong></span> <span class='ocrx_word' id='word_1_776' title='bbox 2416 5752 2773 5807; x_wconf 89' lang='lat' dir='ltr'><strong>humanitatis</strong></span> <span class='ocrx_word' id='word_1_777' title='bbox 2826 5749 3152 5810; x_wconf 85' lang='lat' dir='ltr'><strong>visceribus,</strong></span> <span class='ocrx_word' id='word_1_778' title='bbox 3188 5763 3250 5800; x_wconf 85' lang='lat' dir='ltr'><strong>ac</strong></span> <span class='ocrx_word' id='word_1_779' title='bbox 3282 5761 3471 5819; x_wconf 78' lang='lat' dir='ltr'><strong>eorum</strong></span> <span class='ocrx_word' id='word_1_780' title='bbox 3517 5747 3604 5798; x_wconf 85' lang='lat' dir='ltr'><strong>.in-</strong></span> 
     </span>
    </p>
   </div>
   <div class='ocr_carea' id='block_1_118' title="bbox 2024 5839 3612 5917">
    <p class='ocr_par' dir='ltr' id='par_1_118' title="bbox 2024 5839 3612 5917">
     <span class='ocr_line' id='line_1_118' title="bbox 2024 5839 3612 5917; baseline -0.009 -14"><span class='ocrx_word' id='word_1_781' title='bbox 2024 5845 2320 5917; x_wconf 76' lang='lat' dir='ltr'><strong>spectione,</strong></span> <span class='ocrx_word' id='word_1_782' title='bbox 2352 5845 2445 5916; x_wconf 86' lang='lat' dir='ltr'><strong>qui</strong></span> <span class='ocrx_word' id='word_1_783' title='bbox 2479 5845 2598 5915; x_wconf 85' lang='lat' dir='ltr'><strong>ejus</strong></span> <span class='ocrx_word' id='word_1_784' title='bbox 2631 5844 2853 5914; x_wconf 86' lang='lat' dir='ltr'><strong>quidem</strong></span> <span class='ocrx_word' id='word_1_785' title='bbox 2907 5841 3171 5896; x_wconf 85' lang='lat' dir='ltr'><strong>malorum</strong></span> <span class='ocrx_word' id='word_1_786' title='bbox 3211 5839 3429 5894; x_wconf 84' lang='lat' dir='ltr'><strong>fuerunt</strong></span> <span class='ocrx_word' id='word_1_787' title='bbox 3453 5841 3612 5901; x_wconf 81' lang='lat' dir='ltr'><strong>socii,</strong></span> 
     </span>
    </p>
   </div>
   <div class='ocr_carea' id='block_1_119' title="bbox 2023 5929 3609 6011">
    <p class='ocr_par' dir='ltr' id='par_1_119' title="bbox 2023 5929 3609 6011">
     <span class='ocr_line' id='line_1_119' title="bbox 2023 5929 3609 6011; baseline -0.012 -12"><span class='ocrx_word' id='word_1_788' title='bbox 2023 5954 2122 6011; x_wconf 88' lang='lat' dir='ltr'><strong>per</strong></span> <span class='ocrx_word' id='word_1_789' title='bbox 2155 5954 2248 5999; x_wconf 83' lang='lat' dir='ltr'><strong>vos</strong></span> <span class='ocrx_word' id='word_1_790' title='bbox 2280 5948 2459 5998; x_wconf 83' lang='lat' dir='ltr'><strong>autem</strong></span> <span class='ocrx_word' id='word_1_791' title='bbox 2503 5939 2571 5996; x_wconf 84' lang='lat' dir='ltr'><strong>ab</strong></span> <span class='ocrx_word' id='word_1_792' title='bbox 2609 5952 2795 5997; x_wconf 87' lang='lat' dir='ltr'><strong>eorum</strong></span> <span class='ocrx_word' id='word_1_793' title='bbox 2853 5935 3053 6009; x_wconf 86' lang='lat' dir='ltr'><strong>injuria</strong></span> <span class='ocrx_word' id='word_1_794' title='bbox 3104 5933 3318 5990; x_wconf 84' lang='lat' dir='ltr'><strong>fuerunt</strong></span> <span class='ocrx_word' id='word_1_795' title='bbox 3370 5929 3609 5986; x_wconf 76' lang='lat' dir='ltr'><strong>lihera’ti.</strong></span> 
     </span>
    </p>
   </div>
  </div>
