4060 6424
479 419 503 485 1
514 422 617 485 523

1614 419 1937 518 GEOPtGII
1970 421 2571 486 NICOMEDIENSIS

3625 410 3775 480 ιδει

482 531 653 587 Scitis
683 531 800 601 ejus
826 530 1153 598 socordiam,
1187 530 1378 588 alienis
1409 533 1597 589 lentati
1628 508 2055 597 calamitatibus,

2182 529 2445 585 )ῖδατεντδ
2464 528 2674 602 ταύτης
2700 502 2946 603 ῥᾴθυμον
2968 527 3025 582 ἐν
3051 527 3370 601 ἀλλοτρίαις
3396 527 3718 600 πειραθέντες
3735 543 3772 590 ς

480 634 539 678 ut
565 623 657 694 qui
693 637 786 679 vos
810 623 1119 679 imitatione
1146 623 1239 678 Dei
1272 624 1674 691 misericordes,
1708 624 1876 696 lapsis
1908 626 2066 681 incli-

480 716 657 784 netis;
686 716 779 785 qui
837 715 1122 772 fetentium
1154 727 1404 787 putorem
1462 717 1805 786 snstiueatis;
1836 718 1928 788 qui
1964 734 2069 773 non

479 817 691 863 tantum
735 823 830 879 per
883 824 981 865 vos
1032 809 1136 881 ipsi
1190 810 1472 875 laboretis,
1507 820 1564 865 ut
1592 812 1709 882 ejus
1763 811 2068 868 emendetis

480 900 636 966 vitia,
666 900 762 956 sed
810 909 865 957 et
899 902 967 956 iis
1003 901 1094 971 qui
1160 918 1378 956 manum
1435 905 1713 973 porrigere
1782 914 2068 969 conantur,

481 989 727 1047 laborem
755 992 960 1048 socium
994 992 1324 1063 adjungatis,
1359 994 1598 1064 ipsisque
1622 995 1878 1065 operibus
1932 1010 2074 1065 prae-

483 1083 677 1138 sentiae
708 1094 904 1138 vestra:
931 1098 996 1139 ac
1029 1084 1217 1149 studii,
1244 1086 1566 1156 corrigendo
1604 1102 1672 1143 ne
1695 1086 1825 1157 quid
1860 1084 1935 1140 illi
1987 1099 2074 1141 er-

484 1176 752 1242 raverint,
789 1191 1007 1231 sensum
1044 1179 1350 1246 praebentis.

554 1268 772 1324 Etenim
801 1269 1043 1325 medicus
1072 1270 1231 1325 saluti
1263 1279 1452 1341 parata
1486 1270 1723 1325 remedia
1750 1282 2070 1340 aspergens,

482 1351 809 1424 Dominique
855 1368 1011 1424 opem
1077 1356 1403 1428 elllagitans,
1453 1358 1731 1429 adjutores
1789 1374 1906 1427 vos,
1938 1374 2061 1414 cum

485 1446 756 1503 orationis
813 1449 1054 1515 asciscit,
1089 1458 1199 1504 tum
1239 1451 1572 1519 sanationis;
1603 1451 1956 1522 cogitansque
1994 1451 2073 1505 fe-

485 1538 628 1594 brim
687 1540 904 1605 sistere,
942 1543 1246 1611 praesentiae
1299 1553 1494 1599 vestrm
1534 1542 1877 1615 refrigerium
1931 1543 2074 1615 roris

485 1630 661 1686 instar
686 1633 954 1701 deposcit.
975 1632 1071 1689 Hic
1103 1632 1307 1689 ferrum
1335 1634 1628 1689 extrahens
1660 1636 1996 1704 tendensque
2020 1635 2072 1689 in

2172 624 2507 693 συμφοραῖς,
2560 622 2637 686 ὡς
2668 621 2838 692 οἴκτῳ
2883 620 3204 692 θεομιμήτῳ
3251 621 3365 685 τοῖς
3405 618 3771 674 πεπτωκόσιν

2172 714 2619 785 ἐπικλινόμενοι⁸
2659 715 2735 777 ὡς
2769 713 2962 784 ἀηδίας
3012 712 3402 768 δυσωδούντων
3452 712 3772 783 ἀνασχόμαο

2170 822 2288 862 νοι⁸
2321 807 2398 870 ὡς
2441 795 2505 861 οὗ
2565 805 2728 877 μόνον
2778 808 2860 868 εἰς
2906 805 3007 877 τὴν
3034 805 3146 859 τῶν
3187 803 3429 875 ταύτης.
3446 801 3771 875 ὀλισθηρῶν

2172 897 2497 969 αὐτοχειρίᾳ
2544 896 2841 961 πονοῦντες
2900 897 3245 970 ἀνόρθωσιν,
3299 895 3440 952 ἀλλὰ
3495 894 3594 949 καὶ
3647 897 3772 959 τοῖς

2170 990 2389 1063 ὀρέγειν
2420 991 2557 1062 αὐτῇ
2589 989 2958 1061 πειρωμένοις
2978 990 3421 1060 συγκάμνοντες,
3450 985 3550 1041 καὶ
3571 984 3771 1058 ἔργοις

2172 1081 2486 1152 αύτοίςτὴν
2512 1080 2605 1134 τοῦ
2629 1081 3024 1151 συμπαρεῖναι,
3056 1077 3156 1133 καὶ
3183 1077 3246 1131 τὸ
3271 1076 3545 1148 σφαλερὸν
3576 1073 3773 1130 αὐτῶν

2172 1173 2574 1246 διοορθοῦσθαι,
2612 1175 2951 1245 παρέχοντες
2979 1171 3261 1242 αἴσθησιν.

2258 1266 2461 1337 ’ἰατρός
2496 1284 2554 1320 τε
2599 1266 2711 1338 γὰρ
2758 1267 3004 1335 σωτήρια
3040 1264 3270 1318 πάσσων
3301 1261 3610 1332 φάρμακα,
3667 1258 3775 1314 καὶ

2173 1360 2274 1429 τὴν
2308 1358 2458 1430 παρὰ
2494 1358 2703 1432 Κυρίου
2740 1356 2997 1429 βοήθειαν
3048 1354 3460 1427 ἐξαιτούμενος,
3505 1369 3775 1421 συναρω-

2174 1454 2306 1522 γοὺς
2329 1452 2475 1523 ὑμᾶς
2498 1451 2555 1506 ἐν
2585 1468 2647 1517 τε
2676 1453 2743 1523 τῇ
2776 1450 2997 1521 αἰτήσει
3028 1448 3126 1504 καλ⁵
3158 1447 3302 1502 ἰάσει
3333 1443 3770 1518 προσεπικαὶεῖ-

2172 1560 2304 1599 ται·
2367 1542 2607 1614 πυρετοῦ
2653 1559 2714 1596 τε
2765 1540 2925 1612 λῆξιν
2969 1541 3382 1610 ἐπινοούμενος,
3442 1536 3545 1608 τὴν
3606 1535 3772 1606 ὑμῶν

2173 1636 2489 1709 δροσοποιδν
2559 1635 2857 1703 ἐξαιτεῖται
2909 1632 3240 1705 παρουσίαν.
3290 1626 3463 1694 Οὗτος
3514 1629 3775 1700 σιδήριον

489 1723 693 1779 coelum
723 1725 931 1790 oculos,
952 1743 1057 1782 una
1091 1738 1327 1782 vestram
1357 1717 1801 1804 intercessione'm
1851 1729 2076 1783 attrahit

2182 1728 2486 1801 σπώμενος,
2529 1728 2627 1783 καὶ
2656 1730 2737 1793 εἰς
2785 1726 3019 1800 οὐρανὸν
3052 1726 3227 1797 αῐρων
3269 1723 3340 1778 τὰ
3373 1723 3629 1793 ὄμματα,
3663 1721 3773 1791 τὴν

484 1825 873 1889 provocatque,
906 1834 970 1873 ac
1000 1836 1096 1890 per
1123 1835 1245 1875 eam
1297 1830 1415 1877 tuto
1441 1837 1499 1877 se
1531 1839 1642 1877 rem
1687 1837 2071 1894 aggressurum

2182 1822 2331 1894 ὑμῶν
2361 1823 2767 1876 συνεπισπᾶται
2812 1821 2909 1875 καὶ
2939 1817 3262 1891 συνεπαίρει
3297 1815 3626 1889 πρεσδείαν,
3663 1813 3772 1866 καὶ

485 1917 789 1978 exspectat.
858 1910 1164 1984 Chirurgus
1235 1913 1388 1979 item,
1445 1914 1777 1983 sectionibus
1842 1914 2074 1985 ignique

2182 1914 2243 1967 δι’
2272 1913 2448 1984 αὐτῆς
2479 1912 2542 1967 τὸ
2575 1912 2825 1983 ἀσφαλὲς
2863 1911 3387 1983 ἀποκαραδοκεῖται,
3428 1905 3525 1961 τοῦ
3572 1907 3768 1976 ἐγχει-

484 1993 864 2066 ρυιτεεοεηιίέ
907 2011 1122 2062 tentans
1175 2006 1379 2074 ulcera,
1409 2007 1590 2063 socios
1621 2022 1717 2062 vos
1741 2007 1984 2072 secandi,
2010 2022 2074 2063 ac

486 2105 596 2144 una
622 2091 956 2151 obducentes
1006 2096 1225 2165 vulnus,
1275 2099 1460 2154 arduis
1520 2099 1757 2154 maxime
1800 2098 1982 2166 rebus,
2009 2114 2074 2155 ac

485 2180 772 2253 desperata
808 2201 946 2256 pene
972 2190 1276 2257 curatione,
1304 2192 1589 2262 prospicit.

559 2273 698 2341 Quin
738 2279 901 2333 etiam
926 2321 944 2349 ,
968 2280 1061 2351 qni
1099 2284 1365 2340 adversus
1414 2285 1718 2353 reipublicae
1767 2286 1951 2341 hostes
1975 2300 2073 2354 pu-

491 2378 653 2433 gnam
679 2369 920 2439 suscepit
948 2385 1015 2426 ac
1044 2371 1336 2442 impiorum
1366 2374 1520 2430 bellis
1557 2384 1814 2441 vexatur,
1833 2384 2072 2430 vestram

484 2457 933 2517 intercessionem
957 2502 972 2529 ,
1007 2478 1170 2532 quam
1206 2479 1303 2520 ceu
1345 2465 1615 2521 instructa
1669 2465 1787 2521 acie
1817 2475 2071 2535 opponat,

484 2550 740 2618 precibus
804 2554 1059 2609 accersit.
1106 2554 1569 2623 Quemadmodum
1608 2556 1753 2612 enim
1816 2558 2076 2612 adversus

485 2642 797 2711 spiritales‘
827 2646 1037 2702 hostes
1094 2661 1159 2703 ac
1216 2646 1440 2703 morbos
1506 2648 1838 2717 corporales,
1911 2648 2076 2702 robur

482 2734 759 2802 quoddam
820 2735 1189 2805 insuperabile
1226 2738 1545 2809 accepistis;
1597 2738 1672 2792 ita
1710 2748 1767 2792 et
1814 2739 2075 2793 adversus

484 2826 785 2887 visibilium
817 2827 1053 2884 hostium
1092 2830 1501 2899 impressiones,
1527 2845 1865 2902 pugnasque,
1897 2844 1962 2885 ac
1990 2830 2074 2883 in-

484 2917 680 2985 sultus,
703 2919 1003 2989 potentiam
1026 2921 1094 2975 ab
1122 2920 1481 2990 omnipotenti
1536 2922 1759 2977 Christo
1794 2922 2073 2976 consecuti

484 3008 637 3064 estis.
697 3009 1064 3077 Quamobrem
1121 3010 1287 3065 etiam
1350 3010 1468 3082 pios
1525 3010 1906 3081 imperatores,
1967 3026 2074 3066 una

484 3115 608 3158 eum
639 3102 849 3175 populis
889 3119 953 3160 ac
1008 3103 1272 3172 urbibus,
1300 3105 1457 3161 vobis
1507 3104 1780 3174 supplices
1838 3104 2071 3160 habetis.

483 3194 605 3252 Cito
657 3196 846 3266 itaque
885 3197 1322 3253 obsecrationem
1379 3206 1729 3267 occupantes,
1785 3211 2076 3252 commune

2177 2007 2244 2077 ρή
2254 2023 2422 2076 ματος
2448 2022 2463 2037 ⁸
2505 2004 2850 2077 χειρουργῶν
2875 2020 2937 2057 τε
2966 2005 3174 2075 τομαῖς
3203 2001 3317 2074 [ῖσ.
3338 2000 3435 2056 καὶ
3476 1995 3771 2068 καύσεσι],

2174 2098 2272 2152 καὶ
2285 2097 2595 2169 σηπεδόνας
2610 2097 2957 2167 ἐξαιρεῖσθαι
2968 2093 3341 2167 πειρώμενος,
3358 2092 3776 2163 συντέμνοντας

2175 2190 2323 2260 ὑμᾶς
2354 2190 2452 2243 καὶ
2476 2188 2869 2253 συνουλοῦντας
2896 2189 2955 2240 ἐν
2986 2186 3293 2258 ἀμηχάνοις
3324 2183 3651 2257 προϐλέπει.

2257 2282 2421 2336 Ἀλλά
2441 2280 2551 2353 γὰρ
2572 2281 2669 2335 καὶ
2697 2283 2724 2335 ὁ
2754 2281 2854 2351 τὴν
2879 2279 2989 2333 τῶν
3016 2277 3292 2333 ἐναντίων
3319 2276 3501 2348 μάχην
3525 2276 3770 2347 δεξάμε-
3807 2275 3811 2278 ’

2176 2395 2289 2441 νος,
2330 2376 2429 2431 καλ⁵
2460 2379 2573 2437 τοῖς
2618 2375 2727 2428 τῶν
2756 2375 2937 2428 ἀθέων
2970 2374 3233 2443 πολέμοις
3265 2372 3631 2444 τρυχόμενος,
3658 2372 3771 2442 τὴν

2178 2467 2333 2537 ὑμῶν
2403 2467 2485 2530 εἰς
2540 2465 2980 2536 ἀντιπαράταξιν
3055 2464 3375 2518 ἐκκαλεῖται
3434 2463 3772 2535 πρεσϐείαν.

2177 2556 2389 2629 Ὥσπερ
2418 2557 2529 2627 γὰρ
2573 2557 2716 2612 κατά
2745 2557 2956 2629 νοητῶν
3000 2557 3283 2626 πολεμίων
3312 2557 3408 2610 καὶ
3436 2556 3628 2611 παθῶν
3656 2573 3773 2609 σω-

2181 2648 2430 2723 ματικῶν
2463 2648 2679 2720 ἄμαχον
2720 2648 2784 2702 τὸ
2837 2649 3041 2721 κράτος
3091 2647 3389 2714 ἐδέξασθε⁸
3444 2646 3589 2701 οὕτω
3645 2647 3775 2700 κατ’

2176 2739 2426 2805 ἐναντίας
2480 2740 2671 2810 ἐφόδου
2706 2739 2802 2795 καὶ
2834 2741 3018 2811 μάχης
3067 2738 3380 2811 ὁρωμένης,
3423 2740 3517 2792 καὶ
3547 2737 3777 2809 ἐχθρῶν

2177 2832 2558 2904 καταδρομῆς,
2588 2834 2687 2902 τὴν
2714 2832 2968 2897 ἐξουσίαν
2997 2831 3151 2903 παρὰ
3172 2831 3414 2901 Χριστοῦ
3445 2829 3540 2885 τοῦ
3568 2848 3779 2886 παντο-

2178 2923 2447 2995 κράτορος
2477 2922 2760 2994 εἰλήφατε.
2792 2922 2885 2976 Διὸ
2927 2921 3023 2976 καὶ
3051 2921 3418 2986 εύσεϐοῦντας
3446 2922 3646 2994 δήμοις
3671 2923 3776 2976 καὶ

2179 3013 2368 3068 πόλεσι
2400 3014 2668 3086 βασιλεῖς,
2713 3013 3170 3079 συνικετεύοντας
3200 3014 3376 3084 ἔχετε.
3410 3013 3772 3084 Ηροφθάνον-

2175 3123 2271 3172 τες
2314 3106 2446 3176 γοῦν
2493 3107 2666 3174 ὀξέως
2719 3107 3199 3179 παρακαλοῦντας,
3235 3107 3418 3162 κοινὸν
3477 3106 3620 3177 ῖαμα
3670 3104 3781 3176 τὴν

2177 3195 2288 3250 τῶν
2337 3196 2616 3267 πολεμίων
2665 3193 2863 3272 ἧτταν,
2907 3199 3209 3272 περιουσίῳ
3251 3198 3348 3253 καὶ
3385 3197 3779 3270 Χριστωνύμῳ

495 3288 822 3354 remedium,
845 3288 1083 3348 hostium
1105 3289 1387 3345 victoriam
1402 3290 1661 3361 peculiari
1677 3306 1740 3346 ac
1764 3288 2076 3345 Christiano

2182 3286 2297 3360 λαῷ
2325 3257 2788 3361 προμηθήσασθε.
2839 3257 3110 3357 Ιλῖεύοντες
3160 3257 3778 3363 φιλαγάθωςέκλιπαλ-

486 3380 685 3451 populo
740 3382 1044 3450 providete.
1081 3380 1324 3455 Benigne
1376 3392 1682 3441 annuentes
1741 3384 2080 3441 orationibus

490 3476 795 3546 supplicum
849 3474 980 3545 ipsis
1043 3477 1265 3546 quidem
1302 3485 1361 3531 ut
1387 3476 1614 3534 insaucii
1646 3478 1757 3534 sint
1782 3477 2076 3548 “laesique;

486 3567 816 3623 adversariis
841 3577 1024 3624 autem
1056 3566 1235 3637 fugam
1260 3569 1447 3640 petite,
1473 3585 1579 3640 qua
1613 3572 2075 3640 exterminantur;

488 3658 649 3729 gladii
674 3658 728 3713 in
758 3660 937 3715 caedes
962 3659 1195 3716 districti
1234 3660 1520 3718 obtundite
1574 3663 1747 3719 aciem
1777 3679 1793 3730 ;
1824 3665 2078 3734 blasphe-

489 3766 701 3806 morutn
736 3766 900 3806 arcus
933 3751 1558 3823 conterite;,impiorum
1613 3765 1765 3810 scuta
1813 3756 2079 3813 interces-

489 3843 661 3900 sionis
696 3843 802 3913 igni
870 3844 1209 3911 comburite;
1242 3857 1402 3900 voces
1457 3860 1522 3901 ac
1581 3846 1743 3901 verba
1796 3846 2077 3903 hominum

489 3936 598 3992 alta
645 3935 985 4007 loquentium
1029 3938 1245 4006 sistite;
1277 3939 1495 4011 linguas
1548 3940 1810 3998 adversus
1862 3942 2079 3998 Altissi-

489 4043 638 4083 mum
692 4037 871 4085 motas
920 4031 1493 4102 praepedite;piorum
1547 4031 1928 4103 gloriationem
1983 4050 2079 4091 vo-

489 4120 663 4176 calem
732 4121 1211 4196 cxaudibilemque
1265 4124 1571 4193 ostendite;
1606 4124 1815 4181 fortiori
1874 4128 2078 4183 virtute

488 4227 586 4268 eos
610 4213 700 4284 qui
726 4212 1006 4271 Christum
1030 4225 1337 4287 agnoscunt
1362 4226 1597 4283 armate;
1628 4214 1963 4272 ferventibus
1992 4233 2080 4273 as-

488 4306 770 4377 siduisque
799 4308 867 4363 ad
909 4309 1289 4365 universorum
1317 4307 1522 4379 Regem
1560 4308 2077 4378 supplicationibus,

491 4399 610 4470 pios
661 4401 1315 4472 imperatoreslvictoriis
1367 4409 1735 4468 coronantes,
1767 4401 2079 4455 communia

492 4497 734 4565 t’rophaea
758 4494 885 4551 ovili
910 4493 1114 4552 Christi
1146 4495 1410 4553 obtinetc.

560 4585 786 4643 Habetis
834 4602 957 4642 eum
985 4586 1308 4656 adjutorem,
1353 4591 1445 4661 qui
1503 4590 1641 4645 dona
1680 4590 1894 4646 abunde
1945 4607 2078 4661 praao
2112 4604 2154 4659 ι)

487 4678 618 4743 bet;
645 4679 739 4748 qui
770 4679 1158 4736 misericordiae
1202 4681 1477 4750 profundit
1513 4681 1783 4752 flumina;‘
1811 4683 1902 4754 qui
1954 4698 2081 4739 suo-

489 4785 614 4826 rum
644 4785 934 4826 munerum
984 4771 1240 4844 abyssum
1275 4775 1473 4845 aperit,
1525 4790 1590 4830 ac
1615 4776 1838 4830 haurire
1887 4775 2078 4832 volen-

490 4865 636 4922 tibus
665 4864 1045 4920 accommodat
1068 4879 1290 4934 operam
1314 4882 1328 4932 ;
1359 4869 1448 4937 qui
1472 4877 1697 4938 praestat
1725 4867 2079 4938 insuperabili

490 4958 707 5027 robore;
727 4959 819 5030 qui
838 4958 987 5016 solus
1013 4959 1248 5013 victores
1271 4956 1422 5024 facit,
1447 4957 1697 5015 Christus
1719 4978 1734 5028 ;
1754 4976 2074 5034 pacemque,

487 5055 718 5110 veritate
749 5068 964 5124 pacem,
1003 5052 1215 5108 tribuit.

562 5147 824 5217 Habetis,
855 5163 978 5204 cum
1006 5147 1207 5212 verbis,
1264 5154 1379 5202 tum
1412 5147 1575 5202 rebus
1606 5145 1762 5217 ipsis,
1804 5146 2077 5203 faventem

469 5239 778 5309 'largitoris
822 5239 1084 5304 Matrem,
1120 5252 1184 5292 ac
1213 5247 1523 5293 creatorum
1577 5237 1872 5310 Reginam;
1905 5241 2078 5296 inter-

490 5333 794 5389 cessionem
849 5330 996 5385 illam
1046 5331 1292 5385 exaudiri
1336 5331 1590 5398 facilem;
1650 5328 1939 5401 feminam,
1992 5333 2074 5387 in-

492 5439 682 5495 quam,
715 5423 792 5477 uti
826 5422 995 5493 gloria
1024 5424 1472 5494 incomparabili,
1524 5424 1595 5478 ita
1631 5434 1685 5479 et
1711 5424 2075 5494 supplicatio~

496 5529 622 5569 num
655 5513 1004 5577 efficacitate,
1051 5515 1275 5569 semotis
1315 5530 1344 5567 a
1388 5516 1619 5570 materia
1652 5517 1925 5572 mentibus
1961 5531 2078 5568 om-

491 5608 671 5672 nibus,
724 5605 929 5675 Deique
957 5603 1176 5659 famulis
1208 5605 1512 5673 przelatam,
1581 5619 1813 5675 qumque
1843 5605 1913 5659 ab
1963 5604 2078 5675 ipso

493 5696 686 5751 datore
712 5697 1006 5765 acceperit,
1049 5704 1110 5750 ut
1138 5695 1256 5763 eius
1293 5708 1487 5764 preces
1535 5709 1814 5764 nunquam
1846 5696 1901 5750 in
1953 5712 2076 5754 cas-

496 5800 616 5840 sum
644 5788 838 5841 cedant
869 5805 883 5841 :
914 5803 1011 5858 per
1061 5801 1223 5855 quam
1255 5788 1532 5840 infirmum
1564 5786 1846 5842 hominum
1878 5805 2072 5860 genus,

499 5874 565 5932 ac
608 5884 892 5949 postquam
933 5890 1061 5932 vere
1106 5875 1301 5933 bonam
1354 5872 1722 5933 valetudinem
1776 5879 2086 5951 amisisset,“

2184 3381 2423 3454 ρούντων
2447 3381 2724 3455 δεήσεσιν,
2753 3383 2941 3448 αὐτοῖς
2970 3385 3073 3456 μὲν
3111 3385 3175 3438 το
3197 3383 3443 3454 ἄτρωτον
3462 3400 3478 3415 ⁸
3498 3381 3782 3446 ἐναντίοις

2179 3473 2440 3545 suum
2460 3475 2843 3548 πανωλεθρίας
2863 3475 3227 3549 ἐξαιτήσασθε
3239 3476 3522 3547 πρόξενον.
3559 3474 3780 3543 ’Δκμάς

2182 3572 2414 3642 φονικῆς
2449 3569 2802 3642 ἀμϐλύνασθε
2836 3572 3118 3643 μαχαίρας
3143 3587 3157 3602 ⁸
3185 3571 3318 3638 τόξα
3335 3568 3780 3640 δυσφημούντων

2183 3661 2554 3734 συντρίψατε·
2595 3662 2824 3734 θυρεοὺς
2864 3662 3041 3717 ἀθέων
3076 3677 3216 3735 πυρι
3248 3661 3553 3735 πρεσϐείας
3600 3678 3781 3715 κατα-

2179 3754 2424 3810 καύσατε
2447 3770 2460 3786 ⁸
2490 3755 2676 3825 φωνὰς
2720 3756 2818 3812 καὶ
2864 3755 3060 3821 λόγους
3124 3754 3777 3828 μεγαλοῤῥημονούντων

2181 3849 2430 3904 παύσατε
2450 3865 2466 3881 ⁸
2499 3849 2753 3918 γλώσσας
2783 3848 2927 3904 κατὰ
2969 3848 3065 3903 τοῦ
3123 3848 3387 3919 Ὑψίστου
3442 3845 3781 3918 κινουμένας

2181 3941 2458 4013 πεδήσατε
2482 3958 2496 3974 ⁸
2528 3941 2693 3995 λάλον
2752 3940 2964 4007 δείξατε
3003 3941 3114 3996 τῶν
3153 3926 3531 3996 εὐσεϐούντων
3559 3940 3662 3994 καὶ
3688 3941 3779 4006 ἐξ-

2180 4034 2450 4090 άκουστον
2483 4033 2750 4105 καύχημα
2771 4050 2784 4064 ⁸
2817 4034 3053 4105 δυνάμει
3076 4034 3351 4104 κρείττονι
3374 4032 3504 4096 τοὺς
3531 4030 3779 4100 ἐπιγνώι

2185 4143 2352 4199 μονας
2383 4124 2628 4197 Χριστοῦ
2668 4125 3071 4180 καθοπλίσατε⁸
3124 4126 3434 4192 ἐντεύξεσιν
3463 4126 3586 4189 ταῖς
3639 4123 3781 4195 πρὸς

2179 4218 2275 4273 τὸν
2314 4217 2454 4271 ὅλων
2510 4216 2751 4271 Βασιλέα
2783 4218 3020 4290 θερμαῖς
3052 4219 3148 4273 καὶ
3191 4219 3500 4290 ἐπιμόνοις,
3535 4217 3785 4289 βασιλεῖς

2182 4308 2429 4372 εὐσεϐεῖς
2463 4307 2645 4371 νίκαις
2689 4306 3157 4377 καταστέψαντες,
3209 4308 3453 4380 τρόπαια
3511 4307 3678 4362 κοινά
3712 4308 3780 4377 τῇ

2180 4399 2276 4455 τοῦ
2300 4399 2540 4471 Χριστοῦ
2576 4398 2925 4472 βραδεύσατε
2956 4401 3186 4473 ποίμνῃ.

2256 4589 2454 4659 Ἔχετε
2509 4586 2906 4659 συνεργοῦντα.
2948 4587 3040 4641 τὸν
3092 4586 3190 4651 τάς
3241 4585 3519 4658 ἀφθόνους
3562 4585 3785 4657 δωρεὰς

2186 4679 2568 4750 παρεχόμενον
2589 4694 2602 4707 ⁸
2634 4678 2729 4732 τὸν
2757 4676 2848 4731 τοῦ
2885 4677 3075 4741 ἐλέους
3115 4677 3399 4746 ποταμοὺς
3424 4676 3741 4749 προχέοντα
3763 4691 3781 4707 ⁸

2182 4770 2277 4825 τὸν
2303 4771 2404 4838 τὴν
2438 4769 2678 4828 ἄϐυσσον
2711 4769 2823 4823 τῶν
2853 4768 3075 4823 οἰκείων
3118 4767 3466 4838 διανοίγοντα
3491 4767 3784 4839 χαρισμά-

2182 4880 2314 4926 των,
2344 4861 2442 4917 καί
2472 4860 2769 4916 ἀπαντλεῖν
2802 4860 3154 4931 βουλομένοις
3180 4863 3614 4933 συμπράττοντα
3635 4877 3654 4892 ⁸
3687 4861 3783 4914 τὸν

2182 4955 2396 5026 ἄμαχον
2427 4952 2490 5008 τὸ
2521 4954 2725 5025 κράτος
2755 4952 2953 5024 ἔχοντα
2976 4969 2991 4983 ⁸
3021 4952 3114 5006 τὸν
3146 4952 3309 5023 μόνον
3342 4952 3626 5006 νικοποιὸν
3649 4953 3786 5024 Χρι-

2184 5051 2330 5115 στὸν,
2363 5048 2460 5103 καὶ
2494 5047 2598 5118 τῆς
2629 5045 2801 5110 ὅντως
2826 5046 3052 5118 εἰρήνης
3083 5045 3345 5116 χορηγόν.

2256 5143 2453 5214 Ἔχετε
2500 5139 2684 5208 λόγοις
2728 5139 2824 5193 καὶ
2857 5138 3045 5210 ἔργοις
3092 5138 3302 5205 αὐτοῖς,
3334 5136 3436 5210 τὴν
3468 5136 3565 5190 τοῦ
3605 5137 3785 5208 δωροο

2160 5236 2332 5314 ,δότου
2384 5226 2617 5303 Μητέρα
2649 5231 2745 5284 καὶ
2792 5229 3050 5283 Βασιλίδα
3102 5229 3213 5283 τῶν
3265 5230 3586 5300 κτισμάτων
3639 5246 3784 5299 συμ-

2181 5329 2531 5399 πράττουσαν
2560 5341 2574 5355 ⁸
2631 5324 2730 5396 τὴν
2790 5323 3095 5394 εὐεπήκοον
3160 5322 3494 5394 πρεσϐείαν
3549 5323 3655 5389 τὴν
3718 5322 3780 5372 ἐν

2183 5420 2416 5481 ἱκεσίαις
2465 5417 2657 5488 ὥσπερ
2708 5416 2806 5470 καὶ
2854 5416 2913 5470 ἐν
2943 5413 3266 5487 ὰσυγκρίτῳ
3318 5413 3469 5486 δόξῃ,
3520 5413 3664 5467 νόων
3716 5429 3779 5466 τε

2181 5513 2399 5567 πάντων
2426 5508 2633 5575 ἀΰλων,
2663 5508 2761 5562 καὶ
2799 5506 3150 5577 θεραπόντων
3193 5506 3330 5559 Θεοῦ
3364 5505 3782 5577 προτετιμημέ-

2180 5622 2300 5676 νην,
2346 5604 2441 5657 καὶ
2494 5603 2628 5673 παρ’
2657 5599 2825 5655 αὑτοῦ
2875 5598 3134 5665 διδόντος,
3168 5599 3231 5652 τὸ
3272 5597 3384 5652 τῶν
3430 5599 3782 5667 αἰτουμένων

2179 5698 2477 5770 δεχομένην
2496 5695 2878 5767 ἀπαραίτητον
2906 5711 2919 5724 ⁸
2946 5695 3047 5766 τὴν
3069 5693 3136 5748 δι’
3156 5688 3225 5766 ἧς
3246 5693 3282 5765 ἦ
3308 5710 3369 5746 τε
3391 5692 3781 5763 ἀσθενήσασα,

2180 5791 2279 5846 καὶ
2309 5788 2409 5861 τὴν
2453 5788 2623 5852 ὅντως
2657 5786 2875 5854 εὐεξίαν
2902 5785 3278 5852 άποὸαλοῠσα,
3308 5783 3419 5838 τῶν
3462 5781 3781 5853 ἀνθρώπων

2181 5877 2505 5952 ἀνερρώσθη
2531 5878 2715 5947 φύσις,
2759 5875 2854 5932 καὶ
2889 5875 3055 5948 νομαὶ
3094 5873 3203 5932 τῶν
3238 5873 3633 5947 προσφυέντων
3668 5891 3783 5928 παν
