4060 6448
403 416 540 485 1525

1313 427 1397 489 ΙΝ
1437 429 1540 491 SS.
1585 431 1819 494 MART.
1861 433 2161 496 COSMAM
2202 432 2299 494 ΕΤ
2335 427 2771 492 DAMIANUM.

3537 420 3674 485 1526

398 529 510 586 θ’ῶν
569 531 992 604 ἐπεσχέθησαν·
1053 534 1120 588 δι’
1160 529 1227 607 ἧς
1279 539 1313 610 ἠ
1379 541 1657 608 νοσοποιδς
1736 543 1975 616 παρακοί

2092 543 2378 600 sanitatem
2408 540 2636 613 recepit,
2673 539 3099 607 morborumque
3149 534 3476 590 adnatorum
3512 534 3677 603 depa-

401 624 699 691 πέπαυται,
756 626 851 679 καὶ
897 626 1006 680 τῶν
1059 628 1314 697 ὑγιεινῶν
1364 632 1464 702 τῆς
1531 633 1782 704 ὑπακοῆς
1852 636 1985 705 ἀρε·

398 714 527 783 τῶν,
559 716 620 770 τὸ
647 718 757 770 τῶν
814 719 1066 789 γηγενῶν
1128 722 1458 779 ἐναπολσύει
1516 728 1709 794 γένος·
1748 727 1818 782 δι’
1848 723 1916 802 ἦς
1948 732 1983 802 ἡ

397 806 777 879 θανατηφόρος
806 811 1075 881 ἁμαρτία,
1106 814 1204 884 τῆς
1254 815 1360 869 τῶν
1396 818 1589 871 κακῶν
1618 820 1865 891 ἀνεκόπη
1890 839 1987 890 φο-

401 899 523 969 ρᾶς,
548 900 644 952 καὶ
671 898 1017 967 δικαιοσύνης
1043 905 1100 957 ἐν
1121 904 1429 978 ἀνθρώποις
1454 908 1781 965 ἐπλεόνασεν
1815 911 1985 981 ἀφθο-

398 989 487 1043 νία
510 1005 525 1021 ⁸
552 990 622 1044 δι’
652 986 719 1064 ἦς
745 994 778 1063 ἡ
803 994 992 1063 χρονία
1017 995 1113 1049 τοῦ
1138 995 1372 1052 Θανάτου
1400 998 1762 1055 καταλέλυται
1789 1019 1986 1074 τυρανο

396 1081 499 1144 νὶς,
538 1083 631 1135 καὶ
661 1083 756 1136 ἀπ’
784 1083 980 1149 αἰῶνος
1010 1088 1197 1157 νεκροὶ
1218 1088 1583 1157 διαλυθέντες,
1624 1093 1868 1164 κραταιᾷ
1886 1090 1985 1150 τοῦ

396 1170 457 1237 ἐξ
504 1174 677 1247 αὐτῆς
734 1175 937 1245 φύντος
983 1178 1233 1250 δυνάμει,
1286 1176 1854 1255 συνηρμολογήθησάν
1899 1203 1980 1252 τε,

395 1260 490 1313 καὶ
522 1263 656 1333 πρδς
685 1263 881 1335 ἀγήρω
907 1264 1058 1337 ζωὴν
1087 1269 1525 1342 μετεκ).ήθησαν⁶
1550 1269 1697 1343 ζωῆς
1721 1273 1823 1344 τῆς
1848 1272 1984 1329 ἀθα-

394 1352 557 1439 νάτοᾉυ
598 1355 697 1425 τὴν
737 1356 911 1427 μόνην
957 1359 1263 1416 ἀδιόδευτον
1309 1364 1732 1434 χρηματίσασαν
1781 1366 1980 1439 πύλην,

392 1441 462 1495 δι’
504 1437 571 1514 ἦς
625 1445 941 1519 ἀφθαρσίας
989 1455 1217 1521 ταμιεῖα
1274 1453 1650 1527 διηνοίγησαν,
1706 1457 1800 1511 καὶ
1852 1437 1983 1523 τοὺς

394 1530 625 1603 θνητοὺς
660 1536 965 1595 ἀθανασίαν
991 1541 1319 1598 ἐπλούτισαν
1340 1563 1352 1575 ·
1384 1544 1451 1599 δι’
1473 1540 1543 1616 ἧς
1581 1547 1705 1617 ῥοαὶ
1727 1546 1984 1620 δακρύων

396 1624 502 1677 τῶν
533 1629 899 1700 προπατόρων
950 1632 1331 1705 ἐπεσχέθησαν
1356 1649 1371 1665 ·
1423 1639 1660 1708 ποταμοὶ
1683 1638 1741 1691 δὲ
1781 1641 1979 1712 χαρᾶς,

393 1715 595 1781 αὐτούς
629 1735 711 1780 τε.
746 1720 841 1773 καὶ
893 1723 1019 1788 τοὺς
1071 1725 1299 1780 ἐκείνων
1340 1727 1409 1781 τὰ
1461 1729 1729 1801 μεγαλεῖα
1771 1731 1981 1806 ταύτης

394 1808 703 1875 συνιέντας,
728 1813 811 1875 εἰς
833 1813 1041 1879 αἰῶνας
1074 1816 1416 1888 ἀρδεύουσιν.

464 2094 537 2148 Τὸ
574 2095 686 2149 τῶν
726 2097 975 2168 ἀγγέλων
1006 2100 1391 2174 σεμνολόγημα
1412 2122 1426 2137 υ
1461 2104 1526 2159 τὸ
1569 2106 1850 2163 ἄπαυστον
1879 2110 1977 2165 αὐ-

390 2185 501 2240 τῶν
532 2187 883 2260 ἀγαλλίαμαο
912 2191 973 2245 τὸ
1004 2195 1102 2265 τῆς
1146 2193 1496 2267 ἀνθρωπίνης
1528 2197 1743 2267 φύσεως
1780 2200 1976 2272 εὐφρό-

390 2296 549 2335 συνον
574 2280 859 2354 καύχημα.
898 2284 1115 2357 Ταύτης
1147 2288 1178 2357 ἡ
1212 2289 1269 2340 ἐν
1286 2289 1466 2360 καιρῷ
1492 2289 1571 2361 τῷ
1600 2290 1974 2363 ἐπιζητοῦντι,

389 2376 485 2429 καὶ
524 2374 636 2429 τῶν
684 2378 741 2430 ἐν
774 2379 1046 2447 ἀνάγκαις
1093 2381 1366 2451 δεομένων
1403 2384 1746 2452 συνεργοῦσα
1791 2386 1973 2457 χάρη,

386 2467 487 2539 οὐχ
527 2468 660 2538 ὐμῖν
688 2473 947 2541 παρεῖναι
987 2472 1172 2543 μόνοις
1209 2473 1680 2543 ἀνακαλύπτεται,
1710 2476 1846 2531 ἀλλὰ
1875 2495 1976 2549 τη-

384 2559 626 2614 νικαῦτα
669 2559 890 2633 θερμῶς
938 2564 1394 2633 ἐπικαλουμένοις
1430 2567 1577 2637 μάλα
1622 2567 1724 2640 τὴν
1764 2570 1978 2626 οἰκείαν

387 2650 629 2705 συνιέναι
682 2652 904 2708 δίδωσιν
956 2656 1268 2727 ἐπίσκεψιν.
1342 2658 1575 2730 Ὀρῶσιν
1628 2661 1738 2732 γὰρ
1783 2663 1854 2726 ὡς
1909 2664 1977 2719 ἃν

385 2742 572 2813 ἐκείνη
618 2743 735 2816 δοίη
781 2748 1046 2818 συνορᾷν·
1078 2749 1210 2802 ποτέ
1253 2749 1354 2820 μὲν
1387 2750 1488 2822 τῆς
1530 2753 1849 2822 ἐπιμελείας
1878 2755 1975 2818 τοῦ

382 2832 690 2903 κάμνοντος
722 2838 1029 2908 φροντίζειν
1058 2836 1454 2896 διατάττουσαν
1476 2859 1490 2872 ⁵
1521 2843 1652 2897 ποτὲ
1677 2845 1755 2908 δέ,
1785 2845 1843 2898 τὸ
1874 2846 1976 2917 τῆς

381 2922 686 2996 θεραπείας
720 2925 861 2994 εἶδος
886 2932 1374 3002 διερμηνεύουσαν,
1417 2936 1512 2988 καὶ
1558 2936 1879 3009 αὐτοχειρίᾳ
1905 2940 1971 3009 τῇ

382 3012 541 3083 ὐμῶν
574 3017 637 3072 τὸ
677 3017 800 3073 ὅλον
829 3024 1269 3093 παραχωροῦσαν
1311 3024 1413 3094 τῆς
1458 3026 1693 3090 ἰάσεως·
1742 3029 1839 3081 καὶ
1875 3028 1975 3100 οὐχ

381 3105 460 3172 ὡς
510 3113 869 3177 συγκατιέναι
909 3116 1354 3188 παραιτουμένη,
1396 3117 1490 3172 καὶ
1539 3121 1697 3191 χεῖρα
1726 3123 1840 3184 τοῖς
1870 3121 1973 3176 κά-

2088 634 2299 691 scentia
2351 631 2591 689 cohibita
2622 638 2759 687 est:
2812 644 2908 702 per
2951 643 3136 701 quam,
3157 624 3380 682 morbos
3428 624 3671 681 inferens

2087 726 2455 784 inobedientia
2505 723 2762 789 cessavit,
2815 730 3202 791 terrenumque
3241 721 3536 774 humanum
3585 733 3677 789 ge-

2086 833 2211 884 nus,
2245 818 2397 874 sanis
2425 816 2750 873 obedientiae
2775 814 3065 870 virtutibus
3089 812 3296 882 potitur
3327 826 3343 866 :
3374 826 3472 882 per
3500 826 3663 880 quam

2084 910 2398 966 lethiferum
2432 919 2738 980 peccatum,
2768 922 2798 961 a
2831 907 2987 961 malis
3028 905 3400 961 convehendis
3442 904 3677 973 impedio

2089 1014 2201 1060 tum
2229 1012 2334 1067 est,
2365 1017 2429 1056 ac
2454 1001 2681 1073 justitia:
2710 1000 2866 1069 capia
2893 998 2945 1053 in
2976 997 3290 1053 hominibus
3309 997 3611 1052 abundavit
3636 1012 3650 1050 :

2084 1111 2184 1168 per
2232 1110 2397 1166 quam
2458 1104 2609 1149 vetus
2675 1091 2869 1147 mortis
2920 1090 3170 1161 tyrannis
3236 1088 3520 1160 proﬂigata
3556 1093 3667 1153 est,

2085 1188 2394 1258 mortuique
2450 1185 2698 1241 dissoluti
2735 1199 2762 1238 a
2795 1184 3018 1249 saeculo,
3047 1182 3254 1253 potenti
3276 1179 3399 1236 Filii
3420 1180 3539 1250 ejus
3562 1179 3675 1235 vir-

2086 1288 2220 1344 tute,
2260 1280 2527 1350 coaptatis
2581 1276 2863 1344 membris,
2896 1277 2962 1331 ad
3025 1275 3265 1331 nesciam
3319 1274 3458 1330 senii
3503 1273 3671 1327 vitam

2086 1371 2326 1438 fuerunt,
2361 1370 2613 1427 evocati:
2671 1386 2793 1441 qua}
2829 1367 2943 1425 sola
2978 1367 3101 1422 vita:
3137 1365 3464 1421 immortalis
3490 1374 3677 1435 porta,

2084 1480 2183 1535 per
2211 1480 2371 1534 quam
2398 1464 2658 1519 transitus
2704 1477 2808 1516 non
2865 1468 3031 1530 patet,
3086 1459 3351 1528 appellata
3414 1458 3526 1524 sit;
3574 1469 3673 1525 per

2083 1569 2245 1628 quam
2275 1554 2701 1625 incorruptionis
2730 1567 2899 1623 penus
2957 1551 3250 1621 patueriut,
3311 1559 3474 1617 atque
3524 1562 3675 1602 mor-

2088 1627 2244 1715 tale's,
2281 1647 2707 1703 immortalitatis
2738 1645 2944 1701 divitiis
2977 1642 3120 1697 aucti
3152 1642 3260 1695 sint
3288 1659 3302 1696 :
3370 1654 3465 1709 per
3506 1654 3670 1709 quam

2083 1742 2380 1813 primorunt
2436 1749 2717 1810 parentmn
2777 1736 3006 1792 ﬂuentes
3062 1734 3213 1803 copia
3286 1732 3538 1803 lacrymte
3588 1746 3674 1785 re-

2084 1848 2288 1905 pressae
2350 1832 2483 1900 sint,
2538 1832 2830 1902 gaudiique
2880 1828 3124 1893 ﬂumina,
3185 1836 3296 1880 tum
3365 1825 3510 1889 illus,
3556 1832 3672 1878 tum

2012 1902 2056 1961 Β
2082 1902 2268 1981 eorum
2296 1934 2565 1994 posteros,
2593 1924 2710 1991 ejus
2743 1920 3012 1993 magnalia
3064 1917 3452 1989 intelligentes,
3505 1929 3533 1969 ιι
3563 1930 3669 1970 sae-

2077 2017 2201 2073 culo
2243 2014 2614 2087 irrigaveriut.

2147 2109 2502 2181 Angelorum,
2563 2106 2808 2176 inquam,
2860 2100 3360 2166 honoriﬁcentiam;
3418 2098 3681 2153 incessaw

2078 2197 2240 2253 bilem
2274 2214 2458 2253 eorum
2490 2198 2869 2267 gloriationem
2897 2210 2913 2261 ;
2946 2193 3170 2249 humani
3197 2191 3416 2262 generis
3445 2190 3665 2258 plenum

2078 2291 2279 2347 lanitiar.
2326 2291 2573 2361 gloriam.
2607 2288 2736 2358 Ejus
2793 2288 2988 2359 gratia,
3050 2300 3239 2341 eorum
3270 2283 3502 2354 propitia
3544 2297 3673 2352 pro-

2078 2384 2254 2451 cibus,
2299 2383 2614 2451 favensque,
2671 2381 2763 2451 qui
2795 2381 2851 2435 in
2913 2375 3348 2441 necessitatibus,
3408 2389 3532 2430 cum
3588 2374 3667 2429 ita

2081 2485 2293 2545 tempus
2354 2475 2543 2545 exigit,
2596 2482 2778 2538 orant,
2851 2487 2956 2527 non
2988 2470 3143 2527 vobis
3209 2478 3421 2523 tantum
3471 2467 3664 2522 adesse

2078 2578 2437 2633 monstratur,
2489 2567 2585 2622 sed
2639 2575 2696 2621 et
2749 2576 2879 2620 tunc
2926 2563 3204 2620 ferventer
3251 2558 3659 2624 invocantibus,

2077 2678 2230 2716 suam
2296 2663 2411 2731 ipsa
2458 2660 2646 2731 utique
2691 2658 3083 2730 inspectionem
3135 2652 3670 2724 curamque,intol-

2079 2754 2244 2823 [igere
2297 2755 2505 2809 tribuit.
2576 2750 2774 2807 Vident
2828 2750 2998 2814 enim,
3062 2757 3224 2819 prout
3297 2746 3385 2801 illa
3442 2746 3666 2814 conspi-

2076 2863 2200 2903 cere
2230 2846 2485 2913 dederit;
2541 2845 2699 2900 modo
2728 2843 2945 2914 quidem
3002 2841 3290 2915 jubentem
3350 2846 3407 2893 ut
3430 2846 3667 2907 egroto-

2076 2956 2197 2995 rum
2222 2953 2408 2994 curam
2473 2938 2762 3003 habeatis;
2822 2936 2983 2991 modo
3013 2946 3192 2990 autem
3213 2931 3517 2988 curationis
3545 2945 3671 2985 mo-

2076 3029 2202 3085 dum
2238 3038 2616 3099 exponentem,
2645 3042 2869 3097 remque
2903 3037 3070 3083 totam
3134 3038 3391 3080 manuum
3439 3034 3663 3077 vestra-

2078 3136 2197 3176 rum
2232 3121 2496 3190 obsequio
2527 3120 2929 3191 permittentetn
2986 3136 2999 3173 :
3031 3132 3134 3173 non
3176 3116 3227 3171 id
3261 3114 3504 3185 quidem,
3537 3124 3665 3169 tan-

384 3218 611 3270 μνουσιν
639 3204 949 3275 ἐπορέγειν,
976 3206 1010 3278 ἢ
1046 3208 1193 3278 μόνῳ
1218 3210 1604 3281 προστάγματι
1625 3212 1726 3284 τὴν
1758 3210 1974 3279 εὐεξίαν

2077 3228 2238 3283 quam
2272 3211 2387 3283 ipsa
2424 3210 2794 3281 inclinationis
2826 3210 3091 3266 detrectet
3138 3208 3383 3277 modum,
3416 3220 3511 3264 aut
3546 3224 3666 3263 nta-

380 3296 651 3366 ἐνεργεῖν,
685 3297 842 3352 ταῦτ’
872 3300 1049 3355 ἐννοεῖ
1083 3302 1176 3355 καὶ
1198 3304 1663 3375 πραγματεύεται
1682 3322 1693 3337 ’
1724 3305 1839 3378 ἔχει
1867 3307 1975 3381 γὰρ

2081 3319 2210 3358 num
2268 3304 2429 3373 aegris
2476 3304 2753 3373 porrigere
2793 3301 2948 3367 nolit,
3010 3300 3195 3356 solove
3250 3308 3522 3371 praecepto
3566 3300 3666 3354 bo-

380 3387 444 3440 τὸ
468 3387 873 3460 φιλανθρώπως
893 3391 1169 3447 ἐπινεύειν
1190 3395 1285 3448 καὶ
1310 3395 1689 3465 κάμπτεσθαι,
1714 3399 1810 3451 καὶ
1829 3397 1977 3452 τοῦθ’

386 3476 529 3550 ὑπὲρ
554 3480 821 3553 γεννητὴν
845 3481 1031 3552 φύσιν,
1051 3484 1197 3555 μόνῳ
1227 3484 1305 3556 τῷ
1334 3485 1451 3554 Υἰῷ
1476 3487 1890 3559 παραχωροῦσαν.
1917 3489 1978 3544 τὸ

383 3569 485 3639 τῆς
510 3570 914 3643 εὐσπλαγχνίας
940 3574 1276 3645 ἀσύγκριτον
1297 3592 1310 3606 ·
1342 3575 1461 3630 ἀλλ’
1486 3575 1563 3641 ῶς
1608 3577 1774 3632 αὐτοῦ
1809 3578 1976 3650 θεράο

383 3677 587 3724 ποντας
618 3661 764 3733 ὑμᾶς
794 3663 1037 3735 τιμῶσα,
1067 3665 1163 3719 καὶ
1187 3664 1288 3737 τὴν
1316 3664 1407 3721 διὰ
1434 3663 1529 3721 τοῦ
1556 3665 1762 3740 ταύτην
1781 3669 1978 3724 διοικο-

382 3755 572 3823 νομείν
604 3754 771 3828 τιμὴν
804 3754 1224 3816 ἐπιϐεϐαιοῦσα.

454 4035 634 4108 Αὐτὴν
662 4031 756 4091 οῦν
781 4039 862 4102 εἰς
892 4039 1193 4110 πρεσόεἰαν
1223 4041 1452 4113 ἑτοίμην
1477 4038 1644 4099 οὖσαν
1671 4043 1970 4110 κινοῦντες,

379 4124 476 4177 καὶ
512 4126 679 4180 πᾶσιν
708 4126 949 4196 δαψιλῶς
980 4129 1042 4183 τὺ
1075 4132 1173 4201 τῆς
1203 4132 1611 4203 εὐσπλαγχνίας
1638 4134 1973 4204 ἐπιχέουσαν

379 4217 581 4285 ἔλαιον,
614 4221 712 4283 τὰς
737 4221 843 4275 τῶν
867 4221 1223 4293 ὀδυνωμένων
1254 4227 1347 4279 καὶ
1372 4224 1672 4297 θεραπείας
1697 4226 1971 4299 δεομένων

377 4309 679 4382 ἀλγηδόνας
712 4312 1025 4382 κοιμίσατε,
1054 4315 1144 4368 τόν
1165 4332 1225 4368 τε
1254 4316 1420 4370 πόθον
1451 4316 1762 4388 ἀμείψασθε
1788 4317 1883 4372 τοῦ
1910 4318 1972 4371 τὸ

380 4403 528 4474 ἰερὸν
585 4402 740 4474 ὑμῶν
772 4404 1109 4474 κοσμοῦντος
1166 4406 1417 4476 τέμενος,
1450 4407 1545 4461 καὶ
1589 4410 1647 4461 ἐν
1700 4411 1769 4480 τῇ
1815 4408 1972 4480 ὐμῶν
2023 4448 2034 4457 .

377 4497 809 4592 ἐγκαυχωμένου
845 4497 1187 4569 προστασίᾳ·
1237 4499 1332 4552 καὶ
1371 4498 1481 4553 τῶν
1528 4502 1608 4563 εἰς
1654 4499 1790 4554 Θεοῦ
1825 4501 1971 4568 δοξο-
2002 4536 2046 4592 D

374 4585 585 4654 λογίαν.
618 4587 715 4641 καὶ
751 4587 854 4657 τῆς
898 4588 1031 4659 παρ’
1079 4587 1247 4642 αὐτοῦ
1284 4588 1579 4659 δεδομένης
1612 4590 1743 4661 ὑμῖν
1789 4608 1971 4647 συνει-

374 4676 660 4746 λεγμένων
681 4680 759 4742 εἰς
782 4680 1065 4750 εὐφημίαν
1090 4680 1338 4751 χάριτος,
1368 4680 1470 4746 τὰς
1504 4682 1799 4747 διαπαντὸς
1823 4684 1964 4757 πλη-

380 4766 593 4840 ρώσατε
616 4768 850 4840 δεήσεις.
869 4772 1079 4825 Λάϐετε
1102 4773 1396 4843 σύμφωνον
1416 4774 1444 4825 ὑ
1454 4776 1544 4845 μῖν
1572 4775 1966 4844 προτείνουσαν

374 4860 697 4931 πρεσϐείαν,
722 4865 803 4927 εἰς
822 4881 882 4916 τε
905 4864 997 4917 τὸν
1016 4865 1075 4932 ἐξ
1095 4866 1265 4936 αὐτῆς
1285 4868 1709 4937 σεσαρκωμὲνον
1735 4869 1963 4942 Κύριον,

374 4954 470 5005 καὶ
507 4955 809 5023 μητρόθεον
840 4955 1049 5025 ταύτης
1085 4958 1519 5031 μεγαλειότητα,
1566 4960 1781 5031 μητέρα
1827 4979 1963 5034 γνη-

375 5046 519 5108 σίαν,
551 5047 970 5117 φιλανθρωπίαν
1018 5051 1438 5121 ἐκμιμουμένην
1470 5051 1713 5105 τέκνων⁸
1752 5055 1844 5125 ἢν,
1886 5055 1964 5120 ὡς

371 5138 607 5208 γάλακτι
630 5138 932 5210 θρέψασαν,
954 5140 1097 5195 οὕτω
1119 5145 1215 5196 καὶ
1234 5141 1466 5214 πράξεσι
1497 5144 1704 5208 ἐνθέοις
1722 5146 1965 5201 τελειοῦ-

376 5246 478 5282 σαν
525 5229 952 5301 ὲκληρὼσασθε’
985 5233 1070 5302 ἢν.
1112 5231 1189 5295 ὡς
1238 5236 1337 5303 τῆς
1390 5233 1628 5301 φύσεως,
1680 5234 1823 5289 οὕτω
1866 5238 1965 5290 καὶ

374 5322 492 5393 βίου
513 5319 900 5392 όμογνὼμονος
928 5323 1273 5394 ηὐτυχήσατε
1297 5324 1490 5396 χρῆμα
1508 5342 1522 5357 ο
1548 5326 1616 5380 δι’
1638 5322 1728 5400 ἦς,
1761 5316 1960 5398 όρατοῦ

369 5430 429 5467 τε
462 5413 581 5486 ἅμα
612 5414 706 5467 καὶ
737 5413 931 5485 νοητοῦ
977 5415 1153 5481 φωτὸς
1201 5416 1421 5469 ἀκτῖσιν
1469 5419 1919 5493 περιελάμφθητε
1942 5437 1958 5455 ο

369 5506 668 5575 Θεοδότην,
722 5507 823 5578 τὴν
871 5505 1102 5578 δώρημα
1160 5507 1261 5578 μὲν
1312 5508 1456 5563 θεῖον
1510 5514 1957 5584 χρηματίσασαν,

366 5596 534 5649 δεκτὰ
589 5595 645 5649 δέ
689 5595 860 5668 δῶρα,
907 5597 1009 5660 τάς
1053 5615 1112 5650 τε
1140 5598 1348 5662 οἰκείας
1389 5600 1612 5671 ἀρετὰς,
1665 5603 1760 5656 καὶ
1812 5606 1958 5673 ὑμᾶς

365 5687 490 5757 Θεῷ
544 5691 1051 5761 καρποφορήσασαν
1075 5707 1087 5719 ·
1117 5690 1342 5761 ταύτην,
1375 5690 1566 5763 ὥσπερ
1593 5693 1703 5747 τῶν
1734 5696 1957 5764 ἀγαθῶν

364 5778 571 5850 ἔργων,
598 5775 743 5830 οὕτω
766 5778 987 5833 καὶτῶν
1016 5779 1277 5852 χαρίτων,
1303 5781 1397 5835 καὶ
1421 5782 1523 5853 τῆς
1552 5784 1687 5855 πρὸς
1712 5784 1805 5839 τὸν
1824 5784 1957 5840 Kri-

368 5886 505 5942 στην
547 5871 883 5942 παρρησίας,
919 5877 1174 5931 κοινωνὸν
1204 5875 1508 5946 εἰληφότες.
1546 5877 1638 5931 Διὸ
1688 5881 1778 5935 καὶ
1816 5880 1952 5953 πρὸς

2083 3412 2205 3450 nam
2250 3395 2613 3450 valetudinem
2654 3402 2847 3449 renuat
2875 3394 3114 3461 operari,
3179 3393 3400 3447 molitur
3457 3393 3558 3447 ista
3587 3406 3656 3445 ac

2080 3489 2376 3557 excogitat,
2412 3486 2659 3558 (quippe
2709 3487 2871 3541 habet
2904 3493 2962 3539 ut
3038 3486 3375 3557 benignitate
3435 3494 3685 3552 annuat,.

2076 3595 2141 3636 ac
2170 3579 2446 3645 ﬂectatur,
2495 3576 2657 3648 idque
2721 3592 2882 3647 supra
2916 3585 3159 3633 creatum
3188 3592 3368 3642 omne,
3446 3588 3506 3630 ut
3568 3578 3665 3630 uni

2078 3674 2346 3729 duntaxat
2375 3672 2516 3729 Filio
2578 3671 3023 3739 incomparabilis
3089 3671 3479 3725 misericordia:
3531 3685 3668 3739 pra!-

2080 3769 2380 3837 rogativam
2434 3769 2699 3823 concedat
2734 3785 2749 3823 :
2788 3765 2931 3835 )sed
2961 3774 3022 3818 ut
3061 3764 3211 3819 vobis
3261 3761 3377 3831 ejus
3444 3763 3663 3819 famulis

2078 3862 2341 3917 honorem
2375 3861 2594 3925 habeat,
2651 3875 2718 3915 ac
2764 3872 2929 3929 quam
2969 3856 3343 3926 dispensanda
3388 3855 3667 3928 ejusmodi

2076 3948 2389 4004 valetudine
2435 3947 2665 4015 gloriam
2707 3946 2991 4010 obtinetis,
3032 3944 3339 4001 coulirmet.

2148 4039 2286 4093 Eam
2352 4039 2558 4109 itaque,
2601 4053 2724 4110 quae
2782 4045 3029 4109 prompta
3084 4038 3156 4092 sit
3185 4039 3252 4091 ad
3308 4032 3663 4093 intercessio-

2079 4145 2224 4197 nem,
2260 4143 2325 4184 ac
2356 4130 2627 4185 universis
2667 4130 3055 4186 misericordia:
3111 4128 3294 4185 oleum
3344 4131 3559 4185 abunde
3582 4132 3665 4185 af-

2077 4223 2284 4289 fundat,
2366 4230 2745 4293 provocantes,
2799 4230 3124 4291 aegrotorum
3175 4219 3413 4287 dolores,
3460 4234 3524 4275 ac
3563 4234 3665 4275 cu-

2077 4315 2292 4369 ratione
2326 4312 2629 4382 egentium,
2690 4313 2898 4377 sedate,
2932 4311 3160 4382 ejusque
3220 4309 3498 4367 desiderio
3529 4326 3664 4366 cou-

2075 4420 2266 4476 gruam
2308 4403 2590 4471 rependite
2642 4401 2839 4466 vicem,
2870 4402 2964 4472 qui
3013 4415 3229 4455 sacrum
3283 4401 3385 4456 hoc
3415 4409 3662 4457 vestrum

2076 4495 2363 4551 delubrum
2402 4509 2627 4562 ornans,
2684 4495 2739 4549 in
2773 4504 2950 4549 vestra
2982 4495 3249 4566 gloriatur
3300 4495 3661 4564 protectionc:

2079 4602 2316 4643 necnon
2354 4603 2566 4652 eorum,
2602 4587 2692 4656 qui
2747 4586 2814 4640 ad
2869 4586 2963 4643 Dei
3017 4586 3252 4653 laudem,
3315 4586 3552 4656 donique
3590 4589 3662 4641 ab

2073 4696 2139 4736 eo
2201 4680 2358 4735 vobis
2416 4680 2660 4736 concessi
2734 4679 3179 4745 celebrationem,
3267 4691 3667 4743 convenerunt,

2071 4788 2285 4843 Semper
2311 4773 2590 4828 orationes
2640 4772 2877 4841 implete.
2930 4771 3155 4827 llabetis
3209 4774 3479 4828 sinceram
3532 4789 3661 4828 ma-

2071 4878 2234 4931 trem,
2285 4880 2406 4935 quze
2459 4866 2749 4920 charorum
2782 4864 3068 4933 pignorum
3100 4864 3387 4928 imitatrix,
3460 4880 3659 4920 conso-

2069 4974 2196 5014 nam
2237 4956 2391 5012 vobis
2446 4955 2908 5026 deprecationem.
2969 4955 3036 5010 ad
3096 4954 3385 5011 Dominum
3425 4969 3493 5011 ex
3545 4957 3661 5025 ipsa

2068 5050 2435 5115 incarnatum,
2518 5048 2746 5118 ejusque
2803 5045 2896 5100 Dei
2960 5046 3244 5117 genitricis
3291 5045 3657 5114 majestatem,

2067 5138 2259 5196 oli‘erat
2289 5158 2304 5195 :
2336 5155 2497 5209 quam
2526 5140 2603 5194 uti
2642 5140 2782 5194 lacte
2831 5138 3123 5202 nutricem,
3190 5138 3263 5193 ita
3296 5138 3494 5193 divinis
3523 5154 3661 5211 quo.

2066 5247 2170 5304 que
2250 5231 2565 5289 actionibus
2644 5231 3182 5295 consummatriccm,
3234 5231 3412 5286 sortiti
3473 5234 3654 5300 estis;
3736 5251 3745 5257 ’

2064 5338 2227 5394 quam
2261 5325 2336 5378 uti
2364 5334 2591 5391 natura),
2644 5323 2716 5377 ita
2753 5331 2808 5377 et
2829 5321 3115 5378 concordis
3139 5322 3263 5377 vitae
3286 5322 3652 5380 substantiam

2063 5416 2332 5472 habuistis
2357 5431 2376 5484 ;
2401 5415 2552 5484 cujus
2579 5428 2767 5483 opera,
2807 5413 3041 5493 visibilis
3076 5414 3280 5483 pariter
3305 5402 3654 5485 ac'spiritalis

2063 5511 2284 5568 luminis
2327 5512 2517 5577 radiis,
2577 5511 2829 5567 illustrati
2884 5510 3106 5581 fuistis;
3136 5508 3470 5567 Theodotum
3502 5515 3652 5573 scili-

2061 5616 2168 5672 cet,
2201 5606 2440 5661 divinutn
2475 5615 2843 5675 nuncupatam
2875 5618 3095 5671 munus,
3118 5619 3238 5673 quae
3263 5594 3670 5676 nihilominus,

2060 5712 2183 5752 cum
2224 5713 2351 5753 suas
2399 5699 2514 5766 ipsa
2566 5699 2815 5762 virtutes,
2847 5708 2959 5752 tum
2992 5712 3091 5752 vos
3122 5708 3346 5768 accepta
3383 5699 3496 5754 Deo
3526 5718 3648 5756 mu-

2059 5804 2193 5846 nera
2243 5790 2533 5858 obtulerit;
2580 5806 2724 5858 eam,
2762 5791 2838 5846 uti
2874 5791 3141 5849 bonorum
3192 5772 3444 5861 operum,
3476 5794 3550 5849 ita
3593 5805 3648 5851 et

2061 5885 2351 5954 donorum,
2388 5884 2644 5957 illiusque
2666 5886 2735 5944 ad
2768 5885 2934 5943 Deum
2979 5877 3254 5946 auctorem
3282 5885 3516 5957 ﬁducix,
3550 5905 3642 5946 so-
