4060 6440
417 392 555 466 1527

1341 388 1662 450 GEORGII
1700 377 2299 450 NICOMEDIENSIS
2336 373 2728 438 IDIOMELA.

3564 365 3709 433 1528

413 509 554 560 ciam
601 504 799 574 adepti.
862 500 1225 572 Quamobrem
1287 506 1449 557 etiam
1495 505 1559 558 ad
1605 503 1751 557 illum
1822 504 1993 572 ipsum

2124 493 2262 548 ιύτὺν
2313 493 2523 546 ἐκεῖνον
2558 491 2649 544 τὸν
2680 492 2884 562 δοτῆρα
2937 504 3044 544 των
3095 487 3300 556 καλῶν,
3346 488 3446 542 καὶ
3479 487 3709 543 πάντων

415 599 682 652 honorum
715 597 1055 668 largitorem,
1085 604 1472 666 auctoremque
1521 595 1796 652 Christum
1826 593 1996 649 Deum

417 699 688 755 nostrum,
719 705 825 743 una
855 691 1261 759 deprecantem,
1310 699 1674 753 assumentes,
1723 687 1997 742 orantium

417 783 710 852 petitiones
741 781 978 852 implete.
1031 781 1242 851 Quippe
1275 781 1392 851 ipse
1416 790 1500 836 est
1538 781 1629 850 qui
1661 780 1902 850 impleat,
1937 794 2002 836 ac

409 870 696 943 plenitudo
719 874 834 944 ipsa
867 873 1324 944 repromissorum
1351 872 1762 937 beneﬁciorum,
1791 887 2004 928 eorum-

416 981 521 1034 que
562 967 910 1036 dispensator
939 982 1002 1020 ac
1032 965 1290 1032 prmbitor
1313 1006 1326 1030 ,
1363 965 1566 1034 quique
1605 967 1828 1019 uberem
1875 963 1998 1019 illo-

417 1075 537 1113 rum
577 1059 856 1114 custodiat
918 1060 1167 1130 pariter,
1231 1059 1643 1128 pra-tendatque
1693 1057 2002 1112 communi-

419 1151 717 1205 cationem.
752 1151 922 1218 Quem
955 1151 1111 1205 decet
1145 1152 1341 1216 honor,
1375 1158 1427 1204 et
1455 1150 1623 1220 gloria
1651 1149 1896 1220 lausque,
1937 1163 2002 1204 ac

417 1241 718 1310 gratiarum
783 1241 957 1305 actio,
1018 1255 1138 1296 cum
1194 1239 1353 1295 Patre
1415 1250 1715 1310 sanctoque
1762 1253 1825 1294 ac
1864 1239 2003 1294 vivi-

419 1333 520 1387 tico
553 1333 786 1403 Spiritu,
828 1348 972 1388 nunc
1006 1341 1060 1388 et
1097 1347 1337 1402 semper,
1366 1343 1420 1389 et
1445 1333 1499 1387 in
1532 1333 1728 1388 saecula
1761 1332 2001 1388 saeculo-

417 1442 561 1480 rum.
592 1427 786 1482 Amen.

2097 583 2267 637 αἴτιον
2301 580 2409 634 τῶν
2436 579 2659 650 ἀγαθῶν
2702 580 2943 652 Χριστὸν
2989 579 3082 633 τὸν
3115 578 3250 633 Θεὸν
3280 579 3440 650 ήμῶν
3467 581 3553 643 εἰς
3583 581 3704 632 ἰκε-

2099 674 2223 729 σίαν
2256 671 2684 744 παρειληφότες,
2713 671 2813 734 τὰς
2845 671 2958 725 τῶν
2992 669 3335 740 αἰτουμένων
3366 667 3707 740 πληρώσατε

2097 767 2331 836 δεήσεις.
2386 765 2561 827 Αὐτὸς
2612 762 2723 834 γάρ
2773 763 3077 835 πληρωτὴς
3128 762 3247 815 ἐστι
3276 761 3375 815 καὶ
3421 762 3708 833 πλήρωμα

2101 855 2210 910 τῶν
2235 858 2295 910 ὲν
2334 853 2694 922 ἐπαγγελίαις
2733 851 3102 922 εὐεργεσιῶν·
3144 851 3350 922 ταμίας
3395 867 3458 903 τε
3492 851 3709 905 τούτων

2108 948 2205 1001 καὶ
2233 947 2494 1019 πάροχος,
2524 946 2620 1001 καὶ
2650 946 2750 1018 τὴν
2783 945 2962 999 αὐτῶν
3002 944 3236 1014 ἄφθονον
3267 944 3363 997 καὶ
3411 942 3710 1012 φυλάττων

2109 1041 2205 1094 καὶ
2229 1042 2645 1113 προτεινόμενος
2678 1038 2966 1110 μετάδοσιν
2988 1054 3002 1070 ·
3030 1037 3124 1091 καὶ
3154 1035 3302 1106 αὐτῷ
3328 1035 3535 1108 πρέπει
3564 1034 3709 1105 τιμὴ

2109 1133 2204 1188 καὶ
2227 1131 2356 1197 δόξα
2389 1131 2487 1185 καὶ
2528 1125 2676 1194 αἶνος
2714 1131 2810 1184 καὶ
2847 1128 3195 1200 εὐχαριστία,
3235 1130 3335 1182 σὺν
3396 1127 3476 1197 τῷ
3524 1126 3714 1197 Πατρὶ

2108 1224 2204 1279 καὶ
2246 1223 2325 1295 τῷ
2353 1224 2495 1294 ἁγίῳ
2535 1224 2629 1278 καὶ
2664 1222 2923 1293 ζωοποιῷ
2976 1221 3282 1293 Πνεύματι,
3323 1219 3419 1274 νῦν
3463 1218 3564 1274 καὶ
3592 1218 3714 1283 ἀεὶ,

2109 1317 2205 1371 καὶ
2235 1317 2316 1380 εἰς
2347 1318 2474 1382 τοὺς
2509 1317 2714 1381 αἰῶνας
2735 1316 2842 1370 τῶν
2876 1314 3108 1372 αἰώνων.
3149 1315 3344 1386 Ἀμήν.

1128 1676 1676 1862 ΕμυεοΕΜ
1754 1631 2016 1773 GEOI

2124 1683 2254 1774 :II
2340 1687 2980 1862 IDIOMELR.

1228 1850 1242 1863 .
2863 1823 2942 1880 A’.

601 1903 666 1958 In
696 1905 1047 1960 sanctissima:
1075 1903 1172 1959 Dei
1213 1902 1495 1960 Genitricis
1524 1905 1842 1978 ingressum:
1903 1895 1925 1937 ’-

491 2016 737 2072 Exsultet
765 2017 924 2072 hodie
951 2016 1148 2072 coelum
1176 2017 1430 2088 desuper,
1451 2029 1508 2072 et
1541 2018 1714 2074 nubes
1743 2028 2007 2090 spargant

414 2109 709 2179 iustitiam,
740 2125 841 2179 pro
871 2109 962 2164 Dei
989 2108 1162 2164 nostri
1191 2109 1344 2163 novis
1367 2109 1630 2175 maxime,
1659 2110 2005 2180 insolitisque

419 2203 739 2273 magnaliis.
762 2202 903 2257 Ecce
935 2203 1084 2256 enim
1113 2209 1270 2270 porta
1297 2202 1363 2255 ad
1387 2203 1655 2260 orientem
1678 2202 2000 2272 respiciens,

419 2311 488 2350 ex
537 2294 834 2351 infecundo
879 2295 1084 2350 sterilis
1136 2303 1294 2350 utero
1329 2309 1393 2349 ex
1435 2294 1796 2366 promissione
1845 2306 2006 2365 partu

421 2388 590 2451 edita,
632 2387 853 2456 Deoque
882 2387 936 2442 in
971 2385 1338 2441 habitaculum
1374 2396 1693 2442 consecrata
1717 2427 1732 2453 ,
1773 2387 1828 2443 in
1863 2397 2008 2444 tem-

423 2479 511 2549 plo
567 2480 727 2534 hodie
787 2477 1153 2532 immaculata:
1224 2479 1398 2533 instar
1449 2479 1687 2535 victima!
1753 2479 2004 2536 offertur.

423 2571 696 2636 (Exsultet
759 2569 926 2624 David
995 2570 1217 2638 pulsans
1292 2569 1560 2625 citharam
1615 2587 1627 2623 :
1676 2570 2006 2640 A/ferenrur,

424 2660 622 2729 inquit,
676 2657 806 2729 Regi
835 2658 1056 2728 virgines
1082 2670 1194 2728 post
1233 2675 1375 2726 eam,
1425 2659 1681 2728 proximw
1709 2658 1825 2728 ejus
1875 2661 2009 2729 affe~

424 2759 610 2804 rentur
645 2749 666 2780 ³
693 2747 734 2820 :)
771 2751 824 2802 in
885 2748 984 2803 Dei
1022 2749 1398 2812 tabernaculo,
1443 2748 1498 2802 in
1523 2748 1641 2819 ejus
1668 2748 1788 2804 loco
1825 2751 2012 2820 propi-

425 2841 667 2908 tiatorii;
706 2840 841 2894 utin
872 2839 993 2910 ejus
1022 2839 1359 2896 domicilium
1407 2841 1692 2908 educetur,
1739 2842 1831 2911 qui
1885 2851 2012 2896 ante

429 2935 629 2990 saecula
661 2948 726 2989 ex
759 2931 926 2986 Patre
958 2931 1100 2986 nulla
1152 2931 1392 2988 ﬂuxione
1423 2941 1581 2988 natus
1612 2941 1732 2998 est;
1767 2931 1823 2987 in
1868 2933 2014 2989 salu-

434 3037 562 3084 tem,
580 3027 887 3081 animorum
922 3033 1260 3082 nostrorum.
1646 3019 1650 3025 ’

501 3202 672 3260 Hodie
693 3203 787 3258 Dei
811 3216 983 3274 capax
1010 3199 1291 3271 templum.
1322 3199 1416 3255 Dei
1447 3199 1696 3257 Genitrix
1718 3201 1771 3256 in
1797 3199 2012 3256 Domini

429 3298 640 3367 templo
664 3296 922 3360 oﬂ‘ertur,
946 3309 1177 3364 eamque
1201 3293 1497 3349 Zacharias
1526 3293 1777 3363 suscipit.
1818 3292 2014 3348 Exsul-

431 3398 549 3444 tant
576 3387 740 3444 hodie
771 3386 974 3442 Sancta
1003 3394 1344 3450 sanctorum,
1376 3398 1440 3437 ac
1463 3384 1782 3454 angelorum
1809 3385 2014 3440 chorus

434 3486 662 3556 mystica
715 3483 928 3538 ratione
961 3487 1312 3545 conventum,
1341 3494 1406 3534 ac
1433 3479 1572 3535 diem
1609 3478 1805 3534 festum
1855 3479 1966 3548 agit
1999 3495 2014 3532 :

432 3593 554 3633 cum
578 3577 778 3647 quibus
800 3590 898 3630 nos
929 3565 1146 3645 Quoque
1169 3573 1331 3627 hodie
1356 3572 1721 3638 celebrantes,
1748 3569 2020 3627 consertis

431 3684 555 3723 cum
579 3667 833 3723 Gabriele
856 3667 1089 3721 vocibus
1112 3664 1444 3719 clamemus:
1473 3663 1604 3730 Ave,
1624 3652 1798 3734 gratia
1825 3662 2017 3734 plena;

433 3760 693 3814 Dominus
726 3770 896 3812 tecum
928 3757 973 3821 δ,
1007 3758 1163 3825 cujus
1218 3772 1416 3827 magna
1457 3765 1542 3810 est
1575 3755 1973 3810 misericordia.

505 3852 601 3906 Eia
629 3852 797 3924 agite,
829 3850 1009 3920 papuli
1034 3863 1247 3914 omnes,
1277 3847 1496 3904 laudum
1529 3863 1650 3903 eam
1681 3847 1911 3902 canticis
1934 3861 2024 3901 ce-

433 3945 730 4004 lebremus,
767 3956 890 4010 quae
943 3937 1060 3994 sola
1104 3935 1457 3992 immaculata
1503 3947 1588 3993 eSl.
1632 3948 1836 4004 :quam
1881 3947 2024 4002 prae-

439 4039 689 4093 dixerant
729 4035 1031 4104 praphetaa,
1066 4015 1131 4087 ac
1162 4033 1298 4101 quae}
1332 4031 1384 4085 in
1431 4028 1631 4100 templo
1671 4029 1852 4084 oblata
1889 4035 1976 4082 est
2008 4043 2022 4080 :

439 4132 611 4196 illam,
643 4131 890 4198 inquam,
938 4141 1058 4196 quae
1093 4133 1222 4179 ante
1248 4124 1445 4180 saecula
1489 4121 1877 4194 prmdestinata
1909 4133 2028 4175 ma-

438 4235 542 4289 ter,
581 4222 897 4279 novissimis
931 4219 1270 4289 temporibus
1299 4217 1394 4273 Dei
1426 4215 1683 4271 Genitrix
1703 4212 1898 4268 eti‘ecta
1920 4219 2022 4268 est.

436 4318 569 4390 Ejus
608 4317 788 4382 nobis,
826 4313 1076 4378 Domine,
1106 4309 1614 4369 intercessionibus.
1639 4321 1827 4378 pacem
1852 4315 2026 4370 tuam,

441 4427 506 4466 ac
546 4425 797 4479 magnam
829 4405 1273 4462 misericordiam
1307 4402 1509 4472 prabe.

477 4595 544 4652 In
579 4605 824 4652 sanctum
890 4590 1160 4646 Joannem
1192 4589 1651 4664 Chrysoslomunt.
1694 4588 1787 4658 (l3
1822 4584 1987 4658 Nov.)
2062 4610 2106 4666 ι)

508 4709 703 4765 Aureis
735 4707 845 4762 tuis
889 4705 1257 4769 sermonibus,
1296 4701 1438 4756 haud
1463 4715 1626 4757 secus
1657 4709 1822 4771 atque
1859 4711 2028 4754 aureo

436 4811 728 4871 perornata
761 4799 986 4863 mundo,
1017 4797 1260 4852 Joannes
1287 4793 1700 4866 Chrysostome,
1736 4794 1788 4848 in
1813 4805 2030 4863 sponsa:

441 4897 535 4951 tibi
566 4907 773 4950 morem
801 4890 997 4962 gaudio
1020 4889 1222 4944 clamat
1251 4885 1518 4942 Ecclesia.
1561 4884 1786 4940 Aﬂ‘atim
1827 4898 2027 4940 aureos

441 5001 562 5045 tuos
625 4987 818 5042 latices
873 4982 1020 5048 bibi,
1064 4995 1261 5051 meque
1314 4979 1382 5033 iis
1437 4977 1807 5048 ingurgitavi;
1860 4991 2027 5032 aureo

443 5082 651 5152 fulgore
710 5078 930 5142 rutilis,
1007 5075 1336 5143 mellitisque
1392 5071 1501 5126 tuis
1552 5069 1812 5140 praeclare
1871 5069 2029 5139 aquis

445 5175 711 5246 glorians.
767 5172 848 5226 Ab
899 5170 1118 5224 actione
1172 5180 1405 5234 namque
1469 5162 1742 5236 provehor
1781 5163 1848 5218 ad
1901 5177 2036 5217 con-

441 5265 873 5336 templationem,
905 5262 992 5324 iis,
1035 5275 1172 5329 quas
1217 5259 1367 5313 lenes
1429 5253 1834 5311 admonitiones
1879 5254 2034 5308 adhi-

425 5361 577 5425 hes;
609 5357 942 5424 Christoque
975 5353 1133 5408 unior
1163 5350 1438 5420 spirituali
1487 5363 1708 5419 sponso,
1746 5362 1808 5402 ac
1836 5347 1884 5401 ei
1913 5362 2039 5402 con-

445 5467 632 5521 regno.
676 5447 1044 5516 Quamobrem
1087 5459 1186 5498 nos
1220 5458 1435 5512 quoque
1478 5445 1532 5498 in
1582 5454 1669 5497 tua
1717 5439 2031 5509 congregati

446 5542 707 5598 memoria
756 5539 1100 5594 clamamus:
1140 5534 1215 5588 Ne
1265 5551 1361 5604 pro
1413 5536 1569 5592 nobis
1625 5533 1910 5587 Dominum
1938 5533 2033 5585 de-

452 5632 656 5703 precari
703 5627 970 5702 graveris,
1017 5639 1125 5695 quo
1177 5625 1481 5680 animorum
1545 5623 1775 5679 salutem
1837 5633 2032 5676 conse-

448 5739 699 5794 quatitur.

485 5879 488 5882 .
525 5838 546 5868 ³
585 5836 730 5890 Psal.
757 5849 901 5904 κων,
947 5837 1031 5893 ιδ.
1108 5835 1129 5869 ι
1156 5834 1290 5890 Luc.
1324 5849 1362 5901 ι,
1425 5832 1479 5888 8.

2233 1915 2337 1984 Εἰς
2373 1918 2446 1973 τὰ
2476 1921 2720 1974 Εὶσόδια
2759 1919 2869 1990 τῆς
2897 1921 3225 1992 ὐπεραγίας
3259 1923 3576 1978 Θεοτόκου.

2192 2029 2570 2098 Ἀγαλλιάσθω
2621 2034 2858 2105 σήμερον
2889 2037 2917 2088 ὁ
2959 2034 3188 2103 οὐρανὸς
3220 2033 3431 2088 ἀνωθεν
3455 2050 3471 2064 ·
3503 2033 3604 2087 καὶ
3653 2036 3714 2088 αἱ

2105 2123 2331 2190 νεφέλαι
2380 2125 2720 2196 εὐφροσύνην
2759 2127 3082 2198 ρανάτωσαν
3123 2129 3219 2181 ἐπὶ
3259 2127 3330 2182 τά
3362 2126 3488 2180 λίαν
3525 2127 3718 2200 παρά-

2109 2214 2238 2282 δοξα
2274 2216 2542 2286 μεγαλεῖα
2585 2217 2679 2271 τοῦ
2713 2217 2851 2272 Θεοῦ
2889 2218 3074 2290 ήμῶν.
3115 2219 3248 2272 Ἰδοὺ
3273 2219 3385 2289 γὰρ
3420 2219 3455 2290 ή
3490 2217 3643 2289 πύλη
3679 2219 3716 2289 ἡ

2109 2307 2254 2361 κατά
2277 2308 2547 2372 ἀνατολὰς
2579 2307 2876 2380 βλέπουσα,
2924 2310 3327 2383 ἀποκυηθεῖσα,
3381 2311 3447 2364 ὲκ
3483 2311 3718 2381 στείρας

2111 2400 2386 2473 ἀκάρπου,
2425 2402 2485 2467 ἐξ
2525 2401 2886 2472 ἐπαγγελίας,
2923 2405 3021 2458 καὶ
3066 2403 3144 2474 τῷ
3173 2401 3294 2474 Θεῷ
3327 2405 3717 2475 ἀφιερωθεῖσα

2111 2495 2193 2556 εἰς
2241 2494 2588 2565 κατοίκησιν,
2645 2495 2888 2568 σήμερον
2929 2497 2989 2549 ὲν
3034 2494 3113 2566 τῷ
3159 2495 3296 2567 ναῷ,
3343 2496 3420 2558 ὡς
3471 2496 3718 2566 ἄμωμος

2113 2588 2404 2658 προσφορά
2433 2587 2792 2659 προσάγεται.
2829 2586 3204 2656 Ἀγαλλιάσθω
3231 2591 3260 2642 6
3287 2588 3455 2642 Δαὸὶδ
3484 2587 3716 2658 κρούων

2110 2678 2212 2751 τὴν
2267 2679 2532 2750 κινύραν·
2581 2680 3156 2750 Ἀπενεχθήσονται,
3201 2680 3358 2751 φησι,
3404 2679 3486 2746 τῷ
3517 2681 3680 2745 βασι
3699 2714 3718 2722 .-

2112 2772 2215 2828 λεῐ
2241 2773 2527 2842 παρθένοι
2571 2773 2767 2829 ὀπίσω
2816 2773 3046 2843 αὐτῆς·
3080 2777 3139 2828 ai
3192 2775 3470 2842 πλησίον
3515 2770 3722 2840 αὐτῆς

2113 2864 2656 2934 ἀπενεχθήσονται.
2702 2866 2790 2919 Ἐν
2810 2868 2876 2938 τῇ
2906 2869 3078 2938 σκηνῇ
3113 2866 3210 2921 τοῦ
3242 2865 3401 2930 Θεοῦ,
3431 2865 3584 2918 ἔνδον
3614 2863 3719 2917 τοῦ

2117 2955 2433 3027 ἰλαστηρίου
2473 2956 2642 3010 αὐτοῦ
2669 2973 2684 2989 ·
2719 2957 3102 3029 ἀνατραφῆναι
3149 2958 3231 3020 εἰς
3257 2955 3589 3026 κατοίκησιν
3615 2954 3719 3008 τοῦ
3815 2989 3818 2991 -

2115 3049 2224 3120 πρὸ
2249 3047 2465 3134 αἰώνων
2509 3049 2574 3101 ὲκ
2608 3048 2827 3119 Πατρὸς
2869 3045 3195 3119 ἀῤῥεύστως
3233 3045 3598 3118 γεννηθέντος
3628 3045 3717 3108 εἰς

2119 3141 2396 3214 σωτηρίαν
2425 3140 2536 3195 τῶν
2563 3140 2754 3212 ψυχῶν
2779 3143 2812 3211 ή
2823 3139 2960 3212 μῶν.

2039 3265 2083 3324 c
2188 3234 2438 3306 Σήμερον
2480 3234 2510 3286 ὁ
2547 3231 2892 3304 Θεοχώρητος
2916 3229 3061 3295 ναός.
3109 3229 3176 3284 Ἦ
3206 3228 3470 3295 Θεοτόκος
3509 3228 3570 3282 ἐν
3599 3225 3724 3298 ναῷ

2117 3326 2329 3397 Κυρίου
2373 3324 2732 3396 προσάγεται,
2770 3324 2865 3377 καὶ
2899 3323 3178 3394 Ζαχαρίας
3219 3321 3424 3393 ταύτην
3451 3322 3724 3391 ὑποδέχε-

2120 3437 2231 3473 ται.
2264 3419 2513 3489 Σήμερον
2539 3417 2608 3471 τά
2638 3417 2750 3470 τῶν
2795 3416 2970 3485 ἁγίων
3005 3416 3174 3483 ’Ἅγια
3217 3415 3581 3484 ἀγάλλονται·
3622 3414 3726 3467 καὶ

2119 3512 2148 3564 6
2177 3509 2337 3583 χορὸς
2388 3509 2498 3564 τῶν
2542 3508 2794 3579 ἀγγέλων
2842 3508 3122 3579 μυστικῶς
3155 3505 3560 3578 πανηγυρίζει·
3594 3505 3728 3575 μεθ’

2121 3596 2195 3656 ὧν
2223 3603 2318 3655 καὶ
2357 3602 2518 3673 ἡμεῖς
2557 3601 2908 3672 ἑορτάζοντες
2941 3601 3185 3672 σήμερον
3228 3599 3328 3652 σὺν
3365 3599 3440 3670 τῷ
3472 3596 3730 3668 Γαϐριὴλ

2124 3693 2288 3766 ὲκόοή
2299 3711 2484 3764 σωμεν
2510 3710 2523 3723 ·
2549 3692 2748 3762 Χαῖρε,
2780 3691 3249 3763 κεχαριτωμένη·
3275 3695 3308 3748 ὀ
3336 3692 3552 3759 Κύριος
3570 3690 3734 3759 μετὰ

2125 3786 2264 3854 σοῦ,
2303 3787 2334 3838 6
2358 3785 2498 3858 ἔχων
2532 3785 2594 3838 τδ
2634 3785 2777 3857 μέγα
2813 3784 2983 3848 ἕλεος.

2196 3880 2386 3946 Δεῦτε,
2409 3880 2612 3942 πάντες
2637 3880 2686 3934 οἱ
2702 3879 2845 3943 λαοὶ,
2867 3878 2969 3948 τὴν
3001 3877 3173 3950 μόνην
3199 3875 3509 3948 ἀμώμητον
3537 3877 3734 3942 ἐγκω-

2131 3973 2443 4042 μιάσωμεν,
2482 3970 2580 4042 τὴν
2608 3973 2674 4024 ὲκ
2703 3969 2812 4024 τῶν
2857 3971 3156 4042 προφητῶν
3201 3969 3731 4042 προκηρυχθεῖσαν,

2129 4064 2225 4117 καὶ
2267 4066 2326 4117 ὲν
2363 4063 2477 4136 ναῷ
2504 4061 2963 4134 προσενεχθεῖσαν
2987 4079 3000 4092 ·
3033 4061 3133 4133 τὴν
3189 4063 3296 4134 πρὸ
3340 4060 3559 4115 αἰώνων
3587 4077 3732 4132 προ-

2129 4157 2440 4228 ορισθεῖσαν
2488 4155 2738 4226 μητέρα,
2791 4155 2886 4210 καὶ
2927 4155 3019 4208 ἐπ”
3067 4156 3314 4225 ἐσχάτων
3350 4155 3463 4207 τῶν
3512 4153 3738 4224 χρόνων

2130 4248 2546 4319 ἀναδειχθείσαν
2575 4246 2861 4302 Θεοτόκον.
2884 4246 3081 4318 Κύριε,
3107 4245 3410 4317 πρεσϐείας
3437 4246 3614 4317 αὐτῆς
3631 4245 3738 4317 τὴν

2133 4343 2359 4414 εἰρήνην
2388 4358 2480 4394 σου
2512 4341 2799 4412 παράσχου
2835 4340 2989 4410 ἡμῖν,
3019 4340 3116 4397 καὶ
3149 4340 3209 4392 τὸ
3229 4339 3378 4410 μέγα
3409 4337 3585 4403 ἕλεος.

2883 4511 2964 4568 B’.

2305 4609 2412 4674 Εἰς
2440 4613 2547 4663 τὸν
2587 4606 2881 4674 Ἰωάννην
2917 4605 3027 4661 τὸν
3061 4606 3518 4676 Χρυσόστομον.

2201 4724 2472 4797 Χρυσέοις
2497 4722 2678 4790 λόγοις
2706 4738 2804 4774 σου
2829 4722 2864 4792 ἡ
2899 4720 3226 4792 Ἐκκλησία,
3255 4721 3330 4786 ὡς
3356 4721 3567 4793 κόσμον
3599 4740 3742 4794 χρυ-

2132 4817 2262 4872 σοῦν
2291 4815 2790 4886 περικοσμηθεϊσα,
2837 4811 3062 4882 Ἰωάννη
3098 4811 3484 4885 Χρυσόστομε,
3519 4832 3742 4884 νυμφιο

2129 4909 2242 4973 κῶς
2264 4908 2536 4980 χαίρουσα
2561 4906 2662 4977 βοᾷ
2685 4923 2767 4959 σοι
2787 4922 2800 4936 ·
2821 4904 3172 4976 Κεκόρεσμαι
3200 4908 3264 4959 ἐκ
3289 4905 3398 4959 σῶν
3419 4925 3450 4976 χ
3460 4906 3741 4978 ρυσοϐρύ-

2130 5018 2238 5054 των
2311 4999 2603 5070 ναμάτων·
2667 4997 3136 5066 καταγλαῖσθεῖσα
3195 4999 3577 5068 χρυσοφαέσι,
3639 5001 3739 5052 καὶ

2137 5091 2488 5163 μελιχρύσοις
2516 5090 2781 5161 πόμασιν.
2823 5089 2921 5144 Ἐκ
2949 5088 3204 5160 πράξεως
3229 5091 3336 5160 γὰρ
3373 5093 3454 5153 εἰς
3494 5090 3740 5162 Θεωρίαν

2132 5186 2363 5257 ἄγομαι,
2387 5181 2476 5237 διὰ
2504 5182 2613 5235 τῶν
2643 5181 2863 5252 πραέων
2896 5197 2994 5232 σου
3023 5181 3404 5250 παραινέσεων
3424 5198 3438 5210 ·
3473 5184 3570 5235 καὶ
3597 5184 3742 5253 πρὸς

2133 5277 2368 5345 Χριστὸν
2389 5276 2482 5329 τὸν
2504 5275 2695 5345 νοητὸν
2725 5273 2960 5343 νυμφίον
2981 5273 3101 5325 ἐνοῦ
3111 5291 3209 5342 μαι
3248 5291 3311 5326 συ
3322 5273 3553 5344 μεασιλε
3564 5274 3744 5330 ύουσα

2135 5369 2304 5439 αὐτῷ.
2341 5368 2430 5420 Διὸ
2462 5367 2556 5420 καὶ
2604 5367 2766 5436 ἡμεῖς
2813 5363 3302 5436 συναθροισθέντες
3337 5368 3395 5419 ἐν
3428 5369 3494 5436 τῇ
3537 5369 3737 5441 μνήμη

2140 5479 2234 5516 σου
2265 5461 2580 5530 κράζομεν·
2614 5458 2706 5530 Μὴ
2747 5457 3044 5529 ἀποκάμῃς
3093 5456 3351 5528 δεόμενος
3395 5458 3538 5530 ὑπὲρ
3575 5460 3745 5530 ήμῶν

2141 5554 2279 5627 πρὸς
2314 5553 2541 5620 Κύριον,
2571 5551 2667 5606 τοῦ
2695 5551 2934 5622 σωθῆναι
2968 5552 3068 5614 τὰς
3106 5548 3288 5620 ψυχὰς
3327 5549 3508 5624 ήμῶν.
