4084 6448
1874 365 2609 485 ELENCHUS

892 739 1398 809 aucronuu
1428 739 1549 803 ενι·
1581 737 1972 809 οιυειιιυω
2000 741 2160 825 om
2189 741 2293 809 IN
2322 742 2505 808 noc

2000 741 2160 825 QUI
2189 741 2293 809 IN
2322 742 2509 808 HOC
2537 741 2802 808 'I'OIO
2831 743 2889 807 σ
2923 743 3605 813 οοιπικειπυιι.

1853 1087 2640 1134 —--.O.———-

1489 1409 1560 1475 Β.
1604 1409 1955 1476 FLACCUS
1994 1411 2359 1485 ALBINUS,
2411 1429 2526 1476 seu
2570 1411 2980 1480 ALCUINUS.

935 1529 1210 1594 OPEIUM
1252 1547 1508 1615 OMNIUM
1537 1549 1691 1594 rans
1724 1549 1946 1593 mnu.
1975 1566 2053 1575 —
2081 1534 2411 1594 Errsronm
3131 1529 3271 1595 Col.
3434 1532 3553 1596 135

932 1628 1207 1692 OrEnUM
1250 1646 1506 1691 OMNIUM
1532 1646 1685 1689 rans
1714 1646 2021 1694 SECUNDA.
2046 1665 2123 1674 —
2156 1630 2491 1692 Oroscum
2544 1646 2922 1691 EXEGETICA.
3431 1629 3551 1694 515

926 1726 1318 1808 Opusculum
1337 1728 2278 1808 primum.—Interrogationes
2310 1734 2372 1790 et
2404 1727 2857 1807 responsiones
2885 1725 2954 1786 in
2982 1722 3290 1792 Genesin.
3372 1724 3544 1789 Ibid.

909 1827 1158 1910 Opusc.
1192 1831 1274 1891 II.
1305 1861 1384 1874 --
1417 1828 1862 1903 Enchiridion,
1900 1847 2014 1893 seu
2049 1830 2365 1910 expositio
2402 1828 2507 1907 pia
2535 1846 2607 1890 ac
2633 1828 2845 1891 brevis
2878 1826 2948 1890 in
2979 1828 3257 1907 psalmos

999 1925 1490 2008 pcenitentiales,
1521 1926 1592 1988 in
1626 1927 1951 2007 psalmum
1975 1946 2176 1991 cxvm
2208 1933 2270 1989 et
2304 1923 2662 2004 graduales.
3430 1924 3550 1986 569

924 2025 1156 2106 Opusc.
1195 2026 1307 2086 III.
1336 2060 1413 2068 —
1436 2024 1910 2104 Compendium
1939 2025 2008 2088 in
2036 2025 2368 2088 Canticum
2396 2022 2828 2084 Canticorum.
3427 2020 3547 2080 639

927 2121 1157 2201 Opusc.
1191 2123 1300 2183 IV.
1333 2157 1409 2166 -——
1431 2122 1899 2184 Commentaria
1919 2140 2112 2202 super
2140 2121 2593 2184 Ecclesiasten.
3427 2117 3547 2182 665

919 2219 1153 2301 Opusc.
1189 2221 1268 2282 V.
1298 2254 1376 2264 —
1402 2219 1969 2299 Intorpretationes
2025 2221 2365 2284 nominum
2392 2217 2873 2300 ‘Hebraicorum
2916 2213 3294 2298 progenito-

1003 2339 1148 2384 rum
1174 2320 1435 2382 Domini
1465 2321 1668 2382 nostri
1697 2321 1853 2383 Jesu
1882 2320 2148 2382 Christi.
3422 2317 3544 2379 723

921 2418 1152 2501 Opusc.
1183 2420 1293 2481 VI.
1325 2453 1402 2463 -—
1435 2417 1907 2481 Commentaria
1939 2420 2006 2480 in
2037 2418 2241 2486 sancti
2271 2419 2536 2482 Joannis
2562 2416 3008 2496 Evangelium.
3415 2418 3535 2480 ’133

923 2517 1154 2598 Opusc.
1185 2516 1325 2580 VII.
1348 2550 1424 2560 —
1458 2518 1787 2578 Tractatus
1818 2533 2012 2596 super
2039 2522 2170 2579 tres
2219 2518 2424 2580 sancti
2457 2516 2639 2580 Pauli
2663 2517 2743 2579 ad
2771 2517 3008 2590 Titum,
3042 2515 3120 2579 ad
3149 2516 3310 2578 Phi-

995 2616 1317 2680 lemonem
1350 2620 1411 2677 et
1440 2615 1518 2676 ad
1546 2615 1851 2678 Hebraeos
1880 2615 2229 2694 Epistolas.
3386 2615 3542 2678 1007

913 2713 1384 2776 Commentatio
1414 2713 1628 2776 brevis
1657 2713 1728 2775 in
1756 2714 2064 2793 quasdam
2095 2713 2300 2776 sancti
2320 2713 2502 2777 Pauli
2525 2713 2899 2777 sententias.
3383 2714 3537 2773 1083

916 2812 1536 2882 Commentariorum
1571 2812 1640 2874 in
1671 2812 2099 2898 Apocalypsin
2130 2813 2280 2882 libri
2310 2814 2625 2895 quinque.
3377 2811 3532 2880 1085

2021 3875 2056 3926 Κ

2574 5501 3724 5588 mm

449 6409 676 6448 _._
995 6415 1006 6420 _
1083 6413 1160 6422 ___
1207 6415 1314 6428 __.
