4078 6324
572 362 628 417 η
1649 359 1709 414 n.
1749 356 1813 414 ιτ.
1853 320 2723 420 ALBINUsSIz‘U‘ALeumus.
3765 356 3851 420 is

566 479 669 533 sita
691 482 745 530 et
763 480 999 545 exparte
1021 474 1264 546 ignorata
1293 476 1362 531 ab
1382 474 1638 539 eruditis;
1663 488 1891 543 quorum
1908 472 2149 531 omnium
2173 475 2227 537 Δ
2250 466 2311 529 Β.
2348 473 2560 531 Alcuini
2609 484 2829 546 parata,
2877 474 3011 532 mihi
3046 475 3283 541 cederet,
3330 473 3558 546 nomine
3599 471 3842 546 ejusdem

566 548 803 604 rationes
850 546 962 601 suis
994 546 1125 602 locis
1170 546 1529 617 proferentur.
1570 546 1785 617 Manum
1824 561 1953 617 ergo
1996 546 2149 616 operi

565 619 857 688 admovere
895 619 1054 687 cupi,
1086 616 1196 673 non
1238 633 1304 673 eo
1346 617 1562 688 quidem
1594 616 1820 671 consilio
1848 616 1907 672 ut
1936 625 2151 688 egomet

565 704 760 746 novam
808 684 1018 743 illorum
1063 704 1287 759 operum
1334 684 1623 759 editionem
1666 684 2019 759 susciperem,
2048 684 2150 759 sed

564 768 627 817 ut
654 775 872 815 manum
898 758 1291 814 auxiliatricem
1314 758 1668 829 porrigerem,
1696 759 1739 811 si
1770 758 1856 813 vir
1881 758 2150 829 quispiam

564 847 631 887 eo
660 837 923 899 apparatu
964 830 1300 892 eruditionis,
1318 827 1553 899 'quome
1576 827 2151 899 destitutum—agnove-

566 918 704 1026 ἔδω,
734 902 1029 1025 instructus
1052 900 1178 954 huic
1211 914 1268 955 se
1294 898 1468 953 labori
1493 899 1637 953 serio
1667 900 1883 954 tandem
1905 898 2149 955 cdmmo-

605 987 698 1026 are
726 986 791 1026 ve
831 979 906 1025 et.
2062 1004 2079 1022 .

605 987 698 1028 are
726 979 906 1026 vehet.
2062 1004 2079 1022 ο

636 1042 700 1096 ν.
720 1042 1122 1111 Peropportune
1148 1053 1275 1111 vero
1298 1039 1495 1111 accidit
1514 1039 1655 1108 quod
1667 1055 1711 1111 ia
1736 1040 1803 1094 cl.
1829 1040 1892 1094 D.
1916 1038 2152 1111 Oliverio

564 1109 1195 1183 Legiponte'nionasterii
1216 1114 1388 1166 sancti
1416 1110 1628 1165 Martini
1652 1110 1884 1183 colonia;
1908 1109 2155 1183 Agrippi-

565 1128 859 1183 Legtponte
883 1128 1195 1165 monaswrn
1216 1128 1388 1166 sancu
1416 1128 1628 1165 marum
1652 1128 1884 1165 comma:
1908 1128 2073 1181 agrip
2112 1128 2155 1164 l-

565 1200 650 1239 nae
666 1184 728 1238 Ο.
753 1183 810 1237 S.
832 1183 890 1235 Β.
907 1188 1085 1236 asceta
1101 1182 1431 1241 doctissimo,
1462 1192 1644 1251 atque,
1671 1181 1794 1235 dum
1823 1181 2047 1245 viveret,
2074 1128 2156 1236 lli.-

566 1255 767 1309 teraria
796 1252 1183 1307 consuetudine
1205 1251 1797 1321 mihiconjunctissimo
1824 1266 1922 1322 per
1948 1251 2155 1307 litteras

564 1325 789 1379 edoctus
827 1322 1041 1387 fuerim,
1094 1323 1267 1376 virum
1318 1323 1470 1377 varia
1521 1322 1823 1377 eruditione
1870 1322 2153 1392 prmditum

565 1395 1006 1463 D.lldephonsum
1023 1392 1284 1447 Catelinot
1306 1393 1663 1448 Benedictinaa
1680 1408 1930 1463 congrcg.
1948 1403 2157 1447 sancto-

562 1482 682 1521 rum
707 1462 885 1519 Vitoni
907 1474 958 1519 et
986 1463 1254 1534 Hydulphi
1282 1463 1349 1518 ad
1380 1473 1625 1534 sanctum
1658 1462 1969 1518 Michaelem
1995 1479 2157 1534 supra

564 1536 770 1591 Mosam
799 1533 1095 1599 alumnum,
1125 1533 1327 1588 dudum
1356 1535 1485 1589 huic
1518 1533 1692 1588 labori
1725 1550 1941 1588 manum
1972 1533 2159 1589 admo-

564 1607 728 1670 visse,
764 1604 984 1676 jamque
1028 1605 1212 1676 omnia
1238 1606 1384 1660 beati
1408 1604 1619 1659 Alcuini
1651 1619 1815 1676 opera
1840 1605 2048 1661 duobus
2078 1612 2162 1659 to-

566 1674 959 1757 misdistincta‘
962 1674 1120 1757 prelo
1132 1685 1319 1757 parata
1341 1676 1543 1757 habere
1567 1692 1579 1728 :
1609 1675 1751 1756 quod
1772 1676 1948 1757 ipsum
1972 1683 2157 1757 postea

565 1764 633 1805 ex
669 1748 896 1803 illustris
923 1745 1148 1801 Caimeti
1191 1746 1416 1815 historia
1457 1745 1739 1815 litterariar
1772 1745 2155 1815 Lotbaringize,

563 1828 728 1889 atque
769 1834 835 1873 ex
872 1816 1008 1889 Hist.
1062 1815 1167 1870 Lit.
1216 1810 1482 1889 Francitei
1516 1824 1647 1889 tom;
1698 1810 2154 1889 Vlil_A\'ertiss.,

564 1886 689 1961 pag.
713 1905 768 1953 ι,
802 1888 1041 1961 amplius
1067 1888 1351 1961 et_certius
1378 1886 1751 1961 didici.__liunc
1774 1886 1939 1956 igitur
1962 1887 2159 1961 doctis-

567 1955 763 2016 simum
794 1955 970 2013 virnm
1014 1959 1075 2012 D.
1107 1956 1378 2013 Catelinot
1419 1962 1515 2028 per
1558 1955 1770 2028 litteras
1805 1955 2060 2023 conveni,
2088 1957 2196 2014 ei-'

567 2031 689 2086 dem
739 2046 915 2084 meam
962 2043 1182 2099 operam
1225 2026 1508 2099 spopondi,
1557 2026 1811 2098 illiusque
1846 2028 2072 2083 arbitrio
2106 2035 2162 2082 et

570 2102 692 2182 usui
721 2099 977 2182 subsidia,
1011 2100 1440 2182 quacunquead
1467 2106 1703 2182 cceptum
1731 2116 1762 2154 a
1791 2114 1849 2182 se
1876 2115 2010 2182 opus
2039 2114 2162 2169 per-

566 2172 853 2243 liciean
884 2170 953 2224 ad
992 2185 1186 2243 manus
1218 2168 1505 2235 habebam,
1538 2168 1728 2243 lubens
1753 2168 1956 2243 obtuli;
2005 2168 2156 2243 qure-

568 2242 691 2298 dam
743 2242 962 2313 insuper
1012 2241 1088 2295 illi
1126 2256 1442 2313 suggerens,
1473 2254 1607 2313 quae;
1636 2240 1725 2313 ad
1756 2240 1873 2309 ejus
1909 2240 2160 2313 notitiam

566 2313 714 2368 haud
740 2309 1051 2394 pervenisse
1070 2309 1612 2394 C_X_ls'l:llilab_a_l_ll..Vifl
1636 2309 1795 2394 hujus
1824 2312 2025 2394 egregii
2059 2312 2163 2366 Re-

567 2380 877 2453 sponsorias
903 2382 1059 2437 datas
1088 2383 1155 2438 15
1177 2380 1515 2448 Febr.l754,
1534 2395 1606 2453 ex
1636 2380 1830 2451 quibus
1862 2380 2161 2453 impensum

565 2452 710 2508 illius
738 2453 792 2507 in
830 2468 1030 2507 novum
1075 2454 1178 2509 hoc
1225 2469 1360 2523 opus
1400 2452 1659 2516 studium,
1711 2460 1767 2523 et
1811 2452 1985 2523 causa
2002 2454 2163 2509 simul

566 2524 842 2594 impedita:
890 2525 1079 2578 tandiu
1136 2520 1389 2578 editionis
1431 2522 1680 2586 discitur,
1735 2520 1824 2577 hic
1873 2522 2156 2591 subjicere,

565 2593 813 2657 eruditis,
845 2610 1023 2664 spero,
1052 2594 1206 2661 haud
1236 2594 1352 2649 fore
1391 2593 1661 2664 ingratum
1681 2609 1698 2664 ς
1734 2611 1752 2644 ι
1782 2594 2033 2650 Pluribus
2062 2594 2161 2648 ab-

567 2665 696 2721 hinc
721 2661 899 2726 annis',
928 2664 1124 2735 inquit,
1152 2681 1346 2720 novam
1368 2661 1604 2733 Operum
1630 2661 1845 2719 Alcuini
1873 2664 2163 2719 editionem

567 2752 860 2808 aggressus
884 2735 1078 2808 fui,ac
1106 2736 1268 2808 trium
1297 2750 1563 2808 annorum
1593 2735 2081 2808 s_patio,iquantum
2109 2736 2163 2790 in

567 2805 664 2863 me
707 2805 829 2871 fuit,
864 2807 1087 2863 absolvi.
1128 2805 1245 2868 Ast,
1274 2806 1409 2876 proh
1445 2805 1863 2876 dolorl‘inedita
1896 2821 1959 2861 ac
1991 2808 2165 2876 sopita

568 2886 814 2933 remanet
841 2880 909 2931 ab
940 2892 1081 2931 anno
1116 2872 1291 2929 i745.‘
1306 2874 1415 2930 Nec
1440 2886 1545 2929 non
1580 2872 1903 2931 bibliotheca
1940 2872 2165 2932 Benedi-

568 2948 735 3013 ctina,
777 2963 939 3018 quam
986 2948 1053 3001 ad
1091 2947 1406 3018 umbilicum
1439 2960 1659 3018 quoque
1696 2946 1941 3018 perduxi.
1985 2948 2042 3003 in
2080 2964 2167 3002 re—

568 3015 819 3089 gionibus
846 3019 992 3073 enim
1017 3017 1407 3089 nostrisopera
1429 3032 1536 3089 non
1559 3015 1662 3070 nisi
1685 3016 2166 3089 Gallicoidiomatc

569 3087 770 3159 scripta
802 3090 901 3144 sub
940 3088 1088 3159 prelo
1140 3088 1355 3159 sudant,
1386 3087 1752 3159 Latina__vero
1796 3088 1852 3142 in
1890 3088 2080 3144 forulis
2113 3096 2167 3143 et

568 3155 789 3231 pulvere
841 3155 1291 3231 bibliothecarum
1333 3157 1539 3227 iacent.
1566 3155 1707 3212 .ﬂuc
1745 3160 1953 3213 accedit
1986 3160 2165 3230 gravis

569 3230 795 3301 penuria
825 3246 956 3284 mss.
991 3230 1525 3301 codicumtquorum
1703 3235 1772 3301 et
1812 3240 1975 3301 opera
2012 3244 2164 3301 novae

567 3299 834 3357 editiones
864 3301 1218 3356 adornantur.
1250 3299 1420 3353 Tanta
1466 3308 1551 3354 est
1576 3299 1665 3353 illa
1700 3300 1880 3370 inopia
1912 3302 1965 3355 in
1992 3300 2165 3357 Gallia

567 3381 755 3427 nostra
805 3379 861 3426 et
907 3371 1286 3441 Lotharingia,
1327 3380 1389 3425 ut
1416 3372 1469 3425 in
1503 3372 1733 3425 decursu
1767 3371 1970 3427 laboris
1998 3388 2163 3425 unum

568 3443 833 3524 duntaxat
857 3442 1114 3524 detegere
1155 3442 1510 3524 potuerimus,
1535 3456 1735 3524 nempe
1770 3448 2064 3524 tractatum
2100 3443 2167 3524 de

569 3512 924 3569 Processione
944 3514 1119 3569 sancti
1155 3512 1391 3583 Spiritus
1412 3514 1479 3568 ab
1519 3512 1748 3567 Alcuino
1768 3521 1955 3568 nostro
1978 3512 2167 3583 inscri-

612 3592 727 3669 tum
755 3583 949 3669 Carolo
985 3582 1828 3669 Maguo'imperatori‘coronato
1861 3582 2161 3669 anno‘StiO.

572 3598 727 3722 521m.
755 3598 949 3640 uarolo
985 3598 1177 3666 magno
1215 3598 1530 3669 imperatori
1567 3598 1828 3639 coronato
1861 3599 2001 3666 anno
2036 3598 2161 3639 δυυ.

661 3655 762 3710 alis
785 3662 842 3709 et
867 3664 1102 3723 quantus
1144 3653 1234 3709 ille
1258 3664 1332 3710 sit
1360 3662 1648 3720 tractatus,
1685 3662 1972 3708 annuntiat
1996 3654 2169 3708 Anto-

571 3726 695 3780 nius
719 3726 940 3781 Rivetus
966 3726 1019 3780 in
1045 3725 1426 3781 Admonitione
1449 3725 1515 3780 ad
1542 3734 1675 3780 tom.
1702 3724 1813 3779 Vlll
1841 3724 2025 3780 Galliae
2053 3724 2166 3779 Lit-

571 3796 811 3861 terariae,
839 3810 963 3866 pag.
995 3812 1050 3860 ι,
1080 3812 1135 3851 xi
1159 3805 1215 3852 et
1233 3813 1464 3852 -xu......
1494 3796 1723 3851 Precare
1751 3809 1852 3866 pro
1878 3805 2167 3865 peccatore

572 3865 1151 3935 annorumVoctoginta
1194 3869 1358 3923 trium
1409 3876 1466 3923 et
1513 3865 1782 3922 mensium
1830 3866 2036 3931 decem,
2072 3865 2165 3936 qui

572 3936 724 3994 nullo
747 3937 947 4006 indiget
975 3938 1303 3994 adminiculo
1347 3938 1415 3992 ad
1443 3937 1849 4001 ambulandum,
1877 3938 1945 3992 ad
1973 3938 2163 3992 viden-

576 4009 726 4073 dum,
749 4009 818 4063 ad
837 4009 1190 4072 audiendum;
1219 4010 1313 4064 sed
1340 4022 1493 4063 mens
1515 4023 1645 4062 sana
1672 4008 1726 4061 in
1759 4022 1987 4076 corpore
2011 4023 2163 4072 sano,

610 4079 717 4134 uod
762 4078 857 4133 Dei
894 4080 1091 4134 donum
1118 4088 1221 4146 est,
1250 4089 1302 4134 et
1341 4081 1389 4133 ei
1430 4078 1598 4135 reddo
1620 4078 1785 4134 corde
1822 4085 1877 4133 et
1903 4079 2105 4135 animo.
2140 4096 2160 4131 ι

624 4165 863 4206 ucusuue
900 4149 1128 4206 Senecio
1152 4150 1498 4206 venerabilis.

645 4220 732 4276 Vl.
761 4219 1012 4290 Acceptis
1035 4221 1184 4278 hisce
1205 4221 1307 4276 viri
1332 4221 1534 4291 egregii
1566 4220 1765 4277 litteris
1798 4219 1958 4277 facile
1991 4221 2168 4277 anim-

574 4292 807 4357 adverti,
837 4292 1130 4347 editionem
1177 4293 1323 4347 illam
1368 4292 1605 4357 Operum
1649 4292 1791 4346 beati
1838 4292 2049 4348 Alcuini
2077 4295 2168 4349 diu

573 4362 749 4433 adhuc
784 4362 902 4433 fore
931 4362 1373 4433 protrahendam,
1406 4370 1500 4433 aut
1536 4377 1634 4433 per
1669 4364 1876 4417 obitum
1904 4364 2050 4419 senis
2076 4365 2169 4419 hu-

566 4431 758 4504 justot
774 4432 888 4501 jam
913 4430 1068 4504 annis
1088 4434 1297 4504 gravati
1316 4430 1928 4504 penitus’deserendam,
1948 4441 2039 4504 aut
2060 4448 2168 4487 non

570 4503 675 4558 nisi
715 4517 840 4558 cum
888 4502 1178 4558 multorum
1232 4502 1707 4558 monumentorum
1756 4502 1863 4556 huc
1898 4503 2171 4571 pertinen-

571 4573 727 4639 tium,
760 4574 817 4629 in
854 4574 1020 4628 variis
1046 4572 1388 4629 bibliothecis
1429 4573 1725 4627 etiamnum
1754 4572 2039 4627 latentium
2075 4574 2169 4628 de-

572 4644 718 4716 fectu
758 4644 1117 4716 prodituram.
1159 4643 1264 4699 Per
1302 4646 1571 4716 integrum
1608 4659 1750 4716 ergo
1761 4658 1986 4716 annum,
2015 4643 2167 4699 debi-

570 4715 742 4771 litatis
759 4713 976 4772 ’virium
1031 4729 1275 4769 mearum
1320 4713 1601 4780 conscius,
1651 4713 1975 4779 deliberans,
2033 4730 2163 4769 num

574 4785 776 4842 difﬁcili
802 4786 929 4841 huic
962 4785 1133 4840 labori
1158 4800 1378 4841 manum
1407 4787 1523 4855 ipse
1547 4786 1914 4849 admoverem,
1945 4784 2164 4840 tandem

571 4871 708 4941 opus
734 4865 947 4941 tentare
979 4870 1194 4941 mecum
1217 4856 1432 4941 'statui.
1454 4855 1782 4941 Hoc‘m’eum
1827 4857 2164 4941 propositum

572 4926 751 4984 eidem
789 4927 855 4982 D.
899 4926 1167 4997 Catelinot
1216 4927 1371 4981 initio
1413 4926 1539 4980 anni
1571 4926 1707 4980 1755
1753 4942 1851 4996 per
1876 4926 2163 4997 epistolam

573 4997 893 5069 signiﬁcavi,
926 4994 1164 5052 conﬁsus
1195 5005 1345 5060 tunc,
1372 4998 1517 5069 quod
1540 5011 1571 5050 a
1600 4994 1777 5069 nova;
1793 4994 1956 5066 quain
1982 4998 2162 5069 animo

574 5066 647 5125 et'
656 5066 866 5138 calamo
884 5075 1207 5138 concepth
1236 5075 1291 5138 et
1309 5066 1583 5137 parturire
1607 5066 1931 5122 moliebatur
1952 5068 2159 5123 clariss.

574 5138 641 5220 ρ.
670 5137 1020 5220 Legippntius
1057 5137 1237 5220 supra
1280 5137 1548 5220 laudatus2
1594 5139 1854 5220 societate
1899 5138 2162 5220 litteraria

574 5208 942 5279 Benedictina,
975 5208 1237 5263 auxilium
1266 5217 1431 5279 atque
1470 5209 1709 5265 subsidia
1732 5208 1943 5279 majora
1969 5209 2033 5263 ad
2063 5209 2164 5264 hoc

575 5293 714 5351 Opus
733 5278 942 5351 facilius
957 5278 1360 5349 exsequendum
1379 5280 1734 5336 conducentia
1751 5278 1927 5351 esSem
1943 5279 2165 5350 adeptu-

577 5350 706 5422 rus,
725 5351 801 5422 De
828 5350 930 5406 hoc
953 5350 1096 5405 enim
1122 5351 1368 5422 instituto
1388 5353 1536 5407 idem
1563 5351 1623 5406 D.
1647 5350 2004 5422 Legipontius
2046 5365 2158 5405 rev.

577 5420 641 5475 D-
667 5420 967 5476 Calmetum
993 5434 1093 5490 per
1120 5421 1327 5476 litteras
1362 5423 1596 5488 edocuit,
1626 5420 1923 5491 doctosque
1951 5422 2163 5478 sodales

582 5491 1013 5575 magicgaiicnis
1058 5491 1470 5575 lintharingicm,
1507 5494 1591 5549 cui
1629 5495 1673 5548 is
1716 5503 1842 5575 tunc
1870 5491 2165 5575 praefectu-

580 5576 696 5616 ram
720 5562 960 5630 gerebat,
987 5571 1047 5618 ut
1074 5564 1199 5618 huic
1234 5562 1473 5620 societati
1511 5580 1630 5620 sese
1667 5562 2164 5634 adjungipateren-

579 5638 689 5697 tur,
710 5634 962 5706 invitavit
990 5654 1003 5689 :
1037 5634 1379 5706 singulariter
1402 5652 1529 5691 vero
1559 5637 1621 5689 D.
1656 5636 1920 5691 Catelinm
1952 5651 2017 5689 eo
2041 5650 2164 5705 per-

579 5703 769 5770 movit,
795 5712 857 5759 ut
886 5703 1213 5762 collectanea
1238 5722 1355 5774 sua,
1384 5723 1484 5779 pro
1512 5723 1651 5763 nova
1679 5708 1916 5763 editione
1936 5703 2164 5778 operum

2191 3194 2238 3259 C

2252 546 2527 602 societatis
2550 544 2869 617 completius
2890 555 2945 617 et
2966 546 3305 603 emendatius
3328 544 3617 617 vulganda.
3640 544 3844 602 Assen-

2251 619 2327 689 sit
2371 618 2458 689 vir
2495 616 2732 689 optimus
2779 618 2842 673 D.
2886 616 3186 689 Legipontii
3229 616 3601 689 postulationi,
3632 623 3688 670 et
3726 618 3846 672 sine

2252 684 2549 760 dilatione;
2582 689 2815 759 propriae
2866 684 2990 745 suae
3018 684 3206 760 gloriae
3231 684 3415 760 prope
3452 684 3676 752 oblitus,
3718 704 3844 760 cum

2213 776 2235 799 ο
2252 760 2487 841 maxima
2512 758 3080 841 benevolentianquod
3097 759 3325 841 petitum
3350 758 3545 841 fuerat,
3570 759 3843 827 praestitit.

2251 829 2302 884 ls
2325 846 2456 902 ergo
2479 845 2666 885 mense
2694 830 2862 901 Aprili
2883 829 3121 899 ejusdem
3141 829 3273 902 anni
3298 835 3474 902 totum
3496 843 3653 884 suum
3681 844 3850 902 appa-

2253 900 2431 956 ratum
2482 918 2603 957 cum
2656 902 2978 971 quibusdam
3025 900 3501 971 prteliminaribus,
3543 914 3666 971 cum
3705 901 3850 955 notis

2255 972 2422 1027 variis
2451 980 2505 1026 et
2549 969 3041 1028 observationibus
3059 969 3387 1027 doctissimis
3414 969 3599 1025 ad'me
3627 970 3847 1037 direxit,

2255 1057 2448 1113 magna
2476 1043 2634 1099 simul
2661 1058 2783 1113 cum
2815 1042 3120 1098 humilitate
3141 1043 3480 1113 deprecatus,
3513 1041 3703 1113 {utsii
3719 1042 3850 1113 quid

2255 1110 2542 1183 aliquando
2567 1128 2633 1170 ex
2669 1112 2934 1183 Operibus
2974 1114 3112 1168 tanti
3150 1110 3253 1167 viri
3293 1111 3468 1181 (beati
3497 1110 3749 1183 Alcuini)’
3766 1112 3853 1168 vel

2254 1181 2437 1239 omnia
2462 1184 2667 1239 edenda
2700 1181 2827 1250 sint,
2858 1200 2957 1239 suo
2984 1191 3240 1254 parcatur
3264 1181 3686 1254 nominirMulto
3703 1181 3852 1254 prte-

2256 1254 2455 1309 clarius
2485 1264 2590 1321 est,
2622 1255 2812 1324 inquit,
2854 1264 2908 1309 et
2937 1252 3152 1322 dignius
3176 1268 3373 1309 nomen
3402 1252 3678 1307 societatis
3702 1252 3852 1309 litte-

2258 1326 2436 1405 rariie,
2467 1325 2610 1405 quod
2634 1334 2748 1405 tam
2774 1324 3071 1405 magnifica:
3089 1324 3324 1405 editioni
3355 1331 3715 1405 prteponatur.
3754 1342 3774 1375 ι

2332 1394 2441 1450 Vll.
2483 1392 2684 1450 Verum
2732 1392 3037 1451 institutum
3087 1395 3220 1450 illud
3259 1392 3535 1451 societatis
3572 1392 3854 1448 litterariae

2258 1466 2641 1533 Benedictinae,
2682 1467 2826 1549 quod
2943 1465 3295 1549 Legipontius
3332 1465 3569 1549 maxim“?
3596 1480 3719 1549 cum
3745 1463 3855 1549 fer-

2258 1551 2390 1608 vore
2436 1532 2755 1608 promovere
2799 1532 3095 1603 laboravit;
3119 1535 3453 1608 adoptatum
3483 1532 3731 1608 effectum
3760 1534 3854 1589 illo

2259 1603 2475 1662 vivente
2500 1608 2718 1677 perduci
2756 1609 2899 1663 haud
2923 1609 3134 1677 potuit;
3184 1603 3300 1676 ipso
3332 1620 3461 1677 vero
3507 1603 3573 1657 ad
3606 1603 3855 1677 cudestes

2260 1679 2417 1734 sedes
2445 1674 2677 1733 abeunte
2702 1674 2941 1747 penitus;
2964 1680 3107 1748 quod
3135 1674 3321 1748 dolens
3356 1674 3551 1739 refero,
3584 1683 3639 1730 et
3676 1675 3854 1748 iucu-

2262 1748 2348 1804 nis
2395 1745 2715 1818 exspiravit,
2757 1745 3083 1818 commefcio
3137 1747 3428 1818 litterario,
3479 1760 3586 1815 quo
3645 1745 3856 1818 prolem

2262 1815 2579 1889 conceptam
2610 1817 2840 1874 animari
2870 1820 3171 1887 oportebat,
3204 1817 3360 1873 simul
3382 1815 3857 1889 abrupto._Totum

2265 1884 2449 1959 igitur'
2477 1892 2687 1960 pondus
2730 1884 2993 1960 propositi
3035 1889 3270 1960 laboris,
3292 1884 3684 1960 inadornanda
3716 1900 3857 1940 nova

2263 1955 2500 2032 Operam
2544 1959 2689 2032 beati
2732 1955 2945 2017 Alduini
2977 1956 3230 2032 editione,
3260 1959 3314 2013 in
3342 1956 3547 2032 debiles
3598 1955 3856 2032 humeros
3908 1980 3917 1991 -

2261 2026 2414 2086 meos
2465 2031 2658 2086 recidit
2700 2049 2710 2084 :
2753 2047 2889 2100 quos
2927 2040 3108 2085 tamen
3155 2028 3476 2085 subtrahere
3524 2026 3711 2100 nolui;
3761 2027 3859 2083 sed

2263 2101 2569 2172 recogitans
2595 2097 2935 2157 difﬁcultates
2956 2117 3062 2157 non
3092 2100 3538 2172 fugiendas‘esse,
3568 2097 3856 2172 sed_supe-

2262 2165 2483 2235 randas,
2512 2180 2565 2226 et
2589 2174 2770 2227 omnia
2796 2188 2893 2227 nos
2934 2188 3093 2242 posse
3125 2165 3177 2225 in
3207 2186 3272 2225 eo
3309 2169 3398 2241 qui
3428 2186 3525 2225 nos
3562 2165 3853 2242 confortat,

2262 2243 2597 2313 credensque
2642 2244 2800 2297 simul
2846 2238 2988 2299 hunc
3035 2244 3275 2298 laborem
3322 2238 3602 2313 cessurum
3643 2240 3708 2313 ad
3758 2238 3858 2313 Dei

2264 2315 2491 2385 gloriam
2511 2309 2578 2367 'et
2602 2314 2839 2385 aliquem
2864 2315 3119 2370 Ecclesia:
3140 2312 3461 2385 profectum,
3493 2310 3576 2385 vel
3599 2309 3761 2363 etiam
3786 2310 3858 2365 ad

2264 2382 2341 2440 ιτθί
2374 2385 2652 2440 litterariae
2689 2382 3029 2441 commodum
3067 2382 3523 2454 et'quodcunqne
3554 2384 3858 2454 incremen-

2263 2464 2399 2539 tum,
2425 2465 2628 2538 memet
2657 2456 2721 2510 ad
2737 2472 2883 2539 opus
2917 2458 3135 2539 cqrdate
3154 2450 3571 2539 aggrediendum
3588 2450 3856 2539 excitavi.

2264 2525 2441 2581 Divini
2470 2543 2601 2597 ergo
2626 2522 2812 2581 auxilii
2843 2543 2937 2597 spe
2958 2526 3148 2597 fretus,
3176 2522 3418 2597 virorum
3458 2524 3625 2597 etiam
3668 2522 3857 2597 docto-

2264 2614 2409 2663 rum,
2458 2592 2647 2655 eorum
2690 2592 2924 2653 maxime
2960 2594 3062 2666 ‘qui
3110 2592 3287 2672 ubivis
3323 2596 3561 2672 locorum
3587 2592 3861 2672 thesauris

2265 2661 2510 2723 veterum
2531 2661 3004 2723 monumentorum
3025 2666 3391 2721 custodiendis
3415 2670 3675 2733 przesunt,
3699 2661 3858 2729 adju-

2266 2746 2448 2793 mcnta
2493 2755 2757 2807 qumrere,
2795 2747 2850 2791 et
2894 2736 3343 2807 bibliothecarum
3388 2742 3501 2807 tam
3550 2733 3860 2807 vicinarum

2266 2826 2428 2880 quam
2458 2803 2789 2876 dissitarum,
2823 2808 2876 2862 in
2914 2808 3109 2880 quibus
3134 2805 3348 2880 codices
3387 2804 3491 2880 huc
3529 2803 3862 2880 pertinentes

2268 2873 2436 2934 latere
2461 2890 2718 2934 noveram
2748 2873 2841 2933 aut
2866 2873 3197 2946 suspicabar,
3223 2875 3367 2946 fores
3402 2874 3617 2944 pulsare
3653 2873 3859 2928 consti-

2268 2951 2365 3005 tui.
2402 2949 2603 3019 Scripsi
2636 2950 2703 3004 ad
2732 2950 2919 3005 doctos
2957 2944 3167 3004 illarum
3193 2944 3641 3019 bibliothecarum
3670 2952 3861 2999 custo-

2269 3021 2383 3083 des,
2424 3020 2492 3075 ad
2524 3018 2670 3075 alios
2715 3021 2956 3076 eruditos
3014 3019 3194 3089 magni
3252 3018 3488 3089 nominis
3541 3029 3860 3089 magnazque

2270 3090 2608 3146 auctoritatis
2627 3091 2793 3155 viros,
2818 3099 2876 3144 ut
2901 3086 3183 3146 thesaufos
3198 3090 3427 3143 latentes
3444 3086 3537 3141 aut
3564 3086 3858 3156 aperirent,

2269 3171 2361 3217 aut
2395 3160 2592 3231 aperiri
2620 3158 2906 3229 juberent;
2957 3169 3119 3230 atque
3167 3160 3234 3214 ad
3281 3173 3460 3214 meum
3499 3156 3863 3231 u_sum_primo

2270 3227 2494 3302 operum
2542 3227 2634 3285 ab
2656 3232 2787 3302 ipsis
2819 3227 3157 3286 servatorum
3187 3231 3482 3302 catalogos,
3512 3227 3707 3302 deinde
3745 3227 3865 3297 ipsa

2266 3298 2428 3372 opera
2453 3316 2538 3356 me
2559 3298 2787 3368 delecta,
2811 3303 2896 3356 vel
2925 3303 3198 3357 variantes
3227 3298 3486 3356 lectiones
3515 3298 3861 3372 ind_e_excer-

2304 3369 2388 3428 tas
2422 3388 2635 3428 mecum
2663 3374 3048 3429 communicari
3076 3372 3336 3427 facerent.
3370 3372 3498 3439 Quae
3530 3369 3746 3439 quidem
3772 3382 3864 3425 res

2288 3444 2476 3500 'elicius
2502 3459 2665 3514 quam
2706 3459 2924 3514 sperare
2950 3452 3213 3515 poteram,
3264 3443 3444 3515 cessit,
3462 3442 3569 3503 ita,
3586 3446 3660 3515 _u_t
3680 3438 3863 3515 sileni-

2265 3530 2368 3571 nus
2397 3509 2552 3571 meus
2593 3509 2750 3576 longe
2785 3509 3132 3576 ditior'quam
3155 3514 3208 3568 in
3239 3514 3554 3569 collectione
3584 3511 3645 3563 D'.
3681 3509 3861 3576 Quer»

2266 3586 2445 3642 cetani
2464 3593 2557 3641 aut
2578 3587 2641 3641 D.
2661 3580 2951 3642 Catelinoti
2973 3580 3075 3641 fuit
3097 3584 3332 3640 evaserit
3357 3603 3369 3637 :
3400 3596 3633 3653 quorum
3660 3580 3713 3635 id
3736 3594 3859 3649 ope,

2266 3657 2570 3782 quibusque
2601 3658 2794 3713 mediis
2844 3658 2899 3713 id
2926 3655 3268 3728 perfecerim,
3300 3651 3444 3709 nunc
3483 3651 3670 3724 paucis
3702 3665 3867 3706 enar-

2269 3742 2331 3782 ra
2372 3743 2425 3782 o.

2269 3742 2425 3782 τωο.

2338 3797 2471 3854 Vill.
2498 3797 2681 3854 Prima
2698 3798 2935 3855 subsidia
2954 3797 3083 3853 mihi
3109 3808 3308 3853 venere
3329 3810 3360 3851 e
3378 3792 3719 3850 bibliothecis
3740 3792 3864 3847 illu-

2266 3870 2661 3953 strissimorum
2684 3869 3043 3953 capitulorum
3067 3866 3457 3953 cathedralium
3485 3864 3867 3953 Salisbtirgenf

2266 3941 2345 3997 sis
2367 3950 2423 3996 et
2446 3936 2823 4011 Frisingensis,
2848 3939 3236 4011 Opitulantibus
3267 3938 3479 4011 iilarum
3507 3936 3865 4011 ecclesiarum

2268 4003 2734 4067 reverendissiinis
2758 4003 2952 4066 canon.
3009 4009 3416 4080 capitularibus,
3464 4006 3765 4080 praeprimis
3790 4003 3860 4059 D.

2268 4025 2734 4067 revercnmssums
2758 4026 2952 4066 canon.
3009 4025 3416 4080 capitularibus,
3464 4025 3765 4134 Rmprums
3792 4025 3860 4059 υ.

2268 4083 2467 4157 comite
2485 4082 2813 4157 deﬁaurau,
2852 4088 3180 4157 eo_tempore
3216 4094 3460 4157 rev._arc
3504 4077 3865 4157 iepiscopiac

2266 4154 2529 4224 principis
2550 4147 3308 4225 Salisburgensisiadicontitia
3338 4147 3660 4225 imperii’hic
3682 4147 3868 4225 liatis-

2268 4216 2424 4281 bonae
2447 4216 2626 4300 legato
2651 4216 3148 4300 plenipotentiario;
3179 4233 3236 4300 et
3270 4216 3576 4300 D._b:iro_ne
3610 4216 3865 4300 deﬂver-

2270 4287 2540 4362 tenstein",
2583 4287 2914 4351 serenissimi
2986 4311 3050 4350 ac
3103 4292 3513 4350 eminentissimi
3572 4287 3866 4362 cardinalis

2269 4364 2485 4440 Bavari,
2527 4357 2786 4440 episcopi
2801 4365 3180 4435 Frisingcnsis,
3198 4369 3512 4440 _etc.,_etc.,
3549 4357 3866 4440 consiliario

2272 4436 2482 4497 intimo,
2509 4431 2739 4504 utroque
2772 4431 3035 4488 bonoruin
3066 4432 3308 4504 omnium
3350 4431 3493 4504 luctu
3524 4431 3665 4504 satis
3691 4438 3868 4497 nuper

2271 4514 2476 4573 erepto.
2507 4498 2681 4558 Ambo
2707 4517 2914 4573 summa
2939 4516 3062 4573 cum
3088 4499 3457 4573 benevolentia
3489 4498 3693 4573 plures,
3724 4512 3865 4573 quos

2198 4560 2248 4621 Ι)
2272 4560 2538 4643 inspicere
2585 4572 2905 4643 cupiebam,
2943 4571 3159 4643 codices
3201 4586 3245 4643 ie
3291 4560 3699 4641 pretiosissimis
3742 4560 3865 4625 illis

2270 4642 2558 4699 vetustatis
2582 4642 2957 4699 reconditoriis
2980 4642 3476 4708 subministrarunt,
3508 4654 3739 4712 quorum
3759 4654 3867 4710 ope

2270 4715 2419 4770 varia
2440 4714 2703 4784 anecdota
2723 4712 2951 4784 obtinui,
2974 4727 3204 4784 quorum
3224 4712 3403 4783 aliqua
3428 4712 3495 4766 ad
3512 4711 3656 4768 edita
3676 4724 3865 4784 emen-

2272 4786 2466 4849 danda,
2498 4785 2601 4839 alia
2643 4783 2710 4839 ad
2746 4781 3008 4840 defectus'
3030 4784 3263 4839 maxime
3301 4781 3567 4839 notabiles
3607 4781 3864 4852 supplen-

2270 4856 2390 4919 dos,
2419 4855 2522 4909 alia
2551 4855 2782 4925 denique
2818 4855 2886 4910 ad
2913 4870 3049 4927 Opus
3075 4855 3229 4910 novis
3256 4854 3529 4927 opusculis
3555 4853 3861 4927 augendum

2271 4927 2528 4998 adhibere
2550 4923 2720 4996 potui,
2747 4934 2908 4996 prout
2939 4923 3051 4998 suis
3081 4923 3452 4998 semper—locis
3482 4923 3685 4998 notavi.

2341 4996 2431 5051 IX.
2461 4991 2577 5053 Non
2612 4991 2790 5054 minus
2821 4997 3160 5058 benevolum.
3198 4991 3305 5053 nec
3346 4996 3526 5053 minus
3569 4996 3638 5051 ad
3679 4993 3862 5051 studia

2268 5083 2388 5124 mea
2432 5068 2671 5139 juvanda
2710 5083 3038 5139 propensum
3088 5077 3342 5139 expertus
3385 5066 3459 5123 fui
3498 5065 3864 5139 eminentissi-

2269 5152 2414 5195 mum
2436 5137 2510 5193 Ι).
2543 5137 2870 5209 cardinalem
2892 5137 3266 5207 Passionenm,
3285 5138 3398 5209 jam
3423 5147 3582 5194 antea
3604 5137 3671 5191 de
3698 5138 3859 5209 beato

2266 5210 2516 5275 Alcuino,
2544 5208 2697 5278 cujus
2721 5211 2999 5279 epistolam
3028 5212 3095 5267 ad
3117 5208 3473 5276 Eanbaldum,
3500 5223 3643 5265 nunc
3664 5208 3858 5263 ordine

2304 5280 2858 5406 uinquagesimam§a)
2881 5289 3012 5337 tom.
3044 5282 3085 5348 l,
3114 5296 3235 5353 pag.
3261 5282 3350 5348 65,
3383 5282 3527 5337 natis
3547 5280 3697 5335 varia
3732 5294 3861 5334 eru-

2304 5352 2471 5406 itione
2510 5350 2727 5406 refertis
2763 5352 3152 5406 ilustraverat.
3191 5353 3391 5406 ontime
3431 5352 3680 5406 meritum
3725 5367 3738 5403 :
3771 5351 3861 5405 hic

2304 5350 2471 5423 itione
2510 5350 2727 5406 refertis
2763 5350 3152 5419 illustraverat,
3191 5350 3391 5423 optime
3431 5352 3680 5407 meritum
3725 5367 3738 5403 :
3771 5351 3862 5423 hic

2270 5438 2399 5494 ergo
2422 5422 2504 5477 vir
2528 5437 2789 5489 summus,
2818 5423 2959 5479 fama
2987 5422 3303 5480 eruditionis
3325 5423 3503 5477 clarus
3526 5434 3603 5485 et,
3628 5425 3751 5476 dum
3780 5422 3861 5473 vi-

2269 5504 2442 5559 veret,
2472 5495 2828 5549 litteratorum
2872 5496 3129 5550 iteremus
3168 5497 3401 5564 optimus
3430 5511 3456 5547 τι
3487 5510 3571 5548 mc
3602 5494 3860 5564 implora-

2273 5575 2378 5629 tus,
2407 5567 2581 5634 primo
2620 5568 2847 5623 indicem
2886 5568 3123 5622 omnium
3157 5567 3534 5635 opusculunm
3577 5567 3641 5619 ad
3671 5564 3855 5618 Alcui-

2270 5652 2397 5709 uuin
2430 5638 2839 5709 pertinentium,
2866 5640 2915 5692 in
2940 5638 3220 5709 prmdivile
3241 5638 3485 5709 bibliodu
3503 5652 3563 5690 ca
3582 5635 3858 5709 Vaticana

2269 5706 2539 5778 cujusille
2557 5717 2686 5765 tunc
2704 5706 3077 5780 praefecturam
3097 5724 3221 5765 cum
3249 5708 3485 5767 maxima
3512 5707 3595 5766 sui
3624 5706 3860 5767 nominis

653 5836 743 5911 (a)_
768 5839 1077 5903 Secundum
1103 5838 1330 5911 hujusce
1370 5854 1523 5900 novae
1549 5841 1800 5900 editionis
1828 5839 2218 5911 recensionem,
2235 5840 2732 5917 quinquagesimam
2757 5850 2985 5901 sextam.
3009 5842 3171 5901 Eutr.
