4078 6324
491 345 562 402 15
798 404 805 410 ,
1082 342 1144 396 Β.
1184 341 1246 396 F.
1287 337 1582 397 ALBINUS
1619 337 1751 394 SEU
1784 333 2083 394 ALCUINU

2188 361 2258 375 —-
2292 331 2661 390 ΡΒᾹΞΡΑΤΙΟ
2697 329 3082 390 GENERALIS
3094 370 3110 388 .
3685 336 3760 396 ιο

494 477 573 525 re,
609 459 747 514 sicut
769 459 824 514 in
848 455 1062 513 illorum
1091 465 1379 526 conspectu
1405 457 1546 527 typis
1569 453 1785 524 vulgato
1803 451 2070 527 significa—
2095 452 2146 513 Δ
2169 451 2362 527 petitis
2379 448 2948 527 vir__l_1umanissimus_,
2985 445 3139 517 cuius
3169 449 3395 527 posthac
3433 449 3760 527 benevolen-

495 523 568 586 vi;
607 529 743 584 Huic
772 544 894 584 meo
923 527 1189 582 desiderio
1221 523 1278 581 ut
1304 523 1552 582 satisfieri
1581 523 1763 594 posset
1781 564 1796 586 ,
1826 523 2072 594 laudatus

493 601 774 656 Temlerus
821 599 1051 654 amicum
1094 597 1145 651 in
1207 597 1461 666 Hispania
1517 593 1836 666 degentem,
1884 593 2074 666 eadem

535 669 916 740 romptitudine
944 685 1007 723 ac
1034 667 1149 740 zelo
1177 668 1243 722 ad
1270 662 1626 740 litteratnrum
1644 662 2072 740 laborcsAjuvan-

535 759 595 797 ns
620 733 890 802 allectum,
921 738 1201 803 convenit,
1249 752 1438 806 nempe
1473 737 1536 789 D.
1564 736 1816 806 Carolum
1840 733 2076 806 Christo-

443 821 446 824 ’
497 814 730 885 phorum
773 808 1121 885 Plucrregize
1169 803 2078 885 legationisDanic:e_Madritiec-

497 876 808 955 clesiasten;
875 880 967 955 qui
1005 876 1111 955 _vir
1157 876 1620 955 prieclarissimus
1654 876 1806 932 ocius
1861 887 2075 955 omnem

498 951 730 1022 lapidem
753 948 938 1022 movit,
969 948 1186 1022 viasque
1208 964 1394 1002 omnes
1425 948 1681 1022 tentavit,
1724 955 1885 1022 atque
1929 948 2076 999 viros

498 1015 704 1099 doctos,
736 1036 871 1099 quos
893 1015 947 1099 in
969 1015 1623 1099 .hnncIlinem‘qti-idpiam
1644 1015 1890 1099 conferre
1915 1028 2075 1099 posse

499 1085 788 1157 credebat‘,
832 1089 1235 1158 infatigabiliter
1263 1085 1592 1154 sollicita—vit,
1646 1098 1702 1143 ut
1746 1087 1896 1158 hisce
1937 1085 2078 1158 votis

499 1164 635 1219 meis
663 1155 1102 1217 obsecundarent.
1143 1159 1342 1214 Verum
1391 1167 1614 1214 conatus
1663 1159 1805 1213 illius
1847 1155 2076 1226 plurima

499 1247 747 1302 reperere
769 1229 1080 1302 obstacula:
1113 1229 1256 1284 fores
1295 1229 1440 1284 enim
1467 1225 1910 1302 bibliothecarum
1957 1225 2077 1280 illa-

500 1299 621 1358 rum
646 1310 921 1370 tantOpere
947 1300 1210 1354 obserata:
1249 1309 1407 1365 sunt,
1448 1309 1507 1352 ut
1542 1299 1741 1370 nemini
1770 1307 2078 1370 exterorum

498 1375 567 1428 ad
610 1373 728 1426 illas
771 1367 1021 1426 accessus
1064 1377 1286 1438 pateat,
1335 1377 1428 1424 aut
1471 1369 1683 1424 codices
1720 1385 1850 1424 mss.
1879 1367 2078 1438 ibidem

500 1441 803 1497 reconditos
849 1441 951 1495 ulla
998 1437 1203 1494 ratione
1243 1441 1493 1510 cuiquam
1539 1440 1741 1510 pedicis
1768 1455 1831 1494 ac
1853 1437 2080 1492 manicis

496 1513 612 1568 suis
635 1510 842 1566 solvere
883 1512 936 1564 in
977 1510 1205 1566 aliorum
1233 1525 1389 1566 usum
1420 1511 1594 1566 liceat.
1654 1510 1874 1578 Reperit
1898 1515 2078 1562 tamen

499 1583 746 1638 laudatus
789 1582 851 1636 Ι).
884 1580 1044 1635 Pluer
1085 1583 1262 1636 virum
1311 1581 1488 1652 magni
1533 1580 1672 1652 apud
1713 1579 1978 1652 Hispanos
2025 1584 2081 1632 et

497 1653 640 1734 apud
667 1660 884 1707 exteros
909 1666 1122 1734 quoque
1145 1646 1499 1734 nominis,'D.
1527 1646 2080 1734 G'regoriuurMajan-

497 1717 638 1779 sium
666 1717 987 1791 generosum
1024 1721 1365 1777 Valentinum
1385 1761 1399 1785 ,
1448 1737 1478 1775 a
1506 1717 1734 1790 quofob
1754 1728 1960 1791 gestam
1985 1717 2083 1772 ali-

497 1791 716 1864 quando
742 1791 1115 1864 przefecturam
1133 1791 1485 1864 bibliotheca:
1513 1792 1700 1862 regiae,
1751 1803 2082 1864 quaecunque

499 1857 640 1917 votis
667 1857 802 1918 meis
828 1862 1059 1932 expetita
1097 1863 1328 1917 obtineri
1366 1877 1522 1930 posse
1557 1857 1679 1932 spes
1705 1857 2080 1932 Inagna_aﬂ‘ul-

500 1934 590 1987 sit.
634 1933 707 1986 De
728 1933 827 1986 hoc
852 1928 914 1986 D'.
946 1931 1202 2002 Majansio
1226 1928 1470 1987 laudatus
1506 1928 1752 1986 DXPIuer
1791 1928 1846 2002 in
1886 1928 2081 1984 litteris

500 2019 532 2057 e
561 2003 792 2072 Portugo
821 2003 885 2056 ad
909 1999 1077 2072 aquas
1098 2003 1382 2057 minerales
1408 2004 1459 2056 in
1485 2002 1757 2057 montibus
1783 1999 2082 2072 Granaten-

501 2074 652 2128 sibus
681 2069 810 2129 did.
845 2089 877 2125 ιι
901 2069 1026 2126 Jun.
1082 2072 1236 2141 1765,
1288 2075 1360 2127 ita
1401 2072 1469 2127 ad
1506 2088 1592 2127 me
1625 2071 1876 2141 scripsit:
1917 2089 1935 2122 ι
1965 2069 2082 2141 Non

500 2144 722 2198 omnino
757 2142 947 2197 desunt
971 2141 1047 2213 (in
1080 2140 1356 2213 Hispania)
1403 2143 1505 2196 viri
1535 2140 1796 2213 sapientia
1825 2149 1880 2195 et
1905 2140 2084 2213 erudi-

503 2213 650 2286 tione
676 2210 1040 2286 priesiantesi
1073 2210 1302 2286 quorum
1324 2215 1432 2286 dux
1459 2222 1513 2286 et
1535 2210 1850 2286 an’tesignan
1875 2228 1918 2286 is
1943 2210 2084 2265 cele-

502 2281 771 2354 berrinius
798 2283 960 2354 Greg.
994 2281 1284 2351 Majansius
1319 2283 1434 2337 sine
1461 2281 1623 2354 dubio
1653 2281 1957 2354 censendus
1976 2289 2079 2354 est.

507 2354 601 2408 Vir
621 2353 766 2408 enim
818 2351 932 2407 iste'
963 2370 1067 2407 una
1115 2369 1238 2408 cum
1287 2353 1596 2408 doctissimo
1642 2352 1807 2407 fratre
1850 2351 2084 2406 Antonio

503 2439 624 2495 sese
650 2423 805 2476 unice
826 2423 1040 2495 .litteris
1087 2424 1446 2495 consecravit,
1458 2493 1464 2495 Α
1484 2423 1616 2495 Regi
1641 2438 1763 2495 cum
1788 2431 1932 2477 esset
1951 2421 2086 2495 abi-

501 2493 769 2548 bliotheca
814 2491 1144 2562 Gregorius,
1190 2505 1250 2548 ut
1306 2493 1517 2548 invidia:
1569 2491 1827 2556 cederet,
1881 2507 1940 2547 se
1983 2492 2087 2562 hoc

502 2579 727 2618 munere
764 2561 951 2632 sponte
991 2579 1086 2617 sua
1127 2564 1412 2618 abdicavit.
1473 2563 1705 2618 Tantum
1746 2578 1872 2617 vero
1915 2561 2087 2616 abfuit

504 2641 566 2687 ut
598 2635 698 2687 ista
757 2649 936 2688 rerum
992 2634 1218 2688 mutatio
1261 2633 1436 2687 virum
1479 2649 1510 2686 a
1555 2633 1856 2688 litterarum
1902 2646 2088 2686 amore

503 2711 792 2785 avocaret,
833 2711 898 2785 _ut
933 2704 1114 2785 calcar
1165 2704 1344 2785 potius
1387 2704 1488 2785 ipsi
1513 2703 1794 2785 addidisse
1816 2702 2083 2785 videatur.

505 2775 704 2830 Verum
734 2782 880 2827 certe
927 2782 1011 2827 est
1034 2814 1048 2836 ,
1089 2771 1181 2842 qui
1227 2790 1350 2828 cum
1393 2771 1561 2842 solida
1585 2773 1903 2828 eruditionis
1932 2771 2088 2842 laude

508 2843 716 2914 aequale
741 2839 1327 2914 inserviendils—tudium
1348 2841 1635 2914 conjungat
1657 2884 1672 2907 ,
1705 2849 1928 2912 excepto
1957 2839 2091 2914 gre-

506 2911 676 2983 gorio,
707 2913 760 2966 in
785 2913 1030 2966 universa
1055 2911 1306 2982 Hispania
1329 2911 1871 2983 ircperiri'neminem.
1908 2932 1924 2964 ι
1959 2911 2089 2965 Viro

507 2982 674 3054 igitur
708 2984 834 3054 huic
868 2992 1153 3054 tantopere
1171 2983 1299 3037 mihi
1325 2982 1539 3054 laudato
1555 2983 1891 3054 desiderium
1911 2995 2090 3054 meum

507 3050 603 3125 per
638 3052 928 3125 epistolam
975 3050 1196 3125 aperui,
1241 3061 1402 3125 atque
1443 3051 1767 3125 adjutorium
1822 3050 2090 3125 illiushsi

509 3119 651 3192 quod
674 3119 806 3194 mihi
834 3119 1142 3194 impendere
1169 3119 1402 3187 valeret,
1435 3119 1632 3193 expetii
1652 3166 1666 3189 ,
1698 3139 1763 3178 eo
1786 3130 1979 3178 eventu
2013 3119 2090 3194 fe:-

509 3191 598 3264 lici
616 3233 629 3254 ,
664 3201 723 3264 ut
763 3193 830 3247 ab
857 3191 1044 3264 amicis
1071 3195 1184 3248 suis
1211 3195 1427 3248 tandem
1455 3191 1602 3249 illam
1630 3197 1807 3264 magni
1833 3191 2088 3264 momenti

509 3263 793 3335 epistolam
823 3263 1194 3333 episcoporum
1222 3265 1451 3335 Elipanti
1478 3263 1803 3320 sectatorum
1833 3263 2090 3335 ineditam

509 3333 816 3393 ejuorserit.
847 3349 1008 3402 quam
1049 3335 1093 3388 is
1134 3351 1164 3389 e
1211 3333 1330 3390 cod.
1357 3352 1457 3389 ms.
1486 3335 1741 3403 Toletano
1765 3333 2090 3403 descriptam

509 3403 768 3475 ociu_s_ad
808 3419 894 3475 me
938 3403 1133 3475 deferri
1184 3407 1412 3469 curavit,
1441 3405 1624 3460 addita
1653 3404 1898 3475 epistola,
1924 3418 2090 3475 quam

511 3474 578 3527 ad
617 3472 772 3527 ﬁdem
796 3473 870 3527 rei
891 3474 1288 3545 conciliandam
1317 3476 1634 3545 impressam
1658 3472 1896 3530 exhibui.
1934 3472 2092 3545 Codi-

511 3549 629 3598 ccih
641 3551 858 3616 _taimen,
884 3544 936 3598 in
961 3561 1068 3616 quo
1090 3542 1407 3601 continetur
1429 3555 1758 3616 memoratus
1787 3542 2094 3616 Apologeti-

511 3629 608 3698 cus
637 3613 840 3668 Etherii
892 3623 946 3698 et
982 3613 1158 3698 Beaii,
1203 3633 1460 3698 quocum
1493 3617 1657 3698 editio
1689 3613 1944 3698 Slteva—rtii
1969 3613 2090 3698 non

513 3685 647 3757 satis
695 3693 948 3757 accurata
996 3683 1237 3757 conferri
1272 3687 1606 3757 potuisset,
1641 3685 1794 3757 nulla;
1828 3683 2093 3757 industria

511 3754 757 3827 nbtinere
784 3755 958 3827 potuit
985 3756 1068 3827 vir
1098 3751 1332 3827 optimus
1351 3796 1365 3820 ,
1397 3757 1482 3811 cui
1507 3751 1569 3811 in
1596 3756 1739 3812 hunc
1769 3755 1929 3827 finem
1954 3751 2095 3822 ejus-

512 3824 633 3878 dem
660 3822 1188 3898 Stevartiivolnmén
1223 3827 1364 3898 typis
1408 3829 1726 3898 impressum
1749 3825 2090 3898 direxeram;

515 3902 671 3964 prout
701 3895 849 3966 mihi
893 3895 1211 3966 significavit
1246 3894 1312 3951 in
1365 3894 1588 3966 epistola
1637 3897 1805 3950 altera
1844 3894 2046 3966 ibidem
2057 3907 2095 3966 _a

514 3963 602 4018 me
631 3964 890 4019 exhibita.
928 3963 1056 4025 Quze
1099 3982 1262 4023 causa
1312 3963 1413 4022 fuit
1452 3966 1643 4022 mutati
1675 3981 1706 4020 a
1739 3980 1826 4019 me
1859 3963 2092 4025 consilii,

515 4033 843 4106 quodetiam
867 4035 928 4089 D.
955 4031 1220 4094 Catelinot
1243 4037 1544 4106 placuerat,
1577 4036 1797 4106 eosdem
1818 4033 1986 4088 libros
2012 4031 2097 4087 his

513 4104 767 4188 operibus
785 4104 1060 4188 jungendi,
1097 4115 1159 4162 ut
1186 4103 1350 4188 initio.
1367 4121 1749 4188 proposueram
1786 4103 2100 4188 iunconspee

513 4182 604 4258 ciu
643 4173 1128 4258 operumjstornm
1173 4173 1420 4258 superius
1457 4173 1780 4258 memorato.
1840 4173 2097 4258 Quaznam

515 4245 622 4325 alia
662 4245 813 4325 idem
863 4246 926 4299 Ι).
969 4245 1297 4325 ἓξδῂηεὶιιξ,
1349 4247 1541 4325 studiis
1587 4246 1722 4302 meis
1761 4259 1922 4324 sumn'
1942 4257 2100 4325 opere

515 4313 740 4398 adiectus
763 4356 777 4378 ,
824 4331 922 4384 pro
967 4313 1300 4398 illuStra‘ndis
1339 4317 1760 4398 Adoptianorum
1803 4313 2022 4398 scriptis
2046 4321 2100 4395 et

519 4385 656 4438 actis
681 4384 1005 4453 suggesserit
1028 4425 1043 4447 ,
1091 4393 1144 4437 et
1174 4384 1578 4439 humanissimis
1601 4395 1763 4453 atque
1796 4384 2101 4453 eruditissij

519 4454 623 4509 mis
650 4452 802 4508 illius
824 4453 1064 4524 epistolis
1102 4453 1326 4522 intelligi
1353 4461 1566 4523 potest,
1614 4452 1688 4507 in"
1715 4453 2022 4522 Appendice
2057 4452 2100 4506 ll

523 4538 554 4574 a
588 4539 672 4574 me
697 4523 898 4574 relatis.

523 4538 554 4577 a
588 4539 672 4577 me
697 4524 898 4578 relatis.

589 4590 726 4647 XIV.
768 4593 862 4648 His
887 4593 1018 4657 viis,
1043 4593 1111 4648 ad
1139 4593 1428 4648 terminum
1457 4591 1586 4645 mihi
1616 4590 1948 4660 propositum
1974 4588 2094 4644 feli-

520 4664 636 4718 cius
684 4664 1038 4732 pertingendi,
1089 4663 1142 4718 in
1193 4662 1558 4732 Lotharingia,
1606 4659 1774 4725 Italia,
1820 4659 2010 4732 Anglia
2045 4670 2100 4716 et

523 4730 778 4802 Hispania
811 4730 952 4789 haud
987 4733 1206 4789 omnino
1253 4730 1731 4798 frustratcntatis,
1763 4730 2098 4802 committere

523 4799 668 4857 haud
683 4805 853 4875 potui,
871 4804 1000 4875 quin
1026 4804 1189 4858 etiam
1215 4803 1532 4873 insigniores
1545 4802 1896 4875 bibliothecas
1911 4799 2100 4875 _Gallia:

521 4871 987 4943 consuleremfin
1038 4875 1234 4943 quibus
1282 4871 1390 4927 tam
1425 4873 1680 4941 przeclare
1728 4871 1925 4943 versati
1975 4879 2100 4926 sunt

522 4942 732 5013 sodales
759 4940 1125 4999 celeberrimae
1148 4940 1505 5000 Benedictiiue
1527 4940 1956 5013 congregationis
1982 4958 2100 4996 san-

521 5013 595 5066 cti
624 5012 791 5067 Mauri
826 5029 840 5068 :
879 5015 1124 5084 quamvis
1170 5015 1237 5069 ab
1288 5013 1388 5068 hoc
1414 5013 1688 5084 proposito
1735 5012 1821 5084 me
1859 5021 2103 5084 avertere

522 5083 784 5206 [vetuisset
818 5082 1194 5166 IifCatelinot
1231 5099 1390 5165 supra
1415 5082 1704 5165 _laudatus,
1732 5082 1804 5164 ad
1845 5097 1930 5136 me
1969 5082 2104 5137 scri-

544 5167 656 5206 bens
676 5154 817 5206 quod
840 5172 892 5206 In
908 5153 1076 5206 Gallia
1093 5163 1146 5206 et
1163 5153 1506 5206 Lotharmma
1531 5159 1679 5206 tanta
1701 5159 1772 5206 sit
1786 5167 1917 5206 mss.
1942 5152 2097 5206 codd.

544 5167 656 5208 iens
676 5154 817 5222 quod
840 5155 892 5208 in
908 5153 1076 5208 Gallia
1093 5163 1146 5210 et
1163 5152 1506 5222 Lotharingia
1531 5159 1679 5207 tanta
1701 5153 1772 5207 sit
1786 5167 1917 5207 mss.
1942 5152 2097 5208 codd.

525 5223 724 5291 inopia,
755 5232 812 5278 ut
842 5225 896 5279 in
921 5224 1151 5279 decursu
1194 5225 1393 5291 laboris
1418 5223 1500 5278 sui
1528 5239 1691 5278 unum
1717 5223 1975 5278 duntaxat
2011 5223 2102 5277 de-

527 5283 992 5364 tegere'potuerit,
1027 5310 1218 5364 nempe
1249 5283 1484 5349 libellum
1511 5294 1576 5347 de
1600 5293 1952 5349 Processione
1979 5292 2100 5364 Spi-y

525 5364 660 5417 ritus
681 5362 872 5418 sancti.
903 5362 1257 5419 Nihilominus
1283 5365 1511 5433 idipsum
1537 5379 1633 5433 per
1647 5375 1842 5419 memet
1865 5362 2098 5433 experiri

521 5435 684 5504 etiam
715 5435 878 5488 volui.
919 5433 1120 5503 Scripsi
1149 5435 1312 5504 igitur
1348 5431 1414 5488 ad
1445 5431 1556 5489 rev.
1581 5434 1643 5487 Ι).
1672 5431 2101 5501 Βοιιᾶίετέῇιιδ-

523 5503 644 5556 dem
672 5504 1099 5574 congregationis
1130 5503 1256 5558 tunc
1289 5505 1620 5574 superiorem
1647 5504 1980 5573 generalem,
2013 5518 2102 5556 ro-

524 5588 657 5643 guns
691 5583 749 5627 ut
769 5576 1027 5643 quosdam
1057 5591 1277 5629 suorum
1303 5575 1566 5628 sodalium
1594 5575 1659 5626 ad
1685 5589 1906 5642 operam
1947 5587 2098 5643 suam

525 5642 654 5699 mihi
689 5642 1131 5701 commodandam
1168 5653 1520 5716 permoveret.
1575 5643 1693 5698 Non
1749 5643 1917 5699 defuit
1967 5642 2101 5699 meis

2108 1812 2159 1874 Β
2252 1788 2552 1874 xulem

2177 521 2307 578 tiam
2350 523 2404 577 in
2432 521 2553 576 aliis
2596 535 2808 589 quoque
2853 521 3033 583 rebus,
3068 521 3213 589 quod
3251 530 3454 577 aeterna
3481 526 3624 589 apud
3655 543 3758 585 nos

2175 592 2436 670 memoria
2455 591 2834 670 celebrabitur,
2851 590 3195 670 utilissimam
3213 602 3472 670 expertus
3498 590 3594 670 fui:
3619 597 3758 670 Ejus

2173 678 2300 732 ergo
2323 665 2474 734 jussu
2505 662 2846 734 doctissimus
2871 660 2934 714 D.
2951 661 3227 734 Philippus
3246 660 3552 734 Ludovicus
3573 660 3762 727 Lieble

2175 731 2256 789 in,
2278 731 2508 806 abbatia_
2531 731 2701 788 sancti
2731 731 2984 806 Germani
3013 747 3044 786 a
3071 731 3246 806 Pratis
3288 733 3756 806 bibliothecarius,

2173 805 2347 886 primo
2376 803 2941 886 catalogum‘omnium
2970 805 3350 886 opuscnlorum
3398 821 3528 861 mss.
3560 809 3628 886 ad
3659 803 3761 886 iu;

2175 873 2393 947 cuinum
2431 873 2840 947 pertinentium,
2885 889 3005 942 quae
3029 875 3084 928 in
3108 874 3436 947 bibliotheca
3467 878 3611 947 regia
3659 881 3762 935 Pa-

2177 946 2390 1000 risiensi
2412 953 2730 1015 servantur;
2759 945 3011 1015 deinceps
3045 958 3177 1000 vero
3199 946 3472 1002 variantes
3499 945 3761 1007 lectiones

2175 1031 2384 1097 snmma
2407 1014 2679 1097 diligentia
2696 1015 2819 1097 inde
2832 1014 3133 1097 excerptas,
3158 1023 3212 1070 et
3231 1017 3475 1097 quaedam
3495 1023 3761 1097 apeglota

2177 1088 2244 1142 ad
2279 1102 2367 1140 me
2407 1085 2574 1150 misit,
2621 1086 2878 1141 nimirum
2911 1086 3194 1150 epistolam
3220 1085 3434 1141 Alcuini
3475 1090 3542 1143 ad
3589 1089 3762 1147 Geor-

2213 1157 2321 1228 ium
2353 1155 3309 1228 patriarchamfllerosolymitanum;l
3339 1164 3394 1211 et
3441 1161 3761 1228 Opusculum

2213 1174 2321 1210 tum
2353 1174 2714 1226 patriarcnam
2752 1174 3294 1226 aerosmymuanum;
3339 1174 3394 1211 et
3441 1174 3761 1228 Opuseulum

2177 1174 2242 1284 ΞΕ
2272 1227 2684 1298 Orthographia.
2726 1226 2895 1297 Hujus
2937 1227 3058 1298 viri,
3087 1227 3364 1282 industria:
3415 1228 3619 1298 pariter
3668 1232 3763 1286 dev

2175 1299 2278 1354 beo
2333 1297 2577 1352 notitiam
2621 1297 2831 1352 illarum
2871 1297 3217 1366 epistolarum
3265 1297 3432 1366 quas,
3466 1301 3652 1356 tandiu
3707 1302 3761 1355 in

2177 1367 2517 1438 bibliothecis
2563 1367 2768 1438 Anglige
2811 1367 3129 1438 conclusas,
3169 1382 3339 1438 nuper
3377 1369 3489 1424 suis
3532 1371 3765 1426 vinculis

2178 1439 2336 1509 solvit
2361 1439 2443 1492 vir
2467 1437 2691 1509 illustris
2713 1437 2775 1490 Ι).
2817 1437 2884 1492 de
2913 1437 3222 1509 Brequignv
3235 1437 3257 1509 ,_’
3279 1438 3434 1508 cujus
3459 1455 3622 1509 supra
3651 1457 3766 1496 me-

2179 1508 2330 1572 mini,
2386 1517 2442 1563 et
2495 1507 2724 1578 amplius
2773 1507 3070 1578 memoravi
3111 1507 3165 1562 in
3208 1507 3409 1562 Mouito
3443 1507 3646 1578 pnevio
3693 1511 3766 1565 ad

2180 1579 2490 1650 Mantissam
2514 1577 2862 1650 epistolarum
2883 1576 2961 1647 (a)
2977 1577 3079 1650 ubi
3093 1584 3205 1632 tota
3235 1579 3429 1650 detecti
3447 1576 3616 1650 hujus
3647 1581 3768 1636 the-

2180 1651 2327 1776 inuri
2358 1649 2582 1704 historia
2613 1648 2744 1718 ipsis
2765 1647 2926 1718 hujus
2953 1647 3291 1704 celeberrimi
3311 1647 3620 1706 Academici
3643 1667 3766 1706 ver-

2219 1736 2266 1774 IS
2293 1727 2563 1773 narratur.

2219 1720 2266 1774 is
2293 1727 2563 1773 narratur.

2183 1789 2816 1916 θΐῇξῶιέἓξιξειὲιοιῖἒῖ
2830 1789 3071 1860 ejusdem
3098 1790 3531 1872 congregationis
3567 1792 3768 1874 sodalis

2659 1899 2672 1912 .
2817 1859 3178 1929 ques-Claude
3207 1859 3438 1916 Vmcent
3480 1862 3766 1918 bibliothe-

2183 1931 2363 1986 carius
2393 1930 2624 1985 abbatire
2661 1933 2830 1986 sancti
2867 1929 3093 1999 Bemigii
3122 1929 3443 1986 Rhemensis
3479 1931 3546 1984 ab
3592 1933 3768 1987 amico

2182 2001 2316 2056 mihi
2365 2001 2736 2055 addictissimo
2772 2001 2835 2055 D.
2867 1998 3076 2056 Joanne
3117 2000 3408 2056 Francisco
3457 2003 3768 2057 monasterii

2184 2072 2356 2128 sancti
2395 2070 2776 2142 Symphoriani
2822 2071 3073 2142 Metensis
3099 2073 3364 2127 monacho
3398 2072 3765 2137 Benedictino,

2183 2141 2602 2198 historim'nova:
2628 2142 2869 2212 ejusdem
2910 2141 3146 2212 civitatis
3173 2142 3456 2210 scriptore,
3504 2144 3770 2198 excitatus

2184 2229 2341 2282 opem
2366 2227 2474 2266 non
2520 2213 2797 2282 modicam,
2818 2213 2948 2267 mihi
2987 2211 3127 2277 tulit,
3162 2212 3488 2267 conferendo
3509 2212 3767 2282 opuscula

2184 2229 2218 2268 ο
2256 2229 2341 2268 cm
2366 2229 2474 2266 non
2520 2229 2787 2267 modicam
2818 2229 2948 2267 mini
2987 2229 3127 2277 ιιιιιι,
3162 2229 3488 2267 comerenao
3509 2229 3767 2282 opuscula

2184 2229 2559 2337 Alicninimss.
2596 2282 2652 2336 in
2673 2281 2998 2338 bibliotheca
3028 2283 3200 2338 sancti
3228 2283 3487 2352 Remigii,
3519 2290 3572 2338 et
3595 2283 3768 2337 altera

2161 2354 2360 2408 sancti
2391 2351 2711 2407 Theoderici
2762 2367 2928 2422 prope
2973 2352 3207 2408 Rhemos
3257 2351 3499 2416 servata,
3535 2368 3766 2421 quorum

2187 2423 2497 2478 differentes
2527 2423 2783 2478 lectiones
2801 2424 2868 2477 ad
2895 2438 2982 2478 me
3004 2424 3182 2478 missm
3203 2424 3444 2492 apprime
3463 2424 3770 2478 servierunt

2187 2495 2256 2549 ad
2286 2507 2470 2547 veram
2509 2493 2795 2548 lectionem
2841 2492 3024 2547 multis
3062 2493 3195 2548 locis
3223 2494 3632 2548 restituendam.
3663 2492 3771 2546 Cu-

2224 2564 2401 2618 iebam
2439 2564 2688 2632 equidem
2712 2562 2872 2617 simul
2899 2562 3134 2618 conferri
3165 2564 3403 2633 potuisse
3427 2564 3594 2618 vitam
3625 2562 3770 2617 beati

2224 2580 2401 2618 tenam
2439 2580 2688 2632 equidem
2712 2580 2872 2617 srmut
2899 2580 3134 2618 comem
3165 2580 3403 2633 potuisse
3427 2580 3594 2618 vitam
3625 2580 3770 2617 neau

2185 2580 2400 2689 Ricuini
2432 2633 2705 2703 antiquam
2752 2648 2874 2687 cum
2902 2634 3021 2687 cod.
3063 2649 3197 2703 mss.
3231 2633 3453 2703 Rbemis
3479 2648 3692 2702 quoque
3715 2634 3771 2686 in

2188 2704 2514 2759 bibliotheca
2566 2702 2875 2758 monasterii
2923 2710 3122 2771 sanctae
3151 2702 3330 2755 Mariae
3373 2711 3610 2766 servato,
3663 2718 3772 2771 quo

2189 2790 2319 2830 usus
2340 2781 2422 2827 est
2447 2772 2510 2826 D.
2537 2773 2926 2840 Quercetanus,
2950 2770 3102 2838 cujus
3122 2772 3472 2826 nihilominus
3497 2773 3662 2826 editio
3677 2770 3773 2826 ali-

2189 2845 2313 2899 cubi
2343 2844 2598 2898 mendosa
2625 2843 2758 2897 mihi
2780 2841 3078 2898 videbatur.
3112 2843 3311 2897 Verum
3342 2843 3486 2897 idem
3511 2843 3644 2897 mihi
3675 2858 3771 2897 ac-

2191 2914 2322 2993 cidit
2349 2913 2490 2993 quod
2517 2914 2646 2993 olim
2675 2915 2738 2968 D.
2771 2911 3239 2993 Mabilloniohqui,
3283 2921 3342 2993 u_t
3366 2913 3480 2993 ipse
3507 2921 3693 2993 narrat
3717 2913 3772 2993 in

2191 2983 2656 3040 observationibus
2715 2983 2930 3052 przeviis
2989 2983 3044 3037 in
3095 2982 3272 3038 Vitam
3322 2984 3464 3038 beati
3524 2982 3770 3048 Alcuini,

2194 3071 2342 3110 num.
2367 3055 2420 3116 5,
2453 3053 2694 3108 codicem
2733 3053 2883 3107 illum
2919 3053 3204 3122 aliquando
3233 3054 3428 3118 visum,
3460 3069 3524 3108 ac
3563 3061 3771 3122 postea,

2195 3133 2254 3179 ut
2285 3139 2408 3178 cum
2429 3123 2587 3178 editis
2624 3122 2857 3178 conferri
2885 3133 3088 3193 posset,
3122 3124 3502 3193 perquisitum,
3535 3122 3775 3179 nancisci

2191 3211 2299 3250 non
2343 3193 2519 3263 potuit
2549 3209 2563 3248 :
2596 3195 2892 3264 etiamnum
2933 3195 3078 3250 enim
3104 3210 3278 3264 neque
3317 3195 3370 3248 in
3407 3193 3662 3264 prmdicta
3693 3193 3777 3248 hi—

2191 3265 2484 3335 bliotheca,
2505 3279 2679 3333 neque
2701 3266 2755 3319 in
2768 3263 3006 3332 ejusdem
3026 3263 3267 3335 catalogo
3289 3263 3776 3335 manuscriptorum

2191 3334 2349 3416 hujus
2366 3335 2526 3416 .VZilal)
2566 3337 2736 3416 ullun'i
2766 3336 3049 3416 vestigium
3099 3334 3364 3416 reneriiur
3389 3334 3602 3416 ,_prpnt
3647 3335 3779 3416 edo:

2193 3403 2312 3461 ctus
2363 3403 2438 3458 fui
2470 3422 2536 3460 ex
2575 3407 2767 3460 litteris
2815 3403 3130 3461 amicissimi
3159 3403 3234 3460 7D.
3273 3405 3450 3461 Caroli
3500 3403 3778 3460 Lanceloti

2194 3477 2281 3531 dic
2301 3476 2363 3530 10
2381 3475 2554 3530 Martii
2581 3476 2718 3530 1776
2740 3477 2807 3530 ad
2821 3493 2907 3532 me
2923 3476 3178 3543 exaratis,
3202 3475 3355 3543 cujus
3377 3475 3479 3529 viri
3504 3475 3779 3529 laboribus

2193 3555 2248 3600 et
2292 3546 2570 3600 industriae
2605 3546 2862 3616 singulari
2894 3546 3283 3616 monasterium
3315 3556 3559 3602 nostrum
3605 3545 3778 3600 sancti

2195 3616 2521 3670 Emmerami
2574 3616 2628 3670 in
2671 3615 2906 3684 acceptis
2929 3615 3031 3671 fert
3072 3631 3346 3672 sacrarum
3383 3616 3686 3683 linguarum
3724 3621 3781 3670 et

2194 3686 2540 3755 elegantioris
2561 3686 2883 3742 litteratum
2911 3686 3207 3755 pleniorem
3235 3686 3615 3740 eruditionem.

2320 3755 2406 3810 Vl.
2436 3755 2602 3830 Grata
2624 3757 2838 3830 demum
2868 3754 3047 3830 mente
3069 3756 3347 3830 recolenda
3374 3763 3456 3809 est
3476 3754 3783 3830 beneficent-

2197 3824 2270 3880 tia
2302 3825 2734 3880 reverendissimi
2763 3840 2826 3880 ac
2852 3825 3110 3894 dignitate
3133 3823 3292 3880 simul
3313 3833 3475 3894 atque
3498 3823 3780 3894 multiplici

2197 3895 2502 3950 eruditione
2531 3894 2877 3950 illustrissimi
2913 3894 2970 3950 S.
3004 3895 3070 3948 R.
3119 3896 3159 3950 l.
3188 3895 3446 3965 principis
3486 3903 3539 3950 et
3567 3895 3782 3965 abbatis

2199 3967 2368 4046 sanc_ti
2395 3965 2557 4020 Blasii
2683 3965 2898 4046 Martini
2920 3965 3168 4046 ρει-δεμ.
3188 3963 3285 4020 Ἔί
3429 3964 3666 4046 acceptis
3695 3963 3780 4046 fe-

2198 4035 2442 4106 rendum,
2471 4035 2614 4106 quod
2641 4051 2784 4106 nunc
2810 4033 3080 4106 publicam
3107 4036 3281 4089 lucem
3304 4036 3512 4106 adepta:
3538 4033 3644 4106 sint
3670 4035 3784 4106 epi-

2199 4105 2348 4176 stola:
2368 4104 2614 4176 quaedam
2635 4105 2702 4160 ad
2720 4104 3052 4176 Amalarile
3074 4106 3381 4176 episcopum
3406 4104 3783 4176 Trevirenscm

2199 4183 2254 4230 et
2297 4173 2513 4231 Petrum
2570 4173 2882 4246 Nonantulae
2929 4173 3176 4230 abbatem
3229 4173 3582 4246 pertinentes.
3631 4173 3784 4231 Unde

2200 4247 2364 4302 etiam
2410 4245 2776 4301 controversia
2802 4247 2868 4301 de
2896 4253 3114 4316 auctore
3135 4245 3378 4316 epiStolze
3407 4247 3471 4301 de
3513 4245 3784 4316 Caerch-

2201 4317 2306 4371 niis
2333 4316 2621 4385 baptismi,
2666 4331 2828 4385 quam
2879 4315 3126 4371 Canisius
3171 4314 3228 4371 et
3275 4314 3642 4382 Qucrcetauus
3677 4314 3785 4385 _Al-

2201 4386 2344 4439 cuini
2380 4383 2500 4441 esse
2535 4383 2959 4452 arbitrabantur,
2993 4387 3047 4440 in
3078 4385 3197 4441 luce
3219 4387 3478 4442 collocata
3504 4393 3619 4448 est,
3667 4383 3786 4439 Sir-

2203 4455 2493 4524 lnondique
2518 4455 2784 4509 sententia
2811 4470 2908 4524 pro
2929 4456 3116 4510 eodem
3141 4455 3414 4510 Amalario
3440 4456 3780 4512 confirmata.

2125 4515 2180 4575 D
2205 4522 2388 4590 Neque
2407 4515 2538 4593 'sine
2572 4524 2730 4578 laude
2752 4515 3106 4593 prietereuudi
3143 4536 3269 4580 sunt
3307 4525 3575 4581 duumviri
3619 4526 3671 4580 in
3698 4541 3785 4581 re-

2200 4593 2416 4662 publica
2465 4592 2728 4664 litteraria
2756 4592 2955 4664 optime
2977 4596 3153 4649 meriti
3177 4605 3230 4650 et
3252 4595 3442 4652 diffusa
3457 4597 3780 4663 eruditione,

2133 4717 2137 4720 .
2201 4679 2362 4732 quam
2390 4663 2662 4736 praeclaris
2677 4663 3062 4736 lsuis’operibus
3083 4667 3396 4736 probarunt,
3415 4667 3780 4732 celeberrimi;

2202 4747 2394 4804 nempe
2430 4734 2493 4786 D.
2523 4733 2779 4804 ilchelius
2806 4733 3142 4791 bibliothecae
3176 4736 3478 4792 electoralis
3505 4737 3785 4800 Monacen-

2203 4803 2277 4857 sis
2300 4803 2393 4867 ;’ct
2427 4805 2490 4858 D.
2520 4803 2806 4869 Kollarius,
2834 4804 3092 4862 Caesarea:
3124 4805 3574 4869 Vindobonensis,
3603 4814 3786 4862 custo-

2203 4873 2298 4927 des
2324 4882 2377 4929 et
2395 4874 2634 4930 cultores
2657 4875 3015 4930 solertissimi.
3039 4875 3252 4931 Primus
3264 4891 3490 4932 excusso
3515 4876 3786 4932 ditissima

2203 4959 2314 4999 sua:
2350 4960 2494 5000 cura:
2521 4945 2830 5016 concredito
2854 4947 3125 5011 thesauro,
3153 4947 3413 5016 quidquid
3435 4946 3624 5002 usibus
3648 4949 3786 5002 meis

2201 5022 2386 5086 aptum
2424 5016 2643 5085 reperit,
2691 5015 2824 5070 mihi
2853 5016 3092 5086 tradidit,
3130 5031 3194 5070 ac
3216 5015 3480 5086 prazterea
3521 5017 3689 5072 multa
3712 5016 3780 5072 la-

2199 5085 2422 5159 boribus
2451 5087 2605 5159 _meis
2633 5085 3190 5159 accommodatissima
3220 5085 3460 5159 consilia
3494 5089 3780 5159 suggessit.

2198 5154 2350 5230 Alter
2375 5156 2604 5230 indicem
2645 5155 2886 5230 omnium
2913 5155 3069 5230 coild.
3098 5171 3245 5230 mss._
3263 5154 3640 5230 adaugmen
3662 5175 3784 5230 per-

2199 5225 2486 5282 tinentium
2524 5228 2578 5282 in
2603 5226 2928 5296 amplissima
2959 5225 3204 5282 Cmsarea
3233 5227 3558 5285 bibliotheca
3595 5225 3782 5284 serva-

2198 5304 2377 5368 torum
2421 5297 2553 5352 mihi
2593 5298 2850 5352 benevole
2877 5296 3118 5363 indulsit,
3155 5304 3211 5354 et
3253 5299 3478 5368 posthac
3525 5298 3784 5354 lectiones

2202 5365 2473 5439 variantes
2496 5367 2632 5439 inde
2655 5367 2888 5433 extrahi,
2934 5383 3133 5439 easque
3175 5365 3283 5439 una
3316 5369 3783 5439 cumgepistolain-

2202 5435 2344 5510 edita
2384 5437 2452 5490 ad
2478 5437 2744 5510 Aquilam,
2767 5454 2894 5510 _quce
2917 5435 3063 5494 nunc
3089 5438 3277 5495 ordine
3311 5438 3404 5492 121
3443 5435 3614 5510 [Εάὶι.
3661 5456 3776 5495 nov.

2204 5504 2326 5575 161]
2353 5515 2456 5572 est,
2481 5504 2560 5562 ad'
2581 5521 2668 5562 me
2689 5504 2886 5563 deferri
2911 5510 3138 5564 curavit.

2275 5571 2433 5650 X'Vll,
2467 5577 2593 5634 Haec
2619 5577 2729 5650 fere
2758 5587 2881 5650 sunt
2909 5579 3330 5650 subsidia,lqua2
3358 5595 3456 5650 pro
3480 5580 3778 5650 explendis,

2203 5646 2461 5717 augendis
2504 5647 2941 5720 corrigendisque
2976 5648 3118 5706 beati
3144 5646 3655 5724 Alduini'Operihus
3679 5665 3784 5735 ope

593 5784 671 5857 (α)
709 5785 862 5855 Quod
907 5785 1028 5846 vide
1051 5795 1170 5859 post
1199 5786 1460 5848 Monitum
1490 5785 1545 5844 in
1575 5785 1779 5845 hancce
1806 5785 2103 5847 editionem
2138 5801 2352 5846 novam.
2377 5786 2534 5847 Emr.

4025 358 4027 432 l

4027 470 4029 552 i

4025 580 4037 1010 ἕ

4025 1161 4043 1304 ι

4037 1335 4045 1434 i

4041 1453 4047 1516 ι
