4078 6324
474 1469 488 1610 ἓ

474 1803 481 1806 ’
530 1801 925 1861 θὶἈΙευίηιιῐιι
971 1803 1170 1890 scholae
1210 1802 1958 1890 .pall‘atinfeumodera‘t‘orem
2002 1801 2130 1890 rfere
2160 1829 2210 1890 Β

537 335 608 393 55

1524 331 1612 386 os
1650 331 1812 389 VITA
1848 331 1911 387 Β.
1944 330 2009 388 F.
2049 327 2275 387 ALBINI
2313 330 2447 388 seu
2487 288 2764 388 ALCUINI

3762 341 3838 397 56

536 461 722 518 nente,
750 458 807 507 et
835 459 990 506 extra
1020 448 1362 505 cathedrales
1388 447 1647 505 ecclesias
1677 463 1743 503 ac
1778 447 2131 514 monasteria,
2159 450 2211 510 Α
2237 448 2292 503 in
2319 447 2523 504 abitum
2556 447 2769 502 Alcuini
2799 445 3015 502 tandem
3041 449 3334 514 consensit,
3377 449 3520 506 datis
3546 453 3713 509 etiam
3741 459 3841 515 abs

529 522 855 582 intructioui
869 521 1170 590 juventutis
1182 520 1506 576 Parisiensis
1519 528 1573 575 et
1587 520 1905 590 quorumvis
1915 519 2136 574 aliunde

539 595 953 676 adventantium
981 593 1250 676 destinata
1273 601 1329 648 et
1355 600 1561 676 aperta.
1610 663 1650 676 ﬁ
1710 661 1756 676 η
1796 663 1809 676 1
1877 663 1892 676 ἱ
2047 661 2080 676 ,Δ
2125 652 2152 676 κ

612 665 792 721 XCIII.
834 664 916 718 Ad
957 664 1181 718 alteram
1213 661 1565 733 quaestionem
1610 663 1673 717 D.
1709 661 1849 717 Mab.
1877 663 1982 718 loc.
2013 661 2131 727 cit.,

536 754 689 793 num.
715 735 840 800 I79,
870 735 1175 805 respondet,
1203 736 1303 789 sibi
1331 744 1538 789 eertum
1562 734 1754 798 videri,
1773 735 2012 788 scholam
2039 749 2135 805 pa-

535 809 653 865 latii
683 809 740 862 in
777 823 885 861 uno
912 804 1030 862 loco
1060 807 1396 870 constitisse;
1430 821 1602 874 neque
1631 806 1794 868 enim,
1832 805 2025 874 inquit,
2057 804 2136 858 fa-

537 881 640 936 cile
681 879 748 934 de
792 878 910 934 loco
956 879 1011 932 in
1061 878 1234 932 locum
1269 876 1552 932 transferri
1596 885 1810 946 poterat
1850 886 1996 930 totus
2044 874 2134 930 ille

534 957 950 1022 praeceptorum,
995 948 1320 1022 scholarium
1348 947 1719 1022 librorumque
1745 948 2051 1022 comitatus
2079 954 2135 1001 et

538 1018 851 1092 apparatus,
876 1022 921 1076 si
953 1021 1168 1090 quando
1202 1034 1296 1092 rex
1330 1020 1513 1092 sedem
1552 1018 1820 1092 mutabat,
1851 1021 2005 1092 quod
2026 1018 2135 1092 fre-

535 1089 1152 1164 quentercontingebat
1186 1107 1198 1143 :
1230 1089 1898 1164 similiterlamplissimam
1937 1089 2132 1164 biblio-

535 1161 750 1220 thecam
775 1163 861 1234 (ex
895 1161 1276 1234 qula'deinceps
1300 1161 1604 1234 Ludovicus
1624 1161 1908 1234 Augustus
1921 1161 2133 1234 copiam

533 1231 799 1291 librorum
821 1231 1094 1288 Amalario
1121 1232 1350 1288 diacono
1375 1231 1441 1286 ad
1469 1231 1865 1302 excerpendam
1898 1233 2022 1286 inde
2050 1247 2137 1286 re-

535 1306 714 1378 gulam
735 1305 1126 1378 canonicorum
1156 1303 1534 1378 suppeditavit,
1566 1303 1835 1378 referente
1864 1302 2134 1378 Ademaro

534 1374 801 1448 monacho
827 1374 1233 1448 Egolismensi),
1259 1391 1364 1448 non
1393 1375 1446 1429 in
1469 1375 1922 1448 circumforaneo,
1952 1376 2044 1428 sed
2078 1376 2134 1429 in

533 1448 644 1504 ﬁxo
667 1444 1193 1517 palatio'servatam'
1212 1446 1376 1501 fuisse
1408 1446 1580 1500 credit
1608 1446 1692 1499 vir
1722 1444 2131 1517 celeberrimus.

532 1515 814 1575 Contraria
862 1519 1216 1574 nihilominus
1252 1518 1434 1588 opinio
1479 1516 1879 1588 verolsimilior
1915 1515 2136 1572 videtur

532 1591 752 1645 laudato
787 1591 849 1644 D.
881 1589 1074 1645 Riveto
1114 1589 1218 1644 loc.
1255 1587 1372 1654 cit.,
1409 1604 1557 1642 num.
1591 1587 1676 1641 I5.
1709 1587 1870 1642 Certe
1903 1589 2018 1657 ipse
2069 1588 2132 1642 D.

530 1661 874 1717 Mabillonius
896 1662 1000 1716 loc.
1028 1661 1119 1715 cit.
1146 1659 1370 1724 fatetur,
1398 1660 1668 1730 palatinos
1697 1659 1975 1714 scholares
2007 1675 2132 1714 cum

531 1733 693 1805 regio
707 1733 969 1788 comitatu
992 1731 1282 1805 aliquando
1303 1730 1514 1805 deloco
1543 1731 1598 1784 in
1627 1731 1804 1805 locum
1834 1731 2127 1805 migrasse;

528 1891 807 1944 nunquam
844 1891 875 1930 a
904 1873 1262 1930 contubernio
1288 1873 1671 1945 CaroliMagni
1711 1872 1968 1945 abfuisse.
2000 1872 2130 1945 Quae

528 1943 679 2012 vero,
707 1947 784 2000 ait
809 1947 1054 2011 Rivetus,
1093 1945 1268 2015 major
1295 1943 1818 1998 ditlicultas'exstitit
1855 1943 2131 1999 deferendi

529 2018 600 2073 ad
629 2018 808 2071 varias
838 2017 1101 2072 stationes
1133 2017 1269 2070 aula:
1292 2015 1460 2071 libros
1495 2016 1694 2071 scholar,
1731 2015 2007 2070 exercitiis
2034 2031 2130 2070 ne-

530 2089 822 2154 cessarios,
851 2105 1011 2158 quam
1044 2105 1132 2143 res
1163 2087 1316 2150 alias,
1347 2088 1469 2142 usui
1521 2089 1687 2142 totius
1714 2087 1849 2141 aulae
1881 2095 1937 2141 et
1965 2087 2133 2158 totius

530 2161 823 2216 comitatus
845 2157 1178 2214 servientes?
1211 2159 1409 2214 Schola
1441 2174 1570 2227 ergo
1607 2158 1696 2213 illa
1725 2174 1831 2212 una
1855 2173 1979 2212 cum
2009 2157 2133 2211 aula

530 2239 586 2287 et
617 2231 811 2286 aulicis
840 2232 913 2286 ibi
944 2231 1276 2285 instruendis
1303 2246 1447 2284 nunc
1471 2229 1799 2299 Aquisgrani
1827 2228 1958 2293 fuit;
1988 2243 2135 2283 nunc

530 2302 599 2358 ad
623 2302 932 2358 Theodonis
961 2301 1167 2365 villam,
1200 2317 1345 2356 nunc
1366 2301 1744 2364 Wormatiam,
1779 2316 1923 2354 nunc
1952 2301 2134 2354 Ratis-

529 2375 746 2438 bonam,
775 2389 920 2428 nunc
940 2372 1298 2441 Herbipolim,
1328 2388 1470 2426 nunc
1508 2371 1946 2436 Francofortum,
1986 2387 2134 2426 nunc

529 2445 880 2514 Moguntiam,
929 2460 1074 2499 nunc
1104 2443 1344 2498 Parisios
1386 2444 1791 2513 commigravit;
1832 2444 1888 2496 in
1933 2443 2134 2514 quibus

532 2513 760 2586 aliisque
795 2516 928 2570 locis
969 2517 1248 2586 deinceps,
1296 2514 1524 2569 Alcuino
1555 2515 1652 2568 abs
1690 2515 1853 2568 dubio
1876 2513 2134 2586 obstetri-

529 2585 709 2653 cante,
751 2587 871 2641 alite
930 2585 1178 2642 celebres
1217 2587 1415 2641 schola:
1467 2594 1641 2640 enatat
1693 2586 1778 2639 vel
1825 2585 2135 2640 reformatae

530 2659 707 2724 fuere,
735 2675 963 2729 quarum
994 2660 1176 2728 plures
1216 2657 1279 2729 D_.
1315 2656 1658 2712 Mabillonius
1696 2657 1749 2710 in
1784 2655 1998 2726 praefat.
2034 2657 2130 2729 cit.

530 2747 562 2786 a
605 2726 894 2784 numfI80
941 2726 1094 2800 seqq.
1147 2737 1200 2783 et
1247 2727 1520 2783 Launoius
1556 2729 1610 2782 in
1663 2729 1830 2782 citato
1875 2742 2039 2796 opere
2066 2726 2136 2782 de

531 2801 733 2880 scholis
754 2801 1147 2880 celebriprihus
1160 2810 1510 2880 enumerant;
1538 2815 1659 2868 quae
1679 2814 1869 2854 omnes
1888 2807 2136 2880 propter-

529 2887 592 2927 ea
617 2871 873 2926 Carolum
919 2870 1170 2942 Magnum
1206 2877 1261 2924 et
1302 2869 1588 2942 Alcuinum
1643 2877 1900 2939 tanquam
1929 2869 2136 2940 primos

531 2952 788 2998 auctores
817 2957 881 2997 ac
910 2950 1308 2997 restauratores
1354 2941 1550 2996 merito
1593 2949 1926 2997 venerantur
1952 2957 2018 2997 ac
2040 2956 2135 2996 08-

535 3015 773 3070 lebrant.

1129 3085 1358 3143 CAPUT
1400 3085 1533 3141 VIII.

531 3181 683 3239 Beati
718 3181 930 3237 Alcuini
959 3181 1160 3237 reditus
1190 3199 1217 3236 ε
1268 3179 1445 3236 Gallia
1500 3181 1554 3233 in
1604 3177 1871 3250 Angliam,
1919 3186 1965 3232 et
2012 3178 2209 3249 indec

1067 3269 1250 3306 rursus
1277 3253 1330 3306 in
1355 3250 1607 3306 Galliam.

606 3369 789 3426 XCIV.
835 3367 1130 3437 Postquam
1181 3368 1372 3421 beatus
1395 3364 1655 3437 Alcuinus
1682 3377 1782 3433 per
1815 3370 2136 3437 octoprope

535 3458 707 3498 annos
737 3441 791 3496 in
821 3434 1022 3506 palatio
1042 3437 1219 3493 Caroli
1247 3435 1423 3506 Magni
1450 3442 1716 3495 versatus,
1755 3441 1811 3489 et
1850 3434 2050 3506 ibidem
2078 3435 2134 3488 in

534 3513 717 3571 schola
743 3503 1045 3567 ordinanda
1083 3519 1138 3564 et
1183 3503 1358 3564 variis
1381 3506 1624 3561 scientiis
1665 3505 1922 3560 docendis
1945 3503 2136 3559 fuisset

534 3592 853 3653 occupatus,
885 3597 1094 3653 memor
1140 3577 1554 3653 necessitudinis
1582 3592 1686 3653 qua
1731 3577 1800 3653 ob
1830 3575 2010 3653 natale
2048 3591 2137 3630 so-

533 3657 648 3713 lum
672 3647 731 3710 et
765 3652 1165 3728 ecclesiasticos
1193 3651 1452 3728 ordines,_
1474 3647 1782 3728 simul_regi
1820 3647 2050 3728 proprio
2079 3655 2135 3728 et

534 3728 788 3800 episcopo
819 3741 914 3780 seu
944 3723 1186 3800 ecclesiae
1215 3722 1300 3776 cui
1334 3737 1392 3775 se
1422 3719 1947 3800 desponderatLerat
1973 3719 2136 3800 astri:

535 3791 679 3862 cius,
720 3791 785 3851 in
817 3796 1048 3866 patriam
1078 3809 1265 3848 rursus
1311 3791 1507 3866 reverti
1549 3791 1848 3866 constituit,
1872 3798 2046 3866 atque
2075 3796 2136 3843 ut

535 3870 592 3925 id
623 3859 727 3925 sibi
777 3859 1206 3940 concederetur,
1230 3880 1261 3940 a
1299 3862 1494 3918 Carolo
1545 3877 1688 3932 rege,
1743 3861 1831 3940 cui
1872 3859 2135 3940 hactenus

538 3957 636 3996 sua
677 3947 731 3993 et
779 3938 954 3996 ollicia
987 3946 1042 3992 et
1067 3935 1288 3992 servitia
1325 3930 1761 3995 consecraverat,
1805 3930 2136 3986 instantibus

533 4011 789 4081 precibus
820 4008 1132 4080 postulavit.
1187 4005 1406 4061 Restitit
1452 4005 1608 4081 initio
1635 4001 1880 4064 Carolus,
1899 4010 1961 4081 et
1989 4015 2136 4081 asgre

534 4072 678 4148 tulit,
703 4072 879 4137 virnin
909 4089 1190 4149 tantopere
1217 4095 1248 4131 ει
1283 4092 1340 4132 se
1369 4076 1718 4149 aestimatum,
1763 4072 2134 4149 consiliarium

537 4143 869 4226 nempetam
897 4143 1220 4226 sapientem,
1242 4157 1298 4203 et
1338 4147 1660 4226 magistrum
1691 4143 1787 4226 toti
1817 4160 1986 4226 regno
2011 4160 2130 4208 suo,

537 4214 684 4296 quod
703 4225 847 4278 illius
869 4214 1035 4296 opera
1067 4221 1316 4296 moribus
1347 4227 1403 4272 et
1428 4214 1670 4272 scientiis
1693 4214 2136 4296 ﬂorentissimum

539 4287 765 4350 reddere
788 4287 1062 4360 cupiebat,
1089 4300 1196 4344 tam
1225 4290 1427 4360 utilem
1446 4298 1499 4342 et
1523 4287 1889 4360 necessarium
1914 4303 1944 4360 a
1972 4304 2030 4360 se
2054 4287 2135 4341 di-

538 4365 681 4420 velli.
729 4357 1090 4431 Quapropter,
1125 4376 1248 4414 cum
1279 4359 1332 4431 in
1363 4357 1550 4431 aliena:
1579 4358 1834 4426 potestati
1861 4357 2135 4431 subditum

538 4428 866 4490 auctoritate
897 4428 1122 4503 jultendi
1177 4445 1234 4484 se
1281 4428 1598 4483 destitutum
1636 4437 1972 4503 lagnosceret
2003 4468 2017 4492 ,
2068 4429 2137 4482 ad

537 4504 828 4562 blanditias
854 4496 915 4558 ef
930 4500 1198 4573 promissa
1221 4513 1553 4573 conversus,
1567 4496 2133 4573 referenteanonymo

539 4578 676 4632 Vita:
695 4568 985 4645 scriptore,
1015 4588 1133 4645 cap.
1165 4572 1386 4645 6,num.
1409 4570 1506 4645 I2,
1542 4570 1615 4624 ita
1647 4568 2130 4645 eum_all_oquitur_:

545 4667 563 4699 ι
599 4647 737 4702 Sunt
764 4638 941 4710 nobis,
973 4638 1231 4713 magister
1259 4641 1476 4705 eximie,
1509 4651 1737 4696 terrenae
1767 4639 1968 4713 divitia:
2013 4638 2132 4694 suf-

539 4719 806 4782 ﬁcienter,
843 4717 1038 4786 quibus
1064 4710 1115 4769 te
1139 4721 1228 4786 iiut
1261 4715 1474 4786 l’atrem
1503 4714 1772 4786 honorare
1799 4710 2128 4786 gaudemus;

538 4790 649 4844 tuis
691 4781 799 4844 nos
835 4781 1073 4850 oramus,
1121 4785 1212 4839 diu
1252 4781 1572 4838 desideratis
1619 4791 1673 4838 et
1708 4781 1817 4836 vin
1845 4781 2134 4850 aliquando

538 4860 795 4924 inventis,
824 4869 913 4914 tua
939 4873 1063 4914 cum
1089 4855 1306 4924 pietatis
1328 4871 1530 4920 merce,
1556 4853 1834 4909 illustrari.
1868 4874 1885 4905 ι
1917 4853 2028 4908 Hac
2052 4854 2136 4908 in-

542 4930 704 4987 solita
737 4931 870 4983 tanti
895 4925 1441 5001 regislbenevolentia
1469 4935 1523 5001 et
1550 4926 1738 5001 gratia,
1769 4924 1941 5001 magis
1969 4940 2134 4994 quam

538 5001 736 5064 oblatis
775 5001 876 5055 sibi
907 4996 1127 5060 diVitiis,
1161 5006 1340 5052 motus
1361 4997 1641 5058 Alcuinus,
1672 4996 1910 5065 ejusdem
1942 5003 2134 5064 postu-

540 5072 730 5128 lationi
758 5071 984 5140 obsequi
1027 5069 1299 5139 promisit,
1327 5069 1724 5140 quamprimum
1773 5066 1886 5136 ipse
1907 5065 2136 5140 Carolus

541 5160 638 5200 sua
661 5138 1046 5198 intercessione
1064 5156 1095 5193 a
1126 5154 1249 5210 rege
1275 5140 1494 5210 proprio
1516 5148 1571 5192 et
1591 5138 1845 5207 episcopo
1873 5139 2138 5210 suo,qui-

540 5217 641 5270 bus
660 5228 854 5284 parere
885 5226 1108 5284 necesse
1136 5209 1388 5273 habebat,
1419 5210 1689 5284 licentiam
1728 5209 2057 5284 revertendi_
2082 5216 2138 5264 et

540 5279 806 5356 perpetuo
829 5283 884 5338 in
913 5281 1086 5356 Gallia
1128 5281 1511 5356 perseverandi
1540 5279 1932 5356 impetraverit.
1965 5299 1983 5330 ι
2026 5280 2137 5356 po-

544 5350 688 5410 inirie
718 5357 791 5410 mi
826 5371 921 5411 rex
952 5354 1090 5425 (hate
1134 5350 1236 5425 fuit
1285 5351 1495 5425 Alcuini
1528 5350 1810 5420 responsio
1855 5350 1956 5425 loc.
1989 5351 2134 5421 cit.),

544 5437 650 5481 tua:
683 5444 790 5482 non
822 5421 1050 5497 dispono
1106 5422 1369 5497 voluntati
1415 5437 1661 5497 renuere,
1693 5421 2018 5497 auctoritate
2047 5437 2138 5476 ca-

544 5512 747 5551 nonum
777 5492 925 5553 cum'
951 5498 1165 5552 firmata
1193 5492 1378 5547 fuerit.
1425 5493 1680 5547 Libenter
1717 5492 1882 5546 etiam
1911 5503 2137 5560 paterna

545 5568 603 5622 in
629 5569 846 5637 regione
871 5584 991 5624 mea
1037 5583 1145 5622 non
1193 5565 1406 5637 modica
1430 5563 1742 5637 haereditate
1788 5562 2008 5628 ditatus,
2036 5564 2138 5637 hac

547 5634 750 5708 spreta,
775 5639 878 5708 tibi
905 5649 961 5693 ut
991 5639 1246 5708 prodesse
1270 5636 1487 5708 possim,
1520 5634 1610 5688 hic
1653 5648 1856 5703 pauper
1878 5643 2027 5708 stare
2045 5635 2140 5688 de-

547 5707 734 5764 lector.
761 5707 935 5762 Tuum
960 5707 1043 5765 est
1067 5718 1277 5765 tantum
1303 5707 1406 5764 hoc
1432 5721 1462 5760 a
1486 5720 1607 5761 meo
1631 5720 1757 5776 rege
1799 5713 1854 5760 et
1884 5707 2136 5776 episcopo

552 5781 865 5835 impetrare.
907 5800 925 5831 ι

671 5849 780 5908 CV:
823 5850 1052 5909 Carolus
1093 5853 1245 5921 petiti
1281 5850 1444 5921 huius
1485 5848 1795 5920 aequitatem
1838 5855 2137 5921 agnoscens

2238 520 2424 585 dubio,
2471 526 2541 596 u_t_
2571 518 2829 596 Alcuinus
2853 528 3160 596 rogaverat,
3196 521 3272 596 ad
3309 537 3492 596 regem
3533 532 3588 578 et
3631 527 3842 596 episco-

2235 607 2384 661 pum,
2433 591 2629 670 quibus
2671 591 2924 660 parebat,
2970 590 3195 670 litteris,
3221 590 3594 670 dimissionem
3643 590 3839 670 pel-pe-

2236 673 2385 736 niam
2436 661 2539 716 viri
2583 670 2863 736 tantopere
2911 678 2950 736 al
2981 677 3039 716 se
3084 663 3376 736 desiderati
3422 661 3838 736 postulantibus.

2236 733 2775 808 Eadem_occasione,
2807 733 3049 808 creditur
3077 732 3329 789 Carolum
3371 732 3529 808 usum
3568 738 3755 808 fuisse,
3783 754 3844 798 ut

2235 819 2359 886 cum
2383 803 2498 858 Oﬂ‘a
2530 819 2654 886 rege
2701 804 3044 886 Merciorum,
3077 823 3328 886 quorum
3357 807 3431 886 illi
3464 803 3842 886 tuncﬂtempo-

2236 823 2359 859 cum
2383 823 2498 858 una
2530 823 2654 886 rege
2701 823 3044 869 mereloruln,
3096 823 3328 930 quorum
3357 823 3431 861 IIII
3464 823 3592 865 tunc
3630 823 3736 866 tem
3817 846 3842 856 -

2236 876 2335 946 ris,
2363 891 2505 930 anno
2536 875 2744 929 scilicet
2773 875 2892 939 790,
2925 875 3112 946 aliquit
3158 879 3535 942 dissensionis,
3570 829 3842 940 diaboligo

2235 945 2475 1022 fomento
2507 946 2896 1022 inllammante,
2926 945 3204 1022 evenerat,
3236 951 3310 1003 ita
3331 959 3387 1003 ut
3425 952 3668 1022 utrinque
3694 957 3844 1010 navi-

2235 1019 2376 1091 gatio
2402 1017 2681 1091 interdicta
2706 1018 3090 1091 negotiantibtg
3117 1030 3373 1085 cessaret,
3415 1023 3469 1076 in
3499 1017 3712 1091 pacem,
3740 1027 3840 1080 Al-

2235 1088 2396 1166 cuino
2425 1088 2742 1166 mediatore,
2776 1089 2996 1166 rediret.
3031 1089 3183 1166 '_I‘unc
3208 1092 3352 1146 enim
3377 1088 3638 1166 Alcuinus
3665 1088 3842 1166 aqui-

2235 1159 2464 1232 busdam
2493 1160 2770 1232 audierat,
2815 1160 2960 1232 quod
2986 1159 3054 1214 ad
3090 1165 3460 1232 componenda
3500 1165 3586 1219 illa
3615 1159 3842 1224 dissidia

2236 1229 2376 1320 lor‘et
2401 1231 2470 1284 ad
2490 1228 2664 1320 pffam
2693 1228 3016 1320 mittentllus,
3040 1239 3098 1285 ut
3121 1228 3244 1320 ipse.
3273 1235 3466 1290 scribit
3494 1236 3548 1290 in
3569 1238 3843 1320 epist.._a.d

2234 1300 2456 1372 Colcum
2490 1301 2746 1356 lectorem
2775 1302 2829 1354 in
2871 1299 3052 1356 Scotia
3076 1343 3089 1364 ,
3140 1299 3334 1363 eodem
3375 1321 3538 1372 anno,
3570 1299 3710 1364 sicut
3738 1310 3846 1366 ibi-

2236 1371 2359 1426 dem
2389 1371 2443 1447 in
2473 1374 2616 1447 notis
2643 1373 3075 1447 observavimus,
3108 1376 3331 1447 scripta.
3366 1371 3628 1447 Equidem
3658 1379 3844 1437 Alcui-

2236 1459 2383 1515 nus,
2405 1444 2532 1496 dum
2560 1445 2701 1497 hanc
2726 1444 2794 1496 ad
2828 1443 3049 1498 Colcum
3097 1443 3381 1515 epistolam
3427 1443 3711 1514 scriberet,
3745 1452 3843 1508 ad-

2236 1514 2342 1569 huc
2373 1513 2778 1591 incertus__er_at
2805 1531 2883 1591 an_
2913 1524 2968 1569 et
3006 1513 3223 1586 quando
3267 1533 3296 1571 a
3337 1535 3464 1591 rege
3509 1520 3563 1574 in
3603 1513 3840 1591 patriam

2235 1601 2389 1662 suam
2418 1594 2563 1640 esset
2600 1586 2971 1662 dimittendus,
3021 1596 3076 1641 et
3112 1603 3180 1641 an
3201 1586 3521 1662 mandatum
3565 1586 3844 1662 acciperet

2236 1656 2302 1711 de
2330 1671 2463 1726 pace
2493 1671 2615 1710 cum
2647 1655 2762 1712 Offa
2809 1671 2936 1726 rege
2967 1659 3236 1712 tractandi
3263 1702 3277 1725 ,
3328 1669 3383 1715 et
3419 1661 3542 1716 ideo
3573 1655 3711 1718 dona
3749 1665 3840 1719 illa

2236 1743 2357 1802 qua;
2383 1743 2451 1802 ex
2483 1729 2628 1797 regis
2674 1726 2855 1802 Caroli
2903 1737 2959 1782 et
2996 1730 3215 1802 propria
3268 1746 3363 1785 sua
3407 1733 3656 1802 largitate
3695 1735 3843 1790 inter

2235 1797 2514 1860 ecclesias,
2544 1799 2875 1853 monasteria
2902 1808 2957 1854 et
2978 1797 3339 1856 anachoretas
3364 1797 3658 1860 Britanniae
3681 1819 3844 1862 erant

2236 1869 2627 1946 distribuenda,
2662 1885 2894 1940 quorum
2923 1871 2976 1923 in
3007 1870 3092 1926 illa
3133 1873 3356 1946 epistola
3391 1875 3658 1939 meminit,
3697 1892 3840 1946 pne-

2235 1940 2422 2018 misit;
2467 1940 2629 2009 paulo
2659 1950 2836 2018 tamen
2872 1950 3055 2018 postea
3077 1984 3091 2007 ,
3140 1945 3440 2014 eodemque
3476 1960 3616 2001 anno
3659 1940 3714 2002 in
3741 1963 3841 2018 pa«

2234 2011 2396 2064 triam
2423 2027 2585 2088 suam
2631 2012 2935 2082 profectum
2952 2012 3146 2088 _fu_isse
3184 2011 3406 2088 necesse
3440 2027 3552 2080 est,
3597 2011 3842 2088 quia're-

2234 2097 2364 2157 vera
2392 2081 2513 2157 _illo
2560 2081 2738 2157 anno,
2799 2099 2906 2152 quo
2951 2083 3273 2157 Ethelredus
3326 2087 3383 2140 in
3432 2081 3656 2157 regnum
3703 2088 3844 2142 Nor-

2234 2152 2525 2208 thumbria:
2555 2154 2840 2209 restitutus
2880 2163 3000 2220 est,
3055 2155 3131 2210 ibi
3178 2155 3320 2224 fuit,
3369 2167 3430 2212 ut
3477 2152 3661 2214 statim
3691 2160 3844 2214 dice-

2236 2239 2380 2278 mus.
3593 2244 3599 2250 '

2307 2294 2488 2370 XCVI.
2522 2295 2713 2370 Magna
2745 2297 3026 2370 _inl_regno
3066 2297 3497 2365 Nortlmmhrim,
3551 2311 3846 2370 postquam

2235 2364 2495 2437 Alcuinus
2523 2364 2633 2421 illic
2660 2382 2691 2421 e
2733 2367 2905 2422 Callia
2929 2364 3155 2437 Vappulit
3179 2412 3194 2436 ,
3243 2371 3506 2426 revolutio
3548 2364 3705 2425 facta
3729 2381 3842 2426 est.

2236 2436 2590 2512 Nortlmmbri
2638 2453 2873 2512 namque
2930 2436 3194 2494 0sredum
3239 2457 3423 2511 regem
3471 2457 3643 2512 nuper
3681 2457 3847 2496 aver-

2237 2510 2363 2584 sati,
2398 2509 2768 2584 Ethelredum,
2818 2524 2982 2584 quem
3008 2519 3134 2566 ante
3163 2509 3335 2567 annos
3358 2509 3640 2568 duodecim
3674 2513 3849 2584 (anno

2239 2577 2365 2652 778)
2391 2579 2683 2647 ejecerant,
2734 2577 2916 2652 regem
2954 2583 3269 2650 deposcunt,
3317 2592 3372 2639 et
3401 2586 3466 2639 ad
3491 2577 3690 2640 solium
3715 2599 3850 2639 cve—

2238 2650 2392 2721 hunt,
2445 2652 2588 2721 quod
2622 2651 2707 2706 his
2748 2650 2929 2706 verbis
2975 2661 3162 2706 narrat
3211 2654 3574 2710 Ilovcdenus:
3631 2675 3652 2708 ς
3686 2657 3850 2710 Anno

2240 2719 2342 2776 790
2368 2719 2699 2796 Ethelredus
2719 2723 2783 2777 de
2806 2723 3004 2796 exsilio
3015 2723 3284 2796 liberatus
3307 2735 3408 2788 est,
3441 2735 3496 2780 et
3521 2725 3852 2796 iterum'per

2237 2793 2473 2861 gratiam
2503 2792 2704 2848 Christi
2734 2795 2887 2861 regni
2928 2793 3064 2849 solio
3091 2796 3555 2852 snhthronizatus.
3602 2792 3852 2854 Osredus

2239 2873 2419 2918 autem
2450 2879 2565 2928 rex,
2607 2863 2730 2920 dolo
2777 2879 2997 2920 suorum
3038 2866 3343 2936 principum
3372 2868 3780 2924 circumventus
3808 2882 3845 2922 a

2239 2949 2408 3006 regno
2443 2937 2689 3004 privatus
2731 2945 2983 2991 attonsus
3025 2946 3106 2992 est
3135 2937 3187 2990 in
3217 2937 3458 2993 Ehoraca
3498 2941 3738 3002 civitate,
3790 2948 3852 2995 et

2237 3013 2425 3079 postea
2461 3008 2784 3079 necessitate
2811 3016 3032 3063 coactus
3059 3008 3308 3079 exsilium
3335 3010 3491 3079 petit.
3531 3031 3550 3063 ι
3606 3011 3751 3068 Haec.
3788 3011 3847 3064 ni

2238 3075 2609 3152 vehementer
2637 3075 2907 3152 fallamur,
2955 3089 3039 3133 est
3082 3078 3169 3152 illa
3220 3075 3373 3152 regni
3417 3079 3846 3152 Northumbria},

2238 3149 2432 3218 patriae
2460 3148 2694 3233 Alcuini,
2726 3150 2964 3232 novitas,
3000 3148 3322 3237 qumvipsuiii
3343 3193 3357 3216 ,
3391 3151 3786 3237 olitelltalicet
3815 3168 3846 3206 a

2242 3235 2369 3302 rege
2397 3221 2737 3302 etnepi‘scopo
2766 3221 2879 3276 suis
2918 3221 2969 3274 in
3013 3221 3244 3302 Galliam
3288 3224 3563 3302 remeandi
3605 3223 3845 3285 licentia,

2241 3291 2296 3364 in
2326 3291 2521 3364 Anglia
2553 3291 2948 3364 diutiusquam
2977 3292 3192 3364 volebat
3230 3295 3493 3364 retinnit;
3523 3295 3589 3350 de
3614 3309 3715 3364 qua
3743 3310 3851 3350 no-

2239 3362 2570 3436 vitatelipse
2616 3362 2807 3418 scribit
2853 3363 3169 3436 in_epistola
3202 3363 3269 3418 ad
3296 3365 3500 3421 amicos
3547 3362 3846 3436 quosdam,

2240 3431 2392 3501 cujus
2419 3431 2781 3503 fragmentum
2804 3449 2870 3488 ex
2896 3431 3342 3490 Malbesburiensi
3368 3431 3613 3492 dedimus
3644 3437 3696 3490 in
3727 3431 3847 3492 not.

2240 3505 2309 3576 ad
2338 3505 2497 3573 epist.
2528 3504 2564 3576 2
2593 3505 2648 3558 in
2682 3505 2799 3560 haec
2823 3507 2989 3576 verba
3018 3519 3032 3558 :
3068 3524 3086 3556 ‹
3123 3507 3449 3563 Benedictus
3475 3507 3619 3563 Deus
3648 3508 3740 3576 qui
3767 3506 3847 3562 fa-
3873 3565 3876 3570 ,

2240 3575 2315 3628 cit
2345 3575 2615 3630 mirabilia
2655 3576 2837 3631 solus!
2886 3574 3068 3644 Nuper
3105 3576 3432 3633 Athelredus
3480 3579 3622 3634 filius
3652 3574 3845 3634 Ethel-

2239 3645 2493 3717 woldide
2523 3661 2743 3702 carcere
2787 3647 3055 3717 processit
3100 3647 3152 3701 in
3185 3648 3399 3712 solium,
3443 3659 3498 3704 et
3525 3651 3592 3705 de
3622 3650 3848 3705 miseria

2239 3717 2295 3770 in
2323 3715 2664 3784 majestatem
2692 3736 2704 3771 :
2747 3715 2900 3786 cujus
2930 3719 3081 3786 regni
3112 3719 3352 3774 novitate
3387 3719 3591 3775 detenti
3630 3735 3845 3787 sumus,

2239 3801 2308 3841 ne
2333 3787 2646 3842 veniremus
2670 3788 2739 3843 ad
2765 3804 2880 3843 vos.
2922 3808 2939 3840 ι
2995 3788 3248 3857 Ejusdem
3293 3792 3551 3846 novitatis
3591 3792 3849 3847 meminit

2239 3859 2292 3911 in
2325 3858 2418 3913 cit.
2451 3859 2609 3929 epist.
2635 3858 2688 3922 2,
2713 3859 2922 3929 Aquila:
2945 3875 3042 3915 suo
3071 3861 3352 3916 scribens:
3387 3881 3405 3913 ι
3439 3862 3658 3917 Novitas
3689 3862 3848 3930 regni

2239 3930 2413 4003 nostri
2446 3944 2534 4003 me
2578 3931 2780 3984 retinet
2804 3931 2981 4003 adhuc
3010 3932 3114 3986 isto
3157 3947 3320 3986 anno.
3360 3953 3379 3986 ι
3436 3932 3573 3988 IIuic
3600 3933 3849 4003 epistola:

2239 4001 2594 4074 ascripsimus
2623 4016 2825 4054 annum
2855 4001 2977 4066 790,
3007 4005 3150 4072 quod
3177 4003 3382 4064 non.ita
3407 4004 3566 4058 velim
3589 4001 3846 4074 intelligi,

2239 4071 2394 4145 quod
2426 4088 2532 4126 non
2560 4087 2704 4145 anno
2744 4074 2990 4145 sequenti
3026 4071 3125 4128 aut
3166 4074 3326 4144 paulo
3356 4075 3561 4129 tardius
3596 4075 3712 4128 dari
3741 4071 3850 4145 pb—

2240 4143 2424 4216 tuerit,
2456 4150 2616 4214 prout
2633 4143 2931 4216 inleadcm
2961 4153 3072 4216 not.
3119 4143 3408 4216 in’sinuavi.
3441 4145 3719 4216 Ejusmodi
3743 4143 3846 4201 ἐἰ-

2239 4213 2472 4284 quidem
2503 4213 2765 4269 revolutio
2795 4223 2964 4268 totum
2998 4215 3306 4284 reipublicae
3328 4213 3576 4272 ordinem
3621 4217 3851 4274 turbare

2239 4286 2393 4351 solet,
2445 4293 2499 4341 et
2524 4285 2765 4356 longiore
2792 4287 3019 4341 c0nsilio
3060 4302 3197 4356 opus
3221 4295 3322 4351 est,
3356 4295 3417 4342 ut
3457 4289 3568 4357 ipsa
3601 4288 3655 4342 in
3685 4297 3848 4342 tran—

2241 4357 2466 4426 quillum
2501 4365 2703 4411 statum
2734 4358 3012 4428 redigatur
3039 4375 3052 4411 :
3103 4358 3172 4412 ad
3201 4359 3344 4428 quod
3371 4357 3712 4413 eIIiciendum
3740 4357 3849 4412 AI-

2242 4427 2384 4482 cuini
2426 4442 2592 4497 opera
2633 4434 2688 4480 ct
2736 4427 3042 4482 diuturnior
3085 4429 3140 4483 in
3183 4427 3358 4497 patria
3396 4444 3546 4483 mora
3592 4427 3848 4498 proficua

2244 4498 2523 4570 autetiam
2559 4499 2867 4570 necessaria
2897 4514 3016 4555 esse
3042 4497 3237 4570 potuit.
3275 4498 3404 4566 Quae
3429 4500 3574 4554 enim
3595 4497 3702 4553 alia
3730 4513 3844 4554 ne.-

2159 4554 2214 4616 D
2238 4568 2466 4642 cessitas
2488 4568 2670 4642 ipsum
2699 4567 2772 4622 ibi
2801 4554 3002 4626 diutius
3027 4554 3261 4642 retinere
3285 4554 3587 4642 potuisset,
3626 4570 3731 4642 nisi
3775 4575 3848 4642 ut

2240 4639 2309 4693 ad
2341 4637 2683 4709 popularium
2711 4655 2933 4695 suorum
2981 4637 3308 4696 instantiam'
3342 4642 3455 4698 suis
3505 4641 3745 4698 consiliis
3779 4641 3851 4704 in

2242 4718 2603 4784 tantarerum
2627 4710 2872 4784 omnium
2910 4712 3226 4768 confusione
3257 4714 3387 4784 ipsis
3413 4712 3770 4769 subveniret?

2311 4780 2518 4854 XCVII.
2551 4781 2634 4835 An
2670 4780 2930 4854 Alcuinus
2976 4799 3119 4838 nunc
3165 4784 3217 4838 in
3249 4780 3441 4854 A'nglia
3479 4785 3719 4839 existens
3749 4799 3852 4844 rea

2239 4867 2372 4928 vera
2399 4853 2642 4928 denpace
2670 4853 3007 4928 concilianda
3053 4870 3174 4909 cum
3205 4854 3323 4910 Offa
3342 4853 3480 4928 rege
3513 4855 3848 4928 Merciorum

2241 4937 2308 4977 ex
2334 4922 2513 4994 Caroli
2563 4923 2740 4994 Magni
2788 4925 3044 4980 mandato
3080 4922 3440 4992 tractaverit;
3463 4936 3517 4980 et
3543 4943 3612 4980 an
3657 4924 3850 4983 eidem

2242 4994 2332 5068 illa
2360 4993 2671 5068 animorum
2702 4995 2984 5068 utriusque
3011 4997 3153 5068 regis
3179 4999 3571 5062 reconciliatio,
3611 4997 3848 5068 naviga-

2242 5065 2512 5149 tionisque
2542 5065 2843 5149 interdictae
2857 5065 3103 5149 pristina
3119 5145 3127 5149 _
3145 5068 3369 5149 libertas
3410 5065 3849 5149 tribu_i___debeat,

2242 5151 2350 5191 non
2381 5135 2671 5191 admodum
2698 5135 3009 5207 expeditum
3053 5145 3154 5193 est.
3190 5138 3344 5192 Felix
3375 5141 3517 5194 enim
3549 5139 3694 5194 illius
3740 5154 3845 5193 ne-

2243 5207 2380 5281 gotii
2409 5221 2710 5281 _succcssus
2743 5207 2805 5281 _in
2843 5208 3118 5281 Chronico
3144 5209 3559 5281 AFontaneIlensi
3603 5226 3724 5281 cap.
3761 5209 3850 5281 7175

2243 5277 2385 5346 apud
2407 5279 2695 5360 llouquetq
2737 5279 2936 5360 script.
2967 5279 3094 5360 Rer.
3127 5279 3264 5360 Gall.
3300 5281 3532 5360 tom.___V,
3559 5277 3686 5360 pag:
3711 5279 3848 5360 ζτίδ,

2244 5364 2351 5422 non
2398 5350 2647 5422 Alcuino,
2701 5351 2795 5422 sed
2843 5350 3110 5422 Gervoldo
3138 5352 3392 5422 episc0po
3419 5350 3736 5408 Ebro’ice'nsi
3787 5361 3850 5407 et

2244 5420 2426 5475 abbati
2473 5420 2873 5492 Fontanellensi
2922 5421 2976 5476 in
3024 5420 3260 5492 acceptis
3303 5420 3494 5486 fertur,
3547 5424 3636 5478 ubi
3671 5422 3844 5478 etiam

2245 5506 2408 5566 causa
2437 5500 2570 5566 orla:
2601 5491 2743 5566 illius
2763 5491 3427 5566 dissensionisldetegitur.
3455 5495 3676 5566 Legitur
3694 5494 3847 5549 enim

2245 5561 2441 5617 ibidem
2487 5562 2845 5629 Gervoldum,
2887 5564 2978 5632 qui
3027 5565 3211 5619 multis
3253 5561 3410 5621 annis
3470 5561 3568 5635 per
3596 5566 3850 5622 diversos

2245 5643 2434 5701 portus
2461 5643 2517 5688 et
2559 5635 2824 5698 civitates,
2877 5635 3113 5690 maxime
3143 5637 3198 5690 in
3227 5635 3559 5703 Quentawic,
3607 5637 3848 5691 tributo-

2247 5713 2446 5779 rum‘et
2469 5704 2809 5776 vectigalium
2832 5716 3110 5779 exactura
3140 5708 3336 5764 Carolo
3364 5708 3554 5779 Magno
3574 5707 3848 5779 constitu-

2244 5783 2333 5829 tus
2360 5774 2556 5841 fuerat,
2591 5774 2654 5830 ea
2679 5775 2962 5832 occasione
2991 5776 3122 5834 Olim
3151 5779 3293 5841 regis
3335 5774 3582 5834 notitiam
3623 5787 3678 5835 et
3703 5777 3850 5832 ami-

2245 5845 2432 5902 citiam
2488 5847 2590 5904 sibi
2634 5847 2992 5916 conciliasse;
3038 5859 3094 5906 et
3139 5841 3413 5908 multoties
3461 5850 3615 5920 jussu
3654 5841 3847 5910 Caroli
