4078 6324
232 367 292 425 ω
1380 350 1702 412 FROBENII
1735 351 2257 415 COMMENTATIO.
2908 396 2917 407 .
3399 357 3472 417 ss

232 472 380 551 [agni
408 466 547 551 apud
584 464 892 551 praefatum.
912 480 1096 551 regem
1127 464 1509 551 legationibus,
1529 464 1775 549 functum
1798 468 1855 528 Δ
1877 468 2166 551 Ethelredo
2191 476 2402 551 postea,
2419 481 2569 551 anno
2724 508 2741 536 ,
2784 483 2920 551 x_vr_u
2949 468 3071 525 Kal.
3096 459 3389 551 Octobris;
3413 481 3475 528 ut

229 535 468 626 ἠιίξεεηοὶ
487 535 779 623 novissime
798 535 1019 664 auidem
1044 538 1115 619 ob
1137 536 1302 621 filiam
1335 535 1578 621 ejusdem
1610 537 1787 663 regis,

229 630 363 664 (mam
390 629 439 664 In
465 625 771 664 eomumum
843 609 1024 664 arolus
1047 624 1246 664 iunior.
1276 608 1418 664 ﬁlius
1446 608 1654 663 scilicet
1720 623 1779 662 a-

229 607 439 691 quarum
465 610 775 691 coniugium
798 607 1246 691 C_arolus_junior,
1276 608 1418 691 filius
1446 608 1654 663 scilicet
1667 607 1779 691 Ca-

226 678 312 763 r'oli
333 681 536 763 Magni,_
562 678 1037 763 expetebatfncui
1080 679 1488 763 cpnjugigcuni
1511 695 1615 763 tres
1662 678 1780 763 Q‘ffa

225 757 364 815 nollet
387 750 742 825 acquiescere,
772 751 881 807 nisi
905 751 1063 825 Berta
1091 750 1269 825 Caroli
1300 750 1478 821 Magni
1506 750 1638 816 ﬁlia,
1669 750 1781 825 tilio

226 829 370 900 ipsius
393 821 590 900 nuptui
609 824 915 900 traderetur
934 863 949 888 ,
980 821 1213 900 Carolus
1242 831 1547 900 commotus
1584 822 1776 887 vetuit,

225 892 274 954 ut
292 910 433 952 nemo
459 892 527 950 de
556 894 834 965 Britannia
857 893 1031 965 insula
1059 909 1124 948 ac
1146 892 1612 965 genteAnglorum
1638 909 1782 965 mer-

223 966 415 1046 cimonii
435 980 628 1046 causa,
653 964 805 1046 littus
845 962 1043 1046 oceani
1071 962 1239 1046 maris
1262 962 1782 1046 inﬁgillia‘attinge-

222 1048 306 1095 ret.
337 1056 355 1089 ‹
385 1035 490 1091 Sed
518 1052 587 1091 ne
614 1036 718 1091 hoc
746 1037 919 1099 fieret,
958 1036 1035 1089 ait
1069 1035 1301 1105 scriptor
1330 1036 1475 1090 illius
1500 1034 1777 1099 Chronici,

218 1106 561 1189 admgnitione
587 1122 659 1189 ae
685 1107 1071 1189 supplicatione
1094 1106 1385 1189 venerandi
1410 1107 1652 1176 praedicti
1684 1105 1785 1189 Pa-

216 1181 294 1235 tris
313 1177 564 1235 Gervoldi
590 1176 877 1232 inhibitum
905 1187 1007 1233 est.
1040 1198 1057 1230 ι
1094 1178 1502 1240 Verumtamen,
1533 1178 1782 1247 quamvis

214 1252 317 1307 huic
354 1248 657 1303 narrationi
703 1256 810 1303 stet
854 1263 951 1304 sua
981 1248 1145 1319 ﬁdes,
1196 1249 1331 1303 nihil
1357 1248 1611 1319 prohibet
1651 1248 1780 1318 quin

212 1323 304 1392 ipse
342 1319 605 1375 Alcuinus
642 1318 801 1392 simul
845 1318 1265 1392 cumGervoldo
1312 1318 1380 1392 ad
1427 1319 1568 1392 idem
1615 1334 1782 1392 nego—

211 1389 319 1446 tium
345 1389 776 1463 promovendum
804 1390 1078 1463 adhibitus
1102 1390 1285 1463 fuerit.
1316 1390 1480 1445 Certe
1491 1389 1780 1463 Alcuinum

208 1463 261 1517 de
287 1461 522 1518 amicitia
567 1461 847 1530 utriusque
888 1461 1033 1532 regis
1065 1470 1121 1517 et
1161 1462 1228 1532 de
1269 1476 1404 1532 pace
1446 1461 1643 1532 gentis”
1670 1476 1783 1516 suae

208 1548 307 1588 cum
328 1532 561 1587 Francis
596 1547 811 1602 semper
835 1531 1121 1588 sollicitum
1160 1531 1347 1597 fuisse,
1381 1541 1436 1586 et
1462 1547 1562 1602 pro
1594 1531 1705 1597 illa,
1734 1532 1781 1588 si

205 1604 390 1674 quando
428 1603 564 1658 Izesa
590 1601 711 1669 fuit,
758 1604 1060 1673 reparanda
1090 1602 1321 1659 feliciter
1347 1601 1627 1674 laborasse
1651 1618 1782 1658 con-

204 1673 293 1756 stat
314 1690 377 1729 ex
404 1674 570 1745 epist.
586 1673 669 1756 ‘4?
699 1674 864 1745 (nunc
889 1674 1038 1756 47),“
1055 1674 1110 1730 in
1137 1690 1243 1756 qua
1271 1673 1402 1731 Olim
1446 1674 1560 1756 regi
1597 1681 1782 1756 cepte-

203 1754 376 1816 statur,
406 1744 603 1815 «quod
623 1744 853 1800 domnus
875 1762 973 1800 rex
998 1745 1225 1801 Carolus
1252 1760 1396 1816 saepe
1424 1744 1781 1816 amicabiliter

203 1814 494 1888 etiideliter
530 1832 714 1888 secum
744 1816 957 1871 locutus
990 1817 1063 1872 sit
1101 1818 1167 1873 de
1206 1814 1345 1888 ipso,
1384 1824 1439 1871 et
1461 1815 1779 1888 illiusesset

201 1884 543 1960 fidelissimus
568 1887 866 1960 amicus”
904 1896 957 1960 et
987 1888 1106 1960 ideo
1147 1884 1430 1960 ad'ipsum
1478 1895 1541 1960 et
1564 1886 1632 1940 ad
1664 1888 1781 1957 epi-

200 1957 422 2031 scopales
453 1958 612 2031 sedes
641 1959 790 2030 regni
823 1956 992 2031 ipsius
1032 1959 1191 2031 digna
1221 1956 1449 2013 munera
1495 1956 1775 2031 direxerit.

199 2026 309 2093 ρυεε
352 2027 556 2111 fuerth
586 2026 726 2111 post'
745 2026 1041 2111 amicitiam
1071 2026 1144 2111 ita
1190 2032 1497 2111 restitutam
1538 2029 1626 2111 illa
1656 2045 1779 2084 mu-

195 2114 329 2174 uera,
380 2099 791 2174 intelligiturex
820 2100 1046 2173 epistola
1072 2101 1252 2174 Caroli
1283 2101 1557 2174 Magniad
1595 2115 1777 2174 regem

193 2165 366 2232 Offam,
400 2165 911 2243 quam'eithibemus
936 2180 1065 2226 tom.
1098 2172 1162 2238 ll,
1206 2174 1260 2227 in
1290 2165 1398 2243 qua
1427 2172 1576 2225 illum
1606 2165 1777 2243 virum

192 2242 529 2311 perierandum
556 2251 603 2295 et
628 2242 847 2311 fratrem
876 2243 1242 2297 citatissimum
1285 2242 1479 2308 vocat,
1517 2250 1679 2311 atque
1709 2242 1777 2297 ad

186 2309 339 2394 ipsius
358 2309 687 2394 petitionem
716 2314 962 2394 concedit
985 2315 1458 2394 peregrinantibus
1493 2315 1562 2369 ad
1591 2309 1777 2370 limina

180 2383 544 2449 apostolorum
572 2383 805 2454 liberum
834 2383 1140 2437 transitum'
1166 2400 1265 2453 per
1310 2400 1535 2454 regnum
1579 2400 1773 2452 suum;

178 2454 603 2522 negotiatoribus
626 2467 757 2506 vero
795 2453 945 2507 lucra
984 2455 1336 2516 sectantibus,
1385 2453 1579 2508 Solutis
1607 2462 1780 2508 statu-

178 2522 229 2575 tis
260 2522 512 2593 teloniis,
540 2522 895 2593 securitatem
926 2531 982 2578 et
1015 2522 1274 2577 adversus
1299 2538 1652 2593 oppressores
1679 2540 1776 2593 pa-

179 2592 492 2647 trocinium.
526 2592 677 2648 Dona
704 2593 793 2646 illa
819 2593 1085 2648 destinata
1114 2592 1487 2659 fuerunttalia,
1518 2604 1573 2649 et
1599 2592 1784 2649 saera-

179 2678 284 2748 rsm
312 2663 546 2748 quidem
578 2678 793 2748 rerum,_
812 2664 881 2717 ad
907 2663 1069 2748 sedes
1100 2664 1437 2748 episcopales
1466 2666 1638 2748 regni.

184 2733 501 2805 Merciorum
526 2774 542 2797 ,
595 2732 700 2805 alia
727 2732 796 2787 ad
828 2732 1364 2805 sedes_episcopales
1405 2732 1557 2805 regni
1595 2734 1781 2790 Ethel-

189 2805 287 2859 redi
308 2804 919 2869 Nortbanumbrorum;
967 2803 1073 2858 alia
1110 2803 1681 2861 humanarum'rerum
1712 2807 1781 2861 ad

190 2876 328 2947 sedes
355 2873 804 2947 metropolitanas
826 2874 1008 2947 ;__ali_a
1037 2890 1137 2945 pro
1180 2876 1301 2946 ipso
1331 2892 1458 2947 rege
1488 2876 1603 2933 Otl‘a
1626 2917 1640 2942 ,
1675 2878 1781 2933 sci-

194 2946 298 3000 licet
326 2945 591 3017 balteus,”
614 2945 822 3015 gladius
848 2945 1119 3017 Huniscus
1164 2945 1223 3017 et
1244 2948 1353 3017 duo
1377 2945 1538 3017 pallia
1579 2948 1775 3013 serica,

193 3026 428 3088 tanquam
460 3015 632 3088 spolia
675 3031 705 3070 e
736 3016 946 3088 prtelio
972 3025 1162 3088 contra
1209 3015 1432 3073 Hunnus
1482 3026 1773 3088 reportata.

192 3086 370 3159 Verum
397 3087 544 3159 dona
569 3086 660 3142 illa
690 3086 758 3141 ad
796 3087 1143 3143 Ethelredum
1168 3103 1233 3142 ac
1260 3086 1595 3159 episcopales
1621 3088 1778 3146 sedes

193 3156 316 3213 illius
344 3158 502 3231 regni
530 3165 661 3212 tunc
678 3173 794 3231 non
822 3167 1188 3231 pervenerunt
1212 3176 1227 3225 ;
1250 3230 1255 3231 ί
1275 3156 1518 3229 epistolis
1543 3175 1777 3231 namque

192 3244 294 3283 cum
338 3228 501 3284 donis
545 3228 820 3299 praedictis
848 3230 905 3284 in
949 3245 1143 3285 manus
1188 3228 1477 3285 missorum
1514 3228 1776 3295 datisfut

192 3299 359 3371 scribit
382 3300 653 3355 Alcuinus
688 3300 742 3355 in
784 3301 860 3356 cit
886 3301 1047 3370 epist.
1080 3299 1173 3365 47,
1196 3318 1231 3371 VC
1263 3303 1576 3371 supervenit
1604 3303 1778 3359 tristis

194 3368 366 3442 legatio
419 3371 864 3444 de_intidelitate
908 3368 1085 3444 gentis
1136 3368 1672 3444 (Northumbrorum)
1723 3382 1779 3428 et

193 3441 477 3515 noceregis
502 3441 799 3515 Ethelredi,
833 3463 851 3495 ι
883 3441 1052 3515 a'suis
1074 3441 1318 3515 steral.
1348 3444 1474 3499 Maii
1503 3459 1646 3499 anno
1674 3444 1777 3500 796

191 3512 555 3584 occisi;'quae
584 3514 833 3584 impietas
875 3512 1131 3569 Carolum
1177 3514 1254 3568 ita
1303 3516 1616 3581 commovit,
1663 3534 1682 3567 ι
1716 3524 1779 3571 ut

190 3582 427 3639 donorum
439 3582 711 3657 largitate
733 3593 987 3657 retracta,
1021 3585 1165 3656 genti
1197 3584 1323 3641 huic
1346 3586 1583 3656 perfida},
1612 3603 1777 3657 quam

191 3664 341 3719 vocat,
355 3664 408 3711 et
418 3655 721 3727 perversae,
734 3655 1183 3727 dominoruinque
1196 3655 1417 3712 suorum
1434 3655 1735 3723 homicida,
1749 3678 1768 3711 ι

192 3727 349 3798 omnia
390 3726 549 3781 mala
593 3726 757 3782 fuerit
784 3727 1105 3798 minitatus:
1151 3743 1312 3798 quam
1356 3729 1778 3784 commotionem

194 3796 532 3853 nihilominus
558 3813 589 3852 a
619 3813 678 3853 se
705 3797 947 3854 sedatam
992 3796 1420 3854 fuisse'testatur
1447 3800 1649 3855 ibidem
1674 3799 1774 3855 Αι-

194 3867 379 3941 cuinus.
430 3869 700 3941 Attamen
738 3870 878 3926 dona
906 3884 1005 3941 pro
1039 3870 1154 3940 ipso
1178 3869 1295 3926 Oﬂ'a
1326 3878 1380 3924 et
1411 3871 1628 3926 sedibus
1655 3872 1775 3941 epi-

194 3939 479 4011 scopalibus
512 3940 665 4011 regni
704 3941 787 3995 sui
835 3939 1103 3995 destinata
1142 3942 1369 4011 posthac
1400 3941 1525 3997 illuc
1568 3939 1775 3997 directa

197 4007 711 4084 fuisse,__existimare
740 4025 972 4081 pronum
997 4021 1099 4075 est,
1123 4007 1387 4084 siquidem
1417 4013 1493 4067 illi
1522 4029 1624 4068 nec
1652 4028 1777 4082 per-

197 4076 313 4154 fidia:
335 4081 484 4137 illius
511 4076 831 4151 complices,
884 4098 986 4154 nec
1031 4076 1423 4153 consequenter
1462 4076 1774 4154 promerita:

198 4148 565 4222 indignationis
583 4148 873 4223 participes
904 4153 1143 4208 fuerunt.
1175 4148 1333 4209 Certe
1356 4148 1771 4223 ipse—Alcuinus,

197 4229 245 4273 ut
265 4224 441 4295 scribit
499 4224 554 4278 in
584 4223 743 4293 epist.
791 4224 861 4278 45
905 4224 1071 4294 (nunc
1116 4223 1207 4295 48)
1252 4225 1319 4278 ad
1350 4223 1521 4279 Offam
1568 4238 1772 4294 regem,

198 4305 301 4346 cum
331 4294 517 4351 Caroli
547 4296 860 4350 muneribus
888 4295 955 4347 ad
986 4294 1162 4363 ipsum
1186 4294 1373 4349 venire
1411 4302 1630 4364 paratus
1655 4301 1777 4348 erat

197 4376 315 4435 anno
338 4366 575 4432 eodem,
607 4373 753 4430 ante,
799 4374 949 4435 puto,
984 4380 1146 4435 quam
1190 4365 1562 4421 Turonensem
1605 4364 1773 4419 abba-

198 4432 308 4514 u'am
355 4432 847 4514 administrandam
899 4432 1179 4506 suscepit;
1232 4435 1425 4491 melius
1472 4443 1652 4514 tamen
1689 4434 1775 4514 illi

197 4506 347 4579 visum
371 4507 425 4561 in
455 4508 901 4579 peregrinatione
940 4521 1281 4578 permanere,
1336 4526 1355 4559 ι
1388 4506 1657 4579 nesciens,
1687 4506 1773 4561 in-

198 4575 315 4643 quit,
344 4565 482 4648 quid
529 4565 670 4633 intér
707 4594 802 4633 eos
843 4565 1113 4642 fecissem,
1148 4565 1288 4634 inter
1317 4592 1453 4648 quos
1484 4565 1661 4631 nullus
1689 4592 1775 4632 se-
1802 4565 1854 4627 D

198 4660 339 4718 uirus
361 4663 510 4715 esse,
538 4650 622 4703 vel
658 4650 711 4703 in
740 4649 945 4705 salubri
982 4649 1209 4704 consilio
1229 4649 1494 4718 proficere
1518 4656 1716 4717 potest.
1750 4668 1769 4702 ι

254 4716 471 4775 XCVIII.
510 4720 591 4775 Ex
631 4721 718 4776 his
758 4719 921 4791 paulo
951 4719 1122 4791 fusius
1151 4716 1385 4791 narratis
1410 4716 1560 4789 patet
1586 4718 1775 4774 Alcui-

200 4802 308 4842 num
332 4792 465 4847 nihil
498 4807 617 4863 non,
634 4790 839 4863 egisse,
868 4798 928 4845 ut
954 4790 1229 4863 Gallorum
1254 4798 1308 4863 et
1330 4790 1652 4846 Merciorum
1690 4806 1777 4863 re-

199 4871 276 4926 ges
294 4863 501 4918 amicos
528 4861 794 4927 redderet,
814 4862 1046 4932 atquein
1074 4862 1311 4919 amicitia
1338 4870 1393 4916 et
1418 4876 1552 4932 pace
1579 4861 1778 4916 confir-

200 4940 387 5004 maret;
418 4945 483 4989 ut
514 4941 799 5004 propterea
828 4949 958 4988 vero
986 4932 1318 4988 simillimum
1346 4933 1533 4987 haberi
1562 4932 1773 5004 debeat,

203 5000 274 5075 uti
289 5018 430 5058 nutu.
460 5000 803 5075 praecedente
830 5004 1236 5067 insinuavimus,
1263 5010 1318 5059 et
1345 5003 1775 5075 praestantissimi

201 5071 376 5145 quique
404 5071 705 5145 scriptores
738 5075 1100 5145 consentiunt,
1132 5075 1275 5145 quod
1301 5071 1451 5145 anno,
1470 5073 1573 5128 790
1601 5089 1632 5127 e
1652 5071 1778 5128 Gal-

201 5139 336 5228 liain
359 5139 599 5214 patriam
625 5144 898 5228 profectus
935 5145 1093 5228 simul
1126 5139 1371 5228 a'Carolo
1405 5144 1597 5228 Magno
1626 5160 1777 5228 man:

202 5209 377 5287 datum
396 5209 672 5287 acceperit
696 5232 821 5272 cum
849 5231 975 5287 rege
998 5214 1113 5271 Offa
1154 5217 1220 5271 de
1240 5230 1372 5286 pace
1399 5209 1689 5287 tractandi,
1718 5222 1780 5287 et

200 5286 326 5359 quod
348 5286 453 5359 hoc
478 5284 754 5359 negotium
791 5302 893 5341 una
918 5284 1357 5359 “fortassisdcium
1385 5285 1654 5342 Gervoldo
1684 5284 1779 5339 ab-

200 5351 308 5437 bate
350 5351 755 5416 Fontan'ellensi
791 5366 1098 5429 susceptum
1123 5399 1139 5426 ,
1189 5356 1265 5412 illi
1292 5356 1521 5414 feliciter
1564 5370 1779 5413 succes-

201 5437 336 5481 serit.

264 5495 442 5554 XCIX.
482 5501 773 5558 Ethelredo
816 5501 884 5572 in,
920 5502 1142 5572 regnum
1176 5495 1781 5572 Northumbriae_resti-

204 5573 335 5655 tuto...
356 5573 436 5627 uti
466 5589 628 5655 supra
645 5588 808 5655 pum.‘
824 5571 893 5627 96
918 5570 1279 5632 meminimus,
1313 5585 1418 5624 non
1440 5570 1780 5655 “simulquies

202 5640 438 5697 restituta
476 5640 596 5700 fuit.
639 5643 877 5701 Osredus
916 5656 1147 5712 namque
1181 5656 1353 5711 nuper
1377 5641 1511 5696 solio
1540 5640 1780 5711 deiectus

201 5722 355 5789 novas
381 5729 482 5789 res
505 5732 629 5773 cum
653 5715 987 5788 principibus
1012 5713 1333 5789 quibusdam
1370 5713 1474 5768 sibi
1502 5713 1780 5789 adhaeren-

203 5779 333 5839 tibus
357 5786 578 5843 molitur
604 5830 619 5854 ,
654 5779 937 5860 novasque
965 5779 1153 5860 turbas
1187 5786 1255 5841 ad
1280 5800 1505 5860 regnum
1531 5800 1638 5855 quo
1662 5784 1781 5855 pul-

202 5863 287 5909 tus
324 5866 413 5914 est
457 5856 886 5935 recuperandum
922 5858 1198 5919 concitat:
1247 5856 1363 5930 qui'
1380 5865 1561 5916 tamen
1592 5873 1626 5916 a
1649 5872 1781 5930 rege

1803 3194 1853 3260 Β

1885 540 2078 615 scribit
2104 538 2235 615 cum
2272 541 2392 596 aliis
2419 538 2740 615 Hovedeuus
2762 541 2831 615 ad
2867 541 2923 595 h.
2953 556 3028 615 a.,
3059 549 3250 615 captus
3275 548 3332 595 et
3359 542 3477 615 ipso

1876 610 2338 683 jubentegoccisus
2361 620 2463 667 est.
2496 610 2623 666 Hmc
2662 612 2814 683 regni
2852 610 3097 681 novitas,
3130 610 3204 667 fut
3227 610 3478 683 superius

1882 627 2100 681 )unente
2124 627 2338 667 occisus
2361 627 2463 667 esr.
2497 627 2623 666 “me
2662 627 2814 737 regni
2852 627 3097 681 novitas,
3143 627 3204 667 ut
3227 628 3478 683 superius

1882 698 2034 737 num.
2062 681 2132 738 96
2166 683 2432 748 diximus,
2478 683 2581 737 iter
2608 683 2663 737 in
2753 684 2997 739 ranciam
3046 683 3360 754 aliquandiu
3390 700 3478 740 re-

1881 754 2155 818 tardavit;
2198 754 2387 808 videns
2424 769 2571 816 vero,
2614 770 2713 809 sua
2753 770 2917 825 opera
2960 769 3025 810 ac
3061 755 3301 811 consiliis
3331 770 3390 810 se
3419 755 3475 811 in

1880 825 2055 895 patria
2107 839 2204 896 sua
2254 825 2385 878 nihil
2429 825 2694 893 proficere
2745 841 2937 895 posse,
3001 834 3288 896 propterea
3336 825 3479 882 sicut

1880 905 2068 965 postea
2081 911 2153 968 ex
2167 895 2281 968 hac
2310 896 2518 950 ratione
2544 896 2613 951 ad
2646 896 2790 951 illam
2820 895 3209 962 redire’noluit,
3236 904 3395 968 prout
3421 897 3477 953 in

1882 964 2041 1036 epist.
2066 966 2135 1020 45
2154 964 2285 1020 Ollie
2311 974 2640 1022 contestatus
2667 976 2770 1033 est,
2800 969 2872 1022 ita
2902 983 3060 1029 nunc,
3078 964 3298 1022 obtenta
3326 969 3478 1036 prius

1884 1052 1912 1090 a
1948 1053 2075 1109 rege
2104 1047 2158 1092 et
2180 1038 2431 1109 episcopo
2452 1039 2670 1109 proprio
2698 1040 2936 1104 licentia,
2969 1038 3155 1094 eadem
3190 1039 3287 1093 abs
3316 1038 3479 1094 dubio

1884 1108 2070 1173 causa,
2099 1108 2384 1182 iter_suum
2414 1108 2469 1161 in
2507 1108 2794 1164 Franciam
2845 1109 3039 1166 Carolo
3059 1109 3372 1182 Magnotut
3397 1110 3479 1164 di-

1884 1195 2103 1251 cemus,
2153 1180 2315 1234 etiam
2355 1188 2578 1251 urgente
2608 1196 2893 1250 aggressus
2927 1190 3047 1237 est:
3088 1179 3249 1251 quod
3272 1179 3475 1235 factum

1883 1250 2051 1306 fuisse
2081 1265 2365 1305 censemus
2401 1249 2486 1305 vel
2531 1249 2696 1306 circa
2724 1251 2882 1305 ﬁnem
2916 1252 3042 1307 anni
3071 1249 3198 1316 792,
3230 1249 3477 1306 fortassis

1886 1331 2008 1392 post
2035 1329 2307 1394 patratam
2353 1320 2543 1394 eodem
2573 1337 2724 1394 anno
2748 1323 2922 1394 medio
2957 1338 3143 1377 mense
3174 1322 3480 1394 Septembri

1884 1408 2074 1448 necem
2100 1392 2329 1458 Osredi,
2375 1392 2460 1447 vel
2485 1393 2629 1447 circa
2655 1392 2866 1446 initium
2907 1393 3033 1448 anni
3058 1392 3351 1458 sequentis.
3402 1393 3480 1447 Eo

1883 1463 2149 1535 siquidem
2176 1463 2923 1535 itemporeLquoRatisbonaa
2950 1479 3093 1535 anno
3126 1463 3230 1519 792
3248 1464 3482 1535 synodus

1883 1534 2144 1589 adversus
2170 1534 2408 1589 Felicem
2440 1533 2828 1605 Urgellitanum
2858 1535 3040 1589 habita
3069 1534 3189 1599 fuit,
3240 1533 3480 1590 nondum

1883 1621 1914 1660 e
1936 1605 2215 1660 Britannia
2245 1606 2298 1659 in
2325 1605 2612 1659 Franciam
2634 1605 2891 1669 redierat,
2914 1613 3077 1674 prout
3094 1606 3323 1676 ipsemet
3348 1606 3484 1661 scri-

1882 1677 1961 1731 bit
1988 1677 2127 1731 libro
2159 1694 2175 1731 ι
2203 1677 2464 1731 adversus
2490 1676 2817 1746 Elipantum,
2860 1692 3009 1730 num.
3046 1675 3130 1729 ‘16.
3161 1676 3316 1731 Anno
3351 1690 3482 1731 vero

1882 1746 1987 1801 795
2012 1763 2078 1802 eo
2100 1746 2213 1817 jam
2240 1755 2481 1816 tempore
2512 1747 2565 1801 in
2594 1746 2825 1801 Francia
2852 1747 3099 1817 degebat,
3143 1748 3357 1817 quando
3386 1763 3478 1802 ec-

1808 1839 1861 1900 Β
1883 1818 2047 1873 clesia
2098 1815 2272 1900 sancti
2320 1815 2605 1900 Cuthberti
2663 1815 3223 1900 Lindisfarnensis—a‘
3252 1818 3479 1900 paganis

1882 1904 2073 1945 eversa
2118 1889 2239 1954 fuit,
2289 1890 2369 1943 uti
2417 1889 2674 1944 discimus
2717 1903 2785 1941 ex
2832 1890 3075 1958 epistolis
3111 1888 3144 1944 9
3174 1896 3231 1943 et
3256 1888 3371 1958 seq.
3422 1888 3483 1943 In

1882 1959 2056 2017 Gallia
2094 1959 2205 2017 iam
2236 1961 2539 2015 consistens
2568 1960 2636 2014 ad
2682 1959 3062 2015 dilectissimos
3110 1975 3237 2015 suos
3273 1960 3479 2014 Ebora-

1881 2032 2061 2087 censis
2087 2030 2344 2087 Ecclesize
2388 2031 2605 2094 fratres,
2657 2046 2688 2084 a
2715 2032 2911 2101 quibus
2956 2047 3063 2085 non
3092 2032 3209 2085 sine
3239 2030 3479 2084 maximo

1882 2103 2069 2159 dolore
2099 2104 2319 2158 avulsus
2344 2112 2447 2169 est,
2497 2101 2715 2173 scripsit
2752 2102 3035 2171 epistolam
3076 2102 3343 2173 charitate
3370 2101 3484 2170 plc-

1881 2190 2009 2229 nam
2033 2182 2084 2229 et
2117 2175 2444 2246 gratitudine
2470 2194 2482 2228 :
2509 2172 2682 2246 grata
2716 2173 2982 2246 siquidem
3024 2181 3205 2246 mente
3227 2172 3299 2226 ibi
3329 2187 3480 2246 com-_

1879 2241 2149 2302 memorat
2181 2243 2466 2302 benefacta
2507 2241 2576 2299 ab
2602 2241 2830 2299 infantia
2861 2252 2916 2300 et
2955 2244 3186 2314 pueritia
3216 2258 3388 2312 usque
3414 2241 3485 2297 ad

1879 2317 2091 2372 virilem
2120 2326 2337 2372 aetatem
2372 2317 2427 2371 in
2454 2315 2879 2388 ipsumcollata,
2923 2316 3265 2388 spondetque
3286 2328 3482 2388 perpe-

1881 2395 2030 2441 tuam
2058 2388 2271 2442 illorum
2301 2388 2355 2441 in
2383 2384 2494 2443 suis
2516 2386 2853 2443 orationibus
2879 2384 3215 2441 mémoriam.
3240 2384 3483 2438 Aliorum

1882 2471 2097 2525 quoque
2129 2459 2429 2511 amicorum
2468 2458 2520 2511 in
2563 2456 3082 2527 patriarelictorum
3108 2454 3486 2527 haud_in_i_me-

1883 2522 2027 2587 mor,
2062 2528 2279 2595 scripsit
2308 2522 2580 2595 epistolas
2593 2527 2661 2579 ad
2702 2525 3189 2587 Lindisfarnenses,
3220 2522 3287 2577 ad
3313 2522 3485 2595 Edil-

1885 2596 2136 2663 hardum,
2163 2593 2231 2650 ad
2262 2593 2445 2667 regem
2470 2606 2525 2653 et
2552 2597 2823 2667 principes
2848 2593 3486 2667 Nordlutmbize,_adWi-

1885 2683 2072 2721 renses
2116 2676 2172 2722 et
2202 2664 2508 2738 Gyrvenses
2552 2664 2883 2738 monachos;
2931 2667 2982 2721 in
3013 2665 3208 2735 quibus
3237 2664 3484 2738 deplorat

1883 2738 2149 2793 infaustos
2194 2736 2352 2792 casus
2394 2740 2487 2809 qui
2520 2739 2649 2806 ipsis
2676 2747 2798 2806 post
2843 2737 3047 2809 abitum
3086 2752 3242 2809 suum
3273 2736 3486 2809 accide-

1884 2817 2011 2862 runt
2040 2826 2054 2873 ;
2100 2806 2427 2879 optimisque
2475 2809 2739 2863 doctrinis
2778 2808 3018 2871 instruit,
3048 2806 3261 2879 quibus
3294 2807 3486 2879 mediis

1882 2878 2029 2947 ipsos
2058 2875 2311 2948 oporteat
2337 2875 2573 2932 divinam
2605 2894 2635 2932 a
2663 2893 2721 2932 se
2742 2886 2987 2932 avertere
3010 2875 3321 2948 vindictam.
3351 2875 3485 2931 Pro-

1880 2946 2005 3019 pter
2042 2946 2246 3003 abitum
2276 2964 2409 3003 vero
2438 2964 2596 3003 suum
2626 2949 2682 3002 in
2725 2948 2955 3002 alienam
2989 2946 3263 3019 regionem
3286 2988 3301 3012 ,
3349 2961 3485 3019 quo-

1882 3018 2127 3075 rumdam
2154 3020 2518 3089 suspicionem
2544 3028 2637 3074 aut
2663 3019 2991 3089 calumniam
3017 3018 3070 3071 in
3103 3033 3162 3072 se
3189 3018 3479 3089 convertit,

1881 3091 2037 3164 quasi
2061 3089 2219 3145 simul
2250 3087 2284 3144 a
2317 3090 2574 3164 fidelitate
2595 3091 2758 3164 regis
2786 3087 2916 3144 Offae
2960 3103 3021 3142 ac
3049 3089 3222 3164 gentis
3243 3104 3362 3164 sure
3392 3088 3484 3164 de—

1882 3159 2128 3217 scivisset
2152 3178 2167 3227 ;
2214 3177 2377 3232 quam
2407 3159 2773 3232 suspicionem
2801 3176 2831 3213 a
2859 3159 3293 3232 sesamoliturmin
3320 3161 3481 3232 epist.

1883 3234 1950 3288 ad
1978 3228 2305 3287 Beornintim
2345 3228 2743 3301 prcslv'yterum,
2793 3231 3081 3301 inquiens:
3127 3250 3146 3281 c
3184 3228 3483 3285 Sicut’hos

1881 3304 2104 3367 amicos,
2153 3318 2290 3373 quos
2322 3300 2451 3373 mihi
2481 3300 2625 3358 Deus
2663 3300 2881 3357 donavit
2909 3300 3138 3373 fideliter
3159 3342 3173 3366 ,
3218 3310 3477 3373 quantum

1879 3375 2054 3440 valeo,
2100 3371 2369 3439 servabo;
2414 3372 2492 3429 sic
2517 3382 2572 3427 et
2609 3374 2730 3438 hos,
2754 3388 2892 3442 quos
2912 3371 3106 3442 reliqui
3136 3373 3190 3426 in
3220 3371 3417 3442 patria.
3459 3391 3476 3422 ι

1879 3445 1945 3500 Ει
1973 3462 2039 3500 ex
2061 3444 2176 3515 jam
2206 3444 2364 3499 dictis
2410 3453 2598 3515 patet,
2642 3441 2805 3515 quam
2851 3444 3036 3515 iniqua
3082 3441 3246 3515 fuerit
3287 3443 3402 3515 haec
3429 3442 3481 3515 in

1879 3516 2030 3585 illum
2060 3512 2359 3581 calumnia;
2385 3512 2629 3571 econtra
2650 3512 2815 3585 quam
2841 3512 2968 3569 vere
2995 3514 3061 3568 de
3088 3512 3177 3585 illo
3197 3514 3479 3585 scripserit

1878 3584 2375 3665 Malmesburieusis
2537 3604 2554 3641 ι
2581 3582 2713 3657 Reg.
2742 3585 2900 3658 Angl.
2920 3626 2934 3649 ,
2978 3583 3183 3665 cap.-6_,
3216 3582 3394 3665 illum.
3417 3583 3475 3637 in

1879 3658 2003 3713 aula
2042 3656 2221 3713 Caroli
2251 3674 2358 3713 non
2403 3655 2569 3713 fuisse
2596 3655 3339 3725 suorum'compatriotarum
3381 3655 3483 3709 itu-

1879 3743 2198 3794 memorem,
2246 3729 2341 3785 sed
2370 3736 2429 3782 ut
2472 3728 2857 3799 imperatorem
2904 3728 2960 3783 in
3003 3726 3242 3799 amicitia
3287 3741 3480 3781 eorum

1878 3810 2250 3866 conservaret,
2282 3799 2630 3855 allaborasse.

1948 3871 2010 3927 C.
2044 3870 2194 3938 Quos
2219 3873 2446 3933 interea,
2495 3872 2621 3926 dum
2646 3869 2907 3926 Alcuinus
2934 3869 2990 3925 in
3016 3869 3196 3939 patria
3239 3883 3336 3923 sua
3360 3882 3478 3923 mo-

1877 3941 2133 4007 rabatur,
2189 3942 2452 3998 tumultus
2478 3941 2678 3997 Felicis
2707 3941 2944 4012 episcopi
2977 3940 3290 4012 Urgellitani
3338 3955 3477 3994 nova

1879 4016 2133 4085 dogmata
2184 4014 2240 4069 in
2288 4013 2557 4085 Francia;
2603 4010 2766 4085 atque
2808 4010 3087 4085 Elipanti',
3144 4010 3479 4085 aliorumque

1875 4081 2252 4166 episceporum
2304 4084 2380 4166 illi
2422 4081 2832 4166 .adbgere‘titiurn.
2879 4082 3141 4166 adversus
3173 4081 3477 4166 .veritat'em

1878 4149 2202 4209 catholicam
2232 4153 2510 4208 molimina
2537 4154 2593 4206 in
2614 4151 2869 4221 Hispania
2896 4149 3270 4211 excitaverint,
3290 4164 3479 4221 narra-

1875 4222 2055 4277 bimus
2078 4224 2133 4277 in
2161 4222 2550 4278 Dissertatione
2573 4220 3029 4275 nostr'ahistorica
3051 4236 3197 4275 num.
3232 4220 3300 4275 l5
3321 4236 3473 4290 seqq.

1878 4292 1985 4348 Pro
2031 4293 2284 4349 sedandis
2327 4293 2478 4349 hisce
2525 4292 2722 4357 turbis,
2766 4291 3275 4362 compescendisque
3302 4290 3356 4346 in
3388 4306 3478 4348 ec-

1878 4364 2044 4438 elesia
2069 4372 2168 4438 et
2192 4379 2359 4438 regno
2400 4364 2549 4438 hisce
2565 4362 2902 4438 tumultibus
2913 4362 3057 4438 nihil
3099 4378 3206 4417 non
3229 4363 3345 4438 egit
3381 4376 3477 4418 rex

1878 4434 2377 4491 Christianissimus
2424 4434 2669 4491 Carolus.
2724 4435 3022 4491 Consilium
3048 4450 3176 4505 ergo
3226 4434 3289 4489 in
3332 4434 3478 4489 hunc

1880 4507 2042 4562 ﬁnem
2071 4523 2192 4563 cum
2219 4506 2459 4561 Adriano
2483 4522 2696 4563 summo
2726 4507 2977 4576 pontifice
2996 4546 3010 4569 ,
3056 4504 3176 4561 cum
3204 4504 3472 4576 episcopis

1880 4578 2046 4633 totius
2075 4578 2226 4650 regni
2250 4578 2635 4650 aliisqueviris
2657 4575 2799 4632 fama
2821 4576 3200 4650 ecclesiastica:
3225 4575 3477 4650 eruditio-

1875 4650 1962 4704 nis
1989 4657 2097 4704 eta
2139 4645 2254 4704 ielo
2296 4645 2419 4703 ﬁdei
2450 4648 2552 4703 sibi
2575 4646 2965 4703 commendatis
2988 4646 3238 4710 initurus,
3277 4645 3479 4700 nullius

1876 4735 2040 4790 quam
2083 4719 2297 4774 Alcuini
2338 4733 2561 4790 operam
2603 4719 2659 4772 in
2711 4718 2797 4790 illa
2854 4717 3219 4790 controversia
3271 4716 3477 4790 exstin-

1876 4786 2089 4861 guenda
2114 4786 2391 4861 utiliorem
2410 4787 2528 4843 fore
2565 4788 2916 4861 existimavit.
2962 4788 3140 4861 Ipsum
3176 4802 3306 4857 ergo
3334 4786 3475 4842 dalis

1877 4858 1975 4916 abs
2003 4860 2165 4916 dubio
2205 4859 2420 4925 litteris,
2467 4875 2536 4915 ex
2578 4859 2770 4930 Anglia
2806 4858 3071 4930 evocavit,
3121 4858 3475 4930 hortatusque

1877 4940 1961 4988 est
1988 4940 2048 4986 ut
2076 4932 2178 4986 iter
2204 4945 2381 4995 suum,
2437 4938 2641 5000 quanto
2670 4926 2834 4984 citius
2860 4928 2977 4984 fieri
3001 4929 3191 5000 possit,
3223 4928 3275 4981 in
3304 4926 3474 4980 Fran-

1877 5003 2018 5058 ciam
2065 5002 2413 5066 acceleraret,
2464 5001 2566 5055 sibi
2611 5002 2665 5057 in
2709 5001 3259 5070 expugnandaisecta
3302 5012 3475 5066 nuper

1877 5082 2090 5139 exorta,
2138 5088 2259 5144 qua;
2288 5071 2828 5144 catholic:e_veritati
2846 5069 3131 5144 eontraria
3158 5084 3279 5125 esse
3306 5083 3471 5144 appa—

1878 5146 2051 5207 rebat,
2074 5138 2274 5199 auiilio
2295 5141 2525 5199 futurus.
2550 5142 2791 5198 Vocante
2814 5140 3223 5213 siquidemrege
3238 5138 3473 5213 maxime

1879 5214 2164 5281 catholico,
2216 5214 2463 5282 quamvis
2504 5230 2611 5269 non
2651 5213 2769 5269 sine
2813 5210 2945 5268 nutu
2981 5228 3045 5268 ac
3070 5210 3471 5282 dispensatione

1879 5287 2095 5357 divina,
2118 5286 2173 5340 in
2200 5283 2486 5357 Franciam
2509 5285 2802 5357 sevenisse
2812 5284 3083 5357 élcuinus
3105 5283 3218 5353 ipse
3244 5288 3475 5357 testatur

1879 5358 1936 5413 in
1960 5351 2173 5427 praefat.
2204 5356 2273 5411 ad
2298 5356 2466 5411 libros
2511 5351 2772 5412 adversus
2811 5351 3140 5427 Elipantum,
3186 5359 3242 5408 et
3266 5351 3470 5427 libror,

1879 5421 2161 5499 num..l6.
2192 5427 2325 5483 Vide
2347 5428 2511 5481 etiam
2551 5442 2672 5499 quae
2701 5428 2771 5499 de
2796 5421 2987 5481 hac're
3014 5424 3249 5479 diximus
3273 5423 3329 5477 in
3375 5421 3471 5477 cit.

1878 5498 2274 5555 Dissertatione
2298 5505 2500 5561 nostra,
2528 5497 2679 5553 num.
2705 5497 2796 5553 25.

1952 5570 2036 5626 Cl.
2074 5569 2334 5641 Alcuinus
2372 5584 2503 5641 ergo
2526 5569 2548 5636 ,'
2588 5564 3080 5641 divinaavocationi
3118 5572 3194 5641 et_
3209 5563 3353 5641 regis
3379 5577 3475 5641 vo-

1880 5641 2074 5697 luntati
2105 5634 2506 5710 obtemperans,
2528 5634 2714 5710 patria
2740 5638 2947 5702 relicta,
2994 5634 3473 5710 secundo‘j_am_in

1880 5712 2185 5778 Franciam,
2239 5704 2381 5766 nunc
2414 5704 2673 5782 perpetuo
2703 5710 2776 5764 ibi
2818 5704 3348 5782 mansprus_rediit._
3370 5704 3477 5782 Faf

1881 5794 2029 5841 ctum
2052 5784 2125 5851 id,
2157 5775 2449 5855 postquam
2469 5775 2622 5855 Felix
2642 5782 2697 5835 in
2721 5779 2950 5836 concilio
2969 5777 3352 5855 Ratisbonensi
3373 5775 3475 5855 fuit

1879 5855 2087 5917 erroris
2096 5843 2401 5922 damnatus,
2415 5851 2722 5925 ibidemque
2734 5859 2998 5926 acpostea
3009 5866 3195 5911 coram
3202 5843 3475 5909 Adriano!
