4078 6324
233 396 291 452 65
1416 382 1730 441 FROBENII
1766 380 2279 439 COMMENTATIO.
2386 350 2393 359 ’
3399 376 3470 435 se

232 509 361 583 illum
405 501 1068 583 sempersempellaierit-
1115 499 1209 583 Si?
1251 500 1305 555 in
1334 498 1633 583 ,βρίειρέθηι
1665 498 1777 583 ,μί
1812 503 1862 562 Α
1888 512 2033 583 eu"!
2072 491 3137 583 τιιίεηξςὶτηρξιξ,εῆιιιείὲτει.ερῑξφντξιῖ,
3162 491 3471 583 ﬂeeces

231 580 375 650 (nunc
400 569 652 650 _HO)_;id_
683 569 828 628 illum
869 575 1139 650 directam
1184 569 1782 650 inscribit__:_AB_enedic‘t_o

228 640 372 704 iuncti
390 640 652 701 Benedicti
668 661 829 715 puero
856 643 1069 709 Mauro,
1092 650 1147 698 et
1170 657 1391 698 carmen
1410 640 1518 696 250
1540 641 1614 695 ita
1639 640 1787 696 ordi-

226 731 339 775 tur:
1301 752 1308 783 ι

330 805 539 870 Hostilii
558 811 731 858 sancte
755 820 879 870 puer
894 806 1155 870 Benedicti
1180 809 1351 858 laure
1372 818 1600 857 camenos

386 868 591 918 Albinus
613 867 1036 920 vates'versiculis
1059 871 1254 919 cecinit.

220 954 369 1008 Porro
397 951 652 1007 scientias
675 968 812 1021 quas
837 951 1092 1006 Rabanus
1116 959 1265 1016 tunc,
1288 950 1516 1007 Alcuino
1541 950 1782 1014 doctore,

220 1025 488 1088 didicerat,
541 1023 656 1092 ipse
699 1031 964 1079 memorat
1011 1023 1065 1077 in
1107 1023 1349 1078 carmine
1382 1023 1525 1092 quod
1571 1021 1684 1090 ipse
1730 1021 1785 1075 in

216 1109 425 1218 Bersona
445 1093 660 1175 Alcuini
688 1102 881 1175 sancto
904 1093 1379 1176 Martino_obtulit,
1418 1102 1477 1176 et
1502 1093 1785 1173 praeﬁxum

248 1164 423 1218 abetur
448 1164 603 1218 libris
636 1165 710 1218 De
741 1163 988 1218 laudibus
1011 1180 1222 1218 crueis:
1248 1164 1395 1218 quod
1416 1172 1557 1218 inter
1578 1179 1780 1218 carmi-

248 1164 423 1218 abetur
448 1164 603 1220 libris
636 1165 710 1218 De
741 1163 988 1218 laudibus
1011 1165 1222 1230 crucis;
1248 1164 1395 1235 quod
1416 1161 1557 1219 inter
1578 1161 1780 1219 carmi-

216 1251 273 1289 na
293 1235 565 1305 supposita
601 1235 919 1290 exhibemus
960 1243 1090 1289 tom.
1125 1236 1188 1299 ll,
1221 1251 1391 1290 carm.
1442 1235 1536 1301 l7,
1583 1235 1636 1288 in
1679 1248 1787 1303 quo

212 1304 451 1361 Alcuinus
478 1306 557 1360 ita
590 1306 655 1361 de
678 1305 901 1360 Rabano
927 1321 1127 1361 canens
1152 1305 1426 1386 inducitur
1450 1323 1461 1358 :

316 1397 508 1461 Nempe
537 1410 633 1461 ego
648 1410 764 1461 cum
789 1396 976 1446 fueram
1000 1405 1161 1447 custos
1185 1397 1482 1461 humilisque
1499 1397 1724 1447 minister

385 1459 535 1508 Istius
555 1458 782 1530 ecclesias
807 1461 1148 1530 (aL-dogmata
1166 1472 1300 1530 sacra
1322 1458 1514 1530 legens,

325 1521 469 1571 Hunc
496 1536 701 1582 puerum
723 1522 864 1571 docui
890 1520 1039 1570 divini
1056 1522 1238 1581 famine
1261 1520 1393 1571 verbi

380 1583 571 1633 lintea:
591 1586 785 1631 monitis
811 1591 861 1631 et
880 1582 1060 1641 sophia:
1082 1584 1274 1640 stadiis,
1304 1590 1399 1632 etc.

316 1643 482 1692 Abbas
508 1658 716 1705 namque
739 1658 856 1693 suus
881 1644 1133 1693 Fuldensis
1148 1650 1312 1693 rector
1330 1643 1471 1694 ovilis

380 1705 525 1755 linum
552 1707 647 1755 huc
666 1707 851 1754 direxit
869 1706 925 1755 id
953 1716 1030 1754 tua
1058 1715 1207 1764 tecta,
1238 1706 1383 1754 Pater
1410 1717 1424 1753 :

316 1766 427 1826 Quo
453 1780 644 1817 mecum
670 1767 869 1827 legeret
888 1767 1027 1817 metri
1046 1767 1358 1816 scholasticus
1377 1773 1530 1817 artem

374 1827 689 1891 Scripturam
709 1835 755 1879 et
775 1842 965 1878 sacram
983 1831 1081 1879 rite
1103 1837 1293 1889 pararet
1312 1842 1479 1878 ovans.

206 1910 400 1981 Exiguo
429 1920 612 1966 tamen
644 1919 886 1980 tempore
933 1910 1189 1981 Rabanus
1232 1910 1517 1965 Alcuinum
1549 1908 1781 1965 Turonis

205 1980 537 2051 auscultavit,
566 1983 612 2036 si
640 1982 701 2035 D.
731 1981 1018 2036 Mabillonii
1043 1980 1352 2049 conjectura
1374 1998 1480 2035 non
1505 1981 1661 2047 fallit,
1687 1981 1781 2051 qui

203 2050 314 2105 libr.
338 2068 493 2107 xxvu
519 2052 827 2115 Annalium,
853 2069 1000 2105 num.
1034 2052 1101 2106 12
1121 2060 1324 2117 censet,
1352 2051 1632 2106 Rabanum
1654 2050 1782 2106 ado-

201 2120 486 2193 lescentem
501 2121 612 2191 jam
638 2131 691 2177 et
717 2122 912 2177 litteris
932 2132 1203 2191 utcunque
1237 2123 1533 2187 imbutum,
1570 2130 1629 2176 ut
1657 2131 1784 2193 pote

192 2189 294 2277 jani
326 2209 475 2277 anno
505 2189 687 2277 priore
730 2193 1017 2277 diaconum
1058 2189 1401 2277 ordinatum,
1446 2210 1477 2247 a
1521 2189 1780 2264 Ratgario

196 2264 410 2334 abbate,
440 2262 528 2319 cui
554 2262 845 2334 Baugulfus
886 2280 1028 2319 anno
1056 2265 1163 2320 802
1191 2266 1464 2320 abbatiam
1511 2262 1781 2330 cesserat,

194 2330 354 2387 fuisse
383 2335 634 2390 Turonos
665 2330 920 2399 missum;
964 2335 1181 2389 biennio
1217 2343 1342 2389 ante
1382 2334 1527 2390 beati
1569 2334 1783 2390 Alcuini

190 2402 419 2457 obitum.
456 2406 652 2460 Verum
684 2406 820 2458 nihil
845 2407 1025 2459 obstat
1059 2406 1352 2474 “quominus
1396 2406 1564 2472 priori
1603 2406 1784 2474 aliquo

190 2482 440 2543 tempore
470 2476 537 2528 ab
564 2474 758 2528 abbate
797 2490 896 2528 suo
927 2474 1183 2528 Bausull‘o
1206 2515 1221 2539 ,
1259 2474 1501 2543 Ratgarii
1536 2482 1786 2529 anteces-

187 2558 342 2607 sore,
381 2543 517 2597 illuc
562 2544 702 2597 mitti
742 2544 1009 2612 potuerit,
1060 2544 1244 2613 ibique
1282 2544 1584 2613 perstiterit
1636 2551 1788 2600 tanto

189 2622 440 2683 tempore
471 2614 612 2683 quod
641 2613 709 2667 ad
736 2615 1022 2669 discendas
1061 2612 1208 2669 artes
1245 2612 1525 2678 liberales,
1552 2613 1787 2683 philoso-

190 2684 402 2755 phiani,
437 2684 669 2738 ethicam
709 2692 763 2739 et
808 2700 1018 2755 sacram
1048 2684 1385 2755 Scripturam
1412 2683 1656 2755 suilicere
1693 2701 1789 2755 po-

195 2752 305 2808 tuit.
338 2752 508 2807 Certe
537 2770 601 2808 ex
636 2763 885 2823 poemate
932 2754 997 2807 15
1041 2754 1095 2807 in
1140 2752 1247 2823 quo
1283 2754 1400 2808 viro
1429 2752 1786 2811 celeberrimo

198 2825 472 2895 Videbatur
492 2825 636 2895 hanc!
650 2823 866 2895 Rabani
889 2823 1201 2879 missionem
1221 2824 1479 2895 Ratgario
1508 2834 1782 2895 acceptam

202 2894 400 2965 referri,
432 2894 566 2949 nihil
592 2893 735 2949 aliud
772 2895 999 2949 discitur
1039 2911 1200 2964 quain
1250 2893 1392 2965 quod
1437 2909 1504 2949 ex
1541 2893 1785 2952 bonitate

199 2962 429 3038 Ratgarii
481 2964 648 3020 libros
700 2966 971 3038 habuerit,
1012 2962 1506 3038 etquod—eosdem
1538 2981 1568 3018 a
1612 2972 1785 3021 semet

200 3036 530 3107 com'pilatos,
554 3044 741 3107 postea
765 3051 894 3091 vero
923 3036 1035 3107 sibi,
1052 3036 1263 3090 ablatos
1295 3051 1491 3105 magna
1513 3051 1639 3091 cum
1666 3050 1783 3091 mo-

198 3106 349 3161 destia
374 3107 690 3177 repetierit;
722 3107 791 3160 ita
827 3107 972 3161 enim
1005 3106 1076 3160 ibi
1110 3108 1293 3162 canit:

305 3197 411 3248 Jam
437 3198 561 3247 mihi
587 3201 827 3247 conceSsit
851 3199 1041 3247 bonitas
1066 3205 1147 3248 tua
1171 3198 1362 3248 discere
1387 3197 1540 3250 libros

361 3259 473 3309 Sed
490 3274 602 3323 mea
629 3269 886 3323 paupertas
906 3260 1107 3310 sull'ocat
1132 3262 1343 3322 ingenii.

304 3322 530 3386 Mequia
551 3322 856 3384 quaecunque
875 3324 1149 3386 dei-uerunt
1164 3334 1253 3386 ore
1270 3322 1514 3386 magistri,

361 3384 439 3433 Ne
476 3396 595 3443 vaga
619 3396 758 3432 mens
776 3385 964 3446 perdat,
990 3393 1161 3446 cuncta
1185 3384 1299 3433 dedi
1322 3385 1466 3437 foliis.

304 3444 425 3495 Hinc
446 3458 651 3507 quoque
672 3444 801 3510 nunc
814 3453 1035 3510 constant
1054 3445 1252 3510 classa,
1275 3448 1509 3508 parvique
1534 3444 1714 3510 libelli,

359 3511 509 3568 Quos
532 3519 704 3569 precor
723 3508 923 3569 indigno
944 3508 1157 3556 reddere
1182 3510 1451 3570 praecipias.

257 3590 460 3647 CXVII.
507 3588 821 3644 Studiorum
867 3590 1043 3645 socios
1082 3590 1338 3646 Rabamis
1385 3592 1441 3646 in
1479 3591 1780 3649 Turonensi

198 3661 457 3716 academia
494 3660 682 3715 habuit
702 3661 1008 3725 Hattonem,
1032 3661 1347 3717 Haimonem
1372 3671 1427 3717 et
1448 3663 1778 3728 Samuelem,

229 3748 314 3786 uos
338 3747 511 3804 supra
538 3732 829 3804 nominavi.
859 3732 934 3804 De
955 3732 1204 3804 Hattone,
1232 3734 1324 3803 qui
1348 3734 1489 3788 inter
1509 3735 1783 3789 litteratos

263 3802 415 3859 nasus
446 3803 869 3871 mgnoniinatus
897 3802 1028 3869 fuit,
1062 3803 1115 3857 id
1146 3802 1360 3859 constat
1386 3820 1453 3859 ex
1482 3806 1625 3861 notis
1649 3806 1783 3860 Bro-

197 3875 313 3928 weri
335 3876 401 3941 ad
420 3888 628 3944 poema
661 3874 749 3938 15,
782 3881 842 3928 ιιι
864 3889 1015 3927 num.
1046 3874 1215 3943 priori
1244 3875 1500 3930 diximus.
1540 3877 1619 3931 De
1648 3876 1779 3930 llai—

198 3958 337 4017 [none
367 3945 522 4000 idem
556 3944 731 4015 colligi
752 3960 918 4017 posse
950 3944 1162 4017 videtur
1179 3960 1247 4000 ex
1268 3945 1583 4016 praefatione
1601 3946 1782 4017 operis

198 4013 263 4069 De
284 4017 563 4087 universo,
590 4013 728 4087 quos
750 4015 1003 4087 Rabanus
1024 4016 1126 4085 ipsi
1146 4013 1496 4087 nuncupavit.
1533 4036 1552 4068 ‹
1579 4013 1784 4072 Memor

199 4098 320 4150 sum,
348 4085 712 4157 inquittboni
740 4086 924 4157 studii,
962 4097 1148 4141 sancte
1183 4085 1358 4157 pater,
1404 4089 1551 4157 quod
1586 4088 1782 4142 habui-

200 4157 259 4208 sti
312 4158 362 4210 in
410 4155 617 4227 puerili
674 4166 835 4226 atque
883 4155 1111 4223 juvenili
1150 4155 1307 4212 nitate
1366 4155 1438 4211 in
1478 4158 1781 4212 litterarum

202 4228 437 4282 exercitio
476 4236 531 4280 et
557 4241 835 4281 sacrarum
863 4227 1164 4282 litterarum
1195 4228 1570 4287 meditatione,
1606 4242 1782 4295 quan-

202 4295 259 4351 do
304 4312 525 4354 mecum
564 4296 802 4368 legebas
861 4313 971 4352 non
1020 4298 1193 4353 solum
1239 4298 1450 4368 divinos
1506 4297 1674 4352 libros
1729 4304 1785 4368 et

201 4378 501 4423 sanctorum
561 4367 783 4423 Patrum
833 4384 996 4436 super
1059 4383 1153 4424 eos
1209 4367 1574 4438 expositiones
1604 4408 1619 4432 ,
1690 4367 1785 4426 sed

200 4439 343 4493 etiam
395 4439 567 4507 hujus
612 4440 799 4494 mundi
841 4440 1162 4508 sapientium
1210 4439 1277 4493 de
1336 4454 1518 4493 rerum
1574 4438 1785 4495 naturis

202 4509 410 4566 tolertes
447 4511 845 4580 inquisitiones,
873 4526 1007 4580 quas
1034 4511 1089 4564 in
1119 4509 1422 4564 liberalium
1460 4511 1657 4565 artium
1691 4509 1783 4564 de-

201 4582 484 4650 scriptione
507 4590 564 4669 et
578 4590 899 4669 exterarum
916 4596 1103 4669 rerum
1125 4580 1540 4663 investigatione
1563 4595 1782 4669 compo-
1809 4608 1864 4669 Β

203 4661 424 4707 suerunt.
462 4672 484 4704 ›
523 4652 592 4707 Εῑ
618 4669 681 4708 ex
714 4654 818 4707 hoc
839 4652 1057 4720 quidem
1089 4652 1395 4706 testimonio
1421 4660 1633 4706 constat
1657 4652 1779 4705 Hai-

202 4734 396 4777 monem
424 4723 599 4779 fuisse
626 4722 836 4778 Rabani
871 4722 1330 4792 condiscipulum;
1364 4737 1466 4777 non
1493 4722 1620 4776 alibi
1645 4738 1777 4777 sane

204 4805 345 4859 quam
369 4795 466 4849 ubi
495 4794 607 4863 ipse
633 4794 889 4853 Babanus
913 4794 1083 4848 sacris
1107 4791 1344 4847 scientiis
1377 4800 1433 4846 et
1468 4791 1778 4863 liberalibus

206 4864 392 4919 artibus
417 4866 480 4919 in
506 4861 701 4934 puerili
729 4873 891 4934 atque
912 4864 1134 4934 juvenili
1163 4871 1338 4925 nitate,
1379 4870 1440 4917 ut
1474 4862 1561 4917 hic
1598 4861 1778 4934 loqui-

204 4939 298 5015 tur,
320 4930 653 5015 exercitatus
677 4930 977 5015 tuin-quod
1007 4936 1108 5015 sub
1146 4933 1373 5015 Alcuino
1402 4930 1779 5015 inagistrolfa-

207 5011 336 5058 ctum
358 5020 485 5061 esse
513 5006 647 5061 locis
668 5002 817 5061 nui'n.
844 5002 1026 5075 priore
1050 5006 1228 5059 citatis
1253 5005 1366 5074 ipse
1397 5002 1644 5075 testatur.
1674 5002 1779 5075 lgi-

207 5080 283 5129 tur
300 5077 516 5132 easdem
541 5077 797 5131 scientias
817 5074 872 5131 et
894 5085 1040 5131 artes
1062 5075 1252 5131 Haimo
1272 5075 1434 5129 etiam
1466 5074 1566 5129 sub
1588 5074 1777 5128 eodem

207 5147 476 5217 magistro,
500 5147 689 5212 iuncto
715 5164 839 5202 cum
870 5146 1094 5217 Rabano
1116 5146 1312 5217 studio,
1343 5145 1550 5217 didicit.
1581 5142 1784 5198 Nihilo-

206 5215 370 5273 minus
396 5218 461 5272 Ι).
491 5217 637 5289 Mab,
663 5218 715 5289 in
746 5219 933 5289 Elogio
962 5216 1241 5289 ﬂaimonis
1263 5215 1385 5289 Act.
1416 5215 1515 5289 SS.
1545 5230 1670 5289 saic.
1705 5229 1780 5289 iv,

206 5297 333 5408 ﬁert.
367 5306 410 5355 ι,
445 5304 573 5371 ωε.
614 5288 738 5372 6l9,
769 5284 930 5371 .nu'ni.
962 5288 1014 5354 7,
1060 5288 1223 5342 verba
1266 5288 1447 5367 citata_
1470 5284 1672 5340 Rabani
1715 5286 1783 5366 ad

252 5373 513 5408 aimoiiem
562 5360 809 5408 intelligit
862 5360 928 5408 de
972 5358 1156 5408 schola
1195 5357 1448 5408 FuldenSI
1474 5397 1489 5408 .
1534 5370 1783 5408 auamVIs

252 5355 809 5431 aimone'm'intelligit
862 5360 928 5415 de
972 5358 1157 5431 schola
1195 5356 1506 5431 Fuldensi,
1534 5355 1784 5431 quamvis

210 5425 386 5485 deinde
416 5430 690 5486 existimet
713 5425 899 5485 verum
929 5446 1050 5486 esse
1079 5429 1133 5483 id
1168 5428 1310 5497 quod
1345 5427 1534 5482 scribit
1569 5425 1783 5497 Trithe-

211 5496 357 5564 mitis,
384 5501 592 5557 scilicet
610 5500 928 5557 Haimonem
951 5516 1074 5558 cum
1095 5496 1319 5553 Rabano
1339 5497 1550 5552 Alcuini
1575 5496 1785 5551 audito-

212 5580 314 5623 rem
342 5570 507 5627 fuisse
538 5572 593 5627 in
623 5572 950 5628 monasterio
981 5570 1302 5627 Turonensi.
1333 5567 1456 5623 Fuit
1482 5574 1629 5623 certe
1656 5564 1785 5621 llai-

214 5651 293 5707 tuo
324 5639 531 5698 Rabani
573 5643 627 5697 in
663 5644 992 5700 monasterio
1028 5640 1281 5696 Fuldensi
1320 5638 1627 5695 monasticae
1658 5653 1785 5707 pro-

217 5704 451 5769 fessionis
484 5714 683 5780 socius,
722 5715 890 5771 abbas
924 5714 1116 5772 deinde
1146 5708 1557 5776 Hersi‘eldensis,
1598 5704 1676 5766 ac'
1692 5710 1784 5766 de-

281 5845 355 5917 (a)
377 5846 435 5904 Id
461 5860 543 5906 est
574 5847 633 5905 S.
663 5847 897 5905 Martini.

1886 568 2035 623 densi
2059 583 2199 621 anno
2227 563 2323 620 841
2360 564 2631 621 suffectus.
2661 563 3026 636 De_Haiinone
3049 565 3139 636 qui
3167 565 3308 619 inter
3328 565 3471 620 litte-

1884 646 2031 693 ratos
2061 652 2211 691 more
2237 636 2377 693 illius
2400 650 2694 706 cognomen
2721 634 3019 691 Prwclarus
3053 634 3190 700 tulit,
3226 635 3473 706 illiusque
3543 634 3547 641 ”

1884 708 2101 778 scriptis
2123 707 2287 778 variis
2322 707 2526 763 consuli
2553 715 2779 778 possunt
2796 707 2858 760 D.
2884 706 3223 761 Mabillonius
3241 707 3343 761 loc.
3374 707 3469 773 cit,

1884 786 1939 835 et
1960 775 2214 860 ρξῐξτὶχςι,
2226 777 2369 860 Hist.
2397 778 2502 860 Lit1
2511 775 2575 860 αξ
2589 779 2641 831 ta
2658 775 3031 860 ranee,tom:
3048 778 3111 860 V_,
3127 792 3179 860 p_.
3199 777 3297 860 111
3316 792 3469 860 seqq.

1955 849 2181 906 CXVIII.
2224 849 2438 903 Eisdem
2464 848 2671 905 Rabani
2695 849 2855 904 sociis
2881 850 2933 903 in
2958 848 3135 904 schola
3156 848 3299 904 beati
3320 847 3471 902 Albi-

1884 921 1940 975 ni
1970 920 2202 976 Turonis
2226 919 2663 974 aiinumerandus
2687 929 2770 975 est
2796 919 3039 985 Samuel,
3072 928 3259 990 postea
3292 918 3468 973 factus

1887 992 2063 1072 abbas
2086 990 2597 1072 Lauresheimensis,
2629 998 2790 1060 atque
2820 991 2941 1072 inde
2968 1007 3110 1072 anno
3133 992 3238 1046 838
3263 990 3329 1071 ad
3354 990 3469 1072 epi-

1887 1070 2161 1132 scopatum
2193 1060 2639 1132 Wormatiensem
2676 1059 3185 1132 promotusretento
3210 1059 3469 1132 regimine

1887 1130 2332 1196 sui—monasterii,
2356 1139 2415 1185 ut
2447 1132 2609 1185 tradit
2634 1130 2695 1185 DZ
2727 1132 2924 1188 Mabill.
2953 1131 3043 1188 lib.
3071 1149 3222 1188 xxxn
3242 1130 3466 1197 Annal.,

1887 1220 2035 1259 num.
2068 1203 2119 1256 3.
2156 1202 2451 1273 Amborum
2488 1217 2721 1273 namque
2753 1218 3091 1259 communem
3129 1202 3295 1258 fuisse
3325 1216 3469 1273 praef

1886 1282 2156 1345 ceptorem
2194 1272 2446 1327 Albinum
2483 1272 2599 1341 ipse
2636 1271 2890 1329 Rabanus
2923 1282 3154 1331 testatur
3196 1271 3363 1330 carni.
3402 1272 3464 1326 2i

1886 1345 1943 1397 in
1972 1345 2058 1397 his
2086 1344 2331 1397 versibus
2356 1358 2370 1397 :
2874 1383 2877 1386 μ

1886 1344 2058 1400 inibis
2086 1344 2331 1399 versibus
2356 1358 2370 1397 :
2874 1383 2877 1386 .

2012 1433 2148 1499 Quod
2171 1432 2411 1496 quondam
2433 1430 2825 1499 docuitAAlbinus
2840 1432 2938 1483 rite
2960 1435 3219 1499 magister,

2070 1495 2174 1544 Hoc
2192 1495 2365 1558 pectus
2390 1502 2580 1557 teneat,
2601 1496 2690 1543 hoc
2715 1506 2837 1555 Opus
2859 1507 3004 1544 omne
3026 1495 3223 1558 probet.

1884 1577 2009 1633 Fuit
2032 1594 2160 1632 vero
2184 1577 2271 1632 hic
2299 1576 2515 1632 Samuel
2543 1576 2752 1632 Rabani
2781 1578 2834 1631 iii
2858 1577 3039 1632 schola
3064 1578 3317 1635 Fuldensi
3347 1595 3474 1635 cou~

1885 1648 2076 1712 lector,
2117 1650 2256 1704 sicut
2286 1656 2443 1702 antea
2483 1647 2623 1702 illius
2649 1648 2702 1702 in
2732 1648 2916 1703 schola
2958 1648 3258 1705 Turonensi
3292 1651 3477 1706 condi—

1888 1720 2143 1789 scipulus,
2171 1719 2315 1789 quod
2339 1733 2407 1772 ex
2434 1719 2784 1788 sequentibus
2807 1719 3053 1776 versibus
3083 1719 3321 1788 ejusdem
3351 1736 3474 1777 car-

1887 1791 2050 1845 minis
2080 1797 2229 1861 patet
2252 1805 2267 1843 :

2010 1885 2258 1947 Quondam
2282 1896 2674 1947 namquemeum
2696 1884 2965 1947 gaudebam
2990 1889 3042 1936 te
3066 1896 3179 1937 esse
3197 1883 3436 1947 sodalem,

2065 1945 2202 1997 Inter
2226 1945 2463 2008 lectores,
2489 1946 2638 1997 frater
2662 1945 2820 1997 amate
2844 1945 2983 1997 mihi.

1883 2030 2079 2088 Subdit
2102 2048 2233 2088 vero
2257 2051 2269 2086 :

2009 2111 2148 2162 Nunc
2169 2123 2366 2175 quoque
2388 2116 2441 2163 te
2464 2109 2680 2174 gratulor
2698 2112 2918 2175 retinere
2933 2111 3039 2175 jura
3064 2110 3301 2175 magistri,

2069 2173 2309 2226 Crescere
2336 2173 2537 2235 virtute,
2560 2175 2714 2236 patris
2731 2173 2920 2223 habere
2942 2173 3119 2225 locum.

1882 2257 2091 2326 Quibus
2118 2258 2362 2314 innuitur
2378 2259 2520 2328 quod
2551 2256 2767 2311 Samuel
2785 2254 2898 2325 jam
2928 2257 3094 2312 abbas
3116 2264 3169 2312 et
3191 2258 3473 2328 episcopus

1884 2345 2083 2384 inunus
2111 2329 2337 2385 docendi
2379 2327 2661 2383 retinuerit
2698 2335 2752 2382 et
2788 2329 3093 2382 exercuerit
3129 2338 3278 2397 pater
3313 2327 3473 2381 simul

1883 2408 1941 2469 et
1958 2402 2226 2469 magister.
2253 2399 2453 2453 Mabill.
2482 2400 2534 2452 in
2559 2397 2744 2467 Elogio
2770 2398 2915 2469 beati
2944 2397 3150 2469 Rabaiii
3182 2397 3209 2467 §
3234 2398 3299 2469 ἱλὶ,⁸
3319 2413 3466 2469 num.

1886 2468 1975 2548 10.
2013 2466 2072 2522 lu
2098 2469 2326 2548 epistola
2357 2469 2459 2548 1ῥό
2480 2466 2739 2522 Alcuin’us
2758 2468 2999 2548 scribens
3018 2466 3472 2548 adquemdamﬂ-

1886 2538 2016 2591 lium
2046 2535 2148 2592 seu
2184 2538 2504 2605 discipulum
2546 2553 2725 2601 suum,
2761 2537 2854 2601 ait,
2891 2537 3034 2605 quod
3066 2535 3193 2591 olim
3225 2536 3324 2590 sub
3357 2535 3474 2604 ejus

1885 2608 2104 2663 nomine
2128 2615 2184 2663 et
2209 2605 2559 2676 condiscipuli
2585 2607 2666 2662 sui
2696 2605 2957 2661 Samuelis
2978 2606 3340 2676 composuerit
3362 2606 3475 2676 epi-

1886 2622 2104 2663 nomine
2128 2622 2184 2663 et
2209 2622 2559 2676 condiscipuli
2585 2622 2666 2662 sui
2696 2622 2957 2661 oamuem
2978 2622 3340 2731 comlposuerit
3362 2622 3475 2676 epi-

1886 2678 2081 2734 stolam
2121 2678 2198 2732 De
2224 2677 2578 2747 benedictione
2599 2678 3038 2747 patriarcharum.
3131 2677 3269 2731 ullus
3292 2677 3476 2733 dubito

1885 2750 2014 2818 quin
2050 2748 2139 2802 hic
2163 2749 2303 2818 idem
2339 2748 2411 2818 sit
2441 2746 2658 2818 Samuel
2695 2747 2760 2818 de
2797 2762 2904 2816 quo
2946 2748 3035 2801 hic
3072 2749 3315 2818 agimus;
3354 2748 3476 2817 quis

1884 2817 2131 2887 verorille
2160 2817 2322 2871 fuerit
2353 2817 2468 2885 ejus
2492 2817 2887 2885 condiscipulus
2907 2857 2921 2881 ,
2955 2818 3215 2887 ignotum.
3268 2817 3476 2871 Laudat

1881 2886 2144 2944 Alcuinus
2179 2888 2322 2942 illius
2358 2887 2723 2949 devotionem,
2764 2896 2965 2941 sanctae
2986 2886 3279 2957 sapientia:
3312 2888 3476 2942 deco-

1881 2974 2017 3026 rem,
2060 2965 2116 3013 et
2157 2972 2276 3030 eam
2323 2957 3174 3030 addiscendi_studium;_iquod
3218 2958 3472 3030 maxime,

1882 3029 2080 3099 inquit,
2111 3029 2217 3083 tuis
2241 3028 2403 3099 modo
2430 3028 2687 3099 competit
2710 3028 2866 3083 annis
2888 3028 2971 3083 vel
2993 3028 3091 3099 pro
3110 3037 3325 3099 aeterna:
3347 3029 3471 3083 vitae

1880 3098 2231 3162 beatitudine,
2274 3098 2357 3153 vel
2395 3114 2494 3169 pro
2533 3098 2804 3153 saecularis
2842 3098 3065 3153 honore.
3097 3117 3117 3150 ι
3156 3098 3282 3153 Fuit
3312 3099 3477 3169 igitur

1883 3114 2231 3162 beatitudine,
2274 3114 2357 3153 vei
2395 3114 2494 3224 Ero
2533 3114 2804 3153 saecularis
2843 3114 3065 3153 nonore.
3097 3117 3117 3150 ι
3156 3114 3282 3153 ruit
3313 3114 3477 3169 igitur

1883 3171 1975 3227 hic
1999 3170 2213 3227 Alcuini
2232 3169 2375 3240 illius
2432 3183 2556 3224 omo
2576 3169 2880 3240 saecularis;
2907 3170 3053 3240 quod
3078 3168 3316 3240 impedit,
3339 3185 3477 3239 quo-

1802 3219 1856 3287 c
1884 3219 2241 3298 minusillum
2267 3239 2549 3295 Babauum
2575 3239 2741 3295 fuisse
2770 3219 3293 3294 certojaﬂirmeinus.

1952 3311 2139 3369 CXIX.
2177 3310 2315 3367 Vita:
2343 3311 2486 3365 beati
2516 3309 2727 3365 Alcuini
2763 3312 3171 3381 scriptornum.
3214 3310 3282 3364 14
3313 3309 3477 3365 Adal-

1879 3384 2097 3439 bertum
2144 3383 2285 3436 inter
2330 3381 2472 3436 illius
2516 3381 2805 3451 discipulos
2848 3380 2945 3437 abs
2989 3380 3152 3437 dubio
3194 3382 3248 3435 in
3290 3383 3476 3437 schola

1883 3453 2183 3509 Turonensi
2219 3460 2496 3516 recenset,
2534 3452 2714 3521 aitque
2747 3466 2868 3507 eum
2907 3467 3030 3508 cum
3067 3452 3385 3521 Raganardo
3419 3460 3475 3507 et

1881 3523 2236 3580 Waldramno
2256 3564 2271 3588 ,
2298 3523 2487 3577 ultimo
2508 3521 2620 3590 jam
2650 3523 2772 3577 vitae
2796 3521 2937 3578 illius
2962 3531 3203 3592 tempore
3226 3523 3471 3588 assidue,

1881 3605 2142 3665 quantum
2170 3594 2298 3665 illia
2323 3592 2734 3665 Sigulfo,cnjus
2756 3593 3050 3665 disciplinae
3078 3592 3317 3665 suberat,
3343 3607 3477 3665 con-

1882 3662 2191 3729 cedebatur,
2229 3662 2456 3720 Alcuiuo
2490 3664 2800 3719 adhaesisse.
2845 3664 3121 3719 Adalberti
3159 3663 3339 3719 socius
3372 3662 3476 3719 fuit

1880 3737 2149 3793 Aldricus.
2197 3735 2401 3791 Ambos
2448 3734 2706 3791 Alcuinus
2749 3734 3101 3806 Sigullosub
3146 3749 3243 3791 sua
3291 3743 3472 3806 tamen

1882 3808 2178 3863 directione
2221 3806 2545 3862 erudiendos
2590 3805 2852 3871 tradidit;
2897 3805 3093 3876 quibus
3150 3820 3274 3861 cum
3329 3805 3473 3860 idem

1885 3878 2124 3949 Sigulfus
2153 3878 2437 3949 Virgilium
2468 3892 2526 3931 se
2552 3877 2914 3949 secretissime
2951 3876 3137 3949 legere
3171 3877 3472 3949 concessis—

1883 3946 1987 4015 set,
2023 3946 2271 4005 eumdem
2310 3947 2489 4003 acrius
2529 3948 2886 4018 reprehendit,
2934 3955 2995 4001 ut
3031 3946 3229 4002 ibidem
3278 3946 3476 4018 legitur

1883 4036 2035 4075 num.
2079 4020 2167 4074 19.
2191 4019 2482 4074 Adalberto
2524 4016 2761 4087 Sigulfus
2792 4032 2913 4071 cum
2960 4031 3130 4085 usque
3164 4018 3232 4071 ad
3262 4016 3470 4081 senium

1885 4092 1985 4145 sub
2012 4090 2201 4145 habitu
2239 4089 2499 4144 canonico
2534 4086 2873 4142 laudabiliter
2907 4086 3145 4147 vixisset,
3189 4101 3312 4139 cum
3347 4101 3476 4140 con-

1884 4176 2046 4215 sensu
2075 4159 2326 4221 fratrum,
2356 4158 2626 4212 Ludovico
2647 4160 2973 4224 imperatore
2994 4163 3283 4219 annuente,
3307 4170 3473 4224 spon-

1884 4239 1940 4285 te
1964 4228 2204 4297 regimen
2231 4227 2461 4281 abbatis:
2493 4226 2857 4282 Ferrariensis
2883 4226 3065 4291 cessit,
3099 4226 3469 4297 monachicam

1885 4295 2203 4381 religionem
2230 4299 2631 4381 assumpsit,_et
2654 4297 2780 4351 huic
2810 4312 2916 4381 suo
2949 4295 3473 4381 discipnlq,postliac

1886 4367 2076 4451 subjici
2102 4369 2284 4451 voluit,
2317 4376 2376 4423 ut
2403 4367 2592 4451 scribit
2608 4367 2790 4451 Lupus
2808 4368 2861 4423 in
2883 4368 3041 4451 epist.
3070 4367 3474 4451 29.‘Adalbc_rto

1886 4448 2009 4513 post
2037 4440 2588 4513 quartumregiminis
2620 4439 2703 4495 sui
2742 4456 2942 4513 annum
2974 4440 3256 4513 demortuo
3291 4439 3472 4513 Aldri—_

1887 4510 1985 4568 cus
2012 4512 2254 4567 unanimi
2277 4510 2502 4565 fratrum
2534 4526 2799 4566 consensu
2830 4512 2997 4567 abbas
3025 4511 3229 4566 electus
3254 4519 3358 4575 est,
3384 4511 3471 4567 cui

1884 4583 2133 4664 electioni
2157 4582 2458 4664 Ludovicus
2486 4584 2614 4651 imp.
2656 4581 3207 4664 assensumpraibuit
3237 4589 3293 4637 et
3330 4581 3476 4664 .favo-

1888 4669 2023 4718 rem,
2053 4656 2130 4724 uti
2155 4653 2320 4724 refert
2344 4668 2644 4724 anonymus
2669 4653 2806 4706 Vitae
2840 4651 2981 4707 beati
3004 4651 3211 4724 Aldrici
3240 4652 3475 4722 scriptor

1886 4723 2192 4806 apud-Diab.
2218 4723 2339 4778 Act.
2374 4720 2631 4805 'Ben.
2657 4738 2783 4777 saec.
2813 4736 3030 4803 iv,_pag.
3060 4720 3184 4803 570,
3208 4720 3365 4802 itum:
3383 4724 3471 4778 11.

1884 4793 2263 4918 idid???
2289 4792 2482 4918 ἓῗὲὣῖ
2668 4792 2935 4916 διξῗᾞῗξιέ.
2949 4792 3253 4917 “ita”???
3289 4792 3472 4916 iiii:

1884 4864 1991 4935 vici
2028 4861 2257 4935 Augusti
2290 4864 2482 4935 probat
2512 4862 2654 4935 idem
2689 4862 2751 4916 D.
2794 4861 3066 4935 Mabalib.
3108 4877 3266 4935 x_xix_
3289 4861 3475 4916 Anna-

1883 4934 2034 4998 lium,
2063 4931 2211 4988 num.
2242 4931 2330 4995 50,
2362 4948 2483 5003 pag.
2512 4932 2638 4997 475,
2669 4931 2915 5002 quamvis
2941 4931 3119 5003 illam,
3138 4933 3191 4986 in
3217 4932 3474 4988 observa-

1884 5005 2124 5061 tionibus
2148 5002 2459 5074 praeviis’ad
2473 5004 2718 5074 eamdem
2749 5003 2912 5057 vitam
2934 5002 3076 5058 beati
3093 5002 3294 5058 Alilrici
3319 5019 3469 5059 num.

1886 5076 1945 5140 4,
1984 5073 2203 5130 circiter
2239 5091 2440 5129 annum
2477 5073 2583 5132 824
2616 5074 2907 5145 contigisse
2947 5074 3357 5129 existimaverit.
3380 5074 3473 5145 Al-

1889 5146 2072 5201 dricus
2098 5145 2199 5201 iste
2241 5164 2262 5197 ‹
2288 5147 2390 5215 sub
2424 5144 2652 5200 Alcuino
2680 5144 2890 5215 abbate,
2938 5147 3198 5215 magistro
3232 5144 3471 5210 litterali,

1888 5216 1967 5270 uti
1997 5216 2191 5287 legitur
2216 5218 2270 5271 in
2299 5214 2414 5284 ejus
2441 5216 2566 5287 Vita
2592 5232 2741 5271 num.
2768 5213 2822 5282 4,
2850 5216 2904 5270 in
2925 5213 3254 5271 monasterio
3280 5215 3473 5287 Ferra-

1889 5285 2411 5358 riensi‘monachalis
2438 5286 2733 5358 disciplina:
2776 5287 3013 5358 suscepit
3058 5286 3357 5358 insignia.)
3404 5285 3474 5358 ll-

1891 5356 2002 5411 lum
2029 5357 2335 5441 Ludovicus
2354 5357 2490 5441 Aug.
2521 5355 2591 5414 ob
2612 5355 3051 5441 famam-pietatis
3071 5367 3125 5412 et
3150 5355 3473 5441 eruditionis

1887 5436 2273 5499 praeceptorem
2317 5426 2613 5499 palatinum
2656 5426 2955 5485 constituit.
3005 5429 3146 5485 Vero
3182 5426 3473 5482 admodum

1887 5499 2063 5580 simile
2095 5509 2180 5580 est
2208 5514 2535 5571 anonymnm
2577 5499 2725 5580 Viue
2747 5498 2960 5580 dlcuini
2982 5498 3314 5580 scriptorem
3349 5512 3473 5580 eam

1886 5567 2659 5643 lucubrationemiaggressurn
2697 5568 2866 5625 fuisse
2896 5568 3115 5643 Aldrja
3147 5583 3309 5638 quem
3344 5576 3479 5623 tunc

1886 5642 2228 5723 superstitem
2268 5638 2444 5723 fuisse
2480 5640 2864 5723 scribit_nniii.
2908 5638 2981 5721 19
3022 5638 3307 5723 hortante;
3353 5653 3481 5710 quas

1886 5708 2051 5767 etiam
2076 5710 2387 5782 conjectura
2429 5720 2514 5769 est
2547 5712 2613 5768 D.
2651 5708 2967 5777 Mabillonii,
2998 5709 3271 5768 observat.
3303 5708 3474 5783 priev.
