4078 6324
261 326 325 385 ss
630 300 635 313 ’
1429 320 1754 383 montana
1790 319 2351 394 counnnrmo.
3433 325 3501 384 ss

315 436 468 498 CLV.
523 434 814 507 Baspagius
841 435 1045 507 tom.“
1062 434 1325 493 Thesauri
1355 435 1821 491 Monumentomm
1846 441 1897 499 Α
1923 437 1991 490 Et
2038 435 2092 489 in
2135 435 2359 505 epistola
2402 433 2474 490 59
2500 448 2666 507 (nunc
2692 432 2785 507 te)
2829 435 3073 492 ﬂavium
3101 439 3400 495 Damnatam
3432 442 3504 497 ad

252 496 447 588 Cainisii
472 525 593 588 pag.
613 496 802 588 SQ'Tin
820 517 931 588 not.
963 506 1040 579 (li)
1065 508 1124 588 in
1140 507 1298 577 epist.
1324 507 1388 560 ad
1410 507 1815 588 Lugdunenses,

251 586 334 640 ubi
361 578 619 636 Alcuin'us
643 578 831 633 scribit
859 578 981 633 tres
1008 586 1192 634 noctes
1226 589 1439 645 tresque
1462 578 1595 642 dies,
1626 578 1821 645 quibus

245 658 409 708 .lunas
436 652 539 706 fuit
576 650 630 703 in
657 656 845 702 ventre
867 649 971 704 ceti
1007 658 1063 703 et
1084 648 1332 702 Christus
1364 648 1417 701 in
1445 647 1607 702 corde
1638 656 1816 713 teme,

245 721 589 787 synecdotice
612 733 770 787 posse
805 728 914 773 tres
955 720 1251 773 mersioncs
1276 725 1330 772 et
1351 725 1461 771 tres
1494 716 1822 772 elevationes

246 785 293 849 ι]
328 792 593 861 baptismo
613 785 933 861 designare,
964 790 1137 861 ipsum
1157 790 1277 861 hac
1315 788 1442 861 erisi
1473 787 1612 861 ferit
1642 804 1654 839 :
1684 788 1823 861 _«__Al-

246 856 453 921 minus,
503 859 697 928 inquit,
728 856 1267 928 numeris—inhiabat,
1312 866 1367 911 et
1398 858 1521 928 inde
1547 856 1822 928 pueriliter

248 932 506 1004 mysteria
550 926 716 1004 voluit
757 929 824 1004 a_d
865 927 1165 1004 fatuitatem
1189 942 1357 997 usque
1395 927 1609 1004 elicere.
1642 946 1659 977 ›
1704 926 1820 980 Νοιι

246 998 496 1065 attendit,
535 998 1077 1070 opinor,_Basnagiusr
1110 1011 1208 1070 per
1237 1012 1417 1052 acrem
1447 998 1588 1070 hanc
1630 1010 1826 1070 censu:-

251 1091 360 1127 ram
411 1067 586 1125 simul
603 1070 711 1140 peti
741 1068 934 1140 Patres
961 1067 1324 1140 antiquiores,
1369 1067 1461 1135 qui
1490 1067 1821 1140 eerte_p_ueri

249 1159 348 1197 non
375 1148 566 1205 erant,
598 1137 653 1195 et
682 1139 996 1193 nominatim
1043 1139 1441 1192 sanctissimum
1482 1152 1546 1191 ac
1582 1137 1822 1191 celeber-

249 1214 435 1267 rimum
470 1210 795 1289 poniiﬁcem
828 1208 1063 1289 Lepan
1086 1206 1258 1289 huius
1296 1207 1528 1289 nominis
1562 1208 1816 1289 primum,

247 1285 425 1336 eodem
475 1278 640 1334 modo
686 1280 848 1334 verba
885 1279 947 1333 D.
974 1278 1121 1332 Pauli
1148 1278 1303 1333 Rom.
1345 1294 1418 1341 vi,
1465 1279 1517 1341 5,
1561 1278 1823 1347 interpre-

248 1361 465 1415 tantem,
488 1350 643 1419 cujus
666 1350 985 1405 auctoritate
1011 1350 1168 1403 nixus
1190 1349 1464 1419 Alcuinus,
1488 1348 1652 1419 verba
1679 1348 1822 1402 illius

244 1440 305 1478 ex
327 1422 488 1491 epist.
519 1417 583 1475 17
613 1422 678 1476 ad
701 1421 979 1491 episcopos
1005 1418 1202 1491 Siciliae
1230 1418 1302 1472 ibi
1333 1417 1569 1491 adducit,
1599 1433 1717 1487 qua:
1736 1419 1821 1491 ita

243 1487 434 1546 sonant
489 1509 503 1546 :
561 1509 579 1541 ‹
625 1487 963 1559 Sepulturam
1019 1489 1323 1543 triduanam
1385 1487 1630 1559 imitatur
1682 1489 1822 1543 trina

243 1564 531 1627 demersio,
559 1569 613 1615 et
638 1558 709 1615 ab
736 1563 891 1630 aquis
918 1560 1146 1615 elevatio
1178 1558 1508 1630 resurgentis
1544 1558 1715 1612 instar
1740 1565 1822 1630 est

244 1634 307 1685 de
342 1633 616 1702 sepulcro.
658 1651 677 1684 ι
741 1628 881 1697 Quid
916 1633 969 1684 in
1000 1632 1101 1702 hac
1134 1628 1583 1702 interpretatione
1616 1629 1820 1702 puerile

241 1703 324 1767 sit,
351 1698 421 1757 cf
435 1719 508 1757 an
535 1718 643 1756 non
664 1704 842 1779 magis
856 1701 1078 1779 puerilis
1101 1700 1173 1779 sit
1194 1698 1442 1779 Basnagii
1472 1712 1701 1779 censura
1729 1699 1821 1752 ad-

239 1788 423 1827 versus
468 1779 682 1828 veteres
722 1769 974 1828 Ecclesiae
1010 1772 1278 1836 doctores,
1297 1769 1539 1838 judicent
1566 1769 1705 1838 aequi
1733 1784 1821 1824 re-

163 1876 171 1887 ο
241 1859 353 1899 rum
374 1845 759 1898 mstimatores.

544 1944 572 2016 §
610 1944 676 1999 V.
712 1943 791 1997 De
818 1941 1142 2011 confessione
1165 1948 1516 2013 peccatorum.

298 2034 483 2089 CLVI.
538 2036 813 2107 Baptismo
843 2035 1214 2107 paenitentiam
1237 2039 1515 2107 comparat
1540 2030 1816 2107 Alcuinus,

233 2105 487 2174 hancque
511 2102 668 2160 vocat
712 2102 1005 2160 secundum
1058 2106 1111 2158 in
1140 2104 1377 2159 Ecclesia
1425 2102 1689 2174 baptisma
1713 2119 1819 2174 quo

232 2190 327 2245 per
394 2173 791 2231 confessionem
853 2175 1113 2231 humilem
1175 2174 1543 2245 sacerdotibus
1620 2173 1819 2229 factam

230 2244 513 2315 ahluimur
540 2263 569 2299 a
595 2247 831 2314 peccatis
856 2253 977 2315 post
1004 2246 1235 2315 primum
1260 2244 1522 2315 baptisma
1540 2253 1820 2315 perpetra-

230 2314 315 2368 tis.
363 2334 383 2365 ‹
427 2312 638 2377 Nonne,
668 2312 926 2383 inquit'in
964 2312 1120 2383 epist.
1157 2313 1226 2367 96
1264 2312 1427 2383 (nunc
1460 2312 1581 2382 ll?)
1613 2312 1678 2366 ad
1706 2330 1820 2369 mo-

226 2386 442 2438 nachos
489 2384 725 2448 Gothiae,
767 2386 821 2438 in
876 2399 1032 2439 sacro
1078 2384 1400 2450 baptismate
1452 2383 1821 2437 sacerdotibus

223 2453 446 2508 Christi
494 2462 690 2509 nostra:
724 2454 844 2508 ﬁdei
884 2451 1273 2509 confessionem
1308 2453 1437 2504 dare
1464 2452 1738 2516 debemus,
1768 2461 1823 2506 et

227 2523 308 2578 sic
340 2524 676 2578 sacerdotali
704 2523 1019 2586 ministerio,
1047 2522 1223 2575 divina
1254 2529 1511 2589 operante
1537 2522 1729 2588 gratia,
1753 2522 1820 2576 ab

228 2593 496 2647 omnibus
533 2594 673 2647 ablui
710 2593 989 2663 peccatis?
1024 2591 1134 2663 cur
1160 2592 1321 2663 etiam
1364 2591 1417 2663 in
1449 2591 1684 2663 secundo
1709 2606 1821 2661 pm-

232 2663 482 2717 nitentia:
512 2660 831 2733 baptismate
849 2676 944 2730 per
964 2660 1354 2733 confessionem
1384 2660 1822 2733 humilitatis’no-

236 2743 381 2796 ειπερ,
425 2733 497 2786 ab
528 2732 777 2787 omnibus
830 2740 948 2800 post
984 2732 1215 2801 primum
1254 2732 1515 2797 baptisma
1564 2732 1816 2800 peractis,

235 2804 425 2857 eadem
453 2801 637 2857 divina
665 2803 957 2857 miserante
992 2802 1186 2865 gratia,
1213 2801 1529 2857 sacerdotali
1570 2802 1820 2856 similiter

240 2873 435 2927 auxilio
462 2887 568 2926 non
594 2873 850 2928 debemus
872 2872 1071 2927 absolvi
1097 2872 1375 2941 peccatis?
1412 2892 1429 2923 ι
1472 2873 1539 2926 Et
1570 2872 1622 2925 in
1654 2873 1812 2941 epist.

241 2942 500 3014 79_(nunc
522 2944 611 3014 94)
643 2944 709 2997 ad
736 2943 1009 3014 Aquilam,
1039 2943 1339 3014 animarum
1369 2942 1687 3014 pastoribus
1729 2943 1814 2995 in-

242 3012 424 3075 caleat,
462 3022 521 3067 ut
551 3011 833 3068 hortentur
859 3013 1041 3068 ﬁdeles
1063 3014 1127 3065 ad
1150 3011 1501 3066 confessionis
1525 3015 1817 3081 puritatem

243 3091 291 3136 et
328 3084 662 3151 pmnitentize
706 3085 1193 3154 compunetionem,
1244 3100 1264 3154 ς
1311 3082 1456 3152 quia,
1488 3082 1680 3151 inquit,
1710 3082 1812 3154 hoc

245 3154 530 3207 secundum
562 3152 845 3224 baptismaﬁ
865 3161 947 3208 est
986 3160 1038 3207 in
1064 3152 1318 3224 Ecclesia,
1353 3160 1410 3205 ut
1438 3153 1527 3221 qui
1552 3159 1671 3224 post
1700 3152 1813 3221 pri-

247 3237 377 3294 mum
402 3221 669 3294 erraverit
714 3224 767 3277 in
788 3225 968 3294 aliquo
991 3224 1202 3294 delicto,
1234 3223 1286 3276 in
1303 3223 1412 3294 hoc
1434 3221 1665 3294 secundo
1692 3238 1812 3275 eor-

246 3293 457 3362 rigatur.
495 3314 514 3345 ι
557 3292 721 3347 Porro
761 3294 812 3347 in
858 3292 1020 3349 citata
1046 3292 1200 3363 epist.
1248 3293 1315 3345 ad
1356 3292 1558 3346 Gothos
1589 3308 1810 3362 pravam

246 3377 351 3429 quae
381 3364 434 3416 in
473 3363 566 3417 illa
607 3365 877 3433 provincia
924 3364 1217 3419 inoleverat
1251 3362 1690 3417 consuetudinem
1733 3376 1813 3417 re-

247 3434 517 3504 prehendit
548 3444 603 3489 et
630 3434 889 3500 confutat,
918 3435 1057 3504 quod
1087 3434 1206 3487 laici
1253 3441 1470 3503 peccata
1501 3448 1595 3504 sua
1636 3447 1809 3504 sacer-

250 3502 442 3559 dotibus
486 3505 733 3559 conﬁteri
785 3501 1002 3569 nollent,
1034 3501 1403 3558 existimantes
1437 3502 1680 3558 sullicere
1718 3501 1809 3557 illa

250 3570 295 3624 in
321 3574 527 3629 occulto
559 3576 665 3629 Deo
709 3574 973 3630 conﬁteri.
1023 3573 1406 3628 Necessitatem
1440 3588 1569 3643 ergo
1602 3572 1813 3643 confes—

250 3644 397 3698 sionis
441 3647 815 3700 sacerdotibus
860 3644 1116 3700 facienda:
1164 3646 1358 3715 probat
1393 3644 1445 3715 i°
1478 3642 1619 3711 quod
1654 3642 1811 3715 Chri-

253 3721 352 3767 stus
392 3716 767 3770 sacerdotibus
797 3715 1002 3770 dederit
1036 3713 1352 3784 potestatem
1396 3713 1592 3784 ligandi
1619 3720 1674 3768 et
1705 3713 1813 3767 sol-

252 3786 388 3855 vendi
420 3803 432 3839 :
471 3806 491 3836 ι
527 3786 658 3855 quid
706 3785 895 3852 solvit,
941 3786 1133 3855 inquit,
1158 3784 1506 3855 sacerdotalis
1547 3791 1805 3853 potestas,

252 3852 293 3905 si
318 3855 519 3927 vincula
540 3852 675 3927 V'non
712 3852 1232 3927 considerat—ligati?
1274 3875 1292 3908 ι
1314 3854 1399 3927 ᾼΞο
1435 3852 1587 3927 idem
1619 3855 1812 3927 probat

255 3926 473 3996 exemplo
532 3926 888 3996 leprosorum,
936 3924 1413 3996 quos'sanandos
1440 3924 1696 3978 Dominus
1738 3925 1810 3996 ad

256 3994 546 4052 sacerdotes
575 3994 754 4062 misit;
792 4005 847 4052 et
874 3997 929 4051 5°
955 3994 1203 4066 exemplo
1227 3994 1439 4059 Lazari,
1470 4008 1643 4066 quem
1675 3995 1809 4049 solvi

258 4077 338 4131 per
362 4066 654 4137 discipulos
684 4067 847 4135 jussit
871 4083 883 4119 :
915 4085 934 4117 ι
960 4063 1229 4137 nunquid,
1266 4066 1458 4133 inquit,
1485 4080 1591 4118 non
1618 4063 1811 4119 fascia-

258 4143 414 4190 menta
462 4135 664 4192 mortui
714 4137 900 4193 eodem
948 4135 1113 4190 verbo
1155 4135 1363 4189 solvere
1410 4141 1653 4203 poterat,
1704 4149 1810 4203 quo

260 4217 504 4275 mortuum
534 4207 657 4261 vita:
684 4208 950 4263 redditum
979 4205 1045 4259 de
1060 4205 1315 4275 sepulcro
1339 4203 1553 4275 prodire
1571 4204 1762 4275 jussit?
1786 4223 1803 4255 ι

261 4272 308 4324 ιο
335 4276 584 4349 Exemplo
614 4278 829 4332 Davidis
866 4277 959 4347 qui
998 4272 1179 4353 coram
1209 4272 1437 4353 Harman
1458 4274 1714 4353 propheta
1746 4275 1812 4329 de

259 4355 454 4415 peccato
484 4344 586 4404 suo
615 4357 788 4403 semet
826 4344 1098 4403 accusavit
1127 4363 1140 4398 :
1173 4363 1193 4395 ι
1228 4344 1462 4409 Homini,
1486 4344 1685 4415 inquit,
1716 4359 1813 4415 pa-

263 4413 419 4472 tefecit
440 4420 640 4473 vulnus
668 4433 844 4483 suum,
877 4426 931 4472 et
969 4432 1000 4471 a
1030 4417 1137 4471 Deo
1166 4431 1287 4470 mox
1314 4413 1611 4470 remedium
1656 4413 1810 4469 acce-

1839 3127 1886 3191 C

1922 507 2264 577 pugnandum
2301 522 2421 559 cum
2450 506 2607 577 haste
2643 506 2746 560 iter
2790 508 3099 563 molientem
3143 511 3407 575 hortatur,
3444 521 3503 565 ut

1921 578 2319 650 priuspeccata
2349 592 2444 650 sua
2474 576 2809 650 confessione
2831 579 3034 650 expiet,
3064 580 3282 635 laudato
3304 582 3499 650 priscis

1922 645 2180 700 militibus
2214 662 2382 711 more,
2421 645 3074 717 inquit'Canisius,chjus
3099 652 3262 706 verba
3304 645 3489 707 retuli-

1923 731 2043 771 mus
2076 717 2131 770 in
2157 716 2298 770 notis
2322 718 2390 771 ad
2416 718 2699 786 epistolam
2725 719 2963 773 citatam.

2407 821 2434 892 §
2472 820 2559 877 VI.
2598 821 2674 875 De
2700 823 3035 877 eucharistia.

1994 908 2189 964 CLVII.
2250 908 2379 975 Quae
2406 927 2558 966 mens
2586 927 2650 966 ac
2696 915 2959 967 sententia
2986 914 3130 969 beati
3153 912 3361 970 Alcuini
3387 914 3495 971 fue-

1924 977 2082 1065 rit‘de
2103 980 2357 1065 mysterio
2382 982 2721 1065 eueliaristim
2749 992 2805 1065 et
2829 985 3073 1065 dogmate
3099 986 3501 1065 transsulistan—

1923 1048 2182 1125 nationis,
2211 1050 2540 1125 expluaibus
2560 1051 2701 1125 iliius
2718 1048 2975 1125 epistolis,
2995 1070 3185 1125 nempe
3212 1054 3303 1121 36,
3327 1056 3411 1119 75,
3445 1065 3501 1111 et

2077 1120 2366 1195 (nune__M_,
2396 1120 2665 1195 9(),-16;⁷›)Δ
2691 1118 2978 1195 iauoteseit
3006 1143 3017 1177 :
3043 1118 3342 1195 prtiaprimis
3370 1118 3499 1180 vero

1924 1189 2298 1267 iliampandit
2343 1191 2398 1244 in
2426 1189 2668 1267 epist._4l
2715 1192 2994 1267 Paulinum
3021 1189 3215 1267 rogans
3254 1196 3338 1251 bis
3378 1211 3499 1267 ver-

1923 1259 2043 1314 bis:
2078 1258 2207 1313 (Ne
2228 1274 2408 1328 quaeso
2441 1258 2777 1317 obliviscaris
2811 1264 2864 1316 in
2897 1265 3003 1319 tuis
3048 1258 3250 1320 sanctis
3297 1266 3499 1320 oratio-

1923 1330 2081 1405 nibus
2115 1346 2309 1405 nomen
2344 1332 2501 1405 amici
2533 1332 2609 1384 tui
2633 1331 2832 1405 Albini,
2876 1335 2969 1405 sed
3005 1335 3059 1388 in
3094 1336 3272 1405 aliquo
3298 1351 3499 1390 memo—

1923 1399 2018 1453 riae
2047 1398 2423 1470 gazophylacio
2454 1401 2681 1455 reconde
2706 1402 2854 1476 illud,
2876 1399 2936 1476 et
2963 1406 3145 1473 profer
3169 1398 3234 1461 eo
3260 1416 3499 1476 tempore

1922 1480 2243 1538 opportuno,
2271 1486 2376 1538 quo
2406 1486 2594 1539 panem
2622 1482 2677 1525 et
2700 1472 2879 1526 vinum
2912 1472 2977 1527 in,
2996 1477 3352 1529 substantiam
3374 1472 3498 1532 cor-

1922 1540 2069 1608 poris
2099 1551 2153 1595 et
2182 1541 2457 1609 sanguinis
2481 1540 2679 1595 Christi
2711 1546 3130 1598 consecraveris.
3169 1566 3188 1597 ›
3224 1546 3340 1611 Quo
3367 1561 3499 1600 sane

1925 1611 2231 1664 testimonio
2256 1611 2454 1694 nullam
2478 1626 2575 1694 pr?
2597 1612 2842 1694 dogmate
2873 1617 3497 1694 .tt'anssubsiantiationis

1921 1694 1988 1754 eo
2010 1690 2250 1754 tempore
2267 1681 2471 1736 credito
2500 1681 2757 1738 illustrius
2772 1684 2885 1736 dari
2904 1685 3093 1754 potuit.
3115 1704 3133 1735 ι
3157 1686 3279 1740 Haec
3294 1696 3497 1751 nostra,

1926 1750 2040 1805 haec
2066 1750 2324 1820 majorum
2353 1761 2657 1806 nostrorum
2684 1753 2814 1807 tiles
2834 1750 2972 1822 (qua:
2995 1754 3300 1810 observatio
3328 1757 3380 1810 in
3407 1750 3495 1810 illa

1924 1822 2087 1897 verba
2131 1831 2216 1877 est
2258 1822 2550 1897 doctissimi
2586 1823 2645 1897 Ι),
2671 1823 2958 1897 Mabillonii
2988 1824 3133 1879 Libr.
3164 1827 3229 1897 de
3246 1826 3499 1897 .Liturgia

1925 1888 2197 1965 Gallicana
2258 1907 2380 1962 pag.
2413 1892 2500 1956 95,
2558 1894 2686 1965 edit.
2737 1894 2903 1965 Paris.
2959 1897 3084 1949 anni
3132 1896 3285 1959 W29)
3337 1888 3499 1965 quam

1923 1961 2125 2015 utinam
2170 1961 2366 2017 fratres
2412 1963 2581 2018 nostri
2636 1964 2809 2019 aversi
2850 1963 2961 2033 jam
3012 1967 3224 2020 tandem
3258 1961 3499 2020 vel'sero

1993 2041 2233 2097 noscant,
2266 2049 2439 2103 neque
2471 2050 2570 2088 nos
2593 2034 2820 2103 amplius
2840 2045 3131 2103 provocent
3156 2037 3223 2090 ad
3252 2036 3495 2091 ﬁetitiam

1922 2100 2069 2156 illam
2098 2100 2460 2169 novationem,
2490 2119 2649 2172 quam
2675 2100 2961 2160 Paschasio
2987 2106 3255 2161 Radberto
3281 2116 3499 2161 auctore

1921 2186 2046 2227 suae.
2078 2190 2131 2228 Ix
2157 2176 2447 2244 contigisse
2474 2175 2850 2229 criminantur.
2886 2176 3053 2232 Unius
3075 2175 3285 2231 Aleuini
3314 2186 3498 2231 aucto-

1922 2244 2055 2298 ritas
2104 2253 2214 2298 tam
2261 2245 2409 2299 clara
2458 2254 2511 2299 et
2550 2247 2831 2300 manifesta
2884 2248 3021 2301 hanc
3072 2248 3495 2302 controversiam

1922 2312 2176 2386 dirimere
2203 2316 2517 2386 Adeberet...
2574 2324 2628 2370 et
2674 2317 2763 2385 qui
2816 2324 2923 2370 tam
2968 2317 3267 2386 perspicuis
3317 2317 3497 2371 verbis

1921 2382 2157 2436 detrahit
2190 2383 2368 2444 ﬁdem,
2406 2386 2453 2439 is
2474 2400 2578 2438 non
2606 2382 2847 2440 veritatis
2873 2382 3373 2451 sed'con'tentionis,
3401 2386 3494 2440 scd

1921 2452 2145 2515 erroris,
2172 2453 2265 2506 sed
2301 2454 2606 2508 schismatis
2652 2464 2860 2509 amator
2896 2463 2993 2509 est.
3029 2476 3047 2507 ι
3097 2457 3247 2512 Hanc
3284 2455 3496 2511 Alcuini

1921 2528 2158 2595 mentem
2205 2537 2553 2595 corrumpere
2601 2523 2751 2578 nisus
2784 2533 2868 2579 est
2916 2525 2977 2578 D.
3007 2526 3246 2595 Basnage
3279 2534 3408 2579 tom.
3454 2524 3496 2580 li

1921 2589 2060 2644 Hist.
2092 2591 2299 2665 Eccles.
2337 2589 2458 2665 libr.
2494 2609 2546 2658 v,
2581 2609 2701 2663 pag.
2729 2595 2833 2650 899
2868 2610 3017 2664 seqq.
3052 2589 3211 2665 quem
3244 2595 3497 2650 refutavi-

1921 2676 2042 2714 mus
2066 2662 2525 2717 animadversione
2570 2662 2621 2716 ih
2656 2680 2911 2719 censuras
2941 2662 3086 2720 illius
3104 2668 3361 2720 adversus
3388 2666 3498 2721 dis-

1919 2730 2266 2799 quisitionem
2296 2733 2359 2786 ll.
2390 2733 2681 2787 Mabillonii
2712 2735 2778 2789 de
2808 2743 3027 2791 auctore
3055 2736 3245 2791 Libelli
3275 2736 3499 2791 Confes-

1921 2802 2402 2873 sionjslidei_tom.
2428 2804 2492 2867 ll,
2522 2819 2644 2873 pag.
2670 2804 2792 2858 584.

1987 2870 2221 2945 ῼΖΙΝΙΙΙ.Δ
2234 2871 2356 2926 Fuit
2377 2881 2501 2945 tunc
2522 2870 2777 2945 temporis
2799 2874 2851 2928 in
2869 2874 3121 2944 Hispania
3138 2877 3493 2945 quorumdam

1916 2940 2114 3009 opinio,
2140 2941 2303 2996 salem
2322 2959 2431 2996 esse
2452 2943 2506 2996 in
2528 2940 2867 3010 sacriﬁcium,
2890 2940 2990 3000 hoc
3006 2954 3108 3010 est,
3132 2940 3184 2999 in
3210 2948 3493 3001 materiam

1916 3012 2072 3092 panis
2095 3012 2437 3092 eucharistici
2468 3012 2803 3092 mittendum,
2832 3030 2924 3069 seu
2954 3016 3284 3092 miscendum
3306 3058 3321 3081 ,
3351 3019 3495 3086 quod

1917 3081 2186 3151 improbat
2241 3084 2429 3138 beatus
2472 3082 2731 3157 Alcuinus
2778 3085 2832 3141 in
2885 3086 3039 3154 epist.
3094 3084 3161 3139 75
3207 3081 3491 3157 (nune-90)

1915 3160 2264 3217 contestatus,
2319 3171 2338 3204 ‹
2378 3153 2535 3222 (ιιιοόΔ
2570 3153 2712 3207 illam
2758 3153 3337 3212 consuetudinem'nec
3367 3153 3489 3211 uni;

1914 3224 2140 3278 versalis
2204 3220 2453 3278 observat
2499 3220 2776 3285 Ecclesia,
2828 3240 2926 3279 nec
2971 3226 3206 3280 Romana
3260 3228 3493 3282 custodit

1911 3295 2225 3348 auctoritas.
2257 3293 2381 3347 Tria
2408 3302 2560 3359 sunt,
2590 3296 2790 3363 inquit,
2820 3296 2872 3349 in
2901 3296 3166 3351 sacriﬁcio
3193 3296 3488 3360 offerenda,

1910 3364 2082 3437 panis,
2114 3379 2253 3433 aqua
2276 3373 2331 3418 et
2357 3365 2605 3437 vinum...
2632 3376 2684 3437 et
2710 3366 2880 3434 panis,
2911 3368 2999 3436 qui
3028 3366 3082 3421 in
3124 3383 3320 3437 corpus
3341 3368 3493 3422 Chri—

1910 3433 1978 3487 sti
2004 3443 2370 3499 eonseeratur,
2396 3435 2598 3503 absque
2627 3432 2888 3491 fermento
2914 3432 3071 3491 ullius
3102 3432 3325 3492 alterius
3354 3438 3489 3492 infe-

1909 3504 2104 3577 ctionis
2126 3506 2286 3577 debet
2305 3520 2425 3560 esse
2450 3505 2850 3577 mundissimus,
2875 3516 2931 3561 et
2948 3524 3084 3576 aqua
3112 3509 3314 3577 absque
3338 3508 3486 3561 omni

1911 3574 2069 3646 sorde
2092 3576 2407 3644 purissima;
2434 3583 2489 3629 et
2509 3576 2689 3630 vinum
2716 3578 2916 3646 absque
2940 3574 3085 3632 omni
3107 3574 3488 3632 commixtione

1911 3641 2131 3719 altarius
2154 3646 2400 3719 liquoris,
2424 3645 2525 3699 nisi
2551 3662 2725 3719 aquae,
2754 3641 3207 3717 purgatissimum.
3243 3649 3322 3702 Ex
3347 3663 3486 3719 aqua

1910 3723 1964 3766 et
1994 3713 2164 3769 farina
2187 3713 2343 3797 panis
2364 3716 2445 3797 iit,
2474 3716 2563 3785 qui
2588 3713 2934 3797 consecratur
2958 3719 3011 3772 in
3036 3713 3481 3797 corpiisGli_risti:

1910 3798 2049 3856 aqua
2076 3794 2132 3839 et
2150 3787 2333 3841 vinum
2363 3787 2416 3840 in
2444 3787 2753 3856 sanguinem
2782 3787 3184 3843 consecrabitnr
3208 3789 3428 3843 Christi.
3458 3808 3478 3841 ι

1910 3853 1991 3907 Ex
2021 3857 2214 3924 quibus
2242 3858 2422 3912 verbis
2461 3853 2858 3912 evidentissime
2894 3860 3293 3914 demonstratur
3329 3876 3484 3914 usum

1908 3926 2064 3999 panis
2093 3927 2269 3999 azymi
2311 3928 2383 3999 in,
2408 3928 2731 3999 eucharistia
2767 3936 3005 3998 tempore
3031 3929 3265 3991 Alcuini,
3306 3938 3481 3999 atque

1910 3996 2047 4050 adeo
2068 3996 2191 4051 ante
2217 3997 2391 4052 Photii
2420 3996 2722 4060 discidium,
2746 3996 2893 4065 pene
2912 3999 3265 4053 nniversalem
3295 3996 3479 4062 fuisse,

1910 4080 2018 4135 non
2051 4067 2105 4120 in
2127 4067 2402 4120 Britannia
2429 4073 2658 4129 tantum,
2686 4066 2739 4118 in
2766 4082 2870 4133 qua
2901 4067 3015 4135 ipse
3039 4075 3196 4121 natus
3220 4072 3323 4130 est,
3349 4079 3402 4121 et
3428 4069 3480 4121 in

1911 4132 2082 4189 Gallia
2122 4136 2213 4189 ubi
2258 4136 2347 4188 diu
2376 4142 2635 4198 moratus,
2666 4149 2852 4189 verum
2882 4132 3044 4189 etiam
3078 4138 3131 4189 in
3158 4136 3396 4191 Romana
3429 4147 3486 4192 et

1913 4211 2025 4257 tota
2060 4204 2376 4259 occidentali
2406 4203 2673 4269 Ecclesia;
2717 4206 2860 4273 quod
2903 4206 3130 4271 erudite,
3163 4220 3312 4260 more
3357 4223 3474 4272 suo,

1910 4274 2144 4329 ostendit
2181 4275 2242 4328 D.
2274 4273 2472 4348 Mabill.
2533 4274 2587 4348 in
2617 4274 2839 4348 Dissert.
2895 4276 2961 4331 de
2999 4276 3199 4348 Azymo
3254 4288 3311 4331 et
3338 4277 3474 4333 Fer-

1912 4353 2153 4469 iugasntato
2189 4360 2307 4415 cap.
2334 4345 2367 4399 9
2397 4354 2525 4398 tom.
2552 4344 2575 4400 Ι
2609 4346 2702 4401 des
2725 4360 2988 4418 ouvrages
3015 4344 3328 4418 posthumes
3356 4364 3481 4420 pag.

262 4485 343 4560 pll-
374 4507 391 4560 ξ
442 4490 681 4560 ldipsum
725 4478 917 4560 probat
961 4503 1028 4542 ex
1058 4485 1493 4560 Sacramentario
1530 4483 1802 4549 Ecclesize,
1834 4478 1884 4540 Β
1980 4483 2155 4560 CLIX_.
2187 4483 2271 4560 ad
2296 4487 2437 4540 hunc
2466 4485 2642 4560 locum
2665 4485 2877 4542 Aleuini
2907 4503 3029 4560 mox
3056 4503 3087 4542 a
3117 4488 3271 4560 nobis
3291 4488 3489 4544 deseri-

263 4555 482 4636 inquiens
514 4555 545 4612 τ’
569 4577 588 4611 ‹
636 4558 694 4636 Si
722 4555 945 4636 peccata
990 4557 1360 4636 sacerdotibus
1400 4564 1662 4636 noni-sunt
1689 4571 1811 4626 pro-

265 4625 427 4700 denda,
454 4645 627 4700 quare
662 4625 1182 4700 in‘Sacramentario
1210 4625 1812 4700 reconciliationis‘ora-

266 4695 413 4753 tiones
446 4695 663 4770 scripta:
690 4698 847 4754 sunt?
880 4698 1157 4770 Quonion
1200 4696 1450 4751 sacerdos
1479 4696 1809 4770 reconciliat,

266 4778 401 4834 quem
432 4764 664 4840 peccare
700 4785 807 4824 non
834 4764 1027 4824 novit?
1058 4788 1082 4840 ιν
1126 4768 1349 4840 Demum
1375 4780 1506 4840 vero
1529 4766 1815 4840 confessio—

269 4849 368 4890 nem
393 4836 584 4896 asserit
614 4844 666 4894 in
702 4840 785 4902 iis,
816 4840 909 4909 qui
941 4837 1276 4909 gravioribus
1306 4837 1539 4909 peccatis
1578 4836 1662 4909 vel
1692 4852 1815 4909 con-

270 4910 405 4980 sensu
431 4911 512 4966 vel
541 4926 704 4980 opere
727 4911 812 4964 vel
835 4906 1001 4980 prava
1029 4906 1417 4980 consuetudine
1450 4922 1510 4961 se
1551 4906 1813 4980 obnoxios

268 4971 480 5035 fecerunt
522 4971 691 5053 (quos
722 4971 892 5053 tribus
924 4979 1149 5034 mortuis
1175 4994 1205 5032 a
1237 4978 1452 5053 Christo
1481 4978 1815 5053 resuscitatis

270 5048 939 5123 comparat)',hecessariam
962 5065 1080 5105 esse
1100 5048 1546 5123 prmparationem
1577 5050 1642 5101 ad
1659 5048 1816 5123 digne

271 5116 747 5200 eiimmiinicandum
783 5123 848 5176 de
876 5116 1189 5200 corpore—et
1212 5116 1473 5200 sanguine
1513 5116 1640 5200 iesu
1660 5116 1815 5200 Chri-

272 5184 399 5263 δῑὶεμι
425 5191 567 5258 Krec,
600 5184 1071 5263 inquit,.cogitate’,
1103 5184 1407 5263 eharissimi
1436 5186 1662 5263 fratres,_
1679 5195 1734 5240 et
1762 5188 1816 5263 in

271 5258 602 5333 gualicunque
646 5257 839 5318 harum
885 5257 1047 5333 frium
1086 5259 1369 5333 mortium
1397 5272 1592 5333 genere
1620 5257 1666 5311 si
1690 5257 1816 5333 quis

264 5328 435 5397 laceat,
469 5328 631 5388 citius
672 5333 740 5388 ad
773 5330 1126 5387 confessionis
1155 5328 1543 5400 probatissima
1582 5328 1819 5400 medica-

273 5407 432 5476 menta
467 5402 807 5476 confugiat...
831 5409 892 5476 ut
912 5418 1041 5476 non
1056 5400 1132 5476 ad
1143 5398 1405 5467 judicium
1436 5398 1814 5476 damnationis,

275 5467 353 5521 sed
374 5471 436 5527 ad
464 5467 689 5529 salutem
725 5472 1166 5529 sanctiﬁcationis
1200 5470 1560 5525 communicet
1594 5483 1819 5539 corpore

277 5543 320 5614 ᾳ
352 5544 598 5614 sanguine
638 5543 850 5599 Domini
895 5543 1070 5614 nostri
1107 5539 1485 5614 Jesu_Ghristi.
1528 5560 1547 5590 ι
1575 5538 1816 5614 -Similia

279 5602 565 5670 docum‘énta
605 5617 672 5671 de
720 5613 1041 5669 necessitate
1088 5620 1142 5667 et
1186 5611 1416 5666 utilitate
1464 5609 1818 5665 confessionis

277 5684 592 5743 meatorum
624 5684 868 5740 facienda
902 5682 1270 5740 sacerdotibus
1320 5681 1484 5736 tradit
1509 5682 1696 5735 beatus
1722 5679 1809 5732 Al-

282 5746 446 5807 cuinus
490 5752 744 5811 fratribus
788 5754 1189 5810 'l‘uronensibus
1243 5762 1374 5807 tom.
1409 5751 1451 5806 ll
1479 5792 1493 5817 ,
1537 5765 1659 5822 pag.
1690 5749 1813 5804 154.

1910 4564 2063 4625 ptum
2109 4555 2434 4626 D.Basnage
2483 4558 2623 4611 hanc
2668 4566 2849 4612 notam
2899 4559 3087 4612 addit:
3145 4576 3162 4608 ι
3218 4559 3486 4626 Hispanos

1914 4626 2208 4695 theologos,
2240 4626 2335 4690 ait,
2392 4642 2499 4681 non
2542 4626 2704 4680 fuisse
2748 4634 2876 4681 tunc
2923 4628 3181 4696 temporis
3206 4629 3484 4683 transsub—

1913 4697 2261 4768 stantiatores
2291 4696 2448 4750 facile
2480 4698 2820 4765 probaretur,
2854 4697 2898 4751 si
2925 4712 2993 4751 ex
3027 4698 3146 4768 sale
3167 4699 3333 4752 mixto
3360 4700 3487 4768 pani

1913 4766 2110 4820 dueere
2149 4766 2334 4820 liceret
2384 4768 2539 4820 nobis
2583 4777 2979 4836 argumentum.
3026 4788 3045 4820 ι
3102 4767 3328 4821 Mirum!
3360 4766 3490 4823 'cur

1913 4845 2286 4906 argumentum
2332 4835 2532 4890 ducere
2581 4835 2687 4889 non
2738 4837 2914 4901 liceat,
2947 4853 3054 4906 quo
3083 4838 3161 4891 rei
3208 4837 3489 4905 cujusdam

1912 4907 2115 4959 veritas
2140 4905 2295 4959 facile
2319 4906 2780 4977 probaripossct?
2805 4907 2885 4960 Ex
2909 4905 3020 4962 sale
3050 4908 3172 4977 pani
3203 4909 3369 4961 mixto
3402 4908 3484 4961 fa-

1914 4977 2401 5050 cile_probar_etur,
2457 4977 2502 5030 si
2544 4977 2863 5045 Basnagium
2922 4986 3066 5050 recte
3113 4978 3480 5050 intelligimus,

1915 5045 2189 5116 theologos
2230 5045 2492 5115 Hispanos
2553 5055 2680 5100 tunc
2727 5045 3326 5104 transsubstantiatore's
3376 5065 3484 5103 non

1915 5116 2110 5179 fuisse;
2146 5129 2515 5171 verumtamen
2559 5131 2625 5171 eo
2659 5125 2973 5179 argumento
3000 5120 3076 5173 uti
3105 5119 3180 5174 illi
3214 5135 3319 5173 non
3358 5119 3490 5173 lice-

1914 5187 2024 5241 bat.
2045 5257 2050 5258 ί
2072 5185 2211 5258 Quid
2237 5199 2362 5258 vero
2390 5185 2744 5255 prohibebat?
2777 5186 2977 5258 Nempe
3002 5190 3122 5244 viro
3158 5190 3314 5244 docto
3352 5189 3485 5243 satis

1916 5272 1980 5310 ex
2008 5257 2128 5311 aliis
2157 5255 2469 5313 fortioribus
2497 5258 2832 5313 documentis
2861 5255 2926 5314 ac
2952 5259 3274 5314 testimoniis
3298 5267 3486 5313 notum

1915 5336 2051 5399 erat,
2085 5326 2348 5397 Hispanos
2375 5328 2650 5399 theologos
2674 5336 2822 5392 tunc,
2850 5337 2906 5385 et
2932 5329 3324 5399 antiquioribus
3353 5337 3488 5383 tem-

1915 5398 2139 5466 poribus
2186 5398 2781 5453 transsubstantiatores
2805 5400 2989 5464 fuisse,
3042 5398 3238 5469 quibus
3279 5398 3491 5454 levissi-

1918 5483 2062 5520 mum
2128 5477 2500 5537 argumentum
2558 5484 2623 5523 ex
2673 5469 3027 5538 quorumdam
3080 5470 3487 5536 consuetudine,
3562 5486 3565 5487 '

1918 5538 2084 5592 salem
2111 5539 2164 5592 in
2191 5537 2517 5593 sacriﬁcium
2542 5537 2806 5604 mittendi,
2851 5552 3122 5609 opponere
3160 5553 3268 5594 non
3306 5540 3487 5606 licuit;

1919 5609 2058 5680 sicut
2084 5624 2182 5663 nec
2206 5624 2273 5663 ex
2297 5624 2397 5663 usu
2425 5610 2577 5678 panis
2610 5609 2916 5680 fermentati
2943 5610 3309 5680 argumentari
3339 5611 3487 5676 licet,

1918 5678 2135 5734 Gnaeos
2178 5694 2285 5751 non
2334 5694 2454 5751 esse
2498 5678 3116 5751 transsubstantiatores.
3180 5680 3489 5751 Sapientius

1918 5765 2050 5820 ergo
2075 5750 2159 5803 vir
2185 5750 2374 5804 doctus
2404 5749 2545 5803 hanc
2571 5758 2753 5802 notam
2780 5749 3180 5819 suppressisset.
