4078 6324
571 300 640 365 87
1133 304 1223 359 ne
1260 301 1419 360 vna
1450 302 1512 359 B.
1551 304 1615 359 ι’.
1647 300 1873 357 ALBINI
1912 300 2045 358 seu
2081 299 2355 359 ALCUINI
2390 298 2709 357 raosan
2744 275 3256 355 connsurmo.
3752 294 3822 353 ss

566 421 595 494 ς
630 418 741 476 VII.
781 417 862 473 De
880 425 1180 494 sanctorum
1208 415 1592 494 intercessione,
1617 413 1919 483 purgatorio
1948 420 1996 467 et
2021 429 2141 468 ora-
2161 416 2217 475 Δ
2241 413 2558 494 catholicus,
2593 421 2850 494 sequatur
2872 410 3308 494 probatissimam
3338 414 3550 494 sanctis.
3567 409 3825 494 Romana

1090 486 1228 538 tione
1254 502 1347 556 pro
1372 484 1611 539 mortuis.

636 571 790 635 CLX.
840 574 924 631 Ad
947 576 1196 646 dogmata
1227 576 1352 631 ﬁdei
1383 574 1659 630 catholicas
1685 574 1847 646 etiam
1874 574 2145 643 pertinent

564 638 824 705 doctrinae
860 638 1256 701 beati'Alcuini
1285 646 1351 701 de
1389 653 1698 700 sanctorum
1731 638 2139 709 intercessione,

565 722 633 774 de
670 717 1000 789 purgatorio
1020 724 1081 789 et_
1110 716 1177 769 de
1210 717 1454 789 oratione
1481 730 1582 789 pro
1609 715 1882 789 mo_rtuis.__
1900 714 2143 784 Longum

563 784 707 845 esset
740 784 921 842 omnia
948 786 1039 841 illa
1069 787 1185 841 loca
1217 787 1301 840 hic
1329 784 1657 849 describere,
1694 785 1748 839 in
1775 785 1971 854 quibus
1992 800 2143 840 mens

563 859 710 915 beati
734 857 943 912 Alcuini
975 857 1040 910 de
1070 864 1401 921 sanctorum,
1437 871 1572 926 quos
1595 855 1837 926 Ecclesia
1885 862 2143 926 tanquam

564 931 752 985 beatos
777 927 873 982 Dei
901 926 1106 981 visione
1149 928 1202 980 in
1245 926 1381 997 cmlo
1422 924 1714 997 gaudentes
1742 925 1884 997 colit,
1932 924 2144 997 invoca-

565 1000 713 1055 tione
747 1007 803 1052 et
835 997 1217 1051 intercessione
1241 995 1565 1051 declaratur.
1617 998 1733 1051 Duo
1760 996 1953 1050 saltem
1992 995 2143 1049 testi-

564 1071 749 1125 monia
771 1069 873 1123 huc
897 1066 1105 1122 referre
1119 1066 1377 1132 sulliciat;
1409 1083 1595 1131 unum,
1618 1083 1726 1137 quo
1750 1067 1871 1121 aliis
1892 1064 2144 1120 ﬁduciam

566 1154 695 1213 erga
735 1147 1058 1219 sanctorum.
1090 1152 1278 1219 preces
1322 1138 1578 1219 inspirat;
1645 1138 1885 1219 alterum
1930 1150 1998 1217 ex
2036 1150 2143 1205 quo

564 1206 793 1281 propria
832 1208 999 1281 ipsius
1044 1206 1099 1261 in
1121 1207 1359 1281 _illorum
1406 1206 1790 1281 intercessione
1810 1206 2011 1281 _ﬁducia
2050 1222 2079 1281 ρ

565 1274 737 1351 paret.
769 1274 867 1334 Ad'
895 1278 1094 1351 fratres
1119 1278 1459 1351 Turonenses
1498 1278 1550 1331 in
1581 1280 1737 1351 epist.
1769 1278 1836 1332 I9
1863 1274 2028 1348 (nunc
2042 1274 2142 1351 25)

565 1346 756 1430 :scrihit
779 1367 849 1430 :_¢
884 1348 1082 1430 Onfelix
1117 1348 1315 1430 familia
1344 1346 1700 1430 taliugaudens
1725 1346 2008 1430 pas-terea.
2042 1346 2144 1399 Ha-

564 1420 706 1475 betis
735 1419 877 1474 enim
918 1418 1013 1472 Dei
1056 1421 1285 1489 gratiam
1328 1417 1672 1472 auxiliantem
1720 1417 1893 1489 vobis,
1938 1424 1994 1489 et
2031 1432 2146 1470 ma-

565 1503 729 1559 gnum
780 1486 1231 1559 intercessorem,
1281 1497 1527 1559 sanctum
1574 1490 1779 1544 scilicet
1831 1486 2141 1559 Martinum,

567 1557 942 1629 deprecantem
974 1574 1072 1629 pro
1100 1558 1252 1613 vobis
1286 1576 1298 1611 :
1330 1559 1455 1627 quia
1494 1558 1547 1611 in
1573 1558 1724 1627 cujus
1758 1557 1979 1629 servitio
2004 1572 2141 1629 quo:

566 1626 697 1684 tid'ie
722 1630 878 1684 statis
903 1629 956 1682 in
976 1626 1144 1699 domo
1175 1644 1292 1699 sua,
1320 1626 1469 1682 illum
1498 1626 1709 1684 habetis
1734 1631 1788 1683 in
1816 1626 1969 1699 caelis
1996 1626 2144 1682 omni

564 1699 696 1754 hora
729 1697 1158 1769 suffragatorem.
1192 1718 1210 1750 ι
1244 1698 1349 1753 Pro
1376 1698 1666 1769 semetipso
1698 1700 1771 1753 ita
1806 1697 1872 1769 ad
1897 1706 2143 1769 sanctum

566 1768 976 1852 VViilihrorduin
1002 1778 1281 1850 precatur,
1314 1777 1445 1824 tom.
1480 1768 1545 1833 II,
1568 1784 1687 1893 pag.

566 1848 774 1893 tissmie
813 1839 1017 1893 Christi
1064 1838 1343 1893 sacerdos!
1395 1854 1462 1893 ne
1500 1855 1598 1893 nos
1663 1856 1687 1893 e

565 1841 774 1895 tissime
813 1837 1029 1894 Christi
1064 1838 1343 1894 sacerdos!
1395 1854 1462 1893 ne
1500 1837 1598 1893 nos
1627 1837 1969 1909 derelinquas
1995 1837 2146 1892 labo-

564 1919 748 1965 rantes
778 1910 832 1963 in
859 1910 1050 1974 terris;
1093 1910 1184 1963 sed
1207 1909 1458 1978 precibus
1489 1910 1595 1963 tuis
1621 1910 1685 1965 de
1712 1906 1865 1965 caelis
1891 1906 2145 1975 adjuvare

565 1996 674 2050 non
722 1995 920 2034 cesses.
955 1980 1075 2034 Vita
1106 1988 1198 2033 tua
1225 1980 1365 2050 apud
1396 1981 1642 2033 homines
1680 1994 1891 2048 semper
1919 1980 2144 2050 probata

564 2048 670 2103 fuit
695 2066 795 2120 pro
820 2050 959 2105 Deo:
988 2051 1096 2104 sint
1122 2048 1310 2119 preces
1332 2058 1435 2120 tuae
1467 2050 1603 2119 apud
1621 2051 1788 2105 Deum
1819 2062 2033 2117 semper
2064 2049 2146 2120 in-

565 2118 728 2175 tentae
769 2135 867 2189 pro
895 2118 1269 2175 hominibus...
1319 2120 1363 2175 Ο
1390 2118 1517 2174 felii
1552 2121 1751 2185 anima,
1800 2135 1919 2188 quae
1963 2119 2145 2174 sazculi

563 2189 777 2245 labores
806 2190 1155 2260 dereliquisti.
1185 2198 1239 2244 et
1264 2189 1538 2245 cmlestem
1567 2205 1689 2245 cum
1718 2189 2030 2260 multiplicis
2057 2206 2147 2245 su-

566 2260 716 2315 doris
744 2260 822 2315 tui
852 2259 1031 2315 fructu
1078 2261 1316 2330 requiem
1358 2261 1641 2314 intrasti...
1694 2259 1976 2315 Credimus
2007 2267 2059 2314 te
2090 2261 2146 2313 in

564 2331 853 2399 praesentia
889 2331 1099 2385 Domini
1117 2331 1207 2385 Dei
1225 2332 1297 2385 tui
1321 2331 1502 2386 omnia
1522 2345 1679 2400 posse
1700 2331 2013 2400 impetrare,
2028 2344 2147 2399 quae

560 2402 761 2468 poscis,
791 2411 897 2479 etc.
931 2421 949 2454 ι
981 2402 1058 2479 Eii
1079 2400 1282 2479 quibus
1326 2402 1485 2479 simul
1523 2399 1699 2479 patet,
1723 2399 1942 2479 _beatnm
1971 2399 2149 2479 Alcui-

562 2487 693 2525 num
747 2472 967 2525 minime
1006 2470 1280 2541 dubitasse
1322 2472 1452 2541 quin
1499 2472 1671 2525 sancti
1723 2470 1968 2541 homines
2020 2477 2147 2541 ante

565 2541 708 2596 diem
751 2543 977 2596 extremi
1019 2540 1208 2610 judicii
1250 2541 1305 2595 in
1348 2542 1499 2597 caelis
1526 2542 1618 2595 Dei
1661 2540 1945 2610 priesentia
1981 2548 2035 2594 et
2069 2540 2145 2610 vi-

562 2611 714 2666 sione
756 2609 1065 2666 fruantur:
1113 2611 1223 2666 imo
1264 2612 1319 2665 in
1364 2612 1522 2681 epist.
1568 2611 1635 2665 97
1662 2609 2010 2681 contrariam
2067 2609 2148 2665 fo-

560 2691 749 2737 ventes
790 2683 1095 2751 opinionem
1132 2680 1473 2751 reprehendit
1520 2692 1773 2751 tanquam
1802 2680 2147 2735 vulnerantes

560 2761 763 2807 sanctze
794 2762 846 2806 et
877 2752 1154 2806 catholicae
1174 2752 1712 2807 Ecclesiaaunitatem
1742 2766 1807 2805 ac
1828 2751 2148 2807 universalis

561 2820 688 2874 ﬁdei
728 2823 1025 2875 veritatem.

633 2890 812 2945 CLXI.
868 2891 942 2961 De
987 2891 1107 2961 igne
1133 2892 1446 2961 purgatorio
1489 2890 1843 2961 quorumdam
1871 2887 2145 2961 justorum

560 2959 636 3013 ita
669 2961 856 3030 scribit
897 2960 990 3015 lib.
1016 2959 1078 3014 iu
1114 2959 1181 3014 de
1217 2959 1320 3015 Ii‘de
1349 2959 1628 3015 Trinitatis
1672 2975 1788 3030 cap.
1814 2960 1879 3012 21
1911 2977 1923 3011 :
1958 2978 1975 3009 ι
2009 2959 2147 3014 Sunt

562 3031 803 3101 quidam
826 3029 962 3098 justi
1007 3031 1229 3085 minutis
1274 3031 1594 3101 quibusdam
1625 3029 1861 3101 peccatis
1903 3031 2145 3101 obnoxii,

562 3101 655 3169 qui
681 3100 1104 3174 :ediﬁcaveruuth
1128 3099 1308 3171 supra‘
1330 3099 1782 3174 tundamentnm,
1810 3100 1952 3174 quod
1980 3099 2141 3174 Chri-
2168 3111 2214 3174 ο

562 3180 679 3243 stus
702 3180 803 3236 est,
842 3171 1043 3235 fenum,
1074 3172 1238 3243 ligna,
1273 3172 1518 3241 stipulas,
1549 3187 1668 3243 quae
1714 3171 1855 3225 illius
1886 3172 2025 3243 ignis
2048 3187 2144 3243 ar-

563 3241 695 3296 dore
740 3250 1066 3312 purgantur;
1098 3241 1348 3311 aquibus
1402 3241 1642 3296 mundati
1668 3241 2143 3312 mternzel'elicita—

559 3312 634 3383 tis
675 3311 1145 3383 digniicllicientur
1184 3312 1372 3383 gloria.
1407 3332 1425 3364 ›
1464 3313 1617 3367 Hunc
1656 3314 1835 3383 ignem
1884 3311 2143 3383 Alcuinus

563 3381 802 3451 depingit
828 3381 883 3435 in
910 3382 1148 3437 carmine
1187 3381 1253 3437 de
1281 3382 1437 3437 Pont.
1474 3381 1700 3437 Eboraci
1756 3398 1898 3437 vers.
1928 3382 2055 3446 905,
2090 3389 2145 3437 et

560 3466 707 3506 vers.
745 3452 844 3534 9217
894 3467 1044 3534 s_eqq_.
1077 3451 1171 3534 His
1198 3469 1360 3534 porro
1396 3453 1675 3534 animabus
1708 3454 1965 3534 prodesse
1994 3453 2146 3534 vivo-

563 3536 684 3593 rum
717 3521 975 3593 suffragia;
1002 3523 1157 3577 docet
1195 3521 1246 3577 in
1277 3524 1432 3593 epist.
1466 3522 1567 3577 154
1597 3521 1760 3593 (nunc
1806 3522 1926 3592 I78)
1961 3523 2027 3575 ad
2055 3522 2147 3591 1E-

562 3592 850 3664 diliieiitum
898 3592 1207 3664 episcopum
1259 3592 1749 3664 Hagulstaldensem
1792 3594 1877 3664 his
1923 3593 2139 3664 verbis;

568 3678 587 3710 ι
627 3661 891 3734 suffragia
926 3661 1219 3717 viventium
1263 3661 1494 3734 prosunt
1526 3663 1905 3734 morientibus
1942 3662 2028 3717 vel
2079 3663 2146 3717 ad

562 3731 776 3785 veniam
813 3731 1166 3814 peccatorum
1193 3731 1287 3788 vel
1314 3735 1381 3788 ad
1435 3732 1654 3801 majoris
1682 3733 1866 3815 gloriae
1896 3749 2147 3803 augmen-

562 3808 755 3885 ωειλ..)
784 3802 849 3855 Et
876 3819 935 3885 in
957 3813 1113 3885 epist.
1146 3803 1240 3885 151
1294 3805 1459 3885 (nunc
1480 3803 1625 3885 .290)
1656 3805 1723 3857 ad
1770 3803 2144 3885 Edilthrudam

564 3872 753 3928 scribit
783 3889 794 3924 :
828 3891 846 3923 ι
882 3872 938 3928 Si
969 3872 1075 3928 duo
1103 3882 1226 3928 sunt
1270 3872 1448 3937 amici,
1475 3872 1681 3928 felicior
1716 3881 1800 3928 est
1837 3888 1985 3928 mors
2010 3889 2147 3942 prie-

565 3944 826 4008 cedentis,
879 3952 1038 4014 quam
1077 3945 1482 4016 subsequentis;
1522 3945 1681 3998 habet
1698 3944 2001 4016 ienim,_qui
2035 3943 2151 4016 fra-

564 4022 719 4086 terno
766 4013 951 4071 amore
976 4032 1075 4086 pro
1104 4032 1161 4072 se
1186 4013 1425 4086 quotidie
1471 4015 1784 4072 intercedat.
1817 4021 1872 4068 et
1885 4013 2146 4086 _Iacrymis

560 4083 707 4139 lavat
728 4083 1372 4155 pristina—erroresvitaa.
1396 4086 1505 4142 Nec
1531 4087 1745 4141 dubites
1764 4083 2022 4155 prodesse
2044 4084 2147 4156 pia:

563 4156 939 4227 sollicitudinis
990 4173 1193 4222 curam,
1224 4173 1385 4227 quam
1418 4172 1519 4227 pro
1572 4159 1769 4227 anima,
1789 4156 1932 4211 illius
1979 4157 2143 4227 geris.

563 4222 682 4297 Tibi
699 4227 913 4294 prolicit
933 4235 987 4281 et
1014 4228 1087 4281 illi
1115 4246 1127 4282 :
1154 4222 1258 4283 tibi
1273 4222 1454 4297 itaque
1479 4228 1602 4295 quia
1626 4229 1681 4281 in
1703 4226 1806 4281 ﬁde
1831 4227 1965 4282 facis
1982 4222 2045 4297 ct
2060 4227 2145 4281 di-

562 4294 825 4361 lectione;
858 4297 934 4351 illi
960 4305 1019 4351 ut
1043 4298 1128 4351 vel
1156 4313 1317 4368 poma
1348 4294 1633 4369 levigetur,
1654 4297 1740 4353 vel
1760 4296 2039 4352 beatitudo
2058 4312 2149 4351 au-

564 4373 772 4434 geatur.
806 4384 825 4416 ι

1065 4459 1093 4531 §
1126 4459 1256 4515 VIII.
1288 4460 1367 4516 De
1392 4460 1649 4515 Ecclesia.

636 4547 837 4633 CLXII:
890 4549 969 4633 Ne
1013 4550 1282 4633 iongiores
1318 4552 1487 4633 simus
1510 4551 1955 4633 iii_reecnsendis
1999 4552 2143 4633 beati

562 4617 776 4674 Alcuini
797 4620 1057 4675 doctrinis
1082 4617 1225 4694 circa
1251 4623 1499 4694 dogmata
1528 4620 1672 4688 ﬁdei,
1701 4621 1755 4676 id
1782 4638 1946 4676 unum
1968 4623 2146 4694 adhuc

565 4704 989 4762 commemorare
1019 4690 1264 4758 suﬁiciat,
1293 4690 1565 4749 doctorem
1607 4694 1769 4755 hunc,
1817 4708 1925 4762 quo
1966 4692 2145 4748 Eccle-

564 4759 648 4813 sia
673 4760 1019 4816 occidentalis
1044 4762 1187 4817 illius
1208 4765 1382 4818 :etatis
1404 4762 1660 4829 majorem
1681 4763 1769 4817 vix
1791 4759 2144 4818 celebriorem

566 4838 714 4896 certe
741 4846 849 4885 non
896 4832 1100 4896 habuit,
1137 4842 1446 4889 constanter
1478 4834 1731 4889 Ecclesiae
1779 4834 2058 4889 catholica:
2081 4848 2146 4888 ac

566 4895 823 4973 Romana:
862 4904 1169 4973 auctoritati
1216 4904 1523 4965 adhresisse,
1554 4913 1714 4973 atque
1744 4903 1811 4957 ad
1864 4904 2004 4959 hanc
2055 4919 2142 4959 se-

567 4971 995 5051 quendamsuos;
1033 4974 1341 5051 discipulos,
1386 4983 1441 5030 et
1474 4971 1672 5051 omnes
1695 4974 1830 5029 alios
1860 4990 2002 5051 quos
2021 4989 2147 5051 pro-

564 5043 687 5115 prio
714 5057 811 5097 suo
832 5043 1035 5115 judicio
1055 5044 1384 5115 privataque
1411 5045 1648 5099 scientia:
1697 5061 1760 5115 ac
1793 5046 2005 5114 spiritui
2023 5043 2039 5045 “
2058 5045 2143 5099 ni-

568 5111 739 5166 mium
786 5112 1024 5167 tribuere
1055 5111 1314 5178 'noverat,
1345 5116 1688 5169 adhortatum
1728 5111 1912 5170 fuisse.
1954 5115 2147 5170 Adria-

566 5196 697 5253 num
719 5182 740 5235 I
760 5182 1061 5239 Romanum
1084 5184 1411 5253 pontiﬁcem,
1441 5186 1611 5241 sancti
1638 5185 1781 5239 Petri
1803 5186 2063 5240 vicarium
2093 5193 2148 5240 ct

574 5252 809 5323 miriﬁca:
837 5253 979 5309 illius
1022 5252 1304 5323 petestatis
1346 5255 1542 5323 ligandi
1572 5265 1734 5323 atque
1769 5255 2007 5310 solvendi
2040 5257 2148 5310 ha:-

574 5271 809 5309 mirmca:
837 5271 979 5309 unus
1022 5271 1304 5323 poresians
1346 5271 1380 5307 ιι
1420 5271 1542 5310 anui
1572 5271 1625 5309 at
1668 5271 1734 5309 ue
1769 5271 2007 5310 sorvenai
2041 5271 2147 5310 na:-

572 5322 755 5407 redem
778 5325 1022 5407 agnoscit
1044 5324 1105 5407 in
1125 5326 1281 5407 epist.
1313 5271 1562 5407 15%nunc
1586 5271 1696 5407 I83.
1714 5325 2035 5407 Leonemill
2054 5342 2147 5381 vo-

568 5400 658 5467 cat
682 5394 986 5467 pontiﬁcem
1008 5413 1039 5451 a
1066 5394 1187 5467 Deo
1200 5394 1450 5467 electum,
1481 5396 1742 5451 vicarium
1763 5396 2145 5467 apostolorum,

571 5460 839 5536 hzeredem
878 5465 1118 5533 Patrum,
1147 5465 1400 5520 Ecclesiae
1423 5467 1740 5536 principem,
1778 5460 1938 5522 unius
1961 5460 2149 5521 imma-

574 5532 765 5587 calata:
788 5536 1053 5593 columbae
1103 5532 1441 5591 nutritorenf
1478 5554 1507 5591 e
1548 5532 1635 5591 ist.
1663 5537 1733 5591 20
1764 5536 1929 5609 (nunc
1955 5536 2023 5591 2i
2055 5577 2068 5589 .
2091 5537 2147 5591 In

574 5602 729 5661 epist.
766 5604 831 5657 75
867 5606 1031 5661 (nunc
1060 5606 1150 5661 90)
1181 5605 1248 5660 ad
1271 5607 1468 5660 fratres
1505 5553 1888 5661 tuadunenscs
1912 5536 2098 5661 scribit
2132 5626 2144 5661 :

572 5602 729 5679 epist.
766 5604 831 5657 75
867 5606 1031 5679 (nunc
1060 5606 1150 5679 90)
1181 5605 1248 5660 ad
1271 5607 1479 5679 fratres
1505 5602 1888 5679 Lugdunenses
1912 5602 2098 5662 scribit
2132 5626 2144 5661 :

580 5669 801 5741 (Neirio
825 5669 1330 5733 catholicus'contra
1360 5669 1616 5732 Ecclesia:
1632 5678 2010 5733 auctoritatem
2034 5693 2151 5733 cer-

548 5748 695 5800 tare
738 5746 968 5804 audeat:
996 5757 1052 5805 et
1091 5765 1159 5807 ne
1198 5749 1574 5807 schismaticus
1614 5749 1917 5805 inveniatur
1944 5759 1999 5805 et
2044 5766 2151 5806 non

1720 1768 1859 1823 I95:
1891 1766 1987 1831 (,0
2013 1769 2142 1821 bea-
2174 1767 2221 1827 B

2244 482 2497 537 Ecclesia:
2517 479 2909 545 auctoritatem,
2932 490 2991 535 ut
3037 480 3175 534 unde
3198 480 3477 535 catholicae
3517 479 3641 536 fidei
3672 482 3824 544 initia

2245 553 2556 625 accipimus,
2590 552 2713 607 inde
2763 551 3090 625 exemplaria
3135 551 3321 625 salutis
3366 558 3565 605 nostra:
3609 566 3823 625 semper

2243 620 2573 688 habeamus;
2601 637 2668 676 ne
2714 622 2956 675 membra
2986 636 3023 690 ag
3046 620 3218 690 capite
3248 631 3566 690 separentur
3588 638 3687 678 suo
3711 620 3822 682 :‘ne

2245 691 2486 774 claviger
2510 692 2668 774 regni.
2686 688 3182 774 cteiestis‘ahjiciat,
3204 688 3341 761 quos
3356 708 3409 774 ’ἓ
3440 692 3555 747 suis
3580 693 3822 774 deviasse

2245 761 2495 831 intelligit
2554 761 2827 818 doctrinis.
2860 782 2879 815 ι
2913 761 2991 815 Ae
3025 770 3308 830 prepterea
3356 761 3449 817 lib.
3495 777 3514 817 ι
3563 762 3823 823 adversus

2245 830 2498 897 Felicem,
2530 848 2677 886 num.
2708 832 2759 897 6,
2797 850 2816 883 ‹
2844 830 3137 887 Ecclesiam
3176 831 3472 885 Romanam
3498 841 3656 887 vocat
3683 834 3820 889 alia-

2245 917 2367 985 rum
2393 903 2974 985 ecclesiargm‘caputa
3002 901 3310 985 El‘l‘lvail,
3339 917 3493 985 num.
3520 903 3609 968 15,
3640 904 3826 985 docet,

2252 989 2271 1021 t
2314 971 2609 1027 Romanam
2638 971 2934 1026 Ecclesiam
2962 988 2990 1026 a
3013 971 3292 1027 catholicis
3309 980 3365 1027 et
3384 978 3531 1028 recte
3558 971 3826 1030 credenti;

2244 1041 2346 1097 bus
2371 1058 2489 1096 esse
2519 1042 2864 1110 sequendam.

2315 1111 2536 1167 CLXIII.
2565 1113 2690 1166 llaec
2720 1111 2821 1182 fuit
2851 1112 3095 1168 doctrina
3118 1111 3453 1169 celeberrimi
3478 1113 3637 1182 hujus
3658 1115 3829 1171 totius

2245 1179 2448 1254 Galliae,
2473 1182 2733 1246 Francize,
2755 1181 3057 1254 Germania),
3084 1190 3138 1254 et
3183 1182 3387 1254 Anglia:
3412 1179 3685 1254 magistri,
3707 1185 3830 1239 illu-

2246 1252 2482 1322 strisque
2503 1268 2627 1307 saac.
2652 1268 2747 1306 vm
2762 1252 2817 1305 in
2840 1251 3080 1307 Ecclesia
3105 1251 3364 1318 doctoris,
3386 1269 3493 1311 non
3508 1251 3728 1309 naviter
3751 1254 3832 1310 ef-

2246 1321 2411 1388 ﬁcta,’
2449 1324 2543 1378 sed
2592 1337 2623 1376 a
2666 1330 2903 1392 tempore
2937 1324 3297 1392 apostolorum
3346 1323 3543 1378 tradita
3584 1333 3639 1380 et
3679 1325 3826 1380 inter

2283 1393 2455 1448 riores
2501 1393 2815 1450 ignorantiae
2835 1401 2891 1447 et
2917 1392 3183 1448 barbarici
3218 1394 3443 1449 nebulas
3488 1404 3827 1450 conservata.

2283 1407 2455 1448 nores
2501 1410 2514 1447 ι
2556 1407 2815 1446 noranuae
2835 1407 2891 1447 et
2918 1407 3183 1448 barbarici
3218 1407 3443 1449 nebulas
3488 1407 3827 1450 conservata.

2245 1407 2372 1548 flare
2397 1409 2652 1548 _fuilt‘ﬁdes
2678 1462 2877 1548 summi
2904 1479 2968 1548 ac
3004 1464 3360 1548 potentissimi
3402 1464 3629 1547 regisac
3658 1465 3828 1548 impe-

2245 1533 2440 1587 ratoris
2470 1532 2645 1587 Caroli
2677 1532 2884 1603 Magni;
2943 1532 3057 1588 haic
3106 1533 3205 1587 fuit
3238 1533 3371 1603 fides
3417 1532 3655 1590 omnium
3682 1532 3829 1592 illius

2247 1602 2505 1687 temporis
2550 1595 2888 1680 pontiﬁciim,
2936 1612 2992 1658 et
3033 1595 3457 1687 orthodoxorpm
3501 1604 3828 1687 principum,

2246 1673 2397 1727 archi
2431 1681 2484 1727 et
2514 1676 2911 1743 episcoporum,
2937 1674 3284 1743 omniumque
3312 1673 3545 1728 ﬁdelium
3565 1673 3833 1731 Cbristiai-

2246 1758 2459 1809 norum,
2491 1754 2549 1797 ut
2576 1745 2771 1798 mirum
2818 1744 2905 1810 sit,
2936 1746 3175 1812 potuisse
3205 1744 3593 1799 recentioribus
3621 1752 3724 1800 tem

2250 1814 2441 1898 ribus,“
2459 1813 2600 1898 inter
2622 1815 2768 1898 viros
2795 1814 2957 1867 etiam
2987 1813 3173 1898 doctos
3222 1823 3277 1868 ct
3309 1813 3549 1896 eruditos
3578 1813 3830 1898 reperiri,

2247 1882 2339 1958 qui
2357 1883 2474 1958 'iilis
2495 1884 2834 1958 dogmatibus
2860 1884 3213 1958 recentiorem
3251 1885 3514 1958 originem
3553 1882 3835 1958 assignare

2244 1952 2329 2025 vel
2353 1952 2608 2025 afﬁngere
2636 1954 3087 2025 vellentaVerum
3110 1954 3226 2025 haec
3271 1952 3719 2011 heterodoxoruin
3744 1956 3833 2010 la-

2246 2023 2673 2096 boriosa,'simul
2699 2040 2825 2079 vero
2855 2023 3155 2096 frustrariea
3168 2024 3449 2096 diligentia
3476 2033 3575 2096 est,
3600 2042 3706 2096 qua
3732 2042 3834 2081 no-

2248 2094 2736 2167 vandispiritnma
2767 2110 2824 2149 se
2842 2094 3073 2160 emoliri,
3100 2094 3317 2165 suisque
3339 2095 3572 2151 inventis
3595 2094 3836 2167 antiqui-

2246 2164 2376 2218 tatis
2405 2164 2584 2218 fucum
2606 2165 2874 2219 obducere
2894 2175 3177 2219 conantur.

2317 2233 2542 2305 CLXIV.
2569 2234 2864 2290 Orthodoxi
2890 2235 3050 2305 hujus
3079 2234 3316 2290 doctoris
3337 2250 3528 2290 nomen
3546 2233 3833 2302 Calvinus,

2246 2304 2441 2386 exigua
2462 2304 2762 2386 litterarum
2782 2304 3085 2367 metathesi,
3106 2306 3653 2386 initio_pe£summam
3675 2305 3836 2361 frau-

2248 2374 2372 2444 dem
2395 2383 2448 2427 et
2473 2374 2823 2444 imposturam
2845 2390 3133 2444 usurpasse
3161 2374 3322 2430 tradit
3343 2374 3588 2430 Canisius
3607 2375 3661 2428 in
3686 2390 3839 2444 prae-

2246 2442 2344 2497 fat.
2375 2445 2442 2499 ad
2469 2442 2723 2499 lectorem
2754 2445 2808 2498 in
2836 2442 3180 2500 Dialecticam
3210 2444 3417 2499 Alcuini
3446 2452 3575 2500 tom.
3602 2444 3647 2499 Il
3674 2442 3835 2501 Lect.

2244 2513 2427 2586 Antiq.
2465 2514 2893 2586 EditaBasnagii
2919 2515 3195 2586 μαθέ-86.
3232 2514 3630 2586 Simiiiaihabet
3656 2513 3839 2586 Spon-

2247 2582 2439 2655 danus
2464 2583 2658 2639 Annal.
2685 2582 2864 2639 Eccle.
2895 2582 3023 2640 tom'.
3052 2584 3139 2651 III,
3166 2586 3295 2640 edit.
3347 2584 3539 2640 Ticini.
3581 2582 3713 2655 pag.
3737 2583 3837 2651 61,

2245 2654 2469 2727 ιιᾼιιιηιξ),
2493 2654 2583 2727 ubi
2606 2655 2682 2727 a_i_t
2710 2673 2722 2708 :
2747 2672 2772 2727 _t
2801 2655 2918 2724 Ipse
2946 2654 3237 2727 (Calvinus)
3267 2655 3554 2727 aliquando
3585 2654 3841 2727 transpo-

2246 2724 2366 2780 sitis
2394 2724 2587 2779 litteris
2608 2723 2890 2780 Alcuinum
2915 2723 3035 2779 sese
3077 2723 3393 2787 nominavit,
3416 2725 3493 2778 uti
3525 2725 3578 2778 in
3606 2723 3838 2779 Institu-

2246 2794 2410 2850 tionis
2434 2811 2545 2850 sua:
2565 2794 2798 2851 editione
2826 2793 3264 2865 Argentoratensi
3293 2795 3420 2865 anni
3440 2793 3602 2865 1539,
3626 2809 3833 2865 nomen

2247 2867 2529 2947 aemulatus
2580 2865 2762 2947 magni
2812 2862 2955 2947 illius
3002 2864 3236 2947 filcuini,
3282 2864 3373 2934 qui
3425 2862 3601 2919 Caroli
3650 2862 3837 2947 Magni

2245 2944 2561 3006 praeceptor
2588 2933 2708 2989 fuit.
2746 2956 2764 2989 ι
2812 2936 2870 2990 In
2927 2935 3101 2991 indice
3148 2933 3359 3006 quoque
3411 2933 3836 3006 expurgatorio,

2247 3018 2406 3089 quem
2424 3003 2501 3058 ἶ).
2533 3004 2831 3089 Rasnagius
2857 3006 2910 3060 in
2948 3003 3327 3089 observatione
3348 3004 3402 3087 in
3430 3003 3674 3089 eamdem
3703 3003 3839 3089 Dia-

2247 3072 2495 3148 iecticam
2535 3072 2746 3148 Διειιῇιῆ
2785 3091 2906 3148 pag.
2934 3076 3038 3148 {87
3064 3078 3222 3142 citat;
3252 3085 3306 3131 et
3331 3075 3411 3148 in
3437 3074 3608 3148 altero
3650 3073 3838 3132 indice

2244 3143 2506 3199 librorum
2536 3143 2928 3214 prohibitorum
2948 3146 3132 3201 Roma:
3159 3162 3300 3202 anno
3326 3145 3457 3199 1704
3475 3145 3637 3209 edito,
3662 3161 3832 3214 quem

2245 3214 2460 3298 ipsimet
2480 3216 2864 3298 “inspeximus,
2905 3225 3253 3298 recensentur
3291 3215 3499 3298 Αηζεᾳὶῃὶ
3528 3217 3837 3298 catapotia:

2246 3283 2447 3339 Calvini
2474 3284 2845 3339 Commentarii
2902 3288 2957 3341 in
3002 3286 3184 3341 Libros
3214 3288 3278 3340 de
3319 3285 3591 3339 Trinitate.
3631 3283 3838 3342 Verum

2244 3354 2309 3428 Ι).
2336 3353 2632 3428 Basnagius
2658 3356 2761 3428 loc.
2808 3357 2899 3412 cit.
2919 3364 3334 3428 Aexpurgatores,
3373 3354 3717 3428 Spondanum
3768 3365 3832 3411 et

2245 3424 2657 3498 Canisium'hac
2677 3426 2729 3479 in
2758 3441 2817 3498 re
2844 3424 3049 3498 vulgari
3076 3424 3306 3498 quodam
3330 3424 3553 3498 rumore
3573 3425 3837 3498 deceptos

2244 3493 2412 3550 fuisse
2438 3495 2628 3561 credit,
2657 3505 2711 3551 et
2739 3496 2807 3550 ab
2832 3493 2961 3551 aliis
2998 3493 3143 3551 credi
3177 3496 3312 3560 vult,
3344 3496 3514 3550 donec
3533 3493 3835 3551 Institutio-

2244 3565 2330 3619 nis
2352 3564 3049 3648 Calvini‘Argentorate‘nsis
3070 3566 3156 3621 illa
3180 3566 3343 3622 editio
3364 3572 3638 3648 appareat,
3661 3580 3830 3635 quam

2246 3644 2512 3706 memorat
2541 3634 2879 3705 Spondanus.
2912 3636 3168 3692 Rationes
3211 3651 3322 3691 suae
3366 3634 3650 3706 opinionis,
3682 3634 3835 3706 quas

2245 3704 2321 3760 ibi
2366 3705 2430 3760 D.
2472 3704 2769 3777 Basnagius
2796 3706 3024 3776 profert;
3047 3706 3188 3762 haud
3233 3704 3653 3777 contemnendas
3685 3704 3828 3777 _cen-

2246 3789 2459 3846 semus;
2490 3774 2968 3846 praesertim'quod
3012 3778 3065 3831 in
3095 3776 3387 3832 novissima
3420 3775 3657 3846 editione
3684 3774 3834 3831 Indi-

2246 3846 2341 3918 cis,
2366 3844 2521 3914 jussu
2547 3846 2822 3918 Benedicti
2841 3844 2957 3903 XIV
2984 3847 3250 3918 recogniti
3263 3855 3318 3901 et
3340 3862 3482 3918 anno
3504 3845 3640 3918 I758
3669 3846 3829 3913 editi,

2246 3915 2627 3971 Commentarii
2660 3917 2734 3971 illi
2765 3917 2975 3972 Alcuini
3023 3914 3137 3971 Seu'
3163 3916 3367 3972 Calvini
3404 3931 3512 3970 non
3554 3914 3829 3982 legantur,

2246 3987 2341 4041 sed
2394 3987 2697 4042 tribuantur
2741 3986 2900 4042 Luca)
2926 3986 3113 4043 Lossio
3162 3986 3246 4042 his
3292 3986 3509 4041 verbis:
3549 4003 3568 4036 ι
3603 3986 3831 4042 Lossins

2245 4055 2651 4113 Lucas-Alcuini
2681 4057 2890 4114 abbatis
2944 4057 3272 4113 Turonensis
3312 4057 3378 4111 de
3406 4056 3510 4110 ﬁde
3547 4064 3749 4110 sancta:
3773 4064 3833 4110 et

2245 4129 2532 4184 individua:
2550 4128 2829 4183 Trinitatis
2847 4129 2970 4185 libri
2988 4136 3119 4195 tres,
3133 4126 3521 4184 commentario
3548 4125 3826 4181 illustrati.

2243 4198 2410 4254 Index
2444 4198 2593 4254 Trid.
2625 4220 2645 4252 ι
2678 4198 2788 4255 Hos
2814 4200 3249 4266 commentarios,
3279 4199 3380 4253 etsi
3408 4196 3634 4252 multum
3679 4211 3831 4269 quas-

2244 4270 2396 4341 sitos,
2410 4340 2415 4341 ί
2430 4269 2655 4341 necdum
2677 4271 2919 4326 obtinere
2955 4272 3245 4341 potuimus.

2314 4339 2518 4394 CLXV.
2574 4340 2652 4395 De
2672 4341 2930 4396 doctrinis
2955 4338 3043 4396 'ad
3088 4356 3269 4396 mores
3298 4338 3636 4407 Christianos

2314 4345 2518 4420 CLXV.
2575 4345 2652 4395 De
2672 4345 2930 4396 doctrinis
2974 4345 3043 4396 ad
3070 4356 3269 4422 _mores
3298 4345 3636 4422 Christianos
3654 4345 3829 4422 perti-

2244 4409 2516 4475 nentibus,
2537 4424 2675 4477 quas
2720 4410 2908 4465 beatus
2931 4411 3188 4465 Alcuinus
3234 4411 3540 4467 hominibus
3585 4423 3830 4479 cujusws

2167 4469 2221 4530 D
2247 4480 2418 4562 status
2443 4469 2865 4562 et'conditionis,
2891 4482 3125 4562 regibus,
3151 4481 3504 4562 principibus,
3528 4469 3828 4562 judicibus,

2249 4549 2476 4604 ducibus
2500 4550 2787 4619 exercitus,
2819 4548 3181 4619 pontiﬁcibus,
3212 4548 3514 4616 abbatibus,
3544 4548 3832 4606 monachis

2248 4618 2847 4692 etisanctimonialibus’,
2880 4621 3053 4692 viduis
3085 4630 3139 4692 et
3162 4621 3478 4692 virginibus,
3509 4627 3671 4690 atque
3692 4619 3834 4675 inte-

2245 4690 2357 4762 gris
2386 4690 2594 4762 populis
2620 4706 2743 4762 cum
2770 4691 3004 4746 maximo
3025 4691 3161 4757 zelo,
3182 4690 3303 4746 cuin
3334 4691 3598 4762 gravitate
3618 4696 3675 4762 et
3687 4705 3832 4762 qua-

2247 4759 2692 4844 dam-magisterii
2715 4762 3033 4843 auctoritate
3054 4762 3251 4844 ubique
3278 4759 3532 4827 inculcat,
3560 4759 3832 4831 prolixius

2245 4831 2336 4902 hic
2366 4831 2652 4902 disserere,
2686 4847 2886 4902 easque
2939 4831 3248 4902 singulatim
3302 4846 3583 4902 recensere
3637 4844 3833 4900 super-

2246 4899 2414 4956 fluum
2466 4899 2855 4957 existimamus.
2889 4899 3258 4957 Illas'sedulus
3286 4917 3351 4957 ac
3371 4902 3493 4972 pius
3518 4901 3689 4972 lector
3706 4899 3831 4972 non

2246 4972 2532 5054 tantumnin
2558 4973 2833 5054 opusculis
2878 4974 3194 5054 moralibus,
3222 4971 3409 5054 verum
3435 4971 3677 5054 etia‘min
3707 4971 3832 5054 cpi-

2246 5042 2401 5113 stolis
2444 5040 2798 5113 familiaribus
2827 5043 3195 5111 copiosissime
3222 5043 3471 5113 reperiet.
3517 5040 3826 5113 Optandum

2245 5112 2488 5192 profecto
2522 5112 2678 5177 foret,
2706 5120 2766 5166 ut
2807 5114 3008 5192 nostris
3044 5111 3373 5192 temporibus
3395 5112 3563 5192 .inter
3587 5126 3701 5175 eos,
3715 5111 3831 5192 qui

2248 5179 2316 5238 ad
2343 5182 2611 5253 publicum
2647 5198 2843 5238 munus
2868 5183 3114 5245 docendi,
3144 5179 3210 5237 ad
3236 5182 3539 5253 principum
3580 5179 3829 5253 consilia,

2248 5250 2503 5323 tanquam
2531 5253 2981 5307 conscientiarum
3003 5253 3192 5309 arbitri
3227 5250 3281 5307 ét
3310 5250 3551 5323 aulamm
3573 5250 3831 5323 modera-

2249 5320 2394 5378 tores
2437 5324 2614 5379 vocati
2656 5332 2799 5389 sunt,
2826 5324 3071 5394 exemplo
3090 5322 3333 5388 'Alcuini,
3382 5322 3591 5394 abjecto
3632 5320 3833 5375 timore

2249 5394 2430 5448 servili
2456 5394 2794 5463 humanoque
2825 5392 3091 5464 respectu,
3129 5394 3369 5464 modeste
3393 5392 3611 5464 quidem
3637 5404 3832 5445 verum

2248 5464 2515 5533 intrepide
2566 5462 2790 5520 summis
2818 5473 2874 5520 et
2906 5462 3103 5520 inﬁmis
3134 5462 3423 5520 veritatem
3467 5462 3829 5533 insiniiarent,

2250 5529 2412 5604 atque
2445 5535 2519 5590 ita
2546 5536 2829 5591 consilium
2850 5534 3064 5589 Alcuini
3110 5540 3465 5604 sequerentur
3509 5532 3575 5587 ad
3590 5529 3830 5604 βωτιιί-

2249 5600 2377 5677 nsjn
2412 5607 2785 5677 presbyterum
2828 5606 2884 5659 in
2909 5606 3081 5677 _epist.
3120 5600 3343 5676 7'(nunc
3389 5602 3444 5677 8)
3467 5600 3827 5677 _scribentis:

2256 5694 2276 5727 ‹
2313 5674 2383 5731 Ut
2414 5673 2528 5742 tibi,
2559 5673 2878 5732 charissime
2900 5673 3083 5738 frater,
3113 5673 3324 5745 tempus
3349 5673 3434 5745 vel
3467 5673 3617 5745 locus
3637 5686 3832 5726 occur-

2249 5747 2339 5815 rit,
2371 5763 2586 5820 semper
2604 5748 2700 5805 Dei
2720 5746 2886 5804 suade
2904 5743 3240 5804 voluntatem
3252 5744 3407 5817 sequi
3424 5743 3675 5802 omnibus
3697 5755 3828 5812 per-
