4084 6522
625 501 723 560 111

1676 496 1770 551 AD
1806 494 1868 551 Β.
1909 495 1971 550 F.
2012 486 2318 550 ALBINUM
2356 490 2489 550 SEU
2526 490 2884 550 ALCUINUM

3778 490 3890 549 “2

624 613 749 671 miis
774 612 1190 691 honoribusque
1241 611 1527 691 sollicitare
1553 651 1567 677 ,
1633 619 1794 691 atque
1831 626 1909 691 ex
1970 610 2197 691 diversis
2224 614 2277 674 Α
2300 609 2386 666 his
2429 610 2656 691 verbis;
2710 627 2735 691 ε
2776 611 3225 691 Antequamcgo
3255 606 3450 691 eodem
3476 588 3885 691 sapientissimo

626 683 809 765 mundi
824 683 1088 765 _partibus
1104 680 1387 737 amatores
1423 681 1787 765 iiliusvestra}
1827 682 1982 765 bona:
2009 680 2198 736 volun-

2301 697 2430 751 rege
2480 680 2673 736 Carolo
2712 678 2939 750 jubente
2993 676 3261 751 venissem
3307 677 3361 731 in
3394 676 3716 751 Franciam,
3767 681 3885 737 haec

623 754 724 811 tati
772 748 1043 823 adjutores
1080 768 1378 823 convocare
1415 750 1906 823 studuistis.ilnter
1931 767 2064 821 quos
2112 766 2197 805 me
2297 748 2486 807 eadem
2514 750 2678 806 vestri
2716 748 2924 807 erroris
2954 756 3099 823 secta
3134 748 3322 803 eodem
3360 748 3592 823 glorioso
3637 751 3885 823 principe

623 824 788 888 etiam
815 821 1060 878 intimum
1079 864 1094 889 ,
1122 821 1360 891 ejusdem
1398 830 1598 876 sancta:
1629 821 1905 891 sapientia:
1940 836 2198 876 vernacu-

622 892 736 949 lum
758 894 822 947 de
849 892 1051 947 ultimis
1077 892 1367 948 Britanniae
1401 891 1595 946 finibus
1620 892 1921 946 adsciscere
1944 893 2194 956 curastis,

625 973 787 1034 atque
828 963 1033 1018 utinam
1075 970 1185 1016 tam
1231 961 1415 1015 utilem
1439 961 1728 1034 _in__domo
1761 960 1855 1015 Dei
1894 962 2190 1034 servulum,

621 1030 783 1118 quam
804 1033 1163 1118 promptulum
1186 1031 1620 1118 vestrarohedire
1638 1030 1933 1118 voluntati._
1959 1031 2093 1118 Quia
2122 1032 2196 1118 di:

618 1102 793 1177 ligens
805 1102 1107 1177 diligebam
1129 1102 1180 1155 in
1208 1102 1573 1177 sacratissimo
1591 1109 1806 1177 pectore
1826 1112 2025 1177 vestro,
2050 1102 2194 1170 quod

616 1170 690 1234 inv
702 1190 789 1230 me
813 1186 907 1228 vos
923 1170 1067 1226 'velle
1094 1172 1337 1226 invenire
1362 1170 1745 1242 intelligebam.
1779 1192 1797 1224 ι
1834 1170 1986 1238 Quod
2004 1179 2059 1226 et
2081 1180 2195 1226 tan-

619 1260 746 1317 gere
772 1244 983 1298 videtur
1007 1242 1247 1297 carmine
1273 1242 1378 1298 209
1406 1242 1490 1296 his
1516 1243 1731 1297 verbis:

738 1334 943 1383 Albinus
964 1332 1168 1383 veniens
1206 1335 1475 1393 peregrino
1515 1334 1637 1381 vatis
1656 1334 1716 1380 ab
1740 1332 1880 1392 orbe,

738 1396 947 1457 Suscipit
970 1395 1101 1443 hunc
1122 1393 1319 1445 Carolus
1342 1394 1493 1457 hujus,
1507 1407 1594 1442 rex
1620 1395 1822 1456 inclytus
1841 1393 1996 1457 orbis,

736 1457 821 1519 His
844 1454 991 1519 quem
1013 1456 1197 1504 direxit
1218 1454 1445 1519 praeclara
1471 1454 1725 1505 Britannia
1736 1455 1900 1515 terris,

734 1518 852 1568 Cum
866 1517 1056 1582 pietate
1075 1530 1226 1566 sacra:
1244 1517 1443 1579 suphi'e,
1464 1523 1562 1565 tum
1585 1523 1782 1579 propter
1800 1528 2034 1567 amorem.

617 1599 809 1654 Verum
836 1598 1059 1668 epistola
1086 1597 1152 1652 ad
1177 1597 1515 1668 Laidradum
1526 1597 1835 1668 episcopum
1864 1598 2190 1668 Lugdunen—

620 1615 809 1654 verum
836 1615 866 1654 e
905 1615 1059 1654 ismta
1086 1615 1152 1652 aa
1177 1615 1498 1652 Lateranum
1526 1615 1835 1668 episcopum
1864 1615 1941 1652 ιλιι
1983 1615 2190 1652 nuncn—

609 1685 744 1734 scm,
783 1615 1077 1725 Neii-idium
1118 1669 1427 1738 episcopum
1471 1665 1872 1722 Narbonensem
1899 1709 1914 1732 ,
1947 1615 2191 1722 %enedi-

609 1750 756 1795 ctum
802 1741 1083 1801 abbatem,
1143 1737 1412 1808 simulque
1457 1738 1828 1793 sanctissimos
1873 1739 1925 1807 in
1980 1737 2191 1808 Gothiae

606 1810 899 1880 provincia:
946 1809 1188 1880 partibus
1227 1809 1528 1880 episcopos,
1572 1809 1815 1873 abbates,
1864 1807 2184 1880 etdfratres,

608 1878 769 1935 aliam
814 1878 1156 1949 superadjicit
1199 1879 1480 1949 rationem,
1516 1893 1745 1949 nempe
1779 1888 1840 1932 ut
1886 1878 2186 1946 piissimum

2297 824 2641 893 praesidente,
2678 831 2945 891 praesente
2960 819 3169 885 Colice,
3205 833 3364 893 quem
3391 819 3621 893 multum
3660 818 3885 893 laudare

2296 888 2458 963 soles,
2501 888 2697 948 vestrai
2721 893 2891 963 partis
2933 900 3076 963 tunc
3089 889 3346 963 temporis
3372 888 3674 963 defensore,
3702 891 3882 963 venti-

2295 961 2405 1017 lata
2445 970 2531 1018 est
2581 963 2636 1017 in
2676 959 3026 1019 celeberrimo
3063 959 3211 1032 loco,
3244 959 3336 1030 qui
3378 960 3575 1032 dicitur
3612 960 3884 1032 Raiginis-

2295 1033 2452 1105 burg,
2500 1042 2557 1105 et
2600 1034 2842 1105 synodali
2886 1031 3209 1105 auctoritate
3253 1030 3594 1105 sacerdotum
3642 1030 3879 1101 Chi-isti,

2293 1105 2386 1173 qui
2404 1100 2484 1158 'ex
2512 1100 2738 1158 diversis
2769 1103 3065 1160 Christiani
3091 1101 3300 1173 imperii
3333 1100 3575 1173 partibus
3614 1117 3883 1161 convene-

2295 1170 2437 1239 rant,
2484 1183 2690 1229 :eterno
2723 1175 3068 1229 anathemate
3099 1170 3389 1236 damnata;
3418 1170 3529 1226 imo
3554 1181 3608 1227 et
3631 1189 3661 1226 a
3704 1174 3881 1231 beata:

2296 1244 2570 1315 memoria:
2609 1243 2847 1315 Adriano
2892 1259 3046 1315 papa,
3096 1243 3186 1315 qui
3217 1250 3346 1297 tunc
3391 1243 3648 1315 temporis
3676 1253 3881 1301 sancta:

2293 1312 2551 1369 Romanae
2612 1314 2866 1370 Ecclesite
2892 1312 2911 1315 θ
2936 1312 3228 1383 apostolica
3281 1314 3603 1368 auctoritate
3664 1323 3880 1370 rexerat

2293 1384 2493 1449 sedem,
2524 1383 2765 1439 funditus
2794 1386 3149 1439 exterminata
3197 1401 3210 1436 :
3253 1384 3422 1439 donec
3442 1383 3583 1437 idem
3622 1384 3769 1439 Felix
3798 1387 3880 1440 in-

2292 1452 2520 1510 feliciter
2545 1457 2613 1509 ad
2634 1466 2846 1510 vestras
2873 1454 3146 1525 refugiens
3174 1461 3377 1524 partes,
3417 1455 3619 1523 sopitos
3649 1455 3881 1511 inﬁdeli-

2291 1527 2419 1580 tatis
2437 1526 2644 1581 cineres
2678 1526 2830 1580 vobis
2850 1525 3200 1580 exorantibus
3221 1525 3542 1579 resuscitare
3564 1526 3815 1582 intendit.
3852 1548 3872 1581 ι

2288 1593 2446 1650 Anno
2470 1597 2617 1650 enim
2651 1596 2773 1663 792,
2799 1604 2859 1650 ut
2900 1596 3101 1650 habent
3122 1594 3360 1650 Annales
3386 1595 3579 1650 incerti
3615 1598 3873 1660 auctoris,

2289 1664 2510 1738 haeresis
2544 1665 2837 1731 Feliciana,
2860 1666 2978 1735 ipso
2998 1674 3227 1738 auctore
3250 1680 3371 1720 eam
3391 1667 3712 1738 abnegante,
3733 1667 3875 1738 apud

2290 1734 2675 1809 Baganespurg
2699 1734 2953 1809 primum
2977 1736 3230 1809 damnata
3268 1744 3395 1790 est:
3432 1734 3730 1809 qui-etiam
3764 1734 3891 1808 per

2288 1804 2719 1877 Engilber—thuin,
2764 1806 3107 1877 Centulensis
3153 1804 3466 1862 monasterii
3516 1804 3873 1863 abbatem—in

2290 1875 2631 1947 praasentiam
2658 1877 2880 1932 Adriani
2908 1875 3184 1947 apostolici
3213 1877 3474 1933 adductus
3502 1916 3517 1943 ,
3549 1878 3726 1934 denuo
3752 1894 3873 1934 eam

607 1965 788 2073 regem
818 1945 1066 2005 Carolum
1096 1950 1149 2003 in
1193 1948 1315 2002 fidei
1352 1948 1629 2029 catholicae
1658 1945 1966 2003 defensione
1992 1958 2183 2003 contra
2218 1969 2263 2029 Β
2289 1945 2627 2003 confessione
2652 1947 2794 2004 facta
2816 1945 3109 2004 damnavit.

604 2019 680 2074 Fe
704 2022 839 2074 icem
875 2020 1215 2074 Umellitante
1253 2019 1397 2074 sedis
1420 2033 1751 2074 emsconum.
1776 2026 1831 2071 et
1863 2019 1980 2074 eius
2007 2026 2184 2073 secta-
2909 2058 2944 2074 η
2963 2057 3109 2074 ..πη

651 2037 680 2075 e

704 2022 839 2102 ice_m
875 2020 1215 2102 Urgellitante
1253 2019 1397 2102 sedis
1420 2020 1751 2102 episcopum,
1776 2019 1980 2102 ett'ejus
2007 2026 2184 2073 secta-

606 2100 752 2145 tores
781 2089 1061 2145 hzereticos
1102 2090 1379 2160 adjuvaret
1416 2090 1624 2160 sibique
1652 2089 1766 2160 hoc,
1790 2090 1954 2143 etiam
1998 2104 2027 2141 a
2066 2105 2185 2143 san-

606 2160 848 2231 ctissimo
898 2160 1128 2231 quodam
1167 2158 1299 2231 ‘viro
1344 2159 1643 2230 pmphetire
1692 2158 1886 2231 spiritu
1934 2160 2182 2231 pragdito,

605 2230 732 2285 dum
756 2228 932 2286 adhuc
948 2230 1004 2285 in
1029 2229 1307 2284 Britannia
1328 2228 1653 2295 versaretur,
1680 2228 1997 2299 praedictum
2019 2228 2185 2284 fuisse

603 2300 888 2371 profitetur
919 2320 931 2355 :
961 2319 981 2352 ‹
1029 2300 1326 2365 Neminem,
1370 2300 1566 2369 inquit,
1617 2300 1897 2371 adimeum
1947 2315 2183 2368 unquam

604 2370 1276 2453 comparaviservit'i‘um,
1464 2371 1634 2453 magis
1680 2370 1890 2453 devota.
1919 2371 2185 2453 charitate

605 2439 855 2496 omnibus
891 2440 1090 2497 Christi
1120 2441 1214 2495 Dei
1251 2441 1355 2495 mei
1385 2439 1600 2495 famulis
1628 2441 1832 2496 servire
1859 2441 2180 2495 desideravi.

602 2509 685 2582 Ad
723 2511 874 2582 cujus
916 2511 1120 2565 servitii
1163 2510 1494 2582 facultatem,
1537 2511 1739 2582 divina,
1781 2520 1839 2565 ut
1880 2512 2064 2577 credo,
2097 2510 2185 2579 ju-

606 2581 768 2636 bente
793 2581 1204 2651 dispensatione
1231 2622 1247 2649 ,
1305 2582 1372 2635 ad
1414 2581 1706 2651 gloriosum
1758 2590 1814 2636 et
1880 2582 2028 2636 omni
2089 2582 2186 2637 ho-

599 2667 753 2724 nore
783 2646 1166 2706 nominandum
1189 2646 1365 2724 hujus
1404 2646 1553 2724 regni
1587 2652 1878 2724 principem
1919 2660 1975 2705 et
2002 2667 2183 2724 regem

598 2720 848 2777 Carolum
884 2730 1107 2777 vocatus
1134 2722 1356 2788 adveni,
1389 2720 1529 2777 sicut
1554 2720 1687 2776 mihi
1716 2722 1933 2791 quidam
1965 2720 2184 2778 sanctus

599 2793 705 2874 vir,
729 2793 1130 2874 prophetiaeque
1153 2792 1343 2874 spiritu
1383 2793 1640 2874 praeditus
1665 2793 1760 2845 Dei
1786 2806 1907 2874 esse
1933 2792 2182 2873 volunta-

599 2862 791 2943 temuin
820 2877 944 2943 mea
968 2862 1488 2943 prmtljxerat_patria
1519 2877 1549 2943 ξ.
1570 2862 1734 2943 etiam
1760 2862 1998 2943 ettutvir
2021 2878 2181 2943 vene:

601 2931 790 2987 rabilis
814 2939 1064 3002 totusque
1091 2933 1199 2985 Deo
1219 2931 1431 2988 deditus
1459 2932 1591 2987 mihi
1620 2933 1934 2987 mandatum
1958 2932 2181 2989 dederat

602 3002 878 3073 magister,
906 3001 1039 3057 ut’si
1067 3001 1261 3056 alicubi
1290 3018 1455 3057 novas
1476 3002 1719 3056 audirem
1745 3004 1876 3057 oriri
1906 3012 2102 3069 sectas,
2126 3011 2182 3058 et

599 3070 906 3141 apostolicis
953 3073 1251 3128 contrarias
1296 3073 1573 3136 doctrinis,
1607 3088 1731 3127 mox
1781 3080 1950 3128 totum
1992 3088 2077 3128 me
2123 3074 2180 3128 in

602 3143 881 3198 catholicae
930 3143 1291 3199 defensionem
1336 3142 1457 3198 ﬁdei
1507 3143 1790 3198 dedissem.
1828 3164 1846 3196 ι
1887 3145 1953 3198 Et
1994 3145 2130 3200 libro
2161 3161 2180 3200 ι

601 3214 861 3269 adversus
881 3213 1114 3283 Elipanti
1136 3212 1435 3283 epistolam,
1459 3213 1524 3268 de
1548 3213 1741 3268 Carolo
1762 3215 1924 3269 verba
1943 3214 2174 3271 faciens:

604 3302 622 3333 ι
660 3283 776 3338 Non
806 3297 905 3356 ego
933 3283 1085 3338 illum
1112 3284 1607 3356 corrumperedveni
1650 3284 1702 3356 in
1738 3284 2051 3356 Franciam,
2086 3287 2178 3356 qui

598 3353 878 3436 corrumpi
906 3370 1014 3436 non
1040 3361 1249 3436 potest,
1288 3353 1381 3436 sed
1398 3353 1653 3436 adjuvare
1681 3355 1863 3436 inﬁde
1889 3353 2175 3436 catholica,

598 3424 793 3498 imque
823 3423 913 3498 ille
930 3425 1015 3498 ab
1046 3423 1263 3498 ineunte
1287 3432 1445 3498 aetate
1474 3426 1710 3480 nutritus
1733 3423 1864 3498 fuit,
1898 3436 1954 3481 et
1976 3428 2181 3498 optime

599 3510 628 3548 a
650 3493 1126 3551 Christianissimis
1156 3495 1489 3565 parentibus,
1518 3504 1574 3550 et
1603 3497 1873 3565 magistris
1900 3493 2179 3554 catholicis

598 3567 837 3621 edoctus.
876 3586 895 3619 ι
940 3565 1018 3620 Ex
1046 3567 1242 3635 quibus
1281 3566 1530 3620 omnibus
1578 3575 1725 3635 patet
1752 3567 1861 3622 labi
1892 3577 2005 3622 tum
2036 3568 2176 3636 illos,

597 3636 692 3706 qui
730 3636 1017 3718 Alcuitium
1055 3636 1193 3718 apud
1228 3636 1478 3718 Carolum
1515 3644 1805 3718 seu_terr:e
1843 3639 2175 3718 amoenitate,

598 3721 693 3760 seu
720 3706 864 3776 regis
892 3706 1225 3761 humanitate
1249 3715 1463 3776 captum
1484 3708 1746 3762 resedisse
1771 3710 2033 3775 scribunt,
2052 3725 2176 3764 cum

600 3722 693 3760 seu
720 3722 749 3760 r
838 3722 864 3762 s
894 3722 1225 3761 humanitate
1249 3722 1463 3776 captum
1484 3722 1746 3762 resedisse
1771 3722 2033 3775 scribunt,
2052 3725 2176 3764 cum

600 3777 669 3848 ab
714 3722 834 3832 Dig
862 3776 1179 3848 Merciorum
1210 3792 1334 3848 rege
1358 3777 1428 3832 ad
1455 3792 1577 3832 eum
1603 3779 1949 3834 conciliandae
1988 3780 2178 3834 amici-

602 3847 690 3919 tia:
718 3862 878 3902 causa
913 3847 1190 3919 delegatus
1222 3857 1304 3919 est
1326 3859 1397 3919 si:
1431 3856 1540 3902 tum
1571 3847 1720 3913 illos,
1751 3850 1843 3919 qui
1871 3850 1940 3904 ab
1970 3850 2178 3906 Achaio

604 3915 888 3989 Scotorum
929 3915 1058 3989 rege
1104 3918 1172 3972 ad
1215 3917 1390 3973 Caroli
1428 3918 1738 3988 petitionem
1767 3915 2005 3975 "missum
2034 3936 2175 3976 asse-

601 3996 729 4042 runt
757 3988 785 4028 δ
812 4002 828 4042 :
859 3996 972 4061 tum
1000 3988 1231 4058 denique
1259 3997 1314 4043 et
1334 4004 1458 4061 eos,
1481 3988 1581 4061 qui
1614 4008 1633 4041 ‹
1660 3991 1844 4045 audito
1869 4006 2030 4061 quam
2054 4007 2177 4061 gra-

602 4065 779 4132 tanter
807 4060 1079 4129 sapientes
1101 4063 1249 4116 viros
1273 4059 1707 4132 religiosissimus
1730 4075 1918 4132 regum
1950 4059 2176 4132 Carolus

599 4130 934 4200 susciperet,
984 4143 1276 4186 conscensa
1314 4130 1439 4184 navi
1476 4138 1656 4201 sponte
1692 4131 1761 4185 ad
1802 4146 1924 4187 eum
1961 4131 2177 4189 venisse

601 4201 819 4254 tradunt
843 4209 892 4253 ο.
926 4220 946 4253 ι

1195 4278 1422 4336 CAPUT
1459 4280 1592 4337 VIII.

621 4368 841 4442 Tempus
868 4372 1117 4426 adventus
1143 4380 1191 4425 et
1216 4372 1428 4427 haeresis
1457 4370 1744 4428 Feliciance
1771 4374 2152 4430 condemnatio.

669 4459 821 4529 Quod
846 4469 1025 4517 autem
1055 4460 1124 4516 ad
1145 4467 1353 4531 tempus
1390 4459 1548 4529 hujus
1574 4461 1655 4516 sui
1681 4463 1737 4516 in
1764 4462 2049 4518 Franciam
2081 4465 2175 4520 ad-

598 4542 789 4588 ventus
812 4538 1040 4601 spectat,
1063 4544 1222 4585 nemo
1256 4538 1499 4586 veterum
1520 4532 1572 4587 id
1604 4533 1864 4589 hactenus
1891 4535 2176 4591 adnotasse

596 4604 825 4668 videtur,
860 4616 965 4675 nec
989 4601 1125 4675 ipse
1153 4601 1315 4675 etiam
1354 4602 1684 4675 Anonymus,
1718 4604 1822 4675 qui
1854 4604 2029 4659 Vitam
2059 4604 2175 4675 ejus

596 4617 825 4668 videtur,
864 4617 965 4656 nec
1009 4617 1125 4724 ipse
1153 4617 1315 4655 etiam
1354 4617 1684 4672 anonymus,
1730 4618 1822 4673 qui
1860 4617 2029 4659 Vitam
2059 4620 2174 4675 ejus

593 4675 828 4730 dictante
855 4671 1006 4741 Sigul
1030 4687 1063 4727 o
1097 4671 1434 4741 conscripsit.
1482 4670 1589 4727 Sed
1635 4675 1681 4728 si
1715 4673 1851 4728 bene
1881 4689 2063 4728 rerum
2089 4690 2174 4730 se-

595 4745 703 4799 ries
724 4752 778 4798 et
802 4745 936 4798 ordo
974 4742 1363 4806 consideretur,
1391 4757 1514 4796 cum
1549 4751 1671 4797 ante
1708 4759 1908 4798 annum
1953 4744 2055 4799 792
2079 4754 2173 4800 aut

594 4814 697 4871 795
721 4821 1145 4886 evocatum__non
1166 4811 1358 4886 fuisse,
1390 4814 1715 4883 deprehendi
1751 4815 1967 4886 poterit.
2004 4814 2175 4886 Roge-

592 4900 686 4940 rus
712 4884 857 4940 enim
899 4883 966 4954 de
996 4883 1249 4954 Hoveden
1276 4884 1331 4938 in
1375 4886 1556 4953 priore
1583 4892 1737 4954 parte
1761 4884 2049 4939 Annalium
2070 4883 2171 4951 ,‘et

589 4962 712 5025 post
748 4968 872 5010 eum
890 4952 1163 5025 AMathasus
1186 4952 1780 5025 Westmonastei-iensis
1806 4955 1861 5008 in
1901 4955 2166 5022 Florario,

590 5022 833 5096 referunt
877 5022 1126 5096 Carolum
1171 5039 1349 5096 regem
1377 5040 1518 5078 anno
1545 5024 1649 5079 792
1678 5026 1888 5080 misisse
1930 5025 2172 5096 Synoda-

590 5095 695 5151 lem
719 5094 915 5164 librum
939 5094 1006 5147 ad
1034 5094 1385 5161 Britanniam,
1414 5096 1505 5164 qui
1524 5096 1624 5149 sibi
1655 5111 1685 5150 a
1710 5094 2169 5164 Constantinopoli

590 5166 831 5221 directus
869 5162 1063 5229 fuerat,
1108 5165 1278 5219 multa
1318 5162 1748 5220 inconvenientia
1778 5174 1833 5219 et
1857 5180 1999 5219 verae
2044 5162 2169 5218 fidei

591 5235 863 5292 contraria
911 5236 1275 5291 continentem
1326 5248 1341 5289 :
1392 5243 1685 5301 contraque
1717 5249 1841 5287 eum
1886 5234 2168 5303 scripsisse

590 5307 843 5362 Albinum
891 5305 1174 5375 epistolam
1209 5306 1645 5375 exuauctoritate
1674 5304 1975 5375 divinarum
2000 5302 2170 5357 ’Scri-

589 5386 870 5447 pturarum
896 5372 1216 5447 mirabiliter
1235 5372 1573 5447 allirmatam,
1598 5372 1824 5447 ac_illam
1847 5389 1913 5428 ex
1938 5388 2167 5447 petsona

591 5442 975 5524 episcoporum
995 5454 1049 5500 et
1074 5444 1375 5524 principum
1396 5443 1625 5524 Anglia,
1644 5442 1836 5497 Carolo
1861 5442 1974 5524 regi
1998 5443 2168 5497 Fran-

593 5512 800 5595 corum:
825 5512 1093 5595 attulist
1133 5512 1230 5568 Cui
1250 5512 1519 5595 congruit
1556 5514 1737 5595 etiam,
1766 5522 2165 5595 proﬁtempore,

593 5588 738 5659 quod
785 5586 900 5657 ipse
941 5583 1200 5640 Alcuinus
1247 5584 1324 5638 ait
1358 5582 1451 5637 lib.
1490 5598 1509 5638 1
1546 5584 1804 5638 adversus
1838 5582 2163 5654 Elipantum,

662 5750 690 5818 ς
726 5734 1042 5818 (inille-Imus
1065 5732 1500 5818 Malmesb.‘libr.
1534 5750 1562 5818 ιΔ
1593 5733 1841 5818 deGest.
1875 5733 2033 5807 Angl.
2063 5735 2166 5792 Po-

591 5807 699 5880 lyd.
733 5805 934 5877 Vergil.
969 5804 1091 5860 libr.
1113 5820 1149 5859 v
1169 5803 1305 5858 Hist.
1333 5801 1489 5875 Augl.
1513 5812 1569 5859 et
1596 5803 1707 5859 alii.
1964 5801 1989 5807 ⁷

592 5947 638 5958 η
660 5873 962 5958 eloti-pnes
980 5873 1157 5958 μῆρε·
1193 5873 1314 5929 libr.
1351 5889 1436 5958 at,
1461 5889 1582 5958 cap.
1616 5873 1803 5958 l5,__t_le
1822 5874 1970 5933 Gest.
2012 5876 2159 5934 Scot.

592 5947 788 6003 Hector
811 5944 1065 6001 Boethius
1090 5945 1213 6000 libr.
1237 5960 1295 6011 κ,
1315 5952 1370 6000 et
1396 5944 1681 6003 Buchanus
1707 5946 1829 6001 libr.
1859 5962 1893 5999 v

2204 3313 2248 3377 C

2200 4689 2250 4750 D

2906 2057 3134 2115 CAPUT
3171 2058 3262 2114 IX.

2288 2168 2723 2240 Exhortatoriam
2769 2169 3041 2240 epistolam
3090 2169 3259 2224 Felici
3305 2168 3506 2233 scribit,
3557 2170 3647 2240 qui
3694 2168 3868 2240 libello

2357 2239 2563 2311 prolixo
2586 2239 2665 2294 illi
2698 2239 2987 2310 respondet,
3017 2242 3354 2311 hortaturque
3379 2239 3669 2311 prtecipuos
3691 2239 3869 2311 Fran-

2358 2309 2730 2434 cice‘doctores,
2767 2309 2823 2365 ut
2842 2312 2898 2364 in
2923 2311 3050 2380 ﬁdei
3076 2309 3344 2366 catholica
3370 2309 3672 2380 defensione
3713 2310 3865 2366 labo-

2358 2397 2448 2435 ren
2476 2420 2490 2434 .

2356 2495 2614 2551 Alcuinus
2657 2496 2820 2566 igitur
2852 2496 2953 2552 sub
2996 2511 3196 2550 annum
3243 2496 3347 2551 795
3390 2495 3448 2550 in
3496 2495 3598 2550 has
3642 2495 3872 2550 advenit

2286 2574 2484 2638 partes,
2526 2582 2600 2638 ac
2632 2567 2814 2638 primo
2852 2567 2936 2622 sui
2980 2567 3242 2623 adventus
3262 2574 3510 2638 tempore
3550 2568 3873 2638 exhortato-

2286 2634 2425 2691 riam
2456 2634 2733 2707 epistolam
2778 2636 2960 2700 Felici,
2993 2645 3052 2691 ut
3071 2652 3130 2692 se
3167 2634 3445 2692 catholicte
3461 2634 3720 2707 iungeret
3742 2637 3873 2707 uni-

2285 2708 2401 2771 tati,
2440 2706 2670 2778 dirigere
2716 2709 2944 2762 curavit.
2996 2707 3093 2763 Cui
3122 2707 3273 2763 Felix
3300 2723 3407 2761 non
3436 2706 3711 2778 epistolari
3738 2706 3873 2763 bre-

2284 2778 2451 2833 vitate
2493 2777 2661 2845 d,’sed
2705 2778 2868 2833 libelli
2891 2778 3196 2848 prolixitate
3225 2778 3552 2848 respondere
3576 2777 3728 2831 nisus
3754 2787 3866 2844 est,

2284 2848 2524 2918 atquein
2550 2863 2615 2903 eo
2640 2863 2826 2903 omnes
2850 2847 3089 2918 perfidiae
3116 2864 3226 2903 sua:
3254 2847 3435 2903 foveas
3467 2848 3699 2918 maxime
3730 2863 3868 2917 ape-

2284 2917 2395 2973 ruit
2438 2934 2720 2974 :asserens
2759 2917 3034 2975 Christum
3063 2926 3118 2973 et
3151 2928 3391 2974 veterem
3423 2917 3698 2973 hominem
3716 2934 3865 2987 esse,

2284 2998 2340 3044 et
2357 2990 2773 3061 nuncupatimm
2799 2990 2988 3055 Deum,
3013 2998 3081 3061 et
3106 2990 3410 3061 adoptivum
3440 2988 3657 3061 Filium,
3685 2997 3741 3043 et
3767 3005 3865 3045 se-

2285 3061 2458 3142 cunda
2480 3058 2771 3142 indiguisse
2788 3058 3225 3142 regeneratione,
3237 3068 3291 3142 et
3314 3059 3417 3142 alia
3430 3058 3659 3142 plurima
3679 3061 3866 3142 eccle-

2284 3131 2514 3186 siastica:
2566 3130 2823 3186 doctrina:
2853 3130 3305 3187 inconvenientia.
3360 3130 3437 3185 De
3483 3132 3586 3185 hoc
3609 3131 3756 3185 enim
3794 3131 3867 3187 li-

2284 3201 2545 3283 Pellesic
2582 3201 2697 3283 ipse
2739 3201 2996 3283 {tissime
3030 3198 3378 3283 alibUﬁPist-
3405 3200 3507 3283 βξ»)
3541 3219 3554 3254 =
3594 3200 3862 3283 smper.

2283 3271 2473 3342 inquit,
2512 3270 2659 3326 venit
2686 3272 2815 3326 mihi
2851 3272 3061 3327 libellus
3086 3286 3115 3325 a
3142 3270 3320 3327 Felice
3342 3270 3557 3327 infelice
3583 3270 3860 3340 directus;

2282 3343 2436 3409 cujus
2465 3351 2683 3413 propter
2704 3343 3069 3398 curiositatem
3095 3358 3218 3413 cum
3248 3357 3452 3412 paucas
3476 3342 3758 3413 paginolas
3781 3344 3864 3399 le-

2279 3412 2453 3486 gendo
2480 3412 2814 3486 percucurri,
2841 3414 3017 3468 inveni
3039 3412 3252 3486 pejores
3281 3414 3532 3486 haereses,
3556 3412 3646 3486 vel
3682 3415 3865 3486 magis

2278 3482 2658 3554 blasphemias,
2703 3499 2865 3554 quam
2896 3494 3022 3538 ante
3042 3482 3115 3538 'in
3166 3483 3285 3554 ejus
3332 3484 3549 3554 scriptis
3586 3482 3861 3554 legerem,

2277 3568 2525 3610 asserens
2557 3552 2830 3610 Chrisium
2865 3554 3079 3620 Jesum,
3107 3570 3207 3609 nec
3248 3552 3461 3608 Filium’
3486 3553 3579 3608 Dei
3601 3552 3721 3609 esse
3758 3552 3861 3611 ve;

2276 3639 2429 3697 rum,
2465 3639 2566 3680 nec
2600 3626 2769 3697 etiam
2816 3642 3002 3680 verum
3039 3626 3207 3680 Deum
3242 3640 3397 3697 esse,
3446 3625 3540 3680 sed
3571 3641 3859 3697 nuncupa-

2276 3695 2469 3766 tivum.
2523 3715 2542 3747 ι
2591 3694 2894 3766 Scripserat
2933 3703 2987 3751 et
3036 3704 3193 3750 antea
3239 3695 3387 3750 Felix
3439 3694 3860 3765 disputationem

2277 3781 2400 3838 eum
2450 3765 2742 3831 Saraceno,
2784 3783 2943 3836 quam
2989 3783 3110 3838 cum
3142 3774 3357 3835 petente
3396 3766 3588 3821 Carolo
3613 3782 3740 3838 rege
3769 3768 3859 3838 di-

2276 3835 2528 3907 ligentius
2573 3835 2909 3906 qumsivisset
2948 3837 3234 3897 Alcuinus,
3279 3838 3325 3891 si
3370 3838 3492 3906 quis
3534 3853 3601 3891 ex
3629 3835 3744 3894 suis
3774 3836 3863 3893 fa-

2277 3922 2418 3961 mam
2435 3907 2578 3961 illius
2604 3908 2863 3971 audisset,
2885 3908 3084 3961 dictum
3112 3907 3302 3971 estilli,
3326 3908 3465 3977 quod
3480 3907 3862 3976 apudLaidra-

2276 3978 2402 4050 dum
2426 3978 2732 4050 episc0pum
2758 3977 3164 4050 Lugdunensem
3198 3978 3423 4050 inveniri
3447 3988 3628 4048 posset
3654 3978 3854 4050 (Epist.

2278 4046 2765 4118 lOl).Quapropter
2776 4046 2875 4102 sub
2889 4048 3230 4118 festinatione
3239 4047 3437 4103 direxit
3448 4046 3673 4103 missum
3683 4046 3857 4105 unum

2276 4117 2344 4200 ad
2372 4117 2657 4200 praafatum
2681 4119 3009 4200 episcopum,
3040 4120 3085 4174 si
3107 4117 3346 4200 forteibi
3376 4121 3613 4200 reperire
3647 4120 3852 4200 (ιῑιίειξιἓ

2274 4194 2336 4262 ut
2369 4203 2530 4256 quam
2557 4189 2820 4245 citissime
2862 4190 3023 4261 regiae
3049 4189 3334 4262 presentiaa
3360 4189 3858 4262 dirigeretuhﬁed

2278 4257 2483 4343 interea
2510 4274 2695 4343 curam
2720 4257 2955 4343 suscepit
2974 4257 3332 4343 respondendi
3356 4261 3422 4315 ad
3440 4257 3677 4343 “alterum
3706 4260 3858 4317 illius

2275 4326 2531 4402 libellum,
2581 4325 2989 4401 obsecravifque
3035 4325 3185 4401 pium
3231 4346 3296 4385 ac
3343 4328 3637 4401 sapientem
3664 4346 3855 4402 regem

2275 4400 2549 4477 Carolum,
2574 4409 2634 4457 ut
2663 4404 2765 4477 sibi
2786 4400 3069 4477 adjutores
3093 4403 3146 4477 in
3173 4400 3636 4477 defensioneﬁdei
3656 4400 3856 4458 catbo—

2275 4468 2393 4542 lica:
2436 4474 2616 4541 daret,
2669 4468 2952 4528 Paulinum
2998 4473 3359 4542 patriarcham
3409 4468 3852 4540 Aquileiensem,

2279 4540 2616 4613 Bichhodum
2644 4552 2699 4599 et
2724 4540 3094 4612 Teudulphum
3119 4543 3419 4613 episcopos,
3446 4544 3688 4613 aliosque
3707 4544 3857 4600 cele-

2275 4611 2401 4665 bres
2430 4612 2678 4667 doctores
2724 4628 2790 4667 ac
2815 4611 3117 4681 magistros.

2274 4681 2500 4747 epistola
2525 4682 2595 4737 84
2617 4683 2684 4737 ad
2699 4682 2970 4748 Carolum,
2993 4683 3085 4736 ubi
3110 4682 3187 4736 ait
3214 4697 3229 4736 :
3264 4701 3283 4733 ι
3313 4682 3389 4738 De
3412 4681 3594 4740 libello
3618 4700 3750 4739 vero
3768 4686 3857 4740 in-

2274 4749 2446 4826 felicis
2494 4767 2621 4826 non_
2652 4753 2928 4823 magistri,
2968 4752 3062 4826 sed
3102 4754 3463 4826 subversoris,
3496 4756 3853 4826 placet'mihi

2272 4821 2449 4888 valde,
2481 4823 2624 4891 quod
2649 4821 2828 4877 vesira
2866 4823 3207 4878 sanctissima
3236 4821 3514 4881 voluntas'
3534 4834 3591 4883 et
3633 4827 3855 4882 devotio

2272 4891 2435 4964 habet
2456 4908 2642 4964 curam
2670 4893 3028 4964 respondendi
3070 4894 3137 4948 ad
3190 4893 3555 4951 defensionem
3594 4895 3716 4950 fidei
3751 4912 3852 4952 ca-

2272 4962 2502 5047 tholica}.
2546 4962 2651 5045 §ed
2683 4962 2928 5047 obsecro,
2953 4965 3018 5047 "si
3047 4971 3240 5047 vestra:
3267 4965 3490 5047 placeat
3515 4966 3703 5037 pietati
3716 5007 3750 5047 ρ·
3788 4974 3856 5021 ut

2270 5033 2657 5107 citemplarium
2670 5034 2822 5107 illius
2845 5034 3008 5090 libelli
3029 5035 3223 5107 domno
3249 5033 3850 5107 dirigatur—apostolico,

2271 5103 2649 5187 aliudqueque
2670 5104 2894 5187 Paulino
2912 5104 3234 5187 patriarchte
3248 5145 3264 5173 ,
3289 5103 3539 5187 similiter
3557 5103 3854 5187 Bichbodo

2270 5182 2325 5255 et
2352 5172 2664 5255 Teu’dulpho
2691 5172 2976 5255 episcopis,
3007 5172 3317 5255 doctoribus
3358 5186 3413 5233 et
3440 5178 3734 5250 magistris,
3785 5184 3853 5233 ut

2270 5245 2497 5318 singulis
2510 5261 2613 5318 pro
2637 5261 2697 5318 se
2721 5248 3096 5318 respondeant.
3120 5246 3347 5303 Flaccus
3371 5264 3498 5304 vero
3515 5245 3641 5304 tuus
3663 5259 3849 5303 tecum

2270 5313 2479 5370 laborat
2504 5313 2558 5370 in
2588 5313 2859 5373 reddenda
2884 5318 3093 5372 ratione
3122 5319 3400 5373 catholica).
3431 5318 3575 5373 fidei.
3611 5318 3848 5373 Tantum

2269 5383 2428 5438 detur
2454 5386 2503 5441 ei
2555 5387 2807 5461 spatium,
2862 5389 3147 5461 utgquiete
3176 5398 3231 5461 e_t
3268 5389 3551 5461 diligenter
3574 5389 3738 5443 liceat
3766 5387 3869 5461 illi.

2269 5470 2390 5508 cum
2418 5458 2601 5524 pueris
2640 5459 2753 5514 suis
2801 5457 3146 5515 considerare
3187 5457 3407 5513 Patrum
3435 5473 3672 5515 sensus:
3713 5459 3849 5528 quid

2269 5528 2637 5602 unusquisque
2664 5530 2867 5602 diceret
2896 5530 2962 5584 de
2980 5529 3289 5602 sententiis,
3335 5544 3472 5602 quas
3499 5530 3681 5600 posuit
3704 5545 3849 5602 βηθ-

2269 5592 2413 5652 fatus
2426 5592 2730 5655 subversor
2757 5600 2811 5654 in
2855 5614 2953 5654 suo
2979 5599 3179 5665 libello,
3219 5592 3283 5653 et
3311 5592 3552 5671 témpof'e
3576 5592 3846 5671 prtelinito

2340 5742 2363 5770 ο
2405 5731 2642 5805 Sanga".
2685 5732 2864 5805 libr.)
2890 5731 2958 5787 de
2985 5730 3164 5788 Gestis
3186 5729 3366 5788 Caroli
3394 5730 3571 5805 Magni
3619 5730 3844 5789 Guillel-

2266 5816 2388 5858 mus
2413 5802 2651 5872 Nangius
2672 5810 2727 5859 et
2745 5802 2836 5857 alii

2336 5872 2363 5911 ἀ
2396 5875 2569 5929 Verba
2601 5872 2981 5929 suntAlchnini
3011 5873 3135 5931 libr.
3173 5890 3190 5928 ι
3220 5875 3481 5932 adversus
3505 5872 3834 5944 Elipantum.

3194 4628 3260 4667 oc
3299 4613 3443 4684 enim
3474 4613 3589 4684 ipse
3617 4622 3857 4671 testatur
3958 4656 3969 4665 .
