4078 6324
221 369 307 423 ns
786 340 789 345 ’
1196 349 1216 367 ⁶
1302 358 1365 414 ι).
1404 354 1845 426 QUERCETANI
1881 356 2269 413 PBEFATIO.

3336 353 3441 412 ιη

217 500 245 540 a
267 481 400 538 vobis
420 480 906 557 feranturvestrge
941 476 1253 557 auctoritati
1294 475 1625 557 singulorum
1670 488 1755 557 re:
1780 472 1831 532 Δ
1857 482 2003 557 soul:
2041 491 2060 524 ι
2111 472 2218 529 Sed
2246 488 2316 528 an
2362 473 2672 557 Richbodus
2695 481 2753 557 et
2797 470 3439 557 Teodulphuslepiscopi,

215 567 402 626 sponsa.
418 550 752 620 thuidquid
766 549 929 626 in_illo_
947 548 1130 626 libello
1146 548 1231 626 vel
1246 543 1656 626 sententiarum,
1673 543 1757 598 vel

214 618 467 685 sensuum,
508 618 697 676 contra
732 621 1054 676 catholicam
1102 619 1261 673 ﬁdem
1300 618 1618 679 inveniatur,
1644 628 1761 668 om-

212 695 285 750 nia
312 691 580 748 catholicis
616 691 878 760 exemplis
902 691 1263 760 destruantur.
1296 689 1363 741 Et
1392 688 1436 741 si
1480 685 1762 760 :equallter

212 773 258 819 et
279 761 609 819 concorditer
652 754 971 816 cunctorum
1008 758 1424 831 in'professione
1448 754 1762 831 vel_id_efen-

212 835 342 890 sione
366 832 641 887 catholicae
684 831 809 886 ﬁdei
853 827 1110 886 resonant
1150 828 1383 899 scripta,
1409 827 1634 899 intelligi
1657 840 1761 899 po-

211 912 301 959 test
338 902 477 972 quod
508 916 605 972 per
651 901 891 955 omnium
934 916 1027 955 ora
1077 909 1132 955 et
1160 896 1329 972 corda
1363 913 1502 972 unus
1525 896 1764 972 loQuitur

210 966 420 1045 spiritus.
450 966 549 1045 Sin
590 980 769 1045 autem
809 972 1077 1045 diversum
1132 970 1332 1045 aliquid
1378 968 1683 1045 inveniatur
1707 966 1762 1020 in

209 1038 347 1099 dictis
377 1044 461 1096 vel
513 1041 728 1110 scriptis
770 1041 1085 1111 cujuslibet,
1125 1038 1373 1111 videatur
1400 1038 1764 1111 qulislmajore

208 1114 503 1168 auctoritate
522 1109 1254 1181 sanetarum‘Scripturarum
1275 1110 1358 1181 vel
1375 1109 1763 1181 catholicorum

207 1184 400 1238 Patrum
448 1183 711 1237 innitatur
750 1201 762 1236 :
810 1191 863 1235 et
895 1180 1020 1236 huic
1056 1181 1229 1235 laudis
1269 1180 1446 1249 palma
1470 1180 1760 1249 tribuatur,

238 1255 283 1332 ui
310 1253 501 1332 divinis
519 1253 701 1332 magis
735 1253 995 1332 inhaereat
1018 1248 1361 1332 testimoniis.
1393 1249 1514 1332 luEt.
1537 1248 1763 1332 epistola

206 1269 283 1378 (algu
310 1269 501 1313 GlVlnIS
528 1269 701 1322 magis
735 1269 995 1307 inhaereat
1018 1269 1361 1306 leSllmOllllS.
1393 1269 1428 1332 ι.
1445 1269 1513 1303 ιιι
1537 1269 1763 1332 epistora

283 1324 344 1378 ad
370 1324 621 1377 eumdem
647 1323 898 1378 Carolum
929 1341 941 1376 :
978 1342 996 1373 ε
1039 1322 1207 1393 Hujus
1238 1336 1368 1393 vero
1394 1320 1538 1393 libri,
1567 1328 1763 1393 inquit,

206 1395 274 1448 vel
300 1395 464 1464 magis
483 1394 687 1447 erroris
725 1393 1025 1462 responsio,
1068 1390 1235 1464 multa
1263 1390 1621 1464 diligentia‘et
1646 1390 1766 1459 plu-

205 1464 337 1517 rimis
374 1460 713 1532 adiutoribus
759 1460 842 1519 est
883 1462 1293 1519 consideranda.
1333 1460 1447 1531 Ego
1489 1460 1636 1516 solus
1657 1474 1764 1514 non

204 1534 388 1588 suﬁicio
418 1534 489 1588 ad
531 1536 955 1604 responsionem.
1006 1533 1305 1588 Prawideat
1346 1546 1475 1585 vero
1518 1538 1614 1604 tua
1644 1545 1765 1604 san-

204 1614 274 1657 cta
296 1604 468 1671 pietas
503 1598 635 1659 huic
658 1605 809 1675 operi
854 1613 961 1658 tam
985 1605 1154 1659 arduo
1178 1610 1234 1675 et
1258 1601 1569 1675 necessario
1617 1598 1767 1675 adju-

204 1684 329 1756 tores
357 1675 601 1756 idoneos,
630 1672 896 1745 quatenus
923 1675 1037 1729 haec
1062 1674 1225 1756 impia
1257 1673 1477 1727 h:eresis
1500 1672 1767 1726 omnimo-

201 1746 271 1798 dis
298 1744 703 1813 exstinguatur,
735 1755 1024 1813 antequam
1062 1744 1223 1798 latius
1245 1752 1529 1812 spargatur
1549 1757 1655 1813 per
1678 1756 1767 1813 or-

1860 542 2094 598 similem
2122 558 2342 613 operam
2364 543 2735 615 praestiterint,
2762 542 3274 601 nondum—innotuit.

2459 642 2685 700 CAPUT
2723 644 2815 700 XI.

1861 736 2058 810 Libello
2085 735 2279 810 Felicis
2314 738 2585 809 respondet
2616 748 2806 810 septem
2834 737 3013 804 libris,
3039 736 3290 810 illumque
3318 750 3442 798 tau-

1930 808 2047 880 dem
2077 807 2583 880 catholicum'eﬁicit,
2614 807 2679 864 ac
2700 807 3007 880 Elipantum
3034 807 3443 879 etiamquem”

1929 878 2050 933 aliis
2072 878 2222 932 libris
2242 878 2524 950 oppugnat.

1932 969 2189 1042 Alcuinus
2234 986 2378 1042 vero,
2424 971 2565 1025 sicut
2612 972 2725 1042 ipse
2765 980 3018 1027 testatum
3048 971 3266 1041 reliquit
3312 985 3335 1014 α
3377 974 3444 1030 li-

1859 1040 2003 1096 bello
2047 1041 2210 1095 etiam
2255 1040 2452 1095 Felicis
2503 1040 2708 1111 septem
2757 1057 2867 1099 suae
2910 1040 3211 1099 devotionis
3250 1044 3444 1102 libellis

1862 1111 2176 1193 respondit;
2203 1125 2502 1193 omnesque
2552 1113 2669 1182 ejus
2695 1113 2981 1193 pravitatis
3008 1116 3292 1193 evacuavit
3346 1116 3441 1193 do-

1864 1180 2087 1236 ctrinas.
2135 1180 2238 1248 Qui
2270 1180 2434 1236 libelli
2464 1180 2769 1251 (perperam
2811 1184 3075 1239 hactenus
3099 1183 3322 1240 Paulino
3346 1187 3445 1242 tri-

1863 1252 2001 1321 buti)
2034 1252 2157 1306 lecti
2201 1259 2409 1325 sunt_et
2434 1253 2663 1325 probati
2701 1251 2754 1305 in
2776 1254 3062 1321 praesentia
3092 1254 3271 1310 Caroli
3302 1257 3448 1325 regis

1864 1331 1918 1378 et
1939 1325 2283 1377 sacerdotum
2318 1322 2521 1377 Christi
2554 1337 2568 1376 :
2603 1330 2913 1383 tantamque
2946 1325 3054 1378 vim
3101 1340 3167 1380 ac
3204 1322 3446 1383 auctori-

1865 1402 2029 1448 tatem
2060 1394 2386 1457 habuerunt,
2414 1401 2491 1464 ut
2526 1410 2545 1443 s
2578 1393 2720 1447 idem
2748 1391 2900 1464 Felix
2922 1408 3063 1449 anno
3094 1394 3306 1464 praefati
3330 1398 3447 1464 glo-

1865 1464 1993 1535 riosi
2013 1464 2274 1535 principis
2317 1463 2591 1535 trigesimo
2614 1461 2916 1535 secundos,
2942 1461 3236 1522 advocatus
3263 1461 3450 1522 volun—

1862 1534 2004 1607 tarie
2033 1533 2254 1607 veniens
2275 1535 2341 1588 ad
2366 1533 2535 1607 Aquis
2560 1533 2839 1607 palatium,
2880 1533 3063 1607 ibique
3082 1535 3137 1589 in
3158 1537 3448 1607 praesentia

1865 1605 2046 1659 domui
2092 1606 2237 1675 regis
2280 1612 2337 1659 ct
2375 1605 2691 1673 optimatum
2737 1604 2897 1666 illius,
2936 1605 3052 1660 sive
3100 1604 3443 1663 sacerdotum

1864 1675 1961 1730 Dei
1990 1675 2384 1730 rationabiliter
2405 1675 2638 1737 auditus,
2666 1684 2720 1730 et
2752 1675 3015 1730 veraciter
3034 1678 3331 1740 convictus,
3356 1687 3441 1733 at-

1866 1760 1971 1814 que
2020 1746 2131 1800 Deo
2168 1747 2302 1802 dans
2335 1745 2582 1815 gloriam,
2625 1760 2915 1814 veramque
2953 1746 3231 1803 confessus
3262 1748 3443 1814 ﬁdem,

202 1815 306 1897 bent
354 1811 653 1900 Christiani
700 1811 943 1899 imperii,
1002 1815 1145 1900 quod
1185 1811 1363 1867 divina
1378 1811 1567 1900 pietas
1620 1811 1760 1877 tibi,
1795 1823 1841 1885 Β
1867 1811 2144 1900 ἰὶιορξιρθη)
2186 1811 2881 1900 οεξιΙιοῙίρειῑηιξηθηίωἰιειῖε
2920 1832 3169 1899 reversus
3210 1820 3283 1874 sit
3322 1811 3445 1874 cum

201 1885 396 2007 suisque
437 1885 564 1941 liliis
603 1884 877 1943 commisit
925 1884 1217 1959 regendum
1254 1894 1417 1955 atque
1458 1885 1763 1955 gubernan-

231 1970 330 2007 um.
369 1975 389 2007 ι

807 2047 1033 2103 CAPUT
1067 2047 1136 2102 Χ.

197 2134 404 2191 Paulini
428 2138 820 2210 patriarchw_ct
843 2138 1042 2210 Etherii
1071 2139 1299 2210 episcopi
1327 2138 1487 2193 libros
1514 2138 1764 2193 adversus

728 2207 958 2263 Felicem
984 2207 1187 2263 laudat.

250 2308 436 2374 Quare
461 2310 563 2364 hoc
601 2310 747 2365 velut
784 2311 1010 2366 classico
1034 2310 1254 2366 excitati
1288 2311 1557 2367 doctiores
1608 2327 1672 2365 ac
1712 2310 1767 2365 in

189 2377 341 2448 rebus
359 2380 563 2434 divinis
583 2381 885 2448 peritiores,
916 2390 1103 2435 contra
1132 2380 1459 2435 Felicianam
1487 2382 1649 2444 hanc,
1675 2389 1770 2434 aut

189 2445 535 2532 Hispanicam
583 2445 782 2532 potius,
828 2452 1080 2532 haeresim
1112 2451 1637 2532 stylorumnsuornm
1663 2451 1772 2518 spi-

189 2519 302 2571 cula
334 2519 674 2573 dilexerunt.
715 2519 969 2574 Paulinus
998 2520 1140 2573 enim
1166 2518 1310 2573 inter
1336 2518 1488 2585 alios,
1521 2519 1608 2574 cui
1647 2535 1771 2573 cum

187 2586 412 2661 dlcuino
445 2605 689 2644 summus
712 2591 822 2661 jam
854 2605 1006 2643 amor
1025 2590 1427 2661 intercesserat,
1440 2590 1632 2661 tribus
1652 2605 1772 2661 eam

188 2657 334 2743 libris
378 2666 514 2743 tunc
555 2657 901 2743 oppugnavi},
950 2676 1092 2743 quos
1117 2670 1174 2715 et
1202 2660 1406 2743 Carolo.
1436 2660 1632 2743 Magno
1659 2660 1772 2743 regi

192 2728 471 2790 dedicavit,
503 2727 830 2797 adjecta—sub
859 2727 1021 2784 tinem
1053 2730 1255 2801 Regula
1284 2730 1407 2785 ﬁdei
1436 2727 1612 2784 metro
1638 2727 1775 2786 scri-

192 2805 302 2867 pta;
335 2807 395 2854 et
441 2806 502 2852 ut
530 2802 842 2871 urgentibus
890 2801 1008 2871 ejus
1039 2802 1359 2856 venerandis
1381 2802 1643 2870 imperiis,
1704 2801 1773 2856 ad

195 2884 375 2940 manus
425 2871 849 2925 reverentissimi
874 2872 998 2937 viri,
1023 2882 1077 2926 et
1122 2872 1175 2927 in
1203 2872 1397 2927 divinis
1441 2872 1604 2925 rebus
1630 2872 1774 2940 peri-

199 2938 376 2994 tissimi
402 2946 461 2994 et
486 2940 727 3010 praeclari
761 2941 958 3009 Albini,
993 2958 1217 2997 summa:
1256 2941 1533 3011 religionis
1564 2938 1773 3011 perspi-

199 3011 273 3063 cui
298 3011 537 3065 oratoris
558 3012 640 3065 sui
668 3011 1025 3077 deferrentur,
1050 3010 1405 3068 obsecravitn
1435 3031 1447 3065 :
1478 3011 1560 3067 sic
1586 3010 1772 3066 Alcui-

202 3095 316 3133 num
364 3081 717 3154 interpellans
739 3124 753 3148 ,
782 3083 871 3153 qui
911 3092 966 3137 et
988 3085 1119 3154 ipse,
1147 3092 1256 3137 tam
1287 3081 1585 3154 honoriﬁco
1610 3082 1689 3154 all
1705 3096 1772 3137 eo

199 3160 507 3271 prosecutus
520 3150 723 3234 elogio,
754 3150 1101 3236 recepissése
1122 3154 1341 3236 scribit,
1363 3167 1428 3235 ac
1447 3152 1600 3207 miris
1609 3150 1772 3233 eﬁ'ert
1796 3170 1845 3234 ο

218 3223 451 3271 audthus.
486 3232 645 3271 emst.
682 3225 802 3271 ΗΞ-
838 3222 928 3271 Sin
956 3240 1101 3271 enim
1140 3226 1213 3271 1hr
1242 3224 1307 3271 de
1329 3223 1432 3271 Illis
1476 3222 1718 3271 locuntur
1749 3240 1763 3271 :

218 3222 451 3293 audibus,
486 3220 645 3293 epist'.
682 3225 802 3279 H5.
838 3220 928 3279 Sic
956 3224 1101 3279 enim
1140 3224 1214 3279 ibi
1242 3224 1307 3293 de
1328 3220 1432 3277 illis
1476 3222 1718 3293 loquitur
1749 3240 1763 3277 :

205 3310 222 3364 ς
251 3292 456 3358 Quanto
485 3292 660 3364 magis
684 3310 807 3350 cum
838 3296 1217 3362 sacratissima:
1246 3292 1369 3347 ﬁdei
1390 3302 1585 3348 vestra:
1615 3292 1770 3364 libel-

203 3360 298 3416 lum
326 3360 603 3429 recensui,
631 3364 911 3420 catholica:
930 3360 1079 3434 pacis
1100 3365 1335 3434 puritate
1356 3363 1767 3434 ornatum,lelo-

202 3434 417 3555 ﬂuentia:
441 3444 731 3490 venustate
746 3433 1217 3505 jucundissimum,
1255 3449 1509 3489 sensuum
1538 3433 1769 3489 veritate

236 3504 594 3555 rmissimum.
634 3507 797 3555 totius
840 3506 1003 3555 animi
1044 3506 1148 3555 mei
1182 3505 1418 3555 habenas
1440 3505 1494 3555 in
1524 3503 1769 3555 laetitiam

236 3504 594 3567 rmissimum,
634 3503 797 3561 totius
840 3506 1003 3560 animi
1044 3506 1148 3560 mei
1182 3505 1418 3559 habenas
1440 3505 1494 3558 in
1524 3503 1769 3558 laetitiam

203 3570 389 3629 laxavi?
418 3576 529 3632 Ubi
559 3576 623 3631 de
645 3592 750 3630 uno
777 3576 1106 3632 lucidissime
1133 3583 1187 3630 et
1221 3575 1579 3630 saluberrimo
1612 3588 1769 3643 para-

206 3644 292 3716 disi
326 3646 496 3709 fonte,
549 3662 781 3716 quatuor
826 3649 1086 3701 virtutum
1134 3645 1535 3716 ﬁuminatnon
1572 3644 1766 3716 solum

204 3713 432 3787 _Ausoni:e
478 3713 779 3772 fertilitatis
814 3726 1000 3787 prata,
1031 3718 1126 3772 sed
1171 3716 1336 3787 totius
1378 3715 1770 3787 Ecclesiasticte

204 3782 494 3858 Latinitatis
523 3802 647 3841 rura
676 3782 900 3858 irrigare
932 3787 1206 3858 conspexi.
1236 3786 1349 3858 Ubi
1378 3794 1434 3840 et
1460 3786 1769 3858 aurivomos

205 3856 548 3941 spiritualium
581 3856 834 3941 sensuum
868 3856 1109 3941 gurgites
1160 3857 1399 3941 gemmis
1430 3856 1769 3939 scholastica

207 3926 511 4010 urbanitatis
555 3929 830 4010 abundare
870 3926 1126 4010 intellexi.
1166 3926 1600 4010 ‘Quamplurimis‘
1639 3942 1770 3982 vero

207 3996 532 4067 profuturum
579 4007 633 4052 et
681 4000 1144 4067 pernecessarium
1189 3996 1393 4053 fecistis
1425 4012 1563 4066 opus
1587 3998 1642 4052 in
1678 4012 1771 4051 ca-

210 4066 400 4138 tholica:
433 4069 563 4124 ﬁdei
608 4066 900 4135 taxatione,
951 4070 1091 4138 quod
1122 4068 1211 4123 diu
1248 4069 1450 4138 optavi,
1490 4078 1544 4138 et
1574 4068 1771 4138 szepius

209 4134 382 4210 domno
412 4140 531 4210 regi
559 4140 727 4204 suasi,
758 4149 818 4194 ut
853 4134 1153 4210 symbolum
1184 4134 1461 4210 catholicze
1486 4137 1614 4210 ﬁdei
1643 4134 1771 4210 ipla-

209 4205 423 4264 nissimis
451 4205 730 4276 scitsibus,
771 4221 826 4266 et
863 4205 1202 4265 sermonibus
1244 4207 1686 4263 luculentissimis
1715 4206 1767 4276 in

210 4289 802 4350 unamlcnngregaretur
846 4279 1133 4350 cartulam,
1160 4285 1215 4332 et
1252 4291 1349 4347 per
1375 4276 1612 4350 singulas
1660 4275 1772 4345 cpi-

213 4346 507 4418 scopaliuuf
549 4346 867 4421 régiminum
916 4348 1203 4421 parochias
1253 4346 1504 4403 omnibus
1550 4346 1773 4421 daretur

211 4417 520 4490 presbyteris
556 4417 820 4490 legenda,
867 4417 1249 4487 memoriaeque
1291 4417 1713 4473 commendanda
1753 4431 1768 4470 :

213 4437 520 4490 presbyteris
556 4437 616 4475 te
654 4437 820 4487 enua,
867 4437 1249 4487 memoriaeque
1291 4437 1713 4473 commendanda
1753 4437 1768 4470 :

213 4499 452 4609 guateuus
480 4437 818 4559 licetﬁingua
850 4492 1057 4546 diversa
1090 4489 1417 4558 loqueretur,
1454 4503 1561 4541 una
1589 4496 1769 4569 tamen

249 4561 329 4609 des
358 4563 562 4609 uhinne
604 4571 901 4609 resonaret-
952 4583 969 4609 ι
1028 4560 1181 4609 Unde
1211 4560 1330 4609 illos
1358 4574 1573 4609 qucque
1614 4558 1769 4609 multi

1865 1888 1980 1942 suis
2003 1887 2298 1959 discipulis,
2333 1888 2424 1957 qui
2472 1887 2545 1942 ibi
2579 1896 2707 1942 tunc
2734 1888 2991 1959 temporis
3027 1896 3185 1959 erant
3209 1904 3445 1959 przesene

1866 1966 1967 2013 tes.
2002 1977 2020 2010 ι
2042 1954 2155 2013 Sed
2164 1960 2265 2013 hoc
2276 1954 2557 2028 postquam
2572 1972 2728 2012 error
2746 1954 2861 2025 ejus
2886 1958 3081 2014 iterum
3102 1954 3444 2015 Francofurti

1866 2029 2151 2084 damnatus
2202 2028 2321 2084 fuit.
2362 2028 2493 2083 Nam
2536 2028 2725 2084 incerti
2758 2029 2996 2084 auctoris
3020 2029 3256 2085 Annales
3304 2028 3448 2085 refe-

1865 2101 2195 2182 run_t,_quod
2246 2116 2388 2182 anno
2580 2098 2870 2182 (“Synodus
2926 2099 3109 2182 habita
3138 2098 3449 2182 Francono-

1866 2169 1997 2235 furt,
2033 2172 2087 2225 in
2127 2187 2231 2241 qua
2261 2170 2484 2241 hzeresis
2507 2169 2778 2241 Feliciana
2811 2184 2995 2225 coram
3018 2171 3287 2241 episcopis
3312 2170 3449 2226 Ger-

1867 2239 2168 2295 maniarum
2197 2249 2251 2297 et
2271 2240 2568 2296 Galliarum
2598 2239 2984 2309 ltalorumque,
3023 2239 3292 2310 praesente
3328 2256 3444 2295 ma-

1868 2328 1975 2382 gno
2024 2312 2267 2382 principe
2311 2311 2534 2382 (lat-oio,
2582 2319 2638 2365 et
2686 2311 2867 2382 missis
2893 2311 3131 2382 Adriani
3165 2310 3447 2381 apostolici

1870 2381 2256 2462 Theophilacto
2280 2391 2337 2462 et
2364 2381 2637 2462 Stephano
2659 2381 2948 2462 _episcopis
2968 2421 2983 2445 ,
3017 2381 3175 2462 lenio
3198 2381 3454 2462 damnata

1869 2460 1975 2521 est,
2009 2450 2062 2521 et
2112 2460 2228 2505 rata
2254 2451 2599 2521 stipulatione
2642 2450 2915 2521 damnatio
2959 2451 3231 2521 roborata.
3281 2470 3301 2503 ι
3343 2450 3459 2506 Hoc

1872 2520 2017 2575 facto
2037 2520 2261 2575 Carolus
2282 2520 2404 2575 cum
2435 2521 2678 2574 exercitu
2707 2520 2997 2590 Salxoniam
3027 2520 3310 2590 ingressus
3335 2529 3451 2588 est,

1872 2590 2169 2674 Aquasque
2201 2606 2448 2674 reversus
2478 2606 2647 2674 .anno_
2687 2589 2808 2674 796.
2840 2590 2988 2644 Felix
3018 2589 3156 2645 ibi’a
3190 2591 3457 2674 Laidrado

1872 2660 2125 2730 episcopo
2148 2660 2493 2728 Lugdunensi
2517 2661 2846 2732 perductus,
2867 2680 2884 2711 ι
2922 2676 2987 2715 ac
3014 2676 3113 2716 suo
3140 2662 3456 2732 conspectui

1871 2741 2251 2803 prsesentatus,
2285 2740 2346 2785 ut
2372 2731 2661 2803 ipsissimis
2689 2730 2883 2803 Felicis
2910 2732 3093 2786 verbis
3139 2730 3347 2803 utar},
3393 2732 3458 2803 li-

1873 2800 2108 2857 centiam
2132 2803 2200 2855 ab
2224 2816 2290 2855 eo
2318 2802 2527 2870 accepit
2546 2800 2843 2870 sententias
2869 2816 3012 2863 suas,
3046 2817 3182 2869 quas
3212 2818 3279 2857 es
3305 2802 3459 2857 libris

1873 2880 2185 2939 sanctorum
2220 2871 2420 2926 habere
2454 2869 2528 2925 se
2570 2870 2637 2924 de
2683 2869 2968 2939 adoptione
3011 2872 3194 2927 carnis
3235 2872 3291 2926 in
3320 2871 3458 2928 Filio

1872 2937 1991 3005 Dei,
2030 2956 2124 2995 seu
2152 2940 2547 3011 nuncupatione
2568 2939 2624 2993 in
2647 2937 2981 3011 humanitate
3006 2939 3144 3009 ejus,
3180 2942 3452 3004 credebat,

1872 3012 2139 3082 episcopis
2179 3019 2233 3065 et
2275 3010 2578 3082 abbatibus,
2626 3017 2683 3082 et
2711 3012 2920 3066 caeteris
2944 3010 3279 3082 doctoribus,
3320 3026 3457 3081 quos

1874 3080 1941 3137 ad
1967 3097 2024 3136 se
2050 3080 2321 3136 ordinatio
2359 3080 2577 3150 gloriosi
2605 3081 2865 3151 principis
2909 3082 3202 3137 convenire
3229 3080 3455 3148 fecerat,

1874 3160 2227 3224 praesentaret
2252 3170 2263 3204 :
2296 3159 2562 3224 quatenus
2590 3166 2696 3224 non
2736 3152 2790 3224 in
2819 3151 3096 3218 violentia,
3119 3153 3213 3208 sed
3232 3153 3455 3224 ratione

1876 3220 2118 3278 veritatis
2141 3238 2237 3276 sua
2266 3221 2496 3275 assertio
2528 3220 3029 3293 rataljudicaretur,
3061 3224 3106 3278 si
3132 3224 3201 3278 ab
3227 3223 3336 3278 illis
3358 3237 3456 3293 per

1874 3293 2253 3363 auctoritatem
2284 3300 2595 3363 sanctorum
2646 3292 2866 3363 Patrum
2892 3293 3112 3347 minime
3148 3292 3458 3363 repudiare-

1873 3370 1980 3418 tur.
2006 3361 2160 3429 Quod
2188 3363 2259 3417 ita
2304 3362 2506 3416 factum
2556 3370 2661 3416 est.
2693 3362 2825 3416 Nam
2855 3363 3093 3433 prolatas
3118 3365 3186 3419 ab
3209 3361 3295 3419 eo
3337 3379 3455 3419 sen-

1874 3435 2074 3489 tentias
2098 3434 2164 3488 de
2199 3434 2510 3502 superdicta
2538 3434 2901 3498 contentione,
2942 3434 3044 3489 hoc
3089 3442 3193 3497 est,
3218 3434 3286 3489 de
3330 3435 3460 3489 ado-

1873 3505 2057 3574 ptione
2083 3505 2263 3559 carnis
2297 3512 2459 3575 atque
2482 3505 2902 3573 nuncupatione,
2930 3504 3003 3558 ita
3018 3504 3095 3559 illi
3118 3505 3457 3575 (deiquorum

1874 3591 2101 3630 numero
2122 3574 2425 3643 Alcuinus),
2448 3590 2513 3627 ex
2533 3575 2856 3629 auctoritate
2875 3574 3185 3630 sanctorum
3211 3574 3457 3641 Palmm,

1875 3646 1927 3716 id
1961 3654 2044 3701 est
2075 3645 2262 3716 Cyrilli
2313 3645 2640 3716 episcopiet
2688 3645 2829 3716 beati
2861 3644 3107 3716 Gregorii
3128 3661 3281 3716 papa:
3306 3644 3458 3701 urbis

1874 3715 2080 3778 Romae,
2108 3714 2205 3771 seu
2232 3714 2378 3771 beati
2409 3714 2627 3779 Leonis,
2656 3714 2769 3771 sive
2812 3724 2868 3770 et
2891 3714 3454 3771 aliorum’sa'nctorum

1874 3786 2173 3849 doctorum,
2210 3787 2301 3856 qui
2330 3785 2407 3840 illi
2438 3786 2588 3855 prius
2612 3786 2871 3857 incogniti
2896 3795 3073 3852 erant,
3101 3788 3215 3842 sive
3237 3803 3335 3856 per
3360 3801 3457 3841 au-

1872 3857 2182 3912 ctoritatem
2227 3857 2443 3927 synodi,
2477 3871 2597 3980 qua:
2629 3871 2796 3925 nuper
2827 3857 2881 3910 in
2929 3858 3099 3912 Roma
3128 3858 3229 3913 hac
3274 3858 3452 3911 inten-

1873 3929 2039 3980 tione.
2092 3927 2438 3980 nrrecinieute
2459 3943 2492 3980 α
2513 3927 2847 3980 oriosissimo
2869 3942 2933 3980 ac
2969 3928 3214 3980 piissimo
3238 3927 3451 3980 Carolo.

1873 3929 2039 3993 tione,
2092 3927 2438 3998 przecipieute
2459 3927 2847 3998 gloriosissimo
2869 3942 2933 3981 ac
2969 3928 3214 3997 piissimo
3238 3927 3451 3989 Carolo,

1873 3994 2132 4053 adversus
2178 3994 2663 4068 epistolam'ejus,
2694 4012 2883 4068 quani
2910 3994 3133 4068 dudum
3164 3998 3460 4068 scripserat

1872 4069 2169 4122 venerabili
2213 4066 2334 4121 viro
2383 4067 2577 4120 Albino
2619 4066 2798 4119 abbati
2842 4066 3171 4120 Turonensis
3211 4066 3459 4121 ecclesiae

1876 4136 1978 4206 (sic
2001 4139 2145 4191 enim
2179 4137 2465 4206 Alcuinum
2496 4142 2743 4189 nostrum
2789 4134 3069 4206 indigetat,
3102 4143 3158 4191 et
3182 4149 3283 4206 nos
3315 4133 3458 4191 infra

1875 4204 1943 4260 de
1968 4207 2201 4261 abbatiis
2237 4204 2354 4272 ejus
2400 4204 2575 4276 plura)
2606 4213 2930 4276 congregata
2979 4204 3195 4261 fuerat:
3241 4204 3300 4260 ln
3351 4220 3461 4275 qua

1875 4277 2099 4349 synodo,
2130 4275 2601 4349 przesente’Leone
2625 4275 2921 4345 apostolico
2949 4276 3064 4349 (qui
3094 4277 3285 4349 eodem
3315 4290 3461 4349 anno

1874 4346 2115 4401 Adriano
2142 4346 2534 4418 successerat),
2583 4353 2787 4418 etcum
2834 4361 2899 4418 eo
2939 4346 3151 4403 caeteris
3191 4347 3461 4418 episcopis

1875 4432 2102 4489 numero
2136 4416 2202 4471 57
2231 4414 2611 4489 residentibus,
2642 4424 2697 4489 et
2736 4414 3460 4489 plerisqueipresbyteris'ac

1875 4486 2117 4543 diaconis
2153 4502 2277 4542 cum
2302 4488 2381 4542 eis
2410 4487 2463 4541 in
2493 4487 2657 4559 domo
2679 4486 2987 4559 beatissimi
3005 4486 3148 4543 Petri
3178 4486 3409 4559 apostoli
3439 4503 3455 4543 :

249 4561 329 4614 Iles
358 4546 562 4633 ubique
604 4546 901 4616 resonaret.
951 4583 969 4615 ι
1021 4546 1181 4633 Unde
1211 4560 1330 4633 illos
1347 4546 1573 4633 quoque
1612 4558 1769 4633 multi
1799 4546 1853 4607 D
1876 4573 1973 4633 per
1993 4559 2210 4633 horum,
2242 4559 2483 4627 inquam,
2504 4556 2756 4633 omnium
2786 4558 3167 4633 auctoritatem
3190 4546 3324 4633 istas
3339 4558 3456 4627 jam

216 4628 521 4702 censuerunt
551 4632 910 4702 dignissimos,
941 4632 1181 4702 quicum
1211 4628 1417 4685 Alcuini
1439 4628 1658 4699 scriptis
1679 4644 1774 4702 es-

216 4648 521 4687 υθιειιειδιιιιῑ
551 4648 601 4685 (ll
640 4648 910 4696 mssnmos,
941 4648 1034 4702 qut
1057 4648 1181 4686 cum
1211 4648 1417 4685 meumr
1439 4648 1658 4699 SCI'IptIS
1679 4648 1774 4683 ex-

216 4700 538 4757 cuderentur.
585 4648 738 4768 (food
787 4718 817 4756 a
867 4703 1024 4758 nobis
1069 4702 1394 4770 praestitum,
1433 4713 1534 4768 ope
1573 4700 1775 4754 veteris

218 4770 394 4826 codicis
419 4789 526 4829 ms.
559 4773 767 4828 clariss.
801 4788 864 4828 ac
893 4773 1110 4828 doctiss.
1140 4772 1382 4826 virorum
1407 4770 1773 4825 Puteanorum

220 4835 440 4913 fratrum,
477 4858 642 4898 nemo
659 4842 873 4899 futurus
900 4852 1001 4909 est,
1045 4842 1225 4913 credo,
1259 4841 1351 4913 qui
1380 4856 1488 4913 non
1509 4839 1648 4913 aequ_i
1674 4840 1776 4913 _bo-

220 4908 359 4988 nique
383 4913 665 4988 consulat.
697 4913 803 4988 Sed
826 4908 1037 4988 praeter
1060 4908 1345 4988 Paulinum
1357 4910 1555 4988 _hunc,
1578 4908 1773 4988 Ethel-

222 4979 316 5052 [ius
337 4982 528 5049 adhuc,
572 4985 684 5039 sive
732 4979 1008 5039 Hitherius
1042 4983 1326 5052 episcopus
1357 4979 1696 5043 Uxameusis,
1722 4987 1777 5033 et

224 5044 393 5107 Beatus
425 5044 618 5120 abbas,
649 5056 837 5110 eodem
863 5044 1106 5123 tempore
1152 5044 1320 5123 libros
1349 5052 1483 5123 duos
1500 5053 1777 5123 adversus

222 5124 443 5201 gumdem
480 5140 725 5180 errorem
768 5121 1195 5196 promulgarunt,
1242 5121 1557 5246 lngolstadii
1606 5134 1779 5189 nuper

222 5201 338 5246 luris
362 5195 564 5246 publici
607 5193 799 5246 factos.
832 5196 908 5246 De
933 5195 1130 5246 quibus
1172 5203 1228 5246 et
1268 5194 1313 5246 A
1336 5193 1527 5246 cuinus
1549 5199 1734 5246 noster
1761 5228 1776 5246 .

220 5193 338 5265 {girls
362 5195 564 5262 publici
607 5193 799 5253 factos.
832 5196 908 5251 De
933 5193 1130 5265 quibus
1172 5203 1228 5248 et
1268 5193 1527 5265 Alcuinus
1549 5199 1734 5265 noster
1761 5228 1776 5255 ,

226 5254 432 5336 Felicem
478 5266 803 5336 alloquens:
853 5285 871 5318 ε
920 5254 1073 5336 Q'uod
1101 5277 1252 5336 vero,
1300 5264 1459 5336 alio,
1489 5254 1775 5336 quemdam

227 5325 423 5413 litatum
456 5325 708 5413 abbatem
744 5346 806 5413 Aet
831 5325 1151 5413 discipulum
1189 5325 1305 5413 ejus
1335 5325 1637 5413 Hitherium
1665 5329 1779 5413 epi-

228 5410 425 5473 900mm
454 5406 639 5463 dicitis
667 5408 792 5463 huic
819 5404 1012 5463 vestrie
1038 5412 1198 5460 sectae
1224 5404 1454 5473 primum
1481 5404 1774 5473 contraire,

420 5492 483 5531 us
502 5493 597 5533 eos
622 5478 676 5533 in
704 5493 789 5545 eo,
820 5478 962 5549 quod
989 5470 1274 5531 veritatem
1295 5471 1580 5529 defendere
1600 5470 1780 5527 conati

287 5614 313 5643 ι
341 5602 398 5660 ln
438 5609 666 5679 epistola
687 5611 757 5665 ad
784 5609 1036 5680 Carolum
1084 5606 1780 5680 regem,_cuitls_fl'38m°“:

229 5675 596 5820 ξὲῗτὲὕιέξξει
634 5683 776 5737 inter
799 5682 971 5752 Opera
1002 5675 1212 5736 Paulini
1261 5675 1519 5743 Madrisii,
1569 5675 1714 5733 torno
1737 5675 1779 5732 C

294 5815 319 5856 ¹³
343 5815 460 5876 Ιιὶὺῖ
492 5839 509 5877 ι
554 5832 742 5880 contra
772 5822 1028 5879 Felicem.

1878 4629 2051 4685 dictas
2096 4630 2240 4684 illius
2287 4628 2601 4692 sententias,
2634 4641 2741 4681 non
2776 4627 3016 4697 qualibet
3068 4637 3129 4682 ut
3174 4628 3457 4697 praefatum

1876 4709 1980 4764 est,
2011 4700 2286 4763 violentia,
2321 4698 2415 4753 sed
2443 4698 2654 4751 ratione
2687 4696 2952 4761 veritatis,
2981 4705 3042 4751 ut
3074 4696 3335 4767 oportuit,
3358 4713 3458 4752 ex-

1877 4770 2171 4824 cluserunt.
2210 4770 2447 4835 Quorum
2498 4767 2820 4821 auctoritate
2869 4767 3135 4833 veritatis,
3189 4776 3243 4823 et
3290 4768 3459 4822 totius

1878 4839 2133 4895 Ecclesiae
2160 4836 2478 4894 universalis
2505 4851 2769 4891 consensu
2800 4837 3098 4903 convictus,
3136 4838 3345 4892 meliori
3370 4837 3455 4890 in-

1880 4909 2114 4965 tellectui
2153 4924 2358 4970 eorum,
2390 4922 2553 4977 quam
2581 4921 2697 4977 suo,
2723 4920 2883 4977 quem
2919 4907 3071 4977 prius
3093 4908 3455 4977 sequebatur,

1878 4977 2216 5048 conjunctus,
2239 4986 2292 5033 et
2313 4978 2377 5031 ad
2394 4976 2752 5048 universalem
2775 4975 3075 5033 Ecclesiam
3104 4975 3213 5032 Deo
3241 4975 3459 5048 favente

1878 5047 2127 5105 reversus
2160 5057 2330 5104 estex
2371 5056 2485 5101 toto
2526 5047 2698 5118 corde
2726 5061 2845 5118 suo,
2883 5063 2991 5118 non
3021 5048 3260 5118 qualibet
3291 5047 3460 5118 simu:-

1879 5119 2100 5184 latione,
2151 5135 2243 5174 seu
2293 5117 2561 5172 velamine
2587 5116 2860 5184 falsitatis,
2906 5114 3057 5172 sicut
3090 5116 3312 5180 dudum,
3361 5114 3460 5171 sed

1878 5206 2005 5245 vera
2034 5189 2214 5245 cordis
2260 5187 2595 5251 credulitate,
2634 5196 2689 5241 et
2724 5188 2836 5242 oris
2875 5186 3228 5251 professione.
3260 5206 3279 5240 ι
3314 5184 3459 5241 Hac—

1880 5269 2037 5316 tenus
2059 5260 2253 5315 Felicis
2269 5258 2381 5327 jam
2406 5273 2513 5312 non
2550 5258 2778 5313 ulterius
2805 5255 3033 5312 infelicis
3059 5256 3224 5312 futuri
3263 5255 3451 5327 verba.

1879 5330 2045 5403 Cujus
2068 5333 2122 5386 in
2167 5324 2518 5403 conversione
2540 5344 2702 5403 quam
2727 5336 2935 5403 partem
2978 5327 3231 5403 habuerit
3267 5324 3453 5403 Διοᾳί-

1881 5394 2003 5481 nu_'§,
2041 5403 2155 5473 ipse
2184 5400 2517 5481 sio‘brevite‘r
2545 5394 3056 5481 docet,;‘Elipantum
3075 5398 3352 5481 alloquens
3422 5412 3448 5481 ξ

1887 5489 1906 5523 ι
1940 5468 2218 5544 Ego—cum
2247 5469 2443 5525 Ruﬁno
2484 5469 2701 5525 beatum
2727 5468 2963 5525 Felicem
3008 5475 3301 5539 martyrem
3341 5479 3455 5527 non

1954 5606 2150 5677 sLibr.
2184 5623 2202 5662 ι
2226 5615 2415 5662 contra
2441 5607 2768 5677 Elipantum.

1950 5676 1979 5717 ἀ
2007 5676 2182 5732 Verba
2211 5687 2336 5733 sunt
2362 5673 2572 5733 Alcuini
2594 5677 2711 5731 loco
2745 5673 2934 5731 citato.

1958 5759 1982 5787 ο
2012 5746 2071 5801 In
2097 5747 2434 5804 confessione
2453 5762 2564 5804 suae
2584 5744 2731 5800 ﬁdei.

1961 5816 1981 5856 ί
2008 5817 2157 5874 Lihr.
2189 5836 2207 5874 ι
2233 5820 2489 5874 adversus
2516 5817 2844 5884 Elipantum.
