4078 6324
597 331 699 388 119

595 515 780 577 fuisse,
808 513 932 583 quia
967 513 1252 582 praeterita),
1291 513 1562 582 religionis
1594 511 1745 583 obliti
1769 513 1955 583 sericis
1983 514 2169 580 indue-

595 586 793 642 bantur
825 581 1083 648 vestibus,
1133 581 1508 652 deauratisque
1549 581 1925 637 calceamentis
1958 583 2171 638 incede-

595 655 726 710 bant
763 672 777 707 :
817 662 1042 722 excepto
1087 652 1178 707 illo
1221 651 1366 716 solo,
1409 651 1500 722 qui
1547 652 1766 722 angelos
1810 654 2170 720 percutientes

594 725 746 788 vidit,
775 731 830 778 et
867 733 927 778 ut
973 723 1040 778 ad
1079 723 1451 792 paenitentiam
1479 723 1739 792 agendam
1781 733 2166 789 reservaretur,

594 810 688 850 eos
713 794 906 857 oravit,
935 809 997 848 ac
1019 791 1230 847 tandem
1259 791 1533 847 exoravit.’
1555 791 1852 846 Ademarns
1893 793 2035 847 enim
2065 795 2170 849 En-

596 864 934 946 golismensis
954 865 1057 918 hoc
1083 864 1138 946 in
1158 862 1312 932 longe
1336 863 1632 946 pqsteriora
1656 870 1894 946 tempora
1909 862 2098 946 rejicit,
2117 873 2172 918 et

595 932 700 989 alia
728 935 795 990 de
823 951 982 989 causa
1007 933 1207 1002 pariter
1244 932 1502 1002 accidisse
1529 933 1608 988 sic
1633 932 1858 987 afﬁrmat
1889 951 1902 986 :
1943 951 1961 983 ι
1995 933 2168 1000 Tunc,

595 1005 771 1087 inquit
798 1017 845 1068 ι,
874 1000 1078 1087 εςίμςςι
1112 1001 1304 1057 Carolo
1339 1000 1514 1086 Calvo.
1532 1012 1805 1087 regnante,
1835 1003 2003 1087 sancti
2031 1003 2172 1058 Mar-

594 1073 694 1130 tini
722 1075 969 1130 monachi
1001 1073 1338 1128 Turonenses
1377 1074 1588 1128 nemine
1621 1081 1864 1142 cogente,
1906 1082 2029 1127 ante
2051 1089 2170 1128 cor-

593 1159 697 1226 pus
744 1146 1005 1226 ejusdem,
1028 1142 1264 1226 .abjecto
1310 1144 1560 1226 monachi
1610 1144 1908 1226 schemate,
1954 1143 2169 1226 schema

595 1213 824 1268 induunt
851 1213 1160 1268 canonicaIe
1186 1227 1200 1266 :
1231 1214 1326 1268 sed
1351 1227 1472 1268 mox
1499 1215 1554 1268 in
1584 1213 1663 1268 eis
1685 1213 1851 1282 pestis
1880 1213 2066 1278 irruit,
2113 1223 2172 1270 ut

595 1300 702 1338 una
723 1293 877 1341 nocte
898 1299 1085 1340 omnes
1114 1293 1472 1354 morerentur,
1494 1293 1549 1339 et
1575 1285 1641 1338 de
1669 1284 1874 1354 reliquo
1895 1300 1924 1337 a
1952 1285 2171 1340 canoni-

592 1355 673 1410 cis
696 1356 808 1423 ipse
829 1355 1159 1410 inhabitatur
1194 1353 1363 1408 locus.
1394 1375 1414 1408 ι
1447 1353 1575 1421 Quae
1615 1353 1953 1410 verbamihi
1991 1357 2170 1424 suspi-

592 1425 802 1480 cionem
853 1424 1134 1494 injiciunt,
1183 1440 1284 1480 nec
1317 1440 1704 1494 usquequaque
1754 1425 1927 1479 adhuc
1962 1433 2170 1480 certum

592 1493 978 1566 essetquodin
997 1494 1270 1566 Chronico
1299 1493 1595 1566 Turonensi
1621 1493 1892 1566 reperitur
1918 1512 1931 1548 :
1969 1511 1988 1545 ‹
2016 1494 2171 1566 Anno

594 1564 696 1620 796
726 1564 975 1620 carolum
1004 1579 1184 1634 regem
1219 1564 1512 1620 instituisse
1542 1565 1832 1620 canonicos
1863 1565 1916 1619 in
1944 1564 2170 1621 ecclesia

590 1636 736 1690 beati
768 1636 983 1690 Martini
1012 1635 1358 1705 Turonensis,
1387 1635 1709 1689 auctoritate
1747 1635 1964 1690 Adriani
1996 1649 2167 1705 papae,

592 1706 778 1774 eisque
796 1716 1045 1788 sanctum
1069 1703 1391 1762 Alchoinum
1412 1705 1728 1776 magistrum
1747 1720 1902 1764 suum
1922 1703 2169 1762 abbatem

593 1775 920 1830 nrazfecisse.
959 1797 978 1830 ι

591 1791 920 1848 praetecisse.
959 1797 978 1830 ι

1181 1865 1408 1923 CAPUT
1447 1865 1586 1922 XVI.

595 1957 786 2013 Carmo
834 1957 1028 2029 Magno
1053 1959 1153 2030 fuit
1199 1976 1233 2013 a
1260 1958 1512 2083 οοηῗὶιίἰε,
1552 1968 1601 2013 et
1643 1958 1708 2013 ab
1732 1975 1794 2014 eo
1827 1958 2063 2030 Romam.
2091 1961 2168 2017 te-

1290 2046 1354 2083 aa
1379 2046 1460 2083 us.

1289 2046 1460 2100 gaius.

665 2119 927 2176 Caeterum
954 2123 1039 2175 vir
1068 2129 1146 2175 tot
1169 2128 1226 2175 et
1255 2129 1363 2174 tam
1393 2121 1668 2191 praeclaris
1697 2122 1928 2178 abbatiis
1967 2123 2170 2180 ditatus

592 2207 701 2247 non
716 2191 904 2263 solum
928 2191 1009 2263 eis
1037 2207 1230 2263 magna
1258 2193 1559 2263 sanctitatis
1604 2207 1668 2246 ac
1693 2194 1951 2248 doctrinae
1998 2193 2169 2263 gloria

592 2259 844 2335 praefuit,
899 2261 994 2316 sed
1046 2271 1100 2316 et
1133 2259 1182 2316 'a
1228 2261 1475 2335 civilibus
1520 2263 1749 2335 interim
1807 2259 2036 2335 negotiis
2103 2279 2168 2321 ac

593 2331 1087 2404 reipublicaeucura
1112 2347 1219 2404 non
1264 2331 1452 2388 abfuit.
1490 2333 1624 2387 Nam
1667 2331 1903 2404 Carolus
1949 2333 2169 2404 Magnus

594 2401 745 2474 illum
772 2401 1014 2474 consiliis
1047 2403 1149 2458 sibi
1181 2417 1394 2474 semper
1418 2404 1667 2458 intimum
1689 2402 1851 2470 fecit,
1878 2401 2169 2474 omniaque

596 2473 946 2545 uituperialis
971 2474 1124 2545 aulae,
1155 2482 1210 2528 et
1239 2473 1439 2542 majora
1467 2475 1679 2545 negotia
1697 2515 1711 2538 ,
1741 2491 1854 2530 sua:
1879 2473 2166 2530 discretio-

589 2543 675 2614 nis
703 2544 926 2614 arbitrio
956 2543 1224 2608 diﬁinivit,
1255 2564 1273 2594 ι
1309 2545 1483 2614 inquit
1507 2543 1696 2600 auctor
1710 2545 1848 2601 Vitae
1873 2547 2044 2602 sancti
2069 2546 2164 2600 Al-

590 2613 726 2686 drici
772 2612 1101 2670 Senonensis
1136 2612 1543 2686 archiepiscopi.
1575 2614 1753 2682 Quare
1789 2624 1845 2671 et
1886 2617 1954 2671 ab
1999 2631 2064 2670 eo
2110 2617 2166 2672 in

589 2684 771 2755 aulam
801 2700 942 2755 sape
976 2685 1270 2755 accersitus
1291 2684 1487 2753 legitur
1510 2687 1718 2755 b,_dum
1752 2688 1946 2742 absens
1981 2696 2164 2742 esset:

587 2767 655 2808 ac
679 2747 904 2808 Romam
931 2755 1094 2808 etiam
1117 2754 1182 2807 de
1205 2747 1427 2823 justitiis
1449 2747 1618 2810 saucii
1644 2756 1789 2811 Petri
1819 2767 2004 2811 contra
2026 2757 2170 2811 Lon-

589 2823 952 2893 gobardorum
1003 2839 1183 2893 regem
1229 2824 1578 2893 inquisiturus
1618 2842 1724 2881 una
1770 2842 1892 2880 cum
1933 2825 2166 2893 Georgio

589 2892 862 2962 episcopo,
905 2899 961 2947 et
988 2892 1243 2967 Gulfa‘rdo
1272 2892 1483 2967 abbate,
1514 2897 1581 2967 ab
1611 2897 1798 2950 eodem
1828 2892 2168 2967 principele-

625 2961 746 3017 atus
775 2961 898 3027 Vest,
947 2971 1006 3017 ut
1064 2961 1229 3018 refert
1285 2963 1600 3020 Anastasius
1642 2961 1892 3021 Biblioth.
1939 2961 2019 3021 in'
2046 2968 2166 3023 Vita

638 3033 811 3117 driani
834 3033 856 3087 1
880 3049 1054 3117 ρρρειεζ
1076 3032 1318 3117 Cumque
1332 3034 1486 3117 inter
1506 3033 1676 3091 Offam
1692 3051 1868 3117 regem
1886 3045 1941 3091 et
1965 3038 2165 3094 dictum

590 3102 842 3175 Carolum
881 3102 1093 3175 aliquid
1119 3102 1468 3160 dissensionis
1513 3102 1998 3171 exortum'fuisset,
2028 3124 2166 3164 unus

592 3171 768 3228 adhuc
802 3190 910 3248 pra:
948 3171 1158 3230 caeteris
1194 3186 1276 3248 est
1309 3175 1534 3248 electus,
1567 3178 1656 3246 qui
1691 3193 1790 3248 pro
1814 3193 1945 3248 pace
1969 3179 2023 3232 in
2050 3179 2168 3235 illas

590 3255 776 3367 Eartes
802 3245 1108 3300 mitteretur
1129 3257 1175 3299 ο.
1215 3247 1455 3315 Denique
1492 3245 1716 3302 Romani
1745 3245 1990 3320 cogitans
2025 3251 2170 3304 idem

635 3314 818 3367 arolus
846 3330 987 3367 anno
1013 3314 1116 3367 800
1137 3317 1340 3367 Optavit
1368 3331 1549 3367 secum
1590 3334 1714 3367 eum
1756 3319 1953 3367 dueere
1975 3319 2022 3367 ά.
2064 3319 2170 3367 Sed

635 3314 818 3386 arolus
846 3330 987 3370 anno
1013 3314 1116 3370 800
1137 3317 1340 3386 Optavit
1368 3314 1549 3372 secum
1590 3334 1714 3372 eum
1756 3314 1953 3374 du'cere
1975 3319 2022 3372 ά.
2064 3319 2171 3375 Sed

592 3383 800 3439 duabus
834 3386 1074 3454 epistolis
1101 3383 1378 3442 excusavit
1401 3403 1481 3452 se,
1510 3387 1656 3442 fumo
1695 3389 1966 3444 sordentia
1997 3389 2171 3444 Turo-

591 3469 784 3530 norum
799 3463 938 3510 tecta
955 3456 1160 3510 auratis
1174 3456 1538 3530 Romanorum
1549 3459 1763 3513 arcibus
1777 3475 2095 3530 praeponens
2111 3473 2133 3500 ε
2152 3479 2166 3514 :

593 3527 905 3594 rogavitque
956 3542 1158 3597 regem,
1185 3535 1246 3580 ut
1267 3525 1563 3582 dimitteret
1590 3544 1713 3583 eum
1740 3525 1970 3585 ﬁdeliter
1994 3539 2048 3584 et
2089 3531 2171 3586 in-

593 3597 1164 3670 stanter_orationibus
1195 3612 1316 3652 cum
1357 3597 1480 3670 Deo
1494 3601 1852 3670 servientibus
1882 3601 2022 3670 apud
2047 3617 2170 3656 san-

592 3671 741 3718 ctum
772 3665 1192 3740 Marti_num_iter
1215 3683 1370 3740 suum
1395 3667 1652 3740 adjuvare
1682 3668 1724 3723 ί.
1755 3670 1871 3737 Qua
1911 3665 1969 3726 re
2001 3671 2169 3740 impe-

594 3742 758 3801 trata,
805 3737 1006 3811 certior
1051 3737 1224 3792 factus
1249 3735 1500 3811 Carolum
1531 3738 1719 3811 Callici
1766 3735 1966 3796 littoris
1991 3735 2172 3811 perlu-

592 3811 768 3861 strare
792 3805 926 3878 velle
951 3805 1121 3870 littus,
1151 3815 1440 3878 antequam
1467 3808 1519 3862 in
1554 3809 1761 3864 Italiam
1798 3805 2167 3878 descenderet,

593 3877 987 3950 occurrendum
1037 3885 1216 3950 tamen
1247 3877 1340 3950 illi
1396 3880 1604 3949 putavit
1640 3880 1693 3934 in
1745 3881 1970 3937 Ceutulo
2028 3877 2169 3950 apud

593 3954 838 4018 sanctum
863 3946 1175 4002 Richarium
1203 3967 1217 4002 :
1243 3946 1424 4018 ibique
1453 3965 1575 4004 cum
1597 3965 1662 4004 eo
1683 3950 1999 4006 Paschalem
2023 3946 2170 4007 festi-

591 4016 814 4071 vitatem
869 4018 1147 4073 celebrans
1171 4021 1216 4082 ⁸,
1262 4016 1494 4082 scripsit,
1528 4035 1619 4074 seu
1646 4023 1825 4082 potius
1862 4023 2162 4078 emendavit

592 4087 771 4162 Vitam
796 4085 1035 4162 ejusdem
1059 4090 1231 4162 sancti
1261 4085 1502 4162 Bicbarii
1532 4085 1877 4157 confessoris,
1906 4107 2068 4162 quam
2113 4101 2167 4148 et

593 4158 693 4239 ipsi
726 4159 839 4228 regi
863 4160 1111 4229 piissimo
1135 4159 1328 4217 Carolo
1355 4160 1622 4217 dedicavit
1647 4163 1871 4232 epistola
1893 4158 2168 4234 nuncupa-

592 4237 749 4282 toria.

1179 4319 1405 4376 CAPUT
1440 4321 1598 4377 XVII.

593 4405 781 4461 Docuit
795 4406 1020 4463 Turonis
1041 4409 1111 4462 ad
1133 4420 1419 4485 extremum
1442 4412 1558 4485 vita:
1579 4411 1736 4485 diem,
1756 4413 1928 4484 ibique
1938 4413 2166 4485 plurima

1123 4479 1386 4534 volumina
1407 4481 1633 4550 scripsit.

659 4579 788 4634 Inde
823 4587 1032 4653 autem
1059 4579 1307 4636 Turonos
1359 4597 1627 4648 reversus,
1685 4599 1847 4653 quam
1887 4584 1954 4638 ab
2010 4584 2164 4642 initio

588 4652 714 4704 vita:
735 4649 1350 4724 rationeminstituerat,
1379 4653 1445 4707 ad
1467 4649 1768 4708 extremum
1795 4669 1964 4724 usque
1990 4657 2164 4712 aetatis

591 4735 702 4794 suae
729 4720 872 4774 diem
917 4721 1158 4794 retinuit.
1191 4723 1269 4777 lbi
1295 4725 1438 4794 enim
1481 4724 1568 4793 pie
1610 4720 1902 4794 sancteque
1927 4725 2080 4788 vixit,
2109 4736 2164 4781 et

585 4789 923 4865 iuventutem
964 4790 1222 4865 Gallicam
1251 4789 1497 4865 erudire
1534 4789 1854 4850 continuatis
1895 4794 2164 4865 frequenti

589 4861 753 4914 etiam
787 4876 851 4916 ac
885 4858 1140 4931 frugifera
1182 4862 1510 4916 voluminum
1539 4865 1771 4920 editione
1813 4858 2024 4921 laudem
2061 4867 2166 4922 sibi

591 4945 862 5001 nunquam
935 4932 1252 4986 morituram
1316 4933 1541 5001 peperit.
1622 4933 1963 4991 Potissimum
2035 4953 2166 4992 vero

593 4998 938 5076 Quotation“,
999 5002 1172 5076 velut
1219 4998 1334 5072 ipse
1382 4998 1561 5076 vocat,
1615 5004 2056 5076 Interrogationes
2101 5007 2166 5061 de

590 5069 724 5145 libro
745 5068 1001 5145 Ceneseos
1035 5071 1145 5145 illic
1179 5068 1499 5145 composuit,
1541 5090 1606 5129 ac
1631 5089 1724 5145 eas
1753 5068 1959 5145 Sigulfo
1991 5077 2163 5131 veteri

589 5147 644 5194 et
687 5139 963 5196 individuo
987 5142 1153 5205 socio,
1181 5139 1585 5212 successorique
1627 5143 1680 5199 in
1711 5139 1928 5202 abbatia
1967 5146 2164 5201 Ferra-

661 5285 686 5313 α
715 5273 773 5328 ln
798 5273 1087 5330 Chronico.

662 5343 689 5382 δ
719 5345 891 5414 Epist.
924 5344 1027 5400 109
1056 5353 1110 5400 et
1142 5345 1262 5400 152.

664 5425 685 5451 ε
717 5414 1033 5470 Guillelmus
1059 5415 1332 5472 Malmesb.
1370 5417 1492 5473 libr.
1522 5417 1614 5474 cit.
1642 5419 1749 5474 Set
1773 5418 1827 5472 4.

661 5483 688 5521 ιι
720 5484 889 5552 Epist.
919 5485 988 5540 96
1019 5493 1073 5540 et
1104 5487 1224 5542 l09.

667 5564 690 5623 ἐ
720 5553 888 5623 Epist.
921 5555 1043 5612 109.

671 5622 692 5705 ξ
725 5622 921 5705 Epist;
934 5626 1023 5681 96.

667 5695 692 5733 ε
729 5693 848 5749 Vita
883 5694 1060 5768 Caroli
1111 5696 1311 5768 Magni,
1339 5709 1395 5758 et
1435 5698 1647 5754 Alcuini
1691 5697 1936 5768 prazfatio
1978 5701 2033 5756 in
2077 5703 2168 5758 Vi-

593 5773 706 5821 tam
735 5766 904 5820 sancti
933 5763 1206 5823 Richardi.

1120 329 1214 385 AD
1250 329 1314 386 B.
1351 329 1414 385 F.
1455 327 1758 385 ALBINUM
1792 327 1925 384 SEU
1961 327 2314 386 ALCUINUM
2354 329 2419 384 D.
2460 326 2898 396 QUERCETANI
2933 325 3323 385 PREFATIO.

595 459 785 500 omnes
811 442 951 499 illius
975 443 1286 508 monachos,
1317 459 1422 497 una
1455 449 1611 497 nocte
1631 441 1699 494 ab
1729 440 1932 511 angelis
1960 443 2168 498 occisos
2193 450 2245 504 Α
2270 441 2433 496 riensi
2459 440 2660 506 futuro,
2687 441 3041 496 consecravit.
3084 441 3427 496 Enchiridion

3739 332 3838 387 120

3527 459 3686 501 00116.
3728 460 3841 501 srve

2271 457 2433 496 nens:
2459 457 2660 506 ruturo,
2687 457 3041 496 consecrant.
3084 457 3427 496 annmawn
3449 457 3686 567 quoque,
3728 460 3840 501 srve

2271 512 2416 600 ΡΪῩΨ
2441 526 2512 600 1°.
2524 512 2747 600 ΡῩῨῩῩΪΡ
2791 511 3177 600 ῗξρῨθὶείΨῨΨ
3213 513 3448 600 59.4"“
3487 514 3840 600 am.l’“'.lm.°‘

2271 591 2400 636 tunc
2439 581 2753 635 elaboravit.
2799 581 2931 637 Item
2960 581 3538 652 Commentariagsuper
3575 581 3844 640 Ecclesia»

2270 661 2403 723 s_ten,
2453 669 2572 722 quae
2624 652 3300 723 dilectissimis‘discipulis
3344 649 3493 707 Oniaa
3539 656 3844 723 sacerdoti,

2270 721 2508 795 Candide
2532 723 2868 795 presbytero,
2895 730 2949 775 et
2970 721 3285 795 Nathanaeﬁ
3315 723 3539 778 diacono
3566 721 3844 795 nuncupaL

2270 793 2367 845 vit.
2413 791 3179 862 Nec’non’luculentissimos
3228 791 3346 847 illos
3379 802 3570 862 septem
3611 791 3844 850 alioritm

2271 862 2760 915 commentariorum
2784 861 2960 925 libros,
2986 877 3120 931 quos
3149 863 3215 915 ad
3244 861 3555 930 petitionem
3587 862 3750 919 Gisla:
3789 874 3846 920 et

2272 931 2596 1005 Richtrudte
2639 932 2748 1005 Deo
2796 932 3109 1005 dicatarum
3161 932 3482 1001 virginum,
3507 949 3849 1005 suarumque

2271 1001 2541 1074 quondam
2583 1001 2636 1055 in
2655 1001 2863 1074 _Anglia
2887 1001 3289 1074 discipularum,
3317 1019 3472 1074 super
3497 1001 3848 1074 Evangelii!»

2270 1071 2437 1124 sancti
2471 1071 2695 1143 Joannis
2723 1071 3004 1143 exaravit.
3023 1071 3291 1143 Praeterea
3316 1071 3492 1143 Caroli
3535 1071 3680 1143 regis
3706 1090 3848 1143 pra:-

2271 1090 2437 1124 sancu
2471 1090 2693 1124 Joannts
2723 1090 2984 1126 exaravu.
3023 1090 3289 1124 rraauerea
3316 1090 3492 1126 butt)“
3535 1090 3680 1143 regis
3745 1090 3848 1130 κε-

2271 1148 2443 1209 cepto,
2479 1149 2605 1195 tunc
2629 1141 2789 1195 etiam
2830 1140 3040 1195 Veteris
3064 1156 3129 1196 ac
3166 1140 3296 1195 Novi
3324 1141 3653 1198 Testamenti
3696 1090 3850 1200 geri-

2271 1221 2456 1280 pturas
2478 1224 2665 1264 omnes
2690 1211 2944 1273 correxit,
2969 1219 3024 1264 et
3045 1219 3316 1267 correctas
3345 1211 3416 1265 illi
3441 1229 3471 1267 e
3496 1221 3686 1267 sancto
3709 1214 3848 1269 Marb

2271 1282 2390 1352 tino
2411 1281 2707 1352 transmisit
2725 1282 2774 1334 ιι.
2811 1280 3127 1352 Psalterium
3166 1281 3480 1352 Davidicum
3513 1297 3612 1352 per
3636 1283 3845 1340 hebdo-

2271 1351 2482 1422 madam
2529 1350 2814 1422 disposuit,
2853 1351 2992 1422 quod
3035 1351 3136 1422 sub
3161 1350 3846 1422 inscriptione'Oﬂiciorum

2270 1420 2553 1494 perferias
2574 1439 2606 1474 a
2633 1420 2837 1494 Joanne
2881 1420 3497 1494 Baleo_cita_tur,iitaque
3521 1439 3553 1494 a
3583 1420 3739 1480 nobis
3779 1439 3848 1480 ex

2273 1490 2650 1564 antiquissimo
2690 1491 2903 1564 codice
2958 1491 3061 1564 viri
3120 1490 3493 1564 illustrissimi
3525 1491 3638 1547 Jac.
3702 1495 3843 1564 Aug.

2272 1562 2482 1618 Thuani
2512 1577 2655 1615 nunc
2681 1561 2916 1629 primum
2943 1562 3146 1620 editum
3173 1570 3274 1616 est.
3305 1562 3564 1618 Homilias
3586 1578 3680 1618 seu
3711 1561 3844 1618 cori-

2271 1634 2454 1688 ciones
2483 1647 2579 1702 per
2605 1631 3164 1702 annum_legendasiex
3195 1633 3432 1701 antiquis
3458 1631 3712 1689 Ecclesiae
3743 1634 3847 1689 Pa-

2271 1702 2446 1758 tribus
2475 1700 2688 1771 collegit
2720 1703 2762 1754 ἱ.
2807 1700 3028 1771 Librum
3069 1701 3147 1755 De
3189 1700 3459 1756 virtutibus
3504 1712 3554 1756 et
3601 1704 3738 1758 vitiis
3778 1705 3847 1757 ad

2197 1783 2250 1845 Β
2276 1771 2572 1845 Widonem
2607 1770 2720 1845 sive
2740 1770 3266 1845 _V_Vittonem_Marcze
3303 1771 3633 1845 Britannicae
3679 1774 3851 1829 comi-

2275 1853 2382 1900 tem
2415 1841 2428 1892 i
2471 1841 2997 1913 scripsit._Libellum
3039 1841 3488 1913 deAntichristo,
3516 1857 3678 1913 quem
3708 1860 3850 1899 non-

2271 1914 2402 1986 nulli
2433 1913 2662 1986 antehac
2691 1911 2962 1986 Rhebano,
2998 1912 3213 1986 quidam
3240 1914 3400 1986 etiam
3435 1911 3624 1968 sancto
3649 1913 3850 1986 Augu-

2271 1983 2796 2064 stino.t_r.ibuerunt,_
2849 1980 3201 2064 elucubravit.
3249 1980 3434 2064 .Vilt‘am
3482 1995 3531 2037 et
3558 1980 3850 2064 .miracjtia

2270 2053 2439 2109 sancti
2469 2051 2688 2106 Martini
2718 2053 2817 2106 sub
2844 2052 3162 2120 compendio
3189 2052 3416 2107 miriﬁce
3447 2054 3694 2108 arctavit.
3723 2055 3851 2125 Epi-

2271 2125 2439 2180 stolas
2463 2120 2693 2190 denique
2712 2121 2910 2176 multas
2929 2121 3231 2176 eruditione
3250 2122 3434 2191 plenas
3459 2125 3526 2178 ad
3547 2123 3848 2180 Adrianum

2269 2203 2326 2265 et
2350 2193 2582 2265 Leonem
2608 2207 2859 2265 summos
2891 2192 3199 2265 pontiﬁces,
3229 2194 3312 2265 ad
3345 2193 3850 2265 gloriosumgregem

2270 2263 2536 2325 Carolum,
2557 2263 2624 2334 ad
2641 2263 3018 2334 Angelbertum
3044 2262 3411 2334 primiceriu'm
3435 2264 3616 2333 palatii
3632 2262 3850 2334 Pippini

2272 2335 2432 2405 regis,
2462 2334 2528 2387 ad
2561 2331 2947 2414 Megenfridum
2971 2333 3168 2402 regalis
3194 2333 3378 2402 palatii
3409 2331 3750 2415 a‘rcliariuni,
3778 2335 3850 2389 ad

2268 2405 2512 2460 Ericum
2563 2418 2674 2458 sive
2721 2403 3006 2457 Ebertcum
3052 2403 3240 2456 ducem
3280 2403 3732 2460 Formuliensem.
3781 2405 3850 2460 ad

2343 2420 2512 2458 rtcum
2563 2418 2674 2458 srve
2721 2418 3006 2457 Lnertcum
3052 2418 3240 2456 ducem
3280 2418 3732 2469 r'orOJuuensem,
3781 2421 3811 2458 a

2271 2419 2512 2460 mancum
2563 2419 2674 2458 sive
2721 2419 3006 2457 Lnertcum
3052 2419 3240 2456 ducem
3280 2419 3732 2473 r'orOJuuensem,
3781 2419 3850 2460 aa

2271 2475 2674 2545 Magenharium
2729 2473 2982 2545 comitem
3035 2471 3427 2537 Senonensem,
3484 2474 3851 2545 adiFlavium

2271 2542 2560 2600 Homerum
2611 2542 2788 2598 Caroli
2830 2543 2972 2612 regis
3020 2545 3423 2609 auricularium,
3456 2545 3522 2599 ad
3561 2544 3848 2598 Paulinum

2269 2616 2633 2685 patriarcbam
2658 2613 3074 2685 Aquileiensem,
3091 2615 3156 2668 ad
3184 2613 3506 2668 Laidradum
3528 2613 3851 2683 Lugdunen-

2269 2682 2380 2740 sem
2401 2695 2454 2739 et
2475 2682 2769 2740 Nefridium
2795 2682 3196 2738 Narbonensem
3220 2685 3518 2754 episcopos,
3547 2693 3602 2739 et
3619 2682 3686 2738 ad
3712 2685 3850 2740 alios

2268 2756 2450 2824 plures
2488 2754 3070 2824 magnzeauctoritatis
3123 2770 3187 2808 ac
3231 2756 3481 2824 potentiae
3515 2756 3663 2809 viros
3709 2755 3852 2810 scri-

2268 2822 2394 2894 psit.
2427 2826 2558 2880 Nam
2585 2822 2649 2880 de
2676 2823 2794 2878 aliis
2817 2822 2932 2891 ejus
2955 2824 3106 2878 libris
3137 2822 3245 2878 non
3273 2825 3406 2894 adeo
3429 2825 3587 2894 plane
3605 2832 3845 2890 constat,

2267 2892 2360 2949 ubi
2389 2897 2470 2949 vel
2496 2896 2710 2964 quando
2740 2895 3023 2964 compositi
3066 2902 3191 2948 sunt
3221 2909 3235 2964 ς
3276 2892 3393 2949 Vita
3424 2892 3685 2949 duntaxat
3713 2912 3847 2964 san-

2269 2965 2338 3047 c'ti
2382 2963 2749 3047 Willibrordi,
2793 2963 2948 3047 quam
2994 2966 3048 3018 in
3096 2963 3315 3046 Anglia;
3369 2963 3847 3047 Rbetoricisque‘ét

2269 3033 2569 3116 pialecticis
2595 3033 3023 3116 prwceptiqnibus
3041 3076 3054 3097 ,
3083 3033 3216 3104 quas
3256 3035 3310 3088 in
3339 3035 3535 3116 palatio
3561 3033 3850 3116 “regisela-

2195 3134 2241 3197 ο
2271 3105 2504 3197 libravit,
2551 3105 2811 3173 exceptis.
2841 3105 3150 3197 T't'ibttiltlub
3179 3104 3520 3197 fio.'.etiarn
3560 3104 3632 3158 illi
3657 3105 3848 3197 lLibros

2274 3174 2733 3245 Sacramentorum
2764 3190 2828 3229 ac
2857 3173 2933 3228 De
2970 3173 3158 3228 divinis
3188 3173 3402 3245 Oﬁciis,
3433 3175 3558 3244 quia
3590 3176 3688 3229 sub
3729 3174 3849 3241 ejus

2273 3245 2488 3300 nomine
2526 3244 2638 3312 jam
2672 3246 2901 3298 antehac
2942 3245 3127 3299 excusi
3173 3244 3314 3307 sunt,
3371 3246 3471 3299 etsi
3510 3259 3608 3299 nec
3667 3245 3850 3311 conje-

2270 3315 2439 3370 cturis
2487 3311 2847 3379 destituimur,
2880 3311 3127 3368 ultimum
3172 3315 3241 3370 ab
3271 3329 3336 3369 eo
3367 3330 3641 3383 nunquam
3679 3313 3851 3370 fuisse

2270 3386 2658 3454 conscriptum.
2688 3384 2893 3455 Auctor
2918 3384 3062 3439 enim
3092 3384 3232 3455 illius
3265 3385 3510 3455 quisquis
3540 3386 3628 3446 sit,
3659 3383 3850 3440 Gallia:

2269 3455 2543 3526 Braccata!
2589 3454 2821 3510 incolam
2859 3470 2932 3526 se
2978 3454 3260 3523 proﬁtetur
3299 3454 3439 3526 (cap.
3480 3455 3571 3524 54)
3606 3473 3634 3526 εᾼ
3660 3471 3852 3510 exem-

2270 3525 2494 3596 plarque
2519 3534 2732 3580 vetusto
2769 3525 2906 3597 stylo
2934 3534 3232 3589 exaratum,
3258 3524 3410 3648 cujus
3446 3540 3547 3594 ope
3671 3529 3852 3597 capita

2271 3597 2476 3648 integra
2525 3597 2878 3648 restituimus.
2929 3598 3278 3648 quaestionem
3346 3612 3375 3648 e
3413 3595 3682 3648 Natalttus
3725 3613 3851 3648 san-

2271 3595 2476 3667 integra
2525 3595 2899 3667 restituimus,‘
2929 3598 3278 3664 quaastionem
3309 3595 3375 3649 de
3413 3595 3682 3650 Natalitiis
3725 3595 3851 3651 san-

2269 3663 2479 3721 ctorum
2507 3667 2665 3736 capiti
2696 3665 2761 3720 18
2787 3663 3121 3731 subiunctam
3159 3667 3381 3720 ascribit
3404 3667 3618 3735 Elprico
3660 3683 3853 3721 mona-

2269 3737 2394 3802 cho,
2421 3737 2513 3806 qui
2538 3735 2691 3806 juxta
2720 3735 3074 3806 Trithemium
3104 3736 3288 3791 ﬂoruit
3318 3752 3460 3790 anno
3511 3736 3648 3790 1040
3679 3746 3736 3791 et
3767 3739 3855 3792 de-

2273 3822 2418 3860 mum
2443 3805 2502 3860 in
2537 3805 2602 3860 eo
2629 3806 2786 3877 (cap.
2815 3806 2904 3872 ‘52)
2935 3805 3242 3877 festivitatis
3268 3807 3507 3860 omnium
3533 3816 3851 3862 sanctorum

2270 3877 2535 3932 institutio
2590 3876 2841 3932 Kalendis
2902 3876 3293 3932 Novembribus
3338 3885 3690 3941 memoratur,
3742 3894 3856 3941 quo

2269 3947 2354 4001 die
2377 3956 2560 4028 tamen
2590 3963 2708 4028 eam
2743 3947 2896 4028 longe
2942 3955 3059 4028 post
3101 3946 3314 4028 Alcuini
3341 3948 3548 4028 obitum
3575 3949 3628 4002 in
3674 3946 3856 4028 Gallia

2269 4031 2333 4070 ac
2372 4016 2660 4086 Germania
2704 4016 2965 4073 celebrari
3000 4018 3248 4086 coepisse,
3290 4017 3496 4072 scilicet
3537 4035 3680 4072 anno
3721 4017 3854 4083 855,

2267 4102 2333 4141 ex
2387 4085 2665 4157 Sigebcrto
2706 4096 2760 4141 et
2803 4087 2923 4141 aliis
2965 4085 3120 4142 facile
3157 4089 3397 4157 discitur.
3437 4086 3708 4157 Quidquid
3755 4091 3854 4154 sit,

2267 4156 2498 4226 plurima
2542 4157 2762 4229 insuper
2805 4158 2922 4227 ejus
2949 4159 3145 4226 scripta
3185 4156 3472 4229 feruntur,
3496 4156 3615 4225 quae
3639 4168 3856 4229 tempo-

2270 4244 2389 4283 rum
2416 4229 2528 4283 sive
2554 4227 2744 4297 injuria
2777 4230 2888 4283 sive
2915 4229 3238 4299 negligentia
3265 4229 3438 4283 adhuc
3463 4228 3652 4283 latent.

2831 4333 3054 4388 CAPUT
3092 4333 3274 4390 XVIII.

2527 4423 2659 4494 Ejus
2694 4425 2884 4490 obitus,
2924 4425 3191 4496 sepultura
3223 4436 3272 4481 et
3305 4421 3575 4482 sanctitas.

2185 4483 2242 4544 Β
2267 4585 2279 4588 _
2339 4515 2441 4588 T_ot
2488 4515 2658 4588 igitur
2693 4533 2757 4571 ac
2805 4483 3075 4572 tantorum
3132 4517 3333 4588 ingenii
3394 4530 3855 4580 ornamentorum

2267 4585 3022 4661 laude_clarus,_suh__umbra
3057 4585 3311 4661 pctentize
3359 4596 3414 4661 et
3467 4591 3565 4661 sub
3608 4595 3858 4661 tegmine

2264 4656 2480 4738 pietatis
2517 4654 2693 4738 Caroli
2731 4658 3033 4738 religiosam
3058 4654 3282 4713 'ducens
3319 4660 3486 4738 vitam
3530 4660 3558 4738 ιξ
3610 4678 3624 4713 :
3665 4654 3856 4738 totam

2269 4725 2598 4780 inﬁrmitatis
2659 4725 3058 4796 senectutisque
3125 4743 3235 4782 sua:
3299 4729 3723 4785 consolationem
3797 4736 3856 4789 in

2266 4796 2434 4850 Deum
2490 4797 2792 4860 intendens,
2850 4798 2991 4851 inter
3039 4798 3236 4852 fratres
3280 4799 3332 4852 in
3385 4799 3610 4854 ecclesia
3670 4807 3854 4858 sancti

2267 4866 2479 4920 Martini
2527 4867 2636 4922 Deo
2674 4866 2902 4922 ﬁdeliter
2937 4869 3251 4933 servientes,
3282 4871 3498 4923 tandem
3540 4870 3679 4925 sicut
3703 4872 3854 4929 desi-

2267 4937 2508 5008 derabat,
2562 4937 2788 4992 feliciter
2836 4937 3146 5008 requievitl
3192 4955 3331 4992 anno
3373 4938 3573 4994 Christi
3609 4939 3715 4994 804
3764 4959 3856 4999 se-

2266 5007 2500 5078 cundum
2523 5008 2785 5078 “omnium
2825 5007 2962 5076 pene
3000 5009 3360 5078 antiquorum,
3389 5011 3760 5065 testimonium
3783 5026 3848 5078 In,

2265 5085 2320 5130 et
2341 5077 2408 5131 ad
2433 5077 2553 5132 coeli
2576 5077 2796 5146 praemia
2825 5078 3044 5132 evolans
3075 5094 3165 5132 xw
3191 5078 3308 5132 Kal.
3333 5077 3541 5145 Junias,
3570 5081 3623 5134 in
3654 5077 3849 5138 eadem

2265 5147 2493 5202 ecclesia
2519 5163 2642 5202 cum
2664 5149 2955 5216 epitaphio,
2992 5150 3133 5218 quod
3157 5150 3269 5218 ipse
3307 5150 3410 5204 sibi
3438 5151 3624 5205 vivens
3648 5166 3851 5221 posue-

2337 5281 2366 5320 ιι
2395 5280 2629 5363 Epistola
2656 5297 2788 5363 quae
2803 5282 3064 5363 praecedit
3102 5281 3224 5337 libr.
3257 5297 3309 5336 νι
3337 5281 3639 5338 Comment.
3670 5287 3848 5342 sancti

2267 5349 2422 5406 Joan.
2443 5349 2507 5404 ct
2532 5349 2691 5421 epist.
2724 5349 2847 5407 151.

2345 5423 2360 5496 ξ
2396 5421 2709 5544 Αηοιιῖῐξιυε
2735 5422 2786 5476 in
2817 5420 3098 5505 ejus_Vita.

2341 5502 2354 5538 ι
2391 5492 2544 5544 Anna
2572 5531 2584 5544 .
2617 5508 2722 5544 Inc.
2747 5501 2981 5544 auctons
3005 5493 3098 5544 et‘

2341 5492 2354 5582 ξ
2391 5492 2722 5618 πὲιιῃῗι.1ἱὲἓ.
2747 5494 2981 5548 auctoris
3005 5500 3060 5548 et
3081 5493 3202 5548 Vita
3231 5492 3409 5548 Caroli
3433 5492 3629 5565 Magni.

2343 5574 2367 5598 ἀ
2440 5577 2521 5618 ms
2552 5602 2564 5614 .
2704 5601 2718 5616 .

2346 5571 2367 5598 κ
2397 5571 2564 5629 Epist.
2598 5571 2718 5618 133.

2346 5629 2362 5667 ι
2395 5632 2562 5700 Epist.
2603 5633 2722 5688 1‘29.

2342 5713 2380 5738 ιιι
2411 5702 2751 5767 Odorannus,
2786 5703 3092 5759 Chronicon
3149 5705 3461 5762 Turonense
3503 5713 3560 5759 et
3601 5705 3846 5765 Lemovi-

2271 5784 2451 5834 cense,
2482 5773 2781 5842 anonymus
2811 5773 2926 5840 ejus
2959 5775 3088 5829 Vitae
3110 5778 3363 5847 scriptor,
3395 5785 3449 5832 et
3475 5775 3585 5830 alii.
