4084 6438
435 5764 462 5819 ξ

517 371 617 428 127

1189 484 1401 541 XXVII.

515 575 754 648 Rogerus
764 577 828 631 de
848 576 899 632 Η
906 578 1119 646 ovedcn,
1135 589 1283 651 parte
1301 580 1474 650 priore
1488 575 1774 632 Annalium
1788 575 1915 631 Rer.
1930 577 2086 648 Angl.

584 668 743 738 Anno
765 668 873 724 792
903 669 1129 725 Carolus
1157 685 1253 724 rex
1300 667 1809 738 Francorumumisit
1839 665 2088 738 Synodaf

515 740 625 797 lem
651 737 881 794 Librum
925 740 993 793 ad
1044 739 1374 794 Britanniam
1426 732 1527 794 sibi
1564 753 1595 791 a
1620 732 2091 807 Constantinopoli

516 810 803 867 directum.
830 808 899 875 ,1η
930 824 1038 879 quo
1061 810 1199 865 libro
1218 809 1382 863 multa
1412 808 1845 863 inconvenientia
1871 816 1926 879 et
1945 823 2089 863 verae

515 879 645 937 ﬁdei
692 877 966 934 contraria
1023 881 1465 949 reperiebantur;
1505 879 1741 932 maxime
1764 877 1913 949 quod
1952 892 2091 946 pene

517 950 758 1005 omnium
807 950 1151 1004 orientalium
1203 951 1502 1012 doctorum,
1559 963 1664 1002 non
1702 948 1882 1002 minus
1928 963 2092 1016 quam

518 1028 887 1076 trecentorum
926 1027 981 1075 et
1012 1033 1075 1073 eo
1105 1018 1331 1088 amplius
1387 1019 1782 1087 episcoporum,
1836 1018 2093 1088 unanima

519 1090 819 1145 assertione
843 1086 1219 1144 conﬁrmatum
1246 1086 1436 1151 fuerit;
1461 1086 1724 1158 imagines
1754 1088 1971 1141 adorari
2001 1087 2091 1142 de-

410 1166 411 1169 ‘
517 1162 647 1215 bere
674 1175 688 1213 :
717 1159 859 1228 quod
888 1159 1105 1213 omnino
1148 1158 1388 1213 Ecclesia
1426 1157 1520 1213 Dei
1542 1157 1858 1212 execratur.
1889 1158 2095 1228 Contra

519 1230 665 1300 quod
689 1227 904 1300 scripsit
948 1228 1173 1283 Albinus
1200 1228 1501 1300 epistolam,
1533 1230 1982 1300 exuauctoritate
2012 1227 2096 1281 di-

517 1296 762 1354 vinarum
789 1296 1190 1368 Scripturarum
1218 1296 1539 1353 mirabiliter
1566 1296 1909 1360 aliirmatam,
1929 1298 2098 1351 illam-

518 1384 622 1450 que
646 1384 769 1450 cum
824 1369 1012 1423 eodem
1065 1368 1204 1423 libro
1251 1383 1576 1456 eu'persona
1637 1368 2013 1456 episcoporum
2041 1375 2098 1422 et

518 1436 822 1561 grincipum
850 1447 1162 1493 nostrorum
1191 1440 1301 1509 regi
1322 1436 1658 1520 Francorum
1679 1437 1877 1491 attulit.
1893 1436 2098 1491 Eadem

554 1507 667 1561 abet
717 1507 979 1561 Mathwus
1011 1507 1584 1561 Westmonasteriensts
1615 1508 1684 1560 ad
1711 1524 1909 1561 annum
1935 1507 2059 1561 795.

554 1507 667 1562 abet
717 1507 979 1564 Matltazus
1011 1507 1584 1563 Westmonastericnsis
1615 1508 1684 1560 ad
1711 1524 1909 1562 annum
1935 1507 2059 1563 795.

1183 1600 1418 1657 XXVIII.

520 1688 832 1744 Wilhelmus
863 1688 1347 1744 Malmesburiensis
1396 1689 1516 1744 libr.
1564 1706 1581 1743 ι
1633 1689 1698 1743 de
1733 1686 1903 1743 Gcstis
1966 1687 2098 1759 Reg.

1091 1759 1248 1813 Anal.
1283 1778 1401 1813 can.
1437 1762 1491 1813 5.

1140 1777 1248 1830 ngt.
1283 1778 1401 1831 cap.
1437 1777 1491 1815 ο.

586 1848 688 1906 Hic
710 1859 794 1906 est
820 1850 1099 1936 Alcuinus,
1122 1851 1214 1936 qui
1243 1866 1273 1905 a
1296 1851 1516 1936 regibus
1569 1850 1775 1936 Anglia:
1801 1850 2001 1936 missus
2030 1849 2100 1905 ad
2135 1853 2178 1911 B
2208 1830 2283 1936 '1‘):

517 1934 698 1991 regem
749 1936 1003 1992 magnum
1049 1920 1304 1976 Carolum
1359 1921 1433 1992 ibi
1459 1920 1603 1989 apud
1629 1920 1753 1978 eum
1812 1935 1907 1992 seu
1936 1930 2100 1976 terrae

517 1991 832 2062 ammnitate
853 1991 954 2046 seu
983 1992 1127 2062 regis
1148 1991 1484 2045 humanitate
1512 1991 1951 2062 captusrresedit,
1982 2007 2097 2046 ma-

517 2060 872 2132 gniqueJapud
891 2077 1015 2116 eum
1039 2060 1256 2117 habitus
1277 2062 1612 2131 imperialcm
1635 2061 1897 2132 animum,
1924 2077 2096 2131 quan-

519 2122 643 2185 fum'
671 2122 740 2185 ab
766 2122 955 2187 aulicis
981 2133 1128 2187 curis
1160 2122 1405 2197 vacabat,
1463 2132 1768 2193 dialectica,
1823 2122 2095 2187 rhetorica

518 2208 573 2255 et
600 2201 764 2256 etiam
816 2204 1146 2273 astronomia
1200 2202 1743 2273 probeieomposuit.
1786 2201 1919 2254 Erat
1953 2204 2101 2273 enim

520 2273 761 2345 omnium
792 2272 1093 2345 Anglorum
1122 2272 1256 2345 quos
1280 2272 1496 2343 quidem
1514 2344 1519 2345 ί
1537 2273 1781 2343 legerim,
1810 2272 2105 2345 postbea-

520 2352 637 2396 tum
674 2342 958 2398 Adelmum
1002 2353 1059 2401 et
1107 2342 1328 2409 Bedam,
1380 2342 1750 2408 doctissimus,
1811 2343 2104 2411 multisque

518 2412 673 2467 libris
702 2414 901 2485 ingenii
928 2415 1225 2485 periculum
1262 2414 1410 2469 fecit.
1448 2413 1599 2470 Iacet
1626 2415 1679 2469 in
1704 2414 1934 2468 Francia
1958 2413 2101 2481 apud

518 2483 783 2555 sanctum:
810 2483 1034 2540 Paulum
1084 2486 1151 2539 de
1189 2483 1547 2540 Cormarico:
1591 2484 1730 2555 quod
1788 2485 2102 2539 coenobium

517 2550 742 2625 Carolus
772 2554 995 2624 Magnus
1023 2554 1141 2625 ejus
1182 2555 1411 2611 consilio
1453 2550 1797 2621 construxit;
1837 2556 1978 2610 unde
2007 2555 2105 2608 ho-

520 2622 713 2696 dieque
762 2622 997 2694 quatuor
1050 2622 1436 2681 monachorum
1490 2628 1668 2682 victus
1695 2634 1750 2680 et
1794 2634 1956 2696 potus
2001 2639 2104 2695 pro

516 2692 756 2767 ejusdem
780 2692 993 2751 Aleuini
1028 2698 1207 2753 anima
1233 2698 1562 2767 quotidiana:
1610 2692 1842 2752 infertur
1865 2692 2102 2751 eleemo-

518 2779 666 2835 synaa
692 2766 749 2820 in
774 2768 964 2822 eadem
987 2767 1248 2823 Ecclesia.

1218 2836 1411 2891 XXIX.

521 2924 790 2981 Honorius
814 2927 1304 2998 Augustodunensis
1334 2926 1454 2998 libr.
1487 2926 1552 2980 de
1578 2925 1890 2998 Luminibus
1918 2923 2105 2979 Eccle-

777 2997 871 3052 sia:
905 2994 1015 3052 tom
1042 2994 1146 3051 ΧΧ
1168 2996 1308 3052 Bibl.
1353 2996 1494 3060 PP.,
1518 3013 1639 3067 pag.
1669 2996 1828 3050 1058.

593 3088 847 3161 Alcuintts
892 3089 1107 3145 natione
1133 3088 1357 3161 Anglus,
1397 3089 1675 3161 Eboraicaz
1702 3087 1940 3161 civitatis
1990 3088 2105 3161 dia-

520 3175 708 3230 conus,
739 3159 917 3216 otlicio
966 3158 1341 3225 scholasticus,
1398 3160 1661 3230 dignitate
1715 3158 1902 3222 abbas,
1932 3158 2105 3230 magi-

521 3212 1223 3300 etauioii‘iinséeua;
1238 3212 1731 3301 aspernatae.
1752 3212 1942 3283 omnes
1968 3212 2103 3301 liti’e-
2129 3212 2179 3277 (ι

521 3301 667 3373 rales
718 3308 863 3373 artes
906 3298 975 3357 ad
1023 3298 1784 3373 praedictum—imperatorem,
1846 3307 1901 3354 et
1930 3298 2102 3354 multa

528 3370 636 3425 alia
665 3371 944 3441 praeclara.
1024 3370 1043 3373 “

1219 3441 1368 3497 XXX

524 3520 826 3596 Sigcbertus
887 3520 1241 3596 Gemlacgnsis
1304 3523 1593 3596 monac/tus
1656 3518 1714 3573 in
1744 3517 2002 3596 Cbronico
2032 3518 2102 3572 ad

738 3609 934 3647 annum
953 3591 1059 3647 790
1082 3592 1319 3660 Bouquet
1342 3600 1469 3645 tom.
1512 3587 1577 3655 V,
1605 3605 1726 3660 pag.
1759 3590 1884 3644 557.

591 3681 889 3736 Alchuinus
915 3682 980 3735 de
993 3680 1270 3735 Britannia
1299 3679 1582 3750 oriundus,
1601 3680 1859 3750 magister
1883 3678 2103 3750 delicio-

522 3768 615 3808 sus
665 3750 1044 3821 regisiCaroli,
1101 3750 1326 3805 scientia
1383 3749 1708 3821 litterarum
1737 3750 2018 3819 prmpollet
2046 3749 2100 3805 in

520 3821 708 3883 Gallia,
736 3820 901 3892 cujus
929 3822 1197 3892 prazcipue
1251 3820 1562 3892 magisterio
1607 3820 1723 3890 ipse
1774 3834 1869 3874 rex
1912 3835 2101 3875 omnes

522 3901 669 3948 artes
695 3891 948 3946 liberales
974 3891 1184 3946 didicit.
1464 3935 1469 3939 t

523 3962 673 4017 Idem
708 3962 771 4016 de
816 3961 1109 4016 illustribus
1158 3959 1408 4016 Ecclesia:
1444 3959 1783 4031 scriptoribus
1830 3976 1956 4031 cap.
2003 3959 2095 4014 82.

591 4032 857 4102 Albuinus
900 4032 1013 4088 sive
1058 4030 1304 4102 Albinus,
1344 4031 1410 4086 de
1435 4030 1712 4085 Britannia
1761 4030 2021 4102 oriundus
2045 4039 2103 4102 et

523 4104 649 4174 inde
674 4104 742 4158 ab
777 4099 1103 4174 imperatore
1144 4101 1338 4157 Carolo
1377 4109 1630 4174 evocatus
1661 4106 1716 4155 et
1756 4100 1910 4174 tanta
1940 4099 2101 4155 fami-

523 4173 759 4228 liaritate
814 4171 870 4228 ei
906 4179 1183 4242 acceptus,
1238 4180 1301 4226 ut
1336 4172 1701 4242 appellaretur
1754 4171 2100 4242 imperatoris

521 4242 817 4305 deliciosus,
845 4242 999 4311 cujus
1035 4240 1271 4297 maxime
1299 4240 1612 4313 magisterio
1644 4240 1756 4310 ipse
1783 4241 2098 4313 imperator

523 4314 773 4370 omnibus
802 4313 1113 4369 liberalibus
1135 4313 1346 4382 artibus
1367 4311 1897 4382 initiariusatagebat,
1917 4312 2098 4382 multa

523 4384 758 4455 scripsit.
819 4383 1049 4455 Scripsit
1095 4382 1150 4455 in
1185 4380 1421 4455 Genesin
1473 4380 1777 4455 Dialogum,
1813 4380 1880 4435 ad
1899 4381 2099 4455 _Wido-

524 4450 649 4509 nem
676 4450 1033 4510 comitemDe
1056 4452 1346 4507 virtutibus
1374 4459 1431 4507 et
1454 4452 1602 4507 vitiis
1628 4450 1846 4515 librum,
1881 4450 1949 4507 de
1979 4452 2099 4520 qui-

522 4526 748 4581 busdam
774 4524 996 4595 psalmis
1037 4522 1412 4595 Enchiridion.‘
1457 4522 1609 4595 Fecit
1650 4529 1909 4595 tractatus
1937 4538 2097 4592 super

526 4582 872 4661 Evangelium
926 4592 1169 4649 Joannis.
1214 4592 1445 4662 Scripsit
1480 4592 1548 4646 ad
1577 4593 1749 4660 ipsum
1807 4582 2098 4661 imperato-
2124 4582 2177 4643 D

524 4683 638 4722 rem
676 4667 840 4723 libros
873 4666 939 4721 de
968 4665 1165 4720 Sancta
1195 4664 1476 4718 Trinitate.
1510 4662 1804 4730 Respondit
1838 4662 2100 4728 Quaestio-

525 4738 682 4793 nibus
706 4754 736 4792 a
763 4736 1050 4807 Fredegiso
1109 4735 1211 4807 sibi
1246 4732 1554 4807 propositis.
1590 4732 1818 4807 _Se_rips_i_t
1863 4732 2100 4807 Progno-

524 4808 699 4863 sticon
725 4809 792 4864 de
825 4801 1008 4863 futuro
1037 4801 1260 4861 saeculo.
1297 4801 1526 4873 scripsit
1545 4801 1612 4857 ad
1638 4801 1899 4873 Eulaliam
1929 4801 2097 4873 virgi-

524 4893 649 4933 nem
679 4878 746 4932 de
779 4887 971 4932 natura
998 4884 1051 4932 et
1094 4869 1501 4931 immortalitate
1553 4873 1766 4928 animae.
1803 4869 1963 4927 Iussu
1997 4869 2100 4927 iiu-

524 4948 792 5017 peratoris
855 4946 1088 5001 correxit
1151 4947 1390 5003 divinam
1453 4943 1856 5008 bibliothecam,
1901 4951 1955 4998 et
1990 4943 2097 4998 alia

524 5018 781 5075 nonnulla
806 5017 1038 5087 scripsit.

1218 5086 1392 5144 XXXI

525 5178 818 5235 Chronicon
836 5178 1133 5235 Turonense
1146 5179 1522 5234 abbreviatum.
1542 5176 1896 5243 Qucrcetanus
1919 5176 1973 5228 h.
1992 5174 2094 5229 loc.

593 5250 750 5306 Anno
769 5250 871 5305 796
890 5248 1112 5305 Carolus
1135 5266 1228 5305 rex
1268 5248 1502 5304 instituit
1539 5247 1827 5302 canonicos
1850 5245 1905 5298 in
1923 5244 2099 5299 cccle-

524 5321 605 5377 sia
625 5320 769 5376 beati
790 5320 1005 5375 Martini
1051 5320 1379 5375 Turonensis
1418 5316 1739 5374 auctoritate
1758 5315 1980 5369 Adriani
2003 5330 2097 5385 pa-

613 5431 629 5457 ,
644 5391 830 5461 eisque
844 5399 1095 5461 sanctum
1106 5390 1427 5461 Alchoinum
1470 5386 1791 5461 magistrum
1809 5401 1967 5461 suum
2002 5386 2099 5439 ab—

563 5455 704 5532 atem
740 5455 1002 5532 praefecit.
1048 5460 1117 5515 Et
1137 5458 1297 5532 paulo
1337 5466 1492 5530 post:
1525 5455 1682 5513 Anno
1729 5455 1834 5511 804
1877 5463 2098 5513 sanctus

524 5531 817 5589 Alchoinus
836 5532 968 5586 obit.

1198 5598 1411 5655 XXXII.

529 5693 823 5750 Chronicon
835 5691 983 5749 aliud
1008 5690 1307 5747 Turonense
1323 5688 1517 5760 majus,
1534 5688 1603 5743 ad
1624 5704 1821 5744 annum
1836 5686 1936 5743 791
1965 5687 2097 5743 ibid.

594 5785 709 5842 Nec
743 5786 911 5841 multo
930 5792 1052 5856 post
1072 5782 1303 5856 Carolus
1341 5780 1663 5856 auctoritate
1694 5779 1917 5856 Adriani
1945 5793 2100 5856 papas

527 5858 814 5915 canonicos
863 5849 949 5912 in'
972 5855 1202 5912 ecclesia
1244 5852 1393 5910 beati
1440 5850 1657 5910 Martini
1696 5851 1875 5921 posuit
1935 5858 1990 5906 et
2019 5849 2100 5906 eis

1596 369 1685 426 DE
1717 369 1780 424 B.
1815 366 1880 422 F.
1919 367 2170 426 ALBINO
2208 367 2339 426 SEU
2377 368 2677 426 ALCUINO

2118 494 2171 550 Α
2197 485 2516 562 magistrum
2564 501 2721 540 suum
2757 485 3035 562 Albinum,
3064 488 3118 544 id
3140 497 3243 562 est,
3273 489 3611 562 Aichoinum,
3636 507 3775 562 pra:-

3667 375 3771 432 128

2196 554 2345 633 fecit.
2387 555 2520 633 Erat
2543 563 2723 633 autem
2767 556 3028 633 Aieuinus
3057 560 3273 616 natione
3315 559 3529 623 Scottis,
3552 554 3774 633 ingenio

2194 625 2709 703 clarus,_mirabilis
2732 626 3101 699 philosophus,
3130 646 3237 684 non
3291 639 3497 687 tantum
3547 625 3777 703 ι)τῶροί-

2197 696 2315 751 lens
2351 696 2576 769 scientia
2602 696 2925 769 litterarum,
2942 696 2958 699 ⁷
2981 709 3239 769 quantum
3266 711 3321 757 et
3348 696 3631 759 honestate
3658 696 3779 762 ino-

2197 781 2319 819 rum
2345 767 2632 837 studioque
2660 767 2945 822 virtutum.

2866 858 3104 914 XXXIII.

2199 945 2533 1003 Helinandus
2594 948 2735 1019 apud
2797 947 3125 1019 Vincentium
3176 951 3594 1009 Bellovacensem
3652 955 3773 1010 libr.

2465 1035 2601 1073 xxm
2629 1017 2840 1089 Speculi
2867 1020 3174 1087 historialis,
3225 1040 3341 1093 cap.
3375 1025 3497 1079 175.

2270 1110 2373 1187 Hic
2396 1112 2695 1187 Alchninus
2725 1128 2756 1166 a
2785 1113 3002 1187 regibus
3048 1112 3252 1187 Anglia:
3301 1133 3399 1187 pro
3422 1133 3555 1187 pace
3578 1120 3782 1176 missus

2202 1180 2271 1236 ad
2300 1180 2583 1258 carolum,
2636 1184 2704 1258 ab
2731 1198 2795 1237 eo
2824 1180 2963 1238 lotus
2996 1180 3368 1258 estbospitio
3400 1180 3456 1243 et
3480 1190 3621 1258 apud
3654 1206 3782 1245 eum

2202 1253 2426 1329 resedit,
2474 1254 2559 1329 vir
2582 1253 2937 1329 undecunque
2977 1253 3366 1329 doctissimus;
3406 1259 3499 1329 qui
3514 1253 3781 1315 'Carolum

2202 1322 2435 1377 instituit
2481 1323 2536 1399 in
2584 1322 2865 1399 dialectica
2892 1332 2967 1399 _et
3020 1326 3291 1399 rhetorica
3340 1335 3396 1383 et
3422 1322 3698 1399 praecipue
3726 1331 3785 1385 in

2204 1394 2555 1468 astronomia.
2593 1393 2713 1468 _Hic
2759 1395 2999 1468 omnium
3046 1395 3339 1468 Anglorum
3382 1393 3504 1468 post
3560 1393 3785 1454 beatum

2203 1462 2487 1539 Adelmum
2517 1470 2572 1539 et
2593 1462 2791 1539 Bedam
2848 1462 3194 1539 doctissimus
3226 1466 3328 1539 l‘uit
3367 1462 3422 1523 et
3449 1468 3695 1539 pluribus
3719 1471 3785 1526 li-

2203 1533 2319 1587 bris
2366 1534 2562 1603 ingenii
2591 1534 2887 1602 periculum
2916 1534 3064 1590 fecit.
3108 1536 3367 1593 Praelatns
3393 1533 3475 1594 est
3501 1541 3784 1596 institutus

2207 1619 2237 1657 a
2264 1603 2457 1658 Carolo
2486 1606 2814 1659 monasterio
2852 1607 2993 1659 beati
3038 1605 3252 1662 Martini
3295 1609 3643 1665 Turonensis.
3680 1610 3785 1665 Hic

2205 1674 2459 1728 inseritur
2484 1675 2703 1729 historia
2732 1693 2823 1728 seu
2853 1675 3034 1743 fabula
3057 1676 3121 1729 de
3150 1679 3642 1735 exterminatoribus
3668 1681 3783 1734 An-

2207 1743 2354 1813 gelis,
2389 1746 2675 1816 monachos
2703 1744 3025 1816 Turonenses
3081 1748 3233 1801 nimis
3268 1748 3511 1803 deliciose
3541 1751 3784 1816 viventes,

2285 1831 2314 1867 ο
2353 1814 2799 1887 excepto,_gl_adio
2826 1817 3230 1887 percutientibus
3254 1827 3302 1871 et
3328 1814 3782 1887 interﬁcientibus.

2288 1886 2385 1958 rgit
2414 1885 2534 1937 dein
2575 1884 2906 1958 Helinandus
2931 1904 2949 1940 :
3008 1886 3120 1958 Hoc
3172 1888 3355 1958 itaque
3398 1884 3789 1945 monasterium

2204 1963 2329 2022 post
2357 1955 2479 2030 hoc,
2521 1963 2581 2030 ut
2602 1955 2811 2030 dictum
2868 1955 3495 2030 est,_donaute'Carolo
3548 1961 3789 2030 suscepit

2205 2025 2498 2100 regendum
2527 2025 2896 2100 _Alc_buinus,__
2928 2026 3160 2100 scientia
3207 2030 3426 2100 vitaque
3469 2025 3785 2100 praeclarus,

2207 2096 2297 2162 qui
2341 2103 2395 2149 et
2427 2095 2703 2163 sapientiae
2759 2097 2995 2150 studium
3039 2099 3105 2153 de
3137 2099 3303 2153 Roma
3338 2095 3575 2156 Parisiis
3611 2095 3791 2156 trans-4

2208 2165 2347 2229 tulit,
2381 2167 2522 2235 quod
2569 2165 2694 2221 illuc
2728 2167 2996 2235 quondam
3023 2183 3054 2221 a
3082 2166 3290 2224 Crteeia
3322 2171 3646 2226 translatum
3673 2171 3790 2226 lue-

2208 2243 2293 2312 rat
2315 2250 2349 2312 _a
2379 2234 2654 2312 Bomanis.
2787 2234 3090 2312 Vincentius
3112 2238 3472 2312 ipseloc.cit.,
3500 2259 3615 2312 cap.
3643 2242 3783 2296 Παίς

2209 2305 2439 2376 Scripsit
2469 2317 2648 2361 autem
2685 2307 3002 2371 Alchuinus,
3035 2305 3211 2376 quiet
3243 2309 3470 2366 Albinus
3492 2305 3789 2367 de'Sancta

2208 2375 2471 2450 Trinitate
2499 2376 2667 2450 libros
2717 2385 2848 2432 tres.
2892 2375 3123 2448 Scripsit
3151 2388 3207 2433 et
3242 2380 3308 2433 ad
3339 2380 3631 2450 discipulos
3652 2399 3787 2438 suos

2206 2444 2550 2518 Dialogorum
2612 2447 2811 2518 librum
2864 2444 3051 2502 unum.
3116 2444 3515 2505 Sententiarum
3587 2452 3787 2507 librum

2204 2517 2392 2572 unum.
2459 2517 2631 2587 Super
2666 2517 2917 2573 Genesim
2964 2520 3028 2572 ad
3070 2520 3306 2574 litteram
3342 2520 3538 2575 librum
3593 2538 3785 2577 unum.

2208 2588 2382 2661 Super
2406 2588 2628 2645 Cantica
2670 2588 3023 2661 Canticorum
3048 2589 3244 2643 librum
3298 2607 3486 2645 unum.
3520 2592 3790 2661 Epistola-

2207 2658 2327 2713 rum
2352 2660 2547 2714 librum
2568 2676 2755 2714 unum.
2791 2659 2964 2729 Super
2986 2658 3349 2715 Ecclesiasten
3375 2658 3581 2715 librum
3596 2680 3784 2717 unum.

2207 2729 2388 2804 Super
2418 2729 2680 2804 Joannem
2732 2730 2899 2804 libros
2950 2738 3173 2804 septem.
3202 2731 3284 2785 Ad
3312 2731 3576 2804 Eulaliaui
3623 2734 3790 2804 virgi-

2205 2816 2330 2854 nem
2358 2802 2423 2877 de
2456 2802 2902 2877 rationeauima}
2955 2800 3150 2877 librum
3180 2817 3368 2856 unum.
3401 2801 3483 2858 Ad
3528 2800 3786 2877 Fredegi-

2205 2886 2325 2925 sum
2355 2871 2632 2943 Dialogum
2659 2872 2725 2927 de
2748 2871 3013 2926 Trinitate
3034 2871 3233 2927 librum
3252 2888 3439 2926 unum.

2868 2963 3107 3019 XXXIV.

2206 3054 2504 3111 Canonicus
2536 3055 2855 3127 Senonensis
2884 3060 3195 3126 ananymus,
3232 3057 3322 3127 qui
3343 3065 3487 3127 gesta
3511 3056 3783 3112 Senonen-

2278 3126 2416 3180 sium
2455 3126 2960 3198 archiepiscoporum
3011 3128 3215 3197 scripsit
3239 3126 3309 3180 ad
3338 3126 3535 3182 annum
3565 3127 3688 3183 779.

2278 3215 2373 3270 Illo
2413 3224 2654 3286 tempore
2681 3216 2908 3271 ﬂorebat
2946 3216 3205 3272 Alcuinus
3252 3218 3502 3273 alumnus
3525 3226 3579 3272 et
3605 3220 3791 3274 erudi-

2208 3295 2295 3341 tor
2328 3286 2531 3359 Caroli,
2561 3286 2755 3359 Magni.
2798 3287 3155 3359 Philosophus
3202 3297 3339 3351 erat,
3398 3289 3654 3359 Anglicus
3692 3305 3788 3359 ge-

2208 3306 2295 3341 ιο1¹
2328 3306 2506 3342 υποιι
2561 3306 2755 3358 magni.
2798 3306 3155 3357 t'IIIIOSOplIIIS
3202 3306 3339 3351 erat,
3398 3306 3654 3359 tinguens
3727 3306 3788 3344 8-

2203 3372 2352 3429 nere.
2392 3357 2475 3412 Ab
2521 3358 2663 3429 ipsoi
2684 3358 2909 3413 Carolus
2956 3358 3181 3429 Magnus
3231 3373 3421 3415 omnes
3475 3367 3620 3413 artes
3653 3306 3790 3415 lige-

2144 3464 2147 3465 ν
2203 3428 2347 3484 rales
2375 3428 2759 3493 didicit..Huic
2805 3428 3311 3485 Alcuino’Carolus
3362 3430 3634 3485 commisit
3671 3445 3778 3485 mo-

2204 3498 2500 3571 nasterium
2541 3500 2713 3571 san_cti
2759 3499 2970 3571 Martini
3001 3498 3332 3571 Turonensis
3370 3501 3680 3571 regendum.
3718 3500 3787 3556 Et

2202 3579 2379 3642 postea
2401 3585 2421 3625 :
2446 3569 2601 3642 Auno
2626 3568 2840 3624 Domini
2867 3569 2971 3626 804
3005 3569 3138 3625 obiit
3164 3568 3456 3636 Aleuinus,‘
3474 3571 3566 3640 qui
3599 3584 3787 3642 regem

2203 3638 2454 3695 Carolum
2485 3640 2762 3695 docuerat.

2879 3731 3098 3786 XXXV.

2504 3823 2812 3879 Guillelmus
2848 3822 3088 3894 Nangius
3124 3823 3178 3876 in
3204 3821 3480 3878 Chronico.

2270 3917 2427 3991 Anno
2467 3915 2570 3971 806
2610 3914 2756 3991 (Leg.
2780 3915 2926 3991 30!.)
2990 3915 3278 3991 Alcuinus
3298 3916 3562 3991 magister
3586 3917 3786 3991 Caroli

2202 3987 2380 4062 Magni
2410 4002 2569 4062 quem
2600 3986 2842 4043 ecclesiae
2867 3987 3040 4042 sancti
3072 3986 3282 4044 Martini
3298 3986 3629 4046 Turonensis
3646 3986 3788 4062 prai-

2200 4057 2426 4124 fecérat,
2452 4057 2605 4112 obiit.

2321 4147 2324 4150 ’
2868 4126 3108 4185 XXXVI.

2200 4222 2512 4280 Guillelmus
2567 4223 2853 4294 parandus
2898 4221 3225 4277 Mimatensis
3272 4223 3564 4294 episcopus,
3607 4223 3697 4278 lib.
3730 4240 3785 4279 vt

2555 4293 2768 4348 Ration.
2801 4294 2962 4348 divin.
2991 4294 3146 4364 oﬂic.,
3165 4310 3280 4364 cap.
3310 4293 3430 4347 1M.

2266 4385 2504 4440 Rursum
2532 4400 2653 4439 cum
2681 4383 2850 4438 Attila
2875 4399 2991 4447 rex,
3032 4383 3125 4453 qui
3148 4383 3491 4454 Christianos
3515 4399 3775 4454 persecu-

2200 4466 2287 4512 tus
2309 4464 2411 4520 est,
2451 4470 2578 4509 vere
2604 4455 2784 4526 omnia
2832 4452 3103 4526 volumina
3132 4452 3455 4526 Christiana:
3505 4452 3784 4526 religionis

2199 4527 2558 4582 destruxisset
2596 4525 2895 4594 Alchuinus
2929 4523 3185 4594 magister
3211 4522 3387 4578 Caroli
3442 4533 3498 4579 et
3525 4522 3783 4581 Ludovici

2200 4596 2296 4652 ﬁlii
2318 4596 2454 4664 ejus,
2508 4602 2695 4665 rogatu
2726 4593 2982 4648 Bonifacii
3023 4593 3419 4665 archiepiscopi
3462 4594 3777 4665 Maguntini.

2205 4662 2373 4723 multa
2429 4667 2495 4721 de
2549 4662 2932 4720 ecclesiasticis
2975 4662 3163 4719 oﬂiciis
3214 4662 3573 4734 conscripsit:
3632 4665 3785 4721 Unde

2206 4747 2260 4817 et
2305 4735 2618 4817 Maguntino
2651 4735 2880 4817 concilio
2932 4736 3281 4817 approbante“,
3336 4743 3413 4817 ut.
3441 4736 3671 4817 habetur
3701 4736 3787 4817 ‘de

2205 4805 2462 4864 Conseer.
2495 4806 2734 4863 distinet.
2769 4805 2823 4872 5,
2853 4805 3105 4871 instituit,
3132 4808 3274 4875 quod
3320 4821 3350 4860 a
3387 4806 3527 4861 festo
3565 4805 3787 4861 Pascha:

2207 4893 2376 4947 usque
2403 4877 2472 4931 ad
2513 4875 2850 4933 Dominicam
2893 4877 3050 4932 istam
3080 4884 3191 4932 tres
3234 4885 3445 4933 tantum
3470 4875 3787 4933 dicerentur

2204 4948 2482 5012 lectiones,
2509 4955 2614 5002 etc.

2863 5015 3128 5072 XXXVII.

2202 5113 2470 5184 Radulfus
2501 5112 2729 5166 decanus
2786 5107 3269 5184 Iungrensisuiibr:
3283 5108 3393 5184 _dc_
3442 5106 3785 5184 Qbsewantia

2272 5176 2554 5249 canonum,
2578 5198 2784 5253 propos.
2813 5176 3043 5246 IOJom.
3069 5176 3171 5232 XX
3185 5176 3262 5232 VI
3274 5177 3413 5233 Bibl.
3431 5177 3780 5250 PP.,p.297.

2269 5277 2455 5333 Primo
2491 5283 2668 5331 autem
2696 5273 2879 5343 plures
2923 5270 3168 5343 nationes
3213 5285 3332 5343 per_
3353 5276 3526 5343 totum
3573 5277 3785 5343 tempus

2202 5348 2461 5405 Paschale
2488 5358 2597 5401 tres
2630 5340 2837 5399 tantum
2859 5342 3096 5413 psalmos
3117 5348 3297 5397 ettres
3318 5340 3577 5413 lectiones
3601 5340 3784 5396 dicere

2201 5420 2598 5476 contenduntet
2624 5415 2836 5480 dicunt;
2860 5410 3189 5482 allegantes.
3217 5411 3360 5482 quod
3380 5410 3646 5482 Alcuinusﬁ
3665 5426 3783 5482 ma-

2205 5492 2374 5563 gister
2391 5487 2587 5563 Caroli
2611 5497 2662 5563 et
2693 5485 2948 5563 Ludovici
2983 5481 3077 5538 lilii
3116 5481 3252 5563 ejus,
3304 5490 3494 5563 rogatu
3521 5481 3782 5563 Bp_nifacii

2204 5550 2591 5643 irchisrissori
2616 5550 3784 5643 Μριξιιηιὲιιίμεριξτφρὲιξξερθειρῑὶίρ,.ὶ¹9ἕὶι9ῑ

2204 5634 2337 5697 tino,
2374 5621 2504 5687 illud
2529 5621 2870 5685 instituisset.
2922 5621 3146 5697 Se'd'hoc
3172 5622 3423 5697 reprobat
3449 5621 3783 5697 Guiihelmus

2203 5713 2261 5760 et
2309 5691 2444 5759 dicit
2466 5701 2767 5773 oppositum
2798 5695 3044 5776 concludi
3092 5696 3148 5776 in
3178 5691 3777 5776 Ascensione‘Domini,

2203 5776 2298 5831 ubi
2333 5781 2459 5829 sunt
2485 5763 2675 5828 novem
2712 5766 3053 5840 responsoria
3101 5773 3158 5822 et
3185 5778 3378 5822 novem
3423 5763 3618 5833 psalmi
3652 5778 3777 5820 cum

2205 5860 2394 5903 eorum
2418 5841 2747 5911 antiphonis.
