4078 6324
520 399 627 457 145

520 526 553 558 ι
578 510 817 567 tulerunt
842 519 877 560 a
905 498 1194 560 Saracenis
1218 495 1373 568 quasi
1400 500 1642 548 trecenta
1682 487 1853 544 millia
1893 487 1950 542 in
1982 484 2100 539 lon—
2126 482 2182 543 Α

521 621 651 680 gum
689 617 787 675 per
833 597 1127 655 maritima.
1177 591 1287 649 Sed
1327 590 1433 645 heu
1458 629 1475 654 ,
1527 586 1666 657 proh
1705 581 1905 638 dolor!
1959 576 2105 680 quod

519 670 980 755 iidem-maledicti
1006 685 1268 745 Saraceni
1295 681 1422 756 (’qui
1447 688 1502 736 et
1527 675 1805 749 Agareni)
1850 680 1964 729 tota
2010 670 2105 726 do—

519 791 800 847 minantur
818 784 1003 840 Al'riea
1023 790 1080 838 et
1102 779 1232 837 Asia
1271 777 1477 847 majore
1519 772 1760 828 maxima
1802 784 1870 824 ex
1908 774 2101 838 parte:

522 883 593 939 de
641 893 874 952 quorum
922 872 1232 948 egressione
1278 878 1388 925 tuas
1437 863 1762 922 venerandae
1808 857 2108 932 prudentia:

524 974 760 1039 dudum,
805 977 867 1026 ut
910 966 1163 1024 existimo
1182 1004 1198 1031 ,
1246 960 1460 1033 scripsi.

596 1062 676 1118 De
720 1068 950 1125 caetero,
996 1056 1159 1112 Pater
1202 1051 1578 1117 sanctissime,
1623 1048 1762 1105 sciat
1792 1041 2110 1104 .reverentia

525 1164 655 1220 tua,
702 1151 846 1223 quod
890 1165 990 1220 ego
1035 1148 1178 1203 filius
1222 1153 1347 1200 tuus
1370 1184 1386 1210 ,
1437 1140 1741 1210 et'Joseph
1788 1134 2110 1193 vernaculus

526 1252 684 1310 tuus,
734 1244 847 1299 Deo
892 1241 1185 1297 miserante
1211 1278 1227 1304 ,
1278 1236 1395 1292 sani
1446 1247 1672 1296 sumus,
1726 1229 1783 1285 et
1829 1227 1906 1282 tui
1949 1223 2110 1281 amici

526 1335 628 1390 toti
673 1333 765 1405 qui
816 1330 957 1403 apud
1001 1344 1102 1384 nos
1146 1334 1302 1393 sunt,
1349 1326 1403 1380 in
1446 1321 1806 1395 prosperitate
1848 1319 1959 1373 Deo
1996 1330 2113 1371 ser-

525 1426 699 1480 viunt.
745 1423 854 1479 Sed
893 1421 1076 1477 nescio
1115 1419 1245 1489 quid
1281 1417 1437 1472 nobis
1473 1422 1762 1469 venturum
1802 1410 1893 1465 sit.
1934 1409 1962 1450 δ
2000 1407 2114 1464 Ali-

529 1519 660 1589 quid
699 1518 845 1573 enim
889 1513 1244 1571 dissensionis
1263 1552 1278 1578 ,
1319 1507 1584 1566 diabolico
1618 1504 1860 1562 fomento
1899 1500 2113 1557 inﬂam-

528 1620 745 1677 mante,
772 1624 944 1681 nuper
970 1608 1111 1662 inter
1134 1619 1318 1676 regem
1343 1600 1595 1657 Carolum
1628 1607 1682 1653 et
1716 1610 1899 1667 regem
1938 1591 2114 1650 Olfam

530 1711 781 1761 exortum
828 1707 911 1756 est
933 1741 948 1765 ,
990 1699 1067 1753 ita
1112 1705 1174 1751 ut
1208 1694 1463 1763 utrinque
1508 1689 1781 1761 navigatio
1828 1685 2114 1741 interdicta

530 1796 936 1870 negotiantibus
958 1799 1154 1848 cesset.
1185 1788 1324 1845 Sunt
1348 1787 1438 1857 qui
1466 1786 1679 1849 dicunt,
1708 1797 1807 1837 nos
1847 1794 1945 1851 pro
1981 1791 2117 1849 pace

532 1907 657 1948 esse
699 1902 722 1931 ο
762 1891 819 1945 in
862 1888 983 1944 illas
1017 1893 1199 1957 partes
1241 1880 1554 1939 mittendos.
1601 1876 1711 1934 Sed
1750 1876 2011 1937 obsecro,
2056 1876 2118 1925 ut

533 1985 733 2041 vestris
755 1980 1116 2040 sacrosanctis
1139 1976 1472 2034 orationibus
1504 1979 1786 2028 manentes
1810 1967 1896 2024 vel
1926 1972 2117 2021 euntes

535 2077 862 2133 muniamur.
910 2073 1105 2130 Nescio
1148 2071 1278 2142 quid
1317 2066 1569 2140 peccavi,
1616 2065 1745 2135 quia
1790 2069 1897 2117 tua:
1937 2066 2121 2130 pater-

535 2171 722 2226 nitatis
757 2168 1095 2224 dulcissimas
1130 2166 1341 2220 litteras
1377 2160 1547 2216 multo
1579 2168 1823 2228 tempore
1862 2168 1971 2209 non
2009 2166 2126 2207 me-

536 2264 625 2317 rui
659 2262 879 2327 videre;
912 2267 1093 2314 tamen
1129 2253 1567 2328 pernecessarias
1603 2249 1881 2307 orationes
1921 2243 2126 2302 sancti-

536 2353 667 2408 tatis
717 2348 840 2406 tuuel
866 2365 954 2405 me
1002 2347 1247 2420 quotidie
1293 2344 1499 2402 sentire
1547 2342 1733 2399 credo.

608 2444 729 2501 Misi
754 2441 1008 2499 charitati
1046 2449 1152 2496 tua:
1183 2437 1386 2509 aliquid
1412 2438 1478 2493 de
1502 2436 1660 2505 oleo.
1678 2436 1825 2507 quod
1847 2435 1940 2490 vix
1966 2432 2125 2489 modo

537 2538 595 2592 in
614 2535 893 2591 Britannia
914 2532 1205 2598 invenitur,
1229 2538 1291 2586 ut
1313 2530 1655 2601 dispensares
1676 2544 1776 2601 per
1799 2529 1919 2584 loca
1942 2540 2129 2583 neces-

538 2628 683 2684 saria
722 2627 1098 2696 episcoporum
1138 2623 1209 2679 ad
1245 2622 1537 2678 utilitatem
1572 2621 1849 2676 hominum
1873 2657 1892 2687 ,
1918 2617 2006 2674 vel
2034 2617 2149 2677 ho-

539 2735 729 2777 norem
755 2718 852 2773 Dei
880 2716 1012 2789 [Al.,
1039 2715 1330 2771 utilitatem
1352 2713 1577 2770 honoris
1600 2712 1743 2785 Dei].
1770 2710 1891 2767 Misi
1916 2724 2133 2781 quoque

538 2809 932 2881 quinquaginta
962 2806 1125 2862 siclos
1161 2804 1423 2861 fratribus
1464 2806 1529 2861 de
1569 2805 1913 2876 eleemosyna
1952 2800 2133 2859 Caroli

541 2902 695 2972 regis
716 2902 966 2972 (obsecro
986 2908 1046 2954 ut
1064 2915 1165 2969 pro
1185 2914 1251 2953 eo
1268 2898 1456 2970 oretis)
1481 2907 1537 2953 et
1553 2896 1620 2952 de
1646 2913 1766 2953 mea
1790 2896 2135 2966 eleemosyna

540 2992 932 3064 quinquaginta
959 2990 1158 3045 siclos:
1187 2997 1241 3044 et
1264 2988 1332 3043 ad
1356 2988 1621 3044 australes
1658 2987 1857 3043 fratres
1896 2986 2136 3043 Baldhu—

540 3085 738 3154 vinega
775 3082 1000 3152 triginta
1040 3081 1205 3137 siclos
1241 3080 1309 3136 de
1347 3079 1688 3152 eleemosyna
1729 3079 1907 3150 regis,
1947 3086 2002 3132 et
2043 3075 2136 3132 tri-

542 3177 688 3247 ginta
716 3175 784 3230 de
809 3176 1153 3246 eleemosyna
1176 3188 1318 3239 mea,
1340 3180 1397 3228 et
1416 3172 1605 3243 viginti
1626 3171 1788 3228 siclos
1813 3171 1882 3227 de
1906 3170 2138 3227 eleemo-

544 3284 678 3340 syna
704 3265 1096 3337 patrisfamiliae
1120 3265 1359 3332 Areidae,
1388 3274 1443 3322 et
1469 3265 1659 3337 viginti
1685 3266 1751 3321 de
1788 3265 2133 3336 eleemosyna

514 3375 705 3445 “mea;
735 3366 792 3415 et
814 3374 913 3429 per
938 3358 1177 3430 singulos
1202 3358 1560 3415 anachoretas
1583 3367 1697 3414 tres
1721 3358 1883 3415 siclos
1908 3357 1976 3414 de
1996 3372 2135 3428 puro

545 3459 792 3523 argento,
821 3459 881 3505 ut
904 3450 980 3506 illi
1002 3465 1192 3506 omnes
1213 3458 1372 3505 orent
1394 3465 1494 3520 pro
1533 3466 1653 3518 me,
1677 3458 1734 3506 et
1770 3466 1870 3521 pro
1907 3449 2137 3505 Domino

545 3557 673 3614 rege
717 3540 944 3608 Carolo,
988 3549 1049 3596 ut
1091 3541 1235 3596 Deus
1275 3540 1429 3596 illum
1474 3549 1760 3598 conservet
1800 3540 1870 3597 ad
1912 3539 2136 3596 tutelam

546 3643 750 3691 sancta:
787 3650 900 3690 sua:
938 3634 1220 3700 Ecclesiae,
1260 3641 1315 3688 et
1353 3635 1422 3691 ad
1459 3634 1675 3691 laudem
1712 3643 1770 3690 et
1802 3634 2029 3707 gloriam
2054 3630 2140 3690 sui

547 3726 803 3781 nominis.
832 3726 1099 3781 Exaudiat
1131 3741 1230 3781 vos
1253 3726 1596 3798 omnipotens
1632 3727 1776 3783 Deus
1811 3741 1910 3798 pro
1950 3734 2141 3782 sancta

550 3834 647 3875 sua
693 3817 937 3874 Ecclesia
982 3818 1411 3884 intercedentes,
1460 3825 1515 3875 et
1561 3818 1827 3892 prolicere
1875 3816 2042 3876 faciat
2084 3818 2143 3873 in

551 3912 747 3970 salutis
787 3920 1007 3969 aeternae
1048 3911 1428 3984 prosperitate.

536 4175 540 4179 ⁴
622 4156 930 4233 I'Talerunt
959 4174 997 4233 ρ
1026 4155 1328 4233 Saracenis.
1366 4157 1494 4216 Haec
1526 4157 1775 4233 fortassis
1800 4158 2147 4233 intelligenda

553 4238 680 4286 sunt
710 4228 778 4283 de
804 4229 1148 4299 expeditione
1188 4231 1423 4285 maxima
1473 4238 1615 4287 anno
1656 4232 1758 4288 788
1796 4247 1827 4286 a
1860 4228 2054 4288 Carolo
2090 4231 2146 4287 in

556 4299 868 4371 Hispaniam
914 4310 1184 4371 suscepta,
1233 4317 1337 4371 qua
1378 4301 1747 4371 Pampilonam
1790 4303 2145 4368 destructam,

512 4374 519 4379 ’
556 4370 931 4443 Hispanosque
955 4381 1010 4424 et
1033 4370 1331 4443 Wascoues
1359 4370 1671 4443 subjugatos
1699 4373 1883 4439 fuisse,
1922 4382 2149 4430 narrant

554 4440 771 4510 illorum
800 4448 1103 4510 temporum
1129 4441 1427 4495 annalistac.

629 4510 658 4550 δ
686 4509 1064 4580 Αιὶιιαίάεηίπι
1100 4511 1457 4577 dissensionis,
1489 4521 1593 4568 etc.
1626 4512 1757 4580 Quae
1795 4514 1957 4571 fuerit
1989 4516 2150 4580 huius

557 4580 847 4636 simultatis
892 4597 1074 4645 causa,
1105 4581 1383 4646 discimus,
1424 4582 1599 4652 inquit
1638 4583 1836 4639 Mabill.
1884 4587 2004 4642 Act.

558 4652 691 4706 Ben.
722 4666 846 4706 saec.
888 4668 966 4717 1v,
992 4659 1132 4722 part.
1165 4668 1200 4713 ι,
1247 4667 1369 4722 pag.
1403 4652 1523 4717 169,
1563 4668 1628 4709 ex
1658 4654 1909 4712 Cbronici
1950 4657 2153 4713 Fonta-

559 4722 817 4808 nellennsiis
839 4722 1074 4808 captis,
1106 4722 1197 4804 ubi
1222 4722 1448 4805 Carolus
1479 4723 1701 4808 Magnus
1733 4725 1843 4782 fllio
1868 4744 1965 4808 suo
1986 4730 2153 4800 aequi-

560 4808 697 4875 voco
724 4792 888 4847 filiam
906 4792 1047 4875 ﬁgis
1067 4793 1210 4864 regis
1243 4811 1261 4843 ι
1297 4792 1684 4875 in_conjugium
1714 4792 2143 4875 espostulasse,_i

561 4863 1049 4945 diciturisedoillo
1085 4863 1195 4945 non
1220 4863 1620 4945 acquiescente,
1651 4887 1669 4919 ι
1704 4863 1808 4924 nisi
1843 4870 2005 4945 Berta
2044 4863 2151 4928 ﬁlia

560 4932 738 5016 Caroli
771 4933 945 5016 Magni
974 4932 1090 5003 ejus
1125 4934 1235 4989 [ilio
1271 4932 1457 5016 nuptui
1485 4932 1807 5016 traderetur,
1843 4941 2154 5016 i_Carolum

563 5005 1043 5086 indecommotum
1077 5006 1421 5086 pragcepisse,
1452 5026 1470 5059 ι
1506 5016 1570 5086 ut
1596 5026 1754 5086 nemo
1776 5012 1843 5068 de
1874 5014 2153 5069 Britannia

562 5074 832 5158 insula-ac
858 5085 1042 5158 gente
1056 5074 1357 5158 Anglorum
1404 5081 1768 5158 mercimonii
1791 5098 1952 5139 causa
1988 5084 2155 5158 littus

563 5144 779 5221 oceani
798 5144 966 5221 maris
993 5144 1283 5221 attingeret
1319 5147 1371 5221 in
1401 5147 1591 5221 Gallia.
1626 5150 1732 5206 Sed
1754 5152 1858 5208 hoc
1880 5170 1949 5209 ne
1978 5154 2149 5221 fieret,

563 5216 1029 5343 3%gniggge’ac
1068 5216 1457 5290 supplicatione
1492 5219 1745 5278 Gervoldi
1775 5225 1986 5281 abbatis
2014 5216 2157 5281 inhi-

604 5302 738 5343 ιιιιιῐι
764 5302 904 5343 esse.
943 5307 963 5340 ι

548 5372 551 5385 ί
575 5370 667 5441 ηε
695 5357 770 5441 In
785 5358 909 5441 illas
926 5366 1099 5430 partes
1123 5359 1420 5441 mittendos.
1453 5362 1794 5441 Mabillonius
1817 5365 1854 5420 l.
1879 5366 1996 5441 cit.,
2028 5382 2152 5441 pag.

566 5427 691 5506 187,
724 5429 801 5506 ait
831 5447 844 5483 :
878 5427 1025 5506 hanc
1054 5431 1337 5506 epistolam
1375 5433 1440 5506 in.
1462 5432 1652 5505 Anglia
1680 5437 1935 5506 scriptam
1966 5427 2153 5503 fuisse,

737 5498 996 5581 Aleuinus
1020 5498 1365 5581 ad‘Carolum
1396 5498 1807 5581 Maguumerat'
1837 5498 2154 5581 mittendus.

565 5567 742 5649 Aliter
777 5580 963 5649 tamen
994 5580 1184 5649 postea
1224 5573 1391 5628 sensit
1427 5567 1519 5649 vii:
1541 5575 1926 5649 celeberrimus
1957 5580 2154 5635 Annal.

569 5636 803 5722 lib._xxv,
821 5656 875 5722 ῃ.
897 5636 1053 5722 ἶβρι
1074 5643 1170 5700 lib.
1202 5659 1350 5722 IX_V1,
1378 5660 1434 5698 n.
1459 5644 1679 5722 10,_ubi
1701 5646 1820 5722 ait;
1846 5648 2155 5722 Alcuinum,

569 5711 798 5792 quitum
823 5711 1083 5792 in.Gallia_
1098 5717 1436 5780 versabatur,
1459 5714 1608 5792 pacis
1623 5718 1974 5774 conciliandae
1993 5711 2161 5779 causa

569 5778 631 5835 in
654 5778 988 5839 Britanniam
1010 5784 1257 5854 missum,
1282 5794 1339 5844 et
1359 5778 1429 5843 rei
1443 5778 1660 5857 quidem
1684 5803 1814 5846 vera
1839 5804 1907 5848 eo
1927 5791 2031 5850 sub
2055 5778 2156 5851 an?

1382 380 1445 439 Β.
1482 380 1547 439 F.
1578 376 1801 435 ALBlNl
1840 371 1969 430 SEU
2009 362 2284 426 ALCUlNl
2318 361 2600 422 OPERUM
2636 352 2818 419 PARS
2851 351 2895 413 Ι.

2087 4588 2230 4655 S.D

2707 470 2754 553 χά
2792 461 3129 525 EPISTOLA
3164 458 3261 521 IV.

2660 581 2726 623 AD
2764 576 2987 620 FELICEI
3024 569 3337 615 EPISCOPUI.

2719 656 2879 728 (Ante
2898 668 3099 708 annum
3127 647 3277 720 792.)

2207 751 2257 808 F
2258 752 2402 809 elicis
2433 749 2742 823 Urgeliitanz
2771 746 3016 823 episcopi,
3056 753 3112 799 ut
3152 743 3375 808 videtur,
3403 758 3439 823 (ξ
3474 740 3665 813 pietate
3695 738 3798 797 sibi

2476 811 2701 887 la'udati,
2734 811 3057 874 orationibus
3085 832 3139 870 se
3167 811 3517 870 commendat.

2276 915 2374 970 Pio
2402 913 2549 970 Patri
2576 924 2599 952 ε
2621 910 2785 968 Felici
2809 909 3082 981 episcopo,
3107 905 3369 962 Alcuinus
3389 903 3608 960 humilis
3634 902 3797 959 levita

2208 1007 2461 1081 salutem.

2279 1099 2595 1170 Aliquorum
2626 1095 2857 1153 fratrum
2890 1093 3156 1153 relatione
3195 1091 3351 1149 nobis
3388 1091 3706 1147 notissimus
3740 1104 3801 1146 cs

2208 1194 2428 1264 pietate,
2464 1191 2567 1247 etsi
2606 1206 2712 1246 non
2757 1189 2914 1266 facie.
2959 1188 3305 1259 Quapropter
3343 1177 3663 1258 praesumpsi
3706 1200 3805 1257 per

2209 1283 2464 1341 fiduciam
2484 1284 2631 1339 chari
2640 1283 2788 1350 tatis,
2808 1278 2933 1353 quae
2947 1288 3030 1337 est
3048 1279 3316 1345 Christus,
3332 1278 3516 1335 volens
3535 1278 3802 1350 meipsum

2212 1376 2320 1433 tuis
2346 1384 2671 1445 tuorumque
2700 1373 2938 1430 fidelium
2961 1388 3060 1443 per
3087 1379 3141 1427 te
3166 1370 3528 1426 sacrosanctis
3548 1366 3811 1425 orationi-

2211 1469 2316 1526 bus
2339 1468 2719 1525 commendare
2745 1485 2757 1521 :
2783 1480 2890 1522 non
2923 1465 3060 1520 meis
3091 1463 3299 1520 meritis
3320 1461 3683 1535 exigentibus,
3713 1458 3813 1517 sed

2214 1565 2323 1622 tuis
2355 1564 2513 1621 bonis
2540 1562 2847 1618 rumoribus
2875 1559 3279 1632 instigantibus.
3306 1557 3644 1628 Quapropter
3675 1570 3808 1626 sup-

2214 1658 2340 1730 plex
2362 1658 2589 1712 obsecro
2609 1662 2669 1711 ut
2688 1669 2775 1710 me
2794 1669 2859 1711 ea
2879 1653 3145 1709 charitate
3171 1650 3437 1707 Salvatori
3461 1658 3648 1706 nostro
3665 1663 3815 1704 eum-

2220 1749 2512 1815 mendetis,
2553 1762 2659 1819 qua
2696 1744 2786 1802 ille
2824 1760 3014 1802 omnes
3054 1759 3180 1800 suos
3223 1741 3523 1813 conjunxit,
3558 1740 3819 1797 Charitas

2147 1853 2195 1915 3
2220 1839 2365 1896 enim
2389 1839 2659 1895 neminem
2689 1835 2914 1907 spernit.
2948 1834 3055 1890 Per
3087 1849 3212 1889 eum
3245 1842 3300 1889 et
3323 1842 3542 1905 propter
3565 1845 3691 1887 eum
3716 1832 3815 1902 qui

2220 1932 2368 1987 venit
2403 1932 2458 1986 in
2493 1930 2636 1984 hunc
2672 1928 2930 1984 mundum
2964 1934 3285 1997 peceatores
3318 1924 3494 1981 salvos
3529 1923 3729 1987 facere,
3760 1930 3825 1979 et

2220 2023 2400 2079 veniet
2426 2023 2492 2077 ad
2512 2020 2775 2091 judicium
2794 2018 2972 2090 justos
2993 2032 3256 2075 coronare
3286 2032 3301 2073 :
3325 2025 3386 2072 ut
3406 2024 3535 2073 tunc
3557 2030 3657 2088 ego
3681 2029 3816 2086 pec-

2224 2129 2377 2176 cator
2401 2119 2484 2174 vel
2513 2118 2726 2172 veniam
2751 2132 2848 2187 per
2872 2123 3086 2171 vestras
3109 2114 3384 2170 orationes
3412 2110 3701 2181 accipiam,
3721 2107 3818 2165 ubi

2224 2227 2323 2268 vos
2351 2226 2449 2282 per
2481 2210 2578 2264 Dei
2606 2207 3035 2265 misericordiam
3066 2221 3323 2262 coronam
3350 2203 3652 2273 accipiatis.

2295 2304 2353 2375 8
2382 2302 2554 2369 State,
2594 2300 2810 2364 fratres,
2853 2306 2908 2353 et
2952 2297 3186 2352 viriliter
3221 2302 3455 2368 pugnate
3486 2307 3588 2365 pro
3623 2306 3688 2347 eo
3722 2288 3820 2362 qui

2227 2391 2444 2453 fortiter
2464 2410 2565 2467 pro
2585 2394 2739 2449 vobis
2762 2391 3032 2447 vincebat.
3056 2389 3173 2446 Non
3194 2389 3319 2459 quia
3340 2387 3432 2457 qui
3456 2384 3702 2459 coeperit,
3725 2382 3824 2439 sed

2205 2498 2211 2504 '
2228 2489 2320 2563 qui
2338 2487 2737 2560 perseveraverit
2751 2501 2913 2556 usque
2926 2485 2981 2539 in
2996 2483 3175 2553 ﬁnem,
3190 2481 3273 2536 hic
3293 2478 3467 2535 salvus
3486 2478 3585 2532 erit
3600 2474 3823 2549 (Matth.

2230 2598 2290 2649 ι,
2312 2580 2426 2653 22).
2458 2580 2526 2636 Et
2549 2576 2957 2651 proliciscimini
2980 2577 3047 2632 de
3072 2576 3157 2632 die
3189 2575 3245 2630 in
3279 2575 3441 2641 diem,
3471 2572 3610 2629 sicut
3646 2569 3828 2627 sancti

2233 2675 2351 2742 Dei,
2380 2675 2474 2745 qui
2501 2674 2653 2729 ibant
2679 2672 2746 2728 de
2767 2672 2968 2727 virtute
2994 2672 3049 2727 in
3076 2671 3354 2726 virtutem.
3383 2668 3547 2723 Plura
3569 2667 3829 2739 scripsis-

2234 2784 2349 2826 sem
2378 2767 2552 2834 vobis,
2581 2768 2628 2823 si
2650 2765 2980 2838 supcriluum
2999 2780 3106 2821 non
3121 2763 3395 2820 videretur
3414 2776 3509 2818 eos
3533 2761 3832 2817 admonere

2236 2861 2305 2917 de
2331 2859 2643 2924 virtutibus,
2678 2872 2816 2929 quos
2844 2871 3039 2928 rogate
3061 2855 3232 2911 debeo
3268 2861 3329 2909 ut
3356 2852 3691 2909 intercedant
3726 2864 3831 2922 pro

2234 2952 2474 3025 peccatis
2500 2951 2653 3007 meis.
2694 2949 2801 3006 Sed
2828 2949 3096 3013 cbaritas,
3132 2961 3253 3016 qua:
3287 2944 3556 3001 neminem
3595 2941 3834 3014 spernit,

2237 3043 2401 3099 etiam
2429 3040 2679 3097 sustinet.
2705 3039 2844 3107 Quid
2867 3038 3018 3110 plus?
3048 3037 3247 3093 lterum
3273 3037 3577 3106 iterumque
3600 3034 3834 3090 obsecro

2237 3144 2301 3192 ut
2315 3149 2403 3191 me
2421 3133 2666 3189 fraterno
2686 3147 2871 3187 amore
2888 3129 3167 3201 accipiatis
3184 3129 3242 3185 in
3262 3126 3694 3185 communionem
3706 3139 3839 3182 ora-

2161 3221 2212 3287 C
2242 3229 2448 3284 tionum
2472 3234 2801 3290 vestrarum,
2823 3233 3090 3294 quatenus
3108 3223 3252 3278 Deus
3269 3219 3553 3277 charitatis
3579 3233 3841 3275 remune-

2235 3328 2388 3376 rator
2409 3335 2508 3376 vos
2525 3318 2758 3390 accipiat
2781 3317 2838 3373 in
2851 3324 3109 3372 aeternam
3124 3314 3350 3387 gloriam
3364 3313 3513 3386 regni
3523 3312 3629 3368 sui.
3640 3310 3838 3367 Valete

2236 3415 2490 3490 etyivete
2525 3412 2713 3471 felices
2738 3413 2793 3468 in
2826 3411 3055 3468 Domino
3090 3408 3239 3477 Jesu,
3270 3408 3469 3464 fratres
3497 3405 3834 3464 charissimi.

2811 3502 3145 3560 EPISTULA
3182 3502 3248 3557 γ.

2610 3593 2680 3634 ΔΙ)
2717 3592 3002 3633 CUDRADUM
3042 3587 3444 3629 PRESBYTEBUI.

2739 3672 2917 3747 (Anno
2946 3672 3049 3728 795
3086 3669 3168 3725 vel
3201 3668 3342 3742 seq.)

2242 3765 2553 3824 Cudradum
2578 3765 2931 3838 presbyterum
2952 3771 3065 3834 post
3086 3758 3641 3838 sanctorumjoeorum
3660 3763 3848 3812 vasta-

2561 3831 2755 3891 tionem
2776 3831 3017 3889 hortatur
3043 3833 3112 3887 ad
3143 3831 3510 3887 constantiam.

2314 3931 2638 3989 Venerando
2675 3926 2821 3982 Patri
2866 3924 2887 3965 ί
2923 3923 3173 3982 Cudrado
3214 3922 3529 3997 presbytero
3576 3917 3850 3977 Alcuinus

2246 4020 2507 4079 diaconus
2534 4020 2785 4076 salutem.

2248 4193 2380 4234 num
2407 4176 2512 4233 790
2537 4173 2838 4248 profectum
2860 4169 3577 4248 fuisse,__ets_i_interdict_um
3620 4166 3857 4239 naviga-

2251 4249 2414 4305 tionis
2437 4239 2825 4318 supplicatione
2850 4242 3100 4318 Gervoldi
3136 4241 3346 4297 abbatis
3373 4239 3641 4295 sublatum
3668 4248 3852 4318 esset.

2250 4319 2381 4387 Qua:
2406 4309 2913 4390 quidemsententia
2952 4312 3126 4385 magis
3161 4327 3286 4368 cum
3313 4319 3567 4369 contextu
3597 4309 3853 4381 cpistola:

2252 4389 2525 4447 cohaerere
2554 4389 2782 4444 videtur.

2322 4484 2350 4523 ά
2383 4483 2527 4538 Edit.
2556 4482 2808 4549 Quercet.
2840 4480 2926 4547 76,
2955 4479 3135 4537 Canis.
3159 4481 3229 4538 45
3260 4481 3515 4554 (Froben.
3547 4475 3695 4550 165).

2329 4584 2353 4612 ε
2386 4570 2553 4626 Felici
2586 4572 2842 4642 episcopo.
2880 4588 2899 4621 ι
2932 4571 3032 4626 Hic
3057 4581 3158 4639 est,
3191 4573 3247 4627 ni
3275 4571 3451 4637 fallor,
3474 4571 3549 4625 ait
3571 4567 3857 4634 Canisius,

2253 4643 2404 4701 Felix
2434 4640 2780 4697 Hildebaldus
2807 4640 3143 4698 Coloniensis
3182 4644 3646 4714 archiepiscopus,
3669 4649 3785 4694 etc.
3829 4660 3852 4693 ι

2254 4715 2363 4771 Sed
2413 4714 2575 4769 dubio
2618 4722 2766 4768 caret
2811 4714 2956 4768 hunc
3001 4728 3121 4769 esse
3169 4710 3402 4770 Felicem
3449 4710 3857 4783 Urgellitanurn

2252 4786 2583 4858 episcopum,
2628 4784 2716 4858 cui
2757 4783 3036 4850 Alcuinus,
3074 4793 3361 4858 antequam
3404 4782 3547 4858 illius
3586 4795 3758 4858 error_
3783 4782 3860 4836 de

2254 4851 2540 4927 adoptione
2588 4855 2918 4927 vulgaretur,
2936 4870 3037 4927 _se_
3065 4851 3464 4927 commendavit
3483 4852 3703 4927 scripta
3742 4851 3857 4927 hac

2254 4868 2540 4927 adoptione
2588 4868 2918 4924 vulgaretur,
2962 4870 3021 4909 se
3065 4868 3464 4911 commendavit
3501 4869 3605 4908 seri
3648 4868 3703 4906 ta
3742 4868 3857 4908 nae

2254 4926 2502 5008 epistola,
2535 4924 2687 4994 cujus
2730 4925 2845 5008 ipse
2887 4924 3150 5008 Alcuinus
3195 4925 3440 5008 meminit
3479 4868 3751 5008 inanem.
3782 4922 3860 5008 ad

2254 4992 2525 5063 eumdem,
2556 4992 2623 5051 ei
2650 4992 2835 5052 codice
2859 5010 2961 5050 ms.
2994 4994 3190 5052 Salisb.
3218 5012 3249 5050 a
3275 5011 3364 5051 me
3387 4994 3677 5064 descripta,
3701 5000 3767 5064 et_
3790 4992 3861 5048 li-

2254 5069 2372 5124 bris
2414 5061 2532 5139 ejus
2566 5075 2753 5139 contra
2793 5066 3026 5139 Felicem
3063 5067 3304 5137 prazﬁxa,
3327 5067 3435 5139 ubi
3473 5061 3612 5139 ait':
3654 5082 3675 5115 ι
3716 5061 3860 5123 olim

2254 5137 2542 5209 meipsum,
2584 5137 3129 5209 celeberrimamgtuae
3165 5137 3470 5209 sanctitatis
3508 5137 3707 5191 famam
3751 5149 3861 5190 au-

2256 5207 2440 5274 diens;
2550 5208 2658 5263 tuis
2687 5207 3045 5264 sanctissimis
3068 5208 3546 5262 intercessionibus
3571 5219 3863 5274 commen—

2259 5281 2389 5334 dare
2429 5273 2635 5348 curavi.
2686 5298 2705 5330 ι
2740 5276 2950 5348 Scripta
2984 5293 3112 5348 ergo
3154 5277 3254 5332 fuit
3294 5278 3411 5333 haac
3454 5273 3677 5346 epistola
3700 5287 3861 5348 ante

2260 5365 2461 5474 acilium
2490 5347 2614 5415 792,
2642 5364 2750 5419 quo
2772 5346 2968 5406 Felicis
2992 5346 3147 5405 error
3167 5349 3283 5422 jam
3312 5348 3669 5418 undequaque
3696 5346 3861 5405 inno-

2286 5437 2338 5474 lll
2369 5459 2383 5474 .

2286 5437 2383 5474 ωι.

2336 5511 2359 5552 ί
2390 5511 2659 5583 (ΖιέιινιιάοΔ
2684 5514 3001 5583 presbytero.
3037 5511 3292 5583 Ecclesiae
3327 5510 3583 5567 nimihtm
3622 5509 3682 5566 S.
3711 5508 3871 5567 Gud.-

2259 5581 2404 5653 berti
2446 5579 2930 5648 Lindisfarnensis,
2963 5583 3056 5653 qui
3103 5584 3159 5638 in
3208 5582 3298 5638 illa
3331 5583 3654 5653 vastatione,
3691 5596 3868 5653 quam

2261 5652 2523 5724 Alcuinus
2557 5653 2783 5723 saepius,
2822 5650 3125 5724 praesertim
3161 5653 3215 5707 in
3252 5652 3479 5724 epistola
3514 5652 3550 5707 8
3587 5650 3756 5724 (nunc
3802 5650 3867 5722 9)

2265 5723 2528 5793 deplorat,
2555 5732 2604 5778 et
2636 5722 2927 5805 “sanna
2949 5724 3056 5805 79.5
3076 5722 3322 5797 contigit,
3346 5722 3607 5783 furentes
3616 5733 3869 5792 pagano-

2265 5810 2390 5851 rum
2415 5809 2609 5852 manus
2640 5794 2872 5853 feliciter
2891 5794 3085 5857 evasit.
