4084 6430
275 488 372 548 με

1712 473 2096 549 EPISTOLE.

3430 505 3540 561 146

334 602 497 661 Valde
531 615 843 659 sanctorum
877 601 1122 659 locorum
1162 605 1456 675 ingemisco
1495 606 1648 679 [Ms.,
1691 606 1841 678 inge-
1863 605 1918 668 Δ
1943 622 2099 661 suum
2126 623 2224 678 per
2255 623 2352 664 vos
2374 607 2676 676 benefacta,
2701 618 2962 682 perpetua
2989 626 3217 668 summa:
3241 614 3542 672 beatitudi-

271 695 462 768 mesco]
491 695 877 763 vastationem;
920 698 1016 753 sed
1050 707 1245 754 vestrae
1281 698 1403 753 ﬁdei
1446 698 1686 753 laetiﬁcor
1707 713 1841 754 con-

267 789 477 853 stantia,
506 787 708 858 Deique
730 789 1113 859 omnipotentis
1141 789 1450 845 collaudans
1478 789 1840 853 clementiam,

266 883 350 954 qui
377 881 470 935 tibi
497 881 639 935 inter
662 896 855 936 manus
881 897 1212 952 paganorum
1239 882 1508 951 pepercit,
1542 881 1661 935 ideo
1689 880 1846 934 ﬁrma

264 975 360 1030 ﬁde
394 975 594 1046 in-quo
627 975 819 1046 cepisti
859 977 1136 1046 proposito
1173 990 1490 1047 permaneas
1521 994 1535 1032 :
1569 977 1847 1034 conﬁdens

265 1075 314 1124 tu
343 1068 394 1122 in
425 1067 803 1122 misericordia
829 1066 946 1133 Dei,
971 1075 1033 1121 ut
1059 1075 1110 1120 te
1129 1082 1240 1122 suae
1264 1068 1482 1137 pietatis
1509 1066 1720 1140 [SuppL
1745 1067 1850 1122 cle-

262 1161 450 1217 mentia
493 1159 572 1215 vel
609 1159 870 1234 simile]...
917 1170 1220 1226 conservet,
1259 1161 1566 1232 ubicunque
1607 1163 1848 1218 fraterno

261 1253 474 1310 consilio
517 1263 570 1309 te
605 1252 848 1308 habitare
881 1253 1013 1308 velit
1055 1253 1216 1308 Deus.
1256 1253 1458 1308 Tamen
1495 1254 1609 1309 sive
1647 1254 1700 1307 in
1731 1252 1849 1307 loco

259 1344 609 1400 habitationis
635 1343 939 1415 singularis,
969 1344 1082 1400 sive
1111 1345 1163 1398 in
1189 1344 1427 1400 fraterna
1448 1347 1669 1400 cohorte
1692 1344 1846 1418 [Ms.,

258 1437 525 1492 fraternas
549 1436 844 1509 cohortes],
876 1437 1170 1492 solitariam
1193 1438 1655 1494 conversationem
1680 1445 1736 1492 et
1760 1451 1847 1491 se-

257 1540 429 1586 cretas
451 1531 750 1594 orationes,
773 1537 828 1584 et
846 1528 1172 1598 jejuniorum
1202 1531 1535 1601 propositum
1565 1529 1850 1602 diligenter

256 1621 517 1686 observa;
545 1621 671 1691 quia
700 1636 806 1674 non
835 1621 926 1690 qui
954 1621 1197 1692 cmperit,
1229 1621 1323 1676 sed
1349 1622 1441 1692 qui
1469 1636 1851 1693 perseverave-

257 1712 340 1777 rit,
374 1721 483 1768 etc.
525 1711 740 1784 (Matth.
775 1727 828 1774 χ,
861 1711 974 1785 22).
1022 1712 1231 1782 Meque,
1275 1713 1516 1776 obsecro,
1557 1715 1608 1769 in
1649 1715 1852 1772 sanctis

253 1804 357 1859 tuis
404 1803 744 1858 orationibus
782 1805 980 1859 habeto
1031 1805 1437 1873 memorialiter,
1488 1808 1628 1863 sicut
1671 1807 1852 1863 Buitta

255 1896 381 1951 mihi
425 1911 497 1951 ex
545 1896 650 1951 tuis
693 1896 874 1952 verbis
923 1896 1066 1952 ﬁdeli
1116 1898 1386 1954 relatione
1416 1900 1665 1970 promisit
1718 1917 1732 1953 :
1772 1900 1854 1954 vi-

253 1991 588 2063 sitantesque
643 2000 698 2046 te
753 1990 951 2047 fratres
990 1993 1355 2048 consolatione
1393 1994 1563 2049 sancti
1617 1993 1852 2065 Spiritus

251 2083 540 2153 diligenter
579 2083 843 2149 admone,
881 2085 1176 2140 exhortans
1208 2100 1330 2151 eos,
1371 2094 1429 2140 ut
1469 2085 1521 2140 in
1555 2086 1648 2140 Dei
1677 2086 1848 2140 conﬁ-

249 2173 384 2228 dant
405 2174 777 2244 protectione,
810 2183 864 2230 et
902 2175 1286 2230 intercessione
1313 2176 1486 2230 sancti
1523 2175 1850 2232 Cudbercbti

247 2263 429 2319 Patris
453 2261 643 2320 nostri.
671 2264 787 2319 Non
809 2266 863 2320 in
885 2282 1161 2321 armorum
1184 2267 1434 2336 strepitu,
1456 2267 1542 2320 vel
1565 2268 1618 2322 in
1642 2269 1852 2322 ruitura

246 2353 491 2424 lapidum
513 2358 783 2428 congerie,
811 2358 904 2413 sed
931 2357 986 2412 in
1009 2373 1164 2412 muro
1181 2358 1402 2426 pietatis
1425 2373 1671 2428 supernae
1700 2374 1852 2428 spem

243 2445 348 2500 sibi
391 2455 562 2502 certa:
588 2447 917 2502 defensionis
953 2449 1310 2514 constituant;
1350 2458 1406 2503 et
1435 2450 1718 2519 praesentis
1756 2449 1855 2504 tri—

241 2535 554 2592 bulationis
592 2537 866 2592 miseriam
900 2538 967 2591 ad
1005 2545 1219 2593 aeterna:
1257 2538 1530 2595 felicitatis
1566 2539 1857 2594 beatitudi-

242 2643 375 2682 nem
413 2627 745 2682 transferant
777 2643 790 2680 :
822 2636 936 2683 toto
964 2645 1021 2684 se
1046 2629 1207 2684 corde
1229 2639 1549 2685 convertant
1575 2629 1642 2684 ad
1674 2630 1856 2685 Domi-

246 2735 399 2784 num,
431 2730 489 2775 et
515 2721 558 2775 si
588 2721 718 2790 quid
740 2722 793 2776 in
812 2721 1054 2777 moribus
1069 2723 1183 2777 suis
1209 2723 1601 2778 emendandum
1629 2723 1719 2786 sit,
1745 2738 1852 2777 non

249 2812 498 2885 segniter
524 2813 814 2884 corrigant,
845 2823 906 2868 ut
934 2815 1046 2869 Deo
1068 2815 1280 2870 illorum
1305 2815 1518 2886 placeat
1547 2818 1852 2883 conversio,

251 2903 394 2959 sicut
417 2903 779 2958 Ninivitarum
809 2905 858 2958 ei
895 2904 1099 2974 placuit
1134 2906 1482 2974 pmnitentia,
1521 2914 1577 2963 et
1613 2909 1856 2978 pepercit

253 2995 466 3052 civitati
495 3011 594 3066 per
621 2996 889 3067 lacrymas
918 2996 1290 3052 conﬁtentium
1329 3007 1548 3069 peccata
1585 3015 1700 3054 sua.
1735 3001 1856 3056 Cle-

257 3105 411 3146 mens
435 3097 521 3145 est
551 3090 691 3145 Deus
712 3097 768 3144 et
789 3088 1118 3155 misericors,
1143 3101 1197 3146 e‘t
1219 3090 1424 3144 nullum
1452 3092 1777 3163 derelinquit
1799 3095 1855 3150 in

258 3196 314 3238 se
341 3189 686 3250 sperantem;
712 3196 836 3235 nam
858 3188 914 3235 et
941 3181 1232 3236 novissima
1253 3179 1354 3234 Job
1382 3180 1603 3236 fuerunt
1631 3184 1857 3240 meliora

259 3271 563 3344 prioribus;
608 3273 686 3327 sic
723 3281 779 3328 et
810 3272 960 3327 vobis
993 3273 1157 3328 credo
1183 3271 1378 3336 faciat,
1404 3274 1450 3328 si
1482 3275 1550 3330 ad
1591 3275 1712 3347 ejus
1747 3277 1858 3334 cle-

259 3365 519 3422 mentiam
553 3365 945 3436 deprecandam
980 3365 1311 3422 unanimiter
1341 3368 1591 3424 conversi
1619 3367 1854 3427 fueritis.

797 3491 823 3518 α
862 3476 1196 3533 EPISTOLA
1235 3478 1323 3533 VI.

533 3586 600 3624 AD
639 3584 880 3625 FBATRES
915 3585 1266 3625 EBORACENSIS
1300 3586 1585 3627 ECCLESIB.

756 3661 934 3734 (Circa
972 3679 1170 3718 annum
1212 3664 1361 3737 793.)

265 3773 332 3829 Se
351 3775 416 3827 ab
449 3772 869 3850 Eboracensibus
893 3776 957 3830 ab
980 3775 1206 3850 infantia
1231 3795 1393 3850 usque
1414 3779 1483 3833 ad
1509 3779 1706 3836 virilem
1731 3792 1860 3836 (vta-

331 3855 432 3918 tem
473 3846 752 3900 educatum
782 3856 930 3915 grato
969 3849 1145 3901 animo
1167 3846 1461 3918 proﬁtetur.
1490 3850 1712 3906 Illorum
1742 3870 1858 3906 om-

330 3917 480 3970 nium
513 3917 832 3970 orationibus
861 3933 914 3971 se
941 3917 1301 3985 commendat;
1337 3930 1409 3987 et,
1446 3930 1502 3975 ut
1529 3939 1562 3976 a
1596 3924 1732 3978 vitiis
1760 3925 1860 3978 sibi

329 3996 576 4052 caveant,
606 3988 866 4041 hortatur.

332 4096 717 4152 Dilectissimis
741 4106 794 4152 et
821 4098 974 4154 valde
997 4103 1398 4160 venerabilibus
1418 4105 1474 4160 in
1499 4104 1700 4162 Christi
1734 4110 1863 4163 cha-

267 4187 418 4244 ritate
449 4188 482 4227 δ
507 4187 867 4244 Eboracensis
899 4190 1155 4248 Ecclesiae
1183 4193 1462 4262 fratribus,
1493 4206 1689 4253 vestrae
1721 4198 1864 4254 ﬁlius

268 4279 486 4347 pietatis
517 4279 747 4335 Albinus
775 4281 1035 4337 diaconus
1057 4284 1304 4340 salutem.

335 4370 537 4426 Totum
589 4386 723 4427 mete
764 4373 1068 4430 devotionis
1108 4383 1299 4445 pectus
1344 4385 1539 4433 vestra:
1584 4379 1866 4435 charitatis

270 4460 555 4517 dulcedine
593 4462 866 4534 impletur,
906 4474 962 4521 et
997 4466 1042 4521 si
1084 4467 1212 4537 quid
1249 4468 1407 4538 pleno
1446 4471 1648 4526 amoris
1686 4472 1866 4527 modio

270 4555 596 4624 supperaddi
608 4565 804 4625 potest,
817 4558 1057 4626 quotidie
1069 4561 1363 4616 crescendo
1375 4563 1768 4629 accumulatur,
1789 4565 1863 4618 ita

272 4650 324 4698 ut
348 4645 522 4700 solius
546 4649 821 4702 memoria:
852 4651 916 4704 de
946 4650 1098 4704 vobis
1130 4653 1389 4719 suavitas,
1425 4657 1864 4724 supervenientes

272 4736 548 4791 saecularis
569 4739 829 4808 angustia:
849 4739 1223 4795 tribulationes
1247 4743 1401 4814 longe
1421 4761 1451 4798 a
1473 4747 1698 4801 secretis
1722 4763 1867 4802 men-

275 4827 339 4882 tis
368 4844 508 4884 meze
529 4830 798 4886 cubilibus
825 4831 1077 4902 depellat.
1101 4832 1170 4887 Et
1191 4835 1293 4888 hoc
1327 4836 1458 4890 mihi
1484 4837 1758 4909 singulare
1782 4855 1868 4896 so-

277 4919 460 4976 latium
487 4922 541 4976 in
570 4923 764 4992 spiritu
790 4925 1175 4981 consolationis
1200 4935 1400 4984 sancta:
1421 4930 1682 4987 Dominus
1707 4931 1868 4987 Chri-

277 5021 387 5067 stus
413 5013 725 5084 perdonare
765 5016 1016 5086 dignatus
1056 5027 1160 5073 est.
1213 5020 1320 5074 Vos
1369 5020 1586 5093 fragiles
1633 5025 1871 5080 infantiae

279 5116 408 5158 mea:
439 5119 614 5157 annos
642 5103 750 5176 [ΑΙ.
780 5106 1010 5179 animos]
1040 5116 1285 5164 materno
1318 5109 1528 5167 fovistis
1567 5113 1780 5179 affectu,
1817 5121 1872 5171 et

281 5190 540 5248 lascivum
569 5197 815 5265 pueritiae
852 5206 1063 5268 tempus
1089 5200 1178 5268 pia
1220 5203 1551 5258 sustinuistis
1590 5207 1868 5274 patientia,

282 5295 332 5340 et
353 5296 592 5356 paterna:
627 5289 998 5360 castigationis
1027 5293 1323 5362 disciplinis
1353 5297 1420 5349 ad
1450 5296 1744 5365 perfectam
1767 5300 1872 5356 viri

282 5376 573 5432 edocuistis
594 5385 830 5445 aetatem,
856 5389 911 5434 et
931 5395 1209 5437 sacrarum
1233 5386 1538 5441 eruditione
1559 5388 1871 5458 disciplina-

287 5482 399 5522 rum
449 5470 768 5527 roborastis.
812 5470 950 5539 Quid
1000 5473 1119 5542 plus
1160 5475 1341 5530 dicere
1384 5477 1587 5542 habeo,
1636 5480 1775 5545 nisi,
1815 5489 1876 5537 ut

287 5562 472 5616 aeterni
504 5560 670 5634 Regis
690 5564 885 5634 pietas,
918 5567 1100 5620 omnia
1139 5567 1356 5636 pietatis
1397 5569 1450 5622 in
1492 5585 1578 5625 me
1618 5571 1874 5628 famulum

356 5683 381 5757 ξ
594 5675 858 5757 Quercet;
877 5678 967 5757 98,
993 5679 1177 5757 (lanis.
1210 5681 1278 5757 2i
1315 5681 1576 5757 (Froben.
1601 5685 1678 5757 5).

357 5741 385 5779 ι’
425 5741 771 5820 Eboracensis
811 5741 1061 5820 Ecclesiae
1102 5741 1376 5820 fratribus.
1420 5752 1522 5819 Qui
1565 5741 1874 5814 institutum

211 5812 214 5817 ’
296 5813 677 5894 monachorum
696 5812 1184 5894 Benedictinorum,
1216 5824 1312 5877 abs
1333 5812 1515 5889 dubio,
1549 5812 1879 5894 proﬁtebar}:

298 5889 402 5953 tur,
434 5883 574 5938 inter
605 5899 742 5953 quos
776 5889 1034 5947 Alcuinus
1057 5906 1115 5947 se
1154 5895 1439 5948 educatum
1481 5883 1878 5953 et'eiiutritum

302 5948 461 6008 fuisse
483 5955 574 6010 hic
598 5948 900 6024 proﬁtetur.
931 5957 1051 6012 Vid.
1081 5961 1281 6015 Mabill.
1325 5965 1380 6018 in
1415 5948 1870 6036 magnanimi,

1946 699 2032 753 nis
2063 698 2235 769 gloria
2265 701 2606 756 remaneret?
2645 700 2756 755 Hoc
2783 702 3006 772 singulis
3042 702 3344 772 vigiliarum
3384 721 3540 761 mea-

1947 804 2067 843 rum
2093 791 2397 854 momentis,
2425 793 2527 847 hoc
2550 792 2859 860 quotidiana
2879 794 3274 862 supplicatione
3297 798 3540 867 requiro.

1945 878 2003 933 In
2033 879 2135 934 hac
2161 896 2320 952 prece
2355 882 2408 935 in
2446 890 2736 952 conspectu
2766 881 3048 948 Altissimi,
3080 884 3298 940 intimas
3325 887 3542 944 deside-

1948 970 2013 1025 rii
2053 971 2160 1026 mei
2199 971 2466 1043 lacrymas
2491 988 2587 1042 per
2628 973 2743 1028 loca
2773 985 3082 1029 sanctorum
3120 985 3417 1047 martyrum
3457 979 3545 1034 vel

1947 1059 2320 1116 confessorum
2343 1061 2567 1126 Christi,
2599 1078 2706 1132 quo
2731 1079 2818 1118 me
2844 1064 2948 1118 iter
2987 1065 3354 1122 instabilitatis
3377 1069 3545 1125 dedu-

1947 1151 2040 1215 cit,
2074 1150 2296 1207 fundere
2322 1167 2427 1206 non
2456 1167 2630 1210 cesso.
3127 1157 3136 1168 '

2021 1243 2130 1298 Vos
2155 1259 2368 1314 semper
2403 1245 2454 1307 in
2477 1245 2658 1307 corde,
2683 1253 2740 1300 et
2763 1246 2924 1314 primi
2956 1247 3096 1302 inter
3123 1251 3287 1304 verba
3316 1264 3547 1320 precan-

1952 1334 2024 1388 tia
2053 1334 2109 1387 in
2131 1350 2244 1389 ore.
2285 1335 2408 1400 Vos,
2444 1336 2670 1406 piissimi
2703 1335 2909 1402 Patres,
2936 1353 3028 1392 seu
3070 1338 3123 1391 in
3165 1340 3548 1396 communibus

1955 1433 2155 1484 sanctae
2180 1427 2445 1482 orationis
2473 1427 2622 1490 foris,
2656 1428 2740 1480 vel
2769 1429 2820 1481 in
2849 1429 3073 1484 secretis
3104 1430 3545 1498 deprecationum
3571 1435 3576 1447 '
3635 1500 3638 1502 γ

1952 1529 2256 1577 vestrarum
2281 1520 2758 1575 intercessionibus
2780 1521 3064 1575 Aleuinum
3093 1522 3262 1584 ﬁlium
3286 1532 3544 1591 vestrum,

1952 1627 2052 1687 per
2076 1612 2173 1672 Dei
2198 1612 2456 1682 deprecor
2482 1612 2826 1677 charitatem,
2851 1613 3053 1683 jugiter
3082 1612 3134 1666 in
3165 1615 3328 1668 corde
3355 1615 3548 1669 habete

1952 1715 2009 1763 et
2033 1708 2088 1762 in
2113 1721 2227 1762 ore.
2262 1706 2366 1761 Vos
2390 1720 2622 1775 quoque,
2655 1705 2746 1774 qui
2772 1706 2904 1760 estis
2930 1715 3089 1760 artate
3114 1705 3230 1770 ﬁlii,
3261 1707 3354 1761 sed
3384 1706 3549 1761 meri-

1954 1811 2132 1858 torum
2179 1800 2468 1856 sanctitate
2507 1800 2716 1865 Patres,
2764 1815 2862 1870 per
2889 1799 3126 1854 divinam
3153 1801 3397 1854 obtestor
3435 1799 3548 1854 cle-

1955 1880 2235 1961 mentiam,
2267 1909 2544 1964 nunquam
2570 1894 2890 1950 eruditionis
2912 1904 3106 1949 vestrae
3126 1894 3179 1948 in
3203 1894 3405 1949 sanctis
3430 1909 3552 1948 ora-

1878 1971 1930 2033 Β
1956 1989 2193 2045 tionibus
2220 1988 2600 2044 obliviscimini
2629 1989 2967 2058 magistrum.
2999 1987 3175 2042 Testis
3201 1987 3345 2041 enim
3373 1986 3554 2042 cordis

1955 2082 2061 2136 mei
2090 2081 2222 2135 mihi
2249 2088 2334 2135 est
2357 2081 2648 2149 inspector,
2678 2080 2802 2149 quia
2833 2081 3026 2134 devote
3065 2089 3306 2135 vestrum
3339 2094 3554 2149 semper

1955 2170 2011 2225 in
2040 2171 2426 2226 ecclesiasticis
2455 2171 2754 2240 disciplinis
2778 2180 2834 2225 et
2874 2171 3104 2241 spiritali
3133 2172 3379 2226 doctrina
3407 2171 3553 2226 desi-

1956 2263 2182 2316 derabat
2209 2260 2531 2332 profectum.
2562 2262 2631 2315 Et
2667 2263 2709 2316 si
2742 2262 2869 2332 quid
2896 2263 3076 2317 minus
3106 2263 3414 2332 accepistis,
3445 2278 3554 2317 non

1955 2369 2108 2418 mete,
2129 2353 2312 2418 credo,
2338 2356 2507 2422 culpae
2526 2353 2771 2423 deputari
2791 2360 2990 2423 potest.
3014 2353 3082 2407 Et
3104 2368 3376 2422 nunquam
3399 2352 3555 2408 istius

1955 2445 2250 2500 voluntatis
2279 2459 2432 2510 meae,
2465 2446 2580 2500 sive
2607 2446 2824 2511 absens,
2857 2447 2970 2500 sive
2998 2461 3256 2516 praesens,
3281 2446 3349 2500 de
3373 2454 3556 2500 vestro

1955 2538 2236 2610 profectu,
2276 2537 2650 2592 benevolentia
2692 2536 2944 2592 cessabit.
2982 2536 3026 2592 Ο
3056 2537 3294 2590 omnium
3324 2535 3556 2591 dilectis-

1958 2617 2081 2684 simi
2124 2627 2316 2682 Patres
2355 2637 2411 2681 et
2454 2627 2674 2693 fratres,
2716 2642 2987 2682 memores
3031 2629 3136 2682 mei
3184 2635 3355 2682 estote
3399 2645 3412 2680 :
3459 2642 3558 2697 ego

1957 2731 2137 2777 vester
2173 2737 2287 2786 ero,
2329 2722 2442 2776 sive
2470 2721 2522 2774 in
2552 2723 2681 2787 vita,
2715 2721 2828 2776 sive
2857 2721 2911 2775 in
2951 2729 3146 2776 morte.
3178 2721 3247 2774 Et
3277 2719 3416 2775 forte
3456 2720 3559 2774 mi-

1957 2813 2230 2868 serebitur
2265 2811 2322 2882 9
2368 2811 2471 2865 mei
2514 2811 2688 2877 Deus,
2725 2820 2784 2866 ut
2821 2813 2976 2883 cujus
3013 2811 3294 2865 infantiam
3323 2811 3557 2880 aluistis,

1955 2905 2073 2973 ejus
2096 2912 2427 2958 senectutem
2464 2904 2757 2974 sepeliatis.
2793 2904 2861 2958 Et
2896 2905 2942 2959 si
2985 2903 3125 2958 alter
3163 2905 3380 2973 corpori
3408 2903 3561 2960 locus

1958 2996 2322 3067 deputabitur,
2362 3004 2542 3050 tamen
2584 2994 2796 3059 animae,
2837 2993 3264 3064 qualemcunque
3309 2994 3562 3050 habitura

1957 3089 2080 3152 erit,
2104 3103 2200 3157 per
2217 3096 2429 3141 vestras
2449 3095 2684 3152 sanctas,
2702 3087 2812 3140 Deo
2832 3087 3090 3151 donante,
3115 3086 3554 3153 intercessiones,

1961 3180 2176 3249 requies
2197 3178 2496 3241 vobiscum,
2523 3179 2704 3242 credo,
2736 3177 3054 3243 donabitur;
3085 3177 3231 3246 quia,
3261 3177 3403 3231 sicut
3423 3190 3562 3246 puer

1961 3284 2147 3330 noster
2176 3272 2383 3328 Seneca
2415 3288 2472 3328 se
2500 3271 2696 3327 vidisse
2728 3280 2975 3337 testatur,
3012 3280 3213 3327 nostra:
3249 3270 3562 3326 fraternita-

1963 3366 2033 3422 tis
2055 3365 2264 3419 animas
2308 3365 2362 3418 in
2398 3364 2588 3419 eodem
2619 3363 2817 3418 laetitia:
2843 3364 2963 3418 loco
2999 3364 3408 3433 congregandas
3440 3377 3563 3419 esse

1960 3457 2234 3513 credimus
2264 3472 2280 3510 :
2315 3455 2417 3511 etsi
2447 3456 2766 3510 meritorum
2808 3456 3096 3510 diversitas
3136 3455 3300 3508 alium
3349 3455 3564 3510 beatius

1961 3549 2132 3604 lzetari
2184 3547 2369 3614 faciet,
2411 3555 2589 3603 tamen
2635 3548 2960 3604 zelernitatis
3006 3547 3288 3618 aequalitas
3336 3556 3563 3603 cunctos

1961 3640 2193 3697 feliciter
2218 3642 2404 3697 vivere
2427 3639 2640 3697 efﬁciet.
2666 3641 2735 3696 Et
2762 3642 2901 3697 sicut
2930 3657 3071 3696 unus
3097 3641 3175 3696 sol
3202 3641 3454 3697 omnibus
3475 3643 3561 3697 lu-

1960 3741 2065 3796 cet,
2093 3748 2200 3788 non
2226 3741 2405 3788 tamen
2433 3743 2656 3803 propter
2685 3734 2966 3789 oculorum
2999 3734 3310 3790 distantiam
3337 3734 3560 3804 aequali-

1964 3835 2045 3882 ter
2067 3827 2136 3882 ab
2161 3827 2411 3882 omnibus
2433 3828 2666 3894 videtur,
2690 3829 2763 3883 ita
2783 3838 2986 3884 aeterna
3012 3831 3286 3887 beatitudo
3312 3831 3564 3887 omnibus

1961 3919 2016 3974 in
2043 3921 2140 3975 Dei
2165 3935 2333 3992 regno
2356 3919 2516 3989 justis
2541 3920 2944 3992 perdonabitur,
2972 3922 3100 3978 licet
3128 3923 3447 3978 meritorum
3477 3938 3564 3978 su-

1961 4012 2201 4067 blimitas
2241 4011 2376 4066 alios
2411 4011 2613 4080 majore
2651 4000 2817 4081 gloria
2853 4022 3094 4068 coronet.
3125 4014 3207 4068 Ad
3246 4030 3409 4083 quam
3449 4013 3564 4083 glo-

1964 4103 2120 4168 riam,
2153 4104 2453 4158 cbarissimi
2483 4102 2699 4168 fratres,
2726 4112 2836 4157 tota
2865 4104 3164 4159 intentione
3190 4113 3246 4160 et
3272 4104 3564 4161 voluntatis

1949 4194 2144 4262 .operis
2169 4193 2526 4260 vosmetipsos
2561 4192 2750 4262 dignos
2786 4193 3071 4262 pervenire
3095 4203 3415 4264 praeparate.

2037 4281 2190 4335 Nulla
2219 4280 2453 4335 carnalis
2481 4281 2933 4351 concupiscentia,
2967 4283 3115 4337 nulla
3138 4283 3414 4339 saecularis
3439 4299 3556 4360 am-_

1966 4379 2098 4434 bitio
2122 4378 2469 4434 beatitudinis
2497 4378 2601 4434 iter
2624 4379 2778 4435 vobis
2805 4380 3147 4447 intercludat,
3181 4381 3273 4436 sed
3300 4397 3398 4451 per
3419 4382 3563 4438 viam

1965 4473 2210 4527 veritatis
2238 4479 2292 4526 et
2323 4473 2645 4539 sanctitatis,
2676 4489 2774 4544 per
2798 4455 2962 4544 quam
3001 4476 3143 4530 beati
3169 4476 3380 4540 Patres,
3417 4493 3562 4547 prte-

1968 4553 2280 4617 decessores
2323 4563 2518 4629 nostri,
2559 4566 2628 4618 ad
2673 4579 2838 4635 regna
2885 4575 3252 4634 pervenerunt
3296 4567 3563 4634 caelestia,

1893 4688 1945 4750 Β
1969 4668 2200 4722 superna
2218 4669 2316 4708 vos
2341 4655 2634 4709 comitante
2659 4656 2853 4726 gratia,
2879 4657 2994 4726 pari
3022 4657 3239 4726 pietatis
3267 4673 3560 4724 consensu,

1969 4759 2076 4797 uno
2109 4743 2402 4798 voluntatis
2436 4744 2650 4810 affectu,
2693 4746 3022 4815 quotidianis
3069 4749 3273 4803 currite
3304 4750 3566 4821 profecti-

1968 4836 2088 4890 bus.
2129 4834 2354 4889 Omnem
2387 4850 2418 4888 a
2444 4845 2624 4890 vestra
2652 4845 2838 4892 sancta
2881 4841 3291 4895 conversatione
3321 4841 3567 4910 repellite

1970 4926 2276 4996 segnitiem,
2327 4925 2593 4980 luxuriam
2649 4929 2896 4982 castitate
2950 4939 3186 4997 mutate,
3242 4933 3565 4987 ebrietatem

1971 5017 2125 5087 quasi
2173 5015 2368 5071 inferni
2415 5016 2599 5073 foveas
2658 5018 2860 5090 fugite,
2913 5037 3275 5092 supervacuos
3329 5028 3564 5080 vestium

1972 5118 2200 5164 ornatus
2234 5110 2399 5164 nolite
2426 5110 2732 5179 exquirere.
2763 5112 2952 5169 Melius
2980 5100 3061 5169 est
3106 5118 3276 5171 servis
3305 5117 3419 5180 Dei,
3447 5117 3568 5172 ani-

1975 5221 2120 5258 mam
2151 5205 2536 5259 ecclesiasticis
2575 5222 2770 5262 ornare
2817 5209 3080 5273 moribus,
3131 5223 3293 5279 quam
3342 5223 3564 5277 corpus,
3626 5265 3632 5272 _

1973 5295 2235 5350 laicorum
2264 5297 2672 5363 consuetudine,
2718 5301 3019 5370 pompatica
3069 5300 3266 5353 vestire
3298 5300 3565 5355 vanitate.
3625 5303 3628 5307 ’

1974 5387 2043 5441 Et
2077 5388 2267 5442 melius
2312 5398 2412 5453 est,
2462 5404 2616 5444 sacra
2661 5392 2850 5446 matris
2898 5392 3155 5448 Ecclesia:
3207 5393 3568 5450 mundissima

1976 5479 2186 5534 calcare
2240 5481 2442 5544 limina,
2490 5497 2648 5551 quam
2703 5483 2992 5540 lutulentas
3039 5484 3248 5539 villanae
3301 5484 3569 5545 foeditatis

1976 5571 2199 5626 semitas
2233 5572 2598 5641 frequentare.
2634 5573 2918 5644 Regularis
2947 5577 3070 5630 vitae
3110 5592 3205 5632 vos
3233 5579 3452 5634 ordinet
3480 5580 3568 5636 di-

1979 5692 2006 5764 §
2031 5694 2064 5747 5
2096 5707 2218 5762 pag.
2253 5692 2375 5767 164.
2404 5693 2640 5767 Epistola
2672 5693 2797 5749 data
2821 5694 2986 5753 fuisse
3011 5696 3228 5754 videtur
3250 5716 3395 5758 anno
3435 5701 3562 5767 795,

1977 5774 2262 5838 postquam
2309 5766 2479 5838 altera
2509 5766 2624 5820 vice
2666 5767 2734 5820 ab
2766 5781 2966 5838 eorum
3001 5772 3274 5827 consortio
3298 5766 3566 5838 sublatus,

1979 5837 2033 5889 in
2059 5836 2288 5909 Galliam
2335 5836 2522 5909 rediit;
2564 5843 2688 5909 ante
2732 5837 2960 5909 cladem,
2989 5847 3137 5909 puto,
3162 5836 3569 5897 Lindisfarnené

1980 5905 2308 6030 sem,lcujus
2332 5906 2467 5961 alias
2503 5906 2558 5960 in
2583 5907 2683 5962 hac
2710 5907 2796 5962 vel
2819 5905 3066 5978 sequenti
3109 5911 3334 5982 epistola
3373 5913 3567 5970 memi-

1981 5991 2122 6030 lllSSC
2152 6013 2166 6028 ι

1981 5991 2166 6032 ιιιεεει.
