4078 6324
536 423 636 484 151

1409 416 1472 473 Β.
1510 415 1574 472 F.
1612 413 1839 472 ALBINI
1877 412 2009 472 SEU
2043 409 2319 470 ALCUINI
2353 408 2636 468 OPERUM
2673 405 2856 464 PARS
2891 404 2934 461 Ι.

3700 397 3814 455 151

533 534 915 610 corrigendum
944 532 1017 590 sit
1055 531 1113 588 in
1152 530 1395 588 moribus
1439 530 1867 587 mansuetudinis
1892 537 2114 592 vestrm,
2144 531 2192 588 Α
2220 534 2275 583 et
2302 526 2446 596 quod
2479 539 2743 589 amemus,
2767 521 3049 578 habemus.
3066 516 3352 610 amemus
3383 523 3588 572 aeterna
3615 522 3672 610 et
3696 533 3805 573 non

531 630 697 689 citius
740 625 1017 698 corrigite.
1065 623 1330 680 Patronos
1370 630 1581 677 vestros
1615 622 1683 677 ad
1713 637 1809 676 vos
1846 628 2116 686 revocate,

531 722 627 795 qui
655 735 751 776 vos
787 719 857 775 ad
901 726 1113 787 tempus
1157 714 1577 784 dereliquerunt.
1632 712 1751 769 Non
1800 711 1970 771 defuit
2016 712 2123 768 illis

529 820 773 886 potestas
809 810 952 882 apud
985 808 1082 864 Dei
1129 807 1473 863 clementiam
1497 845 1511 870 ,
1566 805 1659 861 sed
1708 806 1979 860 nescimus
2025 820 2123 859 cur

531 910 839 961 tacuerunt.
877 899 1053 956 Nolite
1086 897 1306 971 gloriari
1337 896 1391 951 in
1419 896 1657 951 vanitate
1684 895 1953 960 vestium;
2005 895 2122 950 haec

531 1012 644 1055 non
668 1003 753 1052 est
779 993 949 1066 gloria
974 991 1314 1047 sacerdotum
1343 995 1398 1043 et
1423 1001 1702 1044 servorum
1728 986 1846 1051 Dei,
1873 986 1965 1040 sed
1993 1001 2122 1039 con-

530 1087 775 1143 tumelia.
807 1085 981 1141 Nolite
1008 1084 1062 1138 in
1092 1081 1357 1137 ebrietate
1381 1080 1545 1134 verba
1575 1078 1876 1134 orationum
1907 1085 2116 1132 vestra-

510 1164 656 1236 rum
706 1177 901 1235 delere.
956 1175 1074 1232 Non
1105 1160 1330 1228 'exeatis
1378 1179 1502 1241 post
1548 1170 1787 1224 luxurias
1838 1169 2017 1224 carnis
2065 1176 2122 1222 et

530 1273 789 1328 avaritias
815 1268 1019 1334 saeculi,
1043 1267 1138 1323 sed
1168 1266 1225 1321 in
1252 1264 1474 1320 servitio
1505 1261 1599 1318 Dei
1627 1270 1684 1317 et
1709 1260 1971 1332 regularis
1997 1260 2121 1317 vita:

529 1364 812 1434 disciplina
844 1362 1070 1417 ﬁrmiter
1093 1366 1427 1429 permanete,
1455 1364 1516 1411 ut
1550 1355 1878 1410 sanctissimi
1906 1354 2118 1419 Patres,

526 1457 623 1528 qui
640 1471 737 1512 vos
753 1462 1079 1527 genuerunt,
1093 1451 1247 1509 vobis
1264 1457 1599 1521 protectores
1617 1461 1737 1504 esse
1756 1462 1864 1502 non
1883 1456 2117 1503 cessent.

525 1547 634 1604 Per
661 1546 878 1602 illorum
902 1544 1129 1616 vestigia
1168 1542 1478 1614 gradientes
1513 1541 1579 1597 de
1616 1539 1829 1595 illorum
1866 1539 2122 1608 precibus

522 1641 707 1698 securi
733 1638 1120 1712 permaneatis.
1153 1635 1331 1692 Nolite
1362 1635 1526 1690 tantis
1550 1633 1802 1689 Patribus
1828 1633 2121 1703 degeneres

523 1750 651 1792 esse
675 1733 792 1789 ﬁlii.
839 1732 1189 1802 Nequaquam
1233 1729 1308 1784 illi
1349 1744 1381 1783 a
1409 1735 1587 1783 vestra
1616 1726 1907 1781 cessabunt
1932 1722 2118 1780 defen-

456 1838 459 1843 “
525 1830 701 1894 sione,
722 1828 768 1883 si
790 1842 887 1881 vos
914 1826 1127 1881 illorum
1153 1822 1305 1892 sequi
1328 1821 1593 1877 videbunt
1619 1819 1887 1889 exempla.
1917 1817 2117 1872 Tamen

494 1920 600 1976 .de
642 1892 745 1974 ista
787 1917 1003 1973 miseria
1042 1914 1208 1971 nolite
1253 1919 1434 1969 mente
1476 1911 1832 1968 consternari.
1882 1909 2121 1980 Castigat
2150 1892 2196 1952 Β

527 2007 674 2065 Deus
710 2024 925 2063 omnem
964 2006 1133 2062 ﬁlium
1165 2020 1325 2075 quem
1364 2004 1556 2074 recipit
1584 2002 1773 2075 (Hebr.
1802 2018 1898 2066 xu,
1930 2001 2018 2073 6);
2066 2009 2122 2056 et

526 2100 654 2158 ideo
701 2099 839 2155 forte
881 2098 1001 2171 plus
1040 2113 1136 2153 vos
1181 2097 1509 2167 castigavit,
1564 2096 1687 2166 quia
1737 2094 1859 2164 plus
1909 2093 2117 2149 dilexit.

528 2191 867 2248 Hierusalem
901 2190 1097 2247 civitas
1129 2190 1240 2244 Deo
1273 2188 1470 2245 dilecta
1500 2186 1748 2243 Chaldcea
1776 2184 1989 2240 ﬁamma
2019 2200 2117 2255 pe-

523 2283 642 2339 riit.
665 2283 838 2339 Roma
859 2290 1170 2338 sanctorum
1188 2280 1554 2351 apostolorum
1572 2288 1625 2334 et
1647 2279 2119 2335 innumerabilium

525 2384 828 2448 martyrum
863 2390 1063 2432 corona
1097 2375 1430 2430 circumdata
1458 2389 1790 2445 paganorum
1820 2375 2120 2429 vastatione

526 2464 771 2536 disrupta
790 2473 895 2530 est,
922 2465 1019 2521 sed
1042 2465 1242 2535 pietate
1265 2464 1425 2520 citius
1450 2470 1786 2534 recuperata.
1824 2463 1957 2520 Tota
1983 2479 2120 2535 pene

524 2551 742 2625 Europa
768 2553 1068 2611 Gothorum
1092 2555 1180 2609 vel
1213 2553 1491 2610 Hunorum
1525 2555 1717 2626 gladiis
1744 2564 2003 2611 evacuata
2036 2566 2120 2613 est

523 2644 789 2711 ﬂammis;
823 2646 919 2701 sed
947 2644 1102 2717 [Ms.,
1129 2645 1198 2719 si]
1225 2645 1407 2711 modo,
1435 2655 1791 2703 conservante
1814 2648 1948 2714 Deo,
1974 2649 2118 2705 velut

525 2739 728 2797 omium
756 2739 949 2805 stellis,
981 2739 1055 2794 ita
1080 2740 1325 2795 ecclesiis
1350 2749 1543 2796 ornata
1574 2740 1845 2812 fulgescit,
1876 2753 1932 2797 et
1958 2742 2013 2797 in
2038 2744 2118 2800 eis

522 2829 700 2886 oﬁicia
730 2830 911 2900 vigent
937 2839 993 2884 et
1019 2839 1271 2887 crescunt
1298 2832 1576 2902 religionis
1601 2832 1941 2890 Christiania.
1976 2835 2116 2890 Hor-

524 2924 720 2978 tamini
760 2924 1115 2994 vosmetipsos
1161 2924 1394 2980 invicem
1437 2925 1717 2982 dicentes:
1761 2914 2120 2984 Révertamur

524 3016 597 3070 ad
637 3014 924 3070 Dominum
964 3015 1135 3071 Deum
1177 3026 1455 3083 nostrum,
1496 3018 1624 3088 quia
1654 3036 1881 3091 magnus
1923 3031 2007 3077 est
2050 3024 2116 3078 ad

522 3105 911 3179 ignoscendum
942 3108 1077 3182 (Isa.
1107 3126 1196 3177 ιν,
1228 3109 1303 3184 7),
1345 3118 1399 3166 et
1436 3128 1713 3183 nunquam
1752 3116 1954 3171 deserit
1990 3133 2114 3188 spe—

522 3206 709 3255 rantes
735 3200 792 3254 in
819 3216 897 3256 se.

596 3288 665 3344 Et
697 3297 756 3344 tu
785 3289 947 3345 Pater
975 3300 1180 3359 sancte,
1215 3294 1322 3352 dux
1350 3298 1529 3368 populi
1560 3297 1686 3365 Dei,
1730 3308 1916 3369 pastor
1938 3302 2117 3373 gregis

521 3383 732 3449 sancti,
775 3376 1016 3440 medicus
1043 3387 1382 3455 animarum,
1425 3391 1644 3448 lucerna
1677 3408 1839 3462 super
1867 3395 2119 3450 candela-

522 3476 684 3532 brum
712 3477 913 3547 posita,
942 3486 1061 3534 esto
1088 3478 1261 3535 forma
1295 3482 1352 3536 in
1381 3484 1526 3538 omni
1555 3484 1798 3540 bonitate
1826 3487 2039 3542 cunctis
2067 3494 2121 3541 te

525 3568 848 3624 videntibus.
876 3569 1008 3626 Esto
1028 3586 1212 3641 praeco
1233 3573 1421 3629 salutis
1441 3577 1650 3631 cunctis
1676 3584 1728 3632 te
1755 3577 2116 3634 audientibus.

528 3660 615 3718 Sit
639 3673 765 3718 tuus
791 3664 1083 3720 comitatus
1113 3667 1353 3722 honestis
1379 3669 1642 3735 moribus,
1667 3669 1788 3725 aliis
1815 3670 2118 3742 exemplum

527 3756 601 3811 ad
625 3757 825 3823 vitam,
857 3774 965 3814 non
994 3760 1061 3814 ad
1087 3760 1464 3829 perditionem.
1515 3764 1635 3820 Sint
1665 3764 1760 3819 tibi
1788 3768 1980 3836 epulm,
2012 3782 2119 3821 non

528 3844 587 3901 in
617 3847 905 3913 ebrietate,
949 3849 1043 3904 sed
1073 3849 1127 3904 in
1156 3852 1467 3908 sobrietate.
1520 3854 1642 3909 Sint
1669 3858 1991 3913 vestimenta
2027 3865 2119 3912 tuo

530 3937 723 4008 gradui
744 3939 1029 4011 condigna.
1049 3939 1166 3995 Noli
1184 3949 1236 3995 te
1250 3942 1589 4001 conformarc
1609 3948 1789 4003 saeculi
1814 3948 2120 4004 hominibus

526 4030 587 4085 in
612 4032 850 4088 vanitate
876 4034 1075 4104 aliqua.
1114 4033 1295 4091 Inanis
1322 4047 1547 4094 ornatus
1572 4040 2037 4105 vestimentorum,
2065 4049 2121 4095 et

525 4120 708 4178 cultus
737 4123 940 4181 inutilis
969 4126 1064 4181 tibi
1102 4134 1187 4183 est
1224 4128 1573 4199 opprobrium
1611 4137 1736 4185 ante
1768 4131 2034 4197 homines,
2065 4141 2121 4188 et

2139 3260 2190 3325 (Ξ

2221 615 2482 686 peritura.
2522 614 2692 670 Veras
2731 612 3014 681 diligamus
3048 608 3265 663 divitias
3308 616 3365 663 et
3397 623 3506 663 non
3546 607 3802 674 caducas,

2221 706 2579 776 sempiternas
2601 720 2706 759 non
2732 701 3104 767 transitorias;
3139 714 3395 771 paremus
3415 698 3571 754 nobis
3593 698 3807 754 laudem

2221 818 2253 858 a
2293 804 2422 869 Deo,
2464 811 2519 858 et
2556 818 2662 858 non
2702 802 2771 856 ab
2806 797 3135 855 hominibus.
3179 794 3467 850 Faciamus
3491 793 3635 862 quod
3663 791 3809 849 fece-

2221 904 2349 951 runt
2389 894 2562 950 sancti
2601 908 2736 963 quos
2780 890 3083 944 laudamus.
3130 885 3435 956 Sequamur
3469 883 3689 939 illorum
3714 899 3810 940 ve-

2222 986 2380 1057 stigia
2425 985 2479 1039 in
2526 985 2687 1039 terris
2711 1023 2726 1047 ,
2774 988 2835 1035 ut
2873 980 3090 1035 illorum
3132 976 3317 1048 glorise
3363 982 3644 1031 consortes
3687 988 3811 1030 esse

2222 1094 2527 1135 mereamur
2567 1076 2622 1131 in
2666 1074 2841 1131 cmlis.
2894 1071 3099 1127 Divina:
3139 1069 3358 1140 pietatis
3402 1066 3667 1138 protectio
3708 1082 3813 1121 nos

2220 1174 2291 1229 ab
2332 1171 2480 1228 omni
2523 1169 2847 1225 adversitate
2886 1164 3198 1230 custodiat,
3241 1162 3547 1219 charissimi
3590 1160 3811 1216 fratres.

2194 1260 2409 1319 'Valete
2438 1262 2494 1316 in
2515 1259 2733 1317 Christo
2772 1255 3132 1322 dilectissimi,
3163 1261 3219 1311 et
3244 1251 3631 1309 conlortamini
3659 1266 3810 1307 sem—

2220 1369 2318 1425 per
2350 1350 2741 1424 proﬁcientes.]
2754 1364 2796 1485 ba
2822 1437 3159 1498 EPISTOLA
3188 1438 3237 1493 Χ

2221 1555 2290 1595 an
2323 1549 2346 1578 ο
2378 1553 2736 1596 manumanu
2778 1534 3183 1610 (Ατιιιεωιωιιιι)
3217 1545 3669 1588 Αιιοιιιενιεεοιιυιι
3719 1544 3816 1587 DO—

2751 1622 2966 1665 ROENSIS
2980 1620 3276 1663 ClVl‘l‘A'l'lS.

2701 1701 2879 1775 (Anno
2904 1700 3007 1757 795
3040 1698 3121 1754 vel
3152 1696 3316 1769 seq.).

2224 1792 2489 1850 Hortatur
2511 1795 2580 1849 ad
2610 1794 2860 1849 sectanda
2888 1808 3105 1848 suorum
3143 1801 3531 1845 antecessorum
3569 1790 3815 1860 vestigia,

2293 1876 2342 1921 et
2369 1866 2439 1919 ad
2471 1865 2858 1937 exsequendum
2903 1861 3159 1937 intrepide
3196 1877 3388 1937 munus
3423 1863 3669 1937 pastoris
3692 1861 3818 1914 ani-

2295 1953 2538 2002 marum;
2561 1931 2615 1991 et
2638 1952 2758 1990 cum
2783 1931 3098 2006 coepiscopis
3127 1933 3236 1987 suis
3258 1931 3465 1987 verbum
3495 1931 3588 1985 Dei
3615 1931 3818 2002 absque

2295 2009 2485 2062 timore
2499 2007 2769 2078 prwdicet.

2290 2099 2389 2155 Pio
2430 2099 2578 2154 Patri
2613 2106 2667 2153 et
2703 2105 2904 2154 sanctae
2937 2095 3085 2153 sedis
3113 2094 3329 2166 praesuli
3354 2093 3675 2149 Edilhardo
3722 2108 3820 2149 ar-

2220 2196 2590 2267 chiepiscopo,
2616 2193 2836 2249 humilis
2856 2192 3019 2248 levita
3044 2189 3305 2247 Alcuinus
3325 2188 3577 2244 salutem.

2289 2288 2530 2344 Audiens
2576 2290 2771 2342 vestrae
2793 2283 3141 2340 salutationis
3183 2283 3349 2337 verba
3381 2279 3714 2345 dulcissima,
3753 2287 3817 2335 et

2218 2380 2599 2454 prosperitatis
2641 2386 2836 2435 vestrae
2886 2378 3176 2434 sanitatem
3235 2374 3420 2429 multis
3460 2387 3815 2444 pernecessa-

2220 2472 2378 2541 riam,
2401 2472 2557 2527 valde
2593 2486 2680 2526 me
2711 2470 2957 2543 gavisam
2982 2482 3101 2525 esse
3130 2466 3303 2524 fateor
3330 2484 3343 2520 :
3383 2465 3596 2521 Domini
3622 2474 3675 2519 et
3714 2464 3814 2519 Dei

2219 2565 2391 2622 nostri
2432 2562 2560 2620 Jesu
2588 2563 2787 2620 Christi
2817 2563 3112 2634 deprecans
3142 2567 3254 2614 tota
3285 2558 3479 2613 mentis
3526 2556 3815 2613 alacritate

2218 2660 2694 2717 clementissimam
2717 2658 2995 2729 pietatem,
3034 2663 3302 2726 quatenus
3329 2660 3564 2708 vestram
3617 2649 3820 2724 [beati-

2220 2752 2487 2825 tudinem]
2517 2753 2756 2823 longaeva
2790 2750 3058 2807 custodiat
3078 2747 3437 2819 prosperitate
3464 2745 3518 2800 in
3547 2758 3814 2815 augmen-

2217 2852 2336 2900 tum
2391 2854 2592 2901 sanctae
2618 2860 2729 2899 suae
2759 2843 3049 2907 Ecclesiae,
3100 2849 3158 2895 ut
3206 2855 3303 2910 per
3349 2848 3495 2894 tuam
3528 2836 3819 2893 devotissi-

2217 2952 2363 2992 mam
2398 2937 2701 2992 doctrinam
2750 2936 2973 2990 verbum
3022 2932 3176 3008 [Cod.
3233 2931 3374 2998 Sal.,
3426 2929 3629 3003 verbis]
3684 2930 3817 2987 vita:

2217 3038 2435 3085 mternze
2455 3038 2668 3085 crescat
2694 3037 2749 3084 et
2783 3038 2989 3093 currat,
3037 3034 3090 3083 ct
3121 3025 3510 3097 multiplicetur
3552 3040 3817 3079 numeris

2216 3121 2400 3192 populi
2448 3119 2745 3175 Christiani
2795 3120 2850 3175 in
2906 3119 3118 3174 laudem
3147 3126 3203 3173 et
3239 3117 3463 3187 gloriam
3515 3115 3819 3172 Salvatoris

2218 3213 2423 3278 nostri;
2470 3214 2524 3268 in
2563 3229 2671 3283 quo
2690 3228 2853 3283 opere
2881 3219 2954 3276 te,
2987 3210 3156 3265 frater
3181 3217 3385 3275 sancte,
3415 3208 3662 3262 laborare
3700 3214 3818 3260 tota

2220 3307 2421 3363 virtute
2462 3308 2710 3363 obsecro.
2744 3307 2811 3361 Et
2842 3314 3046 3376 quanto
3088 3304 3209 3374 plus
3258 3301 3651 3373 appropinquat
3695 3299 3821 3354 dies

2220 3399 2689 3463 remunerationis,
2713 3407 2862 3453 tanto
2882 3397 3055 3468 magis
3081 3395 3345 3452 mercedis
3366 3402 3470 3448 tuae
3492 3390 3814 3447 felicitatem

2220 3490 2566 3546 accumulare
2590 3490 2831 3545 studeas.

2290 3580 2478 3652 Cogita
2505 3581 2693 3652 quales
2732 3578 2987 3636 habueris
3025 3577 3178 3650 [Cod.
3213 3575 3352 3637 Sal.,
3381 3572 3633 3647 haberes]
3658 3571 3686 3613 ιι
3712 3588 3820 3628 an-

2222 3680 2520 3729 tecessores
2544 3673 2816 3737 doctores,
2842 3679 2896 3727 et
2919 3685 3129 3727 summa
3161 3668 3365 3724 lumina
3406 3667 3569 3723 totius
3594 3666 3816 3722 Britan-

2219 3766 2325 3821 nia:
2349 3764 2481 3838 [Cod
2511 3765 2653 3832 Sal.,
2683 3766 2849 3821 totius
2875 3764 3037 3835 hujus
3055 3760 3393 3835 provinciae].
3411 3761 3556 3816 Inter
3571 3775 3810 3830 quorum

2221 3857 2586 3912 sacratissima
2617 3871 2843 3927 corpora
2864 3855 2991 3910 dum
3024 3854 3286 3919 oraveris,
3322 3852 3534 3908 illorum
3556 3852 3816 3923 precibus

2220 3950 2525 4006 certissime
2583 3949 2947 4020 adjuvaberis,
2999 3947 3044 4003 si
3101 3948 3169 4002 ab
3217 3945 3433 4001 illorum
3467 3944 3713 4016 vestigiis
3759 3952 3816 3999 te

2220 4057 2322 4100 nec
2356 4042 2538 4099 saeculi
2559 4043 2762 4100 caduca
2786 4041 3153 4097 blandimenta
3176 4039 3519 4103 subtrahant,
3553 4053 3653 4093 nec
3680 4039 3812 4095 vani

2222 4133 2806 4204 terrores'principum
2863 4131 3246 4187 formidantem
3298 4129 3554 4186 elﬁciant.
3605 4129 3818 4187 Memor

521 4222 809 4285 peccatum
853 4224 979 4271 ante
1025 4219 1213 4273 Deum.
1261 4219 1450 4275 Melius
1496 4228 1581 4276 est
1620 4221 1856 4277 animam
1898 4222 1952 4277 in
1987 4238 2117 4293 per-
2219 4236 2339 4284 esto
2367 4243 2580 4299 semper
2598 4227 2742 4299 quod
2778 4234 2964 4298 guttur
2998 4233 3149 4287 tuum
3178 4225 3306 4280 tuba
3342 4224 3437 4279 Dei
3461 4223 3623 4279 debet
3666 4239 3814 4291 esse,

523 4317 750 4377 petuum
787 4319 1192 4377 permanentem
1231 4313 1391 4368 bonis
1429 4329 1627 4370 ornare
1665 4316 1927 4382 moribus,
1954 4332 2118 4386 quam
2218 4327 2276 4374 et
2321 4319 2501 4390 lingua
2529 4327 2621 4375 tua
2646 4319 2899 4375 omnibus
2939 4332 3117 4388 praeco
3161 4315 3370 4371 salutis.
3419 4315 3549 4371 Este
3597 4321 3813 4386 pastor,

526 4410 725 4466 corpus
758 4397 868 4453 cito
910 4398 964 4452 in
1003 4400 1222 4468 pulvere
1247 4411 1567 4472 putrescens
1591 4407 1875 4476 exquisitis
1901 4422 2118 4463 comere
2220 4426 2329 4465 non
2354 4410 2751 4475 mercenarius;
2782 4418 2982 4474 rector,
3006 4423 3113 4463 non
3143 4408 3466 4472 subversor;
3494 4406 3607 4473 lux,
3637 4416 3816 4463 etnon

524 4492 791 4547 vestibus.
832 4492 1108 4547 Vestiatur
1149 4503 1205 4549 et
1247 4496 1474 4552 satietur
1506 4495 1758 4554 Christus
1781 4499 1834 4553 in
1859 4514 2114 4570 paupere,

2221 4501 2489 4566 tenebrae;
2521 4499 2712 4555 civitas
2732 4500 2887 4555 ﬁrma
2912 4499 3016 4554 ﬁde
3038 4505 3272 4564 murata,
3306 4514 3415 4553 non
3454 4498 3645 4553 domus
3688 4499 3816 4569 plu-

524 4595 587 4643 ut
617 4589 734 4644 haec
759 4586 965 4644 faciens
1008 4598 1196 4660 regnet
1238 4606 1363 4645 cum
1387 4591 1626 4649 Christo.
1668 4593 1990 4663 Redemptio
2014 4595 2115 4650 viri
2149 4590 2324 4690 Dviis
2376 4589 2585 4655 diruta;
2639 4589 2796 4646 miles
2844 4588 3047 4645 Christi
3100 4589 3395 4660 gloriosus,
3427 4602 3536 4645 non
3562 4597 3816 4661 apostata

523 4679 763 4751 propria:
790 4679 990 4734 divitim
1014 4679 1196 4753 (Prov.
1224 4699 1346 4749 xm,
1377 4682 1454 4754 8).
1504 4682 1563 4738 Si
1590 4700 1781 4740 aurum
1808 4685 2113 4757 diligamus,

524 4769 922 4843 praemittamus
960 4771 1115 4827 nobis
1149 4772 1204 4827 in
1244 4774 1464 4841 cmlum,
1489 4774 1580 4831 ubi
1608 4776 1916 4831 servabitur
1938 4777 2114 4845 nobis,

600 4934 627 5002 ξι
652 4920 1287 5002 WilhelmusMalmesb.
1316 4927 1412 5002 lot.
1441 4928 1555 5002 cit.,
1594 4945 1716 5002 pag.
1747 4930 1904 4998 1675,
1935 4932 2033 5000 ait,
2062 4934 2116 4989 in

526 4992 678 5049 calce
724 4992 882 5061 hujus
923 4996 1164 5064 epistolae
1210 4999 1278 5053 ab
1319 4992 1549 5055 Alcuino
1592 4992 1773 5056 addita
1819 4992 1984 5059 fuisse
2020 4992 2116 5060 'se-

525 5064 781 5146 quentia:
809 5084 829 5147 ε
855 5064 987 5147 Cum
1019 5068 1252 5147 domnus
1286 5079 1470 5147 noster
1495 5086 1590 5147 rex
1614 5071 1852 5128 Carolus
1869 5075 2117 5131 hostibus

458 5146 473 5216 ς
525 5150 627 5216 per
651 5137 1077 5216 misericordiam
1105 5138 1201 5216 Dei
1228 5140 1457 5196 subditis
1475 5142 1699 5216 domum
1728 5153 2109 5216 reverteretur,

525 5215 653 5288 nos,
691 5205 802 5288 Deo
836 5205 1079 5288 juvante,
1108 5210 1175 5263 ad
1211 5225 1335 5288 eum
1368 5213 1552 5288 venire
1575 5212 1938 5288 disponimus;
1985 5225 2040 5271 et
2067 5205 2113 5272 si

526 5278 656 5345 quid
702 5285 828 5333 tunc
870 5278 958 5352 vel
992 5280 1057 5332 de
1098 5280 1281 5352 pueris
1320 5283 1414 5351 qui
1455 5284 1511 5338 in
1557 5278 1933 5352 captivitatem
1966 5289 2113 5343 ducti

526 5356 655 5420 sunt
696 5364 727 5402 a
770 5349 1024 5420 paganis,
1064 5350 1149 5404 vel
1186 5351 1253 5405 de
1294 5349 1415 5408 aliis
1454 5349 1870 5414 necessitatibus
1912 5359 2113 5415 nostris

525 5416 647 5543 ΕΚ,
682 5416 898 5494 ves—tris]
937 5421 1201 5491 proﬁcere
1238 5424 1559 5493 poterimus,
1596 5425 1883 5496 diligentes
1923 5430 1991 5484 ad
2031 5429 2113 5484 ef-

550 5500 731 5543 ectum
769 5495 1069 5543 nroducere
1106 5493 1437 5543 curabimus.
1470 5515 1489 5543 ι

550 5493 731 5544 'ectum
769 5493 1069 5561 producere
1106 5493 1437 5550 curabimus.
1470 5515 1489 5548 ι

602 5561 630 5599 1)
656 5561 1060 5629 Edit.Quercet.
1084 5563 1175 5627 28,
1192 5562 1373 5620 Canis.
1402 5567 1427 5621 1

1520 5570 1709 5624 roben.
1727 5568 1802 5639 9);
1827 5569 2109 5626 emendata

527 5645 595 5686 ex
622 5632 743 5706 cod.
774 5634 1333 5706 mss._Salisburgensi
1369 5647 1424 5693 et

1499 5679 1512 5693 .
1546 5640 1893 5695 Emmerami.

604 5712 635 5776 °_
664 5701 821 5776 Varie
864 5704 1040 5776 m'utat
1060 5705 1162 5760 hoc
1186 5701 1386 5763 nomen
1430 5708 1741 5764 zEdilhardi
1763 5728 1783 5776 ;
1809 5711 1943 5766 alias
1963 5713 2108 5767 enim

530 5771 1106 5853 slcriptum'i‘nvenitur:
1124 5776 1488 5853 _E_del_hardus,
1513 5771 1886 5853 Ethilhardus,
1915 5782 2110 5838 Adelar

527 5843 657 5924 ius,
687 5841 1060 5924 Athilhardusj
1098 5841 1483 5924 Athelhardas.
1508 5850 1632 5905 Fuit
1647 5841 2108 5924 Aarchiepiscolms

527 5912 979 5979 Dorovcrnensis,
993 5914 1196 5971 electus
1207 5932 1349 5974 anno
1364 5920 1627 5988 79l,teste
1641 5912 1893 5980 Simeone
1908 5912 2104 5981 Duriel—

2218 4681 2371 4749 vilis;
2403 4682 2746 4753 praedicator,
2778 4689 2834 4736 et
2860 4696 2966 4737 non
3004 4680 3271 4736 adulator.
3305 4680 3496 4736 Melius
3518 4689 3602 4738 est
3639 4682 3816 4739 Deum

2220 4774 2435 4842 timere,
2487 4791 2647 4847 quam
2704 4775 3018 4843 hominem;
3055 4775 3177 4846 plus
3213 4775 3325 4832 Deo
3367 4775 3605 4847 placere,
3645 4792 3812 4849 quam

2217 4929 2392 5000 mensi
2408 4928 2547 4999 apud
2567 4928 2695 5000 Pagi
2719 4931 2774 4985 h.
2794 4944 2939 4994 a.,n.
2959 4929 3045 4983 ll.
3070 4930 3263 4985 Exstat
3284 4928 3400 4998 ejus
3423 4931 3626 4986 mentio
3649 4931 3702 4986 in
3726 4931 3815 4987 ln-

2255 4998 2345 5055 ulﬁ
2375 4998 2612 5056 Historia
2643 4998 2699 5055 et
2719 5001 2960 5070 epistolis
2990 5000 3200 5055 Kenulﬁ
3225 5002 3368 5071 regis
3393 5001 3717 5057 Merciorum
3742 5003 3812 5058 ad

2262 5087 2452 5127 eonem
2473 5071 2539 5126 ΙΙΙ
2579 5071 2884 5142 pontiﬁcem
2912 5088 3057 5127 max.
3084 5078 3141 5125 et
3165 5072 3365 5127 Leonis
3403 5073 3470 5127 ad
3494 5072 3811 5139 Kenulfum,

2256 5158 2353 5197 nas
2381 5142 2670 5213 descripsnt
2700 5144 3048 5199 continuatur
3096 5142 3255 5198 Beda:
3294 5142 3390 5197 lib.
3420 5159 3462 5208 ι,
3508 5159 3635 5213 cap.
3670 5144 3738 5198 12
3755 5153 3816 5200 et

2249 5159 2353 5210 uas
2381 5159 2670 5213 uescnpsnt
2700 5159 3048 5199 continuatur
3096 5159 3255 5198 uena:
3294 5159 3390 5197 uo.
3420 5159 3462 5208 ι,
3508 5159 3577 5198 ea
3622 5184 3635 5198 .
3670 5159 3738 5198 1:
3755 5159 3812 5200 et

2249 5214 2303 5268 5.
2335 5213 2603 5269 (Σικιειιιε.
2628 5244 2700 5253 -
2722 5213 3063 5270 Mabillonius
3086 5213 3181 5268 lib.
3213 5229 3320 5269 xxv
3354 5213 3551 5269 Annal.
3580 5159 3812 5282 Bennett,

2213 5298 2269 5337 ιι.
2311 5284 2381 5340 84
2409 5327 2424 5350 ,
2465 5301 2521 5355 p.
2565 5284 2693 5349 291,
2739 5283 3117 5355 Ᾱίιιίιιιιιωιιιιι
3153 5292 3312 5338 vocat
3364 5285 3533 5340 virum
3589 5301 3815 5341 summa:

2210 5357 2503 5426 sanctitatis
2546 5365 2596 5410 et
2641 5356 2909 5426 sapientia:
2936 5396 2953 5422 ,
2983 5354 3076 5425 qui
3103 5355 3373 5424 quondam
3427 5356 3595 5411 abbas
3651 5355 3818 5412 fuerit

2212 5424 2742 5492 Malmesburiensis’,
2801 5424 3017 5497 postea
3050 5434 3231 5481 autem
3262 5426 3547 5497 episcOpus
3587 5425 3815 5482 Winto-

2211 5497 2433 5563 niensis,
2462 5514 2527 5555 ac
2579 5495 2953 5569 demum‘post
2991 5497 3272 5569 decessum
3307 5495 3572 5569 lamberti
3605 5497 3816 5569 electus

2210 5569 2652 5640 archiepiscopus
2717 5567 3171 5640 Cantuaricnsis,
3210 5567 3314 5640 (Ex
3372 5567 3657 5640 Cervas,
3702 5568 3811 5640 col.

2212 5639 2372 5704 1642,
2403 5638 2463 5696 et
2481 5638 2771 5697 Wilhelmo
2798 5639 3077 5695 Malmesb.
3111 5639 3203 5694 lib.
3224 5638 3249 5694 Vt
3270 5639 3335 5693 de
3364 5638 3593 5710 Regibus
3618 5638 3808 5710 Angl.,

2208 5711 2714 5866 eigzittécessores.
2737 5779 3732 5866 Omnes'sanctissirnos,Augustinum
3750 5788 3812 5837 et

2206 5854 2364 5918 alios,
2391 5854 2469 5908 ait
2502 5854 2821 5908 Wilhelmus
2864 5854 3144 5909 Malmesb.
3179 5854 3274 5907 lib.
3307 5868 3320 5905 ι
3351 5850 3429 5906 De
3457 5850 3628 5920 gestis
3659 5865 3806 5920 pon-

2209 5923 2293 5979 til'.
2322 5922 2510 5995 Augl.,
2542 5924 2636 5981 ubi
2660 5940 3004 5981 successores
3036 5924 3178 5980 vide.
3208 5922 3480 5979 Οιιιιιιειιιδ.
