4084 6428
185 467 269 528 {53
1569 457 1952 518 EPISTOLIE.
2572 458 2576 461 ’
3311 465 3412 520 154

179 580 352 644 homini
376 577 627 635 blandiri.
670 576 808 646 Quid
837 586 920 634 est
941 578 1206 646 adulator,
1237 579 1341 634 nisi
1367 579 1594 636 blandus
1621 578 1722 658 ini-
1749 582 1798 640 Α
1825 579 1985 633 ritate
2014 592 2028 632 :
2069 577 2186 634 Sint
2216 579 2380 635 lumbi
2402 580 2557 636 vestri
2583 581 2854 652 prwcincti
2887 587 2936 636 et
2971 580 3198 638 lucernte
3226 584 3416 640 arden"

181 673 356 734 iniens?
374 671 572 726 Ambos
596 671 792 741 perdit,
826 687 884 727 se
921 671 1096 743 ipsum
1127 681 1180 727 et
1213 687 1369 726 suum
1399 672 1718 727 auditorem.
1825 679 1899 724 tes
1930 672 1984 724 in
2013 672 2254 727 manibus
2282 672 2462 726 vestris
2485 670 2638 743 (Luc.
2665 687 2772 738 xu,
2801 671 2915 744 '55).
2935 673 2993 728 ln
3023 672 3222 729 lumbis
3255 676 3418 730 casti-

178 765 254 825 lsti
295 770 427 826 sunt,
475 762 564 832 qui
613 771 871 817 consuunt
921 759 1165 834 pulvillos
1220 762 1315 816 sub
1366 761 1508 815 omni
1546 761 1723 814 cubitu
1825 763 1952 818 tatis
1979 763 2262 831 sanctitas,
2298 764 2352 819 in
2381 764 2617 820 lucernis
2653 765 3057 834 praedicationis
3084 766 3304 824 claritas
3325 769 3419 827 de-

179 857 364 932 (Ezech.
387 870 505 920 xm,
529 854 640 926 18),
688 861 742 909 et
778 868 908 910 oves
941 853 1142 909 Christi
1186 854 1457 909 morbidas
1497 853 1720 916 faciunt,
1826 854 2094 926 signatur.

176 967 264 1007 non
287 953 512 1004 sanatas.
1263 1019 1273 1028 .
1897 945 2103 1001 Memor
2138 953 2256 1001 esto
2303 945 2448 1016 quod
2497 947 2754 1002 sacerdos
2787 947 3009 1020 angelus
3058 949 3270 1005 Domini
3321 949 3418 1006 Dei

235 1041 325 1114 14
349 1041 564 1110 Virgam
598 1040 852 1111 accepisti
874 1039 1199 1112 pastoralem
1228 1048 1282 1097 et
1317 1040 1569 1096 baculum
1598 1053 1727 1094 cou—
1768 1038 1774 1044 ”
1825 1046 1910 1092 est
1935 1037 2154 1104 excelsi,
2205 1045 2260 1092 et
2287 1037 2372 1092 lex
2413 1047 2600 1093 sancta
2639 1053 2707 1094 ex
2757 1054 2852 1095 ore
2901 1039 3018 1108 ejus
3073 1042 3417 1112 requirenda,

173 1133 415 1194 solationis
468 1133 724 1189 fraternae
755 1152 767 1188 :
810 1134 958 1188 illam
993 1134 1060 1189 ad
1103 1135 1418 1205 regendum,
1439 1135 1610 1206 istum
1659 1132 1728 1187 ad
1821 1128 1976 1200 juxta
1995 1131 2209 1201 quodin
2241 1129 2507 1186 Malachia
2529 1133 2793 1202 prepheta
2823 1133 2909 1204 (ιι,
2935 1133 2989 1206 7)
3017 1134 3264 1206 legimus.
3294 1135 3423 1208 Spe-

172 1226 547 1287 consolandum.
597 1226 668 1283 Ut
705 1234 997 1283 mmrentes
1039 1227 1464 1282 consolationem
1494 1227 1729 1281 habeant
1828 1220 2035 1275 culator
2053 1235 2269 1291 quoque
2291 1221 2452 1276 estin
2479 1221 2851 1278 excelsissimo
2874 1225 3083 1294 positus
3105 1225 3242 1280 loco.
3267 1225 3422 1281 Unde

172 1319 216 1378 in
251 1329 314 1385 te,
354 1327 407 1375 et
439 1328 794 1375 contumaces
823 1319 1217 1374 correctionem
1249 1319 1485 1374 sentiant
1507 1333 1606 1388 per
1651 1325 1725 1373 te.
1828 1320 1886 1368 et
1931 1315 2218 1385 episcopus
2265 1313 2484 1381 dicitur,
2539 1315 2694 1384 quasi
2746 1316 3054 1386 speculator
3087 1316 3243 1389 [Cod.
3275 1317 3420 1385 Sal.,

171 1407 386 1467 Potestas
406 1409 612 1480 iudicis
662 1418 763 1475 est,
796 1411 1076 1475 occidere;
1108 1419 1197 1464 tua
1228 1424 1378 1474 vero,
1429 1409 1726 1463 viviﬁcare.
1829 1403 2350 1477 superspeculator],
2373 1406 2468 1475 qui
2490 1405 2637 1460 omni
2659 1407 2922 1461 exercitui
2946 1407 3148 1464 Christi
3168 1409 3422 1480 prudenti

173 1499 285 1572 Quid
315 1503 470 1558 times
512 1503 786 1558 hominem
833 1510 1057 1574 propter
1089 1502 1346 1574 gladium,
1377 1502 1469 1572 qui
1521 1501 1729 1556 clavem
1831 1497 2056 1552 consilio
2077 1495 2363 1567 providere
2391 1497 2572 1562 debet,
2605 1496 2736 1567 quid
2763 1498 3064 1553 cavendum
3096 1499 3186 1565 sit,
3228 1499 3425 1570 quidve

173 1596 296 1666 regni
343 1595 601 1666 accepisti
632 1611 663 1649 a
690 1595 940 1650 Christo?
968 1594 1274 1650 Recordare
1314 1603 1514 1664 quanta
1539 1607 1731 1663 passus
1832 1589 2118 1662 agendum.
2175 1588 2270 1644 Isti
2324 1596 2468 1654 sunt,
2521 1588 2575 1642 id
2628 1597 2714 1644 est
2759 1590 3086 1655 sacerdotes,
3135 1590 3424 1646 luminaria

169 1699 240 1748 est
257 1690 339 1746 ille
364 1705 464 1760 pro
492 1699 565 1754 te,
587 1698 641 1744 et
665 1705 771 1744 non
798 1698 1007 1744 metuas
1041 1689 1187 1758 loqui
1221 1703 1320 1760 pro
1355 1687 1464 1742 illo.
1496 1686 1589 1740 ille
1630 1701 1731 1755 pro
1832 1689 2034 1736 sancta
2063 1679 2155 1734 Dei
2179 1678 2454 1744 Ecclesiae,
2486 1678 2739 1734 doctores
2765 1679 2946 1750 gregis
2966 1678 3192 1734 Christi.
3233 1679 3326 1735 Isti
3367 1680 3424 1735 in

170 1793 244 1839 tuo
276 1798 456 1837 amore
508 1781 672 1837 clavis
722 1781 965 1838 confixus
1003 1781 1256 1852 pependit
1283 1781 1336 1835 in
1369 1795 1549 1845 cruce,
1593 1788 1648 1834 et
1674 1787 1728 1833 tu
1831 1773 2006 1843 prima
2037 1770 2152 1826 acie
2180 1770 2434 1824 vexillum
2455 1778 2656 1825 sanctae
2684 1770 2863 1825 erucis
2884 1785 2989 1824 non
3020 1770 3260 1841 segniter
3290 1769 3424 1827 sub-

169 1875 334 1930 sedens
379 1875 432 1928 in
478 1873 608 1929 seua
651 1874 928 1944 dignitatis
967 1882 1072 1928 tua;
1100 1874 1168 1928 οι)
1201 1873 1448 1927 timorem
1497 1871 1730 1926 hominis
1834 1866 2016 1919 levare
2053 1862 2270 1927 debent,
2301 1869 2358 1917 et
2390 1862 2459 1916 ad
2499 1877 2714 1916 omnem
2743 1861 3003 1932 impetum
3027 1862 3242 1917 hostilis
3267 1877 3428 1917 exer-

169 1967 408 2021 tacueris?
440 1965 556 2022 Non
607 1967 702 2032 ita,
732 1965 919 2030 frater,
951 1981 1057 2021 non
1086 1966 1180 2020 ita.
1219 1965 1323 2020 Sed
1351 1965 1491 2020 sicut
1516 1963 1606 2018 ille
1650 1963 1732 2018 di-
1759 1953 1808 2012 B
1837 1956 1978 2011 citus
2021 1954 2272 2024 intrepidi
2303 1962 2466 2008 stare.
2497 1953 2561 2008 Hi
2601 1960 2728 2008 sunt
2777 1953 2868 2023 qui
2915 1951 3138 2018 talenta,
3167 1954 3427 2009 redeunte

168 2056 275 2112 lexit
308 2066 377 2122 te,
418 2059 493 2112 ita
527 2059 688 2128 dilige
729 2065 784 2114 et
811 2058 1002 2112 illum.
1050 2057 1151 2124 Qui
1183 2057 1302 2127 plus
1349 2057 1577 2120 laborat,
1611 2055 1731 2125 plus
1833 2047 1981 2118 Rege
2019 2054 2208 2101 nostro
2249 2045 2360 2099 Deo
2403 2043 2620 2099 Christo
2647 2058 2770 2097 cum
2795 2043 3095 2113 triumpho
3119 2043 3305 2115 gloriae
3356 2044 3426 2100 ad

167 2149 411 2203 mercedis
436 2148 683 2220 accipiet.
713 2148 770 2203 Si
791 2150 1220 2220 persecutionem
1240 2148 1465 2218 patieris
1511 2155 1732 2217 propter
1832 2147 2116 2210 paternam
2158 2140 2362 2203 sedem.
2414 2146 2768 2207 acceperunt;
2809 2145 2865 2192 et
2891 2137 3192 2192 reveriienti
3235 2138 3426 2194 eodem

165 2239 364 2293 verbum
421 2241 539 2304 Dei,
591 2241 720 2310 quid
767 2241 1010 2296 beatius?
1055 2241 1175 2312 Ipso
1221 2240 1446 2294 Domino
1474 2239 1728 2294 dicente:

1833 2243 2030 2299 magno
2056 2227 2232 2282 Judici
2277 2227 2330 2282 in
2371 2227 2457 2283 die
2477 2227 2664 2282 ultima
2694 2225 2850 2298 [Cod.
2881 2227 3022 2293 Sal.,
3049 2227 3276 2300 ultimm]
3320 2227 3429 2283 tis-

162 2327 287 2383 Beati
311 2331 406 2401 qui
448 2331 854 2401 persecutionem
903 2332 1175 2401 patiuntur
1214 2340 1426 2402 propter
1445 2330 1732 2399 justitiam,
1835 2322 2096 2378 cretionis
2125 2321 2390 2376 rationem
2436 2320 2698 2376 reddituri
2725 2328 2873 2386 sunt,
2903 2329 3167 2391 quantum
3193 2321 3424 2390 quisque

162 2420 393 2488 quoniam
416 2422 656 2491 ipsorum
682 2431 756 2474 est
789 2438 1002 2491 regnum
1026 2421 1272 2476 caelorum
1301 2421 1516 2492 (Matth.
1543 2438 1598 2486 v,
1622 2422 1733 2492 10).
1836 2433 1904 2473 ex
1931 2415 2332 2486 praedicationis
2363 2415 2549 2469 labore
2572 2414 2813 2469 lucratus
2840 2421 2986 2468 esset
3013 2413 3067 2468 in
3107 2413 3283 2468 ofﬁcio
3331 2427 3431 2467 suo

162 2510 249 2565 Et:
289 2511 460 2566 Ibant
515 2512 734 2582 apostoli
778 2512 1059 2580 gaudentes
1107 2530 1139 2565 a
1187 2521 1460 2583 conspectu
1508 2512 1734 2578 concilii,

1842 2506 2059 2576 (Matth.
2082 2504 2230 2576 xxv).
2255 2503 2593 2574 Quapropter
2619 2503 2869 2574 teipsum,
2895 2503 3215 2558 charissime
3239 2501 3427 2566 frater,

161 2602 394 2670 quoniam
421 2601 568 2671 digni
589 2602 752 2655 habiti
771 2610 891 2656 sunt
915 2602 1256 2657 contumelias
1275 2605 1384 2674 pati
1406 2620 1500 2674 pro
1532 2605 1741 2658 nomine
1842 2597 2094 2652 idoneum
2140 2611 2384 2666 praepara
2438 2595 2746 2650 ministrum
2797 2595 3066 2651 sermonis
3111 2594 3229 2649 Dei.
3281 2594 3434 2650 Alios

160 2693 264 2747 tetu
290 2692 439 2764 (Act.
469 2692 657 2762 v,4l).
696 2694 801 2747 Et:
845 2694 969 2748 Non
997 2705 1119 2748 sunt
1158 2697 1431 2766 condignae
1473 2697 1741 2767 passione;
1842 2703 2056 2759 quoque
2095 2685 2510 2742 consacerdotes
2557 2693 2681 2741 tuos
2727 2685 2958 2740 admone
2999 2683 3432 2755 diligentissime,

163 2786 300 2856 hujus
323 2787 580 2856 temporis
618 2786 688 2840 ad
727 2798 1150 2858 superventuram
1179 2788 1423 2858 gloriam,
1451 2807 1568 2861 qua;
1597 2807 1739 2845 τρυε-
1840 2780 1896 2835 in
1933 2780 2100 2834 verbo
2141 2779 2265 2833 vit:e
2309 2793 2432 2834 cum
2463 2777 2610 2832 omni
2642 2775 2901 2832 instantia
2935 2775 3213 2840 laborare;
3244 2782 3434 2844 quate-

165 2877 340 2933 labitur
391 2880 450 2933 in
477 2879 622 2932 nobis
654 2878 832 2950 (Rom.
881 2895 1000 2944 vm,
1042 2881 1150 2951 18).
1183 2880 1241 2935 Si
1271 2882 1600 2952 corripueris
1649 2884 1743 2938 de-
1840 2889 1944 2929 nus
1967 2871 2134 2944 [cum]
2166 2870 2446 2940 multiplici
2473 2869 2852 2941 negotiationis
2877 2869 3028 2924 lucro
3051 2877 3176 2923 ante
3202 2883 3432 2938 conspe-

165 2967 486 3040 linquentem
515 2978 570 3026 et
608 2971 676 3025 ad
720 2981 868 3026 tuam
908 2973 1330 3044 increpationem
1375 2977 1612 3045 corriget
1660 2992 1739 3043 se,
1842 2973 1990 3022 ctum
2016 2963 2433 3022 :eterniJudicis
2447 2963 2667 3035 gloriosi
2690 2970 3004 3033 appareant.
3028 2961 3214 3016 Estote
3235 2959 3434 3015 unani-

168 3062 310 3117 etiam
333 3062 493 3135 [Cod.
528 3061 669 3129 Sal.,
698 3063 846 3136 ecce]
876 3064 971 3119 tibi
1009 3073 1093 3120 est
1128 3080 1337 3120 merces
1361 3067 1504 3136 apud
1547 3066 1737 3131 Deum,
1839 3075 1957 3116 mes
1986 3060 2040 3114 in
2058 3057 2206 3114 omni
2233 3057 2460 3112 consilio
2483 3056 2722 3127 pietatis,
2753 3065 2807 3112 et
2850 3062 3162 3112 constantes
3198 3053 3251 3107 in
3284 3053 3434 3108 omni

167 3161 214 3208 et
254 3154 350 3209 sibi
378 3153 486 3208 crit
537 3153 737 3209 salusa
767 3155 909 3222 Deo;
937 3156 982 3210 si
1018 3163 1166 3210 tuam
1190 3157 1367 3212 oderit
1417 3157 1741 3228 increpatio-
1836 3149 2040 3221 judicio
2091 3148 2381 3221 aequitatis.
2413 3147 2604 3203 Nullus
2657 3146 2814 3220 [Cod.
2878 3146 3020 3212 Sal.,
3081 3143 3299 3217 nullius]
3338 3161 3437 3201 vos

172 3259 279 3300 nem
313 3244 521 3319 [Canis.
549 3255 597 3300 et
624 3244 754 3300 Cod.
788 3244 929 3313 Sal.,
961 3246 1006 3302 si
1033 3255 1085 3302 te
1113 3247 1288 3303 oderit
1318 3247 1736 3322 increpantem],
1777 3316 1813 3322 _
1845 3244 2096 3298 humanae
2137 3241 2419 3312 dignitatis
2446 3248 2623 3296 terror
2661 3245 2896 3308 separet,
2932 3237 3078 3292 nulla
3109 3237 3434 3293 adulationis

170 3334 236 3390 illi
259 3316 653 3403 estdamnatio,
669 3346 724 3392 et
746 3337 844 3393 tibi
870 3339 1164 3395 beatitudo.
1472 3316 1488 3318 _
1693 3316 1712 3322 ’
1763 3316 1814 3382 C
1842 3335 2212 3390 blandimenta
2239 3333 2516 3400 dividant;
2546 3331 2640 3386 sed
2658 3331 2814 3402 quasi
2842 3329 2989 3386 acies
3007 3337 3311 3386 castrorum
3336 3327 3433 3384 Doi

231 3426 354 3484 Esto
380 3429 598 3484 miseris
636 3429 958 3496 consolator,
988 3430 1314 3501 pauperibus
1351 3439 1529 3502 pater,
1555 3432 1735 3488 omni-
1841 3425 2151 3482 ﬁrmissima
2190 3425 2399 3479 unitate
2420 3438 2516 3478 vos
2539 3422 2867 3494 coniungite.
2898 3421 2988 3477 Sic
3036 3422 3252 3478 tandem
3302 3437 3434 3476 con-

171 3519 268 3575 bus
280 3518 525 3586 affabilis,
542 3522 712 3578 donec
732 3521 996 3594 intelligas
1010 3523 1140 3592 quid
1159 3523 1353 3594 cuique
1373 3525 1733 3594 respondeas;
1839 3518 2022 3574 cordia
2044 3524 2224 3572 vestra
2245 3516 2504 3571 terribilis
2523 3522 2751 3586 apparet
2770 3514 2937 3576 omni,
2965 3514 3055 3584 qui
3078 3513 3194 3568 vult
3214 3512 3429 3568 veritati

173 3618 224 3666 et
253 3626 460 3684 semper
506 3623 597 3669 tua
627 3617 910 3686 responsio
947 3617 1058 3672 sale
1092 3617 1164 3672 sit
1193 3618 1469 3688 sapientiae
1495 3619 1740 3686 condita,
1840 3609 2234 3672 contradicere,
2268 3607 2555 3662 Salomone
2582 3606 2797 3662 dicente
2829 3624 2841 3660 :
2875 3604 3069 3660 Frater
3093 3605 3140 3658 si
3183 3621 3216 3658 a
3271 3604 3436 3674 fratre

175 3719 269 3759 non
313 3708 624 3772 temeraria,
659 3710 754 3764 sed
793 3710 1050 3776 honesta;
1081 3727 1188 3766 non
1215 3712 1462 3778 verbosa,
1500 3714 1594 3768 sed
1623 3729 1740 3769 mo-

1569 3714 1594 3768 d
1623 3729 1740 3769 mo.
1841 3700 2146 3771 adjuvatur,
2178 3699 2359 3753 civitas
2385 3699 2542 3768 ﬁrma
2570 3707 2643 3753 est
2681 3697 2863 3768 (Prov.
2893 3713 3046 3762 xvm,
3075 3697 3182 3769 19).

177 3796 330 3894 δεδείξ-
355 3796 472 3894 Sim
494 3799 612 3894 fibi
638 3815 818 3894 mores
850 3803 1185 3859 humanitate
1211 3806 1481 3875 praeclari.
1525 3807 1740 3862 humili-
1918 3823 2020 3894 15
2051 3823 2160 3878 Vos
2185 3822 2336 3887 estis,
2369 3822 2584 3877 dicente
2612 3819 2876 3885 Veritate,
2908 3817 2999 3871 lux
3023 3815 3190 3871 totius
3215 3814 3434 3870 Britano

179 3895 273 3991 tate
298 3889 842 3991 laudabiles-pietate
865 3895 1151 3962 amabiles;
1181 3904 1239 3991 ut
1267 3912 1372 3952 non
1402 3897 1578 3991 solum
1619 3914 1741 3991 ver-
1840 3889 1960 3976 nia:
1977 3889 2142 3991 ξςοά,
2171 3918 2312 3983 sat”
2344 3918 2488 3972 imus
2515 3915 2808 3986 ριιονῑηοῑω
2840 3910 3060 3983 nostrae)
3087 3953 3102 3977 ,
3130 3910 3210 3966 sal
3241 3918 3427 3974 terra),

180 3979 380 4083 bis,.sed
407 3983 673 4083 exemplis
693 3985 908 4040 erudias
946 3993 1123 4083 tecum
1145 3987 1407 4053 viventes,
1446 3988 1529 4041 vel
1575 3990 1643 4044 ad
1687 3997 1741 4046 te
1843 3979 2036 4069 civita‘s
2066 4026 2230 4083 super
2267 3979 2735 4078 montem-posita,
2762 4005 2982 4060 lucerna
3025 3979 3188 4071 5W
3232 4000 3434 4055 canae-

179 4073 448 4130 νθυίθηίεε·
512 4074 597 4129 Si‘
656 4083 744 4130 tua
804 4091 996 4132 manus
1047 4077 1192 4149 “"83
1249 4079 1303 4133 in
1359 4079 1738 4151 e'eemosymsi
1842 4099 2056 4154 labrum
2090 4073 2300 4152 elevata
2348 4073 2564 4166 (Matth:
2595 4109 2648 4156 v,
2695 4093 2784 4156 15,
2815 4091 2902 4154 14,
2939 4088 3050 4156 15).
3101 4087 3234 4142 Item
3273 4086 3434 4138 beato

181 4175 397 4237 imm]?la
426 4169 491 4223 ίῐὶ
524 4169 816 4235 Υθάάθηάοὲ
845 4179 901 4225 ei
933 4180 1092 4226 6³11ιό
1124 4173 1181 4227 in
1215 4173 1544 4242 aCCiPiendO-
1590 4173 1738 4227 Ρηθο
1840 4190 2084 4260 principe
2139 4187 2507 4257 apostolorum
2557 4191 2849 4238 attestante
2879 4198 2892 4234 :
2947 4181 3056 4235 Vos
3093 4178 3226 4234 estis
3270 4192 3432 4245 genus

184 4269 292 4349 Dim
323 4259 410 4314 libi
461 4261 780 4315 thesaurum
829 4261 884 4316 ίη
923 4261 1236 4334 0031394“-
1268 4280 1360 4328 ΚΧ,
1387 4264 1498 4335 55)·
1531 4264 1741 4319 Divum?
1842 4259 2083 4343 electum,
2116 4277 2287 4349 regale
2330 4276 2700 4332 sacerdotium.
2755 4273 2860 4328 Per
2893 4279 3093 4327 vestrae
3137 4283 3268 4323 vero
3295 4282 3437 4337 prte-

185 4348 269 4402 viri
319 4351 614 4424 redemptio
644 4351 776 4425 [Al.,
834 4354 1182 4427 depraedatio]
1213 4363 1297 4412 est
1332 4357 1524 4412 animae
1575 4357 1738 4422 illius,

1843 4371 2129 4428 dicationis
2143 4348 2453 4425 instantiam
2471 4384 2569 4422 nos
2584 4367 2804 4428 erimus,
2823 4365 2965 4435 quod
2987 4365 3040 4418 in
3055 4363 3243 4418 eadem
3259 4360 3438 4431 sequi-

188 4440 290 4506 quia
313 4441 507 4498 beatius
533 4453 609 4498 est
633 4445 802 4515 magis
844 4445 974 4500 dare
995 4463 1152 4517 quam
1181 4448 1413 4518 accipere
1455 4447 1606 4518 (Luc.
1639 4465 1737 4515 xu,

1842 4472 1934 4519 tur
1949 4463 2187 4534 Epistula
2213 4476 2228 4515 :
2250 4461 2386 4516 Gens
2415 4469 2616 4523 sancta,
2638 4457 2861 4530 populus
2884 4454 3245 4528 acquisitionis
3265 4471 3282 4507 :
3306 4468 3438 4522 qua-

185 4528 278 4601 53).
299 4532 600 4591 Invenimus
620 4551 785 4590 unam
816 4539 1165 4608 margaritam
1201 4540 1520 4609 pretiosam;
1551 4541 1740 4597 demus

1845 4563 2002 4611 tenus
2023 4569 2121 4625 per
2147 4569 2242 4609 vos
2267 4553 2444 4608 virtus
2475 4551 2824 4606 annuntietur
2856 4550 3018 4613 illius,
3061 4547 3151 4618 qui
3204 4562 3298 4600 nos
3327 4561 3438 4600 om-

187 4623 357 4738 ?gnifi
390 4641 512 4728 (Ιξιω
550 4626 830 4738 habentis.
855 4636 911 4732 ξδῐ
930 4645 1175 4685 eluamus
1200 4631 1344 4686 illam
1376 4631 1591 4704 (Mallh-
1615 4651 1735 4700 XI",
1771 4677 1822 4738 ι)
1845 4663 1933 4701 nes
1954 4623 2266 4699 deitenebris
2289 4643 2486 4697 vocavit
2507 4642 2563 4695 in
2589 4641 2900 4694 admirabile
2932 4639 3108 4693 lumen
3131 4653 3306 4692 suum.
3334 4635 3438 4702 Qui

187 4710 278 4810 16).
311 4714 486 4810 Lectio
527 4727 729 4773 sanctae
755 4717 1052 4791 Scriptura:
1079 4724 1273 4794 saepius
1303 4725 1410 4779 tuis
1437 4728 1739 4796 reperiatur
1772 4710 1822 4738 υ
1843 4736 2129 4808 aliquando
2161 4751 2265 4788 non
2289 4732 2512 4804 populus
2551 4731 2668 4797 Dei,
2717 4749 2856 4786 nunc
2890 4742 3066 4786 autem
3092 4727 3314 4802 populus
3340 4727 3436 4783 Dei

190 4808 518 4900 inmanibus,
549 4817 608 4863 ut
639 4826 706 4866 ex
737 4811 827 4866 illa
870 4820 922 4867 te
949 4822 1193 4869 saturare
1237 4825 1292 4870 et
1337 4817 1470 4873 alios
1517 4835 1738 4889 pascere
1845 4827 1898 4900 (1
1933 4829 2078 4882 Petr.
2113 4843 2174 4891 ιι,
2205 4827 2258 4891 9,
2290 4825 2401 4896 10).

189 4894 357 4988 Valeas.
386 4901 597 4972 Vigilia:
615 4910 670 4956 et
696 4903 972 4959 orationes
1000 4907 1227 4961 assidua:
1253 4907 1360 4962 sint
1390 4908 1507 4974 tibi,
1538 4925 1603 4965 eo
1627 4926 1739 4966 ma-
1853 4894 1863 4900 ⁷
1916 4919 2104 4972 Patres
2127 4917 2309 4988 itaque
2330 4894 2522 4980 nostri,
2544 4918 2652 4972 Deo
2672 4917 3040 4988 dispensante,
3066 4915 3196 4972 licet
3220 4925 3246 4955 ει
3271 4929 3436 4985 paga-

193 4986 260 5080 gis
274 5003 367 5058 quo
381 5007 476 5062 pro
495 5001 612 5048 toto
640 4995 838 5066 populo
863 4995 1170 5052 Christiano
1200 4999 1532 5056 intercedere
1553 5003 1736 5058 debes.
1845 5011 1923 5076 ni,
1974 5011 2115 5065 hanc
2145 4986 2378 5080 patriam
2415 5010 2608 5065 bellica
2639 4986 2840 5064 virtute
2887 5009 3124 5078 primum
3177 5005 3435 5077 possede-

192 5079 338 5173 Locus
357 5096 478 5143 tuus
512 5097 596 5144 est
621 5089 762 5145 inter
795 5090 962 5146 Deum
1002 5101 1147 5148 stare
1172 5103 1229 5149 et
1251 5094 1517 5162 homines,
1557 5106 1618 5152 ut
1643 5097 1743 5153 Dei
1848 5112 1993 5158 runt.
2046 5079 2215 5169 Quam
2269 5102 2472 5173 grande
2521 5102 2687 5172 igitur
2719 5101 3067 5173 opprobrium
3117 5106 3200 5154 est
3249 5106 3308 5152 ut
3340 5112 3440 5150 nos

194 5171 451 5245 legationes
476 5179 692 5235 deferas
717 5181 785 5236 ad
818 5183 1091 5252 pepulum,
1120 5192 1175 5238 et
1202 5199 1299 5253 pro
1327 5186 1506 5255 populi
1537 5202 1732 5257 pecca-

1849 5193 2143 5248 Christiani
2175 5171 2461 5264 perdamus
2491 5171 2634 5262 quod
2661 5193 2736 5247 illi
2757 5171 2972 5262 pagani
2997 5187 3436 5260 acquisiveruut?

195 5269 249 5323 tis
278 5273 566 5331 intercedas
591 5275 658 5330 ad
681 5275 868 5330 Deum.
896 5276 1001 5331 Fac
1032 5284 1102 5343 te,
1137 5278 1253 5348 ejus
1280 5279 1514 5334 donante
1549 5282 1741 5352 gratia,
1851 5284 1965 5341 Hoc
1996 5287 2116 5341 dico
2138 5293 2357 5356 propter
2377 5286 2405 5325 δ
2427 5285 2694 5356 ﬂagellum
2717 5287 2861 5356 quod
2888 5299 3060 5354 nuper
3091 5281 3288 5338 accidit
3311 5295 3441 5350 par.

195 5359 386 5432 dignum
433 5368 502 5421 ab
536 5381 603 5422 eo
650 5367 912 5422 exaudiri.
954 5366 1123 5440 [Hac]
1153 5370 1386 5442 dignitas
1426 5372 1589 5427 estin
1622 5373 1746 5428 vitae
1850 5376 1995 5431 tibus
2014 5376 2201 5431 insula:
2225 5384 2446 5439 nostrae,
2473 5391 2592 5445 quae
2618 5387 2639 5414 ε
2670 5389 2838 5444 prope
2868 5373 3126 5428 trecentis
3172 5371 3440 5440 quinqua-

195 5456 415 5514 eastitate
464 5469 519 5515 et
541 5460 867 5530 praedicandi
902 5459 1121 5525 ﬁducia,
1161 5461 1273 5531 ipsa
1301 5471 1594 5519 attestante
1642 5465 1746 5521 Ve-
1850 5466 1997 5536 ginta
2028 5464 2162 5538 [Al.,
2213 5465 2607 5538 quadraginta]
2638 5465 2797 5521 annis
2821 5480 2854 5519 a
2878 5461 3197 5533 parentibus
3225 5459 3440 5516 inhabi-

257 5615 734 5696 f‘.“l’_ag_ani.__l.iege
757 5619 1108 5696 _Gi_ldam_de
1157 5619 1367 5696 excidio
1415 5621 1738 5696 Britanniae;
1851 5624 2048 5696 stolam
2072 5623 2291 5680 biennio
2313 5626 2467 5696 prius
2492 5633 2759 5681 recenset.

197 5683 811 5766 etWilhelm._Malni_esb.
837 5690 1398 5766 lib.tReg._Angl.,c.
1418 5694 1527 5746 1-4.
1559 5683 1741 5750 timus.
1926 5707 1946 5734 ο
2008 5695 2180 5766 Prope
2224 5683 2461 5751 trecentis
2520 5694 2896 5766 quinquaginta
2935 5692 3133 5766 annis;
3162 5692 3244 5766 Ab
3297 5707 3440 5766 anno

259 5755 281 5792 δ
305 5836 312 5838 _
335 5756 643 5838 Flagellum.
662 5761 1055 5838 _Vastatione_.m
1080 5755 1101 5760 ⁷
1125 5755 1420 5838 Dancrum
1455 5780 1596 5838 anno
1616 5765 1744 5838 _795
1851 5755 2190 5836 nempe-£549
2211 5806 2226 5830 ,
2254 5783 2362 5836 quo
2407 5755 2565 5838 Angli
2619 5755 2675 5819 et
2719 5755 2967 5838 Saxones
3020 5763 3074 5838 in
3100 5761 3437 5838 Britanniam

196 5836 405 5904 emptum
433 5832 528 5885 abs
551 5832 714 5904 dubio
743 5832 939 5904 innuit,
969 5832 1036 5885 de
1064 5847 1168 5904 qua
1202 5833 1308 5886 vid.
1338 5835 1498 5902 epist.
1524 5836 1590 5888 ad
1616 5836 1742 5890 Lin-
1851 5832 2230 5892 adve'ntarunt.
2273 5832 2522 5891 'Ptcius'
2547 5836 2584 5888 Ι.
2613 5853 2660 5889 c.
2687 5865 2760 5876 -—
2785 5833 2976 5904 Prope.
3027 5834 3124 5898 ait,
3156 5850 3263 5888 non
3293 5837 3435 5890 inte-

199 5893 548 5958 disl’arnenses.
575 5903 700 5958 lnde
722 5893 1310 5974 corrigendus'Pagius,
1357 5893 1449 5974 qui
1473 5907 1612 5961 hanc
1633 5909 1745 5978 epi-
1849 5922 1964 5977 gre,
2008 5908 2248 5977 quinque
2269 5908 2414 5963 enim
2439 5907 2564 5962 anni
2587 5907 2656 5962 ab
2678 5921 2743 5961 eo
2766 5893 2994 5961 numero
3015 5893 3294 5961 deficiunt.
