4078 6324
620 485 726 544 159

1503 470 1566 525 Β.
1605 466 1669 524 F.
1708 463 1934 522 ALBlNl
1973 460 2106 519 SEU
2145 456 2422 516 ALCUlNl
2458 453 2743 515 OPERUM
2785 451 2970 511 PARS
3003 451 3046 508 ἰ.

3803 450 3902 508 160

618 608 684 656 ut
705 597 773 653 ad
805 593 953 651 illam
974 587 1366 649 beatitudinem
1390 583 1674 656 pervenire
1694 579 1978 643 merearis,
2001 587 2204 632 aeterna
2237 573 2283 633 A
2309 568 2638 640 poenitentiae
2669 565 3078 623 medicamentis
3103 578 3296 620 sanare
3321 571 3612 631 curarunt;
3639 564 3735 621 sed
3758 582 3908 622 com-

621 706 759 766 pace
798 686 1270 758 iucundissimam,
1337 687 1536 734 mterna
1583 674 1756 746 gloria
1813 671 2206 727 felicissimam.

624 763 781 840 Nulla
833 778 1107 836 saecularis
1161 772 1404 834 ambitio,
1461 769 1606 824 nulla
1661 766 1841 823 carnis
1896 763 2206 827 delectatio,

623 876 772 934 nulla
807 873 1148 928 inimicorum
1177 865 1412 920 vindicta
1460 862 1720 932 impediat
1765 875 1982 914 cursum
2035 865 2208 910 tuum.

628 968 736 1024 Sed
761 978 940 1029 curre,
969 964 1096 1017 dum
1139 959 1314 1014 lucem
1360 955 1527 1012 habes
1554 954 1737 1025 (Joan.
1779 969 1890 1015 xu,
1923 950 2036 1021 '55),
2083 963 2213 1019 ope-

633 1076 778 1124 rare,
807 1059 933 1114 dum
959 1056 1073 1110 dies
1111 1061 1214 1117 est,
1269 1059 1536 1121 quatenus
1584 1047 1652 1102 ad
1703 1046 1875 1102 lucem
1924 1043 2212 1114 pervenias

628 1159 966 1224 perpetuam,
994 1153 1054 1201 ut
1083 1160 1208 1200 cum
1238 1142 1456 1198 Christo
1481 1151 1538 1196 et
1579 1140 1780 1195 sanctis
1821 1137 1936 1206 ejus
1985 1151 2215 1207 regnare

631 1241 891 1298 merearis
915 1239 968 1292 in
996 1236 1164 1309 gloria
1192 1234 1543 1306 sempiterna.

699 1331 816 1386 Non
845 1329 1018 1386 solum
1044 1343 1158 1391 vos,
1191 1326 1294 1380 viri
1334 1323 1642 1388 clarissimi,
1668 1331 1722 1378 et
1759 1321 1852 1376 ﬁlii
1882 1318 2212 1385 charissimi,

627 1425 716 1482 bis
743 1423 880 1480 meis
905 1422 1170 1476 admoneo
1194 1418 1466 1482 litterulis,
1520 1417 1616 1471 sed
1661 1424 1716 1471 et
1766 1430 1956 1469 omnes
2007 1412 2219 1468 dilectae

627 1515 804 1588 gentis
837 1512 1132 1583 principes,
1163 1519 1218 1564 et
1249 1509 1605 1581 [diversarum
1655 1502 1998 1575 dignitatum]
2042 1503 2220 1557 nomi-

626 1621 718 1671 na,
747 1620 842 1660 seu
867 1601 1252 1658 ecclesiasticae
1277 1599 1494 1669 pietatis
1523 1598 1758 1660 ordines,
1804 1612 1897 1650 seu
1945 1595 2222 1650 saecularis

627 1697 884 1770 potentia:
934 1695 1294 1751 sublimitates
1341 1692 1615 1748 communi
1666 1691 1949 1746 charitatis
2000 1690 2218 1754 intuitu,

628 1789 783 1861 quasi
821 1788 1068 1842 alumnus
1095 1793 1291 1840 vestrae
1319 1783 1594 1838 dilectioni
1643 1783 1889 1844 devotus,
1935 1780 2220 1849 deprecor,

2309 668 2632 732 putruerunt
2657 659 2711 713 in
2747 657 2985 727 peccatis
3023 657 3154 722 suis,
3183 657 3354 712 donec
3379 659 3664 728 repentino
3695 667 3907 715 terrore

2311 751 2506 806 cecidit
2536 765 2698 820 super
2722 765 2817 804 eos
2847 747 3113 818 judicium
3139 748 3271 814 Dei,
3293 757 3348 804 et
3384 758 3496 804 tam
3529 748 3823 804 infeliciter
3850 749 3908 805 in

2313 851 2603 914 conspectu
2629 843 2870 897 omnium
2893 842 3201 912 perierunt,
3224 857 3386 911 quam
3424 842 3767 913 impudenter
3792 841 3913 902 sine

2313 935 2422 989 ulla
2466 935 2769 989 reverentia
2810 933 3064 1004 pessimis
3115 947 3173 988 se
3215 933 3411 988 involvi
3458 935 3758 992 sceleribus
3802 951 3909 993 non

2313 1033 2645 1082 metucrunt.
2691 1024 2840 1080 Heu!
2885 1041 3046 1095 quam
3081 1025 3279 1080 misere
3314 1035 3632 1096 praesentem
3659 1028 3912 1098 perdide-

2318 1127 2443 1175 runt
2475 1119 2671 1173 vitam!
2703 1116 2810 1172 Sed
2841 1118 3008 1174 multo
3034 1117 3398 1173 miserabilius
3436 1118 3490 1173 in
3525 1121 3746 1176 aeternis
3787 1138 3912 1177 cru-

2317 1212 2530 1267 ciantur
2559 1210 2862 1270 tormentis.
2889 1210 3100 1265 Timete
3126 1210 3338 1265 illorum
3367 1210 3758 1280 perditionem,
3784 1221 3841 1266 et
3877 1228 3910 1267 a

2321 1304 2520 1359 talibus
2542 1303 2898 1372 vosmetipsos
2928 1303 3297 1373 impietatibus
3319 1302 3608 1359 observate
3631 1344 3647 1370 ,
3689 1303 3746 1358 in
3791 1305 3913 1375 qui-

2318 1393 2420 1456 bus
2451 1400 2528 1454 illi
2560 1400 2858 1471 perierunt.
2881 1398 3027 1454 Idem
3051 1399 3194 1452 enim
3226 1398 3369 1454 Deus
3392 1413 3556 1469 super
3577 1405 3758 1454 vestra
3778 1399 3914 1471 vigi-

2320 1492 2398 1546 lat
2423 1491 2610 1564 [corda
2639 1489 2746 1563 vel]
2776 1505 2962 1560 opera,
2997 1490 3091 1560 qui
3136 1489 3348 1545 illorum
3389 1505 3498 1545 non
3531 1491 3770 1561 pepercit
3800 1507 3916 1547 see.

2321 1584 2546 1640 leribus.
2582 1581 2733 1638 Multi
2762 1598 2890 1637 vero
2934 1597 3033 1652 per
3073 1581 3292 1652 rapinas
3325 1589 3379 1636 et
3423 1581 3738 1652 iniquitates
3767 1583 3917 1640 colli-

2323 1691 2449 1748 gere
2487 1676 2758 1745 gestiunt,
2803 1683 2859 1728 et
2898 1674 3150 1729 nesciunt
3191 1675 3332 1744 quod
3369 1683 3661 1745 utrumque
3697 1686 3920 1747 propter

2325 1765 2606 1820 avaritiam
2650 1765 2891 1834 iniquam
2929 1773 2985 1818 et
3012 1773 3227 1819 terrena
3274 1765 3383 1820 cito
3426 1765 3659 1836 perdunt
3696 1769 3840 1823 bona
3867 1776 3922 1824 et

629 1857 726 1936 Dei
750 1878 1162 1950 diligentissime
1191 1876 1412 1931 obedire
1444 1873 1753 1945 praeceptis,
1775 1871 2224 1942 praedicatoribus
2254 1937 2299 1950 _
2326 1858 2570 1950 εαξιςεῑίλ
2601 1873 2877 1950 nunquam
2901 1857 3212 1950 acquirunt.

630 1972 821 2028 salutis
845 1937 1040 2024 ξεειηθ
1066 1967 1308 2023 subditos
1338 1937 1480 2022 es“;
1513 1937 1730 2020 ιιιοιῖιηη
1771 1937 1876 2029 εει,
1921 1965 1974 2019 id
2003 1972 2089 2019 est
2129 1979 2218 2020 sa.
2254 1937 2302 1998 Β
2397 1949 2826 2015 llliusmodi,viri
2840 1947 3058 2014 fratres,
3092 1949 3495 2022 vobismetipsis
3513 1959 3700 2007 cavete
3724 1952 3924 2024 iniqui-

632 2063 934 2126 cerdotum,
971 2061 1135 2116 verba
1181 2059 1275 2114 Dei
1313 2075 1422 2114 non
1481 2065 1690 2121 tacere;
1747 2065 1991 2111 vestrum
2049 2064 2155 2121 est,
2198 2069 2233 2110 ο

633 2156 926 2228 principes,
956 2153 1232 2209 humiliter
1255 2151 1501 2216 obedire,
1533 2149 1822 2218 diligenter
1847 2148 2092 2219 implere.
2117 2147 2228 2202 Re-

633 2249 718 2321 gis
741 2256 828 2303 est
846 2260 1036 2302 omnes
1059 2244 1375 2314 iniquitates
1406 2241 1628 2312 pietatis
1652 2257 1766 2296 sua:
1791 2241 2034 2309 potentia
2059 2237 2236 2310 oppri-

635 2355 808 2404 mere,
837 2336 1047 2407 justum
1075 2351 1194 2391 esse
1220 2337 1274 2390 in
1308 2334 1548 2404 judiciis,
1574 2348 1806 2403 pronum
1833 2332 1888 2386 in
1923 2331 2235 2386 misericor-

636 2431 745 2488 dia.
771 2429 1081 2486 Secundum
1108 2431 1250 2498 quod
1274 2428 1363 2484 ille
1383 2429 1676 2483 miseretur
1697 2424 1974 2494 subjectis,
2008 2426 2235 2480 misere-

637 2526 788 2581 bitur
828 2525 877 2579 ei
907 2524 1069 2580 Deus.
1109 2523 1363 2578 Sobrium
1413 2523 1469 2577 in
1511 2523 1780 2586 moribus,
1828 2521 2128 2576 veridicum
2177 2521 2234 2576 in

635 2617 840 2682 verbis,
887 2615 1097 2685 largum
1157 2615 1210 2668 in
1265 2614 1440 2678 donis,
1502 2613 1790 2684 providum
1833 2612 1888 2667 in
1943 2611 2231 2668 consiliis:

635 2708 973 2766 consiliarios
1010 2707 1212 2762 habere
1251 2706 1562 2776 prudentes,
1607 2705 1777 2760 Deum
1813 2705 2089 2768 timentes,
2136 2705 2235 2759 bo-

636 2800 810 2858 uestis
855 2798 1098 2853 moribus
1127 2804 1368 2850 ornatos.
1401 2794 1629 2864 Oportet
1653 2810 1777 2848 eum
1820 2809 1926 2849 non
1977 2794 2231 2863 cupidum

640 2904 764 2946 esse
803 2888 993 2942 aliena:
1022 2886 1377 2948 haereditatis,
1422 2900 1528 2938 non
1558 2899 1803 2948 avarum,
1833 2899 1941 2938 non
1968 2884 2234 2940 violenter

643 2982 968 3052 rapientem,
994 2979 1206 3033 dicente
1259 2976 1566 3046 Apostolo:
1624 2975 1807 3045 Neque
1857 2977 2021 3046 fures,
2070 2993 2232 3047 neque
2263 3021 2276 3034 ς

641 3071 810 3136 avari,
839 3086 1001 3142 neque
1032 3084 1244 3139 rapaces
1288 3084 1503 3138 regnum
1529 3067 1628 3120 Dei
1657 3066 1990 3138 possidebunt
2019 3066 2072 3139 (Ι
2104 3067 2230 3122 Cor.

643 3177 720 3226 vr,
759 3159 870 3232 10).
900 3159 970 3214 Et
1019 3173 1160 3228 saape
1193 3173 1290 3228 per
1335 3158 1555 3228 rapinas
1584 3157 1801 3226 propria
1829 3157 2051 3223 amittit,
2103 3157 2231 3228 quia

642 3254 788 3310 Deus
816 3252 1074 3322 gemitum
1097 3253 1317 3307 exaudit
1359 3266 1765 3322 oppressorum.

717 3345 973 3416 Legimus
1031 3357 1244 3413 quoque
1289 3343 1433 3412 quod
1486 3343 1630 3414 regis
1682 3343 1899 3397 bonitas
1935 3343 2101 3398 totius
2148 3350 2236 3398 est

645 3439 822 3510 gentis
849 3435 1201 3506 proSperitas,
1233 3434 1460 3489 victoria
1493 3433 1788 3496 exercitus,
1844 3433 1988 3488 aeris
2032 3441 2234 3502 tempe-

647 3529 777 3592 ries,
810 3535 972 3582 terrae
994 3524 1342 3591 abundantia,
1388 3524 1622 3579 ﬁliorum
1652 3525 1981 3588 benedictio,
2032 3526 2237 3581 sanitas

646 3620 842 3692 plebis.
875 3618 1125 3689 Magnum
1151 3625 1236 3672 est
1267 3624 1435 3671 totam
1463 3633 1651 3687 regere
1671 3626 1920 3686 gentem;
1943 3634 1973 3670 a
2003 3618 2237 3687 regendo

649 3729 780 3770 vero
814 3729 911 3768 rex
959 3711 1188 3776 dicitur;
1221 3720 1274 3765 et
1301 3711 1395 3780 qui
1445 3711 1583 3765 bene
1622 3711 1759 3781 regit
1803 3709 2104 3778 subjectum
2135 3711 2238 3767 sibi

647 3805 924 3877 populum,
950 3804 1146 3858 bonam
1175 3804 1340 3859 habet
1360 3818 1392 3858 a
1413 3802 1522 3857 Deo
1544 3803 1978 3868 retributionem,
2007 3818 2236 3871 regnum

648 3900 856 3956 scilicet
883 3896 1124 3953 caeleste.
1162 3895 1329 3951 Valde
1373 3894 1603 3951 feliciter
1627 3903 1820 3964 regnat
1843 3895 1895 3949 in
1945 3903 2115 3960 terra,
2143 3894 2238 3964 qui

649 3992 718 4048 de
768 3999 989 4046 terreno
1012 4004 1180 4060 regno
1235 3988 1534 4044 merebitur
1578 3987 1816 4042 caeleste.
1893 3987 2241 4044 Orationibus

647 4099 778 4139 vero
801 4091 858 4138 et
880 4081 1080 4152 vigiliis
1101 4096 1167 4136 eo
1201 4080 1495 4135 instantius
1528 4079 1597 4133 ad
1645 4079 1815 4133 Deum
1863 4078 2114 4134 insistere
2147 4079 2241 4133 de-

647 4178 758 4240 bet,
807 4192 916 4246 quo
959 4189 1064 4230 non
1097 4189 1196 4243 pro
1238 4189 1297 4228 se
1342 4172 1701 4237 solummodo,
1735 4171 1829 4226 sed
1875 4179 1930 4227 et
1949 4187 2049 4241 pro
2077 4171 2242 4226 totius

648 4267 824 4340 gentis
850 4266 1212 4340 prosperitate
1248 4264 1415 4320 Deum
1443 4264 1721 4334 deprecari
1749 4263 1930 4318 debet.
1980 4263 2244 4318 Similiter

650 4358 923 4429 principes
960 4365 1016 4410 et
1035 4355 1248 4426 judices
1276 4356 1476 4424 populi,
1518 4355 1623 4424 19
1648 4356 1700 4408 in
1727 4355 1936 4425 justitia
1962 4363 2017 4408 et
2041 4355 2242 4423 pietate

2257 3297 2309 3362 ο

2341 2048 2494 2106 tates,
2521 2049 2788 2111 quatenus
2801 2041 2970 2096 Deum
2993 2041 3415 2111 omnipotentem
3441 2042 3498 2097 in
3528 2045 3783 2113 praesenti
3815 2046 3924 2100 vita

2335 2133 2629 2202 propitium
2649 2133 2853 2188 habere
2873 2134 3186 2189 mereamini
3227 2142 3284 2188 et
3311 2135 3366 2189 in
3396 2133 3577 2190 futura
3598 2145 3928 2193 aeternorum

2336 2222 2649 2294 largitorem
2677 2225 2962 2280 bonorum.
2989 2223 3186 2280 Pacem
3218 2226 3412 2281 habete
3447 2227 3588 2282 inter
3610 2243 3706 2282 vos
3741 2238 3798 2283 et
3831 2231 3929 2287 be-

2336 2317 2653 2388 nignitatem
2673 2334 2688 2384 ;
2719 2316 3148 2373 misericordiam
3168 2325 3223 2372 et
3236 2316 3507 2386 justitiam
3526 2321 3594 2374 ad
3622 2334 3816 2376 omnes
3836 2323 3932 2378 bo-

2296 2407 2538 2474 ,mines,
2574 2416 2631 2464 et
2664 2408 2972 2463 castitatem
3019 2409 3264 2479 corporis
3307 2411 3576 2466 custodite
3620 2413 3822 2478 vestri,
3874 2423 3935 2470 ut

2336 2500 2571 2571 Spiritus
2593 2508 2812 2557 sanctus
2833 2500 3030 2556 vestris
3056 2500 3321 2557 inhabitet
3352 2503 3695 2572 pectoribus,
3723 2503 3818 2573 qui
3848 2520 3958 2560 sa»

2333 2593 2488 2662 piens
2515 2593 2670 2648 vobis
2703 2608 2918 2664 semper
2955 2601 3210 2664 suggerat
3258 2594 3577 2659 consilium,
3611 2609 3821 2666 vosque
3866 2597 3934 2652 ab

2333 2685 2481 2738 omni
2505 2683 2756 2740 defendat
2781 2685 2936 2740 hoste
2979 2685 3177 2740 visibili
3217 2694 3271 2740 et
3312 2686 3590 2742 invisibili.
3627 2687 3937 2759 Vestroque

2335 2777 2553 2833 domino
2589 2778 2776 2835 ﬁdeles
2819 2786 3023 2844 estote,
3061 2788 3123 2834 ut
3172 2795 3268 2850 per
3299 2790 3539 2836 vestram
3583 2782 3937 2837 concordiam

2333 2881 2558 2939 regnum
2580 2869 2838 2925 dilatetur
2858 2877 3122 2934 vestrum,
3148 2873 3292 2940 quod
3313 2887 3456 2943 saepe
3482 2887 3582 2942 per
3601 2873 3937 2930 discordiam

2333 2961 2502 3014 minui
2534 2960 2772 3027 solebat,
2804 2961 3016 3017 dicente
3043 2963 3159 3032 ipsa
3189 2964 3430 3019 Veritate
3456 2982 3470 3018 :
3500 2963 3674 3019 Omne
3704 2980 3938 3037 regnum

2334 3050 2389 3105 in
2408 3066 2466 3107 se
2491 3053 2721 3108 divisum
2748 3070 2856 3110 non
2876 3057 3041 3111 stabit
3061 3056 3275 3127 (Matth.
3304 3075 3401 3125 xu,
3428 3058 3541 3131 25).
3567 3059 3740 3114 Sicuti
3763 3061 3941 3115 maxi-

2333 3159 2422 3198 ma
2446 3145 2670 3214 imperia
2696 3160 2793 3216 per
2819 3147 3184 3204 dissensiones
3213 3150 3499 3206 intestinas
3523 3151 3729 3220 dilapsa
3750 3153 3942 3210 decre-

2335 3236 2589 3302 scebant,
2639 3243 2695 3290 et
2742 3250 2773 3290 e
2822 3239 3101 3294 contrario
3147 3240 3374 3295 minima
3423 3258 3653 3314 quasque
3698 3245 3942 3302 civitatis

2338 3325 2644 3396 cujuslibet,
2675 3329 2759 3382 vel
2789 3332 3101 3400 provinciae,
3129 3347 3227 3403 per
3253 3335 3533 3404 paciﬁcam
3565 3338 3939 3405 concordiam,

2339 3433 2564 3488 regnum
2611 3423 2890 3476 crescebat
2919 3430 2974 3476 et
3007 3424 3326 3492 proﬁciebat
3370 3433 3426 3482 et
3469 3426 3790 3484 fortioribus
3835 3431 3945 3489 sibi

2340 3511 2556 3566 tandem
2587 3512 2890 3583 imperabat
2918 3517 3120 3586 regnis.

2415 3606 2441 3645 δ
2470 3606 2680 3662 Timete
2700 3606 2969 3677 ﬂagellum
2993 3613 3139 3680 quod
3162 3613 3310 3667 venit
3328 3627 3491 3684 super
3510 3615 3798 3672 ecclesiam
3821 3632 3948 3672 san-

2341 3699 2413 3754 cti
2428 3698 2706 3765 Cudberti,
2723 3700 2900 3756 locum
2921 3703 3130 3760 scilicet
3151 3707 3552 3761 sanctissimum
3568 3716 3623 3762 et
3641 3708 3836 3762 multor
3848 3725 3944 3764 um

2340 3800 2653 3849 sanctorum
2670 3792 2938 3864 suffragiis
2956 3795 3338 3853 divitissimum
3355 3799 3432 3872 [Μ
3439 3817 3506 3865 s.,
3523 3801 3945 3876 diutissimum],

2340 3901 2486 3940 nunc
2532 3901 2661 3942 vero
2707 3888 3091 3943 miserabiliter
3124 3907 3152 3943 a
3179 3893 3405 3960 paganis
3441 3891 3804 3947 devastatum.
3837 3894 3950 3962 Qui

2340 3977 2445 4033 hoc
2491 3995 2600 4033 non
2649 3978 2806 4035 timet
2851 3987 2904 4034 et
2949 3981 3188 4051 seipsum
3217 3998 3323 4036 non
3351 3983 3575 4052 corrigit
3601 3993 3657 4038 et
3695 4001 3796 4055 pro
3829 4002 3951 4042 suae.

2341 4071 2533 4140 patriae
2577 4072 2937 4141 prosperitate
2979 4089 3089 4128 non
3126 4076 3333 4146 plangit
3361 4077 3430 4132 ad
3455 4077 3644 4143 Deum,
3675 4091 3950 4134 carneum

2342 4177 2451 4217 non
2479 4163 2642 4218 habet
2671 4180 2784 4230 cor,
2815 4166 2909 4219 sed
2943 4163 3233 4234 lapideum.
3273 4166 3665 4237 Episcoporum
3704 4179 3788 4223 est
3822 4187 3950 4226 mo-

2343 4255 2583 4310 nasteria
2624 4255 2929 4326 corrigere,
2969 4270 3252 4311 servorum
3283 4259 3378 4313 Dei
3407 4259 3571 4312 vitam
3619 4259 3950 4330 disponere,

2343 4346 2541 4416 populo
2571 4347 2665 4402 Dei
2693 4349 2917 4403 verbum
2957 4348 3286 4419 praedicare,
3315 4357 3369 4403 et
3407 4350 3694 4421 diligenter
3727 4351 3951 4422 plebem

650 4451 846 4523 populo
868 4449 1010 4520 (Dei)
1038 4449 1281 4518 praesint.
1317 4449 1526 4511 Viduis,
1561 4448 1778 4518 pupillis
1806 4457 1862 4502 et
1893 4448 2107 4503 miseris
2131 4448 2242 4503 sint
2346 4440 2559 4495 erudire
2599 4438 2919 4507 subiectam-
2949 4439 3237 4496 Laicorum
3280 4449 3364 4496 est
3414 4442 3636 4498 obedire
3681 4445 3954 4512 pradica-

651 4543 808 4614 quasi
837 4549 1036 4612 patres,
1061 4541 1188 4611 quia
1209 4540 1436 4609 :equitas
1462 4540 1768 4609 principum
1791 4539 1972 4609 populi
1998 4547 2080 4594 est
2099 4539 2244 4594 exal—
2346 4533 2477 4587 tioni
2497 4572 2512 4597 ,
2533 4529 2712 4599 justos
2748 4547 2868 4586 esse
2909 4539 2964 4588 et
3009 4532 3421 4600 misericordes,
3454 4543 3722 4604 quatenus
3761 4536 3953 4592 divina

652 4636 804 4691 tatio.
845 4633 1207 4689 Ecclesiarum
1237 4633 1440 4688 Christi
1469 4633 1578 4687 sint
1596 4631 1910 4688 defensores
1938 4639 1993 4688 et
2011 4640 2237 4697 tutores,
2274 4666 2323 4726 ι)
2345 4623 2652 4726 benedictio
2678 4639 2779 4694 per
2809 4639 2962 4726 suam
3012 4641 3266 4726 magnam
3308 4627 3739 4726 misericordiam
3789 4629 3956 4726 nobis

650 4736 714 4784 ut
740 4742 1019 4783 servorum
1051 4727 1142 4781 Dei
1167 4726 1504 4780 orationibus
1544 4725 1701 4792 longa
1731 4724 1917 4779 vivant
1963 4726 2239 4795 prosperi-
2274 4717 2314 4726 ’”
2346 4717 2656 4786 nostrisque
2693 4718 2982 4786 nepotibus
3024 4720 3260 4788 patriam
3306 4720 3362 4774 in
3402 4721 3542 4776 bona
3581 4720 3955 4790 prosperitate

651 4827 782 4874 tate.
814 4818 1052 4873 Ecclesia
1100 4817 1289 4888 (enim)
1323 4831 1518 4886 sponsa
1542 4824 1627 4870 est
1651 4814 1876 4881 Christi,
1903 4825 1961 4872 et
1998 4817 2090 4886 qui
2121 4831 2242 4871 eam
2341 4825 2666 4866 conservare
2706 4811 2980 4881 dignetur,
3037 4828 3199 4884 quam
3252 4816 3454 4871 nostris
3495 4817 3815 4886 parentibus
3851 4831 3958 4888 per

650 4912 856 4968 violare
885 4911 1096 4974 nititur,
1123 4909 1208 4964 vel
1242 4923 1432 4978 rapere
1465 4923 1583 4977 quae
1605 4923 1701 4962 sua
1743 4916 1885 4971 sunt,
1917 4908 2157 4964 vindicat
2187 4909 2244 4964 in

652 5017 774 5060 eum
810 5002 954 5056 Deus
989 5000 1257 5066 Christus,
1285 5015 1516 5069 sponsus
1543 5008 1745 5055 sanctae
1772 5016 1883 5055 suae
1918 5001 2195 5056 Ecclesiaa.

723 5109 750 5137 ει
779 5095 1002 5151 Vidistis
1044 5095 1313 5164 quomodo
1351 5094 1614 5164 perierint
1656 5101 2029 5149 antecessores
2068 5095 2241 5150 vestri

653 5201 809 5258 reges
835 5195 890 5240 et
931 5185 1202 5256 principes
1231 5194 1454 5255 propter
1502 5184 1794 5251 injustitias
1840 5194 1895 5239 et
1937 5187 2157 5256 rapinas
2191 5195 2246 5244 et

653 5279 1021 5336 immunditias
1053 5279 1209 5343 vitae,
1243 5293 1342 5333 nec
1372 5278 1442 5332 ab
1479 5276 1851 5346 hujuscemodi
1895 5294 1954 5334 se
2002 5281 2244 5350 peccatis

655 5369 940 5426 criminum
965 5367 1298 5439 capitalium,
1328 5368 1498 5422 Deum
1523 5369 1797 5434 timentes,
1830 5369 2239 5437 abstinuerunt;

655 5478 774 5529 nec,
802 5464 944 5534 quod
977 5461 1128 5534 pejus
1149 5470 1250 5528 est,
1284 5462 1676 5517 immanissima
1702 5462 1966 5516 scelerum
1990 5465 2210 5519 vulnera
2227 5505 2242 5529 ,

729 5619 756 5648 ι
804 5604 1040 5673 Vidistis,
1083 5607 1340 5678 quomodo
1391 5607 1638 5678 perierint
1677 5621 1829 5678 reges
1865 5613 1922 5678 _et
1965 5605 2241 5678 principes.

657 5677 852 5735 Clades
894 5675 1414 5735 regum'Britanuiae
1446 5685 1499 5730 et
1541 5675 2086 5729 Northanimbrorum
2131 5676 2248 5730 fuse

660 5749 918 5806 describit
943 5745 1218 5804 Malmesb.
1246 5749 1342 5802 lib.
1378 5764 1417 5801 ι.
1453 5746 1585 5814 Reg.
1615 5745 1773 5814 Angl.
1808 5759 1927 5814 cap.
1959 5745 1993 5797 5
2020 5745 2110 5813 qui
2149 5747 2245 5810 ait,

659 5821 946 5892 plerosque
994 5835 1180 5892 regum
1215 5813 1760 5892 Northanimbrorum
1810 5813 1947 5886 pene
1992 5813 2248 5873 familiari

661 5886 828 5947 exitio
856 5886 1023 5944 vitam
1050 5886 1246 5944 exisse.
1289 5886 1468 5941 CANIS.

734 5961 761 6002 ιι
805 5959 998 6015 Timete
1026 5959 1316 6031 ﬂagellum.
1350 5957 1484 6014 Vide
1522 5974 1642 6029 quae
1669 5959 1735 6013 de
1765 5960 1868 6016 hoc
1896 5956 2106 6027 ﬂagello
2145 5959 2245 6014 ad-

2340 4904 2560 4976 pietatis
2586 4920 2698 4960 sua:
2732 4906 3009 4962 dexteram
3037 4908 3341 4977 perdonare
3364 4909 3582 4981 dignata
3609 4917 3734 4966 est;

2850 5033 2873 5062 ο
2929 5024 3265 5080 EPISTOLA
3317 5026 3432 5081 XII.

2795 5110 2864 5149 AD
2903 5111 3223 5151 EDILREDUM
3276 5113 3474 5152 REGEI.

2913 5185 3092 5256 (Anno
3121 5187 3378 5259 incerto.)

2704 5275 2968 5332 Hortatur
3017 5277 3086 5332 ad
3135 5280 3306 5350 regias
3346 5281 3581 5336 virtutes.

2416 5371 2646 5428 Domino
2670 5369 3026 5427 dilectissimo
3044 5371 3326 5429 Edilredo
3343 5373 3501 5447 [ϐοά.
3521 5375 3636 5432 Sal.
3661 5376 3960 5454 Edilrado]

2347 5469 2460 5540 regi
2487 5468 2750 5524 Alcuinus
2775 5469 3035 5525 diaconus
3065 5471 3314 5527 salutem.
3454 5462 3462 5468 ’

2347 5606 2655 5678 notavimus
2683 5605 2735 5658 in
2766 5604 2925 5678 epist.
2956 5608 2989 5660 8
3015 5607 3084 5660 ad
3113 5607 3605 5663 Lindisfarnenses.
3630 5605 3768 5662 Data
3814 5621 3964 5678 ergo

2348 5675 2438 5730 illa
2465 5677 2692 5750 epistola
2724 5676 2940 5750 llOl|_dill
2975 5687 3094 5750 post
3124 5679 3269 5732 illam
3301 5680 3531 5740 cladem,
3562 5694 3680 5750 quae
3709 5675 3963 5750 contigit

2349 5745 2621 5801 anno’793
2660 5755 2719 5800 ut
2743 5745 2943 5799 ibidem
2968 5745 3224 5802 diximus.

2423 5828 2444 5854 ο
2489 5818 2639 5891 Edit.
2670 5815 2928 5891 Quercet.
2971 5819 3047 5891 {>9
3079 5819 3332 5891 (Froben.
3369 5820 3454 5891 ll)
3497 5836 3563 5875 ex
3593 5837 3696 5876 ms.
3742 5821 3963 5876 collata

2352 5903 2474 5942 cum
2506 5888 2662 5942 codd.
2708 5903 2838 5941 mss.
2893 5887 3092 5942 Salisb.
3137 5899 3190 5942 et
3241 5889 3297 5942 S.
3332 5887 3680 5946 Emmeratui.
3714 5892 3963 5947 Videtur

2353 5958 2518 6014 missa
2546 5974 2667 6015 cum
2693 5959 2873 6030 priore
2903 5961 2970 6015 ad
3001 5976 3181 6032 regem
3209 5961 3401 6017 solum.
