4078 6324
167 360 267 429 161

166 569 266 629 soli
291 568 513 624 litteras
530 564 771 623 scribere
798 566 1007 622 curavi.
1034 565 1104 622 Et
1123 565 1249 637 quia
1283 579 1498 636 semper
1534 572 1591 619 te
1617 576 1769 617 ama-

165 664 254 729 bo,
280 675 503 731 semper
530 666 584 715 te
604 658 901 715 admonere
926 675 1038 714 non
1064 660 1309 724 cessabo,
1353 666 1413 712 ut
1438 656 1534 713 Dei
1573 640 1767 711 volun-

168 754 263 808 tati
310 751 597 817 subditus,
641 750 738 805 Dei
781 751 1123 820 protectione
1168 750 1361 819 dignus
1402 747 1685 811 elﬁciaris,
1714 752 1771 800 et

166 846 427 902 nobilitas
452 845 614 916 regiae
642 843 993 901 sublimitatis
1015 858 1210 914 magna
1236 858 1450 898 morum
1488 842 1770 897 nobilitate

167 936 583 995 honoriﬁcetur.
620 934 741 991 Non
769 942 854 991 est
881 935 1021 991 liber
1046 934 1132 989 vel
1157 933 1357 990 nobilis
1398 934 1489 1005 qui
1532 933 1771 1004 peccatis

167 1029 376 1086 serviet
409 1026 570 1100 [Cod.
608 1026 752 1095 Sal.,
781 1025 1328 1099 servierit],°dicente
1343 1026 1575 1082 Domino
1601 1044 1614 1081 :
1643 1024 1772 1081 0m-

168 1124 248 1179 nis
273 1123 369 1195 qui
397 1122 529 1192 facit
552 1131 859 1193 peccatum,
887 1136 1066 1176 servus
1101 1130 1180 1176 est
1205 1120 1404 1191 peccati
1432 1119 1613 1192 (Joan.
1638 1134 1767 1185 vni,

166 1214 281 1287 54).
323 1213 445 1270 Non
493 1213 650 1270 decet
676 1220 732 1269 te
760 1214 817 1268 in
847 1212 984 1269 solio
1022 1213 1303 1268 sedentem
1348 1213 1502 1305 regni
1554 1211 1771 1268 rusticis

167 1310 354 1367 vivere
399 1310 667 1367 moribus.
710 1308 792 1364 [ra
835 1308 936 1365 tibi
983 1324 1092 1364 non
1132 1307 1461 1372 dominetur,
1500 1306 1594 1361 sed
1632 1306 1771 1361 ratio

168 1400 331 1477 [ιιι.
370 1401 595 1477 gratia].
625 1400 998 1458 Misericordia
1028 1408 1082 1457 te
1118 1400 1406 1456 amabilem
1442 1398 1632 1465 faciat,
1660 1414 1770 1454 non

166 1497 468 1554 crudelitas
512 1495 792 1553 odibilem.
821 1493 1038 1552 Veritas
1085 1493 1338 1549 audiatur
1377 1508 1441 1548 ex
1492 1505 1589 1547 ore
1642 1499 1767 1558 tuo,

166 1604 279 1646 non
300 1587 536 1645 falsitas.
566 1585 849 1644 Castitatis
873 1585 974 1642 tibi
1000 1585 1254 1641 conscius
1276 1591 1427 1651 esto,
1458 1598 1570 1638 non
1591 1581 1773 1638 libidi-

165 1678 283 1746 nis;
304 1677 678 1745 continentiae,
702 1691 814 1733 non
832 1674 1092 1742 luxuriae;
1117 1673 1448 1743 sobrietatis,
1466 1689 1577 1730 non
1598 1672 1772 1728 ebrie-

164 1770 321 1824 tatis.
351 1767 473 1825 Noli
496 1766 753 1825 notabilis
777 1780 899 1822 esse
925 1766 982 1821 in
1011 1765 1192 1836 aliquo
1216 1774 1472 1836 peccato,
1517 1764 1612 1822 sed
1653 1764 1770 1819 lau-

1624 355 2012 418 EPISTOLE.

230 479 469 549 Propter
502 471 926 532 familiaritatem
967 475 1273 534 dilectionis
1319 473 1619 531 familiares
1657 473 1758 529 tibi
1783 475 1840 536 Α

3341 359 3450 431 16!

2289 484 2312 514 c
2354 472 2459 545 ει
2500 466 2836 529 EPISTOLA
2883 469 3025 531 XIV.

1939 580 2008 622 an
2045 581 2287 622 FRATBBS
2312 564 2340 605 ἀ
2370 579 2629 620 vrmsusrs
2667 579 2736 618 ετ
2774 579 3060 622 crnvsnsrs
3094 579 3379 624 secusne.

2475 658 2652 731 (Anno
2701 658 2851 733 795.)

1869 746 2134 806 Hortatur
2159 750 2230 805 ad
2276 751 2575 805 ordinatam
2606 751 2948 818 charitatem;
2976 751 3046 807 ad
3076 751 3457 810 observantiam

1940 822 2199 895 regularis
2220 822 2295 876 vel
2312 824 2580 895 canonicw
2608 823 2749 895 uita,
2777 832 2826 876 et
2842 823 3034 895 regula:
3078 826 3246 879 sancti
3294 825 3461 879 Bene-

1939 892 2087 965 dicti.
2120 891 2298 946 Terret
2337 891 2569 965 exemplo
2612 891 3161 965 Lindisfarnensium;
3188 896 3456 950 dissuadet

1939 962 2357 1037 vestimentorum
2373 961 2607 1037 cultum;
2635 961 3011 1035 confessionem
3036 976 3367 1037 peccatorum
3409 976 3457 1022 et

1939 1033 2294 1104 paenitentiam
2319 1033 2668 1087 commendat.

1945 1124 2312 1180 Sanctissimis
2333 1124 2387 1178 in
2407 1123 2622 1180 Christo
2643 1124 2903 1183 fratribus
2914 1127 3183 1185 Wirensis
3204 1129 3461 1187 Ecclesia:

1870 1225 1928 1275 et
1944 1216 2259 1289 Gyrvensis,
2290 1218 2509 1273 humilis
2533 1218 2694 1273 levita
2720 1220 2981 1278 Alcuinus
3009 1222 3258 1278 salutem.

1943 1310 2170 1380 Semper
2198 1310 2417 1381 pietatis
2442 1319 2638 1367 vestra:
2666 1311 3005 1381 religionem,
3060 1330 3128 1371 ex
3179 1330 3285 1386 quo
3319 1314 3462 1370 scire

1870 1403 2043 1473 potui,
2094 1403 2295 1469 amavi,
2338 1418 2697 1474 magnamque
2747 1404 2803 1459 in
2849 1414 3045 1462 vestrae
3088 1405 3464 1463 unanimitatis

1871 1494 2210 1549 orationibus
2233 1492 2438 1549 habens
2467 1494 2717 1550 ﬁduciam
2746 1509 2761 1549 :
2790 1503 2844 1550 et
2877 1496 3055 1563 modo,
3085 1496 3211 1553 licet
3236 1509 3466 1568 corpore

1870 1585 2060 1657 procul
2084 1586 2308 1657 positus,
2354 1585 2536 1642 animo
2566 1594 2746 1643 tamen
2787 1586 2929 1643 inter
2974 1603 3073 1644 vos
3124 1604 3338 1660 semper
3377 1603 3466 1645 as-

1872 1677 2090 1744 sistens,
2121 1679 2251 1749 quia
2275 1677 2503 1734 latitudo
2532 1679 2816 1735 charitatis
2858 1678 3004 1735 nulla
3057 1679 3316 1737 dividitur
3346 1680 3465 1736 lon-

1870 1768 2193 1841 ginquitate,
2224 1770 2385 1825 nullis
2406 1770 2675 1826 clauditur
2714 1771 2962 1826 terminis
2994 1790 3006 1825 :
3039 1772 3132 1827 sed
3157 1788 3264 1843 quo
3290 1771 3464 1842 magis

166 1860 368 1917 (labilis
392 1861 449 1916 in
478 1859 627 1915 omni
649 1873 815 1928 Opere
841 1859 1004 1913 1³0υο-
1041 1856 1251 1926 Largus
1296 1863 1415 1912 esto
1457 1856 1515 1911 in
1555 1855 1765 1922 dando.
1796 1839 1846 1902 Β
1871 1839 2026 1919 ardet
2076 1864 2132 1919 in
2173 1863 2413 1934 pectoris
2436 1871 2614 1930 antro,
2655 1878 2720 1919 eo
2747 1864 2911 1919 latius
2952 1839 3224 1920 ﬂammam
3256 1839 3464 1921 suavis-

165 1968 282 2008 non
308 1967 509 2011 avarus
530 1951 585 2007 in
612 1949 892 2021 rapiendo.
924 1947 1143 2004 Justitia
1171 1962 1361 2004 omnes
1387 1956 1508 2004 tuos
1541 1953 1771 2003 exornet

164 2054 347 2100 actus.
376 2044 507 2100 Esto
532 2043 705 2099 forma
733 2039 886 2116 μίση
914 2039 1245 2114 exemplum]
1269 2040 1569 2097 honestatis
1598 2041 1771 2097 omni-

164 2136 277 2192 bus
302 2136 709 2192 tevidentibus.
760 2132 924 2206 [Noli,
973 2133 1084 2189 noli
1137 2148 1331 2205 rapere
1375 2133 1583 2200 aliena,
1610 2147 1680 2189 ne
1714 2140 1771 2189 et

164 2230 396 2302 propria
428 2227 675 2302 perdas.]
697 2228 869 2284 Deum
896 2227 1047 2294 time,
1076 2227 1170 2298 qui
1197 2227 1333 2284 dixit
1360 2244 1374 2283 :
1407 2226 1476 2282 In
1502 2243 1604 2299 quo
1631 2227 1771 2281 enim

159 2322 377 2392 judicio
415 2319 761 2392 judicabitis,
785 2318 1120 2390 judicabitur
1144 2318 1210 2373 de
1244 2319 1386 2375 vobis
1427 2317 1644 2391 (Matth.
1670 2334 1767 2385 vn,

165 2412 246 2484 2).
274 2411 415 2467 Ama
441 2411 614 2466 Deum
648 2409 927 2465 Christum
968 2418 1023 2463 et
1068 2408 1186 2478 ejus
1219 2411 1440 2465 obedire
1472 2411 1771 2475 mandatis,

168 2514 448 2578 quatenus
475 2503 623 2558 illius
643 2500 1020 2558 misericordia
1042 2502 1140 2557 tibi
1165 2502 1382 2572 tuisque
1409 2500 1536 2557 ﬁliis
1556 2509 1611 2556 et
1640 2502 1777 2557 ami-

169 2600 249 2655 cis
272 2599 337 2653 in
358 2594 737 2654 benedictione
765 2601 1051 2651 conservet
1077 2592 1377 2667 [regnum],
1425 2596 1570 2667 quod
1603 2602 1657 2651 te
1680 2595 1778 2650 ba-

170 2690 310 2749 bere
328 2687 522 2756 voluit,
551 2695 607 2744 et
626 2687 856 2757 gloriam
888 2686 1084 2743 futura:
1108 2688 1461 2744 beatitudinis
1479 2689 1778 2745 concedere

174 2782 433 2855 dignetur
446 2778 602 2854 [Cod.
620 2778 765 2845 Sal.,
779 2775 1134 2850 dignabitur].
1153 2778 1295 2834 Deus
1316 2780 1660 2850 omnipotens
1689 2793 1778 2836 re-

176 2875 275 2949 gni
304 2868 583 2940 felicitate,
604 2887 819 2929 morum
845 2870 1127 2943 dignitate,
1143 2870 1386 2944 longaeva
1410 2871 1778 2944 prosperitate

173 2970 233 3022 te
261 2963 456 3035 ﬂorere
477 2963 667 3032 faciat,
695 2961 1049 3019 dilectissime
1071 2961 1173 3019 ﬁli.

680 3095 708 3126 ι
747 3081 1086 3140 EPISTOLA
1134 3081 1273 3139 XIII.

735 3197 1213 3275 Fragmentum.

654 3322 724 3364 AD
759 3320 1086 3364 ειδιιιιειδωι
1120 3318 1320 3363 κεσειι.

786 3418 965 3495 (Anno
999 3419 1153 3494 793.)

172 3528 444 3593 laniarat
476 3531 542 3589 de
568 3531 846 3604 amictione
873 3530 1107 3615 ecclesiae
1139 3539 1189 3587 et
1224 3528 1449 3586 civitatis
1475 3526 1776 3600 Lindisfar-

882 3619 1078 3659 uenus.

248 3716 395 3774 Ecce
426 3716 659 3773 ecclesia
704 3714 879 3772 sancti
913 3712 1200 3770 Cuthberti
1242 3711 1585 3769 sacerdotum
1632 3710 1775 3786 (Dei)

176 3808 447 3882 sanguine
468 3823 708 3880 aspersa,
733 3807 985 3863 omnibus
1008 3805 1240 3877 spoliata
1266 3806 1601 3861 ornamentis
1625 3803 1778 3862 locus

178 3900 396 3967 uinctis
440 3901 498 3955 in
536 3899 815 3955 Britannia
854 3897 1214 3955 venerabilior
1255 3898 1483 3971 paganis
1529 3897 1780 3968 gentibus

178 3993 344 4049 datur
386 3995 456 4050 ad
499 3993 919 4066 deprzedandum
956 3993 1089 4070 [Αι.,
1121 3992 1546 4066 debellandum].
1584 3994 1651 4049 Et
1684 3991 1779 4049 ubi

176 4083 420 4154 primum
447 4092 574 4156 post
598 4085 901 4142 discessum
920 4085 951 4127 ιι
970 4086 1144 4142 sancti
1178 4084 1390 4140 Paulini
1434 4086 1503 4141 ab
1535 4084 1780 4140 Eboraco

179 4172 493 4230 Christiana
518 4176 710 4247 religio
735 4174 792 4232 in
816 4185 1005 4232 nostra
1036 4174 1170 4249 [Al.,
1209 4172 1779 4246 Northanimhrorum]

182 4278 341 4340 gente
381 4269 615 4340 sumpsit
649 4270 931 4326 exordium
957 4310 972 4335 ,
1002 4268 1077 4325 ibi
1107 4268 1342 4325 miseriae
1374 4276 1430 4324 et
1457 4267 1783 4324 calamitatis

181 4360 349 4431 cepit
375 4360 615 4416 initium.
647 4361 787 4429 Quid
812 4359 1082 4432 signiﬁcat
1103 4359 1284 4430 pluvia
1317 4358 1597 4431 sanguinis
1620 4374 1783 4430 quam

180 4452 235 4509 in
258 4454 718 4525 quadragesimali
750 4462 994 4525 tempore
1018 4448 1073 4507 in
1100 4451 1343 4508 Eboraca
1380 4451 1602 4508 civitate
1619 4492 1635 4518 ,
1663 4466 1784 4522 quae

182 4554 262 4602 est
284 4553 454 4617 caput
486 4546 651 4602 totius
675 4544 849 4618 regni,
875 4546 930 4601 in
963 4545 1192 4600 ecclesia
1227 4542 1371 4599 beati
1406 4542 1555 4599 Petri
1584 4543 1785 4614 princi-

181 4642 264 4713 pis
295 4640 669 4714 apostolorum
693 4641 948 4707 vidimus,
976 4642 1043 4698 de
1091 4639 1403 4697 borealibus
1439 4640 1650 4705 domus,
1692 4655 1784 4696 se-

184 4748 317 4791 reno
342 4748 495 4800 aere,
524 4733 591 4789 de
627 4748 842 4789 summo
869 4733 998 4788 tecti
1026 4732 1313 4787 minaciter
1337 4729 1566 4786 cadere?
1592 4728 1783 4788 Nonne

184 4833 362 4894 potest
382 4825 566 4897 putari
602 4843 634 4882 a
661 4826 972 4883 borealibus
993 4825 1241 4898 partibus
1267 4824 1455 4882 venire
1480 4840 1643 4898 super
1670 4833 1782 4883 ter-

188 4928 304 4972 ram
331 4916 692 4988 sanguinein?
1234 4931 1244 4938 ‘

255 5084 283 5156 ς
462 5069 1051 5156 ίιοξιεωειιιρωηιξειιίε
1065 5068 1302 5156 servavit
1346 5067 1633 5156 hiaimesb.
1677 5070 1778 5129 lib.

186 5159 207 5200 ι
230 5142 365 5215 Reg.
396 5141 650 5228 Anglfca
684 5184 706 5228 ..
839 5143 978 5226 Edit.
1011 5141 1264 5226 Quercet.
1332 5183 1346 5197 .
1382 5141 1538 5197 1667.
1604 5213 1616 5226 θ

258 5215 286 5255 δ
310 5161 775 5299 .Sanct‘z'Pauzmi.
805 5213 976 5299 Primi
1005 5229 1256 5299 episcopi
1290 5158 1668 5299 Eboracensns,
1711 5213 1778 5271 de

189 5301 293 5359 quo
309 5286 444 5354 jvid.
482 5287 619 5344 Ven.
651 5285 811 5342 Beda;
836 5285 933 5341 lib.
969 5301 1007 5340 ιι
1029 5283 1055 5349 ,ί
1073 5283 1201 5356 cap.
1224 5283 1282 5351 8,
1310 5292 1417 5340 etc.

260 5368 283 5398 ε
323 5356 477 5414 Hanc
530 5357 817 5440 epistolam
862 5357 917 5410 in
967 5356 1125 5440 editis
1182 5356 1427 5440 mutilam
1461 5354 1776 5440 Quercelaj

191 5443 291 5500 nus
318 5442 424 5500 0pc
453 5427 822 5500 msicodicis
848 5442 970 5500 suae
996 5427 1314 5500 integritati
1367 5427 1622 5500 restituit.
1654 5427 1775 5500 _Est

194 5498 331 5569 inter
355 5496 530 5555 editas
559 5498 629 5555 ab
651 5500 769 5569 ipso
796 5499 888 5564 49,
918 5496 1062 5554 inter
1080 5497 1397 5569 Canisianas
1419 5497 1507 5562 25,
1545 5496 1781 5569 Froben.

196 5568 284 5648 15ζ
314 5571 420 5648 hic
461 5566 749 5648 emendata
788 5570 994 5648 aliquot
1021 5569 1153 5648 locis
1191 5582 1257 5622 ex
1287 5567 1408 5623 cod.
1440 5566 1783 5648 ms_._'_Salisb.

259 5640 286 5680 ιι
314 5640 578 5697 Wirensis
613 5650 663 5696 et
704 5639 1031 5712 Gyrvensist
1064 5639 1459 5712 Wirensemseu
1507 5638 1783 5712 Wiremuf

196 5711 381 5767 thense
404 5708 794 5768 monasterium
815 5713 986 5767 sancti
1007 5710 1185 5776 Petri;
1220 5722 1273 5765 et
1302 5708 1580 5765 Girwense
1609 5709 1784 5765 sancti

197 5778 342 5856 _Panli
369 5782 625 5856 (Jarrow)
642 5783 707 5856 in
732 5782 922 5856 Anglia
949 5784 1017 5856 ad
1040 5782 1239 5856 ostium
1264 5780 1437 5856 _Wirm
1457 5781 1654 5856 amnis,
1683 5796 1782 5856 cu-

189 5849 276 5925 jus
311 5849 568 5928 uti-asque
606 5849 759 5927 ripas
803 5849 1123 5913 Benedictus
1152 5853 1371 5925 quidam
1410 5851 1656 5911 ecclesiis
1700 5852 1786 5911 in-

1799 3212 1848 3278 ε

1871 1953 1995 2010 simi
2023 1955 2235 2011 ardoris
2254 1970 2508 2027 spargere
2528 1953 2813 2011 assuescit.
2838 1954 2989 2012 Sicut
3008 1954 3128 2011 fons
3152 1956 3463 2027 paradisum

1873 2044 2105 2118 irrigans
2133 2047 2436 2118 quadriﬁdo
2467 2046 2683 2102 tramite
2728 2045 2896 2101 latum
2924 2045 3243 2102 diﬁ'unditur
3280 2047 3336 2102 in
3375 2063 3466 2102 or-

1872 2137 2017 2205 hem,
2049 2139 2130 2194 sic
2178 2138 2298 2195 fons
2343 2138 2627 2195 charitatis
2665 2147 2875 2211 pectus,
2926 2139 3187 2193 virtutum
3242 2137 3467 2195 ﬁoribus

1869 2232 2155 2303 pullulans,
2188 2232 2243 2287 in
2272 2240 2504 2303 quatuor
2542 2231 2745 2287 amoris
2779 2232 2924 2287 rivos
2966 2232 3263 2297 derivatur,
3296 2230 3467 2287 veluti

1873 2339 2094 2384 sanctus
2117 2328 2453 2401 Augustinus
2479 2328 2537 2384 in
2564 2328 2705 2384 libro
2724 2328 2901 2400 primo
2928 2327 3005 2382 De
3030 2327 3287 2382 Doctrina
3310 2325 3467 2382 Chri-

1874 2422 2049 2476 stiana
2071 2419 2222 2491 (Cap.
2241 2422 2312 2476 25
2328 2430 2382 2476 et
2396 2420 2574 2490 seqq.)
2596 2420 2730 2476 dixit
2745 2419 2936 2474 :cCum
2955 2434 3085 2490 ergo
3106 2425 3339 2487 quatuor
3358 2417 3469 2471 sint

1876 2512 2174 2583 diligenda,
2207 2528 2371 2567 unum
2398 2511 2542 2581 quod
2580 2526 2741 2580 supra
2777 2524 2876 2564 nos
2914 2516 3031 2574 est,
3063 2508 3294 2563 alterum
3321 2505 3466 2576 quod

1875 2619 1976 2660 nos
1998 2619 2205 2670 sumus,
2230 2604 2449 2659 tertium
2472 2602 2616 2673 quod
2627 2600 2785 2670 juxta
2805 2616 2905 2656 nos
2924 2606 3027 2667 est,
3045 2605 3301 2669 quartum
3321 2596 3466 2667 quod

1875 2696 2018 2752 infra
2050 2713 2148 2753 nos
2184 2705 2290 2753 εει.
2323 2696 2467 2752 Deus
2508 2710 2673 2765 supra
2712 2709 2811 2750 nos
2848 2702 2950 2751 est.
2994 2692 3280 2748 Proximus
3309 2688 3467 2760 juxta

1875 2805 1975 2845 nos
1996 2797 2099 2845 est.
2133 2788 2342 2859 Corpus
2365 2795 2610 2843 nostrum
2632 2785 2772 2841 infra
2792 2801 2893 2841 nos
2915 2792 3019 2840 est.
3048 2783 3126 2839 De
3150 2783 3389 2842 secundo
3410 2788 3470 2840 et

1875 2890 2071 2953 quarto
2098 2880 2242 2935 nulla
2267 2888 2534 2950 praecepta
2558 2878 2736 2933 danda
2761 2864 2927 2933 erant
2943 2875 3132 2950 [Codd.
3163 2891 3264 2929 ms.
3289 2870 3464 2947 sunt].

1876 2971 2282 3041 Quantumlibet
2303 2970 2448 3026 enim
2470 2956 2633 3025 homo
2658 2969 2873 3025 excidat
2893 2984 2925 3023 a
2946 2968 3196 3034 veritate,
3221 2973 3465 3022 remanet

1875 3065 1953 3122 illi
1980 3065 2195 3121 dilectio
2221 3064 2305 3121 sui
2330 3070 2386 3119 et
2410 3063 2628 3120 dilectio
2653 3061 2901 3134 corporis
2926 3061 3031 3117 sui.
3060 3060 3185 3116 Ideo
3210 3060 3469 3131 praecepit

1877 3157 2165 3231 Scriptura
2212 3166 2274 3213 ut
2318 3157 2462 3213 Deus
2508 3157 2765 3228 diligatur
2807 3165 2863 3211 et
2907 3154 3209 3227 proximus.
3250 3151 3468 3208 Nullum

1876 3267 2061 3309 rerum
2085 3251 2477 3320 diligendarum
2501 3264 2676 3321 genus
2712 3249 2768 3304 in
2811 3249 2896 3304 his
2938 3248 3146 3305 duobus
3184 3245 3469 3318 praeceptis

1870 3342 2300 3415 praetermissum
2326 3348 2428 3397 est.
2460 3338 2617 3395 Salus
2653 3354 2784 3395 vero
2819 3340 3063 3410 corporis
3097 3347 3320 3410 propter
3352 3353 3470 3394 ser-

1873 3435 2069 3490 vitium
2096 3433 2190 3489 Dei
2216 3434 2448 3489 amanda
2482 3441 2601 3500 est,
2637 3440 2693 3488 et
2733 3431 3016 3503 integritas
3050 3432 3242 3487 animae
3275 3431 3330 3486 in
3355 3429 3469 3488 Deo

1874 3525 2143 3599 diligenda
2184 3535 2286 3583 est.
2328 3525 2647 3593 Proximus,
2691 3525 2746 3582 id
2781 3533 2896 3593 est,
2924 3525 3101 3581 omnis
3122 3524 3317 3591 homo,
3341 3536 3473 3594 pro-

1873 3629 1997 3693 pter
2038 3620 2249 3687 Deum;
2298 3630 2355 3675 et
2398 3633 2562 3691 super
2602 3619 2786 3675 omnia
2830 3618 2976 3675 Deus
3017 3617 3316 3689 diligendus
3359 3623 3465 3673 est.

1875 3714 2105 3787 Diliges,
2137 3714 2343 3785 inquit,
2370 3713 2655 3769 Dominum
2679 3712 2851 3768 Deum
2889 3723 3038 3767 tuum
3075 3728 3140 3768 ex
3166 3719 3274 3765 toto
3311 3709 3467 3765 corde

1877 3820 1968 3866 tuo
1986 3850 2001 3876 ,
2029 3819 2077 3863 et
2104 3826 2168 3864 ea:
2195 3816 2304 3863 tota
2333 3809 2514 3863 anima
2541 3816 2633 3862 tua
2662 3817 2709 3862 et
2740 3823 2804 3862 ea:
2831 3815 2942 3861 tota
2966 3815 3135 3860 mente
3156 3813 3284 3871 tua;
3310 3812 3359 3858 et
3385 3801 3477 3858 di-

1877 3900 2007 3972 liges
2032 3901 2330 3972 proximum
2357 3911 2506 3955 tuum
2534 3900 2668 3954 sicut
2695 3908 2745 3954 te
2770 3900 2941 3969 ipsum
2969 3897 3187 3971 (Matth.
3211 3913 3344 3962 xxn,
3371 3896 3466 3963 37,

1877 3992 2004 4064 59).
2034 3990 2262 4048 Omnem
2286 4007 2416 4047 vero
2442 3991 2719 4047 hominem
2742 3990 3051 4060 proximum
3093 4004 3240 4055 esse,
3283 4003 3469 4044 exem-

1879 4081 1970 4152 plo
1993 4082 2261 4138 vulnerati
2287 4090 2343 4138 et
2372 4081 2704 4138 Samaritani
2730 4082 3021 4137 discamus.
3047 4080 3262 4135 Nullum
3288 4087 3469 4134 autem

1881 4182 2168 4243 exceptum
2207 4188 2327 4228 esse
2353 4173 2441 4228 cui
2466 4172 2855 4229 misericordia:
2879 4174 3175 4241 denegetur
3197 4169 3431 4227 ofﬁcium
3446 4209 3465 4235 ,

1882 4266 2004 4336 quis
2048 4280 2157 4319 non
2200 4264 2423 4320 videat?
2448 4263 2664 4334 quando
2691 4261 2863 4336 [Cod.
2893 4262 3036 4330 Sal.,
3064 4260 3354 4335 quoniam]
3401 4261 3471 4317 ad

1885 4357 2134 4413 inimicos
2178 4357 2341 4412 etiam
2390 4364 2701 4427 porrectum
2742 4364 2853 4424 est,
2898 4356 3088 4413 eodem
3124 4356 3350 4412 Domino
3389 4354 3473 4411 di-

1886 4458 2045 4506 cente
2074 4466 2088 4502 :
2130 4447 2346 4520 Diligite
2382 4448 2622 4503 inimicos
2646 4458 2874 4515 vestros,
2912 4448 3194 4520 benefacite
3227 4448 3339 4514 his,
3377 4444 3471 4519 qui

1888 4543 2107 4597 oderunt
2135 4559 2221 4598 vos
2246 4541 2397 4614 (Luc.
2420 4558 2472 4597 γι
2494 4582 2511 4609 ,
2537 4541 2651 4615 27).
2678 4561 2696 4594 ι
2729 4540 2787 4596 Si
2813 4541 3016 4597 inimici
3040 4540 3295 4612 diligendi
3320 4545 3469 4608 sunt,

1889 4646 2091 4708 quanto
2116 4636 2288 4707 magis
2311 4644 2367 4692 et
2391 4635 2590 4691 fratres
2614 4635 2706 4706 qui
2733 4650 2840 4691 uno
2865 4634 2991 4689 ovili
3014 4632 3402 4689 continentur?

1958 4728 2068 4783 Vos
2092 4743 2253 4794 vero,
2282 4726 2479 4782 fratres
2514 4725 2875 4788 sanctissimi,
2912 4724 3101 4780 iisdem
3139 4723 3292 4798 [Cod.
3324 4721 3469 4792 Sal.,

1884 4833 1918 4874 a
1942 4816 2180 4891 sanctis]
2222 4817 2473 4874 Patribus
2512 4816 2738 4888 spiritali
2763 4816 3012 4871 doctrina
3039 4816 3305 4887 congeniti
3326 4858 3342 4883 ,
3367 4816 3474 4873 eis-

1885 4912 2008 4970 dem
2048 4909 2216 4983 [Cod.
2260 4909 2403 4977 Sal.,
2441 4918 2605 4980 atque
2640 4924 2672 4964 a
2708 4907 2897 4981 bonis]
2934 4909 3025 4964 diu
3048 4910 3354 4979 pastoribus
3374 4925 3473 4980 per

1883 5066 2128 5141 signivit,
2153 5076 2209 5124 et
2242 5064 2571 5141 monasteria
2603 5064 2799 5141 ibidem
2830 5066 3155 5141 construxit,
3186 5066 3471 5141 charitatis

1880 5136 1957 5195 et'
1981 5138 2180 5209 regulae
2217 5137 2416 5193 unione
2442 5153 2556 5209 non
2604 5136 2987 5209 discrepantia.
3044 5136 3228 5209 Cinis.
3249 5167 3323 5178 —
3344 5137 3468 5209 Vid.

1880 5205 2160 5265 Malmesh.
2207 5209 2302 5264 lib.
2349 5224 2404 5263 iv
2440 5208 2600 5279 Pont.
2642 5205 2798 5278 Angli
2830 5208 2885 5262 in
2909 5205 3039 5264 ﬁne.
3076 5208 3315 5265 Alterius
3354 5208 3470 5279 epi-

1876 5280 2029 5337 stolae
2062 5280 2129 5334 ad
2168 5278 2504 5335 Eadbaldum
2545 5277 2946 5335 Gerwicensem
2986 5280 3237 5336 abbatem
3286 5277 3473 5335 memi-

1854 5353 1956 5423 nit
1985 5351 2234 5423 Clemens
2272 5351 2551 5423 Reynerus
2574 5351 2712 5423 apud
2741 5349 3023 5423 Alfordum
3048 5350 3245 5423 Annal.
3272 5349 3474 5423 Anglo-

1877 5365 1956 5407 mt
1985 5365 2234 5407 Clemens
2275 5365 2551 5477 uegnerus
2574 5365 2712 5474 assa
2741 5365 3023 5406 Anoraum
3048 5365 3245 5406 annat.
3272 5365 3474 5423 Anglo-

1877 5422 2079 5478 Saxon.
2110 5422 2178 5493 ad
2208 5438 2297 5476 an.
2378 5420 2467 5485 04,
2511 5437 2564 5474 n.
2680 5462 2694 5485 ,
2737 5438 2858 5493 pag.
2912 5422 3001 5488 M,
3044 5422 3160 5493 haec
3205 5422 3365 5477 verba
3393 5421 3474 5493 ci-

1882 5503 2042 5551 tans:
2072 5513 2091 5546 (
2112 5491 2230 5548 Νοη
2253 5493 2493 5564 ignotum
2522 5506 2641 5564 esse
2672 5502 2779 5547 tuae
2818 5491 3119 5564 dilectioni,
3164 5492 3474 5548 venerande

1881 5565 2091 5633 frater,
2114 5562 2297 5629 credo,
2343 5562 2487 5634 quod
2513 5563 2641 5634 olim
2668 5564 2839 5617 sancti
2873 5562 3063 5618 Patres
3100 5570 3474 5619 antecessores

1881 5638 1963 5692 tui
1992 5632 2123 5692 mihi
2172 5635 2297 5690 licet
2338 5632 2558 5703 indigno
2592 5632 2977 5705 familiaritatis
3014 5643 3209 5689 vestra:
3237 5635 3472 5705 gratiam

1878 5711 2334 5779 perdonaverunt,
2378 5714 2432 5761 et
2473 5706 2528 5759 in
2556 5704 2678 5779 albo
2702 5705 3067 5779 beatitudinis
3089 5714 3303 5779 vestra:
3334 5719 3473 5761 meae

1879 5773 2163 5852 parvitatis
2211 5773 3043 5852 nomen‘conscrihimjusserunt,
3086 5776 3184 5842 ita,
3226 5784 3288 5831 ut
3327 5789 3472 5833 unus

1881 5846 2052 5910 Essem
2080 5866 2146 5906 cx
2176 5849 2346 5917 vobis,
2377 5848 2682 5917 ubicunque
2702 5846 2813 5903 Deo
2841 5846 3055 5907 volente
3079 5863 3278 5905 essem.
3297 5865 3322 5905 ι
3410 5896 3418 5906 .
