4078 6324
615 377 726 436 167

1484 376 1546 436 Β.
1585 379 1648 438 F.
1681 381 1910 438 ALBINI
1948 381 2083 441 SEU
2117 381 2398 440 ALCUlNl
2433 381 2717 440 OPERUM
2752 382 2933 440 PARS
2965 382 3014 440 1.

3786 391 3894 450 168

581 495 781 583 ⁸ῑιιοόο
823 493 938 550 Deo
977 493 1215 565 placeat;
1263 493 1532 564 quomodo
1577 495 1808 550 salutem
1859 497 2054 552 anima:
2091 512 2204 552 sua:
2226 495 2416 563 ADeo
2462 495 2751 564 amabiles,
2799 504 2854 552 et
2897 495 3206 553 hominibus
3252 497 3598 559 honorabiles
3637 503 3895 564 institue-

619 595 912 655 operetur:
937 585 1033 642 sed
1059 601 1154 641 vos
1181 585 1504 656 specialiter,
1537 587 1845 643 charissimi
1876 587 2106 643 fratres!
2142 588 2200 643 in

619 678 844 732 servitio
881 678 975 734 Dei
1020 694 1337 748 permanere
1376 677 1550 744 decet,
1597 687 1650 735 et
1678 681 1733 735 in
1763 682 1988 736 rationis
2019 680 2205 754 [Forte

619 768 904 842 orationis]
932 771 1110 826 studio
1133 770 1408 842 prolicere,
1443 779 1664 842 propter
1696 773 1928 842 optimos
1950 781 2204 843 parentes

619 868 675 916 et
723 876 919 931 paucos
954 860 1156 934 [Forte,
1205 877 1314 916 non
1363 862 1586 934 paucos]
1633 864 1921 935 magistros
1969 872 2199 920 vestros.

621 953 759 1020 Quid
784 969 914 1009 vero
943 953 1200 1008 librorum
1235 954 1387 1023 copia
1417 955 1654 1024 prodest,
1705 956 1753 1011 si
1801 972 1908 1011 non
1958 957 2100 1011 erint
2129 956 2206 1012 le-

619 1051 808 1113 gentes
846 1043 901 1097 in
940 1044 1040 1109 eis,
1071 1050 1126 1098 et
1153 1042 1511 1114 intelligentes
1531 1045 1660 1100 eos?
1705 1043 1846 1112 Quid
1866 1046 1984 1100 laus
2010 1061 2206 1116 paren-

621 1140 733 1187 tum
761 1133 988 1203 proﬁcit,
1019 1133 1064 1188 si
1086 1141 1385 1190 sectatores
1417 1133 1634 1190 illorum
1659 1149 1767 1192 non
1801 1136 1942 1191 erint
1965 1151 2205 1208 praecep-

619 1230 794 1279 torum
821 1232 944 1293 post
967 1238 1060 1278 eos
1076 1224 1099 1277 ἲ

687 1315 795 1370 Vos
822 1329 956 1370 vero
980 1313 1078 1370 filii
1109 1315 1241 1372 estis
1265 1323 1599 1384 sanctorum,
1632 1332 1728 1373 vos
1759 1317 1935 1372 nobile
1958 1332 2126 1388 genus
2150 1316 2206 1373 et

616 1404 796 1478 regale
834 1404 1222 1472 sacerdotium,
1249 1406 1307 1460 in
1335 1405 1579 1461 Ecclesia
1616 1405 1819 1462 Christi
1848 1406 2037 1461 nutriti
2068 1424 2081 1460 :
2106 1421 2206 1461 no-

613 1497 882 1553 bilitatem
912 1505 1150 1553 vestram
1170 1498 1330 1554 bonis
1352 1499 1596 1554 moribus
1618 1499 1905 1566 ostendite,
1933 1508 2204 1570 quatenus

613 1590 834 1663 plurimi
867 1591 1066 1646 vest:is
1090 1591 1248 1647 bonis
1267 1592 1529 1663 exemplis
1552 1592 1888 1659 erudiantur,
1915 1601 1970 1649 et
1991 1593 2084 1663 qui
2109 1607 2204 1648 vos

614 1680 748 1739 foris
792 1684 991 1750 videat,
1025 1700 1056 1738 a
1077 1683 1234 1740 vobis
1267 1684 1440 1739 discat
1470 1687 1739 1755 quomodo
1763 1685 1948 1739 vivere
1990 1685 2202 1740 debeat.

614 1773 750 1831 Nam
782 1791 849 1831 ex
881 1792 1178 1847 paucorum
1217 1778 1627 1834 conversatione
1673 1779 1740 1834 ab
1797 1778 1882 1833 his
1928 1778 2020 1848 qui
2071 1776 2205 1834 foris

2303 594 2450 652 runt,
2493 588 2584 656 qui
2636 587 2797 657 primi
2833 587 3051 644 fuerunt
3095 588 3410 648 fundatores
3457 600 3896 667 congregationis

2302 686 2514 733 vestrae.
2545 676 2763 732 Certum
2795 686 2878 734 est
2907 678 3028 734 illos
3053 680 3248 750 saepius
3279 681 3499 738 visitare
3526 683 3644 741 loca
3680 687 3896 746 habita-

2303 770 2466 826 tionis
2509 780 2721 836 vestrae,
2771 780 2825 826 et
2865 787 3218 842 quoscunque
3258 773 3537 830 inveniant
3563 779 3792 836 honeste
3815 781 3894 838 vi-

2302 874 2429 914 vere
2475 869 2532 915 et
2574 876 2671 916 sua
2715 861 2988 917 custodire
3038 871 3259 930 statuta,
3299 866 3640 937 congaudent
3670 869 3797 935 illis,
3839 878 3896 930 et

2302 968 2402 1024 pro
2446 955 2526 1009 eis
2565 955 2898 1010 intercedere
2940 955 3081 1026 apud
3123 957 3272 1026 pium
3301 955 3542 1025 iudicem
3585 961 3894 1026 nullatenus

2303 1047 2607 1114 desistunt;
2633 1049 2727 1104 sed
2751 1059 2807 1104 et
2840 1050 3154 1120 angelorum
3191 1052 3526 1108 visitationes
3557 1053 3674 1110 loca
3702 1064 3893 1112 sancta

2302 1134 2647 1206 frequentare
2673 1154 2779 1193 non
2805 1140 3026 1194 dubium
3051 1147 3152 1196 est.
3178 1140 3373 1196 Fertur
3399 1143 3542 1198 enim
3567 1147 3895 1216 magistrum

2302 1239 2549 1284 nostrum
2594 1237 2648 1285 et
2687 1240 2927 1285 vestrum
2975 1241 3260 1301 patronum
3300 1234 3518 1289 beatum
3553 1235 3758 1290 dixisse
3798 1235 3898 1289 Bt:-

2302 1336 2448 1375 nau:
2487 1339 2506 1372 ι
2531 1320 2656 1376 Scio
2683 1323 2903 1393 angelos
2929 1322 3152 1378 visitare
3177 1325 3466 1380 canonicas
3490 1325 3651 1380 horas
3684 1334 3740 1380 et
3769 1341 3896 1381 con-
3991 1326 3996 1327 “

2303 1411 2644 1482 gregationes
2677 1411 2976 1480 fraternas;
3015 1414 3144 1483 quid
3180 1414 3225 1468 si
3256 1415 3330 1469 ibi
3359 1430 3445 1471 me
3471 1431 3579 1470 non
3607 1415 3894 1472 inveniunt

2304 1500 2448 1556 inter
2471 1501 2704 1558 fratres?
2751 1502 2940 1560 Nonne
2987 1505 3165 1560 dicere
3204 1505 3420 1570 habent,
3468 1506 3559 1561 ubi
3588 1515 3674 1563 est
3711 1509 3893 1563 Βεωῖ

2306 1594 2485 1661 Quare
2532 1611 2639 1650 non
2688 1596 2836 1652 venit
2865 1597 2933 1652 ad
2969 1597 3310 1655 adorationes
3351 1605 3582 1655 statutas
3617 1615 3744 1657 cum
3783 1601 3893 1656 fra-

2306 1687 2519 1742 tribus?
2538 1708 2557 1740 ι

2377 1779 2572 1851 Magna
2599 1788 2685 1836 est
2705 1780 2846 1851 apud
2871 1780 3042 1836 Deum
3066 1784 3370 1840 communis
3398 1787 3592 1850 oratio,
3620 1796 3677 1840 et
3698 1802 3895 1858 magna

615 1877 763 1933 sunt,
789 1882 929 1938 saepe
956 1868 1172 1923 illorum
1201 1868 1332 1936 vita,
1373 1870 1466 1940 qui
1507 1870 1652 1925 intus
1691 1879 1837 1936 sunt,
1868 1869 2195 1924 nominatur.
2229 1876 2280 1940 Β
2305 1869 2586 1927 charitatis
2611 1873 2956 1939 communio;
2991 1883 3047 1930 et
3072 1874 3243 1929 multo
3278 1883 3363 1930 est
3399 1877 3591 1932 melius
3629 1893 3754 1932 cum
3793 1877 3896 1932 fra-

615 1955 757 2012 Dicit
786 1959 931 2013 enim
958 1957 1249 2029 Apostolus
1275 1977 1288 2014 :
1313 1959 1564 2028 Quandiu
1604 1978 1721 2016 sum
1749 1961 2026 2033 Apostolus
2071 1978 2200 2032 gen-

615 2050 767 2116 tium,
809 2051 1154 2106 ministerium
1199 2069 1371 2108 meum
1418 2054 1708 2124 honoriﬁco
1749 2055 1927 2128 (Rom.
1969 2072 2050 2123 χι,
2088 2054 2198 2128 15).

616 2139 710 2195 Sic
753 2142 912 2199 debet
945 2145 1314 2216 unusquisque
1362 2162 1515 2202 suam
1567 2163 1872 2219 personam,
1925 2149 2010 2204 vel
2047 2165 2202 2204 suum

612 2233 949 2302 propositum
973 2237 1237 2308 religiosis
1257 2253 1454 2294 ornare
1474 2240 1738 2307 moribus,
1764 2250 1822 2297 ut
1843 2241 2053 2298 laudem
2080 2259 2204 2298 cum

613 2321 924 2383 hominibus
970 2329 1186 2398 habeat,
1234 2341 1288 2386 et
1327 2333 1495 2388 vitam
1533 2343 1792 2390 aeternam
1837 2352 1959 2392 cum
2001 2339 2203 2401 sanctis

614 2417 859 2488 accipere
903 2431 1194 2478 mereatur.
1245 2423 1352 2480 Pro
1406 2426 1562 2482 nobis
1617 2428 2039 2484 intercedentem
2074 2429 2204 2484 bea-

614 2505 898 2564 titudinem
963 2521 1200 2567 vestram
1267 2513 1410 2570 Deus
1483 2517 1826 2588 omnipotens
1886 2519 2198 2584 custodiat,

615 2606 670 2654 et
699 2599 756 2655 in
805 2602 954 2659 omni
987 2603 1131 2662 bono
1181 2603 1447 2676 prolicere
1491 2605 1696 2678 faciat,
1745 2608 1943 2667 fratres
1991 2610 2202 2668 charis-

608 2689 737 2748 simi
760 2693 773 2746 !

1143 2785 1480 2845 EPISTOLA
1516 2788 1656 2846 XVI.

845 2890 915 2929 AD
951 2891 1194 2933 FBATBES
1229 2893 1493 2934 BCCLESIE
1546 2895 1735 2936 SANCTI
1775 2896 1970 2940 PETRI.

615 2961 955 3021 Commendat
980 2984 1034 3022 se
1062 2968 1276 3023 illorum
1323 2973 1568 3026 amicitia:
1610 2972 1735 3027 olim
1761 2975 2016 3030 condicta:
2037 2991 2057 3030 :
2085 2976 2204 3032 lau-

683 3036 776 3110 dat
802 3053 981 3092 eorum
1017 3039 1307 3110 regularem
1351 3044 1814 3099 conversationem.
1847 3044 2108 3102 Hortatur
2132 3048 2202 3102 ad

680 3107 892 3162 virtutes
922 3107 1192 3166 monachis
1213 3113 1476 3183 proprias.

2308 1966 2482 2022 tribus
2526 1968 2886 2022 communiter
2933 1983 3122 2034 orare,
3170 1970 3497 2025 manducare
3538 1979 3593 2026 et
3633 1971 3892 2037 dormire,

2305 2072 2467 2129 quam
2513 2058 2569 2113 in
2620 2058 2840 2128 speciali
2888 2059 3222 2114 habitatione
3265 2059 3438 2115 solum
3489 2077 3610 2117 cum
3655 2063 3897 2132 periculo

2305 2167 2565 2218 manere,
2613 2153 2740 2222 quia
2787 2151 2998 2208 facilius
3052 2153 3297 2208 diabolus
3339 2170 3643 2226 expugnare
3700 2157 3898 2227 poterit

2311 2243 2466 2300 illum
2497 2244 2589 2314 qui
2621 2244 2767 2299 solus
2797 2252 2899 2310 est,
2929 2259 3090 2313 quam
3130 2260 3252 2300 eum
3293 2245 3384 2314 qui
3427 2245 3668 2302 fraterno
3696 2247 3897 2302 auxilio

2303 2336 2542 2405 undique
2593 2335 2845 2406 cingitur,
2901 2335 3114 2391 dicente
3154 2335 3474 2406 Scriptura:
3504 2336 3717 2406 Frater,
3747 2341 3894 2411 quia

2303 2427 2468 2497 fratre
2501 2427 2804 2498 adjuvetur,
2848 2429 2999 2500 quasi
3024 2428 3182 2497 ﬁrma
3209 2439 3283 2483 est
3311 2430 3493 2484 civitas
3524 2430 3708 2503 (Prov.
3739 2448 3890 2498 xvm,

2304 2520 2414 2593 l9).
2449 2521 2640 2578 Vestra
2667 2522 2811 2576 enim
2841 2521 2960 2578 laus
2983 2531 3068 2578 est
3096 2523 3319 2580 honeste
3346 2525 3549 2590 vivere,
3577 2525 3893 2598 religionem

2302 2620 2552 2668 votorum
2575 2623 2882 2669 vestrorum
2917 2629 3154 2670 servare.
3189 2614 3328 2683 Quid
3355 2617 3506 2673 vobis
3533 2618 3892 2676 vestimento-

2302 2719 2423 2759 rum
2439 2705 2668 2775 pompa?
2682 2704 2854 2775 Major
2867 2705 3061 2760 exinde
3081 2706 3186 2761 erit
3205 2707 3556 2778 reprehensio
3570 2724 3734 2780 quam
3747 2709 3892 2778 laus;

2305 2795 2516 2850 vanitas
2544 2804 2626 2851 est
2655 2796 2800 2851 enim
2826 2805 2881 2852 et
2911 2797 3182 2867 superbia,
3223 2808 3280 2853 et
3316 2799 3451 2854 nihil
3476 2799 3658 2867 aliud;
3691 2809 3748 2856 et
3774 2818 3895 2872 per-

2302 2887 2439 2943 ditio
2477 2887 2603 2943 vita:
2642 2888 2926 2959 regularis.
2983 2888 3174 2945 Melius
3223 2899 3306 2945 est
3356 2891 3588 2945 animam
3619 2893 3777 2948 bonis
3802 2909 3890 2948 or-

2302 2993 2438 3033 nare
2477 2979 2740 3045 moribus,
2796 2979 3179 3050 perpetualiter
3231 2989 3637 3050 permanentem
3657 3023 3672 3048 ,
3731 2998 3891 3053 quam

2303 3083 2519 3139 corpus,
2562 3073 2707 3140 quod
2736 3073 2794 3127 in
2816 3073 3092 3143 pulverem
3119 3075 3397 3146 redigitur,
3447 3077 3775 3146 pompaticis
3802 3093 3891 3132 or-

2302 3173 2434 3215 nare
2462 3161 2763 3230 coloribus;
2793 3163 2880 3220 vel
2911 3163 3204 3222 luxuriosis
3228 3167 3490 3222 conviviis
3513 3183 3737 3238 pascere
3767 3185 3889 3225 ver-
3959 3225 3970 3234 ,

687 3221 1062 3281 Sanctissimis
1096 3238 1122 3267 α
1156 3227 1213 3282 in
1255 3228 1430 3285 sancti
1470 3229 1618 3286 Petri
1665 3231 1894 3288 ecclesia
1940 3231 2202 3289 fratribus
2224 3241 2274 3307 ο
2305 3248 2472 3304 mium
2499 3266 2702 3307 escam,

609 3312 723 3370 Deo
763 3317 1146 3386 servientibus,
1191 3320 1413 3380 humilis
1451 3322 1752 3382 clientellus
1789 3325 2049 3382 Alcuinus
2077 3341 2202 3398 per-

611 3413 787 3477 petua:
815 3408 1000 3480 gloriae
1021 3411 1270 3468 salutem.

683 3495 992 3568 Stepissime
1038 3503 1335 3573 corporalis
1385 3507 1582 3577 speciei
1611 3508 1770 3564 amici
1797 3508 2198 3582 disjunguntur,

608 3587 704 3644 sed
734 3605 1008 3661 nunquam
1054 3592 1338 3651 charitatis
1377 3597 1662 3655 dulcedine
1692 3603 1933 3671 separari
1961 3602 2196 3672 debent;

608 3688 664 3736 et
705 3682 797 3738 ubi
841 3699 970 3739 vera
1017 3695 1102 3741 est
1145 3684 1382 3755 dilectio,
1425 3688 1500 3744 ibi
1531 3690 1686 3747 firma
1715 3704 1799 3749 est
1827 3697 2200 3766 germanitatis

609 3773 908 3842 memoria;
962 3776 1055 3832 ubi
1102 3778 1257 3834 radix
1304 3780 1564 3837 condicta
1605 3785 1857 3841 amicitiae
1884 3786 1939 3841 in
1966 3788 2200 3857 pectoris

608 3862 867 3920 thesauro
909 3866 1108 3938 ﬁgitur,
1140 3869 1263 3926 inde
1299 3872 1436 3927 rami
1475 3871 1697 3931 floribus
1722 3876 1846 3933 fidei
1874 3881 2052 3934 vestiti
2081 3881 2199 3950 pul-

607 3953 808 4013 lulasse
835 3959 1198 4016 certissimum
1219 3972 1323 4031 est,
1347 3979 1520 4036 usque
1542 3967 1668 4022 dum
1692 3967 1960 4027 fructibus
1981 3982 2198 4030 :eternae

605 4047 958 4106 beatitudinis
985 4051 1274 4111 refecerint
1305 4071 1490 4112 veram
1522 4059 1782 4117 habentes
1808 4062 1953 4119 inter
1982 4080 2040 4120 se
2063 4065 2196 4120 cha-

605 4141 844 4212 ritatem,
890 4161 1052 4216 quam
1087 4163 1188 4220 ego
1232 4158 1360 4221 Opto
1409 4151 1474 4207 de
1523 4168 1641 4208 mea
1687 4155 1952 4225 parvitate
2004 4158 2196 4212 vestris

604 4233 841 4290 firmiter
884 4237 1148 4296 inhzerere
1182 4243 1471 4311 mentibus,
1527 4244 1668 4300 sicut
1711 4247 1842 4302 olim
1875 4248 2006 4304 mihi
2035 4258 2192 4306 ante-

605 4336 849 4383 cessores
873 4331 1041 4384 vestri
1067 4332 1154 4401 pia
1182 4333 1456 4390 voluntate
1484 4337 1866 4406 promiserunt.
1959 4403 1973 4414 .

674 4415 853 4472 Locus
890 4435 1019 4475 vero
1055 4422 1408 4481 habitationis
1452 4436 1650 4489 vestra
1686 4431 1819 4484 mihi
1864 4429 2019 4486 valde
2052 4430 2195 4487 desi-

606 4504 864 4564 dcrabilis
909 4508 1034 4577 fuit,
1075 4512 1204 4568 licet
1249 4531 1336 4571 me
1371 4517 1609 4575 conditio
1639 4522 1936 4592 peregrinae
1966 4539 2192 4580 conver-

2374 3337 2501 3397 Haec
2521 3345 2773 3414 cogitate,
2802 3346 3108 3404 charissimi
3143 3347 3368 3405 fratres!
3400 3357 3456 3404 et
3483 3350 3615 3422 quid
3641 3351 3796 3407 vobis
3819 3352 3886 3408 ad

2302 3436 2560 3486 aeternam
2587 3434 2837 3503 proﬁciat
2869 3437 3257 3495 beatitudinem
3289 3441 3600 3512 sequimini.
3634 3441 3886 3498 Patribus

2301 3521 2515 3578 obedite
2560 3527 2774 3594 vestris,
2825 3545 2982 3586 senes
3027 3531 3307 3600 honorate,
3359 3533 3602 3591 inﬁrmos
3652 3535 3886 3600 visitate,

2302 3613 2729 3674 adolescentulos
2763 3619 2902 3676 bene
2952 3621 3156 3687 docete,
3205 3631 3264 3678 ut
3301 3623 3566 3691 habeatis,
3609 3626 3702 3696 qui
3729 3641 3890 3698 super

2301 3704 2547 3775 sepulcra
2577 3717 2757 3763 vestra
2790 3719 2936 3768 stare
2962 3713 3191 3784 possint,
3217 3721 3272 3768 et
3291 3713 3628 3770 intercedere
3645 3730 3746 3786 pro
3774 3715 3888 3771 ani-

2299 3799 2491 3855 mabus
2513 3803 2731 3859 vestris.
2767 3803 3120 3874 Considerate
3154 3808 3424 3864 mentibus
3457 3809 3674 3873 vestris,
3703 3809 3888 3879 quales

2299 3889 2409 3945 sint
2451 3893 2544 3962 qui
2590 3897 2752 3951 modo
2801 3898 2854 3951 in
2907 3899 3170 3969 sepulcris
3206 3899 3411 3970 jacent,
3445 3909 3499 3956 et
3525 3916 3690 3971 quam
3715 3900 3888 3962 beatae

2297 3980 2407 4036 sint
2433 3983 2628 4039 animm
2654 3985 2867 4040 illorum
2896 3989 2986 4061 qui
3019 3989 3075 4043 in
3101 3989 3378 4061 religione,
3409 3999 3463 4045 et
3489 3989 3722 4060 regulari
3753 3993 3886 4059 vita,

2295 4079 2352 4128 et
2397 4075 2652 4132 castitate
2697 4075 2964 4148 corporis,
3001 4088 3055 4134 et
3086 4081 3369 4137 charitatis
3413 4081 3718 4137 obedientia
3773 4084 3887 4139 dies

2295 4179 2423 4221 suos
2448 4183 2618 4238 usque
2639 4168 2695 4223 in
2721 4170 2882 4224 tinem
2901 4173 3288 4242 perduxerunt.
3321 4174 3526 4230 Horum
3549 4184 3634 4231 est
3658 4191 3883 4247 regnum

2295 4257 2578 4327 caelorum,
2625 4261 2769 4332 quod
2812 4262 2997 4319 labore
3040 4266 3428 4335 acquisierunt,
3482 4269 3574 4338 qui
3605 4283 3705 4338 pro
3731 4268 3885 4326 vobis

2294 4350 2635 4407 intercedant
2676 4355 2938 4424 quotidie,
2985 4366 3253 4426 quatenus
3295 4358 3364 4414 ad
3410 4359 3626 4415 illorum
3655 4361 3884 4416 societa-

2293 4448 2425 4508 tem,
2470 4444 2580 4501 Deo
2625 4447 2878 4516 donante,
2927 4451 3212 4520 pervenire
3259 4451 3595 4507 mereamini.
3625 4451 3885 4523 Omnipo-

2293 4539 2414 4589 tens
2441 4534 2583 4592 Deus
2609 4547 2804 4594 vestrae
2830 4543 3205 4598 unanimitatis
3228 4544 3570 4599 sanctitatem
3593 4544 3650 4598 in
3676 4552 3881 4600 aeterna

605 4599 830 4706 sationis
854 4599 1010 4706 longe
1034 4604 1244 4705 tulisset
1272 4622 1304 4660 a
1330 4608 1517 4676 vobis;
1547 4612 1794 4680 quamvis
1815 4627 2058 4684 corpore,
2092 4616 2188 4671 sed
2217 4612 2271 4675 D
2292 4625 2628 4685 beatitudine
2653 4631 2891 4688 adunare
2915 4634 3185 4706 dignetur,
3212 4637 3426 4692 Domini
3453 4637 3679 4694 fratres!

607 4687 914 4746 nullatenus
939 4693 1222 4762 charitate,
1251 4698 1376 4767 quia
1402 4701 1584 4756 omnia
1618 4717 1737 4772 quae
1758 4705 1900 4775 apud
1927 4704 2193 4776 vovaide-

603 4778 749 4847 bam,
781 4783 894 4839 sive
933 4785 989 4840 in
1032 4787 1455 4849 habitationibus
1493 4794 1794 4864 domorum,
1841 4799 1956 4855 sive
1982 4800 2038 4856 in
2062 4817 2192 4858 con-

603 4873 912 4930 versatione
943 4876 1069 4932 vitae
1098 4879 1380 4951 regularis,
1411 4884 1566 4941 valde
1593 4888 1726 4943 mihi
1758 4889 2096 4960 placuerunt,
2136 4901 2192 4949 et

603 4963 811 5019 utinam
847 4975 906 5021 ut
932 4968 1044 5023 Deo
1081 4985 1294 5043 semper
1330 4975 1542 5046 placeat
1584 4979 1801 5050 pietatis
1837 4994 2034 5040 vestrae
2061 4986 2191 5042 obe-

603 5055 832 5124 dientia,
863 5069 918 5114 et
942 5061 1241 5132 humilitas,
1292 5076 1346 5122 et
1393 5071 1657 5139 regularis
1695 5075 1818 5130 vita:
1855 5077 2181 5134 observatio.

603 5148 730 5206 Haec
775 5160 859 5208 est
895 5153 1014 5211 laus
1052 5167 1234 5212 vestra
1279 5174 1464 5216 coram
1508 5164 1836 5234 hominibus,
1884 5178 1944 5223 ut
1981 5169 2093 5225 sive
2128 5170 2185 5225 in

601 5242 967 5311 vestimentis,
1005 5247 1120 5303 sive
1145 5249 1200 5303 in
1227 5253 1477 5309 omnibus
1516 5258 1846 5314 monachicae
1874 5261 1998 5316 vitae
2023 5262 2185 5317 disci-

598 5331 761 5403 plinis
799 5335 1030 5393 ﬁrmiter
1059 5345 1441 5415 permaneatis,
1469 5347 1607 5403 sicut
1634 5359 1818 5420 patres
1851 5353 2038 5420 vestri,
2079 5353 2185 5410 viri

671 5504 698 5533 ι
724 5492 805 5575 1η-
827 5497 998 5575 sancti
1027 5496 1175 5553 Petri
1200 5499 1436 5575 ecclesia.
1470 5503 1658 5561 Plures
1683 5515 1807 5561 sunt
1837 5508 2097 5575 ecclesia,
2126 5520 2182 5566 et

601 5567 926 5659 mopasteria
948 5569 1103 5659 plura
1141 5575 1315 5627 sancti
1346 5573 1490 5629 Petri
1521 5579 1746 5646 apostoli
1772 5567 2181 5659 patrocinio'di-

602 5641 952 5716 cata_;minter
997 5641 1110 5716 haec
1135 5655 1446 5716 recensetur
1497 5641 1883 5703 monasterium
1933 5650 2180 5708 Wirense

601 5704 1160 5788 seu-\Yiremuthcnse
1205 5715 1259 5768 in
1303 5717 1512 5784 Anglia,
1564 5720 1707 5788 quod
1736 5735 1768 5773 a
1804 5704 1962 5776 beato
2011 5704 2180 5778 Bene:

601 5764 747 5859 dicto
771 5775 1014 5859 Biscopo,
1055 5799 1167 5859 una
1203 5802 1324 5842 cum
1367 5764 1536 5844 altero
1566 5764 1832 5844 Dirwensi
1861 5792 1927 5845 ad
1951 5792 2178 5851 alteram

603 5847 776 5916 ripam
818 5847 981 5906 Wirze
1025 5856 1218 5923 anmis,
1266 5868 1453 5916 sancto
1498 5860 1666 5920 Paulo
1709 5863 1949 5934 apostolo
1977 5847 2179 5924 Conso:

2708 4764 2819 4838 21,
2856 4766 2886 4807 ι
2921 4767 3258 4824 EPISTOLA
3295 4768 3458 4827 xvu.

2766 4903 2834 4941 AD
2871 4903 3118 4944 CABOLUM
3157 4906 3395 4948 IAG'NUK.

2787 4995 2967 5067 (Circa
2997 5013 3197 5055 annum
3231 5002 3380 5074 795.)

2287 5099 2496 5186 Laudat
2537 5105 2686 5186 illum
2713 5125 2745 5161 a
2769 5111 3004 5179 potentia
3046 5111 3293 5166 surculari
3318 5124 3367 5169 et
3391 5116 3768 5186 pra'dicatione
3796 5122 3888 5177 di-

2359 5176 2515 5258 vinae.
2529 5175 2675 5258 iegis,
2731 5175 2979 5258 tanquam
2996 5253 3008 5258 _
3026 5192 3276 5237 rectorem
3304 5175 3483 5257 populi
3510 5197 3559 5244 et
3587 5175 3888 5258 doctorem”

2358 5243 2538 5318 Carpit
2561 5243 2789 5302 errorem
2815 5243 3252 5322 Adoptianorum.

2359 5359 2619 5417 Veniente
2646 5363 2714 5418 ad
2744 5380 2844 5421 nos
2874 5365 2985 5423 tilio
3025 5381 3216 5428 nostro
3261 5370 3524 5445 Candido,
3566 5387 3749 5435 vestro
3779 5396 3890 5438 au-

2282 5524 2455 5605 erato,
2487 5519 2808 5576 mditicatum
2839 5523 2960 5605 fuit.
3005 5525 3132 5605 rV‘id.
3163 5536 3320 5605 notas
3349 5537 3559 5605 nostras
3605 5535 3670 5588 ad
3709 5536 3879 5605 epist.

2283 5586 2370 5663 1}.
2414 5588 2656 5645 Praesens
2701 5609 2830 5663 ergo
2876 5595 3103 5663 epistola
3147 5599 3214 5653 ad
3256 5586 3552 5659 monachos
3600 5586 3884 5663 Wiré’di'di

2282 5659 2500 5747 thenses
2540 5659 3075 5747 scriptafestfintcr
3119 5685 3253 5737 quos
3304 5672 3436 5747 ven.
3489 5673 3653 5747 Beda.
3706 5659 3878 5747 quem

2281 5738 2536 5813 tanquam
2573 5734 2890 5815 magistrum
2934 5753 3007 5815 ac
3039 5734 3324 5808 patronum
3359 5744 3500 5800 illius
3534 5745 3634 5802 loci
3661 5734 3876 5815 laudat,

2281 5803 2551 5858 enutritus
2573 5810 2628 5856 et
2653 5805 2910 5861 educatus
2937 5803 3054 5861 fuit:

2353 5872 2382 5914 b
2413 5870 2518 5944 25
2559 5872 2675 5932 Hoc
2707 5876 2946 5946 epistolae
2981 5878 3347 5954 fragmentum
3393 5888 3538 5960 apud
3573 5887 3875 5960 Querceta-
