4078 6324
179 343 318 428 ’169

1654 362 2037 427 εΡιθειοιιᾱῑ.

3381 387 3484 445 170

211 491 321 539 tem
349 477 500 538 ﬁdeli
537 479 770 549 servulo,
799 479 1032 538 multum
1058 495 1162 539 nos
1193 488 1391 539 vestrae
1413 480 1796 554 prosperitatis
1820 485 1874 546 Α
1895 484 2138 542 tionem?
2162 487 2376 546 dicente
2412 489 2669 562 Apestolo
2713 492 2780 549 de
2821 502 3024 552 nostra:
3069 494 3483 563 resurrectionis

208 572 625 630 nnnuntiatione
670 573 1001 643 laetiﬁcabat,
1058 590 1161 631 nec
1201 590 1310 631 non
1355 589 1553 646 magna
1599 574 1799 630 saluta-

211 666 358 721 tione
406 675 605 721 vestrze
643 666 943 723 dilectionis
988 666 1221 722 dulciter
1254 665 1547 722 reﬁciebat.
1587 664 1799 720 Lauda-

205 758 334 814 bilis
376 772 592 829 quoque
633 758 760 814 doni
803 758 1057 813 allatione
1090 758 1295 813 intimae
1322 756 1522 812 mentis
1547 755 1798 812 aﬁ'e'ctum

205 849 557 906 fecundabat.
584 849 808 920 Insuper
847 850 1043 906 mentis
1077 848 1442 919 probamentis
1481 855 1676 903 vestra:
1703 863 1799 902 au-

205 944 485 1002 ctoritatis
529 959 628 1014 pro
673 943 830 998 nobis
877 942 1164 1012 explicavit
1213 941 1551 997 devotionem
1575 981 1591 1006 ,
1634 955 1797 1010 quam

201 1050 342 1107 pura
365 1043 422 1089 et
446 1041 634 1089 sancta
658 1032 1007 1103 inquisitione
1032 1030 1312 1087 catholicae
1354 1031 1476 1086 ﬁdei
1512 1031 1796 1086 veritatem

202 1126 524 1185 examinare
565 1125 868 1189 studuistis,
906 1132 962 1179 et
995 1137 1208 1192 semper
1230 1121 1375 1176 viam
1400 1122 1621 1190 regiam,
1662 1136 1796 1190 apo-

202 1218 398 1274 stolica
425 1216 760 1272 confortatus
780 1215 1180 1286 praedicatione,
1209 1214 1374 1283 plano
1401 1213 1654 1270 veritatis
1683 1228 1800 1268 ser-

200 1322 396 1372 mone,
449 1314 686 1360 vestram
731 1304 964 1360 asseruit
1000 1303 1344 1374 prudentiam
1386 1311 1590 1358 tenere.
1633 1302 1799 1358 Beata

202 1418 337 1476 gens
374 1402 531 1475 cujus
568 1412 650 1458 est
685 1400 946 1456 Dominus
972 1399 1116 1454 Deus
1139 1413 1327 1454 eorum
1353 1415 1365 1451 :
1395 1406 1451 1453 et
1473 1399 1667 1453 beatus
1697 1413 1796 1469 po-

199 1495 362 1566 pulus
400 1494 501 1549 tali
534 1500 744 1550 rectore
772 1491 1064 1558 exaltatus,
1091 1498 1146 1547 et
1180 1490 1273 1545 tali
1307 1491 1662 1560 praedicatore
1683 1506 1799 1545 mu-

201 1589 391 1654 nitus;
440 1597 495 1644 et
524 1597 816 1658 utrumque
849 1595 904 1642 et
936 1585 1144 1658 gladius
1169 1585 1512 1656 triumphalis
1543 1585 1798 1656 potentiae

1897 577 2108 647 gloria:
2135 578 2240 645 Qui
2293 581 2595 651 reformabit
2647 600 2833 653 corpus
2885 587 3199 644 humilitatis
3254 603 3477 659 nostra’,

1897 669 2283 739 conﬁguratum
2317 674 2524 743 corpori
2557 673 2813 730 claritatis
2838 693 2948 731 sua:
2974 677 3228 750 (Philipp.
3253 698 3335 747 ιιι,
3366 685 3479 757 21).

1897 761 2077 817 Unum
2122 762 2293 817 Deum
2332 779 2518 819 verum
2551 773 2606 820 et
2637 783 2801 821 unum
2831 768 2925 823 Dei
2959 769 3154 826 Filium
3183 773 3239 826 in
3275 775 3484 833 duabus

1895 856 2128 922 naturis,
2176 856 2356 911 divina
2405 857 2612 913 scilicet
2650 867 2704 914 et
2747 860 3002 926 humana,
3055 863 3344 920 Dominum
3382 862 3480 922 no-

1896 955 2069 1002 strum
2118 945 2302 1003 Jesum
2352 945 2627 1004 Christum
2673 962 2989 1022 regnantem
3039 971 3162 1010 cum
3209 956 3371 1013 Patre
3426 967 3483 1015 et

1898 1037 2105 1110 Spiritu
2130 1047 2318 1096 sancto
2333 1040 2706 1110 praedicamus
2729 1083 2744 1108 ,
2786 1051 2839 1098 et
2881 1044 3219 1114 conﬁtemur,
3264 1065 3369 1103 non
3409 1051 3485 1107 di-

1896 1131 2010 1186 visa
2050 1139 2362 1201 potestate,
2415 1145 2516 1187 nec
2557 1122 2776 1203 partita,
2833 1135 2987 1203 quasi
3034 1152 3141 1190 una
3190 1138 3260 1192 sit
3306 1141 3482 1211 major
3559 1143 3566 1146 ’

1896 1228 2155 1292 potestas,
2210 1222 2382 1278 altera
2424 1221 2640 1289 minor;
2682 1224 2806 1292 quia
2853 1224 3171 1280 divisionem
3219 1236 3274 1282 et
3315 1230 3482 1298 parti-

1897 1312 2100 1368 tionem
2127 1327 2258 1367 vera
2287 1328 2392 1367 non
2415 1313 2608 1382 recipit
2628 1314 2924 1382 aeternitas,
2953 1317 3034 1372 vel
3059 1318 3328 1387 divinitas,
3363 1337 3484 1390 qua:

1897 1411 1981 1458 est
2006 1403 2058 1458 in
2083 1403 2301 1459 Christo
2321 1402 2447 1460 Jesu
2469 1404 2698 1460 Domino
2721 1414 2926 1471 nostro,
2954 1408 3215 1479 Apostolo
3238 1413 3477 1469 dicente:

1901 1493 1963 1550 Si
2002 1493 2268 1548 Christum
2305 1512 2611 1550 noveramus
2651 1497 2940 1552 secundum
2969 1517 3198 1568 carnem,
3224 1504 3314 1558 sed
3341 1522 3481 1559 nunc

1891 1585 2010 1655 jam
2051 1601 2156 1639 non
2198 1587 2433 1640 novimus
2482 1586 2571 1658 (II
2599 1587 2722 1642 Cor.
2749 1605 2799 1656 v,
2832 1589 2949 1662 16);
2980 1591 3033 1646 id
3063 1603 3165 1656 est,
3209 1596 3300 1664 qui
3344 1611 3483 1653 mor-

203 1681 383 1735 vibrat
411 1681 465 1734 in
487 1682 675 1736 dextra
696 1688 751 1735 et
776 1675 1053 1735 catholicae
1074 1677 1474 1749 praedicationis
1499 1676 1625 1731 tuba
1653 1690 1801 1732 reso—
1902 1671 2026 1727 talis
2054 1672 2155 1728 fuit
2181 1673 2236 1728 in
2260 1675 2424 1731 terris
2453 1691 2517 1731 ea
2548 1685 2743 1732 natura
2773 1695 2893 1748 qua?
2929 1681 3066 1735 mori
3101 1685 3296 1753 potuit,
3337 1703 3480 1742 nunc

203 1778 296 1824 nat
314 1769 372 1823 in
393 1769 594 1841 lingua.
617 1767 697 1824 Ita
719 1776 775 1824 et
791 1766 962 1823 David
982 1767 1112 1822 olim
1132 1767 1485 1835 praecedentis
1506 1764 1685 1836 populi
1702 1780 1798 1821 rex
1839 1842 1844 1843 γ
1903 1770 2048 1818 totus
2062 1764 2321 1834 Spiritalis
2335 1775 2524 1838 regnat
2543 1767 2597 1822 in
2617 1768 2913 1824 divinitatis
2926 1772 3206 1842 majestate
3223 1775 3279 1829 in
3302 1777 3474 1843 caelis,

203 1854 364 1919 abeo
379 1863 606 1928 electus,
630 1869 685 1918 ει
701 1862 813 1918 ι)εο
836 1861 1080 1923 δίιεειυε,
1099 1868 1154 1915 ει
1171 1859 1418 1930 egregius
1432 1859 1719 1915 psalmisia
1729 1859 1800 1915 ιε.
1827 1842 1874 1904 Β
1902 1854 1993 1924 qui
2021 1862 2142 1925 post
2177 1859 2627 1915 resurrectionem
2653 1860 2730 1914 ait
2759 1862 3014 1931 apostolis
3041 1879 3056 1917 :
3086 1863 3227 1919 Data
3247 1877 3321 1920 est
3343 1842 3473 1923 mihi

204 1954 337 2010 raeli
360 1954 574 2010 victrici
606 1953 782 2026 gladio
819 1953 1056 2023 undique
1081 1959 1269 2025 gentes
1294 1951 1606 2023 subjiciens,
1632 1951 1796 2024 legis-

205 2062 308 2118 que
319 2049 417 2104 Dei
430 2048 660 2105 eximius
672 2049 994 2120 praedicator
1005 2048 1059 2101 in
1072 2046 1268 2117 populo
1280 2062 1344 2101 ex
1351 2045 1681 2118 stitit.Cujus
1689 2047 1798 2102 exi-

203 2140 310 2193 mia
345 2139 580 2194 ﬁliorum
606 2140 885 2196 nobilitate
913 2139 968 2194 in
998 2139 1169 2194 salute
1199 2138 1407 2204 mundi,
1439 2139 1506 2194 de
1523 2139 1674 2211 virga
1699 2137 1798 2194 llos

203 2217 384 2302 campi
431 2241 486 2288 et
529 2232 855 2288 convallium
905 2231 1087 2287 ﬂoruit
1125 2231 1374 2288 Christus
1417 2231 1595 2304 (Cant.
1619 2248 1689 2314 ιι,
1718 2231 1792 2304 1),

204 2324 295 2393 qui
319 2324 442 2379 istis
477 2325 637 2380 modo
663 2324 998 2394 temporibus
1027 2340 1091 2379 ac
1130 2325 1371 2394 ejusdem
1409 2325 1665 2391 nominis,
1688 2327 1801 2380 vir-

200 2414 339 2469 tutis
369 2423 426 2469 et
444 2413 569 2470 ﬁdei
594 2415 760 2469 David
788 2429 974 2483 regem
992 2413 1190 2482 populo
1215 2428 1312 2468 suo
1334 2413 1603 2468 concessit
1624 2421 1799 2469 recto-

200 2520 320 2561 rem
346 2513 401 2559 et
425 2505 719 2559 doctorem.
753 2502 867 2558 Sub
893 2503 1046 2573 cujus
1067 2502 1260 2557 umbra
1283 2503 1563 2572 superiora
1588 2503 1796 2576 [Forte,

202 2595 469 2667 superna]
521 2597 699 2665 quiete
739 2595 971 2667 populus
1016 2595 1305 2664 requiescit
1345 2595 1705 2663 Christianus,
1745 2604 1800 2652 et

202 2686 473 2747 terribilis
500 2689 738 2757 undique
763 2687 1014 2758 gentibus
1041 2695 1218 2742 exstat
1243 2689 1484 2759 paganis.
1518 2688 1682 2760 Cujus
1707 2690 1800 2746 de-

198 2779 354 2836 votio
406 2793 438 2832 a
478 2778 642 2834 sectis
682 2779 925 2849 perversi
962 2778 1227 2848 dogmatis
1270 2779 1431 2834 ﬁdem
1475 2781 1797 2838 catholicam

203 2871 518 2945 evangelica
567 2871 840 2926 soliditate
886 2871 1099 2926 munire
1140 2886 1246 2926 non
1296 2879 1506 2938 cessat,
1553 2888 1624 2928 ne
1667 2874 1799 2944 quid

201 2967 336 3022 novi
379 2973 431 3021 et
470 2964 782 3035 apostolicis
816 2964 1199 3020 inconveniens
1221 2965 1500 3030 doctrinis,
1525 2980 1625 3035 per
1647 2964 1796 3020 clan-

205 3056 450 3112 destinas
496 3054 872 3125 subreptiones
922 3054 1120 3110 alicubi
1175 3053 1378 3111 oboriri
1426 3055 1638 3121 valeat,
1699 3057 1795 3112 sed

205 3150 449 3207 caelestis
505 3151 693 3222 gratia:
749 3147 950 3204 lumine
1006 3146 1140 3203 ﬁdes
1191 3148 1392 3218 ubique
1430 3147 1651 3220 fulgeat
1704 3164 1794 3205 ca-

202 3243 432 3298 tholica.

282 3333 445 3404 Cujus
478 3333 719 3400 luminis,
758 3334 867 3389 heu
895 3333 1030 3404 proh
1067 3332 1243 3388 dolor!
1279 3335 1498 3404 quidam
1527 3343 1792 3400 extorres,

198 3427 488 3482 Christum
528 3441 596 3482 ex
640 3426 860 3498 Virgine
907 3435 1091 3482 sancta
1130 3436 1336 3493 natum,
1379 3429 1543 3500 impia
1579 3430 1797 3483 temeri-

201 3526 322 3573 tate
346 3517 518 3572 Deum
548 3533 758 3586 verum,
804 3526 859 3574 et
897 3518 1091 3574 Filium
1134 3519 1228 3574 Dei
1272 3521 1551 3591 proprium
1598 3537 1796 3593 negare

200 3625 319 3663 non
349 3610 562 3664 timent.
594 3609 695 3676 Qui
733 3624 886 3667 error
914 3625 1169 3682 eousque,
1210 3621 1270 3668 ut
1299 3613 1534 3680 videtur,
1563 3613 1797 3669 latenter

201 3700 567 3767 quorumdam
610 3699 775 3754 etiam
819 3699 1056 3754 ﬁdelium
1103 3705 1382 3757 doctorum
1430 3703 1626 3759 animis
1671 3705 1797 3759 sub-

201 3790 402 3858 repsit,
434 3797 495 3845 tn
521 3791 714 3845 durum
750 3792 997 3848 videatur
1022 3794 1126 3848 illis
1151 3795 1398 3851 confiteri
1433 3797 1518 3852 vel
1550 3797 1792 3864 credere,

204 3879 383 3933 Deum
426 3894 549 3936 esse
587 3889 796 3936 tantum
837 3880 1020 3938 Jesum
1059 3884 1359 3952 Christum,
1401 3887 1494 3958 qui
1535 3888 1686 3944 sedet
1726 3888 1796 3944 ad

203 3970 489 4024 dexteram
532 3969 732 4037 Patris,
793 3981 849 4028 et
894 3973 948 4027 in
997 3974 1165 4046 gloria
1213 3984 1452 4047 paternae
1498 3977 1796 4047 maiestatis

200 4072 472 4119 venturus
509 4071 590 4120 est
614 4065 854 4135 iudicare
889 4067 1040 4123 vivos
1065 4076 1120 4123 et
1143 4078 1404 4125 mortuos.
1454 4069 1563 4126 Nec
1598 4071 1652 4126 in
1687 4072 1796 4141 spi-

207 4153 424 4208 ritalem
452 4169 596 4209 nunc
634 4155 859 4226 gloriam
895 4171 1113 4212 carnem
1143 4157 1347 4213 Christi
1381 4159 1478 4214 Dei
1519 4175 1640 4215 esse
1677 4177 1796 4216 ml-

205 4251 399 4307 tatam,
431 4261 551 4315 quae
572 4260 670 4316 pro
702 4247 858 4303 nobis
884 4249 1139 4318 pependit
1169 4249 1224 4303 in
1249 4249 1413 4320 ligno,
1445 4259 1634 4306 contra
1663 4251 1796 4308 illud

205 4333 451 4404 Apostoli
480 4335 700 4402 dictum,
739 4337 833 4407 qui
861 4338 928 4394 de
954 4338 1126 4393 nostri
1151 4339 1395 4408 corporis
1421 4340 1794 4396 immutatione

207 4424 327 4478 ait:
353 4424 658 4480 Seminatur
689 4444 875 4499 corpus
924 4428 1172 4494 animale,
1217 4437 1392 4501 surget
1417 4447 1606 4502 corpus
1639 4431 1794 4502 spiri-

1902 1947 2072 2001 omnis
2094 1957 2322 2018 potestas
2349 1951 2402 2004 in
2426 1950 2550 2005 calo
2578 1961 2628 2006 et
2655 1953 2711 2007 in
2739 1963 2881 2008 terra
2908 1955 3122 2027 (Matth.
3149 1975 3342 2027 xxvm,
3368 1962 3477 2033 18).

1901 2036 2032 2105 Quae
2056 2049 2295 2111 potestas
2318 2043 2488 2100 multo
2509 2053 2633 2101 ante
2659 2046 2796 2104 Filio
2823 2049 3056 2108 hominis
3081 2052 3255 2110 danda
3281 2056 3481 2112 dicitur

1900 2144 1933 2185 a
1957 2132 2236 2203 prophetis
2260 2146 2308 2189 ι.

2386 2214 2420 2264 ιι,
2441 2207 2776 2266 EPISTOLA
2805 2212 2987 2270 XVIII.

2324 2314 2394 2352 AD
2448 2316 2722 2356 ADRIANUI
2769 2320 2787 2358 ι
2846 2322 3036 2361 ΡΔΡΑΙ.

2522 2389 2698 2461 (Anno
2720 2391 2868 2463 794.)

1902 2469 2241 2554 Commendat
2273 2491 2328 2530 se
2367 2478 2552 2559 gratia:
2589 2481 2871 2559 pontiﬁcis,
2917 2482 3168 2559 illumque
3211 2489 3484 2559 proﬁtetur

1977 2543 2226 2634 vicarium
2256 2543 2620 2634 sancti‘Petri,
2661 2560 2709 2602 et
2735 2543 2867 2634 :ej‘us’
2891 2543 3164 2634 potestatis
3201 2543 3481 2634 heredem,

1971 2612 2234 2702 simulque
2266 2626 2524 2702 precatur,
2567 2628 2622 2672 ut
2664 2612 2998 2702 petitionibus
3029 2627 3138 2680 suis
3167 2643 3260 2696 per

1971 2681 2172 2736 bertum
2205 2681 2460 2753 faciendis
2485 2681 2744 2771 annuat.

1971 2770 2290 2828 Beatissimo
2319 2785 2374 2830 et
2403 2778 2549 2833 omni
2577 2770 2779 2836 honere
2805 2783 3120 2852 dignissimo
3141 2795 3196 2842 et
3235 2790 3478 2860 pontiﬁci

1898 2877 2095 2933 magno
2118 2875 2139 2903 ο
2175 2863 2413 2922 Adriano
2436 2883 2615 2938 papae,
2660 2872 2992 2931 humillimus
3016 2878 3254 2934 omnium
3276 2891 3478 2940 sanctte

1897 2952 2156 3010 Ecclesia:
2188 2955 2422 3013 ﬁliorum
2460 2959 2686 3017 Albinus
2735 2973 2951 3022 maternae
2994 2969 3342 3028 beatitudinis
3384 2989 3472 3030 sa-

1897 3044 2086 3101 lutem.
2931 3076 2934 3080 ·

1970 3138 2304 3198 Venerabilis
2331 3152 2494 3215 atque
2520 3155 2634 3204 toto
2662 3151 2792 3206 orbe
2824 3151 3107 3212 laudabilis
3145 3167 3337 3215 vestrae
3377 3162 3476 3218 bo—

1898 3230 2104 3298 nitatis,
2154 3231 2316 3290 Pater
2347 3237 2581 3306 optime,
2627 3241 2802 3310 pietas
2854 3244 2988 3300 mihi
3034 3247 3223 3304 ultimo
3275 3259 3476 3308 sanctae

1895 3322 2153 3380 Ecclesiae
2199 3328 2413 3384 servulo
2443 3333 2973 3407 quantulamcunque
3001 3339 3182 3394 attulit
3223 3341 3472 3400 ﬁduciam

1895 3426 2131 3472 vestram
2163 3420 2486 3490 deprecandi
2529 3425 2893 3497 clementiam,
2934 3440 2995 3487 ut
3039 3448 3145 3500 me,
3175 3435 3301 3492 licet
3331 3437 3476 3493 indi-

1896 3523 2078 3578 gruum,
2109 3519 2350 3578 paterna:
2371 3514 2596 3583 pietatis
2621 3533 2807 3575 amore
2837 3521 2891 3574 in
2939 3525 3203 3592 gremium
3247 3529 3477 3584 sanctis-

1895 3600 2046 3656 simae
2075 3601 2482 3662 intercessionis
2508 3617 2707 3666 vestra:
2731 3611 2984 3683 colligere
3007 3615 3318 3685 dignemini.
3351 3620 3479 3677 Scio

1896 3695 2196 3752 certissime
2218 3706 2413 3754 vestrae
2441 3700 2780 3759 devotionem
2813 3704 3131 3764 Sanctitatis
3156 3725 3256 3779 pro
3282 3713 3481 3784 popqu

1887 3782 2093 3857 jugiter
2133 3789 2300 3844 totius
2338 3791 2486 3847 orbis
2530 3792 2869 3852 intercedere
2905 3797 3255 3856 Christiano:
3300 3782 3479 3860 tamen

1895 3879 2183 3948 specialius
2207 3881 2407 3952 aliquid
2435 3899 2536 3954 pro
2561 3886 2645 3942 his
2669 3889 2862 3958 egisse,
2901 3892 2996 3961 qui
3021 3900 3217 3949 vestra:
3252 3894 3480 3951 alniitati

1893 3971 2102 4040 seipsos
2123 3973 2320 4029 obnixa
2341 3975 2659 4034 humilitatis
2679 3981 3054 4039 obsecratione
3080 3987 3479 4052 commendant,

1893 4070 1949 4118 et
1973 4063 2182 4134 majore
2224 4069 2542 4125 credulitate
2588 4073 2658 4127 ad
2711 4081 2873 4128 tanta:
2907 4078 3248 4132 auctoritatis
3293 4079 3483 4134 conlu-

1894 4153 2048 4223 giunt
2087 4153 2363 4227 suﬁ‘ragia.
2415 4158 2541 4215 Scio
2578 4176 2664 4216 me
2688 4177 2787 4232 per
2813 4166 2954 4219 sacri
3006 4168 3350 4237 baptismatis
3389 4171 3484 4224 ad-

1894 4245 2207 4302 unationem
2239 4249 2304 4303 de
2332 4249 2476 4306 illius
2504 4266 2624 4309 esse
2656 4254 2782 4310 ovili
2829 4259 3082 4326 pastoris,
3111 4261 3202 4330 qui
3226 4275 3325 4331 pro
3371 4263 3483 4318 suis

1893 4335 2088 4392 ovibus
2109 4339 2347 4394 animam
2370 4356 2574 4412 ponere
2605 4361 2710 4401 non
2744 4347 3011 4405 dubitavit
3049 4350 3231 4417 (Joan.
3260 4368 3315 4418 x,
3349 4353 3434 4425 ll)
3460 4371 3476 4419 ;

1895 4445 2032 4500 quas
2057 4431 2218 4486 etiam
2248 4447 2345 4502 per
2374 4436 2742 4494 acutissimam
2787 4456 2898 4496 sua:
2934 4446 3349 4501 resurrectionis
3374 4441 3482 4516 glo-

205 4514 314 4568 tale
335 4514 390 4587 (1
415 4514 536 4570 Cor.
563 4533 650 4582 xv,
676 4517 789 4588 44).
825 4518 934 4574 Nec
969 4519 1114 4575 illam
1145 4521 1552 4580 considerantes
1578 4531 1792 4578 senten-
1818 4552 1874 4614 Β
1895 4522 2034 4578 riam
2064 4524 2376 4582 beatissimo
2417 4529 2574 4585 Petro
2598 4531 2830 4604 principi
2867 4535 3253 4604 apostolorum,
3284 4538 3353 4592 ob
3381 4514 3484 4592 tri-4

206 4607 365 4672 tiam,
404 4609 530 4679 quia
569 4609 709 4664 idem
746 4611 860 4681 ipse
886 4627 916 4665 a
947 4612 1056 4668 Deo
1090 4612 1293 4670 electus
1321 4615 1504 4670 mundi
1527 4613 1792 4685 praedica—

203 4707 320 4764 tor,
345 4699 616 4770 justorum
650 4704 1103 4761 resurrectionem
1143 4706 1457 4764 discernens
1495 4708 1564 4763 ab
1590 4708 1792 4778 impiis,

208 4790 390 4844 dixit:
418 4789 610 4846 Omnes
666 4793 875 4864 quidem
927 4811 1272 4866 resurgemus,
1322 4797 1413 4852 sed
1463 4814 1568 4852 non
1619 4814 1795 4854 omnes

206 4884 613 4939 immutabimur
651 4884 838 4958 (Ibid.,
865 4886 1056 4960 v,5l).
1103 4888 1161 4944 Si
1191 4890 1390 4945 nostris
1427 4891 1680 4960 operibus
1713 4906 1798 4947 se-

207 4973 452 5028 cundum
503 4977 723 5032 modum
769 4978 1085 5034 meritorum
1135 4981 1394 5049 spiritalis
1437 4982 1620 5053 gloria:
1669 4997 1798 5053 pro-

207 5066 450 5120 mittitur
482 5067 802 5134 immutatio,
845 5078 1048 5139 quanto
1085 5071 1257 5142 magis
1304 5074 1547 5142 corporis
1593 5072 1798 5130 Christi

208 5157 529 5214 clariﬁcatio
562 5159 795 5230 gloriosa
831 5176 950 5217 esse
975 5163 1240 5218 credenda
1264 5171 1348 5219 est
1372 5173 1497 5234 post
1522 5180 1796 5222 resurrec-

207 5286 343 5353 num
385 5286 509 5353 pag.
528 5271 675 5353 A1625
707 5273 806 5344 0p.
838 5274 1048 5353 Alcuini
1078 5290 1380 5353 connexum
1410 5275 1641 5353 habetur
1672 5291 1797 5353 cum

204 5350 368 5415 parte
404 5343 644 5415 epistola:
669 5343 830 5414 quam
858 5344 1123 5415 integram
1149 5347 1448 5415 reperimus
1467 5356 1599 5403 tom.
1623 5349 1641 5402 I
1664 5347 1798 5404 Con-

207 5362 368 5412 parte
404 5362 644 5412 eptswwe
669 5362 830 5414 quam
858 5362 1123 5470 integram
1149 5362 1448 5415 reperimus
1467 5362 1599 5403 tom.
1624 5362 1639 5402 l
1664 5362 1796 5404 U0!)-

207 5413 308 5487 cn.
333 5413 630 5487 Britannia;
643 5430 766 5486 pag.
787 5415 888 5470 159
909 5415 973 5468 At
1012 5415 1248 5487 elhardo,
1273 5416 1608 5487 inscriptam,
1631 5433 1796 5487 quam

205 5483 338 5556 vide
384 5483 574 5556 infra.‘
600 5483 843 5556 Prmsens
887 5501 1015 5541 vero
1047 5485 1406 5556 fragmentum
1440 5483 1516 5542 ad
1544 5483 1796 5544 Carblum

206 5552 488 5626 Magnum,
509 5554 729 5626 Alcuini
755 5555 1006 5610 Davidem
1023 5598 1037 5618 ,
1064 5552 1336 5626 pertinere
1362 5557 1475 5626 ipse
1512 5568 1797 5616 contextus

207 5621 472 5692 loquitur.
507 5623 717 5697 Novum
739 5639 979 5697 errorem
1014 5621 1104 5682 hic
1122 5641 1346 5697 carpere
1371 5621 1584 5684 videtur
1609 5629 1796 5685 Alcui-

207 5708 342 5758 nus,
382 5696 526 5763 quod
569 5696 839 5750 nonnullis
882 5697 1072 5751 durum
1115 5696 1392 5753 videretur
1441 5701 1684 5756 conliteri
1712 5700 1796 5756 vel

210 5765 441 5819 credere
463 5765 738 5842 :‘Garnem
782 5766 975 5820 Christi
1015 5769 1069 5822 in
1103 5768 1389 5842 spiritalem
1419 5770 1640 5840 gloriam
1681 5781 1796 5842 post

211 5837 652 5891 resurrectionem
710 5852 820 5890 esse
862 5837 1142 5892 mutatam.
1199 5837 1316 5905 Quo
1361 5837 1503 5896 anno
1557 5837 1691 5897 data
1723 5837 1797 5900 sit

660 5929 935 5993 Parnon.
974 5929 1047 5992 C.

1898 4634 2024 4675 nam
2059 4621 2357 4692 magniﬁcae
2393 4625 2696 4682 dilectionis
2741 4627 3156 4694 confessionem,
3182 4631 3481 4706 pascendas

1898 4715 2299 4770 commendavit
2323 4716 2504 4788 (Joan.
2541 4719 2695 4789 xxx);
2724 4721 2815 4795 cui
2837 4715 3178 4784 etiam-cinia
3208 4725 3477 4792 terrisque

1897 4811 2159 4859 aeternam
2196 4804 2399 4885 ligandi
2452 4823 2516 4863 ac
2561 4808 2800 4864 solvendi
2843 4817 3168 4879 potestatem
3211 4813 3478 4885 delegavit

1899 4893 2114 4966 (Matth.
2139 4882 2229 4952 xvi
2245 4937 2262 4963 ,
2297 4897 2408 4971 49).

1967 4985 2137 5056 Hujus
2166 4997 2242 5057 te,
2267 4990 2723 5050 excellentissime
2766 4993 2947 5062 Pater,
2975 5007 3036 5053 ut
3059 4998 3324 5055 vicarium
3353 5015 3480 5055 san-

1898 5077 2153 5136 ctissima;
2191 5080 2338 5136 sedis
2385 5098 2652 5154 agnosco,
2694 5086 2770 5141 ita
2801 5095 2858 5142 et
2904 5087 3150 5145 miriﬁca).
3195 5090 3481 5160 potestatis

1898 5167 2168 5225 haeredem
2195 5184 2314 5226 esse
2350 5172 2628 5231 conﬁteor.
2661 5176 2801 5233 Ecce
2827 5192 2928 5249 ego
2969 5193 3077 5234 una
3117 5194 3234 5235 sum
3264 5181 3482 5251 regimi-

1898 5280 2230 5362 ignoramus,
2264 5284 2369 5340 nisi
2397 5285 2679 5362 referenda
2708 5291 2779 5346 sit
2810 5292 2878 5346 ad
2924 5291 3135 5348 initium
3173 5301 3364 5362 empta:
3411 5294 3479 5349 ab

1896 5351 2123 5434 hlcuino
2150 5354 2547 5434 _disputationi_s
2593 5362 2864 5434 adversus!
2896 5362 3128 5419 Felicem
3163 5371 3220 5418 et
3259 5351 3481 5434 'Elipan-

1899 5421 2067 5502 dum,
2083 5421 2391 5502 3d__ann_um
2428 5429 2634 5502 scilicet
2663 5432 2765 5487 795
2787 5432 2869 5487 vel
2897 5440 3230 5502 sequentem.

1970 5505 1997 5573 _"
2023 5493 2129 5573 A25
2152 5494 2410 5573 I1091060
2439 5501 2741 5573 epistolam,
2775 5519 2895 5573 ([1118
2918 5493 3057 5572 apud
3080 5503 3478 5569 Quercetanum

1899 5569 1982 5618 est
2019 5565 2108 5629 97,
2170 5565 2404 5622 Froben.
2452 5565 2539 5635 14,
2571 5572 2640 5624 ad

1898 5637 2250 5711 essecensui.
2285 5638 2402 5693 Vid.
2432 5648 2613 5711 notam
2647 5643 2904 5711 priorem.
3005 5637 3010 5638 ί
3068 5701 3069 5704 η

1972 5704 1998 5743 ι)
2028 5705 2172 5778 Edit.
2203 5707 2455 5774 Quercet.
2486 5710 2576 5776 63,
2607 5704 2788 5767 Canis.
2815 5714 2902 5778 28,
2935 5711 3169 5769 Froben.
3204 5714 3290 5770 15.

1972 5786 1994 5814 ο
2018 5776 2261 5853 Adriano
2287 5796 2438 5853 papa:
2477 5782 2570 5851 qui
2607 5783 2730 5838 iniit
2758 5776 3133 5853 pontiﬁcatum
3179 5801 3321 5840 anno
3350 5786 3475 5849 77.2,

1899 5853 1953 5902 et
1985 5847 2119 5902 obiit
2147 5847 2294 5904 anno
2320 5847 2442 5905 795.

2692 5572 2980 5637 Quemdam
3003 5614 3019 5638 ,
3055 5575 3478 5643 abrumpendam

3123 5951 3161 6010 6
