4078 6324
599 337 702 393 175

1476 330 1532 389 Β.
1567 329 1632 385 F.
1673 326 1895 384 ALBINl
1932 324 2065 382 SEU
2102 323 2378 382 ALCUINI
2409 322 2696 383 OPERUM
2728 319 2909 378 PARS
2940 319 2985 376 Ι.

3775 319 3887 378 ηδ

589 461 937 520 vestramque
958 442 1366 501 unanimitatem
1395 440 1451 496 in
1475 440 1621 497 omni
1649 455 1811 510 opere
1836 440 1977 494 bono
1996 437 2172 493 omni-
2195 443 2251 502 Α
2274 439 2328 494 in
2355 437 2560 508 capella
2587 445 2772 492 nostra
2798 444 2858 490 ut
2882 432 3115 499 vidistis,
3160 429 3482 489 obliviscere
3505 429 3638 488 noli.
3684 430 3884 492 Senio-

590 549 782 612 potens
809 540 952 595 Deus
974 535 1238 608 proﬁcere
1263 532 1542 596 concedat,
1589 528 1925 586 dilectissimi
1963 526 2179 582 fratres.

1126 645 1461 701 EPISTOLA
1497 642 1661 697 XXII.

1206 735 1274 771 Αι)
1309 730 1580 778 ρυωιωω.

591 813 641 868 F
644 813 793 868 ilium
827 820 874 867 et
894 805 1324 883 peregrinationis
1349 806 1544 883 socium
1583 803 1650 883 ad
1693 803 1902 883 virtutes
1925 797 2179 883 stimulat.

661 869 921 939 Memorat
945 891 992 934 et
1015 869 1355 932 vcommendat
1383 875 1652 945 sapientia:
1692 869 1955 936 studium;
1988 869 2185 923 doctri-

661 973 756 1010 nas
793 953 914 1007 olim
943 952 1092 1004 datas
1119 949 1174 1001 in
1195 947 1499 1000 memoriam
1529 953 1751 998 revocat.

660 1046 821 1101 Pater
843 1045 970 1108 ﬁlio,
997 1040 1257 1111 paciﬁcus
1279 1037 1588 1108 peregrino,
1611 1034 1870 1105 magister
1895 1029 2177 1100 discipulo,

589 1138 772 1194 socius
802 1135 949 1191 socio
968 1129 1420 1202 peregrinationis
1446 1127 1831 1194 sempiternam
1857 1122 2106 1178 salutem.

662 1229 908 1298 Magnum
961 1222 1116 1286 mihi,
1167 1220 1244 1274 ﬁli
1283 1218 1625 1280 charissime,
1678 1216 1744 1270 de
1791 1222 1971 1268 vestra
2009 1211 2181 1266 salute

587 1332 641 1375 et
669 1317 1028 1390 prosperitate
1052 1312 1382 1368 desiderium
1412 1319 1515 1365 est.
1564 1308 1689 1363 Ideo
1734 1308 1945 1362 litteras
1985 1306 2181 1360 exhor-

589 1412 803 1468 tationis
829 1424 963 1464 meae
1003 1406 1122 1460 vice
1167 1404 1459 1458 verborum
1496 1408 1736 1472 pateram
1763 1399 1980 1470 pietatis
2025 1398 2180 1453 vobis

584 1504 820 1574 dirigere
870 1497 1076 1563 studui,
1127 1496 1421 1550 obsecrans
1475 1500 1748 1562 perpetua:
1802 1491 2000 1545 mentis
2047 1489 2181 1544 dile-

581 1595 781 1658 ctione,
823 1599 878 1647 et
909 1599 1021 1647 tota
1050 1587 1269 1643 virtutis
1299 1587 1596 1641 intentione
1623 1583 1794 1640 Deum
1823 1591 1876 1638 te
1901 1584 2102 1638 habere
2122 1583 2178 1637 in

580 1685 772 1751 oculis,
799 1691 853 1738 et
875 1684 928 1736 in
952 1679 1231 1743 memoria,
1257 1687 1523 1748 quatenus
1543 1677 1687 1732 illius
1706 1676 1950 1747 piissima
1974 1674 2180 1729 miseri-

582 1780 768 1836 cordia
799 1785 852 1832 te
875 1775 1151 1831 custodire
1200 1773 1450 1842 dignetur
1496 1771 1639 1825 inter
1688 1769 1914 1824 adversa
1955 1776 2012 1822 et
2038 1768 2179 1822 inter

579 1886 862 1946 prospera,
890 1879 949 1924 ut
986 1870 1073 1923 via
1103 1867 1247 1938 regia
1278 1880 1512 1936 pergens
1543 1865 1609 1918 ad
1638 1872 1913 1934 perpetuac
1941 1860 2179 1916 civitatis

578 1973 793 2036 portam
835 1961 1116 2033 pervenire
1161 1957 1442 2012 merearis.
1474 1955 1557 2010 Sit
1597 1956 1693 2009 tibi
1733 1954 1981 2009 Christus
2002 1952 2055 2006 in
2083 1965 2179 2006 ore

581 2063 638 2110 et
658 2054 840 2116 corde,
874 2059 928 2104 et
952 2049 1132 2120 operis
1161 2047 1485 2102 constantia.
1522 2044 1644 2099 Noli
1687 2041 1971 2114 pueriliter
1996 2055 2178 2112 agere,

579 2157 638 2203 et
665 2145 930 2201 desideria
968 2141 1226 2213 juvenilia
1267 2139 1465 2194 sectari
1495 2155 1509 2203 ;
1543 2137 1635 2192 sed
1680 2134 1954 2204 perfectus
1979 2142 2097 2188 esto
2123 2133 2180 2186 in

579 2239 726 2295 omni
753 2238 1054 2299 honestate,
1081 2231 1413 2286 continentia
1441 2237 1496 2284 et
1535 2227 1819 2291 modestia,
1848 2233 1907 2280 ut
1934 2225 2182 2280 laudetur

579 2329 723 2384 Deus
749 2329 802 2381 in
834 2339 995 2396 opere
1041 2333 1153 2386 tuo,
1185 2330 1239 2376 et
1279 2337 1385 2375 non
1422 2317 1848 2389 reprehendatur
1893 2325 2047 2386 pater
2086 2315 2181 2386 qui

578 2429 635 2476 te
664 2419 868 2491 genuit.
922 2416 1051 2470 Esto
1097 2414 1309 2469 sobrius
1341 2412 1395 2465 in
1426 2412 1547 2466 cibo
1587 2425 1650 2465 ac
1675 2418 1828 2479 potu,
1878 2407 2036 2462 saluti
2074 2414 2181 2461 tua:

578 2514 752 2584 magis
778 2510 1062 2581 providens
1087 2522 1250 2576 quam
1294 2504 1650 2560 delectatione
1693 2501 1922 2565 carnali,
1970 2500 2054 2555 vel
2081 2515 2180 2553 va-

579 2605 802 2660 nissima
848 2601 1133 2657 hominum
1176 2597 1354 2662 laude,
1398 2611 1518 2665 qua:
1561 2610 1668 2649 non
1711 2593 1943 2664 proﬁcit,
1976 2592 2022 2646 si
2067 2590 2180 2646 Deo

580 2698 901 2768 diapliceant
937 2703 1091 2749 actus
1133 2691 1232 2746 tui.
1283 2689 1471 2744 Melius
1498 2697 1582 2744 est
1613 2688 1724 2742 Deo
1771 2687 1983 2758 placere
2016 2700 2181 2754 quam

582 2800 606 2828 α
645 2787 958 2849 strionibus,
1004 2796 1300 2854 pauperum
1351 2781 1551 2834 habere
1581 2793 1764 2834 curam
1794 2792 1957 2846 quam
1988 2776 2183 2830 mimo-

582 2894 722 2933 rum.
755 2875 877 2931 Sint
903 2875 1000 2928 tibi
1026 2875 1254 2928 honesta
1280 2871 1544 2933 convivia,
1574 2878 1627 2922 et
1657 2869 1896 2923 conviva
1918 2866 2175 2936 religiosi.

584 2970 712 3024 Esto
755 2967 936 3022 sanior
967 2965 1021 3019 in
1063 2965 1325 3026 moribus,
1378 2961 1627 3032 quamvis
1667 2959 1850 3029 junior
1895 2960 1950 3014 in
1999 2957 2175 3012 annis.

584 3057 759 3112 Nimia
791 3069 1018 3126 quaeque
1046 3061 1264 3109 nocent.

653 3150 681 3188 ι)
709 3148 860 3203 Italia
894 3148 1107 3202 inﬁrma
1134 3154 1217 3202 est
1240 3145 1434 3216 patria,
1461 3152 1515 3200 et
1544 3157 1698 3198 escas
1721 3148 1942 3213 generat
1963 3138 2173 3194 noxias.

579 3242 787 3298 idcirco
812 3239 1124 3296 cautissima
1151 3236 1581 3294 consideratione
1610 3235 1814 3298 videas,
1833 3232 1982 3303 quid,
2006 3246 2178 3301 quan-

584 3335 672 3398 do,
703 3333 787 3387 vel
815 3329 1066 3400 qualiter,
1098 3328 1182 3382 vel
1210 3329 1405 3398 quibus
1433 3327 1602 3381 utaris
1644 3325 1818 3389 cibis;
1858 3330 1912 3377 et
1947 3321 2180 3377 maxime

583 3423 861 3479 ebrietatis
906 3420 1279 3476 assiduitatem
1327 3419 1530 3483 devita,
1576 3417 1703 3487 quia
1747 3431 1816 3470 ex
1861 3414 1974 3469 vini
2001 3413 2181 3470 calore

583 3517 816 3574 febrium
844 3515 1006 3570 ardor
1039 3514 1292 3584 ingruere
1315 3511 1451 3567 solet
1481 3525 1641 3580 super
1673 3511 1937 3565 incautos.

656 3611 840 3665 Taedet
869 3608 1081 3663 animus
1122 3621 1274 3660 meus
1323 3605 1547 3660 multum
1585 3621 1684 3676 pro
1713 3602 1974 3659 absentia
2005 3603 2104 3657 tui.
2137 3601 2182 3658 Ο

587 3719 750 3775 quam
783 3701 955 3757 dulcis
981 3699 1094 3754 vita
1139 3698 1261 3764 fuit,
1293 3698 1419 3752 dum
1464 3697 1784 3752 sedebamus
1829 3694 1996 3765 quieti
2041 3694 2186 3749 inter

588 3793 846 3864 sapientis
872 3790 1121 3853 scrinias,
1151 3790 1291 3844 inter
1312 3787 1572 3842 librorum
1611 3785 1812 3856 copias,
1851 3785 1994 3839 inter
2016 3797 2183 3838 vene-

484 3937 489 3941 ,
589 3886 787 3941 randos
810 3883 1036 3938 Patrum
1061 3896 1289 3946 sensus;
1319 3880 1515 3948 quibus
1544 3878 1679 3932 nihil
1703 3877 1873 3934 defuit
1895 3877 2039 3948 quod
2061 3875 2186 3930 reli-

587 3979 752 4049 giosae
795 3977 920 4032 vitae
968 3983 1023 4031 et
1072 3974 1248 4029 studio
1297 3973 1534 4028 scientia:
1569 3973 1909 4042 deposcebat.
1957 3969 2187 4025 Utamur

587 4083 770 4128 tamen
799 4079 942 4126 sorte
984 4067 1236 4139 praesenti
1263 4067 1556 4122 secundum
1602 4065 1857 4118 virtutem
1885 4061 2096 4123 animae,
2131 4059 2188 4117 in

587 4165 761 4237 gratia
807 4161 1140 4219 conﬁdentes
1184 4157 1384 4222 divina,
1431 4172 1552 4226 quae
1595 4171 1694 4210 nos
1723 4170 2002 4224 nunquam
2032 4153 2186 4208 dere-

588 4255 802 4325 linquit,
836 4252 882 4306 si
911 4259 1080 4306 totam
1109 4265 1259 4319 spem
1302 4264 1566 4318 ponamus
1610 4247 1665 4301 in
1707 4246 1873 4301 illam.
1917 4244 2029 4316 Ego
2056 4259 2186 4300 vero

589 4347 848 4402 trediosus
874 4351 928 4398 et
975 4342 1146 4396 tristis
1183 4339 1588 4397 desiderabilem
1631 4347 1826 4394 vestrae
1867 4335 2024 4392 faciei
2051 4351 2190 4406 pra:-

590 4435 830 4505 stolahor
857 4441 1154 4503 aSpectum,
1202 4433 1457 4502 ignorans
1503 4431 1549 4486 si
1578 4438 1631 4485 te
1658 4431 1962 4485 venientem
2001 4430 2187 4486 videre

2285 529 2435 583 ribus
2475 536 2530 582 et
2577 527 2909 597 sapientibus
2960 533 3114 580 utere
3169 523 3513 580 consiliariis.
3575 523 3884 582 Recordare

2283 620 2520 685 Roboam
2554 621 2720 676 ﬁlium
2767 620 3089 675 Salomonis.
3140 617 3330 675 Omnis
3357 618 3578 674 lascivia
3607 618 3767 689 longe
3812 621 3884 676 sit

2284 726 2314 764 a
2338 711 2722 766 consuetudine
2763 719 2874 765 tua.
2909 710 3030 766 Sint
3059 711 3159 767 tibi
3187 711 3352 766 verba
3391 711 3445 765 in
3478 711 3730 776 veritate,
3764 729 3883 768 mo-

2285 818 2372 859 res
2401 804 2456 858 in
2482 805 2783 870 honestate,
2815 820 3011 875 corpus
3049 805 3105 860 in
3128 804 3396 868 castitate,
3427 804 3642 858 habitus
3670 804 3724 858 in
3756 805 3882 859 reli-

2284 892 2458 962 gione,
2485 893 2636 948 cibus
2659 902 2712 947 et
2739 902 2900 964 potus
2920 895 2976 948 in
3003 892 3287 958 modestia,
3317 903 3372 948 et
3406 901 3648 963 tempora
3678 901 3882 949 statuta

2285 982 2338 1037 id
2366 984 2419 1037 in
2451 999 2558 1054 quo
2603 999 2762 1056 agere
2792 986 3010 1041 debeas.
3057 971 3473 1055 Indisciplinatze
3517 984 3746 1056 loquela:
3773 1001 3880 1041 non

2284 1085 2563 1130 assuescat
2608 1092 2671 1131 os
2711 1085 2883 1132 tuum.
2938 1077 3060 1131 Sint
3107 1077 3206 1132 tibi
3259 1077 3424 1132 verba
3470 1077 3735 1146 simplicia
3763 1077 3883 1133 sine

2275 1165 2606 1236 iuramento,
2656 1171 2885 1227 veritate
2929 1172 3111 1242 plena,
3161 1171 3440 1241 sapientia:
3487 1170 3596 1226 sale
3640 1171 3880 1226 condita.

2283 1259 2391 1315 Cor
2411 1260 2636 1331 iudicet,
2667 1271 2955 1334 antequam
2995 1265 3177 1336 lingua
3214 1264 3488 1336 loquatur.
3538 1264 3719 1320 Multae
3755 1274 3882 1320 sunt

2283 1353 2497 1410 invidia:
2526 1365 2581 1411 et
2609 1357 2850 1427 perﬁdim
2873 1358 3189 1426 hominum;
3234 1357 3452 1430 plurimi
3481 1366 3607 1414 sunt
3633 1359 3797 1414 amici
3827 1359 3881 1414 in

2283 1461 2492 1512 mensa,
2519 1455 2576 1501 et
2603 1448 2713 1502 rari
2744 1448 2798 1502 in
2825 1449 3170 1505 necessitate.

2354 1539 2493 1605 Quid
2519 1555 2654 1610 opus
2696 1549 2780 1596 est
2821 1542 2976 1611 plura
3005 1543 3265 1607 scribere,
3306 1543 3435 1598 dum
3479 1542 3682 1613 optime
3709 1542 3884 1598 nostis

2283 1631 2412 1701 quid
2441 1631 2635 1702 saepius
2658 1633 2712 1687 in
2735 1649 2830 1688 cor
2848 1635 3132 1690 charitatis
3151 1642 3346 1691 vestra:
3371 1635 3599 1690 suadere
3618 1635 3880 1692 solebam.

2283 1720 2363 1774 Ex
2413 1716 2623 1776 meritis
2663 1723 2984 1780 obedientiae
3027 1733 3253 1795 paterna
3299 1724 3608 1780 benedictio
3646 1725 3795 1792 ﬁliis,
3826 1733 3886 1780 ut

2209 1834 2256 1894 Β
2283 1827 2426 1877 reor,
2469 1814 2702 1869 eveniet.
2746 1813 3040 1872 Considera
3083 1817 3298 1884 Ruben,
3347 1826 3620 1872 memento
3661 1815 3882 1884 Judam,

2283 1907 2349 1962 de
2392 1923 2502 1964 uno
2546 1915 2698 1977 patre
2724 1915 2780 1962 et
2825 1916 3002 1964 matre
3031 1910 3261 1980 genitos,
3307 1925 3375 1966 ex
3413 1910 3642 1966 diversis
3675 1911 3886 1967 meritis

2283 1999 2524 2054 diversas
2571 1998 2834 2052 habentes
2885 1999 3308 2056 benedictiones.
3368 1999 3564 2056 Petrus
3611 2007 3666 2054 et
3717 2000 3885 2056 ludas

2283 2091 2442 2145 ambo
2467 2089 2522 2143 in
2551 2089 2907 2160 apostolatum
2950 2097 3077 2145 sunt
3099 2089 3279 2156 electi,
3313 2091 3408 2147 sed
3445 2107 3553 2147 non
3579 2091 3741 2146 ambo
3766 2092 3885 2160 pari

2283 2181 2568 2236 devotione
2596 2181 2765 2236 secuti
2813 2188 2939 2234 sunt
2978 2180 3305 2247 Dominum;
3349 2181 3472 2237 ideo
3503 2181 3606 2236 iste
3643 2181 3886 2236 elevatus

2282 2282 2366 2328 est
2392 2273 2447 2327 in
2471 2273 2833 2343 principatum
2858 2273 3188 2342 apostolatus
3213 2290 3228 2341 ;
3275 2275 3390 2344 ipse
3415 2273 3651 2344 principi
3680 2275 3886 2329 daemo-

2282 2366 2498 2421 niorum
2521 2365 2770 2421 traditus.
2819 2365 3127 2436 Stephanus
3169 2374 3224 2422 et
3259 2365 3511 2422 Nicolaus
3537 2367 3590 2421 in
3638 2367 3886 2422 ministe-

2282 2459 2423 2513 rium
2448 2458 2631 2513 altaris
2655 2459 2938 2528 aequaliter
2963 2459 3142 2526 electi,
3175 2459 3271 2515 sed
3307 2467 3532 2530 propter
3565 2457 3884 2514 dissimilem

2282 2549 2442 2604 ﬁdem
2472 2549 2749 2604 dissimilis
2789 2563 2884 2605 eos
2909 2558 3230 2606 consecutus
3250 2558 3336 2605 est
3361 2549 3504 2606 ﬁnis.
3550 2549 3731 2606 Plena!
3760 2557 3886 2605 sunt

2284 2641 2577 2711 Scriptum
2621 2641 2958 2696 documentis
2983 2641 3344 2708 obedientiam
3383 2641 3576 2711 plenus
3601 2649 3689 2696 est
3728 2657 3887 2696 mm-

2284 2732 2383 2787 dus
2407 2732 2691 2801 exemplis,
2716 2732 2846 2802 quid
2876 2733 2964 2788 cui
2993 2747 3059 2789 ex
3086 2732 3390 2788 humilitate
3413 2733 3737 2789 obedientiaa
3761 2747 3886 2787 eve-

2283 2821 2470 2884 nisset,
2501 2837 2730 2890 quorum
2755 2821 3029 2892 copiosam
3057 2821 3459 2876 multitudinem
3482 2830 3748 2892 exuperat
3774 2821 3882 2877 Re-

2283 2913 2577 2983 demptoris
2602 2914 2775 2968 nostri
2815 2913 3062 2969 mirabile
3086 2911 3414 2984 exemplum,
3455 2913 3522 2968 de
3547 2927 3656 2983 quo
3686 2913 3886 2968 Doctor

2281 3003 2525 3074 gentium
2551 3003 2663 3057 ait:
2703 3002 2819 3058 Hoc
2855 3005 3039 3058 sentite
3059 3005 3115 3059 in
3140 3003 3298 3068 vobis,
3338 3005 3478 3073 quod
3499 3014 3549 3058 et
3577 3004 3634 3059 in
3673 3004 3882 3059 Christe

2279 3094 2429 3159 Jesu,
2459 3095 2549 3165 qui
2575 3111 2693 3148 cum
2715 3095 2768 3147 in
2799 3093 2971 3164 forma
3008 3093 3105 3148 Dei
3146 3105 3296 3160 esset,
3329 3113 3434 3151 non
3461 3097 3704 3166 rapinam
3743 3097 3884 3150 arbi-

2202 3185 2252 3251 C
2281 3196 2450 3241 tratus
2475 3195 2550 3240 est
2574 3202 2684 3240 esse
2703 3202 2758 3240 se
2781 3186 3033 3256 aqualem
3056 3185 3188 3252 Deo,
3219 3187 3309 3241 sed
3342 3189 3674 3258 semetipsum
3701 3189 3882 3242 exina-

2283 3280 2427 3344 nivit,
2454 3279 2680 3348 formam
2703 3279 2836 3333 servi
2857 3280 3115 3350 accipiens
3139 3296 3157 3344 ;
3181 3279 3422 3335 obediens
3449 3279 3598 3334 Patri
3627 3298 3794 3352 usque
3813 3281 3882 3335 ad

2281 3379 2520 3430 mortem,
2556 3379 2776 3423 mortem
2801 3378 2976 3424 autem
3003 3370 3174 3424 crucis
3197 3387 3216 3434 ;
3243 3379 3454 3441 propter
3478 3370 3619 3442 quod
3645 3380 3693 3423 et
3739 3369 3880 3426 Deus

2281 3459 2531 3514 exultavit
2577 3459 2748 3524 illum,
2780 3469 2829 3514 et
2874 3461 3015 3514 dedit
3043 3459 3124 3514 illi
3172 3477 3380 3525 nomen,
3425 3461 3564 3532 quod
3605 3470 3682 3516 est
3727 3479 3882 3532 super

2285 3568 2435 3606 omne
2461 3569 2668 3616 nomen,
2696 3554 2831 3607 utin
2871 3554 3080 3608 nomine
3116 3553 3245 3609 Iesu
3287 3570 3438 3608 omne
3474 3571 3608 3624 genu
3637 3555 3883 3624 ﬂectatur

2285 3641 2587 3707 caelestium,
2631 3645 2975 3708 terrestrium,
3003 3654 3052 3700 et
3080 3645 3389 3715 inferorum,
3418 3654 3466 3699 et
3500 3646 3671 3699 omnis
3700 3645 3884 3717 lingua

2285 3735 2614 3804 conﬁteatur,
2669 3739 2794 3809 quia
2846 3738 3002 3794 Iesus
3049 3751 3124 3794 est
3172 3740 3410 3795 Christus
3459 3742 3515 3794 in
3560 3740 3734 3812 gloria
3785 3741 3884 3799 Dei

2287 3824 2467 3879 Patris
2495 3825 2717 3898 (Philip.
2749 3844 2809 3893 ιι,
2840 3828 3015 3900 6-H.)

2696 3950 2718 3978 c
2745 3940 2855 4012 29
2879 3940 3213 3997 EPISTOLA
3245 3941 3433 3998 XXIII.

2339 4072 2405 4110 AD
2444 4073 2686 4115 FRATBES
2721 4075 2909 4116 SANCTI
2949 4077 3173 4117 HAB'I'INI
3217 4077 3499 4118 TUBONICE
3539 4079 3833 4120 CIV'I‘I’A'I'IS.

2789 4153 2966 4226 (Circa
2996 4169 3198 4210 annum
3227 4155 3375 4227 795.)

2289 4243 2422 4296 Cum
2455 4245 2562 4297 illis
2583 4259 2693 4298 esse
2711 4245 3074 4368 cupityosque
3097 4247 3341 4328 hortatur
3363 4247 3432 4302 ad
3460 4249 3670 4304 virtutes
3698 4268 3881 4306 mona-

2819 4332 2846 4368 c
2884 4331 2930 4368 is
2976 4327 3352 4368 convenientes.

2819 4327 2930 4369 εηιε
2976 4327 3352 4372 convenientes.

2363 4422 2736 4480 Sanctissimis
2761 4426 2818 4480 in
2862 4424 3079 4481 Christo
3116 4425 3408 4496 fratribus,
3448 4438 3504 4484 et
3541 4432 3702 4487 beato
3740 4433 3879 4487 Mar-

591 4542 803 4584 ιιιει-ρςιι·
830 4543 844 4589 ς
875 4524 958 4579 vel
983 4524 1029 4578 si
1057 4531 1114 4577 ιιι
1141 4538 1228 4577 me
1249 4522 1468 4577 veniens
1498 4520 1738 4575 invenire
1767 4520 2027 4575 merearis
2051 4536 2066 4591 ;
2098 4536 2187 4574 οε-
2210 4551 2264 4613 D
2291 4511 2406 4568 tino
2429 4514 2724 4571 confessori
2746 4515 2948 4572 Christi
2970 4518 3352 4577 servientibus.
3378 4520 3598 4576 humilis
3613 4521 3778 4577 levita
3793 4523 3880 4577 ΑΙ-

591 4617 730 4671 culta
759 4624 879 4670 sunt
904 4615 1039 4668 enim
1059 4613 1269 4683 judicia
1306 4611 1442 4665 Dei:
1473 4617 1739 4681 praeparet
1765 4608 1868 4664 sibi
1896 4603 2255 4678 unusquiss—
2291 4603 2484 4658 cuinus
2513 4605 2763 4661 salutem.

593 4723 696 4777 quc
722 4706 996 4774 lampades
1044 4703 1315 4777 ardentes,
1362 4710 1421 4755 ut
1461 4713 1782 4770 quacunque
1823 4699 1956 4753 hora
1986 4713 2184 4766 sponso

592 4775 881 4878 occurrere
902 4775 1329 4866 iubeatur,-cum
1363 4793 1481 4849 luce
1523 4794 1789 4847 bonorum
1816 4804 2042 4861 operum
2066 4791 2186 4845 tha-

594 4893 796 4946 lamum
821 4890 1010 4946 aeterni
1035 4889 1181 4958 regis
1207 4887 1410 4941 intrare
1439 4895 1734 4942 mereatur.

667 4981 872 5052 Siquid
910 4981 966 5036 in
1005 4979 1161 5034 nobis
1181 4979 1336 5034 bona:
1380 4977 1786 5032 consuetudinis
1812 4975 2012 5041 vidisti,
2045 4975 2186 5030 hanc

594 5088 839 5145 sequere,
868 5080 930 5126 ut
951 5069 1378 5127 benedictionem
1407 5067 1503 5123 Dei
1531 5082 1597 5123 ex
1624 5067 1714 5122 illa
1757 5067 1958 5123 habere
1976 5079 2186 5121 merea-

595 5168 710 5232 ris;
751 5166 797 5221 si
850 5163 981 5236 quid
1021 5176 1150 5216 vero
1198 5159 1400 5216 erroris
1447 5167 1504 5214 et
1547 5159 1696 5228 impii
1742 5159 1992 5222 tramitis,
2042 5159 2187 5214 hunc

597 5262 848 5315 horresce
877 5263 932 5311 et
957 5253 1130 5323 fugias
1170 5253 1237 5306 ab
1265 5265 1351 5315 eo,
1383 5265 1453 5306 ne
1494 5251 1696 5306 nostris
1737 5250 1974 5321 peccatis
2001 5250 2184 5306 nobis-

594 5366 716 5407 cum
744 5346 1052 5404 involvaris.
1079 5341 1282 5398 Cursus
1304 5341 1604 5412 quotidiani
1626 5355 1892 5413 synaxeos
1911 5356 2034 5396 cum
2057 5340 2186 5396 mis-

573 5473 578 5477 -
597 5460 776 5498 sarum
797 5439 1074 5497 solemniis
1094 5444 1149 5492 et
1167 5435 1365 5506 vigiliis
1390 5444 1699 5489 sanctorum
1723 5435 2038 5504 quotidiano
2058 5449 2182 5503 usu,

669 5585 693 5610 α
711 5572 1037 5650 ἕινὶοηὶὺιιε.
1065 5566 1644 5650 Legendumfortassis
1660 5567 2037 5650 histrionibus,
2069 5569 2185 5650 qui-

599 5643 698 5696 bus
711 5641 1001 5697 Homerum
1019 5639 1176 5695 suum
1197 5639 1484 5694 admodum
1501 5639 1758 5694 delectari
1773 5654 1932 5708 supra
1950 5640 2001 5693 in
2018 5639 2178 5708 epist.

597 5711 703 5769 215
732 5712 894 5782 (nunc
922 5711 1046 5782 l9l)
1069 5710 1241 5776 dixit;
1267 5710 1394 5782 hinc
1415 5709 1650 5778 suspicio
1672 5710 1804 5765 oriri
1824 5711 2017 5782 possit,
2043 5711 2183 5782 hanc

599 5779 878 5854 epistolam
927 5783 996 5837 sd
1028 5779 1282 5837 eumdem
1324 5779 1616 5838 Homerum
1656 5795 1752 5836 seu
1808 5779 2180 5852 Angilbertuin

2361 4696 2440 4750 Ex
2461 4712 2569 4766 quo
2602 4706 2840 4753 vestram
2872 4700 3262 4757 beatitudinem
3291 4704 3433 4758 scire
3465 4705 3646 4774 potui,
3666 4720 3883 4776 semper

2290 4803 2474 4843 amare
2497 4787 2663 4855 volui,
2712 4790 2840 4861 quia
2886 4792 3151 4849 sanctitas
3179 4802 3361 4850 vestra
3395 4797 3547 4852 cordi
3575 4812 3701 4854 meo
3736 4815 3883 4854 amo-

2290 4893 2406 4934 rem
2441 4877 2675 4934 infundit
2715 4881 2881 4936 vestri
2900 4922 2916 4947 ,
2964 4891 3161 4954 optans
3186 4900 3328 4940 unus
3355 4901 3478 4942 esse
3505 4902 3572 4943 ex
3595 4889 3774 4944 vobis.
3812 4890 3884 4947 Ut

2289 4971 2335 5026 si
2351 4973 2560 5028 meritis
2585 4987 2704 5029 esse
2718 4975 3100 5046 nequivissem,
3129 4979 3395 5034 charitate
3419 4965 3603 5036 tamen
3624 4981 3884 5040 fraterna:

2287 5065 2594 5123 dilectionis
2615 5067 2937 5138 coniunctus
2958 5086 3158 5138 essem,
3182 5082 3450 5142 quatenus
3477 5074 3533 5129 in
3564 5074 3652 5130 die
3680 5091 3883 5148 magno

2287 5159 2700 5214 resurrectionis
2724 5161 2966 5216 omnium
2993 5162 3269 5234 particeps
3289 5179 3466 5220 essem
3493 5179 3708 5232 eorum,
3745 5182 3885 5236 quos

2285 5259 2470 5306 tantus
2502 5259 2688 5322 pastor
2733 5267 2831 5309 suo
2861 5254 2977 5324 regi
3005 5255 3375 5324 prazsentabit.
3412 5255 3457 5313 Ο
3492 5255 3623 5311 felix
3650 5255 3880 5322 familia,

2285 5346 2376 5400 tali
2412 5347 2653 5418 gaudens
2693 5353 2942 5416 pastore,
2977 5347 3139 5403 talem
3169 5348 3374 5405 habens
3414 5348 3472 5404 in
3519 5349 3607 5404 die
3660 5349 3882 5404 Domini

2285 5437 2564 5492 doctorem
2587 5435 2759 5510 [Edit.
2788 5437 3124 5511 ductorem]!
3153 5439 3281 5495 felix
3301 5441 3395 5510 qui
3416 5438 3534 5508 ejus
3558 5449 3674 5496 tota
3688 5441 3883 5495 volun-

2356 5574 3237 5717 ipiia'iiqfi'é/iieuxzuﬁzfriibégi
3255 5574 3880 5717 Veiiiziqiisgiiotavimus

2283 5712 2350 5768 ad
2377 5712 2534 5823 epist.
2564 5711 2663 5766 157
2690 5711 2829 5766 inter
2850 5711 3024 5768 notas.

2355 5795 2376 5823 c
2455 5783 2559 5823 alii.
2591 5782 2823 5823 Πιιριιρρί
2867 5783 2927 5823 Kl
2983 5783 3024 5823 η

2503 5783 2561 5838 it.
2591 5782 2842 5848 Quercet.
2867 5783 2953 5848 51,
2983 5783 3165 5846 Canis.
3195 5785 3281 5854 15,
3313 5785 3544 5845 Frobal.
3572 5789 3657 5848 l9.

2283 5571 2540 5642 scriptam
2580 5569 2763 5642 fuisse.
2793 5569 2971 5642 (Apud
2999 5571 3234 5629 Froben.
