4078 6324
199 403 288 463 177

1599 398 1951 456 EPISTOLAS
1963 443 1975 455 .

3315 377 3420 458 ns

200 530 293 578 tate
311 518 542 590 sequitur
565 515 821 590 vestigia,
873 527 934 572 ut
957 517 1100 572 illius
1144 516 1410 574 inhaerens
1457 515 1742 588 praeceptis
1770 519 1824 578 Λ
1846 512 1983 580 Quia
2007 515 2098 584 qui
2129 481 2378 570 arborem
2405 513 2633 585 plantat,
2666 515 2966 568 mercedem
2992 516 3058 567 de
3073 515 3249 569 fructu
3279 515 3427 573 illius

198 611 343 682 ipsius
368 615 631 665 mereatur
652 609 952 664 consociari
982 608 1186 680 gloriae.
1239 607 1309 664 Ut
1355 608 1460 662 hoc
1501 607 1618 660 ﬁeri
1646 622 1739 660 va-

198 709 302 767 teat,
326 699 462 754 nulla
491 714 587 755 vos
616 698 800 754 saeculi
820 699 1275 769 cdncupiscentia,
1297 698 1501 753 nullum
1521 697 1739 755 carnale

196 790 494 848 desiderium
507 791 820 857 abstrahat;
840 806 942 847 nec
961 799 1154 847 vestrae
1173 789 1362 846 Salutis
1383 791 1742 862 vosmetipsos

195 879 495 950 negligentes
541 894 660 935 esse
698 880 887 946 decet,
925 895 1026 936 nec
1086 889 1330 950 paratam
1365 881 1520 936 vobis
1546 881 1602 936 in
1631 880 1743 937 Deo

193 971 392 1042 gloriam
405 971 813 1042 parvipendere.
830 970 1053 1027 Habetis
1071 971 1213 1026 enim
1230 971 1325 1026 Det
1339 970 1573 1042 gratiam
1589 970 1746 1026 auxi-

192 1059 386 1114 liantem
414 1059 592 1126 vobis,
637 1067 692 1116 et
715 1075 971 1131 magnum
1013 1061 1453 1128 intercessorem,
1496 1069 1744 1117 sanctum

189 1149 372 1224 scilicet
396 1151 709 1218 Martinum,
741 1152 1120 1222 deprecantem
1155 1154 1395 1223 quotidie
1415 1169 1514 1224 pro
1541 1154 1696 1208 vobis
1727 1170 1743 1208 :

189 1243 296 1312 quia
350 1243 408 1298 in
471 1242 625 1314 cujus
685 1244 905 1299 servitio
957 1244 1218 1314 quotidie,
1257 1245 1414 1300 statis
1477 1244 1534 1299 in
1584 1245 1746 1300 domo

188 1347 302 1398 sua,
339 1332 494 1388 illum
528 1334 738 1390 habetis
766 1335 822 1389 in
847 1334 1001 1391 ccelis
1034 1336 1183 1391 omni
1225 1334 1363 1392 hora
1417 1334 1746 1406 suifragato-

189 1439 283 1478 rem
289 1461 304 1478 ο

247 1512 578 1586 Quapropter
601 1556 615 1582 ,
669 1515 1006 1571 dilectissimi
1062 1514 1256 1572 fratres
1281 1558 1296 1583 ,
1339 1517 1748 1588 diligentissime

188 1605 500 1668 contendite,
528 1611 587 1659 ut
611 1606 806 1674 saepius
833 1621 932 1660 vos
957 1605 1196 1661 inveniat
1223 1607 1464 1662 visitatio
1495 1608 1578 1662 sui
1618 1624 1749 1662 san-

187 1692 389 1748 ctissimi
424 1694 662 1765 Spiritus
708 1712 762 1751 tn
802 1697 1051 1753 laudibus
1096 1697 1292 1754 divinis
1335 1699 1638 1768 vigilantes.
1693 1700 1754 1754 In

1844 609 2087 676 accipere
2121 608 2340 680 cogitat.
2390 607 2595 663 Habete
2639 607 3012 662 adolescentes
3057 609 3232 678 quasi,
3260 607 3423 674 ﬁlios,

1843 709 2108 771 quatenus
2130 702 2203 756 illi
2229 719 2324 758 vos
2363 703 2597 758 habeant
2622 709 2684 756 ut
2725 710 2924 770 patres.
2973 701 3245 770 Exemplis
3271 701 3430 756 bonis

1843 791 1965 848 illos
1989 791 2261 856 instruite,
2292 793 2575 847 admonete
2594 801 2653 846 ut
2681 792 3050 856 charissimos,
3082 792 3344 862 castigate
3368 799 3432 846 ut

1845 897 2173 948 conservos;
2204 883 2328 951 quia
2376 883 2484 953 3o
2513 884 2630 938 haec
2666 891 2749 937 est
2795 882 3034 936 fraterna
3065 881 3323 948 Charitas,
3370 887 3434 934 ut

1844 988 2034 1029 omnes
2061 972 2214 1042 quasi
2238 972 2595 1041 vosmetipsos
2623 973 2691 1026 ad
2715 987 2968 1028 coronam
2991 987 3236 1042 supernae
3257 970 3433 1027 beati-

1845 1063 2049 1119 tudinis
2084 1062 2380 1133 pcrducere
2408 1062 2691 1117 studeatis.
3275 1051 3278 1054 ’

1916 1152 2296 1207 Adolescentes
2326 1166 2454 1206 vero
2477 1151 2796 1206 ’senioribus
2842 1153 2996 1222 quasi
3025 1152 3268 1222 patribus
3310 1155 3424 1209 sub

1849 1241 1950 1298 diti
1972 1248 2146 1297 estote
2172 1239 2224 1312 (I
2260 1239 2403 1294 Pctr.
2431 1255 2484 1304 v,
2511 1238 2586 1310 5),
2614 1240 2754 1294 sicut
2774 1241 2841 1296 de
2865 1241 2978 1297 Deo
3000 1242 3218 1298 Christo
3240 1243 3434 1311 legitur

1851 1333 1907 1387 in
1944 1333 2270 1402 Evangelio,
2307 1330 2449 1400 quod
2493 1330 2740 1386 subditus
2769 1340 2914 1387 esset
2958 1333 3072 1388 suis
3120 1336 3438 1403 parentibus

1852 1423 2003 1498 (Luc.
2028 1442 2089 1490 ιι,
2116 1424 2227 1496 51).
2256 1425 2312 1479 Si
2340 1440 2470 1479 vero
2494 1424 2635 1478 Deus
2656 1425 2818 1480 homo
2836 1434 2892 1479 et
2913 1426 3173 1480 Dominus
3197 1426 3443 1480 omnium

1853 1518 2100 1573 subditus
2123 1533 2241 1572 esse
2257 1534 2365 1572 non
2386 1518 2709 1599 dedignatur
2735 1518 3044 1572 hominibus
3059 1559 3074 1582 ,
3105 1527 3302 1587 quanto
3327 1532 3443 1571 ma-

1854 1610 1936 1680 gis
1960 1618 2014 1665 et
2041 1624 2155 1675 vos,
2181 1609 2409 1677 pueriet
2439 1609 2826 1671 adolescentes,
2861 1609 3057 1663 subditi
3089 1623 3207 1663 esse
3231 1608 3446 1662 debetis

1855 1700 2131 1771 magistris
2160 1699 2376 1764 vestris,
2407 1708 2467 1754 ut
2503 1715 2599 1768 per
2630 1699 2842 1753 illorum
2892 1701 3088 1754 bonam
3138 1700 3446 1754 doctrinam

185 1779 284 1837 loco
308 1783 362 1837 in
387 1799 498 1853 quo
528 1784 690 1855 elegit
708 1786 811 1841 sibi
841 1787 1081 1857 requiem
1120 1788 1508 1856 dulcissimam,
1533 1791 1611 1846 sic
1633 1789 1754 1846 fun—
1854 1791 2118 1862 proiicere
2139 1799 2193 1846 et
2221 1789 2410 1845 ﬂorere
2431 1831 2446 1855 ,
2487 1797 2539 1843 et
2579 1788 2804 1842 exaltari
2845 1789 2897 1842 in
2943 1788 3180 1843 Ecclesia
3218 1789 3442 1852 Christi,

186 1871 277 1927 dite
303 1889 498 1944 preces
515 1884 747 1942 vestras,
774 1879 927 1947 quasi
947 1887 1212 1948 prasente
1253 1881 1364 1936 Deo
1392 1882 1674 1951 loquentes
1699 1891 1757 1938 et
1786 1862 1832 1922 Β
1858 1893 1913 1940 et
1949 1884 2016 1939 ad
2044 1883 2210 1937 vitam
2238 1891 2495 1937 aeternam
2519 1897 2639 1934 cum
2663 1879 2769 1934 illis
2786 1921 2799 1944 ,
2832 1879 2942 1935 Deo
2967 1879 3216 1942 donante,
3249 1893 3448 1948 perve—

185 1966 373 2021 sanctis
394 1965 532 2035 ejus.
568 1966 680 2024 Nec
720 1968 791 2024 sit
823 1968 968 2026 aliud
1007 1970 1062 2024 in
1107 1971 1269 2027 corde
1291 2013 1305 2038 ,
1345 1973 1490 2028 aliud
1538 1974 1591 2026 in
1627 1988 1751 2041 ore;

187 2054 300 2124 quia
321 2055 490 2111 homo
517 2058 667 2112 audit
686 2059 829 2128 quod
847 2074 910 2116 os
929 2059 1186 2132 loquitur,
1220 2061 1360 2116 Deus
1376 2062 1591 2131 inspicit
1612 2064 1755 2133 quod

186 2158 269 2200 cor
302 2148 538 2217 cogitat;
571 2149 698 2218 quia
726 2165 822 2206 cor
843 2153 1135 2207 contritum
1155 2164 1210 2208 et
1242 2154 1586 2209 humiliatqu
1611 2153 1757 2212 Deus

183 2252 275 2292 non
305 2242 516 2308 spernit
553 2241 725 2316 (Psal.
758 2259 810 2311 ι,
852 2244 962 2316 l9).
995 2245 1064 2300 Et
1109 2249 1286 2302 omnis
1335 2248 1426 2317 qui
1476 2264 1535 2303 se
1576 2249 1757 2304 humi-

178 2325 290 2394 liat,
322 2331 656 2386 exaltabitur
699 2332 850 2404 (Luc.
890 2349 1023 2402 xiv,
1079 2336 1188 2407 11).
1244 2336 1350 2392 Per
1393 2338 1757 2395 humilitatem

175 2431 323 2486 vero,
353 2423 723 2478 obedientiam
748 2432 804 2479 et
850 2425 1171 2482 charitatem
1217 2432 1514 2486 monachus
1559 2433 1757 2487 coelum

177 2513 443 2567 ascendit.

232 2602 361 2656 Non
402 2612 487 2658 est
523 2605 690 2675 igitur
727 2606 994 2662 laudabile
1028 2609 1082 2664 in
1130 2611 1469 2668 vestimentis
1514 2613 1759 2668 habitum

177 2693 373 2747 imitari
403 2692 645 2759 Palmm,
679 2697 796 2752 sine
822 2699 1202 2756 observatione
1237 2703 1611 2758 mandatorum
1640 2719 1760 2773 quae

180 2781 243 2836 illi
271 2791 586 2852 statuerunt
612 2785 722 2840 Deo
766 2788 1146 2845 servientibus.
1177 2791 1278 2858 Qui
1324 2791 1458 2849 foris
1505 2794 1561 2848 in
1587 2795 1759 2851 oculis

181 2873 451 2928 hominum
481 2875 599 2930 ovis
622 2875 674 2932 in
701 2879 1040 2936 vestimentis
1057 2883 1230 2938 videri
1273 2886 1438 2954 cupit,
1466 2886 1611 2942 intus
1633 2896 1759 2942 ante

185 2971 524 3034 conspectum
548 2965 646 3021 Dei
672 2982 768 3037 per
797 2971 976 3025 cordis
1029 2982 1238 3028 secreta
1268 2990 1389 3030 esse
1446 2979 1754 3043 contendat,

187 3054 315 3120 quod
343 3052 480 3110 foris
505 3064 636 3113 ante
653 3057 900 3116 homines
926 3063 1103 3132 putari
1127 3065 1292 3135 cupit.

248 3145 500 3202 Charitas
530 3149 692 3218 igitur
711 3166 873 3220 quam
918 3153 1060 3210 Deus
1095 3157 1350 3227 praecepit
1398 3156 1592 3228 duplex
1640 3174 1759 3214 esse

189 3234 368 3301 debet,
413 3239 470 3293 id
518 3248 602 3294 est
677 3240 772 3296 Dei
799 3250 852 3297 et
879 3245 1132 3315 proximi.
1175 3247 1292 3302 Una
1322 3263 1442 3317 qua:
1473 3264 1634 3319 supra
1662 3265 1762 3306 nos

185 3335 278 3393 est,
306 3328 359 3382 id
387 3337 485 3384 est
527 3329 698 3398 Deus;
733 3332 903 3388 altera
939 3350 1058 3404 qua:
1102 3335 1257 3405 juxta
1287 3355 1386 3394 nos
1413 3347 1530 3408 est,
1583 3341 1637 3396 id
1680 3353 1766 3398 est

185 3415 348 3475 homo.
375 3420 533 3475 Deus
559 3437 626 3476 ex
649 3432 762 3479 toto
783 3426 945 3481 corde
973 3435 1028 3482 et
1049 3444 1117 3483 ex
1133 3436 1244 3484 tota
1270 3431 1451 3485 anima
1475 3440 1529 3486 et
1555 3449 1622 3487 ex
1652 3441 1764 3488 tota

186 3509 437 3580 diligatur
468 3514 686 3570 virtute.
717 3515 1000 3574 Proximos
1040 3535 1170 3576 vero
1225 3523 1364 3578 sicut
1408 3526 1767 3595 nosmetipsos

188 3597 471 3672 diligamus
491 3601 704 3675 (Matth.
737 3622 872 3672 xxn,
914 3609 1004 3674 37,
1030 3608 1142 3681 59).
1170 3611 1227 3666 Si
1255 3621 1464 3682 quaerat
1489 3615 1765 3683 quislibet,

191 3691 270 3760 qui
303 3694 371 3748 sit
423 3696 742 3763 proximus?
803 3713 1015 3754 omnem
1065 3700 1432 3758 Christianum
1469 3704 1769 3774 intelligere

193 3779 353 3850 debet,
384 3783 565 3839 veluti
613 3785 668 3839 in
697 3785 999 3858 Evangelia.
1036 3789 1264 3862 legimus
1305 3792 1374 3847 de
1402 3792 1761 3859 Samaritana,

192 3869 271 3936 qui
298 3871 656 3928 vulneratum
693 3874 895 3944 adjuvit
937 3878 1087 3950 (Luc.
1137 3882 1227 3950 x).
1282 3881 1417 3938 ltem
1459 3884 1767 3939 obedientia

195 3957 371 4030 duplex
404 3975 532 4017 esse
555 3964 747 4031 debet,
791 3967 844 4021 id
877 3977 960 4023 est
981 4011 996 4036 ,
1033 3980 1088 4026 et
1127 3973 1267 4028 mala
1310 3991 1416 4030 non
1443 3974 1622 4031 facere
1647 3992 1767 4046 qua:

197 4054 564 4122 prohibentur,
607 4066 662 4113 et
686 4059 824 4116 bona
851 4060 1032 4120 facere
1057 4080 1176 4136 qua:
1213 4066 1491 4137 iubentur.
1556 4071 1623 4125 Et
1651 4072 1768 4127 haec

199 4144 316 4210 duo,
352 4149 414 4204 id
465 4158 547 4204 est
612 4151 850 4208 charitas
898 4164 954 4210 et
1001 4157 1338 4224 obedientia,
1395 4175 1520 4217 cum
1554 4177 1766 4218 summa

195 4233 441 4303 iubentur
459 4242 764 4298 humilitate
784 4244 1014 4314 impleri.
1058 4247 1183 4303 Haec
1219 4259 1344 4304 sunt
1369 4251 1474 4305 tria
1494 4260 1765 4322 prtecepta

201 4341 304 4396 qm
321 4332 573 4402 aperient
592 4335 873 4390 monachis
894 4344 1082 4406 portas
1103 4340 1247 4394 coeli.

261 4421 349 4479 llis
369 4426 561 4494 itaque
586 4427 740 4496 quasi
777 4428 1048 4486 radicibus
1075 4431 1192 4486 aliae
1219 4444 1569 4490 succrescunt
1600 4435 1770 4491 virtu-

204 4517 306 4579 tes,
363 4517 526 4586 quasi
561 4535 835 4576 ramorum
861 4520 1143 4590 fertilitas,
1173 4527 1368 4595 quibus
1411 4527 1618 4584 fructus
1645 4529 1769 4586 vita:

202 4605 433 4661 nascitur
466 4617 698 4665 aeternae.
731 4611 843 4668 Nec
887 4629 1000 4680 me,
1030 4631 1180 4688 rogo,
1208 4619 1536 4675 sanctissimi
1577 4619 1767 4678 Patres

205 4698 251 4745 et
276 4693 474 4752 fratres
495 4738 510 4761 ,
539 4712 1023 4772 prmsumptuosum
1046 4709 1331 4775 aestimate,
1351 4726 1446 4765 cur
1472 4712 1624 4766 vobis
1653 4713 1770 4769 hzec

205 4784 506 4840 scriberem.
536 4788 784 4847 Charitas
806 4809 925 4849 mea
967 4810 1052 4850 me
1077 4800 1333 4868 compulit
1376 4814 1402 4841 ιι
1436 4801 1490 4854 in
1520 4803 1617 4857 has
1643 4818 1770 4872 pro-

207 4887 442 4945 rumpere
493 4876 729 4947 Litteras;
787 4891 977 4954 optans
1028 4888 1178 4943 vobis
1214 4891 1393 4944 omnia
1429 4893 1568 4946 bona
1593 4909 1623 4946 a
1658 4893 1769 4950 Deo

205 4965 308 5018 cari
337 4965 518 5038 [Can.,
551 4969 782 5045 donari],
815 4984 874 5030 ut
900 4976 954 5030 in
981 4978 1176 5033 sacculo
1226 4981 1483 5037 honorem
1527 4983 1768 5040 habeatis

209 5067 316 5110 eum
361 5060 671 5116 hominibus
704 5072 760 5118 et
793 5065 847 5120 in
876 5067 1057 5124 futuro
1084 5071 1278 5126 szcculo
1309 5073 1472 5127 vitam
1510 5082 1767 5129 aeternam

207 5157 317 5201 eum
353 5153 555 5206 sanctis
581 5152 696 5209 Dei.
731 5156 832 5211 Vos
857 5173 985 5213 vero
1023 5150 1261 5216 senioribs
1311 5163 1366 5216 in
1406 5165 1597 5232 spiritu
1622 5180 1770 5220 man-

208 5240 512 5307 suetudinis,
543 5243 684 5299 sicut
703 5244 991 5316 Apostolus
1004 5253 1277 5320 praecepit,
1297 5252 1540 5320 iuniores
1559 5264 1769 5312 vestros

210 5325 499 5418 admonete,
527 5336 653 5404 quia
695 5337 908 5393 illorum
964 5341 1107 5396 salus
1137 5351 1317 5398 vestra
1354 5355 1438 5400 est
1479 5361 1687 5402 merces
1714 5347 1768 5418 (I

212 5415 320 5476 Cor.
365 5425 460 5496 tv),
496 5427 710 5484 illorum
745 5433 976 5490 eruditio
1026 5444 1208 5490 vestra
1252 5445 1335 5491 est
1383 5415 1765 5497 remuneratio.

271 5568 296 5596 ι
333 5559 572 5641 Charitas
614 5583 695 5622 me
726 5570 991 5641 compulit.
1029 5570 1156 5629 Haec
1177 5573 1340 5628 verba
1369 5576 1498 5630 satis
1541 5578 1769 5632 innunnt

212 5622 358 5716 [Ιξὶιις.
387 5635 664 5716 epistolam
695 5622 863 5716 _anter
899 5643 1156 5716 scriptam
1216 5643 1380 5700 fuisse
1442 5622 1630 5716 quam.
1657 5622 1769 5703 "$61

213 5699 390 5754 nacbis
417 5699 526 5759 illis
574 5710 938 5778 praeﬁceretur
964 5699 1239 5770 Aicuinus.
1281 5699 1497 5771 Mabill'r
1517 5699 1607 5773 lib.
1641 5699 1767 5775 is.

211 5765 416 5830 Annal..
443 5791 498 5828 ιι.
518 5775 609 5830 47.

278 5838 305 5878 ³³
335 5839 579 5908 Quercet.
613 5848 698 5919 72,
727 5850 908 5909 Canis.
936 5853 1026 5923 27,
1060 5855 1315 5928 (Froben.
1343 5858 1454 5931 20).

1859 1975 1979 2030 nire
2005 1972 2340 2028 mereamini.
2380 1970 2483 2024 Pro
2507 1985 2592 2024 me
2645 1984 2856 2038 semper
2888 1968 3220 2023 intercedere
3254 1967 3444 2038 digne-

1860 2065 2026 2130 mini,
2074 2073 2339 2134 quatenus
2390 2062 2587 2117 vestris
2634 2061 2886 2131 precihus
2932 2060 3143 2116 veniam
3201 2074 3447 2115 meorum

1859 2174 2077 2217 merear
2096 2159 2342 2230 accipere
2362 2164 2730 2228 peccatorum,
2757 2161 2811 2210 et
2841 2153 3129 2209 amabilem
3166 2152 3448 2208 vobiscum

1859 2252 1917 2307 in
1941 2252 2026 2306 die
2046 2251 2341 2306 novissimo
2375 2249 2588 2303 Domini
2642 2247 2814 2302 nostri
2843 2245 2970 2300 Jesu
3013 2244 3216 2300 Christi
3259 2243 3449 2299 audire

1860 2342 2187 2398 sententiam
2223 2359 2236 2393 :
2272 2337 2472 2403 Venite,
2514 2338 2766 2391 benedicti
2800 2335 2979 2390 Patris
3027 2335 3151 2399 mei,
3198 2334 3450 2404 pcrcipite

1860 2446 2077 2500 regnum
2133 2429 2269 2498 quod
2320 2428 2457 2482 vobis
2504 2434 2745 2495 paratum
2801 2434 2876 2478 est
2927 2423 2990 2476 ab
3040 2423 3238 2480 oriaine
3266 2421 3450 2474 mundr

1864 2518 2080 2591 (Matth.
2108 2534 2233 2581 xxv,
2261 2517 2374 2588 54).

2006 2611 2114 2665 Vos
2134 2618 2334 2664 aeterna
2358 2608 2454 2662 Dei
2474 2617 2755 2664 conservet
2786 2608 2986 2678 gratia,
3018 2607 3234 2670 fratres,

2006 2698 2249 2754 Nominis
2271 2708 2432 2768 atque
2462 2699 2565 2752 mei
2589 2712 2859 2752 memores
2887 2698 3002 2751 sine
3031 2696 3136 2751 line
3162 2695 3356 2749 valete.

2341 2792 2368 2831 ι)
2406 2790 2739 2846 EPISTOLA
2778 2790 2967 2846 XXIV.

2302 2878 2368 2916 AD
2429 2876 2637 2917 LEONEII
2708 2877 2767 2915 Ill
2829 2875 3020 2915 PAPAM.

2480 2953 2658 3024 (Anno
2684 2951 2833 3022 796.)

1864 3045 2204 3100 Commendat
2238 3065 2292 3101 se
2319 3047 2509 3101 summi
2537 3046 2819 3115 pontiﬁcis,
2848 3056 3094 3115 tanquam
3119 3047 3295 3101 vicarii
3322 3063 3452 3116 apo-

1933 3116 2185 3170 stolorum
2206 3129 2252 3171 et
2285 3116 2533 3171 Ecclesia:
2559 3116 2828 3187 principis,
2862 3117 3157 3186 apostolica:
3193 3117 3449 3171 sollicitu-

1939 3187 2050 3240 dini
2079 3204 2171 3257 pcr
2194 3187 2573 3258 Angilbertum.

1939 3275 2168 3331 Domino
2189 3279 2523 3343 beatissimo,
2566 3288 2727 3349 atque
2749 3280 2896 3334 omni
2917 3281 3122 3334 honore
3167 3280 3444 3335 nominan-

1867 3365 1934 3422 do
1973 3378 1995 3405 ε
2025 3366 2191 3422 Leoni
2217 3382 2386 3437 papae,
2419 3367 2637 3423 humilis
2687 3369 2846 3424 levita
2877 3368 3103 3424 Albinus
3151 3377 3365 3426 acterna;
3393 3371 3453 3427 in-

1867 3459 2084 3516 Christo
2105 3460 2289 3530 glorim
2321 3459 2570 3515 salutem.

1941 3549 2231 3620 Suscipiat,
2263 3551 2507 3616 obsecro,
2541 3553 2879 3608 sanctissima
2904 3554 3076 3625 pietas
3104 3563 3304 3619 vestra,
3349 3552 3449 3609 Pa~

1867 3650 1952 3696 ter
1977 3640 2296 3695 charissime
2338 3639 2470 3714 [Αι.,
2501 3641 2947 3718 gloriosissime],
2992 3645 3226 3716 benigno
3270 3644 3454 3700 animo

1869 3741 2070 3788 nostra:
2094 3732 2380 3803 parvitatis
2404 3733 2688 3798 litterulas,
2750 3744 2805 3790 et
2850 3751 2936 3791 me
2975 3735 3226 3792 devotum
3257 3743 3454 3790 vestrar

1868 3823 2172 3880 dilectionis
2200 3823 2458 3880 famulum
2486 3842 2736 3897 agnosce.
2764 3825 2987 3898 Semper
3018 3836 3216 3884 sanctae
3244 3827 3451 3883 Roma-

1868 3929 1951 3967 nat
1985 3914 2128 3968 sedis
2162 3910 2539 3981 beatiSsimos,
2591 3926 2854 3986 quantum
2903 3917 3069 3983 valui,
3105 3918 3372 3988 principes
3395 3924 3449 3970 et

1867 4014 2115 4074 pastores
2139 4007 2332 4070 amavi,
2362 4007 2583 4076 cupiens
2623 4007 2838 4062 illorum
2869 4009 3225 4064 sanctissimis
3274 4009 3417 4062 inter
3436 4038 3451 4047 υ

1869 4095 2202 4150 cessionibus
2241 4096 2381 4151 inter
2406 4111 2532 4150 oves
2558 4095 2757 4150 Christi
2787 4099 3091 4165 numerari,
3144 4112 3278 4166 quas
3307 4097 3453 4152 Deus

1869 4185 2117 4244 Christus
2144 4197 2266 4258 post
2285 4187 2694 4244 resurrectionis
2719 4204 2830 4244 suae
2852 4189 3075 4260 gloriam
3098 4191 3254 4247 beato
3287 4189 3453 4246 Petro

1867 4278 2097 4347 principi
2131 4279 2495 4348 apostolorum
2522 4283 2819 4350 pascendas
2852 4283 3266 4340 commendavit.
3295 4285 3455 4352 Quod:

1870 4382 1999 4423 vere
2025 4369 2243 4440 dignum
2271 4385 2389 4425 esse
2416 4369 2608 4439 fateor,
2634 4387 2848 4430 omnem
2883 4374 3026 4430 illius
3051 4377 3228 4448 gregis
3266 4376 3455 4431 multi--

1871 4459 2109 4514 tudinem
2127 4477 2224 4517 suo
2235 4463 2456 4531 pastori,
2478 4461 2602 4518 licet
2621 4463 2677 4518 in
2699 4465 2927 4521 diversis
2943 4475 3208 4522 terrarum
3232 4467 3459 4538 pascuis

1800 4579 1844 4636 ο
1873 4560 2314 4619 commorantem,
2347 4568 2453 4607 una
2477 4554 2756 4611 charitatis
2785 4556 2888 4611 lide
2914 4555 3206 4626 subjectam
3229 4571 3370 4624 esse,
3394 4567 3457 4613 et.

1872 4640 2012 4695 sicut
2031 4642 2120 4712 pio
2141 4646 2344 4711 pastori
2393 4644 2672 4711 condecet,
2719 4661 2968 4716 magnam
3018 4648 3290 4702 commissi
3341 4648 3457 4703 sibi

1871 4734 2046 4804 gregis
2075 4749 2259 4788 curam
2323 4735 2560 4801 habere,
2620 4745 2674 4790 et
2729 4737 2911 4791 sedula
2955 4739 3170 4800 pietatis
3197 4740 3452 4794 admoni-

1870 4823 2018 4878 tione
2055 4833 2108 4878 et
2147 4825 2448 4879 sanctitatis
2513 4827 2900 4882 intercessione
2947 4829 3242 4898 praevidere
3300 4828 3453 4901 [Al.,

1869 4914 2213 4986 providere],
2271 4930 2340 4969 ne
2377 4916 2542 4986 aliqui
2571 4931 2637 4970 ex
2677 4917 2784 4971 illis
2830 4932 2929 4986 per
2959 4919 3252 4988 praecipitia
3297 4934 3454 4973 erro—

1872 5019 1991 5057 rum
2033 5019 2061 5056 a
2083 5004 2164 5058 via
2193 5005 2441 5060 veritatis
2487 5015 2542 5058 et
2576 5016 2848 5076 perpetua:
2875 5008 3089 5077 pascuis
3124 5010 3248 5064 vita:
3288 5025 3455 5063 exor-

1870 5097 2044 5151 bitare
2100 5096 2379 5167 incipiant.
2449 5097 2640 5170 Gregis
2686 5099 2889 5154 sanitas
2937 5100 3105 5170 gloria
3144 5109 3226 5156 est
3264 5109 3454 5171 pasto-

1871 5187 1947 5242 ris
1970 5228 1983 5250 ,
2025 5196 2080 5242 et
2116 5188 2487 5258 multiplicatio
2524 5190 2669 5245 illius
2695 5203 2906 5245 merces
2929 5199 3150 5247 mterna.

1940 5278 2078 5333 Ecce
2102 5287 2177 5342 tu,
2207 5281 2544 5336 sanctissime
2566 5280 2747 5347 Pater,
2767 5283 3008 5351 pontifex
3030 5300 3060 5338 a
3084 5285 3192 5340 Deo
3218 5284 3446 5351 electus,

1868 5365 2104 5422 vicarius
2127 5369 2512 5439 apostolorum,
2533 5371 2706 5425 haeres
2725 5370 2968 5438 Patrum,
2991 5375 3240 5443 princeps
3259 5373 3450 5429 Eccle-

1869 5459 1983 5525 sia},
2014 5459 2175 5514 unius
2199 5460 2555 5516 i-mmaculatze
2574 5461 2837 5519 columba:
2865 5467 3117 5520 nutritor.
3151 5467 3209 5521 ln
3234 5477 3288 5522 te
3309 5466 3448 5524 ﬁdes

1942 5604 1962 5672 ὲ
1984 5593 2156 5672 _Leoni
2181 5612 2347 5666 papa.
2373 5597 2466 5672 Est
2484 5597 2573 5653 hic
2594 5599 2702 5672 Leo
2721 5614 2858 5672 papa
2881 5601 2963 5664 Ill,
2979 5603 3068 5670 qui
3093 5614 3212 5672 post
3234 5603 3448 5660 obitum

1868 5663 2089 5737 Adriani
2113 5663 2262 5737 papae
2281 5667 2649 5735 pontiﬁcatum
2678 5663 2958 5726 iniit-anno
2975 5663 3245 5737 7'95,-l‘estc
3267 5673 3443 5730 sancti

1870 5736 2124 5804 Stephani
2143 5739 2584 5860 (protomartyris,
2615 5747 2671 5792 ut
2701 5739 2866 5796 refert
2892 5736 3205 5801 Anastasius
3232 5746 3285 5800 in
3318 5745 3444 5801 Vita

1870 5804 2108 5859 Adriani.
2192 5807 2287 5860 biit
2313 5822 2442 5860 vero
2467 5824 2606 5860 anno
2634 5809 2756 5860 816.

1870 5804 2108 5859 Adriani.
2143 5804 2287 5861 Obiit
2313 5822 2442 5863 vero
2455 5804 2606 5864 anno
2634 5809 2756 5866 816.
