4084 6448
592 340 706 407 Πθ

593 553 963 631 resplendeat,
1005 557 1225 630 fulgeat,
1276 559 1553 633 abundet].
1581 561 1859 634 Congrega
1896 579 1996 620 nos
2038 561 2179 619 ﬁlios

593 653 795 702 sanctae
841 646 937 702 Dei
988 649 1243 705 Ecclesia:
1288 658 1525 720 paternxe
1554 653 1919 711 miserationis
1953 654 2173 723 aﬂ‘ectu,

591 736 699 792 tuis
726 739 1085 795 sanctissimis
1106 741 1441 796 orationibus
1467 750 1521 796 et
1547 743 1874 801 dulcissimis
1899 761 2181 809 sacrarum

590 826 893 886 litterarum
918 833 1399 897 exhortationibus,
1426 834 1568 900 intra
1597 835 1967 892 ﬁrmissimum
1997 838 2179 893 Eccle-

591 921 686 977 site
710 923 998 980 soliditatis
1027 924 1195 989 ovile,
1238 938 1306 979 ne
1332 925 1528 996 aliquis
1570 942 1639 982 ex
1657 929 1811 983 nobis
1840 930 2176 986 errabundus

588 1011 770 1085 lupina
805 1006 1100 1085 rapacitate
1134 1015 1268 1072 foris
1307 1018 1615 1074 inveniatur
1645 1019 2003 1079 devorandus.
2035 1022 2175 1079 Nam

587 1106 922 1175 Splendentia
942 1108 1180 1163 caelestis
1203 1109 1409 1165 militiae
1438 1112 1673 1182 agmina,
1719 1114 2041 1168 nativitatis
2064 1116 2172 1170 Do-

586 1196 718 1250 mini
745 1197 915 1251 nostri
959 1196 1087 1253 Jesu
1116 1198 1318 1257 Christi
1362 1202 1556 1272 gaudia
1604 1204 1782 1274 primo
1830 1206 2169 1277 pastoribus,

586 1290 678 1361 qui
731 1306 891 1359 supra
936 1308 1063 1347 suos
1114 1294 1306 1351 devote
1330 1297 1619 1368 vigilarunt
1646 1317 1835 1372 greges
1852 1344 1877 1371 _,
1921 1306 2173 1362 nuntiare

582 1391 864 1438 venerunt.
906 1386 1045 1442 Ecce
1074 1388 1180 1443 tuis
1208 1391 1563 1447 sanctissimis
1603 1395 1800 1466 vigiliis
1830 1398 1895 1451 ad
1924 1409 2171 1467 pastora-

579 1473 685 1528 lem
707 1475 1142 1544 sollicitudiuem,
1183 1482 1560 1550 probatissime
1599 1488 2038 1560 archimandrita,
2069 1507 2168 1546 an-

576 1563 779 1637 gelieas
804 1581 834 1619 a
862 1569 1109 1637 supernis
1132 1571 1349 1627 sedibus
1370 1573 1711 1632 visitationes
1722 1586 1904 1633 astare
1934 1597 2042 1636 non
2069 1583 2168 1637 du-

575 1651 834 1720 bitamus,
861 1673 1090 1726 quorum
1117 1660 1316 1716 auxilio
1351 1679 1685 1736 quaecunque
1706 1668 1945 1724 divinam
1994 1686 2164 1742 popo-

575 1745 746 1800 sceris
768 1746 1044 1815 pietatem,
1096 1749 1387 1822 impetrare
1412 1763 1465 1809 te
1504 1773 1664 1828 posse
1689 1760 1979 1816 credimus.
2011 1760 2163 1819 Unde

575 1851 676 1909 ego
695 1839 916 1896 ultimus
943 1845 1298 1902 sacratissimi
1345 1850 1504 1907 ovilis
1555 1855 1899 1925 vernaculus,
1931 1863 1985 1912 et
2013 1872 2161 1912 mor-
2188 1841 2239 1909 Β

574 1929 700 1985 bida
722 1933 959 2017 peccatis
981 1922 1193 1991 oricula
1215 1980 1228 2003 ,
1258 1956 1352 2010 spe
1378 1945 1660 2017 praecipuae
1681 1922 1941 2006 bonitatis
1969 1961 2162 2013 vestrae

571 2018 675 2093 31
719 2008 1020 2099 animatus,
1080 2035 1205 2083 ante
1252 2008 1625 2093 sanctissimos
1677 2028 2016 2107 paternitatis
2058 2049 2162 2101 tuas

568 2114 735 2179 pedes
759 2115 940 2171 animo
986 2128 1290 2188 prostratus
1334 2126 1649 2197 suppliciter
1696 2132 1945 2201 deposco,
1975 2142 2162 2205 quate-

570 2219 674 2261 nus
704 2205 979 2265 dirissima
1020 2210 1128 2283 [Αι.
1183 2216 1497 2293 durissima]
1528 2232 1875 2291 peccatorum
1918 2241 2161 2287 meorum

569 2297 784 2355 vincula
840 2316 939 2370 per
995 2304 1421 2363 ecclesiasticam
1459 2314 1769 2382 apostolica:
1820 2318 2160 2377 auctoritatis

567 2398 893 2459 potestatem
910 2394 1118 2452 solvere
1138 2400 1398 2472 digneris,
1420 2411 1475 2459 et
1487 2414 1729 2475 paternae
1748 2409 1967 2478 pietatis
1983 2412 2160 2483 preci-

564 2481 667 2537 bus
695 2499 913 2540 cursum
936 2487 1064 2544 vitae
1084 2506 1219 2547 mcae
1247 2494 1338 2564 qui
1366 2505 1537 2553 restat
1571 2500 1641 2554 ad
1667 2511 1939 2574 perpetuae
1972 2481 2163 2576 portas

564 2573 801 2632 civitatis
832 2578 1063 2651 dirigere
1084 2585 1322 2643 studeas.

634 2666 869 2725 Grandia
892 2686 1057 2741 posco
1086 2676 1325 2746 quidem,
1360 2682 1455 2737 sed
1478 2682 1720 2741 charitas
1750 2688 1976 2757 grandia
2007 2690 2158 2745 novit

564 2758 713 2815 dare.
740 2760 1059 2819 Poscentem
1082 2782 1182 2835 pro
1207 2769 1318 2827 ﬁlia
1340 2784 1368 2812 α
1389 2773 1606 2830 viduam
1637 2775 1845 2832 Christi
1872 2778 2154 2836 clementia

561 2866 670 2905 non
691 2855 916 2922 spernit,
951 2858 1048 2913 sed
1075 2861 1189 2915 ait:
1233 2862 1278 2917 0
1305 2864 1514 2932 mulier,
1545 2884 1737 2939 magna
1766 2882 1838 2926 est
1862 2872 1995 2941 ﬁdes
2025 2884 2153 2941 tua;

559 2939 655 3009 ﬁat
677 2942 795 3010 tibi,
825 2945 957 2999 sicut
978 2949 1053 3002 vis
1079 2948 1296 3022 (Matth.
1324 2969 1414 3020 xv,
1444 2956 1559 3031 es).
1595 2958 1757 3015 Fides
1781 2939 1871 3018 me
1905 2939 2154 3021 hortatur

560 3032 680 3093 hmo
717 3050 969 3107 poscere,
1017 3055 1140 3112 spes
1177 3046 1466 3107 conﬁrmat
1508 3051 1841 3122 impetrare;
1881 3056 2150 3125 charitas,

560 3129 740 3193 credo,
766 3145 966 3202 negare
983 3148 1091 3190 non
1110 3140 1411 3207 praesumit.
1439 3141 1688 3201 Christus
1708 3162 1806 3217 pro
1825 3148 2000 3215 nobis,
2026 3166 2149 3206 cum

1453 356 1515 412 B.
1555 356 1618 413 F.
1655 356 1881 414 ALBINI
1914 356 2049 417 SEU
2083 356 2361 423 ALCUINI
2393 357 2676 425 QPERUM
2716 359 2897 419 PARS
2926 360 2967 417 Ι.

596 461 958 535 resplendeat,
986 464 1200 522 devotio
1227 466 1448 539 fulgeat,
1496 470 1734 525 charitas
1762 471 1998 533 abundet
2037 470 2167 543 [Αι.,
2199 471 2255 533 Α

2775 369 2897 419 ωδ
2926 369 2967 417 ι.
3762 369 3879 439 ιὸο

2775 484 2797 511 ο
2827 471 3161 537 EPISTOLA
3199 474 3363 533 XXV.

2353 621 2424 662 an
2455 622 2804 665 DULCISSIMUI
2836 620 3018 667 FILIUI
3044 624 3305 671 nonnum:
3331 608 3793 686 (numam).

2880 740 3069 813 (Anno
3100 741 3258 815 796.)

2278 871 2617 943 Commendat
2641 875 2725 929 sui
2760 874 3066 949 memoriam
3104 873 3509 949 adparatum
3535 886 3873 949 seniorum.

2345 952 2412 1009 et,
2456 953 2510 996 ut
2550 942 2628 1009 res
2664 942 3027 1005 ecclesiasticw
3057 942 3468 1031 pulchritudinis
3503 948 3603 1009 sibi
3648 942 3870 1021 Efferat;

2346 1022 2541 1067 monet.

2344 1165 2665 1222 Dulcissimo
2692 1167 2803 1223 lilio
2828 1170 2915 1224 vir
2944 1165 3267 1238 ﬂuctivagus
3291 1169 3541 1225 salutem.

2345 1255 2421 1310 Te
2445 1258 2677 1313 abeunte
2706 1259 2907 1314 tentavi
2949 1261 3147 1330 saepius
3186 1261 3255 1316 ad
3289 1272 3506 1333 portum
3547 1263 3872 1321 stabilitatis

2272 1348 2498 1415 venire;
2536 1351 2629 1404 sed
2666 1362 2845 1407 rector
2870 1366 3053 1407 rerum
3092 1362 3147 1407 et
3192 1355 3532 1424 dispensator
3556 1356 3870 1412 animarum

2270 1440 2499 1494 necdum
2529 1444 2794 1497 concessit
2820 1460 2979 1514 posse
3004 1448 3143 1514 quod
3168 1447 3297 1501 olim
3336 1448 3464 1503 fecit
3486 1449 3643 1504 velle.
3668 1450 3869 1505 Adhuc

2269 1547 2338 1586 ex
2362 1534 2543 1588 radice
2571 1538 2750 1591 cordis
2778 1546 3060 1593 nascentes
3095 1541 3483 1609 cogitationum
3518 1544 3866 1601 ramusculos

2268 1630 2465 1680 ventus
2489 1628 2843 1681 tentationum
2875 1627 3139 1700 ﬂagellat,
3180 1640 3241 1686 ut
3266 1634 3652 1689 consolationis
3696 1633 3866 1691 ﬂores

2267 1724 2325 1771 et
2353 1716 2661 1775 refectionis
2687 1718 2896 1776 fructus
2925 1722 3119 1776 nutriri
3146 1725 3503 1793 nequiverint.
3533 1726 3669 1781 Tota
3699 1736 3865 1782 nocte

2267 1806 2577 1867 laborantes
2623 1813 2759 1868 nihil
2807 1815 3049 1884 cepimus
3087 1814 3238 1888 (Luc.
3274 1818 3352 1888 v),
3379 1819 3503 1888 quia
3534 1821 3770 1876 necdum
3808 1822 3863 1876 in

2266 1898 2451 1956 littore
2485 1901 2639 1959 Iesus
2673 1906 2846 1971 stetit,
2868 1906 3186 1977 praecipiens
3232 1908 3293 1962 in
3336 1909 3612 1965 dexteram
3659 1912 3865 1982 navigii

2266 2002 2385 2050 rete
2407 1996 2569 2050 mitti.

2333 2106 2641 2164 Patrocinia
2668 2120 2978 2169 sanctorum
3015 2130 3125 2172 non
3158 2115 3501 2174 obliviscere.
3544 2118 3652 2181 Res
3680 2122 3862 2183 eccle-

2263 2205 2497 2261 siasticae
2519 2208 2935 2277 pulchritudinis
2959 2212 3134 2270 oculis
3159 2223 3507 2275 occurrentes
3542 2216 3653 2273 noli
3676 2200 3861 2293 neglig

2263 2313 2390 2377 gere
2412 2308 2470 2359 ut
2496 2301 2764 2373 acquiras.
2792 2302 2987 2359 Nostra
3014 2306 3290 2363 rusticitas
3317 2324 3481 2371 avara
3514 2318 3599 2369 est
3628 2312 3694 2391 de
3726 2311 3861 2369 tali-

2260 2391 2395 2446 bus:
2427 2401 2607 2449 vestra
2636 2394 2888 2451 nobilitas
2916 2396 3066 2469 larga
3093 2407 3179 2459 est
3227 2401 3293 2461 de
3335 2402 3607 2465 omnibus.
3643 2402 3860 2477 Memor

2261 2489 2378 2538 esto
2406 2484 2602 2553 poetici
2625 2486 2875 2557 prtesagii
2900 2505 2911 2540 :

2439 2637 2497 2687 Si
2517 2636 2640 2687 nihil
2660 2638 2901 2702 attuleris,
2926 2640 3039 2702 ibis,
3062 2640 3299 2702 Homere,
3318 2643 3463 2696 foras.

2257 2756 2372 2814 Hoc
2401 2760 2466 2815 de
2493 2768 2544 2817 te
2572 2770 2770 2834 tuoque
2797 2764 2990 2820 itinere
3018 2766 3399 2838 prophetatum
3434 2784 3573 2837 esse,
3599 2771 3724 2845 quis
3750 2773 3858 2833 dn-

2255 2850 2434 2905 bitat?
2464 2851 2520 2907 Si
2544 2853 2817 2910 Christum
2848 2855 3071 2927 Sibylla,
3102 2856 3328 2930 ejusque
3355 2860 3568 2918 labores
3594 2865 3859 2937 praedixit

2256 2952 2577 3012 venturum,
2620 2963 2717 3002 cur
2753 2964 2861 3003 non
2888 2948 3029 3004 Naso
3074 2951 3369 3011 Homerum
3395 2952 3620 3025 ejusque
3647 2956 3859 3027 itinera

2253 3035 2604 3103 prtececinit?
2653 3036 2938 3093 Paululum
2994 3049 3216 3113 propter
3274 3042 3626 3107 refectionem
3675 3050 3855 3109 animi

2253 3126 2525 3182 rhetorica
2550 3127 2651 3183 lusi
2678 3127 2971 3198 lepiditate.
3522 3156 3525 3159 ·

559 3216 766 3276 inimici
791 3199 1053 3293 essemus,
1077 3199 1217 3285 mori
1248 3246 1357 3288 non
1392 3235 1659 3292 dubitavit
1685 3199 1941 3310 :rquanto
1975 3199 2149 3316 magis
2172 3199 2225 3265 θ
2325 3235 2434 3315 32
2464 3235 2571 3293 Sed
2599 3244 2657 3294 ut
2683 3233 2883 3297 ite'rum
2917 3242 2987 3309 ad
3010 3243 3209 3301 seriem
3236 3260 3434 3316 rugosa
3455 3244 3632 3308 trante
3659 3263 3854 3305 revera

561 3316 632 3374 te,
666 3310 828 3368 Pater
854 3325 1071 3384 sancte,
1102 3334 1203 3389 pro
1232 3322 1423 3379 amicis
1460 3342 1618 3383 orare
1648 3330 1785 3385 velle
1820 3310 2147 3393 credendum

556 3402 687 3456 est?
725 3402 839 3461 Sub
866 3413 919 3461 te
943 3417 1164 3478 pastore
1199 3425 1462 3485 augeatur
1487 3436 1617 3491 grex
1657 3422 1879 3481 Christi.
1914 3426 1993 3481 Tu
2020 3444 2147 3484 con-

557 3492 761 3549 solator
804 3499 1176 3567 mmrentium,
1230 3505 1445 3576 adjutor
1484 3508 1877 3583 laborantium,
1926 3532 2049 3590 spes
2078 3521 2147 3575 ad

557 3591 613 3639 te
637 3584 1007 3655 clamantium,
1040 3588 1132 3648 lux
1154 3595 1309 3664 vitae,
1349 3599 1628 3672 religionis
1669 3607 1850 3663 decus.
1878 3584 2052 3666 Locus
2090 3612 2146 3666 in

556 3692 665 3748 quo
690 3688 822 3747 stas,
854 3683 1102 3741 omnibus
1138 3694 1193 3742 te
1233 3690 1605 3750 bonorabilem
1651 3695 1811 3764 facit,
1854 3709 1907 3755 et
1934 3718 2145 3759 morum

555 3769 813 3828 nobilitas
855 3773 1180 3833 laudabilem
1223 3790 1277 3836 et
1319 3784 1539 3853 pietatis
1584 3789 1796 3845 devotio
1835 3794 2141 3851 amabilem.

558 3857 627 3913 Et
653 3861 746 3930 qui
767 3863 949 3919 sedem
974 3878 1282 3925 sanctorum
1311 3880 1462 3930 tenes
1484 3875 1727 3944 Patrum,
1754 3896 1939 3939 eorum
1964 3900 2144 3940 exem-

553 3949 665 4021 plis
698 3953 963 4012 inhaereas
987 3973 1216 4032 semper,
1250 3972 1310 4018 ut
1342 3980 1465 4021 cum
1492 3967 1597 4024 illis
1623 3972 1904 4045 multiplici
1943 3975 2143 4032 laboris

558 4046 805 4101 mercede
830 4049 886 4102 in
915 4049 1125 4106 Domini
1168 4054 1263 4109 Dei
1296 4057 1369 4110 tui
1396 4060 1589 4130 gaudia
1618 4062 1821 4119 intrare
1862 4068 2137 4125 merearis.

553 4132 661 4189 Iste
686 4135 832 4192 illius
853 4153 1005 4195 meus
1028 4143 1379 4202 charissimus
1403 4136 1431 4187 Β
1446 4148 1793 4221 Angilbertus
1808 4155 1939 4230 [Al.,
1958 4159 2142 4232 Engil—

551 4222 765 4299 hortus]
794 4230 943 4285 vobis
968 4233 1272 4300 patefacere
1300 4238 1442 4293 valet
1476 4252 1674 4299 nostrae
1704 4222 1986 4317 parvitatis
2010 4222 2139 4324 erga

555 4319 907 4387 apostolicam
944 4324 1123 4378 sedem
1161 4327 1517 4399 devotionem,
1566 4337 1729 4391 etiam
1767 4350 1820 4393 et
1848 4319 2141 4402 voluntatis

554 4417 758 4465 nostrae
782 4414 1117 4484 petitionem,
1138 4436 1296 4489 quem
1324 4433 1517 4481 vestrm
1537 4428 1725 4498 pietati
1750 4432 1903 4490 valde
1925 4435 2135 4495 ﬁdelem

554 4511 675 4555 esse
719 4504 949 4572 agnovi:
990 4516 1044 4561 et
1078 4510 1198 4566 ideo
1231 4524 1428 4571 nostrae
1460 4522 1795 4579 necessitatis
1831 4540 2023 4583 causas
2058 4530 2136 4584 illi

554 4590 905 4676 iniunximus,
930 4609 988 4655 ut
1017 4618 1118 4673 per
1141 4620 1203 4661 os
1223 4607 1366 4664 illius
1389 4611 1607 4681 pietatis
1632 4624 1825 4673 vestrae
1847 4634 2006 4685 aures
2028 4624 2139 4680 mei

552 4686 735 4744 cordis
759 4691 985 4749 audiant
1006 4696 1429 4759 obsecrationes.

477 5094 494 5113 .
552 5036 983 5133 Mlgoscgtelgn
1014 5063 1111 5130 pro
1138 5048 1253 5133 [ilict
1293 5053 1522 5133 viduam.
1555 5076 1575 5109 ‹
1597 5058 1687 5133 _lta
1718 5074 1785 5117 ex
1819 5062 2132 5133 conjectura

550 5111 780 5204 corrigo,
914 5111 1181 5185 Canisius,
1214 5121 1341 5204 licet
1370 5126 1558 5204 malim
1595 5111 2130 5204 igeééiﬁéis‘éééfe'm"

548 5190 654 5266 pro
677 5179 790 5266 [illia
808 5179 1194 5266 ﬁrmauerant.
1222 5191 1352 5266 Quae
1376 5212 1444 5251 an
1470 5179 1829 5266 viaui'iliéiti,
1839 5179 2133 5264 "6632351

550 5252 677 5344 sttit.
693 5248 1040 5344 ACodeéxA‘rgns.‘
1060 5259 1132 5314 ita
1157 5248 1321 5344 habet
1371 5248 1660 5344 pb'scgﬁiein

552 5314 655 5410 Ubki
689 5314 1727 5410 duodistincta-miruculareonjunger'e
1751 5314 1978 5400 vi'tlctur.
2014 5369 2032 5401 ι

594 5388 653 5477 .3!
673 5392 1038 5477 Δᾼηξὶιὸειιιιω.
1072 5399 1195 5455 Hrec
1211 5406 1381 5477 tertia
2013 5388 2131 5476 erat

550 5455 902 5555 iegatioiLe‘o
930 5481 1065 5551 papa
1099 5455 1351 5555 statim—ti
1395 5493 1493 5555 sua
1511 5455 2131 5555 C)eleetione"Carolo:lii;

550 5540 687 5613 eum.
702 5533 803 5587 sibi
839 5533 1153 5617 derigi-circi.
1202 5557 1296 5609 per
1324 5562 1450 5617 suos
1478 5533 1899 5617 legatos

550 5601 722 5687 {Signis
754 5607 926 5687 sancti
959 5607 1104 5687 Petri
1139 5601 1481 5687 tte-vexillum
1524 5601 1780 5677 iiotnanae
1820 5601 2127 5687 urbis

550 5667 671 5762 aliis
695 5678 1006 5762 tenneribus
1032 5667 1215 5747 misit;
1255 5667 1564 5762 rogavitque
1590 5699 1649 5744 ut
1673 5693 1905 5762 aliquem
1930 5667 1994 5752 eo};

549 5745 915 5833 optimatibus
941 5748 1170 5833 Romam
1203 5745 1453 5833 mitteret
1469 5745 1494 5823 ,’
1531 5763 1621 5828 qui
1666 5745 2126 5833 patiniithiiiii

550 5825 687 5868 nova
714 5814 837 5871 fidei
865 5824 922 5872 et
948 5816 1297 5889 subiectionis
1315 5814 1655 5889 sacramenta
1666 5814 2124 5899 ieiéiiiéréii'iiié'I

2252 3336 2358 3399 tar,
2387 3338 2441 3386 te
2460 3345 2589 3387 vero
2613 3332 2925 3391 unanimem
2951 3334 3250 3407 deposcens
3274 3341 3537 3406 amicum,
3573 3350 3628 3397 te
3663 3351 3854 3403 custoo

2254 3421 2375 3479 dem
2403 3423 2569 3479 animi
2590 3424 2902 3495 obsecrans,
2926 3436 2987 3489 ut
3011 3430 3299 3487 consilium
3318 3433 3508 3490 salutis
3534 3435 3851 3494 animarum

2252 3524 2584 3583 nostrarum,
2615 3534 2739 3573 eum
2769 3519 3040 3591 suffragiis
3065 3533 3377 3583 sanctorum
3413 3526 3787 3596 apostolorum
3812 3543 3849 3584 ι

2251 3605 2362 3662 Deo
2409 3607 2733 3678 depreceris.
2766 3609 2904 3666 Nam
2954 3628 3053 3673 nos
3104 3616 3293 3673 ambos
3316 3657 3337 3680 ,
3376 3623 3438 3671 ut
3467 3631 3844 3689 recognosco,

2250 3701 2497 3774 quaedam
2544 3705 2885 3763 necessitatis
2931 3714 3121 3764 catena
3167 3710 3527 3782 constringit,
3565 3719 3621 3767 et
3671 3712 3852 3772 libero

2250 3808 2411 3857 cursu
2440 3795 2733 3855 voluntatis
2779 3806 2958 3855 castra
2994 3800 3198 3855 intrare
3239 3818 3347 3857 non
3392 3803 3701 3873 permittit:
3740 3819 3849 3861 nec

2248 3894 2362 3953 eSt.
2395 3887 2488 3956 qui
2518 3891 2803 3958 compedes
2843 3906 3093 3961 rumpere
3130 3894 3333 3960 valeat,
3366 3895 3470 3950 nisi
3500 3897 3597 3966 qui
3641 3895 3849 3952 inferri

2246 3975 2424 4039 ferrea
2448 3980 2687 4038 claustra
2708 3982 2985 4048 contrivit,
3008 3985 3102 4053 qui
3127 3991 3210 4039 est
3234 3986 3321 4040 via
3347 3995 3403 4041 et
3426 3988 3627 4042 veritas
3650 3996 3705 4041 et
3726 3988 3849 4043 vita

2247 4069 2431 4139 (Joan.
2450 4086 2568 4136 xxv,
2590 4070 2669 4143 6).
2698 4073 2797 4129 Via
2824 4074 3175 4143 pergentibus
3202 4092 3296 4146 per
3324 4076 3493 4143 ilhrm,
3518 4079 3723 4133 veritas
3746 4093 3846 4133 ve~

2244 4159 2521 4217 nientibus
2544 4161 2612 4216 ad
2643 4162 2814 4229 illum,
2843 4164 2957 4221 vita
2976 4166 3319 4223 manentibus
3354 4169 3409 4222 in
3433 4168 3548 4223 illo.
3575 4167 3717 4235 Quid
3741 4169 3847 4224 ba-

2241 4251 2353 4309 beo
2365 4252 2486 4322 plus
2507 4254 2767 4321 scribere,
2791 4256 2915 4325 quia
2936 4256 3119 4313 omnia
3137 4260 3445 4313 necessaria
3468 4260 3650 4315 nosti?
3671 4257 3847 4317 Juxta.

2244 4348 2703 4417 opportunitatem
2724 4350 2993 4419 portantis
3016 4365 3232 4421 semper
3252 4352 3422 4423 dirige
3446 4352 3578 4407 mihi
3601 4353 3834 4417 litteras.

2243 4442 2305 4495 ιιι
2336 4437 2505 4493 sciam
2532 4438 2596 4493 de
2629 4439 2984 4507 prosperitate
3006 4448 3101 4496 tua
3127 4448 3183 4496 et
3208 4441 3405 4498 itinere
3425 4450 3527 4499 tuo
3540 4442 3588 4509 ἀ,
3616 4444 3838 4513 quando

2161 4566 2219 4628 υ
2245 4526 2331 4585 vel
2357 4543 2463 4596 quo
2492 4529 2677 4583 venias
2703 4529 2995 4587 miserante
3024 4531 3156 4589 Deo.

2238 4658 2505 4732 Prospera
2527 4669 2740 4728 cuncta,
2756 4678 2969 4733 precor,
2987 4664 3154 4722 faciat
3170 4667 3269 4723 tibi
3285 4667 3550 4735 Christus,
3574 4668 3829 4727 Homere!

2309 4752 2412 4820 Qui
2438 4761 2494 4810 te
2529 4765 2813 4813 conservet
2836 4772 3068 4829 semper,
3092 4760 3292 4833 ubique
3321 4761 3471 4817 vale!

2237 5086 2942 5161 sus_e§theo_.5ngilbertus,
2982 5101 3090 5150 etc.
3111 5133 3129 5161 ,
3160 5095 3416 5151 nimirum
3436 5097 3581 5153 circa
3614 5098 3829 5157 initium

2236 5156 2361 5210 anni
2392 5156 2512 5212 796-
2553 5156 2851 5235 ΜᾼΒὶίεῳκ.
2880 5156 2949 5205 -ὲ
2983 5156 3387 5235 νωζψωιυιω
3417 5168 3599 5224 Caroli
3632 5172 3699 5224 ad
3724 5156 3831 5226 llo-

2235 5228 2998 5310 merum,seu-angilbertum,
3049 5245 3105 5292 et
3151 5228 3220 5295 ad
3250 5238 3485 5297 Leonem
3528 5256 3726 5310 papam
3770 5243 3827 5298 in

2234 5297 2614 5375 tomo_3_(_CVlll
2646 5297 2988 5375 Patrologiae.

2308 5378 2330 5407 ο
2363 5367 2517 5447 Edit._
2535 5369 2784 5447 Quercet.
2923 5376 3153 5433 Froben.
3187 5379 3275 5442 2!,
3303 5378 3483 5435 Canis.
3510 5380 3600 5447 46,
3628 5383 3827 5440 collata

2234 5451 2356 5491 cum
2381 5441 2538 5495 codd.
2573 5457 2703 5497 mss.
2736 5442 2933 5503 Salisb.
2965 5456 3020 5503 et
3053 5451 3223 5505 sancti
3255 5441 3600 5506 Emmeramil

2304 5506 2328 5546 ἀ
2362 5507 2554 5589 itinere
2579 5514 2975 5589 u_to,_uRomano
3015 5519 3235 5574 scilicet.
3274 5521 3655 5589 Angilbertus,
3695 5525 3823 5579 dum

2230 5576 2490 5634 Alcuinus
2514 5582 3034 5664 ἰη’ίὲἓῌίξὶηὶλτςιιίὶιἱ
3050 5600 3139 5664 ter
3163 5576 3391 5645 Ruinam]
3418 5576 3822 5664 prefeettusvest,

2233 5663 2425 5730 nempe
2464 5652 2766 5736 διπλὼ-794,
2799 5654 2900 5735 796
2922 5668 2976 5711 et
3008 5658 3131 5718 800.
3159 5671 3222 5736 ut_
3243 5652 3688 5736 suprafdiximus,
3714 5652 3824 5736 quo

2231 5733 2299 5797 ρει
2321 5719 2410 5797 _ii__s_
2429 5736 2569 5797 anno
2602 5724 2733 5797 data
2774 5725 2844 5778 sit
2872 5740 3114 5794 praesens
3139 5719 3364 5797 epistola
3411 5719 3688 5793 incertum,
3714 5719 3819 5793 est:

2233 5786 2573 5847 Mabillonius
2598 5792 2742 5848 illam
2769 5786 3016 5855 recenset
3044 5786 3188 5855 anno“
3211 5802 3332 5858 796.
