4074 6446
583 359 687 416 185

1420 359 1480 416 Β.
1521 359 1584 417 F.
1623 353 1850 416 ALBINI
1886 359 2017 418 SEU
2056 360 2336 422 ALCUINI
2372 365 2658 425 OPERUM
2689 368 2868 426 PARS
2906 369 2951 427 I.

3703 377 3855 440 ’184

577 473 891 531 Priscianus
919 472 1054 530 vult.
1084 472 1194 531 Sed
1219 472 1362 529 inter
1382 476 1446 530 de
1469 483 1526 530 et
1549 476 1631 530 dis
1661 483 1872 531 tantum
1906 484 2155 533 versatur

2261 478 2310 545 ἒξ
2356 477 2574 555 οὐρανοῦ
2624 484 2867 556 ἕπέϐλεψι
2920 485 3099 562 κύριος
3149 487 3484 562 [ἕτὲὲλιϐψεν,
3539 489 3566 549 ὅ
3621 495 3846 572 nuptae].

578 562 876 632 inquisitio.
922 561 1384 620 Considerandum
1429 579 1548 619 esse
1586 564 1819 632 videtur,
1853 582 1960 636 quo
2001 568 2160 623 modo

578 656 772 712 habeat
796 657 852 711 in
873 655 1082 732 Gramo.
1109 673 1229 727 qua:
1251 658 1323 713 ibi
1349 658 1661 727 prmpositio
1691 660 2014 728 inveniatur,
2048 663 2162 717 sive

574 762 695 817 qua:
728 748 810 802 dis
839 748 1126 820 signiﬁcet,
1154 749 1267 804 sive
1293 764 1411 818 qua:
1437 749 1501 803 de
1527 750 1816 820 signiﬁcet.
1850 753 1991 808 DICII.
2013 753 2160 808 enim

573 839 884 896 Priscianus
929 841 994 895 de
1022 840 1220 895 habere
1260 840 1444 909 plures
1491 841 1914 912 signiﬁcationes
1951 853 2008 902 et
2049 860 2159 900 non

573 946 672 1000 pro
715 946 822 985 una
851 929 1451 1006 Grreca‘przepositione
1488 933 1634 1000 poni,
1683 933 1777 988 sed
1819 949 1919 1003 pro
1961 935 2153 1001 tribus,

578 1023 663 1078 vel
691 1022 874 1083 forsan
917 1023 1181 1093 pluribus,
1231 1023 1306 1077 ita
1349 1025 1570 1079 dicens:
1611 1044 1629 1076 ι
1658 1026 1722 1080 de
1749 1041 1859 1081 non
1890 1027 2066 1083 solum
2101 1029 2160 1084 τὸ

574 1118 678 1173 ἀπὸ
719 1113 1011 1186 signiﬁcat,
1062 1114 1157 1169 sed
1194 1115 1356 1168 etiam
1383 1119 1441 1172 τὸ
1472 1118 1554 1170 ἐπὶ
1589 1119 2020 1182 memorativum,
2053 1129 2112 1174 ut
2143 1137 2156 1174 :

572 1207 637 1260 de
664 1207 907 1276 partibus
930 1205 1212 1260 orationis.
1244 1205 1521 1277 Accipitur
1541 1208 1704 1262 etiam
1727 1223 1824 1278 pro
1852 1212 1978 1266 κατὰ
2000 1209 2160 1264 locali

573 1296 628 1350 in
657 1296 1065 1365 compositione,
1095 1303 1155 1349 ut
1184 1313 1196 1350 :
1228 1297 1447 1362 deduco,
1478 1298 1762 1365 descendo,
1795 1299 2038 1366 detraho,
2071 1301 2160 1355 de-

570 1385 713 1454 iicio,
754 1387 1010 1457 despicio,
1057 1387 1293 1443 derideo.
1333 1387 1429 1442 Est
1476 1389 1640 1444 etiam
1680 1390 2020 1457 intentivum,
2059 1399 2155 1446 ut:

569 1478 943 1548 deprehendo,
1005 1477 1169 1545 dedo,
1222 1480 1482 1551 depravo,
1539 1481 1778 1552 deprimo
1801 1525 1816 1551 ,
1873 1484 2156 1552 deminuo,

569 1571 768 1639 deisco,
801 1572 1073 1638 deterreo,
1101 1572 1295 1644 deligo,
1337 1575 1584 1630 decurro.
1613 1576 1709 1631 Est
1736 1577 1900 1632 etiam
1936 1579 2161 1647 privati-

567 1677 714 1728 vum,
746 1670 806 1716 ut
833 1680 845 1715 :
877 1662 1211 1732 desperatur,
1241 1663 1482 1731 demens,
1516 1665 1723 1732 desum,
1749 1666 1972 1736 dejcrat.
2005 1687 2023 1721 ι
2054 1669 2161 1725 Νο-

487 1766 491 1770 '
567 1761 641 1818 ta,
687 1753 830 1822 quod
871 1753 1108 1824 despicio
1139 1754 1294 1822 dixit,
1321 1757 1465 1812 unde
1507 1759 1613 1813 erit
1651 1759 1980 1830 despexeris.
2021 1761 2158 1817 Nam

2264 573 2314 636 ἐξ
2355 612 2369 626 .
2413 611 2428 626 .
2476 612 2490 627 .
2533 613 2548 626 .
2590 614 2604 628 .
2645 577 2810 631 etiam
2840 592 2939 648 pro
2968 578 3033 634 de
3059 581 3314 651 positum.
3347 583 3501 650 Item,
3525 586 3619 641 ubi
3644 603 3746 644 nos
3769 590 3853 646 di-

2263 664 2435 755 cimus
2461 684 2474 718 :
2506 667 2630 722 Non
2655 669 2829 739 deﬁcit
2858 671 2923 726 de
2944 672 3134 744 plateis
3164 677 3278 746 ejus
3307 678 3480 749 (Psal.
3511 697 3620 748 LIV,
3652 683 3854 755 12),,in

2261 753 2450 812 Graeco
2478 757 2674 827 legitur
2699 779 2711 813 :
2751 763 2853 818 Οὐκ
2893 765 3112 828 ἐξέλιπεν
3145 769 3196 822 ἐκ
3223 777 3322 823 τῶν
3367 776 3615 828 πλατειῶν
3829 794 3851 846 ς

2261 850 2317 942 ἐκ
2340 888 2373 942 Δ.
2417 889 2430 942 .
2476 889 2491 903 .
2529 866 2629 920 pro
2661 853 2726 907 de
2752 855 3009 923 positum.
3034 856 3102 911 Di
3125 860 3341 928 quidem
3363 869 3419 918 et
3441 863 3523 918 dis
3551 869 3854 942 secundum

2263 936 2600 996 Priscianum
2627 946 2872 1001 eamdem
2904 947 3354 1019 signiﬁcationem
3385 955 3587 1012 habent
3612 936 3677 1014 ac
3703 961 3769 1014 ab
3798 970 3855 1018 et

2261 1031 2372 1086 abs.
2400 1031 2538 1088 Sunt
2557 1045 2738 1091 autem
2762 1041 3096 1108 separativaz,
3117 1051 3177 1098 ut
3195 1063 3206 1097 :
3225 1044 3426 1113 divido,
3449 1048 3626 1116 diruo,
3654 1052 3855 1108 distra-

2262 1122 2351 1218 ho,
2399 1126 2646 1218 discurro
2673 1144 2688 1182 :
2721 1132 2862 1199 quod
2892 1133 3032 1202 apud
3062 1132 3282 1192 Graecos
3307 1136 3391 1194 διὰ
3434 1142 3748 1218 ρι’ἒροείιίο
3773 1143 3855 1199 fa-

2261 1216 2336 1270 cit
2353 1229 2401 1271 α.
2417 1217 2553 1272 Nam
2580 1221 2672 1276 ubi
2699 1237 2799 1278 nos
2826 1223 3085 1280 dicimus:
3107 1216 3516 1301 Disrumpamus-
3531 1233 3743 1288 vincula
3766 1251 3855 1290 eo-

2262 1325 2378 1400 rum
2402 1309 2573 1381 (Psal.
2608 1331 2668 1377 ll,
2697 1315 2774 1388 5),
2803 1315 2966 1372 habet
3010 1317 3065 1372 in
3101 1317 3292 1376 Graec
3327 1339 3340 1375 ε
3365 1325 3699 1400 Διαρρἠοψ
3728 1332 3854 1392 τοὺς

2260 1399 2481 1475 δεσμοὺς
2527 1405 2686 1462 αὐτοῦ
2749 1406 2959 1481 [αὐτῶν]
3005 1449 3017 1463 .
3060 1450 3073 1463 .
3120 1451 3134 1464 .
3175 1411 3308 1468 Item
3357 1399 3501 1484 quod
3543 1432 3644 1472 nos
3685 1418 3856 1474 babe-

2261 1505 2380 1546 mus
2408 1511 2420 1546 :
2450 1493 2692 1562 Domine,
2716 1513 2748 1550 a
2773 1499 2954 1567 paucis
2975 1499 3040 1553 de
3067 1510 3206 1554 terra
3231 1501 3402 1557 divide
3417 1521 3504 1558 eos
3532 1505 3707 1575 (Psal.
3735 1524 3851 1576 xvr,

2263 1581 2373 1654 14),
2405 1583 2460 1638 in
2504 1584 2692 1642 Graeco
2726 1587 2926 1658 legitur
2973 1608 2985 1643 :
3021 1594 3186 1668 κύριε,
3229 1593 3332 1649 διπὸ
3380 1595 3556 1668 ὀλίγων
3600 1599 3706 1655 ἀπὸ
3758 1607 3856 1671 “fit:

2263 1675 2520 1749 [ἀπολύων
2551 1683 2652 1737 ἀπὸ
2679 1680 2796 1754 γῆς]
2821 1681 3341 1761 διαμέρισονσαῦτούς.

2333 1769 2428 1824 His
2454 1771 2620 1825 etiam
2659 1772 3035 1839 consideratis,
3063 1775 3240 1832 videte
3259 1777 3345 1832 vel
3371 1793 3439 1834 ex
3482 1781 3857 1840 antecedentis

567 1845 728 1913 spicio
763 1844 962 1898 multas
997 1844 1051 1898 in
1087 1846 1475 1915 compositione
1518 1850 1708 1920 recipit
1751 1853 2158 1922 praepositiones
2189 1849 2236 1910 Β
2262 1861 2459 1935 linguae
2495 1865 2706 1931 notitia,
2759 1866 2844 1920 vel
2874 1878 3198 1925 constructa:
3233 1873 3496 1929 orationis
3542 1876 3705 1942 serie,
3733 1892 3856 1948 quae

569 1945 620 1991 et
654 1936 854 1991 nullam
886 1937 941 1991 in
971 1938 1325 2008 appositione,
1358 1940 1485 2010 quia
1512 1943 1674 2012 spicio
1701 1943 1756 1998 in
1787 1961 1886 2000 usu
1916 1962 2021 2001 non
2050 1956 2153 2013 est,

568 2031 843 2085 Invenitur
864 2031 1008 2086 enim
1041 2049 1055 2086 :
1085 2033 1302 2102 aspicio,
1343 2034 1585 2104 respicio,
1629 2037 1877 2106 suspicio,
1906 2031 2155 2109 despicié,

569 2124 1151 2194 conspicio,prospicio.
1182 2124 1555 2198 Etutrumque
1583 2128 1856 2185 invenitur
1883 2149 1895 2185 :
1926 2131 2156 2204 despicio

566 2226 621 2271 et
659 2217 899 2287 dispicio.
943 2217 1067 2272 Ideo
1102 2220 1352 2288 superius
1394 2220 1504 2275 dixi
1540 2222 1992 2279 considerandum
2037 2241 2159 2282 esse

568 2323 687 2377 qua:
720 2309 1029 2379 praepositio
1057 2310 1110 2364 in
1140 2309 1327 2365 Graeco
1353 2321 1496 2367 esset
1523 2314 1730 2382 posita;
1760 2323 1814 2370 et
1841 2315 1964 2371 inde
1993 2332 2158 2388 agno-

566 2402 643 2457 sci
673 2419 792 2471 qua:
817 2403 873 2456 in
897 2403 1089 2458 Latino
1123 2404 1286 2458 scribi
1323 2404 1545 2469 debeat;
1575 2407 1700 2474 quia
1733 2407 1854 2462 talis
1894 2407 2158 2464 dubitatio

565 2511 632 2548 cx
663 2495 1034 2550 antecedentis
1065 2495 1260 2567 lingua:
1304 2498 1737 2553 consideratione
1772 2499 1908 2554 solvi
1937 2501 2154 2569 poterit.

566 2585 740 2640 liabet
766 2585 910 2641 enim
932 2586 988 2641 in
1009 2585 1198 2643 Grieco
1220 2587 1309 2643 ille
1330 2604 1519 2644 versus
1545 2607 1558 2642 :
1585 2588 1822 2655 Exaudi,
1854 2591 2012 2656 Deus,
2037 2608 2159 2646 ora-

565 2679 757 2732 lionem
797 2695 967 2732 meam
1000 2687 1049 2733 et
1080 2696 1142 2733 ne
1172 2679 1470 2750 despexeris
1513 2680 1924 2751 deprecationem
1966 2699 2155 2748 meam,

563 2768 847 2836 Ἐνὼτισαι,
874 2769 898 2825 ὁ
921 2772 1064 2835 Θεὸς,
1094 2777 1186 2831 τήν
1221 2775 1530 2847 προσευχήν
1553 2793 1673 2843 μου,
1699 2775 1782 2840 irai
1811 2779 1880 2846 μή
1911 2773 2158 2847 {turpidine

563 2871 652 2924 τήν
681 2865 854 2924 δέησίν
886 2887 982 2936 μου
1015 2864 1188 2934 (Psal.
1213 2883 1321 2932 LIV,
1348 2865 1426 2937 ‘2).

634 2955 766 3010 Item
808 2956 862 3010 in
907 2955 1121 3013 Psalmo
1149 2973 1240 3011 xxx
1275 2958 1362 3014 ille
1389 2959 1718 3015 versus:De
1759 2970 1931 3016 ventre
1971 2962 2156 3016 matris

563 3063 693 3101 mea:
725 3046 868 3101 Deus
900 3064 1043 3102 meus
1069 3064 1121 3102 es
1146 3059 1224 3114 tu,
1256 3048 1417 3103 habet
1443 3049 1500 3102 in
1531 3048 1718 3104 Graeco
1742 3065 1756 3103 :
1784 3050 1904 3107 ’Δπὸ
1931 3051 2158 3126 γαστρὸς

565 3135 669 3209 [Ἐκ
691 3135 896 3210 κοιλίας]
918 3139 1109 3214 μητρός
1138 3161 1233 3210 μου
1263 3139 1384 3201 Θεὸς
1420 3162 1519 3211 μου
1553 3137 1600 3195 εἶ
1630 3164 1722 3210 σι).⁴
1749 3141 1851 3196 UIJI
1889 3157 1988 3197 nos
2018 3142 2153 3197 dici-

563 3245 684 3284 mus
709 3229 794 3295 de,
826 3230 901 3284 ibi
928 3227 1032 3287 ἀπό
1059 3231 1276 3302 legitur.
1304 3231 1437 3286 Item
1468 3233 1560 3287 ubi
1588 3250 1687 3289 nos
1717 3232 2015 3290 habemus:
2046 3234 2150 3289 De-
2179 3215 2226 3280 ο

561 3322 761 3376 scendit
781 3323 915 3402 sicut
940 3321 1113 3391 pluvia
1136 3322 1192 3375 in
1219 3321 1378 3377 vellus
1403 3322 1575 3395 (Psal.
1601 3342 1746 3389 LXII,
1783 3326 1858 3398 6),
1890 3327 1944 3381 in
1965 3325 2154 3384 Graeco

564 3413 837 3471 habetur:
869 3415 1225 3474 καταϐήσεται
1254 3417 1323 3478 ὡς
1344 3417 1494 3478 ὑετὸς
1532 3418 1618 3474 ἐπὶ
1656 3418 1812 3473 πόκον
1851 3459 1865 3472 .
1908 3457 1922 3472 .
1963 3458 1978 3472 .
2013 3419 2154 3475 sicut

565 3507 814 3577 superius
849 3510 969 3581 περὶ
1007 3507 1062 3560 in
1092 3520 1158 3561 eo
1186 3521 1365 3572 versu,
1402 3507 1545 3563 unde
1574 3509 1690 3564 haec
1719 3508 1995 3578 inquisitio
2032 3518 2154 3565 orta

2261 1955 2435 2026 magis
2469 1955 2525 2010 in
2551 1970 2617 2011 eo
2649 1973 2809 2013 versu
2838 1960 3147 2029 praepositio
3169 1963 3296 2033 poni
3321 1965 3535 2020 debeat.
3566 1964 3703 2020 Nam
3738 1967 3857 2023 haec

2261 2047 2367 2104 duo
2395 2047 2629 2103 maxime
2652 2050 3044 2107 dubitationem
3080 2053 3288 2110 solvere
3328 2055 3522 2123 solent,
3550 2066 3606 2112 et
3634 2059 3702 2114 ad
3734 2074 3859 2116 cer-

2261 2145 2375 2193 tum
2428 2138 2686 2195 lectorem
2738 2143 3038 2211 perducere
3083 2160 3322 2213 sensum,
3376 2156 3431 2203 et
3486 2151 3858 2208 contentiosas

2261 2230 2710 2287 scholasticorum
2750 2234 3043 2292 terminare
3072 2239 3418 2306 quaestiones.
3462 2240 3589 2297 Ideo
3623 2243 3689 2297 de
3724 2242 3856 2298 rubo

2259 2327 2417 2394 posui
2440 2334 2683 2382 veterum
2711 2331 3012 2387 sententias
3053 2340 3358 2400 auctorum,
3389 2342 3446 2389 et
3485 2335 3542 2389 in
3588 2334 3855 2406 praeposi-

2261 2417 2498 2474 tionibus
2523 2417 2724 2476 Graecae
2749 2420 2856 2492 35
2887 2421 3085 2494 linguae
3127 2425 3524 2490 auctoritatem,
3575 2441 3646 2482 ne
3674 2441 3856 2483 meam

2260 2510 2382 2578 quis
2411 2510 2699 2566 calumniis
2734 2521 2949 2570 notaret
2977 2517 3320 2594 sententiam,
3361 2524 3415 2573 et
3458 2524 3857 2590 praesumptuo-

2260 2619 2376 2660 sam
2427 2606 2867 2676 reprehenderet,
2919 2609 2964 2665 si
3011 2610 3176 2666 nullis
3223 2612 3527 2682 priscorum
3573 2611 3856 2668 fulciretur

2259 2698 2542 2754 doctorum
2593 2702 2852 2770 exemplis
2896 2719 2910 2756 :
2939 2703 3064 2773 quia
3107 2704 3381 2760 multoties
3415 2704 3472 2759 in
3498 2704 3590 2759 vili
3618 2719 3855 2774 persona

2257 2790 2461 2847 veritas
2491 2791 2802 2862 despicitur,
2839 2809 2964 2850 cum
2997 2793 3203 2867 [Forte,
3266 2794 3376 2870 cui]
3429 2797 3565 2852 nihil
3604 2799 3854 2869 praeferri

2257 2882 2462 2950 debuit,
2515 2884 2561 2940 si
2593 2893 2802 2940 tantum
2840 2887 2896 2941 in
2922 2888 3310 2957 questionibus
3339 2889 3484 2946 illius
3509 2899 3856 2961 exspectaret

2252 2971 2516 3053 judicium
2544 2984 2600 3032 et
2621 2991 2730 3033 non
2752 2978 2985 3049 propriae
3007 2980 3289 3036 sententiae
3317 2980 3695 3038 defenderetur
3714 2997 3854 3052 prae-

2260 3065 2516 3134 sumptio.

2749 3158 3087 3218 EPISTOLA
3117 3162 3350 3220 XXVIII.

2746 3268 2816 3306 AD
2850 3268 3103 3309 HOIERUM
3137 3272 3344 3311 FILIUI.

2324 3335 2685 3397 Dilectissimo
2712 3340 2824 3398 ﬁlio
2856 3343 2884 3384 ι)
2913 3345 3146 3402 Homero
3184 3346 3412 3403 Albinus
3448 3348 3855 3406 matricularius

2255 3429 2503 3487 salutem.

2321 3523 2432 3583 Per
2470 3527 2567 3582 Dei
2607 3529 2838 3599 gratiam
2880 3530 3155 3602 aliquanto
3191 3532 3384 3589 melius
3427 3534 3730 3602 habemus;
3769 3543 3854 3592 ta-

561 3597 833 3695 OSI-Iiam
858 3606 914 3695 εξ
943 3599 1134 3653 beatus
1160 3597 1520 3695 Ηίειρηιωιιξ
1542 3599 1597 3695 in
1621 3598 1875 3655 Τι’δοῑθῑυ
1899 3600 2151 3671 ΕΡίεῑοίίθ
2252 3636 2376 3677 men
2418 3597 2652 3678 febrium
2696 3597 2985 3693 castigatio
3014 3625 3343 3695 quotidianis
3381 3626 3571 3682 diebus
3602 3597 3852 3685 nos-non

563 3689 632 3791 a_d
671 3688 854 3791 Tilll‘ﬂ}
898 3689 998 3791 ha?
1043 3689 1468 3759 Ρΐεεροείιίοηθεν
1506 3690 1563 3791 ίίξ
1589 3698 1692 3757 θεῖν
1740 3695 1862 3791 ’ξιξλ
1901 3701 1956 3791 (ξ
1998 3697 2149 3791 ’ξοξτάν
2253 3715 2531 3786 relinquit.
2571 3716 2767 3771 Beatus
2791 3688 2883 3785 qui
2918 3717 2972 3770 in
3007 3688 3111 3773 hoc
3151 3718 3347 3775 saeculo
3383 3719 3595 3777 labores
3630 3721 3848 3791 recipit,

562 3781 686 3878 sine
716 3780 879 3836 dubio
919 3781 986 3836 ad
1014 3789 1382 3878 contemptu")
1426 3782 1883 3878 pertineredixit-
1915 3784 1981 3839 Ει
2007 3786 2152 3843 idem
2253 3815 2307 3864 et
2334 3809 2390 3863 in
2411 3780 2602 3863 I'uturo
2631 3780 2875 3878 requiem
2903 3809 3140 3864 habebit.
3179 3809 3287 3866 Sed
3308 3819 3363 3866 et
3386 3812 3451 3866 de
3479 3780 3851 3869 admonitione

563 3873 716 3942 ponit
745 3887 884 3938 esse,
915 3875 1193 3928 contemnit
1232 3882 1288 3930 et
1335 3874 1584 3947 despexit.
1619 3876 1725 3932 Sed
1761 3887 1816 3932 et
1849 3879 2049 3934 bonum
2096 3889 2152 3936 et

2261 3907 2556 3954 vestrarum
2582 3873 2894 3954 dulcissima
2923 3899 3226 3960 litterarum
3258 3903 3461 3973 gratias
3487 3911 3681 3958 vestrae
3711 3919 3848 3974 pru-

564 3964 768 4019 malum
797 3978 919 4020 esse
950 3971 1352 4036 cOntemptum;
1389 3968 1611 4034 bonum,
1643 3969 1857 4038 quando
1886 3970 2010 4040 quis
2038 3979 2150 4026 tor-

565 4070 746 4113 menta
790 4059 873 4115 vel
923 4060 1213 4130 opprobria
1256 4059 1472 4116 Christi.
1505 4063 1722 4116 nomine
1765 4064 2062 4118 contemnit
2094 4074 2150 4120 et

565 4151 810 4222 despicit.
839 4151 907 4207 Et
932 4153 1031 4208 has
1052 4151 1429 4209 distinctiones
1456 4154 1510 4208 in
1536 4155 2004 4224 praepositionibus
2030 4164 2150 4214 tan-

561 4245 839 4301 tummodo
868 4259 986 4301 esse
1015 4246 1100 4302 his
1126 4246 1307 4302 verbis
1333 4247 1507 4312 docet,
1537 4247 1630 4302 ubi
1658 4247 1714 4302 in
1739 4247 1930 4306 Graeco
1952 4249 2150 4321 legitur

562 4338 632 4392 ad
660 4337 843 4392 Titum
869 4337 1072 4393 dictum
1102 4342 1484 4416 περιφρονείτω,
1526 4345 1580 4395 et
1622 4338 1752 4395 illud
1778 4341 1924 4410 quod
1963 4343 2032 4397 ad
2057 4342 2150 4398 Ti-

562 4427 840 4483 motheum
866 4427 1063 4499 legitur
1083 4434 1474 4507 καταφρσνείτω,
1514 4439 1570 4486 et
1599 4432 1898 4502 apostolum
1924 4433 2149 4490 Paulum

558 4531 660 4586 pro
688 4517 955 4573 varietate
981 4534 1269 4574 causarum
1284 4521 1449 4576 variis
1465 4521 1542 4575 uti
1564 4523 2037 4592 praepositionibus
2061 4540 2150 4580 as-

561 4609 751 4664 seruit.
781 4609 902 4666 Tito
936 4610 1098 4681 igitur
1120 4612 1373 4681 scripsit.
1413 4611 1582 4668 Nemo
1613 4623 1661 4668 te
1689 4625 1981 4670 contemnat
2011 4615 2136 4688 (Tit.

560 4717 621 4766 ll,
673 4699 782 4772 15).
823 4701 897 4756 Et
945 4700 1229 4758 Timotheo
1271 4721 1283 4757 :
1327 4703 1494 4758 Nemo
1545 4704 1946 4760 adolescentiam
1994 4717 2140 4762 tuum

561 4800 856 4846 contemnat
886 4792 938 4864 (Ι
974 4793 1106 4848 Tim.
1137 4810 1209 4859 ιγ,
1243 4793 1353 4866 12).
1383 4795 1450 4849 Et
1491 4796 1559 4852 ad
1599 4803 1886 4865 utrumque
1922 4808 2144 4868 propter

557 4887 677 4959 περὶ
706 4884 790 4939 vel
818 4887 950 4943 κατὰ
975 4884 1194 4941 Graecas
1232 4888 1658 4957 praepositiones,
1701 4887 1936 4958 despicit,
1967 4890 2138 4960 ponit.

558 4974 863 5031 Stoicorum
895 4987 1128 5048 quoque,
1161 4979 1253 5048 qui
1276 4979 1546 5034 subtiliter
1584 4980 1722 5035 inter
1744 4981 1907 5035 verba
1942 4981 2144 5036 discer-

557 5075 714 5132 nunt,
762 5067 1010 5138 exemplo
1050 5069 1151 5124 hoc
1181 5069 1356 5139 ipsum
1398 5068 1700 5124 conﬁrmat.
1735 5069 1908 5125 Habet
1932 5086 2145 5141 quoque

556 5155 622 5210 de
671 5156 805 5212 alias
845 5157 1265 5227 signiﬁcationes
1309 5160 1365 5214 in
1399 5159 1608 5225 Grzcco,
1653 5169 1711 5215 ut
1755 5168 1875 5215 est:
1901 5161 1978 5215 De
2019 5161 2144 5216 coelo

561 5249 781 5318 respexit
807 5248 1064 5304 Dominus
1096 5249 1268 5322 (Psal.
1295 5267 1468 5316 xxx",
1493 5251 1612 5322 15);
1641 5252 1696 5306 in
1727 5251 1916 5309 Graaco
1940 5255 2103 5312 habet
2128 5273 2140 5309 :

631 5425 822 5507 {Vide
843 5427 1004 5507 inira,
1021 5438 1170 5507 tom.
1195 5429 1255 5507 II_,
1296 5431 1492 5486 librum
1526 5434 1592 5507 de
1616 5433 2030 5507 Orthographia,
2054 5455 2147 5494 vo-

558 5508 620 5571 ce
641 5493 724 5561 de,
744 5498 806 5571 di
821 5507 874 5553 et
892 5499 993 5553 dis.
1020 5498 1222 5556 Praeter
1235 5493 1333 5556 ista
1344 5505 1655 5571 notandum,
1675 5493 2143 5565 textumhrzc’cum

561 5567 649 5621 hic
673 5568 929 5652 exhiberi
944 5586 1007 5624 ex
1035 5571 1267 5652 editione
1297 5573 1367 5626 cl.
1404 5567 1724 5652 Quercetani
1751 5595 1764 5643 ;
1789 5578 1865 5652 in
1903 5581 2144 5652 margine

559 5641 1056 5720 vero-apposuimus
1089 5641 1371 5720 lectionem
1413 5641 1759 5720 septuaginta
1787 5641 2142 5720 interpretum

560 5710 881 5785 ex‘editione
907 5711 1143 5785 walloni
1175 5714 1228 5767 in
1253 5710 1584 5785 Polyglottis.

631 5780 656 5817 ι)
692 5779 1138 5855 _Ilomero._lla_ud
1175 5801 1310 5854 opus
1350 5779 1438 5841 est
1482 5789 1569 5844 hic
1604 5791 1882 5855 adnotare,
1923 5790 2142 5846 Homeri

561 5851 776 5910 nomine
816 5852 884 5910 ab
915 5851 1142 5912 Alcuino
1176 5851 1448 5935 designari
1487 5851 1896 5938 Angilbertum;
1927 5861 1993 5922 de
2033 5877 2141 5938 quo

2174 4574 2225 4634 Ι)

2251 3991 2703 4061 dentiaeagimus.
2751 3989 2976 4046 Multum
3002 3991 3370 4050 desideramus
3403 4001 3455 4048 et
3493 3995 3728 4066 benigne
3758 4010 3851 4051 su-

2252 4082 2522 4154 scepimus
2547 4083 2956 4140 exhortationes
2981 4094 3175 4141 vestra:
3200 4086 3533 4153 dilectionis,
3567 4089 3692 4158 quia
3722 4101 3851 4157 per-

2250 4173 2392 4231 fecta
2432 4175 2700 4242 charitas,
2742 4177 2886 4246 quod
2922 4176 3025 4232 sibi
3051 4177 3313 4246 optimum
3336 4178 3607 4249 intelligit,
3651 4177 3756 4234 hoc
3791 4187 3850 4234 et

2249 4266 2370 4323 aliis
2394 4265 2620 4322 suadere
2665 4281 2775 4322 non
2805 4267 3016 4322 desistit
3041 4281 3056 4322 :
3079 4282 3134 4324 et
3162 4269 3279 4324 haec
3313 4278 3398 4325 est
3430 4269 3590 4339 plena
3627 4285 3684 4324 et
3717 4284 3851 4340 per-

2250 4357 2391 4415 fecta
2421 4358 2655 4424 dilectio,
2696 4366 2756 4413 ut
2800 4375 2907 4414 non
2955 4359 3131 4415 solum
3175 4360 3279 4416 sibi
3319 4360 3550 4430 quisque
3585 4374 3848 4431 prospera

2249 4450 2450 4521 cupiat,
2481 4448 2574 4504 sed
2601 4458 2657 4504 ct
2681 4448 2907 4504 fratrum
2936 4450 3125 4507 salutis
3145 4467 3367 4517 memor,
3395 4452 3477 4508 vel
3505 4453 3687 4508 verbis
3706 4466 3852 4523 pm

2251 4555 2396 4606 sens,
2425 4539 2510 4594 vel
2548 4539 2744 4595 litteris
2772 4541 2969 4596 absens
2997 4542 3286 4600 admonere
3313 4559 3407 4600 eos
3434 4560 3546 4599 non
3573 4553 3771 4599 cesset.

2325 4641 2347 4669 ο
2387 4628 2622 4684 Antonio
2646 4629 2829 4700 itaque
2850 4628 2961 4686 ﬁlio
2985 4647 3124 4698 meo,
3155 4631 3311 4688 fratri
3338 4643 3538 4702 vestro,
3569 4635 3670 4690 has
3702 4636 3848 4690 litte-

2252 4738 2340 4778 ras
2369 4721 2523 4786 alias,
2561 4721 2824 4792 deprecor
2852 4731 2913 4777 ut
2937 4739 3101 4793 quam
3131 4726 3462 4792 cautissime,
3487 4727 3669 4782 clausa
3687 4728 3848 4782 char-

2253 4813 2364 4868 tula
2407 4813 2546 4868 sicut
2580 4820 2682 4879 est,
2712 4813 2972 4885 deprecor
2999 4825 3058 4870 ut
3085 4816 3316 4886 dirigas;
3347 4818 3472 4887 quia
3507 4817 3554 4873 si
3583 4819 3848 4874 discincta

2251 4907 2433 4961 veniat
2463 4906 2517 4960 in
2547 4907 2890 4975 praesentiam
2919 4907 3080 4972 illius,
3113 4908 3338 4964 vilescat
3373 4909 3513 4979 apud
3546 4924 3691 4964 eum.
3741 4909 3847 4964 Ta-

2251 5012 2376 5051 men
2402 4999 2579 5067 placet
2600 4999 2729 5055 mihi
2757 5007 2815 5054 ut
2842 5014 2909 5055 eo
2938 5001 3201 5071 dirigente
3223 5001 3417 5058 iterum
3447 5002 3632 5058 videas
3655 5002 3841 5069 illam;

2249 5086 2345 5142 sed
2383 5085 2516 5142 ﬁdes
2554 5096 2819 5155 servetur,
2869 5099 2929 5144 ut
2976 5089 3027 5144 ei
3073 5090 3252 5160 primo
3299 5091 3562 5162 dirigatur
3607 5092 3695 5148 cui
3741 5091 3846 5148 soli

2250 5176 2513 5231 mittetur.

2322 5266 2379 5322 Si
2419 5267 2619 5324 habeas
2644 5267 2670 5307 ἀ
2696 5267 2948 5326 Iordanis
2983 5270 3296 5339 Historiam,
3333 5273 3506 5345 dirige
3542 5274 3675 5329 mihi
3715 5289 3844 5345 pro-

2251 5443 2446 5522 sacpius
2475 5442 2622 5522 alibi.
2651 5444 2921 5522 (Froben._
2937 5449 3097 5522 epist.
3125 5448 3277 5522 215.)

2325 5524 2346 5550 ο
2378 5514 2622 5590 Antonio.
2652 5514 2988 5590 Adalhﬁardo,’
3004 5521 3089 5574 cui
3120 5521 3173 5574 in
3198 5514 3422 5590 epistola
3453 5519 3556 5576 190
3584 5521 3757 5576 suasit
3779 5526 3841 5576 ut

2251 5599 2393 5660 cum__
2407 5585 2642 5660 Homero
2655 5589 2949 5660 consilium
2977 5591 3138 5653 ineat,
3173 5585 3302 5660 quid
3332 5592 3720 5647 consulendum
3753 5607 3842 5646 es-

2253 5663 2331 5712 set
2358 5654 2616 5732 Bernario
2646 5657 2799 5732 fratri
2818 5658 3130 5732 adalhardi,
3162 5654 3346 5718 Lirino
3368 5663 3436 5717 ad
3460 5663 3719 5732 palatium
3743 5677 3841 5718 vo-

2247 5733 2403 5804 catos
2429 5726 2569 5804 Quae
2596 5729 2783 5804 eadem
2820 5728 3067 5804 fortassis
3097 5732 3324 5800 epistola
3355 5726 3478 5800 est;
3494 5747 3658 5804 quam
3691 5733 3842 5788 clau-

2250 5810 2366 5850 sam
2389 5795 2478 5850 hic
2499 5796 2730 5852 ﬁdeliter
2752 5799 2892 5852 tradi
2921 5801 3107 5856 voluit.

2317 5864 2344 5908 ά
2369 5865 2622 5926 Iordanis
2671 5867 2984 5927 Historiam.
3027 5870 3153 5933 Haec
3188 5884 3271 5934 est
3311 5875 3538 5936 historia
3581 5869 3848 5954 Jordanis
