4056 6328
213 403 296 469 185

210 617 268 674 mi
287 655 302 682 ,
325 613 375 666 in
397 609 541 666 omni
570 608 829 664 charitate
853 615 906 663 et
940 609 1225 664 sanctitate
1255 607 1366 661 Deo
1393 605 1598 660 servire
1638 612 1751 659 stu-

209 710 325 764 dete.
347 702 686 773 recordantes
713 700 896 756 omnia
924 702 1087 765 bona,
1111 716 1230 770 qua:
1251 699 1402 754 vobis
1422 697 1551 752 fecit
1569 697 1622 752 in
1646 697 1750 751 hoc

207 798 407 857 saeculo:
434 796 664 850 maxime
694 803 872 848 tamen
899 802 1116 864 propter
1151 807 1298 862 spem
1340 789 1532 845 futurae
1569 789 1750 858 gloriae

207 899 250 947 et
274 899 471 945 aeternae
497 886 846 941 beatitudinis
874 885 1134 954 requiem.
1175 882 1588 938 Innumerabilia
1625 888 1751 936 sunt

205 983 322 1037 enim
342 980 392 1034 in
423 993 523 1032 nos
549 987 859 1047 peccatores
885 977 1022 1032 dona
1049 974 1432 1030 misericordiae
1457 988 1596 1038 sum;
1619 987 1751 1042 qua-

202 1077 389 1141 propter
422 1067 713 1136 diligamus
753 1081 875 1121 eum
912 1081 977 1120 eo
1019 1065 1196 1130 modo,
1239 1079 1344 1134 quo
1383 1064 1495 1132 ipsa
1540 1063 1751 1118 Veritas

201 1161 292 1232 ait:
314 1157 369 1212 Si
403 1157 533 1226 qui.
555 1154 724 1226 diligit
752 1171 832 1209 me
867 1171 1125 1209 sermones
1158 1170 1298 1207 meos
1323 1164 1527 1219 servat;
1554 1163 1602 1206 et
1642 1152 1754 1206 Pa-

201 1259 262 1305 ter
291 1264 427 1303 meus
471 1246 640 1317 diligit
678 1262 792 1300 eum
816 1287 830 1311 ,
872 1256 920 1299 et
953 1245 1022 1299 ad
1057 1262 1173 1299 eum
1204 1245 1482 1310 veniemus,
1522 1254 1569 1298 et
1604 1261 1754 1297 man-

198 1344 366 1397 sionem
403 1339 549 1410 apud
578 1355 695 1392 eum
726 1337 978 1408 faciemus
1008 1335 1170 1407 (Joan
1196 1351 1310 1401 xiv,
1339 1334 1451 1406 25).
1497 1334 1636 1402 Quid
1670 1343 1754 1389 est

199 1434 394 1498 felicius,
425 1448 594 1502 quam
623 1431 838 1486 Patrem
868 1441 926 1486 et
951 1429 1146 1485 Filium
1174 1446 1296 1485 cum
1325 1439 1510 1485 sancto
1549 1429 1751 1498 Spiritu

197 1508 534 1580 habitatorem
572 1523 791 1588 habere,
827 1529 883 1576 et
909 1518 1026 1590 ejus
1057 1520 1366 1575 visitatione
1391 1520 1458 1574 ab
1486 1520 1631 1574 omni
1660 1519 1754 1574 ad-

197 1617 420 1670 versitate
451 1614 686 1680 defendi,
718 1612 870 1682 cujus
897 1613 1106 1668 visione
1130 1627 1318 1682 omnes
1350 1611 1522 1666 sancti
1557 1611 1755 1682 gaude-

196 1707 306 1762 bunt
331 1706 383 1759 in
414 1705 614 1761 saeculo
645 1679 1011 1773 sempiterno?
1054 1679 1247 1758 Divina
1287 1711 1339 1758 te
1368 1703 1538 1772 gratia
1564 1679 1753 1758 custo-

197 1796 288 1850 diat
307 1797 524 1866 ubique,
553 1795 900 1851 dilectissime
919 1794 995 1849 ﬁli
1019 1796 1032 1849 !

649 1945 676 1974 ει
712 1929 1043 1987 EPISTOLA
1077 1930 1266 1985 XXIX.

561 2043 630 2081 AD
669 2041 934 2089 PAULIINUI
966 2037 1361 2080 PATRIARCBAI.

773 2118 950 2190 (Anno
992 2115 1141 2188 796.)

190 2228 347 2285 Semel
391 2230 647 2285 constanti
697 2231 976 2292 memorirz,
1024 2226 1258 2298 bajulum
1294 2242 1419 2298 ivero
1465 2223 1756 2280 litterarum

554 2301 665 2370 ejus
709 2299 997 2370 patrocinio
1035 2297 1377 2351 commendat.

230 2414 440 2469 Veners
463 2414 568 2468 ndo
603 2414 721 2467 viro
749 2413 778 2453 ι)
811 2410 1036 2466 Paulino
1073 2409 1398 2481 Aquileiensi
1438 2408 1760 2479 patriarchae

165 2503 384 2560 Albinus
413 2521 440 2560 s
463 2504 684 2558 alutem.

218 2595 502 2666 Acceptis
548 2593 823 2664 sapientiae
869 2599 1063 2648 vestrae
1105 2591 1345 2662 apicibus
1385 2597 1439 2644 et
1481 2587 1763 2644 charitatis

171 2687 494 2742 muneribus
521 2696 544 2724 ο
576 2701 676 2755 per
702 2686 845 2740 hunc
877 2683 1034 2753 hujus
1065 2683 1350 2752 praesentis
1382 2681 1641 2737 chartula:
1673 2694 1764 2750 ge-

186 2778 372 2842 rulum,
401 2775 566 2831 valde
595 2775 810 2845 gavisus
827 2816 842 2842 ,
877 2788 1209 2843 cognoscens
1232 2773 1639 2843 prosperitatem
1665 2784 1760 2824 ve-

192 2874 344 2920 stram
389 2873 449 2921 et
495 2865 808 2919 memoriam
853 2865 1042 2927 nostri,
1086 2878 1248 2933 quam
1287 2877 1500 2932 semper
1535 2868 1762 2930 paterna

194 2958 373 3025 pietate
411 2964 474 3012 ut
508 2957 709 3013 habeas
747 2958 800 3012 in
835 2957 1171 3012 orationibus
1197 2955 1382 3020 sacris,
1413 2954 1634 3024 supplex
1668 2954 1766 3010 ob-

198 3061 361 3112 secto,
403 3062 613 3101 memor
641 3061 853 3115 semper
883 3047 1125 3117 benigna:
1152 3045 1448 3101 devotionis
1473 3060 1635 3113 quam
1661 3041 1761 3099 Job

199 3133 366 3190 habuit
394 3135 451 3189 in
480 3135 619 3190 ﬁlios
644 3151 789 3191 suos.
832 3134 990 3190 Salus
1021 3135 1116 3188 lilii
1144 3149 1348 3189 merces
1369 3143 1452 3188 est
1473 3134 1642 3202 patris
1667 3151 1680 3186 :
1707 3140 1763 3188 et

1604 395 1984 455 EPISTOLE.

208 535 309 599 pter
331 510 673 591 quarumdam
699 512 943 571 notitiam
965 529 1167 570 rerum.
1202 513 1327 580 Vos,
1359 508 1455 566 ﬁlii
1492 511 1747 567 charissi-
1770 515 1826 575 Α

3309 397 3412 457 186

2346 523 2370 554 ο
2400 508 2737 569 EPISTOLA
2757 510 2928 570 XXX.

2431 620 2498 660 AD
2539 619 2826 659 PAULINUI.

2438 693 2615 767 (Anno
2658 694 2824 764 796?)

1847 783 2358 869 υεξξάεήμηξοεαμτη
2386 803 2504 869 cum
2531 785 2759 869 Paulino
2786 785 3112 869 colloquendi
3137 785 3421 869 signiﬁcat.

1923 855 2061 928 Tres
2083 855 2340 928 indiculos
2364 857 2432 909 ad
2453 873 2570 928 eum
2605 857 2760 910 mittit
2785 874 2804 917 ;
2841 866 2886 912 et
2922 855 3046 911 doni
3077 875 3111 913 a
3139 855 3424 928 Lititgarde

1917 925 2063 978 missi
2102 925 2226 994 facit
2265 927 2587 980 memoriam.

1919 1036 2146 1091 Domino
2171 1035 2320 1090 Patri
2349 1037 2571 1091 Paulino
2598 1037 2824 1094 Albinus
2849 1038 3096 1095 salutem.

1917 1126 1999 1181 Ex
2021 1142 2084 1182 eo
2109 1128 2231 1182 sciri
2264 1136 2440 1198 potest
2462 1136 2658 1198 quanta
2676 1129 2805 1183 mihi
2819 1138 2959 1185 esset
2971 1130 3429 1202 aviditasloquen-

1852 1219 1903 1274 di
1936 1227 2135 1284 tecum,
2165 1219 2210 1273 si
2239 1218 2550 1274 facultatem
2575 1217 3021 1275 confabulationis
3047 1221 3229 1291 iniqua
3255 1230 3428 1276 terra-

1854 1329 1975 1367 rum
2029 1312 2393 1382 longinquitas
2437 1327 2541 1366 non
2589 1312 2940 1381 prohiberet;
2993 1313 3118 1368 dum
3169 1313 3224 1367 in
3270 1314 3428 1369 unius

1854 1405 2131 1460 dexteram
2154 1406 2452 1474 portitoris,
2490 1413 2708 1474 propter
2744 1419 2933 1460 causas
2973 1406 3426 1474 supervenientes,

1853 1506 1962 1553 tres
1990 1499 2150 1554 simul
2175 1498 2326 1569 posui
2354 1496 2632 1552 indiculos.
2673 1497 2849 1552 Unum
2880 1496 3252 1552 sollicitudinis
3275 1511 3428 1562 mete,

1854 1589 2083 1644 alterum
2129 1590 2435 1644 munusculi
2477 1589 2618 1654 mei,
2665 1589 2882 1642 tertium
2947 1603 3046 1658 pro
3111 1587 3232 1642 ﬁlia:
3300 1602 3433 1644 mea:

1860 1682 1880 1720 ί
1904 1682 2211 1753 Liutgardis
2253 1681 2464 1736 femina:
2503 1681 2763 1749 religiosae
2790 1695 2854 1735 ac
2879 1678 2991 1734 Deo
3015 1679 3220 1733 devotae
3246 1694 3427 1734 causa.

1854 1773 1988 1828 Nam
2010 1773 2118 1845 36
2144 1773 2229 1827 illa
2261 1773 2527 1828 sanctitati
2560 1780 2662 1825 tuze
2685 1771 2816 1825 duas
2839 1769 3034 1825 direxit
3057 1767 3294 1822 armillas
3315 1767 3435 1822 auri

1773 1876 1825 1938 ῃ
1853 1865 2059 1936 obryzi,
2087 1874 2374 1934 pensantes
2397 1863 2466 1916 Ἡ
2493 1863 2739 1920 denarios
2767 1863 2943 1916 minus
2969 1861 3035 1916 de
3062 1877 3198 1916 nova
3221 1855 3434 1916 moneta

1858 1957 2022 2028 regis,
2064 1971 2227 2026 quam
2269 1956 2463 2010 libram
2505 1955 2736 2023 plenam,
2776 1961 2834 2007 ut
2866 1967 3052 2007 orares
3081 1966 3180 2020 pro
3220 1967 3285 2006 ea
3311 1966 3433 2006 cum

1859 2052 2226 2108 sacerdotibus
2270 2051 2419 2106 tuis:
2453 2057 2717 2120 quatenus
2765 2047 2944 2101 divina
2990 2045 3271 2100 clementia
3321 2045 3437 2100 dies

1858 2160 1985 2199 suos
2023 2143 2374 2213 disposuisset
2410 2141 2464 2195 in
2500 2139 2727 2194 salutem
2765 2138 2956 2192 animae
2993 2153 3122 2201 sum,
3151 2145 3208 2191 et
3236 2143 3436 2191 sancta:

1859 2251 1968 2290 sua:
1993 2235 2372 2290 exaltationem
2396 2231 2668 2287 Ecclesiae.
2702 2229 2816 2300 Ego
2841 2229 2908 2284 de
2936 2236 3025 2282 tua
3052 2227 3301 2282 indubius
3332 2225 3436 2281 ﬁde

1860 2327 2002 2381 suasi
2030 2336 2088 2380 ut
2113 2325 2332 2380 faceret.
2364 2323 2443 2378 Tu
2466 2338 2616 2388 vero,
2643 2321 2805 2376 Pater
2830 2329 3034 2383 sancte,
3061 2319 3167 2373 mei
3205 2326 3258 2374 et
3294 2317 3436 2372 illius

1861 2431 2067 2472 memor
2093 2417 2293 2485 ubique
2320 2415 2374 2468 in
2409 2413 2609 2468 Christi
2640 2413 2902 2467 charitate
2930 2410 3121 2465 valeto.

2338 2549 2362 2586 ⁸
2410 2545 2743 2601 EPISTOLA
2780 2543 2971 2598 XXXI.

2334 2654 2402 2693 ΑΙ)
2432 2655 2630 2695 ΑϐΙΝυΙ
2659 2653 2966 2694 εειιεεορυκ.

2477 2729 2652 2800 (Anno
2680 2727 2829 2799 796.)

1863 2822 2001 2879 Petit
2026 2823 2124 2878 sibi
2151 2824 2286 2878 mitti
2319 2838 2410 2892 per
2438 2820 2795 2892 Angilbertum
2830 2819 3077 2890 reliquias
3115 2825 3434 2884 sanctorum,

2421 2889 2543 2945 olim
2579 2890 2880 2960 promissas.

1935 2981 2293 3039 Dilectissimo
2321 2982 2350 3022 ιι
2389 2980 2561 3051 Agino
2595 2979 2874 3050 episcOpo,
2917 2979 3144 3050 Albinus
3186 2980 3442 3062 magister

1866 3071 2111 3127 salutem.

1939 3162 2272 3218 Recordetur
2297 3162 2535 3217 charitas
2559 3170 2739 3217 vestra
2764 3161 2907 3231 quod
2933 3160 3186 3232 praesenti
3211 3160 3441 3215 collocu-

198 3223 600 3323 lausﬁenfforis
645 3225 783 3281 ﬁnus
830 3227 1061 3295 sapiens'
1102 3225 1347 3323 ξῗίθδθηδ
1389 3239 1527 3323 νθτθ,
1570 3225 1760 3323 Ρπωη
1789 3232 1838 3296 C
1867 3253 2236 3322 tionealiquas
2252 3253 2704 3307 mihisanctorum
2727 3223 3442 3323 reliquiasdirigerepromi—

194 3317 404 3383 portitor
436 3317 749 3372 litterarum
785 3324 968 3372 vestro
1000 3317 1200 3371 auxilio
1236 3327 1290 3372 et
1322 3315 1624 3384 patrocinio
1662 3330 1762 3370 no-

193 3414 300 3462 strae
324 3408 392 3462 sit
423 3409 843 3464 commendatus
869 3408 1115 3477 petitioni
1157 3405 1370 3479 [Forte,
1402 3413 1587 3461 nostra
1629 3406 1767 3475 peti-

193 3497 359 3570 tione].
387 3499 476 3568 lps
496 3514 524 3553 e
546 3499 669 3554 vivo
692 3496 867 3553 oﬂicio
893 3497 1088 3566 linguas
1114 3504 1328 3552 nostras
1355 3495 1438 3550 vel
1467 3511 1593 3551 suas
1610 3495 1765 3552 vobis

193 3591 412 3645 ostendet
451 3590 841 3645 necessitates.
892 3587 1145 3656 Majorem
1182 3596 1381 3642 nostrae
1427 3586 1765 3642 salutationis

195 3681 362 3737 seriem
385 3682 411 3722 ά
441 3682 805 3754 Αιηεϋὺθτιιιε
834 3681 973 3736 ﬁlius
1000 3681 1300 3736 communis
1326 3687 1511 3735 noster
1535 3679 1765 3735 Romam

194 3774 342 3831 iturus
367 3777 597 3831 volente
634 3774 745 3830 Deo
771 3775 923 3830 vobis
949 3774 1162 3845 diriget.
1201 3772 1308 3828 Sed
1341 3773 1486 3827 nulla
1519 3771 1765 3827 chartula

195 3865 363 3922 sufﬁcit
395 3865 697 3922 charitatis
723 3865 876 3920 elfari
911 3865 1261 3931 dulcedinem,
1289 3880 1452 3935 quam
1483 3864 1642 3933 pleno
1668 3877 1765 3918 ore

195 3956 349 4012 anima
371 3974 508 4014 metu
537 3957 603 4012 de
628 3964 719 4011 tuo
742 3957 995 4011 hauserat
1018 3965 1255 4026 pectore.
1300 3956 1477 4012 Testis
1505 3964 1590 4011 est
1625 3955 1767 4010 veri-

201 4047 309 4101 tatis
338 4048 422 4104 ille
467 4047 715 4118 Spiritus
755 4061 851 4116 per
887 4062 1046 4116 quem
1093 4047 1324 4102 charitas
1369 4046 1566 4116 di/fusa
1599 4054 1672 4100 est
1710 4046 1766 4098 in

205 4138 417 4192 cordibus
446 4139 646 4194 nostris
678 4135 855 4208 (Rom.
885 4152 940 4202 v,
967 4136 1044 4209 5).

264 4246 488 4304 Vivendo
521 4247 674 4312 felix,
710 4246 857 4312 felix,
887 4246 1048 4301 Pater
1074 4246 1296 4316 optime,
1331 4247 1470 4302 vive.

324 4337 494 4408 Atque
512 4352 730 4394 memor
748 4337 862 4392 nati
884 4351 1096 4408 semper
1115 4337 1315 4406 ubique
1333 4337 1471 4392 vale.

210 4493 293 4569 de_
305 4495 561 4569 Getarum
607 4513 702 4552 seu
733 4497 1027 4554 Gothorum
1072 4499 1280 4569 origine
1317 4506 1372 4554 et
1411 4499 1571 4554 rebus
1605 4501 1769 4569 gestis

209 4577 234 4615 a
267 4565 322 4619 D.
363 4567 446 4624 Jo.
472 4567 698 4624 Garetio
728 4570 1070 4624 Benedictino
1109 4565 1304 4638 Gongr.
1347 4569 1404 4624 S.
1451 4565 1629 4626 Mauri
1657 4569 1770 4624 edi—

211 4639 253 4685 ιε
286 4644 334 4690 et
365 4641 508 4709 notis
555 4638 846 4705 illustrata,
870 4647 1000 4704 etc.,
1026 4656 1145 4709 qum
1179 4641 1512 4695 emendatior
1542 4640 1773 4695 habetur

212 4710 320 4830 ml).
351 4708 636 4830 1[SGScripL
675 4709 870 4765 Rerum
917 4708 1060 4764 ltal.’
1088 4711 1374 4765 clarissimi
1420 4710 1699 4765 Muratorii
1739 4727 1772 4767 a

210 4779 469 4922 "3?“
508 4851 764 4922 Quercet.
807 4849 896 4922 οδ,
931 4849 1131 4904 Canisii
1167 4850 1235 4905 59
1268 4849 1520 4922 (Froben.
1566 4851 1680 4922 at).

269 4912 578 4998 {Paulini}.
602 4920 765 4998 cujus
783 4912 968 4998 vitam,
996 4929 1147 4998 gesta
1169 4929 1223 4976 et
1251 4912 1468 4998 scripta,
1485 4922 1580 4998 _vir
1605 4912 1772 4998 multa

213 4984 486 5060 emditione
525 4984 784 5060 praeditus
824 4991 886 5044 Ι).
918 4984 1072 5044 Ιοίῖη.
1107 4989 1299 5044 Franc‘.
1334 4984 1615 5048 Madrisius
1654 4992 1772 5047 Uti-

212 5056 370 5141 ne!)st
388 5056 575 5141 congr.
602 5061 1029 5141 oratqriiﬁpresb.
1057 5061 1274 5141 egregie
1294 5059 1599 5141 illustravit,
1624 5063 1772 5141 edito

213 5121 557 5201 de_0peribﬁs
596 5132 768 5186 sancti
813 5121 1020 5201 Paulini
1066 5121 1424 5199 Kquileiensis
1454 5121 1777 5201 patriarchae

212 5192 458 5271 volumine
478 5201 672 5271 Venet.
697 5201 832 5254 1757
858 5202 909 5254 ἰη
942 5200 1033 5254 fol.
1064 5192 1148 5271 (’)Ῑ

268 5265 447 5344 f_Per_
477 5270 618 5324 hunc
656 5272 944 5344 praesentis
963 5265 1211 5344 chartula:
1243 5272 1498 5344 gerulum.
1541 5271 1620 5327 Cl.
1663 5273 1777 5344 Ma-

213 5331 394 5412 drisius
434 5341 582 5412 hunc
621 5331 863 5412 gerulum
905 5340 1121 5412 Ericum
1164 5331 1352 5395 ducem
1390 5341 1556 5397 fuisse
1590 5343 1777 5398 existi-

212 5412 335 5487 mat:
363 5405 470 5463 Sed
491 5405 672 5466 tantus
696 5412 780 5487 vir
803 5411 995 5480 dignus
1020 5411 1207 5487 luisset
1229 5413 1667 5487 quemgAlcuinus
1687 5415 1777 5487 hic

211 5480 498 5558 nominaret
542 5496 643 5558 nec
672 5483 882 5558 absque
911 5480 1156 5558 encomio
1191 5483 1506 5558 praeteriret.
1555 5484 1776 5540 Minoris

211 5545 518 5626 conditionis
542 5545 812 5626 hominem
839 5553 983 5606 hunc
1018 5545 1362 5621 fuisse-puto,
1402 5553 1553 5623 cujus
1591 5571 1778 5610 neces-

213 5617 445 5691 sitatibus
470 5619 730 5691 Paulinus
758 5636 1074 5678 succurrere
1098 5617 1298 5691 posset.

271 5683 296 5721 ἀ
338 5689 666 5759 Angilbertus
691 5732 705 5746 .
731 5732 744 5746 .
775 5734 787 5746 .
814 5692 1035 5745 Romam
1078 5683 1266 5746 ilurus.
1321 5693 1438 5761 Quo
1485 5710 1645 5758 anno,
1696 5695 1778 5750 in-

265 5773 318 5851 (f)
332 5776 463 5851 {huc
485 5781 756 5851 editionem
773 5782 992 5848 Operum
1005 5782 1056 5833 S.
1069 5781 1260 5837 Paulini
1277 5785 1554 5838 recudimus
1573 5785 1776 5848 hujusce

214 5829 488 5905 Patrologiae
500 5829 503 5830 ⁷
513 5829 712 5899 temeti.

1863 3346 2011 3411 sisti;
2039 3353 2098 3399 ut
2120 3344 2506 3400 honoriﬁcetur
2530 3343 2672 3399 Deus
2693 3345 2748 3399 in
2773 3345 2900 3409 illis,
2923 3353 2979 3399 et
2995 3353 3178 3399 nostra
3203 3352 3442 3415 protega-

1865 3448 1951 3494 tur
1976 3441 2086 3494 vita
2115 3455 2238 3494 cum
2266 3438 2389 3504 illis,
2419 3446 2474 3493 et
2499 3446 2679 3494 vestra
2707 3437 3077 3493 accumuletur
3110 3451 3317 3492 merces
3343 3449 3444 3505 pro

1864 3531 1987 3586 illis.
2041 3531 2178 3587 Ecce
2208 3531 2358 3586 adest
2383 3531 2598 3602 gerulus
2625 3530 2814 3595 ﬁdelis,
2848 3531 2990 3586 ﬁlius
3017 3528 3262 3599 equidem
3291 3543 3444 3584 meus

1861 3623 2206 3693 Angilbertus
2251 3620 2383 3694 (AL,
2447 3620 2847 3694 Engilpertus],
2891 3637 2990 3691 per
3031 3619 3184 3690 cujus
3226 3633 3444 3674 manum

1865 3715 2078 3767 mittere
2127 3713 2329 3784 poteris
2363 3713 2504 3782 quod
2539 3721 2713 3767 vester
2756 3709 2958 3784 (Forte,
2991 3709 3196 3784 noster]
3243 3711 3444 3766 amicus

1865 3805 2019 3860 nobis
2041 3804 2274 3874 dirigere
2300 3805 2590 3858 curaverit.
2639 3803 2875 3859 Obsecro
2903 3811 2963 3858 ut
2985 3805 3252 3860 veraciter
3277 3802 3442 3875 perﬁ-

1865 3897 1977 3952 cias
2015 3895 2157 3966 quod
2201 3895 2446 3951 hilariter
2486 3895 2859 3966 promittebas.
2912 3895 2971 3950 Si
3007 3895 3136 3964 quid
3169 3895 3313 3950 enim
3352 3895 3444 3950 he-

1865 3989 2099 4059 nignitas
2136 3996 2315 4042 vestra
2355 3986 2514 4056 hujus
2548 3986 2810 4056 religiosae
2844 3986 3116 4055 petitionis
3157 3985 3444 4055 peregerit,

1865 4081 2139 4136 humilitas
2164 4088 2348 4135 nostra
2374 4080 2680 4150 gratissime
2702 4079 2952 4146 accipiet,
2977 4077 3235 4146 vobisque
3257 4091 3446 4131 secun-

1867 4173 1991 4228 dum
2033 4172 2292 4242 temporis
2332 4170 2785 4239 opportunitatem
2831 4177 2886 4225 et
2932 4168 3219 4223 voluntatis
3256 4177 3446 4224 vestae

1867 4263 2196 4333 agnitionem
2233 4276 2580 4316 remunerare
2613 4276 2719 4316 non
2759 4261 3000 4316 desistet.
3043 4259 3110 4314 Et
3142 4261 3448 4330 ubicunque

1868 4364 2176 4411 sanctorum
2209 4354 2510 4426 patrocinia
2543 4351 2921 4423 perferuntur,
2950 4353 3022 4410 ibi
3055 4351 3292 4424 quotidie
3321 4366 3447 4408 ora-

1871 4513 2122 4577 certum.”
2141 4503 2509 4577 (Mabillonium
2539 4513 2593 4560 et
2629 4504 2942 4577 Madrisium
2968 4505 3208 4577 aliosque
3232 4512 3450 4562 secutus

1872 4592 2070 4631 annum
2095 4576 2203 4646 7967
2221 4577 2400 4645 potius
2425 4575 2776 4646 quampalium
2802 4576 3090 4646 assignavi.

1951 4659 1974 4686 θ
2012 4647 2153 4701 Edit.
2181 4646 2432 4713 Quercet.
2467 4646 2554 4711 95,
2582 4646 2764 4715 Canis.
2790 4646 2860 4700 62
2885 4646 3139 4715 (Froben.
3165 4646 3278 4715 25).
3345 4679 3348 4682 ~

1952 4716 1972 4755 ί
2013 4717 2330 4786 Liutgardis.
2377 4716 2591 4785 Reginae
2616 4714 2875 4786 fortassis,
2905 4731 3024 4784 qua:
3050 4732 3190 4771 anno
3221 4714 3322 4772 794
3347 4715 3450 4770 Ca-

1876 4786 1991 4841 rolo
2015 4785 2218 4854 nupsit,
2243 4793 2296 4839 et
2319 4786 2548 4840 Turonis
2572 4801 2713 4838 anno
2738 4785 2841 4840 800
2865 4786 3018 4840 obiit.
3054 4786 3130 4839 De
3157 4801 3220 4841 ea
3245 4787 3313 4841 cl.
3336 4786 3451 4840 Ma-

1878 4856 2073 4910 drisius
2115 4856 2222 4910 Vit.
2254 4856 2430 4926 sancti
2464 4855 2689 4926 Paulini,
2733 4870 2848 4926 cap.
2899 4855 2985 4920 l6,
3028 4869 3152 4924 pag.
3199 4857 3286 4920 46,
3333 4856 3446 4910 ait:

1884 4925 2155 5007 «.Lit‘teras
2181 4925 2435 4980 cultiores
2460 4923 2693 5007 fpvebat,
2724 4923 2986 5007 etearum
3009 4923 3340 5007 professores
3366 4941 3450 4980 re-

1877 4996 1967 5078 gio
2002 4994 2654 5078 favoreprosequebatur.
2680 5015 2698 5046 ι
2752 4994 2902 5078 Quod
2935 4994 3149 5065 quidem
3177 5011 3244 5050 ex
3270 4996 3372 5050 hac
3397 5003 3452 5050 et

1879 5065 1999 5120 aliis
2024 5065 2264 5134 epistolis
2292 5065 2498 5119 Alcuini
2523 5065 2700 5134 palam
2727 5073 2829 5120 est.

1953 5139 1978 5176 8
2018 5136 2160 5207 Edit.
2190 5135 2436 5202 Quercet.
2469 5134 2763 5207 65,‘Canis.
2795 5134 2864 5190 49
2894 5135 3145 5207 (Froben.
3173 5135 3286 5207 26).

1948 5207 1975 5245 ιι
2025 5206 2191 5276 Agino
2237 5207 2492 5276 episcopo.
2549 5203 2830 5276 Suspicor,
2880 5203 2956 5261 ait
3005 5203 3269 5271 Canisius,
3313 5205 3453 5260 hanc

1879 5275 2157 5347 epistolam
2194 5275 2448 5345 scriptam
2471 5290 2604 5347 esse
2642 5276 2706 5347 ad
2745 5275 3065 5347 Aginensem
3104 5280 3448 5347 episcopum,

1877 5354 1931 5400 et
1962 5345 2239 5414 legendum
2268 5345 2600 5418 essetAgini
2643 5345 2812 5418 (quod
2844 5355 3003 5418 caput
3043 5345 3159 5418 erat
3197 5345 3452 5418 Nitiobri-

1878 5433 2022 5540 ﬁlm,
2065 5417 2278 5496 dequo
2317 5415 2771 5499 Ptolomazuslib.
2823 5434 2883 5500 ῃ.
2912 5415 3040 5486 ὀαρ.
3088 5415 3447 5492 Περίεοορο.

1933 5487 2218 5540 abdlomus
2265 5494 2444 5540 tamen
2494 5495 2548 5540 et
2599 5487 2793 5540 Pactus
2848 5488 2996 5540 illum
3038 5487 3447 5540 Bercomensem

1933 5486 2444 5559 abilloniusAtamen
2494 5495 2548 5540 et
2599 5487 2800 5559 Pagius
2848 5488 2996 5542 illum
3038 5486 3454 5559 Bergomensetn

1877 5558 2186 5626 episcopum
2227 5556 2391 5628 fuisse
2435 5554 2699 5628 statuunt,
2738 5558 2819 5628 εξᾴ
2840 5572 3000 5628 quem
3025 5554 3452 5628 Angilbertusjn

1877 5624 2091 5692 itinere,
2115 5642 2257 5697 anno
2285 5626 2387 5681 796
2415 5629 2478 5682 ad
2502 5627 2733 5681 Leonem
2759 5627 2823 5680 Ill
2852 5624 2998 5696 pont.
3045 5624 3323 5697 suscepto,
3365 5624 3451 5683 di-

1877 5699 2137 5751 vertebat.
2186 5696 2310 5750 Fuit
2332 5699 2494 5752 etiam
2516 5697 2744 5767 [Eginus
2769 5697 2960 5767 aliquis
2980 5696 3262 5767 episcopus
3283 5697 3453 5752 Vero-

1875 5768 2079 5831 nensis,
2112 5780 2272 5836 quem
2304 5768 2446 5821 inter
2476 5766 2840 5835 suffraganeos
2865 5766 3117 5822 Ecclesiae
3137 5766 3182 5822 Ᾱ
3224 5767 3449 5826 ιιίΙθίειιο

1875 5838 1950 5895 sis
1970 5846 2219 5894 numerat
2238 5836 2479 5895 Cointius
2505 5837 2572 5893 ad
2599 5852 2795 5892 annum
2820 5837 2939 5897 795,
2970 5854 3116 5896 num.
3146 5785 3234 5897 2g.
3447 5830 3460 5855 ⁸

2181 4644 2554 4713 Οὐενεθιξ95,
2582 4645 2764 4700 Canis.
2790 4644 2860 4700 62
2885 4647 2901 4714 (

1781 5889 1790 5899 .
1875 5838 1950 5895 sis
1970 5846 2219 5894 numerat
2238 5836 2479 5895 Cointius
2505 5837 2572 5893 ad
2599 5852 2795 5892 annum
2820 5837 2939 5906 795,
2970 5854 3116 5896 num.
3146 5838 3182 5894 2
