4056 6328
585 425 681 482 191

1448 417 1509 472 Β.
1550 415 1612 470 F.
1653 411 1878 468 ALBlNl
1917 407 2047 464 SEU
2086 400 2363 460 ALCUINI
2411 396 2697 456 OPERUM
2732 393 2912 451 PARS
2948 393 2989 449 Ι.

3732 386 3842 443 191

581 552 860 613 gerensem
883 536 1105 591 fluvium
1129 543 1424 599 revertere,
1451 542 1506 586 et
1525 531 1598 586 ibi
1619 529 1899 584 Salmones
1923 519 2156 577 natando
2181 525 2233 582 Α
2258 517 2390 572 mihi
2427 511 2832 613 commendasti,
2859 519 2916 566 et
2933 509 3048 579 jam
3083 506 3400 613 proﬁciunt,
3427 505 3660 613 donante
3689 503 3842 613 ‘Deo,

581 627 877 700 colligere].
915 631 1119 682 'lamen
1166 642 1253 681 me
1298 640 1456 694 spero
1507 637 1677 691 usque
1725 621 1792 674 ad
1839 618 2159 690 [Augustum

583 717 846 790 mensem]
874 717 926 771 in
950 717 1036 771 his
1061 717 1264 771 morari
1288 713 1548 784 partibus,
1587 712 1632 766 si
1658 711 1737 766 sic
1759 710 1867 764 Deo
1893 715 2080 762 nostro
2103 712 2160 760 et

583 810 782 865 domno
804 810 914 878 regi
953 807 1233 878 placuerit,
1264 812 1320 860 et
1343 804 1415 858 ibi
1446 801 1757 872 praastolarc
1787 799 1919 869 quid
1947 798 2160 853 auditu-

585 917 679 956 rus
701 903 803 955 sim
835 901 899 955 de
920 897 1123 968 Aquila:
1147 896 1448 951 desiderato
1475 894 1726 948 adventu.
1754 893 1822 947 Et
1858 893 1986 946 dum
2021 892 2162 947 hanc

583 992 828 1063 perlegas
855 989 1174 1052 chartulam,
1205 987 1314 1041 cito
1343 985 1557 1039 remitte
1603 985 1852 1049 alteram,
1887 992 1949 1038 ut
1991 985 2160 1039 sciam

587 1079 714 1148 quid
746 1086 961 1133 acturus
996 1077 1066 1132 sit
1092 1075 1287 1144 Aquila
1319 1090 1440 1129 cum
1468 1073 1690 1128 aviculis
1726 1074 1860 1140 suis,
1901 1074 1985 1128 vel
2033 1073 2161 1144 quid

588 1168 638 1242 [ιι
669 1167 886 1240 Avaria]
917 1167 1097 1233 faciat,
1127 1167 1212 1221 vel
1249 1168 1471 1234 credat,
1508 1167 1592 1222 vel
1623 1167 1752 1236 quid
1795 1167 2160 1222 Romanorum

587 1259 838 1314 nobilitas
854 1258 978 1311 novi
995 1258 1190 1312 haheat
1217 1244 1247 1296 ’δ
1271 1257 1522 1323 adventu,
1545 1257 1626 1311 vel
1651 1257 1778 1327 quid
1802 1268 1824 1296 ο
1850 1257 1917 1312 de
1938 1257 2160 1312 Graecia:

587 1350 1006 1406 sublimitatihus
1046 1348 1201 1422 [Cod.
1232 1348 1372 1413 Sat.,
1395 1348 1604 1404 Graecia
1639 1349 2040 1422 solimitatibus]
2067 1365 2162 1404 au-

587 1441 787 1506 dieras,
816 1449 870 1494 et
898 1455 968 1494 an
996 1439 1202 1508 aliquas
1236 1447 1545 1494 sanctorum
1577 1439 1832 1510 reliquias
1865 1450 2041 1497 tecum
2081 1451 2163 1496 at-

585 1530 820 1594 tulisses,
835 1530 1029 1600 quibus
1051 1545 1237 1600 posses
1261 1531 1526 1604 consolari
1550 1531 1802 1586 Albinum
1828 1541 1998 1588 tuum.
2032 1535 2164 1590 Pro-

586 1637 765 1692 spera,
790 1623 898 1677 Deo
929 1623 1178 1686 donante,
1211 1623 1365 1677 nobis
1388 1631 1535 1690 sunt,
1567 1623 1670 1680 nisi
1709 1627 1853 1694 quod
1901 1626 2068 1682 febris
2111 1635 2166 1682 et

587 1713 874 1769 inﬁrmitas
900 1729 987 1769 me
1011 1713 1289 1785 fatigatum
1324 1715 1502 1770 habet.
1530 1715 1732 1772 Tamen
1758 1719 1851 1787 qui
1878 1719 2162 1787 inﬁrmior,

588 1803 778 1859 fortior
793 1805 898 1858 erit
917 1803 1070 1873 juxta
1094 1805 1411 1875 Apostolum
1463 1805 1515 1876 (I
1546 1807 1669 1862 Cor.
1709 1824 1746 1874 ι,
1769 1808 1900 1881 25);
1939 1818 1993 1865 et
2021 1825 2163 1881 saepe

2260 615 2314 664 et
2347 607 2596 662 meliores
2623 620 2718 660 eos
2745 611 3064 672 accepturus
3089 599 3201 654 eris
3217 640 3233 665 ,
3256 599 3341 655 vel
3367 597 3845 656 commendaturus

2259 700 2456 755 domno
2476 698 2609 768 regi.
2642 694 2910 764 Quidquid
2932 694 3030 749 tibi
3054 692 3340 748 demandet
3367 691 3595 747 domnus
3623 705 3717 745 rex
3755 689 3844 746 fa-

2259 804 2400 852 cere,
2446 787 2581 842 mihi
2610 786 2937 842 demandare
2990 783 3226 839 studeas.
3257 781 3392 850 Quia
3441 796 3572 837 vero
3622 779 3846 836 taedium

2260 879 2394 936 mihi
2421 885 2505 934 est
2546 877 2724 932 anima
2762 890 2882 930 mea
2908 881 3130 945 propter
3160 872 3459 928 absentiam
3488 869 3590 935 tui,
3613 871 3844 926 obsecro

2262 980 2321 1028 ut
2338 987 2436 1044 pro
2461 971 2642 1025 anima
2661 981 2685 1008 °
2706 965 3066 1024 Archanbaldi
3094 961 3484 1034 archiepiscopi
3509 960 3849 1016 intercedere

2262 1062 2546 1133 diligenter
2567 1059 2783 1130 jubeas,
2803 1055 3059 1128 qui'mihi
3083 1062 3139 1109 et
3154 1060 3309 1125 pater
3345 1059 3403 1106 et
3427 1049 3613 1113 frater,
3631 1059 3686 1105 et
3710 1048 3849 1104 ami-

2263 1169 2360 1209 cus
2387 1152 2733 1208 ﬁdelissimus
2755 1148 2880 1214 fuit,
2907 1149 3071 1203 etiam
3091 1153 3149 1200 et
3175 1143 3575 1212 condiscipulus
3599 1141 3701 1196 sub
3723 1156 3848 1197 ma-

2263 1245 2434 1316 gistro
2472 1257 2613 1297 meo.
2653 1241 2793 1295 Ecce
2817 1253 2918 1310 ego
2945 1236 3091 1292 solus
3124 1234 3344 1291 relictus
3369 1248 3490 1288 sum
3517 1222 3702 1286 schola
3731 1229 3845 1294 illa,

2265 1345 2319 1391 et
2339 1350 2446 1390 non
2465 1349 2562 1389 ero
2585 1331 2753 1395 solus,
2780 1331 2906 1385 dum
2935 1345 3033 1384 vos
3063 1328 3293 1382 habeam
3321 1325 3508 1380 ﬁdeles
3539 1332 3595 1379 et
3616 1323 3845 1379 amicos.

2265 1426 2418 1493 Quod
2453 1440 2583 1481 vero
2622 1423 2755 1478 mihi
2780 1421 3049 1477 mandasti
3071 1419 3276 1490 aliquid
3296 1418 3537 1474 scribere
3561 1417 3627 1472 de
3651 1415 3850 1486 praedi-

2264 1518 2476 1573 catione
2501 1516 2570 1570 ad
2595 1528 2855 1585 paganos,
2883 1520 3104 1583 propter
3132 1509 3436 1582 angustiam
3487 1507 3750 1578 temporis
3789 1515 3848 1562 et

2265 1609 2666 1666 festinationem
2694 1605 2975 1678 portitoris
3024 1619 3131 1659 non
3171 1603 3410 1658 occurrit
3456 1601 3590 1656 mihi
3640 1598 3850 1670 aliquid

2267 1703 2472 1758 dictare
2514 1699 2741 1764 exinde;
2790 1706 2972 1753 tamen
3023 1693 3309 1750 consulens
3361 1691 3675 1762 paternitati
3741 1700 3849 1745 tua:

2274 1794 2295 1835 ι
2336 1793 2458 1849 misi
2489 1792 2586 1847 tibi
2610 1790 2907 1862 epistolam,
2931 1801 3092 1857 quam
3121 1793 3246 1840 ante
3277 1799 3478 1854 paucos
3505 1784 3620 1838 dies
3649 1783 3848 1838 domno

587 1896 806 1965 prodest
836 1896 1120 1952 inﬁrmitas
1143 1899 1384 1967 corporis
1413 1897 1567 1970 [Cod.
1592 1899 1709 1955 Sal.
1725 1909 1774 1956 et
1796 1877 2028 1968 nam.
2047 1877 2166 1959 car-
2198 1893 2244 1954 Β
2268 1887 2383 1958 resi
2409 1885 2474 1940 de
2495 1885 2599 1939 hac
2612 1883 2801 1961 θεάθιρ
2817 1896 2875 1936 re
2894 1879 3088 1934 direxi-
3111 1877 3375 1970 Tempore
3390 1888 3518 1970 vero
3544 1881 3849 1943 opportuno

588 1987 833 2060 poralis],
856 1996 916 2042 ut
941 1988 1198 2043 fortitudo
1229 1989 1352 2044 fidei
1377 1997 1588 2045 crescat
1609 1990 1666 2044 in
1711 1991 1910 2046 anima.
1953 1991 2166 2064 [Adhuc

591 2093 650 2133 se
681 2088 792 2134 tota
821 2079 1017 2150 Spania
1047 2090 1192 2135 errat
1223 2081 1276 2135 in
1305 2078 1649 2155 Adoptione.]
1674 2080 1836 2137 Orate
1861 2099 1959 2154 pro
1987 2085 2162 2151 nobis,

590 2180 652 2226 ut
673 2171 1144 2242 Spiritussanctus
1169 2173 1467 2228 Paraclitus
1495 2175 1720 2245 inspiret
1747 2176 1956 2230 animas
1984 2192 2166 2231 servo-

594 2277 718 2316 rum
755 2277 971 2317 suorum
1018 2263 1085 2317 ad
1140 2262 1529 2318 defendendam
1557 2265 1839 2320 catholicae
1869 2265 1990 2321 ﬁdei
2027 2266 2168 2321 veri—

590 2360 788 2419 tatem;
818 2356 944 2424 quia
969 2364 1178 2426 tempus
1196 2364 1298 2420 est,
1311 2356 1449 2410 sicut
1466 2355 1692 2428 legimus
1715 2359 2027 2428 praedictum
2049 2373 2168 2414 esse

591 2443 648 2498 in
677 2444 832 2500 libris
861 2447 1078 2502 sanctis.
1113 2448 1193 2502 Tu
1242 2461 1371 2503 vero
1415 2463 1538 2505 cum
1585 2451 1693 2506 tuis
1732 2466 1944 2522 semper
1979 2467 2167 2507 sanam

589 2550 816 2606 sequere
847 2540 1239 2606 doctrinam,et
1269 2543 1589 2599 catholicam
1619 2545 1852 2616 praedica
1884 2545 2170 2616 diligenter

590 2623 771 2691 ﬁdem,
799 2636 859 2681 ut
887 2636 1144 2684 aeternam
1175 2631 1480 2687 mercedem
1521 2649 1644 2688 cum
1671 2634 1954 2705 multiplici
1987 2634 2168 2690 fructu

589 2717 790 2775 habere
840 2722 1120 2777 merearis.
1162 2724 1323 2779 Vivas
1367 2725 1494 2780 felix
1529 2733 1582 2780 et
1616 2728 1847 2796 gaudeas
1877 2728 1933 2782 in
1967 2728 2166 2784 Christi

593 2826 777 2866 amore
797 2827 919 2866 cum
959 2813 1066 2868 tuis
1099 2815 1368 2880 omnibus,
1399 2816 1592 2885 Aquila
1618 2819 1956 2875 charissime.

1050 2902 1077 2942 ιι
1122 2903 1453 2959 EPISTOLA
1488 2905 1706 2962 XXXV.

1114 3008 1182 3047 AD
1211 2995 1230 3013 '
1266 2996 1282 3014 '
1323 2993 1638 3066 (ABNONEI).

1197 3086 1375 3159 (Anno
1413 3087 1562 3158 796.)

589 3172 1060 3248 Eidemsigliiﬁcat
1082 3192 1138 3248 se
1166 3174 1310 3248 illius
1330 3175 1598 3246 epistolam
1626 3178 1902 3248 accepisse.
1932 3179 2170 3234 Archan—

2270 1980 2296 2019 8
2324 1977 2533 2048 plenius
2575 1975 2872 2045 scripturus
2901 1987 2998 2028 ero
3038 1970 3106 2026 de
3141 1969 3228 2026 his
3269 1967 3519 2024 omnibus
3556 1974 3663 2020 tua:
3686 1979 3852 2021 vene-

2266 2069 2450 2124 randae
2488 2065 2782 2122 dilectioni.

2350 2159 2436 2214 Vw
2491 2159 2687 2214 mundo
2734 2175 2768 2212 a
2811 2155 3076 2212 scandatis
3129 2153 3345 2227 (Matth.
3378 2150 3650 2220 xvnt,7)l
3709 2148 3853 2217 Quid

2265 2250 2411 2305 enim
2442 2249 2559 2303 auri
2586 2249 2777 2304 insana
2801 2248 2994 2318 cupido
3021 2262 3128 2302 non
3153 2245 3417 2302 subvertit
3460 2243 3621 2299 boni!
3671 2251 3854 2297 tamen

2265 2347 2459 2408 potens
2479 2347 2562 2393 est
2582 2338 2725 2393 Deus
2747 2351 3069 2409 recuperare
3092 2335 3236 2406 quod
3261 2341 3496 2404 ceptum
3519 2339 3622 2400 est,
3646 2341 3701 2386 et
3730 2346 3854 2401 per-

2266 2427 2426 2484 ﬁcere
2454 2429 2598 2497 quod
2624 2427 2825 2482 factum
2856 2441 2965 2482 non
2989 2433 3091 2482 est.
3121 2423 3359 2494 Rogetur
3387 2419 3504 2492 ejus
3541 2419 3850 2485 clementia,

2265 2531 2328 2578 ut
2353 2522 2570 2590 adjuvet
2602 2519 2832 2576 famulos
2859 2533 2986 2574 suos
3007 2519 3064 2573 in
3095 2517 3276 2572 labore
3312 2515 3404 2587 pio
3431 2511 3851 2585 praedicationis,

2267 2625 2326 2670 ut
2353 2603 2423 2670 sit
2457 2615 2575 2669 laus
2603 2612 2808 2668 nomini
2828 2609 2945 2680 ejus
2966 2612 3022 2666 in
3053 2617 3334 2666 aeternum.
3371 2606 3522 2662 Hanc
3551 2603 3858 2660 chartulam

2269 2707 2474 2762 habeas
2503 2714 2680 2761 tecum
2714 2703 2923 2775 legens,
2954 2700 3322 2765 considerans,
3353 2699 3522 2754 donec
3557 2695 3856 2767 pleniorem

2271 2801 2506 2870 accipias
2529 2797 2903 2855 catechizandi
2930 2797 3216 2851 rationem.
3246 2793 3358 2849 Etsi
3379 2791 3540 2847 modo
3581 2788 3736 2863 μὴ..
3776 2789 3857 2844 sic

2272 2908 2412 2949 novo
2444 2891 2565 2965 [tibi
2599 2907 2705 2946 non
2736 2891 2897 2946 liceat
2925 2904 3135 2944 mecum
3164 2887 3329 2956 loqui,
3362 2887 3532 2942 donec
3556 2898 3758 2939 venero
3785 2882 3858 2938 ad

2273 2985 2529 3038 domuum
2557 2999 2740 3056 regem
2772 2982 2953 3054 (spero
2977 2980 3080 3052 41
3110 2995 3199 3036 me
3229 2987 3400 3034 totam
3417 2985 3657 3033 aestatem
3675 2977 3731 3031 in
3747 2973 3858 3031 illis

2273 3085 2419 3133 stare
2443 3075 2707 3145 partibus)
2749 3075 3048 3145 poterimus
3087 3073 3142 3127 in
3171 3072 3200 3112 ιι
3232 3069 3482 3126 Helisetis
3505 3067 3781 3139 conjungi,
3807 3067 3858 3124 si

2276 3169 2427 3223 vobis
2455 3168 2581 3222 licet
2622 3165 2906 3235 Bajouaria
2952 3177 3299 3235 permanere,
3337 3161 3464 3233 quia
3509 3177 3598 3218 res
3645 3161 3860 3233 aliquas

661 3245 804 3319 (goldi
826 3243 1132 3319 (Ea‘nbaldi)
1158 3243 1386 3319 aaimam
1409 3249 1646 3318 precibus
1673 3243 1788 3319 ejas
1816 3249 2163 3305 commendat.
2193 3248 2240 3311 C
2271 3259 2532 3315 habemus
2559 3259 2614 3313 in
2644 3256 2914 3313 Helisetis.
2958 3255 3082 3312 ideo
3134 3256 3332 3312 missus
3382 3264 3506 3310 tuus
3550 3254 3684 3310 mihi
3740 3255 3861 3310 hac

664 3315 826 3391 dfittit
856 3315 1126 3391 epistolam
1157 3315 1225 3369 ad
1265 3315 1429 3387 regem
1450 3359 1464 3383 ,
1491 3315 1736 3390 scriptam
1789 3321 1854 3374 de
1906 3322 2168 3391 pra’dica-

661 3385 800 3438 tione
825 3385 964 3455 apud
1005 3403 1252 3457 paganos.

595 3477 760 3602 tePio
801 3477 950 3531 Patri
989 3487 1044 3532 et
1081 3477 1234 3533 fratri
1273 3478 1413 3535 ﬁdeli
1453 3489 1506 3536 et
1540 3481 1649 3538 ﬁlio
1673 3483 1993 3540 charissimo
2022 3485 2168 3541 salu-

652 3563 726 3602 m.

661 3618 982 3689 Accepimus
1011 3622 1293 3676 charitatis
1319 3630 1513 3678 vestrae
1541 3622 1770 3679 litteras.
1795 3623 2013 3696 Magnas
2039 3626 2172 3683 mihi

593 3711 834 3782 eulogias
861 3713 1078 3780 misisti,
1097 3714 1223 3768 dum
1253 3723 1422 3781 tuam,
1445 3718 1748 3772 venerande
1772 3717 1955 3785 Pater,
1977 3721 2172 3789 agnovi

594 3805 878 3860 sanitatem
917 3814 972 3861 et
1011 3809 1450 3877 prosperitatem,
1484 3824 1601 3879 quae
1652 3811 1785 3865 mihi
1830 3811 1950 3880 plus
1996 3811 2173 3882 placet

595 3911 756 3965 quam
801 3896 1016 3954 millena
1062 3898 1264 3953 talenta
1302 3899 1422 3954 auri
1455 3909 1509 3955 et
1539 3903 1767 3971 argenti.
1800 3902 2004 3974 Magnis
2033 3920 2171 3975 quo-
2283 3918 2285 3920 '

594 4002 699 4057 que
742 4003 830 4043 me
863 3988 1310 4046 sollicitudinibus
1347 3992 1610 4058 liberasti,
1642 3995 1768 4063 quia
1815 3996 1945 4065 quid
1973 3996 2172 4052 Avaria

594 4087 804 4149 gestum
825 4087 930 4146 est,
953 4081 1084 4135 mibi
1117 4083 1419 4138 innotuisti.
1450 4085 1524 4140 De
1562 4087 1686 4141 ﬁliis
1711 4102 1838 4143 vero
1867 4087 1973 4143 tuis
1992 4129 2006 4154 ,
2035 4105 2173 4160 quos

666 4204 691 4270 ξ
732 4191 944 4270 ᾼυανὶα.
969 4192 1222 4270 Mendose
1242 4197 1626 4270 apudPezium
1648 4199 1848 4270 legitur
1878 4216 1892 4254 :
1925 4203 2168 4257 avaritia.

666 4212 691 4232 ιι
732 4212 944 4246 Αυαηα.
969 4212 1222 4251 mendose
1242 4212 1272 4249 a
1313 4212 1382 4251 ua
1410 4212 1626 4253 reatum
1649 4212 1848 4270 tegitur
1878 4216 1892 4254 :
1925 4212 2168 4257 avaritia.

593 4261 719 4334 inde
743 4261 995 4334 deceptus
1025 4265 1110 4317 vir
1153 4266 1220 4319 cl.
1378 4268 1682 4334 Hansizius,
1714 4280 1844 4325 tom.
1888 4271 1930 4326 ll
1985 4271 2168 4327 Germ.

597 4333 775 4396 Sacr.,
800 4347 853 4400 p.
886 4333 1010 4398 105,
1042 4335 1184 4389 hunc
1217 4335 1391 4390 locum
1416 4333 1806 4400 interpretatur
1827 4341 1893 4395 de
1919 4361 1937 4392 ε
1977 4343 2172 4398 haeresi

547 4459 552 4462 _
597 4402 990 4480 simoniaca,_de
1017 4420 1121 4472 qua
1151 4402 1860 4480 subvertendaEngelberto
1881 4413 1948 4466 ad
1981 4413 2171 4468 urbem

597 4471 770 4595 333:0
825 4471 1142 4542 scripserat,
1185 4482 1244 4528 ut
1287 4478 1528 4544 pontiﬁci
1583 4471 1992 4550 diligentissime
2042 4499 2172 4538 sua-

728 4579 740 4592 .
784 4560 802 4591 ι

2272 3351 2484 3417 omnia,
2511 3350 2604 3405 sed
2634 3349 2807 3420 magis
2834 3349 3028 3403 littera;
3072 3349 3396 3417 loquantur,
3427 3347 3551 3417 quia
3591 3346 3858 3404 memoria
3903 3390 3907 3392 -

2272 3443 2602 3499 rusticorum
2627 3440 2836 3514 fragilis
2863 3449 2963 3496 est.
2992 3440 3180 3495 Valete
3209 3440 3264 3493 in
3291 3453 3443 3508 pace.

2731 3556 2748 3596 ί
2779 3551 3112 3610 EPISTOLA
3146 3551 3388 3608 XXXVI.

2874 3651 2942 3690 AD
2979 3647 3248 3689 ARNONBI.

2873 3726 3060 3799 (Anno
3099 3724 3258 3797 796.)

2345 3821 2568 3878 Instruit
2587 3821 2652 3876 de
2676 3819 3050 3891 pra'dicatione
3073 3817 3198 3888 ﬁdei
3224 3817 3364 3890 apud
3389 3818 3589 3874 Λυαῖος
3621 3835 3794 3892 nuper

2915 3905 3204 3943 εοιιυενδοε.

2343 3984 2666 4040 Dulcissimo
2709 3982 2866 4036 fratri
2902 3987 2957 4036 et
2999 3979 3342 4036 sanctissimo
3382 3981 3600 4052 praesuli
3644 3981 3862 4054 Aquilae

2273 4077 2498 4132 Albinus
2523 4075 2773 4146 salutem.

2273 4191 2433 4246 stimo
2468 4189 2756 4246 Alcuinum
2785 4187 2997 4244 edoceri
3037 4186 3272 4243 voluisse
3298 4187 3364 4243 de
3397 4188 3652 4245 seandalo
3675 4192 3749 4246 ob
3774 4205 3863 4246 re-

2271 4262 2544 4333 pudiatam
2572 4277 2603 4315 a
2636 4260 2987 4316 Constantino
3006 4257 3306 4333 legitimam
3333 4274 3578 4333 uxorem,
3619 4272 3676 4316 et
3712 4263 3863 4322 exci-

2275 4329 2442 4387 tatam
2481 4341 2670 4387 contra
2696 4341 2923 4386 sanctos
2968 4329 3133 4394 viros,
3159 4329 3276 4385 illas
3311 4332 3525 4401 nuptias
3558 4333 3860 4401 reproban-

2275 4411 2388 4469 tes,
2416 4403 2849 4472 persecutionem
2887 4417 3028 4457 anno
3069 4403 3193 4459 795.
3243 4401 3375 4457 Vide
3422 4400 3574 4473 Pagi.
3600 4400 3669 4456 ad
3711 4402 3860 4460 hunc

2275 4489 2498 4528 annum.

2345 4543 2378 4616 fl
2407 4543 2560 4616 lianc
2584 4543 2864 4616 epistolam
2889 4543 3166 4616 hucusque
3189 4543 3450 4616 ineditam
3473 4557 3541 4597 ex
3565 4542 3688 4616 cod.
3722 4559 3856 4601 mss.

669 4610 696 4649 ι)
717 4610 1590 4688 _Adventu._(Adveniebattunc,
1617 4621 1693 4674 ait
1730 4619 2014 4678 Hansizius
2059 4622 2163 4680 loc,
2191 4607 2246 4670 Ι)
2272 4613 2468 4688 Salisb.
2497 4607 2900 4688 descripsimus.
2935 4607 3206 4688 Data-fuit
3223 4623 3346 4688 post
3373 4613 3607 4688 priorem
3622 4615 3727 4688 ;Ain
3764 4616 3860 4672 illa

599 4681 691 4762 (iit.
717 4679 922 4762 legatus
949 4685 1300 4762 ad_f;arolum
1342 4679 1586 4762 nomine.
1604 4691 1942 4761 imperatoris
1993 4679 2165 4750 Gnaei

602 4750 907 4807 Thectistus
936 4757 1200 4833 a_l_V_icet_a
1245 4760 1458 4833 Siciliae
1491 4750 1850 4833 gubernatore
1877 4764 2102 4833 missus;
2144 4786 2161 4819 ι

600 4837 740 4914 anno
761 4825 1102 4914 nernpeA797.
1149 4831 1418 4914 Seddquid
1449 4825 1562 4886 lube
1588 4832 1782 4914 legatio
1809 4825 2172 4914 adiiomano-

601 4907 720 4978 rum
763 4893 1095 4978 nobilitatem
1150 4893 1438 4978 pertineat,
1468 4918 1572 4978 non
1619 4893 1794 4978 video.
1840 4905 2018 4960 Malim
2071 4923 2172 4978 ego

601 4963 763 5045 istum
791 4963 967 5019 locum
1006 4963 1349 5045 interpretari
1394 4963 1458 5026 de
1483 4975 1712 5045 adventu
1739 4973 1993 5030 Romana:
2020 4963 2172 5032 nobi-

601 5034 789 5115 litatis;
819 5049 938 5103 qua:
989 5034 1196 5115 select'a
1236 5042 1410 5115 fuerat
1438 5044 1502 5096 ad
1533 5042 2025 5115 deferendum,una
2047 5063 2171 5102 cum

601 5104 837 5178 clavibus
865 5109 1033 5162 sancti
1057 5110 1218 5178 Petri,
1251 5112 1499 5168 vexillum
1528 5115 1676 5169 urbis
1701 5104 1899 5171 Romae
1914 5119 1981 5171 ad
2001 5115 2170 5172 Cam-

602 5175 734 5242 lum,
761 5191 901 5232 anno
931 5178 1052 5233 796.

603 5319 636 5331 h
674 5259 696 5285 ο
733 5245 806 5300 De
829 5246 1486 5331 Graecitasubliqtitatibus.
1505 5274 1525 5308 ‹
1553 5256 1704 5331 [rene
1726 5255 2174 5331 Augusta,_inquit

603 5319 795 5402 iterum
847 5318 1158 5402 Haiisizius,
1201 5323 1373 5402 ﬁlium
1406 5318 1840 5402 _Con_stalitin_uni'
1861 5318 2174 5402 _novi_ssime

602 5394 992 5457 exauctoravit,
1013 5395 1183 5450 oculis
1205 5395 1289 5451 die
1311 5396 1376 5451 15
1399 5394 1541 5451 Junii
1565 5397 1790 5452 effossis.
1806 5417 1824 5450 ι
1855 5397 1960 5452 Sed
1979 5398 2046 5453 de
2071 5400 2174 5454 ista

603 5459 934 5540 revolu‘tione
983 5465 1130 5540 regni
1185 5464 1494 5540 Graecorum
1548 5468 1836 5540 Alcuinus,
1876 5469 2002 5522 dum
2038 5470 2175 5540 hanc

603 5530 882 5609 epistolam
908 5530 1188 5609 scriberet,
1216 5538 1460 5591 notitiam
1485 5537 1680 5592 habere
1711 5540 1798 5592 vix
1825 5530 2019 5607 potuit.
2038 5539 2176 5594 Con-

607 5599 731 5678 tigit
749 5604 891 5678 enim
911 5604 1030 5678 haec
1055 5599 1442 5678 exauctoratio,
1475 5617 1530 5661 et
1565 5599 1907 5678 imperatoris
1932 5624 2174 5664 excaeca—

609 5669 681 5750 tio
714 5669 785 5750 id
801 5669 976 5750 Junii;
1003 5677 1147 5745 atqui
1171 5693 1297 5732 vero
1319 5669 1604 5750 Alcuinum
1631 5669 1947 5747 praesentem
1969 5680 2176 5750 cpisto-

606 5739 711 5820 la‘m
740 5740 882 5820 circa
905 5739 1280 5820 idemiempus
1298 5757 1396 5820 _a_ut
1422 5748 1588 5802 multo
1615 5739 1764 5816 prius
1790 5739 2091 5820 scripsisse,
2109 5765 2176 5804 ex

606 5809 719 5890 illis
738 5813 915 5890 verbis
943 5809 1214 5890 colligitur
1243 5832 1258 5870 :
1285 5818 1398 5872 Nos
1426 5809 1977 5890 vero...'adpalatium
2008 5809 2174 5876 Haase

606 5876 761 5939 «ιω.ιο
785 5880 988 5956 (futuro
1011 5876 1224 5961 ne'mpe)
1257 5905 1592 5964 properamus
1620 5876 2042 5960 :_Vérosimilius
2063 5891 2177 5951 exi-

2271 4685 2436 4749 enim,
2464 4685 2556 4754 qui
2587 4685 2641 4739 in
2671 4683 2885 4767 .Ayaria
2920 4697 3130 4758 gestum
3169 4683 3258 4754 sit,
3287 4683 3506 4758 quatrit;
3539 4684 3594 4740 in
3642 4683 3747 4742 hac
3773 4703 3860 4742 re-

2273 4764 3200 4909 spgfljturgaancﬂfdltiarchiepiscopi.
3245 4825 3578 4909 Eanba‘ldmn
3609 4825 3861 4909 intelligo

2274 4895 2734 4967 archiepiscopum
2763 4895 3175 4964 Eboracensem,
3219 4898 3311 4967 qui
3343 4896 3442 4951 fuit
3469 4896 3682 4967 Alcuini
3723 4895 3858 4953 con-

2277 4966 2588 5049 discipulus,
2611 4966 2951 5048 'ut.testatu.r
2988 4978 3147 5049 poeta
3179 4966 3510 5049 anonynms,
3552 4966 3638 5022 vel
3678 4969 3860 5049 potius

2275 5037 2391 5106 ipse
2411 5037 2670 5108 Alcuinus
2689 5036 2742 5090 in
2765 5036 3004 5108 carmine
3024 5039 3089 5092 de
3109 5036 3376 5108 episcopis
3401 5036 3859 5108 Eboracensibus,

2277 5110 2416 5177 quod
2444 5108 2586 5162 inter
2613 5107 2714 5162 alia
2743 5107 2858 5178 ejus
2885 5109 3124 5162 carmina
3144 5107 3539 5178 exhibebimus.
3563 5107 3709 5163 Obiit
3730 5124 3863 5166 vero

2277 5179 2581 5304 ganbaldus
2626 5194 2681 5233 iv
2719 5177 2836 5232 Kal.
2883 5179 3020 5250 Aug.
3060 5194 3202 5235 anno
3232 5177 3354 5243 796,
3395 5186 3455 5233 ut
3484 5178 3648 5234 habet
3674 5178 3860 5235 Bove-

2314 5266 2468 5304 enus.

2314 5266 2468 5306 enus.

2353 5320 2371 5359 ἱ
2417 5321 2541 5394 Misi
2563 5320 2658 5374 tibi
2679 5320 2966 5394 epistolam.
2991 5320 3140 5394 illam
3168 5329 3315 5394 certe
3335 5336 3498 5390 quam
3518 5319 3679 5391 paulo
3699 5336 3865 5394 supe-

2278 5390 2391 5445 rius
2419 5391 2664 5462 dedimus
2682 5390 2870 5447 Ordine
2891 5391 2961 5447 28
2986 5392 3152 5462 (nunc
3167 5391 3282 5462 733).

2353 5463 2379 5534 εξ
2414 5461 2628 5516 Plenius
2657 5463 2966 5533 scripturus.
2999 5461 3328 5534 Promissum
3358 5462 3601 5534 implevit
3619 5476 3721 5534 per
3742 5462 3864 5533 epi-

2280 5531 2470 5604 stolam
2499 5531 2809 5604 sequentem
2830 5534 3024 5604 ordine
3053 5532 3115 5604 51
3146 5532 3311 5604 (nunc
3332 5531 3444 5604 56).

2351 5604 2376 5642 δ
2419 5602 2487 5656 In
2525 5602 2785 5658 Heliseus.
2829 5603 2886 5656 ld
2930 5613 3032 5668 est,
3079 5603 3132 5656 in
3158 5602 3410 5659 'Elisatio'
3445 5602 3717 5729 ﬁl‘Alsace)
3768 5603 3865 5660 ubi

2351 5675 2643 5729 ssessiones
2689 5674 2894 5729 aliquas
2953 5673 3036 5728 vel
3080 5675 3367 5729 auodniam
3411 5675 3554 5729 ilius
3589 5683 3865 5729 monaste-

2279 5675 2643 5744 possessiones
2689 5674 2894 5744 aliquas
2953 5673 3036 5728 vel
3080 5675 3367 5744 quodpiam
3411 5673 3554 5731 illius
3589 5673 3868 5732 monaste-

2283 5747 2421 5799 rium
2450 5746 2700 5800 habuisse
2725 5744 3008 5799 Alcuinum
3038 5746 3165 5800 hinc
3191 5754 3360 5814 patet.

2363 5815 2561 5888 i__Edit.
2596 5816 2849 5888 Quercet.
2879 5816 2981 5870 104
3005 5831 3072 5872 ex
3117 5831 3220 5870 ms.
3261 5816 3522 5888 (Froben.
3555 5817 3669 5888 51).
3708 5817 3870 5888 Nunc

2280 5889 2338 5948 in
2357 5885 2623 5959 aliquibus
2644 5886 2780 5946 locis
2799 5895 3045 5946 correcta
3091 5899 3156 5945 ex
3202 5885 3323 5945 co'd.
3356 5902 3459 5944 ms.
3491 5885 3688 5946 Salisb.
3738 5887 3869 5947 Haec
