4056 6328
247 329 331 390 I93
715 266 730 270 Ἡ
1199 262 1202 264 Ὺ
1636 305 2022 367 EPISTOLAE.

3363 317 3469 375 IN

295 441 589 510 Pmagum
617 431 715 490 tibi
743 442 940 489 nomen
991 427 1295 500 imposuere
1337 429 1611 496 Parentes:
1659 421 1789 478 Ῑίοθι
1809 425 1866 484 Α
1890 440 2166 511 baptizare
2199 441 2382 513 jussit.
2411 442 2614 500 Deinde
2651 442 2756 500 ﬁde
2785 443 3070 515 imbutum,
3106 455 3162 505 et
3197 461 3353 508 sacro
3374 453 3470 508 ba-

234 527 622 603 dispensationis
650 525 743 608 Dei
781 523 973 594 ignari,
1021 520 1164 578 apud
1200 533 1360 589 quem
1389 518 1571 572 omnia
1603 515 1786 570 futura

230 623 323 694 iam
345 622 477 677 facta
515 626 660 676 sunt.
688 607 790 683 Qui
829 623 880 669 te
914 628 1123 669 summa
1147 611 1346 682 pietate
1372 608 1613 665 caelestia
1637 607 1788 663 ordi-

230 715 360 772 navit
388 710 641 783 mysteria
670 707 883 780 populis
909 704 1235 768 ministrare,
1263 709 1318 756 et
1349 701 1416 756 de
1454 700 1566 754 alto
1603 713 1792 768 super-

230 822 300 862 na:
324 805 503 877 gratiae
530 801 727 857 intuitu
752 795 1081 854 acutissimis
1110 791 1470 864 spiritualium
1511 789 1790 845 oculorum

230 896 482 955 obtutibus
521 893 834 964 ﬂuctivagos
867 889 934 944 de
963 885 1122 956 hujus
1146 884 1327 942 saeculi
1371 882 1484 939 salo
1511 883 1688 954 pisces
1722 881 1792 936 ad

226 989 607 1054 viviﬁcandum,
637 1002 744 1042 non
771 986 838 1040 ad
864 979 1294 1038 mortiﬁcandum
1325 991 1516 1033 eruere
1550 985 1606 1031 et
1637 990 1793 1031 sacro

223 1082 363 1140 vitrei
387 1079 556 1134 fontis
578 1078 793 1132 lavacro
809 1075 1046 1139 abluere,
1061 1079 1116 1128 et
1133 1071 1258 1142 igne
1280 1069 1453 1125 sancti
1474 1068 1707 1139 Spiritus
1724 1068 1794 1122 ad

221 1171 388 1244 epulas
408 1168 601 1225 aeterni
632 1166 792 1237 Regis
810 1171 991 1218 astare
1017 1159 1133 1235 [F.,
1149 1158 1379 1232 assare],
1405 1169 1637 1213 utverus
1659 1171 1794 1226 apo-

220 1262 408 1318 stolicae
449 1257 750 1314 vocationis
779 1255 994 1310 auditor
1022 1249 1290 1316 eiﬁciaris,
1319 1250 1531 1305 dicente
1553 1247 1793 1312 Christo,

219 1353 331 1408 dum
373 1352 434 1407 in
479 1348 792 1422 procellosis
817 1345 1089 1401 ﬂuctibus
1120 1343 1308 1416 [binas
1332 1342 1536 1414 (Edit.,
1568 1338 1792 1412 vivas)]

217 1443 439 1499 duorum
458 1441 688 1497 fratrum
709 1439 1096 1511 germanitates
1119 1436 1303 1491 labore
1325 1434 1535 1504 aspexit
1561 1449 1575 1487 :
1617 1430 1796 1486 Venite

213 1543 312 1604 post
331 1549 442 1599 me,
465 1541 515 1587 et
536 1531 730 1602 faciam
750 1545 837 1584 vos
855 1529 972 1597 ﬁeri
987 1527 1268 1598 piscatores
1289 1525 1557 1578 hominum
1577 1522 1793 1595 (Matth.

215 1641 282 1692 1v,
313 1625 420 1697 l9).
470 1622 587 1679 Non
617 1637 649 1676 a
684 1619 852 1691 priori
892 1617 1124 1690 propriae
1174 1616 1309 1670 artis
1355 1613 1531 1668 olﬁcio
1584 1627 1798 1682 compe-

211 1730 376 1784 scens,
405 1713 508 1769 sed
549 1721 610 1768 ut
647 1711 920 1774 meliores,
947 1708 1155 1762 retibus
1202 1707 1258 1760 in
1291 1706 1567 1760 dexteram
1594 1704 1793 1769 missis,

211 1807 376 1876 pisces
416 1805 490 1860 ad
526 1803 680 1858 littus
708 1800 1070 1858 stabilissima:
1099 1797 1386 1853 soliditatis
1418 1795 1790 1866 perducerent.

211 1897 311 1951 Hos
349 1905 410 1951 tu
466 1892 871 1951 efﬁcacissimus
918 1889 1085 1946 divini
1145 1889 1323 1960 operis
1369 1887 1643 1943 laborator
1683 1895 1796 1942 tota

213 1990 405 2045 mentis
443 1988 742 2043 intentione
771 1984 985 2054 assequi
1015 1990 1217 2055 satage,
1253 1990 1518 2052 quatenus
1550 1980 1798 2037 Christus

210 2082 316 2152 ipse
344 2097 449 2152 per
481 2088 534 2137 te
563 2081 628 2136 de
661 2087 766 2134 tuae
798 2077 960 2150 puppi
1005 2077 1203 2132 carinae
1244 2074 1457 2145 populis
1502 2071 1799 2144 praedicare

210 2173 482 2243 dignetur,
516 2181 570 2228 et
613 2172 685 2227 sit
703 2171 823 2242 pius
851 2171 1178 2241 gubernator
1203 2167 1488 2231 naviculae,
1516 2181 1584 2220 ex
1613 2180 1717 2234 qua
1745 2172 1799 2220 te

204 2267 338 2322 retia
367 2265 679 2336 apostolicae
717 2261 1118 2333 praedicationis
1167 2260 1220 2314 in
1245 2259 1468 2329 pelagus
1494 2256 1800 2327 profundis-

205 2357 354 2413 simae
387 2355 710 2428 gentilitatis
760 2354 1064 2422 expandere
1105 2352 1308 2420 jussit:
1337 2357 1603 2418 quatenus
1648 2347 1800 2402 illum

197 2459 294 2516 per
321 2461 447 2509 suae
485 2459 695 2512 magnae
721 2441 940 2512 pietatis
968 2439 1370 2494 miserationem
1406 2436 1501 2491 tibi
1533 2436 1804 2505 sociisque

195 2539 308 2593 tuis
333 2534 744 2606 praecipientem
784 2532 1014 2586 audias:
1050 2531 1247 2599 Aﬂ'erte
1292 2528 1355 2582 de
1396 2526 1623 2598 piscibus
1674 2543 1804 2599 quos

195 2625 551 2698 prendidistis
578 2641 716 2679 nunc
742 2623 925 2695 (Joan.
956 2637 1074 2688 xx1,
1103 2620 1214 2691 10).

265 2739 408 2794 Esto
456 2738 715 2792 obediens
756 2735 1020 2790 voluntati
1070 2735 1217 2790 illius
1261 2733 1556 2790 secundum
1606 2749 1803 2790 nomen

205 2821 470 2896 Simonis,
497 2830 588 2900 qui
633 2828 700 2884 ad
747 2828 1086 2883 Dominicum
1134 2828 1439 2884 convivium
1479 2827 1646 2882 traxit
1689 2837 1804 2884 rete

204 2921 357 2991 plene
411 2920 627 2991 magnis
669 2919 906 2991 piscibus
945 2926 1161 2974 centum
1212 2919 1598 2990 quinquaginta
1633 2919 1806 2975 tribus

210 3009 386 3081 (Joan.
422 3026 540 3075 xxr,
570 3009 679 3081 ll).
712 3010 813 3076 Qui
840 3025 969 3065 vero
1015 3011 1124 3064 sint
1164 3010 1220 3064 hi
1263 3011 1443 3082 pisces
1492 3010 1547 3064 in
1577 3011 1679 3065 hoc
1706 3027 1805 3066 nu-

208 3115 352 3155 mero
382 3099 675 3173 [pmeﬁniti
707 3099 895 3171 (Edit.,
933 3100 1224 3173 perﬁniti)]
1243 3141 1258 3166 ,
1289 3102 1335 3156 si
1364 3101 1497 3156 velis
1531 3101 1691 3168 scire,
1725 3102 1803 3157 illi

208 3199 326 3245 sunt
352 3192 449 3259 qui
473 3205 540 3245 ex
570 3189 824 3262 decalogo
847 3190 999 3264 [Cod.
1049 3191 1189 3258 Sal.,
1216 3191 1480 3264 decalogi]
1503 3201 1800 3264 prtecepto-

209 3297 325 3336 rum
348 3281 478 3347 Dei,
496 3281 580 3336 vel
602 3297 669 3336 ex
692 3282 990 3351 septiformi
1014 3283 1185 3337 sancti
1204 3281 1439 3352 Spiritus
1457 3284 1654 3354 gratia,
1677 3293 1801 3355 post

209 3383 516 3428 extremam
541 3372 990 3426 resurrectionem
1013 3373 1080 3426 ad
1102 3381 1417 3442 perpetuum
1441 3391 1565 3430 cum
1587 3375 1803 3431 Christo

210 3463 517 3516 convivium
561 3462 716 3516 electi
760 3471 905 3518 sunt.
951 3461 1076 3517 Ideo
1128 3470 1240 3518 rete
1284 3464 1427 3520 illius
1464 3466 1799 3536 piscationis,

213 3554 342 3608 sicut
383 3554 438 3607 in
472 3553 645 3624 priori
681 3562 927 3624 captura,
979 3553 1208 3609 scissum
1263 3570 1383 3611 esse
1438 3572 1544 3611 non
1583 3557 1801 3627 legitur,

212 3646 328 3714 quia
355 3645 546 3713 nullus
580 3644 676 3708 ibi,
705 3645 811 3699 nisi
841 3645 1045 3701 electus
1073 3653 1128 3700 et
1154 3646 1223 3700 ad
1254 3657 1572 3718 perpetuam
1611 3663 1803 3719 pacem

214 3737 516 3799 ordinatus,
543 3734 800 3788 invitatur
833 3734 1075 3790 conviva.
1126 3735 1292 3806 Igitur
1316 3736 1362 3791 si
1409 3737 1477 3792 ab
1504 3754 1614 3794 uno
1634 3753 1803 3809 usque

215 3827 274 3881 ad
301 3829 597 3898 septimam
637 3826 900 3881 decimam
943 3842 1231 3891 summam,
1279 3829 1518 3900 singulos
1552 3846 1805 3886 numeros

215 3933 301 3989 per
346 3927 644 3991 augmenta
692 3921 1124 3989 computaveris,
1172 3922 1501 3990 posteriores
1551 3938 1804 3978 numeros

216 4022 416 4079 semper
438 4009 720 4080 prioribus
744 4008 1057 4082 adjungens,
1084 4013 1247 4067 totius
1267 4013 1636 4069 calculationis
1657 4030 1804 4070 sum-

217 4112 293 4152 ma
328 4101 383 4154 in
411 4099 525 4154 153
554 4101 833 4156 accrescit.
867 4101 934 4156 Et
969 4102 1016 4156 si
1059 4102 1158 4158 hos
1185 4105 1370 4158 decem
1413 4114 1466 4159 et
1507 4113 1712 4174 septem
1748 4105 1800 4161 in

219 4191 312 4246 duo
364 4193 662 4258 divideris,
721 4193 774 4247 id
827 4201 909 4249 est
966 4193 1246 4249 denarium
1304 4203 1360 4249 et
1408 4197 1800 4265 septenarium,

221 4282 462 4340 denarius
495 4284 686 4353 legalia
720 4286 990 4351 mandata,
1023 4295 1078 4340 ct
1114 4287 1448 4355 septenarius
1475 4290 1612 4342 dona
1630 4291 1803 4345 sancti

221 4373 443 4444 Spiritus
489 4375 753 4445 designat.
807 4376 936 4430 Item
976 4377 1021 4430 si
1068 4383 1271 4446 septem
1315 4377 1369 4430 in
1413 4377 1548 4432 duas
1601 4377 1805 4434 divide-

1890 533 2145 602 ptismate
2194 534 2434 590 ablutum
2481 535 2806 606 evangelicis
2868 535 3136 593 instruere
3187 543 3472 612 prteceptis

1893 625 2189 681 mandavit.

1963 714 2118 772 Hunc
2138 723 2198 771 tu
2221 718 2488 784 ordinem,
2511 717 2849 775 sanctissime
2869 719 3074 788 doctor,
3102 721 3472 778 cateebizandi

1893 803 1949 858 in
1974 805 2168 860 adultae
2193 806 2370 861 anatis
2392 806 2524 860 viris
2550 807 2749 876 ubique
2772 808 3002 864 ﬁrmiter
3028 809 3288 865 ohtineas.
3336 809 3471 866 Ρη·-

1891 896 2068 967 giliori
2089 913 2218 953 vero
2239 899 2383 953 mtati
2410 900 2497 969 pia
2523 908 2695 954 mater
2721 900 2962 958 Ecclesia
2986 902 3269 968 concessit,
3296 912 3357 958 ut
3381 904 3474 972 qui

1893 990 2069 1046 alieno
2092 991 2147 1046 in
2178 1000 2404 1062 paterna
2432 993 2878 1062 praevaricatione
2901 992 3094 1064 ligatus
3120 1001 3204 1049 est
3230 1001 3470 1064 peccato,

1893 1081 2114 1138 alterius
2139 1083 2192 1136 in
2224 1082 2476 1151 baptismi
2505 1084 2765 1154 mysterio
2791 1083 3126 1155 professione
3151 1083 3356 1139 solutus
3381 1083 3472 1138 sit.

1894 1172 1963 1227 Et
2006 1173 2050 1228 si
2099 1175 2202 1229 hoc
2237 1189 2344 1229 non
2380 1181 2556 1240 esset,
2594 1175 2779 1244 quanti
2829 1174 3068 1245 perirent
3110 1173 3365 1238 infantes,
3409 1188 3477 1228 ex

1895 1279 2124 1334 quorum
2156 1263 2344 1338 [nunc]
2374 1279 2598 1320 numero
2642 1265 2876 1321 caelestis
2901 1265 3141 1335 quotidie
3183 1264 3479 1320 aediﬁcatur

1897 1354 2272 1410 Hierusalem?
2305 1355 2524 1425 Absque
2570 1354 2697 1421 ﬁde,
2743 1355 2871 1425 quid
2917 1355 3129 1426 proﬁcit
3178 1355 3476 1426 baptisma?

1896 1445 2107 1501 dicente
2155 1445 2414 1516 Apostolo
2444 1460 2459 1498 :
2489 1444 2616 1500 Sine
2665 1445 2771 1516 ﬁde
2815 1445 3129 1514 impossibile
3158 1455 3232 1500 est
3275 1444 3480 1516 placere

1897 1535 2006 1590 Deo
2035 1536 2222 1608 (Hebr.
2253 1553 2330 1603 x1,
2368 1536 2444 1608 6).
2472 1536 2616 1590 Inter
2655 1535 2983 1606 impossibile
3025 1544 3080 1591 et
3119 1536 3333 1593 diﬁicile
3378 1537 3481 1594 hoc

1898 1628 2161 1684 interesse
2199 1629 2426 1700 legimus
2455 1646 2467 1681 :
2494 1627 2712 1684 difﬁcile
2738 1638 2822 1683 est
2868 1629 3011 1697 quod
3038 1629 3175 1695 ﬁeri,
3212 1629 3338 1684 licet
3365 1630 3480 1696 vix,

1897 1727 2106 1790 potest;
2140 1717 2470 1789 impossibile
2517 1733 2668 1784 vero,
2705 1719 2849 1788 quod
2893 1718 3113 1774 omnino
3153 1719 3221 1774 ab
3248 1719 3482 1774 humana

1900 1807 2193 1879 fragilitate
2241 1809 2359 1864 neri
2383 1867 2386 1871 ,
2409 1824 2517 1864 non
2561 1817 2757 1879 potest.
2810 1808 2934 1864 Ideo
2976 1809 3092 1879 ipse
3133 1807 3392 1866 Dominus
3427 1810 3484 1864 in

1899 1896 2211 1969 Evangelio,
2254 1899 2593 1968 stupentibus
2637 1897 2911 1967 apostolis,
2961 1898 3082 1967 quis
3124 1913 3192 1952 ex
3228 1899 3486 1956 divitibus

1899 1989 2082 2044 salvus
2116 1988 2234 2044 ﬁeri
2257 1998 2456 2059 posset,
2483 1989 2760 2059 reSpondit
2791 2003 2806 2041 :
2833 1988 2985 2059 Apud
3010 1989 3243 2043 homines
3267 1989 3364 2042 hoc
3387 1989 3487 2043 im-

1899 2081 2142 2152 possibile
2167 2090 2274 2147 est;
2303 2081 2443 2152 apud
2470 2082 2639 2136 Deum
2666 2091 2839 2136 autem
2867 2084 3040 2137 omnia
3069 2083 3336 2148 possibilia
3364 2093 3486 2139 sunt

1902 2172 2117 2244 (Matth.
2146 2188 2262 2238 xIx,
2294 2172 2404 2244 26).
2433 2172 2638 2228 Idcirco
2673 2174 2871 2229 misera
2896 2173 3218 2249 [Saxonum]
3247 2192 3376 2248 gens
3406 2185 3488 2232 to-

1901 2264 2004 2318 ties
2037 2263 2289 2334 baptismi
2322 2265 2555 2333 perdidit
2593 2274 3014 2331 sacramentum,
3044 2267 3169 2335 quia
3213 2283 3488 2338 nunquam

1902 2355 2026 2410 ﬁdei
2051 2355 2490 2427 [fundamentum
2517 2356 2710 2428 (Edit.,
2736 2357 3191 2416 sacramentumll
3222 2359 3411 2415 habuit
3432 2360 3486 2415 in

1908 2445 2092 2498 corde.

1979 2546 2084 2602 Sed
2117 2555 2172 2602 et
2211 2547 2315 2603 hoc
2349 2548 2626 2603 sciendum
2674 2556 2758 2602 est
2801 2547 2944 2618 quod
2996 2547 3149 2614 ﬁdes,
3195 2549 3489 2608 secundum

1906 2638 2051 2707 quod
2080 2646 2299 2694 sanctus
2319 2638 2648 2709 Augustinus
2671 2639 2766 2704 ait,
2789 2655 2855 2694 ex
2884 2639 3158 2695 voluntate
3184 2641 3263 2707 ﬁt,
3293 2658 3399 2698 non
3424 2661 3488 2701 ex

1906 2727 2246 2782 necessitate.
2273 2725 2552 2794 Quomodo
2566 2737 2741 2797 potest
2760 2729 2923 2783 homo
2941 2729 3060 2800 cogi
3080 2739 3139 2784 ut
3151 2730 3334 2788 credat
3349 2734 3490 2801 quod

1905 2837 2012 2876 non
2043 2822 2249 2878 credit?
2274 2820 2477 2892 Impelli
2504 2829 2683 2891 potest
2716 2822 2876 2876 homo
2917 2823 2986 2877 ad
3016 2823 3366 2892 baptismum,
3398 2826 3490 2882 sed

1905 2927 2013 2967 non
2059 2912 2126 2966 ad
2154 2911 2313 2967 ﬁdem
2345 2910 2555 2966 :velut1
2600 2911 2689 2966 isti
2732 2911 2972 2968 hmretici
3014 2913 3106 2983 qui
3151 2914 3490 2986 adoptionem

1905 3002 2085 3056 carnis
2118 3002 2173 3055 in
2201 3001 2418 3057 Christo
2448 3001 2788 3069 conﬁrmant,
2831 3002 3138 3059 nullatenus
3165 3005 3232 3060 ad
3270 3007 3490 3062 catholi-

1906 3111 2025 3151 cam
2071 3095 2231 3150 ﬁdem
2282 3096 2524 3151 converti
2580 3103 2838 3166 possunt,
2875 3097 3000 3167 quia
3041 3096 3244 3152 nullam
3291 3099 3492 3154 habent

1904 3188 2232 3244 voluntatem
2267 3188 2582 3244 orthodoxae
2630 3186 2755 3242 ﬁdei
2797 3186 3188 3258 professionem
3217 3203 3339 3244 cum
3367 3189 3491 3244 uni-

1901 3280 2097 3336 versali
2138 3279 2380 3335 Ecclesia
2423 3279 2799 3350 cognoscendi.
2853 3279 3136 3336 Docendus
3185 3289 3270 3336 est
3314 3281 3492 3352 itaque

1904 3372 2068 3426 homo
2089 3370 2406 3426 rationalem
2433 3370 2638 3426 habens
2658 3369 3086 3440 intelligentiam,
3103 3379 3158 3425 et
3177 3371 3490 3428 multimoda

1904 3464 2284 3533 praedicatione
2324 3463 2695 3526 attrahendus,
2746 3471 2807 3518 ut
2852 3477 3021 3518 sacra:
3051 3462 3175 3517 ﬁdei
3209 3464 3492 3519 veritatem

1905 3564 2178 3626 agnoscat.
2205 3555 2272 3609 Et
2296 3555 2528 3610 maxime
2550 3553 2645 3609 Dei
2668 3554 3054 3624 omnipotentis
3082 3569 3180 3624 pro
3210 3569 3274 3608 eo
3303 3555 3493 3627 depre-

1906 3645 2077 3701 canda
2102 3652 2186 3700 est
2205 3644 2509 3710 clementia,
2549 3645 2674 3714 quia
2705 3644 2878 3699 otiosa
2906 3653 2989 3700 est
3018 3644 3200 3718 lingua
3225 3645 3490 3714 docentis,

1905 3737 1952 3794 si
1987 3738 2160 3810 gratia
2207 3737 2387 3792 divina
2431 3751 2526 3792 cor
2564 3738 2826 3793 auditoris
2871 3753 2980 3792 non
3021 3737 3231 3793 imbuit.
3271 3738 3494 3796 Dicente

1906 3829 2022 3900 ipsa
2060 3829 2295 3884 Veritate
2325 3846 2339 3882 :
2375 3827 2544 3882 Nemo
2569 3837 2734 3899 potest
2761 3829 2931 3882 uenire
2956 3827 3025 3881 ad
3049 3843 3149 3893 me,
3180 3827 3282 3882 nisi
3308 3825 3491 3894 Pater,

1904 3925 1994 3995 qui
2040 3923 2182 3977 misit
2231 3938 2329 3986 me,
2367 3921 2642 3975 attraxerit
2676 3936 2794 3974 eum
2825 3920 3020 3990 (Joan.
3054 3936 3138 3984 v1,
3166 3918 3290 3990 44).
3339 3920 3406 3974 Et
3435 3929 3494 3975 ut

1904 4018 2182 4088 aequaliter
2213 4024 2455 4071 sanctam
2486 4011 2808 4068 Trinitatem
2839 4012 3066 4066 salutem
3104 4011 3342 4066 hominis
3365 4027 3495 4082 epe-

1903 4111 2016 4165 rari
2048 4109 2332 4179 intelligas,
2364 4107 2494 4162 dicit
2525 4113 2581 4159 et
2625 4105 2739 4174 ipse
2777 4103 3036 4157 Dominus
3075 4102 3125 4156 in
3177 4101 3281 4155 alio
3325 4102 3441 4157 loco
3473 4116 3489 4154 :

1909 4201 2077 4255 Nemo
2111 4208 2275 4270 potest
2317 4198 2486 4252 venire
2527 4195 2595 4250 ad
2644 4193 2880 4259 Patrem,
2913 4193 3016 4247 nisi
3065 4209 3155 4263 per
3197 4207 3279 4246 me
3308 4192 3491 4263 (Joan.

1905 4308 2017 4356 xtv,
2059 4290 2133 4362 6).
2163 4289 2295 4344 Item
2323 4297 2378 4343 et
2399 4287 2467 4343 de
2501 4285 2703 4356 Spiritu
2733 4293 2920 4340 sancto
2958 4284 3035 4338 ait
3065 4301 3077 4338 :
3111 4282 3232 4338 Nisi
3265 4284 3379 4354 quis
3408 4299 3492 4338 re~

1907 4362 2061 4436 natus
2095 4381 2251 4451 fuerit
2277 4397 2340 4434 ea:
2369 4396 2508 4451 aqua
2544 4387 2590 4432 et
2626 4377 2848 4449 Spiritu,
2881 4394 2981 4431 non
3008 4387 3173 4448 potest
3199 4377 3415 4432 introire
3438 4377 3492 4428 in

220 4465 288 4519 ris
329 4479 540 4536 partes,
583 4467 635 4521 id
663 4475 745 4522 est
771 4467 826 4521 in
856 4469 889 4522 5
911 4475 965 4521 et
992 4468 1045 4521 4.
1071 4468 1206 4523 Tres
1235 4469 1377 4523 enim
1417 4469 1575 4523 ﬁdem
1606 4481 1805 4528 sanctae
1839 4487 1886 4547 υ
1909 4489 2126 4544 regnum
2152 4472 2250 4526 Dei
2267 4472 2446 4544 (Jonn.
2471 4471 2645 4542 111,5).
2677 4470 2828 4537 Quod
2843 4470 2984 4525 enim
3010 4469 3290 4524 visibiliter
3315 4481 3494 4528 sacer-

219 4556 316 4629 42
349 4559 638 4614 Trinitatis
689 4557 1006 4628 designant,
1055 4560 1110 4613 in
1149 4575 1255 4629 qua
1299 4558 1401 4613 ﬁde
1442 4575 1630 4614 omnes
1676 4578 1807 4631 gen-

222 4659 292 4703 tes
341 4651 619 4704 salvandm
665 4650 792 4715 sint,
816 4665 935 4720 qua:
957 4651 1009 4706 in
1040 4648 1400 4720 quadrifarias
1428 4651 1592 4706 totius
1619 4653 1806 4708 mundi

219 4741 392 4812 plagas
413 4739 629 4796 diﬁ‘usa’.
656 4749 800 4796 sunt.
828 4741 950 4796 Ideo
970 4741 1228 4796 Dominus
1254 4750 1439 4796 noster
1456 4739 1614 4798 Jesus
1641 4743 1803 4799 Chri-

223 4843 326 4886 stus
375 4833 661 4903 discipulis
698 4834 812 4888 suis
853 4832 1158 4899 mandavit,
1209 4833 1391 4888 dicens
1423 4847 1437 4885 :
1466 4832 1578 4900 Ite,
1630 4835 1808 4890 docete

224 4939 386 4980 omnes
425 4934 626 4997 gentes,
673 4925 992 4995 aaptizantes
1032 4939 1119 4978 eos
1160 4923 1217 4976 in
1259 4924 1466 4977 nomine
1515 4923 1720 4989 Patris,
1759 4933 1806 4978 et

226 5010 366 5082 Filii,
393 5027 444 5071 et
493 5015 723 5086 Spiritus
762 5016 930 5070 sancti
960 5033 978 5070 :
1011 5015 1251 5069 docentes
1280 5030 1365 5069 eos
1390 5031 1596 5068 servare
1630 5016 1808 5068 omnia

224 5122 540 5179 morsuque
571 5107 815 5161 mandavi
847 5106 984 5161 vobis
1007 5105 1220 5178 (Matth.
1250 5121 1442 5170 xxv111,
1473 5105 1582 5177 19).
1608 5104 1665 5158 1η
1691 5105 1810 5160 istis

226 5201 562 5268 paucissimis
588 5201 769 5255 verbis
795 5199 963 5254 totius
989 5206 1189 5254 sanctae
1216 5197 1616 5268 prmdicationis
1655 5195 1805 5250 ordi-

228 5305 341 5346 nem
371 5291 646 5363 exposuit.
676 5291 769 5345 Bis
805 5291 999 5346 docere
1037 5290 1195 5354 dixit,
1230 5297 1284 5343 et
1312 5288 1478 5344 semel
1507 5288 1803 5357 baptizare.

227 5382 404 5440 Primo
431 5384 677 5440 omnium
705 5382 864 5438 ﬁdem
894 5380 1214 5437 catholicam
1237 5381 1428 5434 docere
1453 5378 1730 5448 praecepit,
1754 5385 1811 5434 et

226 5487 340 5548 post
388 5478 554 5535 ﬁdem
596 5484 870 5548 acceptam
914 5477 969 5531 in
1020 5474 1236 5531 nomine
1285 5479 1484 5528 sancta:
1529 5470 1810 5526 Trinitatis

229 5621 305 5668 est
329 5614 422 5670 illa
440 5614 655 5684 plenior
676 5615 742 5670 de
763 5611 1144 5684 praedicatione
1167 5609 1291 5684 ﬁdei
1314 5606 1455 5678 apud
1485 5604 1691 5684 Avaros
1707 5619 1808 5684 ne:

229 5631 305 5668 est
329 5631 422 5670 Illa
485 5631 655 5671 lentor
676 5631 742 5670 (le
763 5631 1144 5684 praedicatione
1167 5631 1291 5664 nuel
1314 5631 1455 5678 apuu
1485 5631 1691 5660 avarus
1713 5631 1808 5659 ιιυ·

227 5684 362 5741 Viter
388 5631 481 5742 ad,
487 5685 644 5742 ﬁdem
675 5699 965 5741 conversos
1005 5681 1320 5757 instructio,
1339 5692 1509 5757 quam
1540 5677 1594 5757 in
1614 5755 1621 5757 _
1639 5675 1808 5757 priori

231 5757 454 5825 cpistola
478 5757 822 5830 promiserat,
846 5769 988 5810 anno
1006 5754 1217 5818 eodem,
1247 5753 1303 5814 ni
1334 5748 1508 5816 fallor,
1538 5748 1682 5812 data,
1707 5748 1810 5802 etsi

1909 4565 2004 4619 dos
2039 4578 2136 4634 per
2163 4564 2486 4634 baptismum
2511 4571 2768 4632 operatur
2792 4563 2846 4616 in
2887 4575 3113 4631 corpore
3138 4575 3234 4630 per
3273 4573 3491 4628 aquam,

1908 4655 2013 4710 hoc
2050 4653 2284 4724 Spiritus
2329 4662 2548 4708 sanctus
2588 4652 2930 4707 invisibiliter
2955 4659 3210 4721 operatur
3227 4650 3282 4704 in
3312 4649 3493 4704 anima

1907 4758 2006 4813 per
2037 4743 2222 4799 ﬁdem.

1980 4833 2104 4888 Tria
2146 4833 2356 4888 suntin
2392 4831 2732 4896 baptismatis
2776 4839 3117 4886 sacramento
3162 4830 3395 4886 visibilia
3439 4838 3495 4886 ct

1913 4911 2368 4983 tria‘iuvisibilia.
2419 4925 2663 4982 Visibilia
2712 4932 2838 4979 sunt
2882 4924 3162 4989 sacerdos,
3209 4938 3407 4994 corpus
3441 4930 3495 4977 et

1910 5034 2069 5090 aqua.
2100 5017 2388 5072 Invisibilis
2430 5031 2578 5079 vero,
2613 5015 2832 5086 spiritus
2854 5023 2908 5068 et
2935 5014 3111 5069 anima
3139 5021 3194 5069 et
3218 5013 3371 5069 ﬁdes.
3401 5013 3493 5068 Illa

1909 5110 2014 5163 tria
2044 5109 2274 5163 visibilia
2301 5107 2435 5162 nihil
2469 5106 2755 5176 proﬁciunt
2779 5104 2930 5169 foris,
2962 5105 3007 5160 si
3035 5105 3151 5161 haec
3179 5105 3283 5159 tria
3309 5105 3494 5159 invisi-

1907 5199 2037 5254 bilia
2083 5215 2188 5254 non
2233 5200 2377 5252 intus
2423 5205 2734 5266 operantur.
2795 5196 3060 5254 Sacerdos
3111 5211 3305 5266 corpus
3353 5212 3493 5266 aqua

1910 5290 2100 5356 abluit,
2149 5288 2380 5358 Spiritus
2429 5295 2647 5342 sanctus
2696 5288 2933 5341 animam
2979 5286 3082 5342 ﬁde
3106 5286 3388 5356 justiﬁcat.
3428 5286 3496 5340 Et

1911 5382 2014 5437 hoc
2059 5389 2142 5436 est
2175 5381 2317 5450 quod
2341 5378 2630 5451 Apostolus
2674 5380 2750 5434 ait
2778 5391 2800 5432 εκ
2825 5379 3196 5450 Cooperatores
3224 5380 3361 5434 enim
3396 5379 3493 5435 Dei

1910 5489 2089 5526 sumus
2120 5471 2249 5544 (ΙΙΙ
2290 5470 2452 5526 Ιοαηζ
2486 5488 2538 5536 1,
2565 5470 2651 5542 8).
2682 5469 3016 5541 Cooperatur
3060 5471 3221 5526 homo
3267 5470 3493 5541 Spiritui

1909 5606 1980 5663 cl.
2005 5604 2291 5660 Hansizius
2319 5604 2463 5659 illam
2483 5603 2549 5658 ad
2567 5619 2766 5658 annum
2799 5612 3133 5672 sequentem,
3157 5604 3493 5674 nempe797,

1910 5676 2130 5801 rell'erat.
2168 5676 2301 5735 Vide
2324 5676 2486 5730 etiam
2508 5690 2667 5743 supra
2690 5676 2847 5744 epist.
2873 5676 2941 5730 28
2965 5688 3132 5746 (nunc
3155 5674 3268 5747 55).
3295 5675 3363 5760 ad
3386 5675 3490 5731 Ca-

1913 5764 1974 5803 ro
1997 5763 2108 5802 um.
2259 5761 2263 5764 ·
2575 5776 2579 5780 ν
2970 5784 2975 5789 -
3160 5775 3166 5781 -
3227 5775 3234 5784 ·
3341 5762 3344 5764 ⁷
