4056 6328
507 293 615 352 ηδ
1361 287 1422 342 Β.
1460 286 1523 341 F.
1562 283 1785 339 ALBINI
1824 281 1956 337 SEU
1984 274 2134 339 ALCl

2234 276 2258 338 ἶ
2299 284 2583 343 OPERUM
2622 285 2801 342 PARS
2834 285 2879 340 1.
3667 272 3778 334 196

510 410 701 465 sancto
723 391 979 465 iussin“
1015 398 1269 463 heminis.
1302 397 1410 454 Sed
1432 396 1629 465 “ipse
1660 395 1851 459 homo,
1877 394 1973 464 qui
1994 394 2095 448 its-
2120 399 2167 456 Α
2195 404 2317 449 rore
2340 394 2540 451 inclitae
2569 390 2970 452 Consuetudlnis
3010 386 3077 450 ad
3104 386 3266 450 fidem
3295 384 3661 448 Christianam
3682 406 3779 447 nu-

510 497 794 573 ptizaudus
813 502 918 559 est,
944 492 1226 563 cooperari
1251 489 1510 547 ainbobus
1530 485 1759 542 debctln
1777 484 1950 541 salute
1975 496 2092 552 sua,
2195 500 2292 562 per
2312 485 2557 545 conversi
2580 497 2704 545 sunt
2741 506 2935 561 magno
2963 487 3182 559 pietatis
3207 485 3572 541 moderamine
3599 486 3786 540 obser-

515 589 572 655 id
598 595 700 653 est,
730 578 954 656 Spiritui
990 592 1176 639 sancto
1205 588 1260 635 et
1291 578 1577 641 sacerdOli.
1604 576 1880 631 Ῑιιιῐιὶίιῖωτ
1902 588 2098 644 corpus
2196 584 2369 637 Vanda
2396 584 2512 636 est?
2550 580 2659 638 Nec
2685 598 2789 637 non
2815 582 2978 638 etiam
3006 589 3062 636 et
3089 580 3140 635 in
3166 576 3272 634 illis
3313 576 3403 649 qui
3442 574 3510 633 ab
3555 577 3785 633 infantia

516 686 778 755 praestare
796 676 866 732 ad
891 675 1031 733 sacri
1062 671 1379 744 mysterium
1416 668 1643 733 lavacri.
1669 676 1727 723 ct
1747 668 1982 723 animi“
2006 682 2098 722 V0-
2197 672 2516 731 Christiana:
2548 672 2669 731 ﬁdei
2696 682 3031 729 sacramenta
3051 678 3415 740 susceperant,
3442 678 3497 724 et
3515 662 3787 724 diabolica

516 770 753 839 laetaris
775 768 845 827 ad
864 767 1146 835 vcem
1168 764 1299 825 ﬁdei
1320 763 1741 832 susceptionem.
1769 760 1896 817 Haec
1918 760 2097 815 omnia

2234 762 2386 821 raude
2406 774 2525 837 post
2551 764 2776 838 decepti,
2813 760 2969 837 longa
3011 756 3396 819 consuetudine
3421 756 3668 815 carnales
3697 774 3787 815 se-

510 860 727 923 λιθοδοτὶ
749 860 807 925 in
1020 855 1163 918 N05-
1193 861 1248 911 ει
1266 858 1610 909 iam“)
1640 850 2005 922 “Nimiam;
2032 849 2101 905 ad
2201 859 2310 915 ἑυιί
2339 867 2464 913 sunt
2492 854 2733 913 luxurias
2757 876 2770 917 ;
2803 855 2889 911 vel
2919 850 3040 911 aliis
3083 850 3407 924 quibuslibet
3437 860 3789 922 peccatorum

512 953 749 1013 “hum
778 950 1093 1021 accipientis
1119 947 1406 1017 diﬁsenter
1432 942 1823 1003 consideranda
1852 951 2016 1009 sunt;
2048 949 2105 997 et

2234 950 2431 1007 [exibus
2453 946 2692 1020 obligati,
2730 944 3024 1003 levioribus
3052 942 3227 1016 primo
3256 941 3552 998 verborum
3582 940 3793 995 fomen-

517 1057 632 1103 ιιοη
655 1041 917 1103 desidiose
939 1038 1077 1097 tanti
1096 1035 1423 1097 sect-amenti
1444 1033 1759 1105 mysterium
1787 1033 2031 1104 exsequi.

2234 1044 2275 1099 is
2312 1040 2623 1099 consolandi
2648 1042 2790 1107 sunt,
2824 1057 2895 1096 ne
2917 1035 3249 1110 poenitentiae
3275 1034 3676 1091 medicamenta
3700 1033 3796 1088 du-

596 1132 703 1190 Scd
726 1133 828 1191 hoc
844 1144 1059 1201 quoque
1083 1141 1409 1199 magnopere
1439 1125 1773 1196 pensandum
1798 1134 1901 1191 est,
1932 1120 2107 1193 quali-

524 1232 610 1283 ter
629 1222 837 1281 novella
858 1220 1117 1293 plantatio
1137 1219 1359 1275 colenda
1384 1218 1476 1280 sit,
1510 1227 1569 1273 ut
1603 1216 1761 1286 primi
1801 1214 1961 1271 ﬂores
1982 1214 2108 1273 fidei

525 1313 595 1371 ad
623 1314 954 1369 incrementa
982 1310 1253 1367 fructuum
1295 1308 1580 1378 pervenire
1603 1307 1819 1362 valeant
1849 1323 1864 1360 :
1894 1320 1963 1361 ne
1987 1299 2108 1378 gelu

522 1404 811 1476 utriuslibet
848 1403 1063 1460 duritiae
1108 1406 1514 1476 emarcescant,
1558 1404 1617 1455 et
1656 1400 1726 1454 ad
1773 1398 2107 1455 dulcedinem

523 1472 695 1569 optati
716 1495 922 1551 fructus
940 1508 1051 1550 non
1073 1500 1339 1550 crescant.
1366 1472 1500 1546 Nam
1532 1490 1802 1546 infantilis
1827 1498 1958 1546 artas
1982 1498 2108 1545 sua-

526 1586 692 1645 vitate
715 1585 945 1643 materni
964 1584 1119 1641 lactis
1134 1582 1418 1640 nutrienda
1438 1589 1540 1646 est,
1568 1588 1625 1636 et
1647 1580 1917 1653 rudis“
1932 1580 2111 1633 anima

527 1674 864 1735 mitioribus
893 1674 1099 1731 divinae
1134 1672 1431 1729 dulcedinis
1470 1671 1754 1741 praeceptis
1776 1670 1965 1724 alenda
2008 1674 2108 1723 est.

2206 1130 2440 1192 ricribus
2461 1132 2704 1189 exterriti
2737 1124 3187 1201 castigationibus
3212 1126 3560 1182 abhorreant.

2279 1224 2417 1282 Sunt
2440 1224 2682 1295 quaedam
2706 1220 3046 1277 infirmitates
3075 1235 3194 1293 quae
3222 1217 3413 1273 melius
3436 1214 3797 1290 [dulcioribus

2207 1316 2544 1373 medicantur
2570 1311 2879 1384 potionibus
2900 1325 3063 1382 quam
3086 1305 3306 1373 amaris,
3322 1313 3375 1361 et
3402 1304 3647 1375 quaedam
3677 1317 3800 1374 quae

2209 1407 2424 1481 melius]
2455 1404 2811 1461 amarioribus
2834 1417 2994 1472 quam
3022 1398 3284 1455 dulcibus.
3324 1390 3479 1454 Unde
3500 1404 3556 1451 et
3602 1392 3800 1450 doctor

2210 1499 2389 1574 populi
2414 1496 2530 1563 Dei,
2563 1495 2691 1551 dum
2729 1492 2937 1549 cunctis
2964 1490 3227 1546 virtutum
3257 1482 3494 1544 lucernis
3528 1483 3589 1542 in
3639 1484 3801 1541 domo

2211 1592 2308 1648 Dei
2333 1592 2632 1647 clarescere
2677 1586 2871 1652 debet,
2921 1578 3154 1640 maxime
3209 1589 3391 1637 tamen
3438 1578 3805 1652 sagacissime:

2215 1680 2557 1743 discretionis
2582 1679 2934 1753 intelligentia
2978 1672 3180 1751 pollere
3204 1715 3219 1742 ,
3265 1682 3324 1729 ut
3352 1668 3492 1730 sciat
3522 1670 3658 1744 quid
3713 1670 3806 1727 cui

526 1768 665 1827 Nam
698 1767 908 1831 “udus
953 1766 1105 1823 ciba“
1147 1766 1388 1821 Virorum
1426 1772 1509 1819 ⁸³⁸
1544 1764 1788 1829 fortium,
1824 1771 1879 1818 θι
1922 1762 2115 1817 “mo”
2144 1756 2191 1817 Β
2218 1794 2481 1854 personas,
2520 1775 2693 1842 sexui,
2732 1772 2877 1829 aetati
2914 1780 2970 1828 et
2993 1771 3302 1844 proposito,
3346 1767 3432 1823 vel
3459 1766 3624 1823 etiam
3664 1775 3807 1823 tem-

529 1864 796 1931 pmcepta
826 1856 1037 1915 illorum
1066 1863 1190 1911 sunt
1222 1855 1315 1926 qui
1347 1855 1674 1911 exercitatos
1698 1854 1898 1910 habet"
1925 1866 2116 1908 seruans

532 1948 589 2011 in
617 1948 733 2017 lege
764 1946 885 2004 Dei.
914 1946 1064 2005 Unde
1088 1952 1144 2002 et
1170 1946 1457 2016 Apostolus
1478 1946 1798 2015 quibusdam
1827 1941 2117 2013 fragilior-is

530 2041 902 2113 intelligentiae
944 2038 1203 2095 fratribus
1236 2040 1482 2095 scribens
1525 2039 1603 2092 ait
1629 2052 1645 2092 :
1671 2036 1779 2091 Lac
1814 2036 1953 2091 vobis
1996 2036 2116 2090 dedi

533 2146 727 2196 escam,
755 2147 857 2186 non
883 2128 1108 2185 solidam
1136 2129 1308 2184 cibum
1345 2127 1461 2201 [ΑΙ.
1479 2166 1493 2192 ,
1520 2138 1716 2199 parum,
1745 2142 1849 2181 non
1889 2124 2117 2196 escam],

533 2223 659 2299 quia
685 2238 789 2277 non
812 2221 1051 2292 potuistis
1080 2221 1331 2291 accipere,
1362 2219 1452 2275 sed
1482 2219 1700 2274 necdum
1729 2219 1960 2289 potestis,
1991 2216 2119 2288 quia

534 2313 776 2377 carnales
814 2314 957 2368 estis.
1005 2310 1250 2368 Carnutis
1291 2313 1428 2369 enim
1472 2312 1629 2366 homo
1670 2327 1774 2365 non
1818 2311 2033 2382 percipit
2060 2324 2121 2365 ea

538 2422 655 2478 qua:
677 2404 776 2460 Dei
796 2413 947 2471 sunt;
976 2402 1227 2475 spiritalis
1267 2404 1405 2458 enim
1434 2403 1611 2457 omnia
1638 2400 1893 2471 dijudicat
1912 2396 1971 2473 (Ι
1999 2399 2118 2454 Cor.

540 2517 629 2569 tu,
648 2501 729 2572 Ξ),
756 2500 815 2555 id
846 2507 949 2565 est,
976 2498 1237 2557 discernit
1262 2496 1555 2566 etjudicat.
1582 2494 1738 2551 Unde
1757 2502 1812 2551 et
1835 2494 1949 2564 ipsa
1974 2493 2125 2549 Veri-

542 2602 629 2659 tas
653 2593 708 2648 in
728 2590 1018 2662 Evangciio
1040 2589 1365 2660 quibusdam
1392 2584 1846 2645 calumniantibus
1872 2598 1973 2639 cur
1996 2597 2125 2652 apo-

543 2684 668 2745 stoli
689 2679 1105 2753 conjejunnrcnt
1122 2680 1263 2735 sicut
1275 2678 1533 2735 Pharis-toi
1546 2685 1601 2733 et
1610 2674 1870 2746 diuipnli.
1881 2673 2125 2737 Joannis,

545 2773 822 2845 respondit
848 2790 861 2826 :
887 2771 1054 2826 Nemo
1073 2770 1230 2826 mittit
1251 2770 1427 2824 uinum
1454 2782 1639 2823 norum
1663 2768 1723 2825 in,
1748 2776 1886 2821 utres
1906 2774 2095 2821 cctam
2106 2780 2126 2829 ;

546 2862 784 2935 alioquin
817 2870 863 2916 et
903 2868 1045 2917 utres
1090 2866 1422 2933 rumpuntur,
1452 2866 1498 2912 et
1542 2856 1723 2917 vinum
1747 2854 2052 2926 sitiuntur,
2082 2862 2130 2909 st

539 2964 692 3014 utres
718 2951 956 3027 peribunt
985 2950 1200 3026 (Matth.
1220 2966 1297 3016 Ix,
1325 2950 1436 3022 i7).
1460 2948 1562 3017 Qui
1586 2958 1713 3023 sunt
1731 2955 1878 3007 utres
1901 2956 2128 3012 veteres,

550 3050 655 3109 nisi
678 3048 771 3121 qui
802 3047 859 3107 in
884 3046 1199 3120 gentilitatis
1232 3044 1510 3103 erroribus
1544 3041 1981 3103 obduraverunt?
2007 3041 2130 3111 qni-

553 3141 657 3207 bus
683 3138 731 3197 si
773 3136 1107 3219 [austeriora
1158 3134 1357 3210 (Edit.,
1402 3130 1847 3204 austerioﬁbusn
1884 3132 1943 3189 in
1980 3131 2133 3188 initio

554 3232 682 3295 ﬁdei
726 3245 879 3286 novae
908 3227 1305 3303 praedicationis
1339 3233 1608 3299 praecepta
1649 3223 1960 3289 tradideris,
1985 3237 2137 3277 rum-

550 3329 777 3397 puntur,
799 3328 854 3377 et
876 3320 946 3379 ad
971 3326 1185 3381 veteres
1215 3317 1631 3381 consuetudines
1682 3312 1924 3386 perﬁdiae
1967 3311 2141 3371 revni—

555 3421 775 3470 vuntur.

624 3488 968 3561 Constantior
996 3507 1080 3558 est
1107 3500 1292 3573 itaque
1339 3498 1410 3555 ad
1434 3511 1599 3559 omne
1616 3510 1757 3568 opus
1782 3508 1936 3553 mens
1970 3491 2141 3550 multo

556 3602 799 3664 tempore
830 3593 887 3649 in
909 3607 1079 3651 sacra:
1096 3590 1224 3648 ﬁdei
1248 3589 1658 3647 consecratione
1680 3588 1959 3652 roborata,
1978 3598 2142 3655 quam

558 3676 772 3741 novella
814 3681 1195 3755 praedicatione
1245 3679 1477 3735 initiata.
1519 3677 1691 3735 Aliter
1734 3675 1882 3735 enim
1919 3682 2143 3731 sanctus

560 3768 775 3843 Petrus,
801 3784 1087 3849 postquam
1105 3781 1285 3829 musto
1306 3772 1479 3828 sancti
1503 3770 1737 3841 Spiritus
1770 3768 2006 3839 repletus
2032 3775 2139 3835 est,

561 3866 617 3923 in
643 3856 854 3924 Palatio
884 3864 1128 3922 Romano
1174 3877 1274 3933 pro
1310 3860 1415 3917 fide
1461 3859 1768 3917 Christiana
1811 3857 2013 3914 Neroni
2059 3872 2145 3914 re-

562 3946 813 4029 spondit;
842 3962 898 4010 et
920 3953 1082 4017 aliter
1115 3953 1171 4011 in
1218 3952 1378 4009 domo
1405 3949 1625 4022 Caiphae
1664 3964 1763 4021 pro
1808 3947 2144 4007 confessione

567 4043 917 4121 discipulatus
944 4045 1145 4103 Christi
1169 4044 1378 4100 ancillae
1422 4040 1716 4111 respondit.
1747 4039 1848 4097 Hic
1875 4039 2144 4103 timidior,

561 4139 674 4196 illic
701 4134 1053 4195 constantior.
1090 4131 1204 4191 Hoc
1230 4131 1501 4203 exemplar
1528 4130 1628 4187 fuit
1652 4128 1981 4201 fragilitatis,
2015 4128 2147 4185 illud

563 4222 914 4288 fortitudinis.
952 4224 1123 4293 Quem
1143 4215 1390 4279 Christus
1416 4227 1541 4294 post
1559 4221 2011 4277 resurrectionem
2034 4218 2148 4289 pie-

563 4320 697 4385 tatis
721 4310 920 4374 intuitu
947 4316 1089 4371 trina
1111 4313 1416 4371 dilectionis
1446 4312 1914 4383 sua:_professione
1940 4311 2008 4367 ad
2038 4310 2149 4381 pri-

2218 1871 2337 1942 pori
2376 1869 2677 1926 conveniat.
2718 1865 2849 1933 Quae
2871 1863 3053 1920 omnia
3071 1864 3262 1918 beatus
3290 1859 3587 1942 Gregorius
3614 1858 3810 1917 claris-

2220 1940 2388 2018 simus
2425 1962 2610 2016 doctor
2639 1956 2693 2014 in
2726 1952 2865 2013 libro
2892 1948 3187 2012 Pastoralis
3215 1940 3371 2011 Cura:
3410 1951 3811 2008 studiosissime

2220 2048 2528 2123 exquisivlt,
2550 2049 2798 2122 personis
2845 2042 3113 2112 distinxit,
3134 2044 3398 2114 eXemplis
3446 2038 3710 2107 firmavit,
3750 2050 3811 2101 et

2222 2143 2524 2199 divinarum
2548 2138 2948 2211 Scripturarum
3000 2136 3319 2193 auctoritate
3378 2132 3678 2190 roboravit.
3726 2130 3814 2188 Ad

2222 2230 2374 2303 cujus
2395 2226 2520 2288 libri
2541 2232 2826 2288 lectionem
2857 2238 2929 2296 te,
2955 2224 3291 2285 sanctissime
3312 2223 3530 2296 praesul,
3567 2222 3812 2289 remitto,

2222 2328 2514 2385 obsecrans
2540 2323 2771 2381 utilium
2818 2320 3011 2394 saepius
3056 2319 3209 2393 quasi
3231 2308 3567 2374 encliiridion
3607 2313 3815 2371 habeas

2224 2414 2280 2475 in
2304 2414 2550 2475 manibus
2570 2425 2624 2471 et
2652 2408 2708 2470 in
2745 2413 2908 2470 corde
2948 2412 3200 2467 retineas.
3230 2402 3309 2463 Ac
3332 2402 3452 2463 ideo
3474 2400 3601 2463 dum
3643 2400 3818 2475 pluri-

2225 2520 2345 2568 mus
2384 2512 2457 2575 te,
2484 2502 2796 2565 beatissime
2821 2505 3006 2573 Pater,
3041 2513 3352 2561 sanctorum
3390 2503 3672 2559 doctorum
3703 2499 3820 2556 scio

2226 2605 2394 2661 libros
2414 2604 2635 2666 habere,
2665 2601 2865 2671 legere,
2921 2607 2974 2653 et
3007 2590 3164 2652 firma
3192 2605 3378 2652 tenere
3419 2593 3681 2651 memoria
3702 2632 3718 2659 ,
3756 2597 3821 2647 et

2227 2695 2461 2751 maxime
2502 2691 2557 2747 in
2594 2689 2789 2747 divinis
2815 2684 3009 2744 litteris
3044 2687 3343 2744 studiOSum
3382 2696 3501 2742 esse
3548 2690 3817 2756 agnosco:

2230 2797 2686 2859 supervacaneum
2714 2794 2834 2840 esse
2860 2780 3077 2838 videtur
3109 2792 3243 2837 meae
3258 2779 3513 2837 litterulis
3532 2776 3820 2848 imperitia:

2230 2884 2337 2939 tua:
2362 2880 2640 2953 sapientia:
2659 2892 2816 2935 aures
2839 2888 3123 2948 occupare.
3163 2874 3276 2931 Nisi
3303 2872 3585 2931 charitatis
3606 2878 3822 2927 tantum

2233 2982 2396 3031 causa
2423 2986 2599 3028 meam
2628 2972 3100 3044 prmsumptionem
3125 2974 3249 3024 ante
3270 2967 3455 3023 oculos
3477 2963 3824 3021 auctoritatis

2233 3072 2430 3122 vestr-te
2447 3061 2609 3133 iuste,
2635 3068 2695 3117 ut
2723 3069 2875 3133 puto,
2898 3072 3156 3116 excusare
3207 3056 3434 3130 poterit;
3472 3070 3540 3110 ne
3564 3052 3821 3122 dilectio,

2228 3163 2359 3226 qua:
2383 3155 2529 3209 intus
2552 3151 2702 3209 ardet
2721 3152 2778 3206 in
2801 3153 2982 3216 corde,
3015 3156 3163 3205 muta
3189 3147 3323 3204 foris
3356 3146 3603 3202 videatur
3625 3145 3680 3200 in
3701 3159 3823 3199 ver-

2231 3244 2342 3302 bis.
2365 3244 2447 3299 Ad
2468 3242 2570 3298 huc
2589 3243 2732 3298 enim
2758 3241 3009 3296 videntur
3032 3238 3198 3295 verba
3219 3236 3529 3295 hominibus
3559 3236 3682 3293 data
3700 3278 3716 3304 ,
3763 3244 3826 3292 ut

2239 3344 2436 3389 arcana
2453 3330 2632 3387 cordis
2655 3329 2906 3385 fraternis
2934 3327 3153 3383 auribus
3178 3320 3458 3382 infundere
3483 3325 3715 3380 valeant.
3742 3322 3825 3380 Ad

2240 3425 2344 3481 hoc
2371 3420 2611 3493 epistolae
2645 3423 2985 3485 scribuntur,
3031 3427 3092 3474 ut
3121 3461 3136 3485 ,
3174 3428 3281 3489 quo
3319 3418 3609 3473 verborum
3656 3432 3826 3472 sonus

2239 3514 2523 3585 pervenire
2575 3520 2684 3567 non
2733 3508 2965 3581 poterit,
3009 3506 3312 3563 litterarum
3343 3502 3516 3562 ofﬁcia
3557 3513 3821 3570 currant;

2241 3608 2506 3674 quatenus
2518 3611 2716 3657 mutuae
2743 3600 3024 3689 ebaritatis
3043 3599 3098 3654 in
3121 3597 3362 3668 apicibus
3384 3595 3536 3667 signa
3564 3592 3828 3649 fraternis

2240 3694 2517 3751 obtutibus
2553 3685 3025 3749 demonstrentur:
3057 3692 3116 3744 ut
3155 3689 3251 3743 ﬂat
3291 3687 3593 3742 animorum
3620 3685 3674 3739 in
3698 3685 3831 3739 cha~

2244 3790 2406 3845 ritate
2433 3786 2734 3859 prmaentia,
2777 3784 2868 3840 ubi
2901 3788 2985 3840 est
3032 3794 3318 3853 corpOrum
3348 3788 3568 3852 propter
3614 3778 3830 3849 longin—

2244 3882 2506 3953 quitatem
2546 3874 2656 3952 Μ
2702 3876 2943 3933 icccmm
2996 3877 3260 3934 absentia.
3315 3870 3360 3931 0
3410 3873 3532 3929 felix
3571 3878 3627 3927 et
3664 3870 3830 3928 beata

2243 3972 2379 4039 vita,
2409 3970 2502 4026 ubi
2527 3980 2743 4041 seraper
2767 3964 2910 4040 quod
2956 3972 3167 4023 amatur
3190 3966 3405 4021 videtur
3430 3970 3486 4021 et
3512 3963 3656 4035 quod
3679 3963 3833 4020 vide—

2242 4069 2651 4133 tur~nunquam
2698 4060 2930 4116 fastidit!
2968 4059 3068 4115 Ubi
3117 4058 3258 4114 Deus
3307 4055 3557 4114 omnibus
3592 4062 3831 4110 aeternus

2244 4166 2403 4213 crtior
2428 4197 2443 4224 ,
2492 4158 2691 4211 aeterna
2736 4153 2853 4208 laus
2876 4192 2891 4217 ,
2932 4148 3103 4221 gloria
3135 4156 3190 4205 et
3225 4148 3520 4204 beatitudo.
3569 4145 3657 4216 Ad
3688 4147 3833 4202 hanc

2245 4258 2380 4304 vero
2409 4247 2577 4302 vitam
2599 4253 2654 4300 et
2693 4243 3006 4300 felicitatem
3034 4253 3122 4295 me
3146 4238 3465 4297 {annuat-em
3497 4245 3649 4292 tuum
3696 4235 3834 4291 assi-

2249 4340 2368 4396 duis
2393 4339 2645 4410 precibus
2673 4342 2729 4394 et
2765 4334 3231 4393 exhortationibus
3257 4340 3436 4390 tecum
3462 4332 3616 4387 trahe
3635 4370 3652 4397 ,
3699 4345 3836 4400 qua-

566 4413 723 4477 ‘m
763 4406 1433 4511 “nimipﬁffcii’a‘”?
1470 4404 2144 4511 Γθνθθδνίίίβιίξξωένέξν
2176 4474 2225 4511 η
2251 4404 2414 4488 tenus
2430 4438 2552 4501 post
2584 4429 2878 4500 huiusvitae
2896 4427 3225 4499 procellosas
3249 4432 3596 4497 tempestates
3624 4422 3694 4477 ad
3709 4436 3834 4492 per-

566 4517 703 4659 Euas
734 4500 953 4577 proprio
972 4496 1199 4554 redemit
1216 4496 1498 4569 sanguine,
1516 4495 1913 4553 commendavit
1922 4508 2149 4566 pascen-
2173 4478 2225 4540 Β
3488 4478 3682 4570 “cum
3707 4478 3835 4581 ᾖεν.

607 4610 670 4655 a8
713 4580 896 4659 (Ῑοαηο
940 4580 1096 4659 mli
1128 4594 1395 4659 αυιιθειιε
1431 4586 1606 4643 bonus
1651 4593 1837 4656 Ρδδιοε
1881 4578 2149 4655 hianda”
2251 4613 2437 4659 uenire
2460 4620 2689 4659 merear-
2719 4610 2967 4659 Vestram
2996 4609 3338 4659 sanctitatem
3364 4600 3421 4659 in
3454 4603 3707 4659 omnibus
3739 4603 3835 4656 bo-

607 4610 670 4655 as
713 4580 896 4668 (locu.
940 4580 1096 4663 ut):
1128 4594 1395 4659 quatenus
1431 4586 1606 4643 bonus
1651 4593 1837 4656 pastor
1881 4578 2149 4655 intelliget

566 4694 672 4751 ret,
697 4700 805 4741 non
825 4696 1037 4754 semper
1072 4679 1445 4750 delinquentes
1478 4679 1612 4734 dura
1646 4679 1948 4735 invectione
1984 4677 2148 4737 casti-

565 4791 717 4859 gare,
861 4788 1003 4851 stupe
1030 4772 1134 4844 pia:
1162 4771 1547 4831 consolationis
1583 4770 1952 4835 admonitione
1981 4771 2150 4827 corri-

569 4854 716 4949 ~gere.
739 4854 875 4949 Nam
904 4872 959 4949 et
1000 4864 1116 4935 ipse
1137 4863 1398 4921 Dominus
1436 4871 1623 4920 noster
1668 4859 1827 4919 Iesus
1868 4861 2150 4929 Christus,

574 4945 703 5015 dum
730 4968 762 5011 a
785 4945 985 5019 iudicis
1017 4960 1313 5009 tentaretur
1345 4953 1412 5013 de
1458 4952 1684 5007 muliere
1725 4952 1997 5018 adultera,
2046 4967 2153 5009 non

570 5042 758 5107 statim
781 5038 967 5118 legalis
1003 5039 1289 5102 censuram
1322 5042 1603 5103 sententiae
1628 5044 1871 5113 protulit,
1910 5044 2007 5101 sed
2050 5044 2154 5100 hu-

572 5134 819 5203 militatis
869 5139 1116 5212 exemplo
1161 5154 1221 5195 se
1266 5138 1532 5194 inclinans
1576 5136 1846 5194 scribebat
1896 5137 1953 5191 in
2013 5144 2156 5191 terra

575 5228 760 5311 (Joan.
785 5231 932 5304 vn‘r),
970 5239 1032 5289 ut
1056 5232 1361 5303 designaret
1388 5230 1662 5289 doctorem
1687 5228 1918 5299 propria)
1948 5225 2156 5299 fragili-

578 5324 705 5382 tatis
728 5316 915 5395 culpas
944 5320 1001 5381 in
1025 5322 1244 5394 pulvere
1270 5321 1355 5377 sui
1380 5321 1560 5379 cordis
1597 5320 1749 5391 prius
1777 5320 2081 5392 depingere,
2103 5330 2160 5378 et

578 5414 659 5472 sic
686 5415 858 5471 aliena
884 5415 1070 5471 mitius
1098 5412 1390 5484 diiudicare
1411 5420 1652 5485 peccata.
1685 5410 1759 5467 At
1778 5413 1824 5467 si
1844 5412 2003 5479 hujus
2032 5429 2160 5470 con-

580 5500 922 5561 siderationis
961 5504 1144 5576 regula
1186 5504 1239 5559 in
1283 5504 1428 5559 omni
1454 5511 1612 5558 :etate
1634 5511 1689 5558 et
1730 5506 2005 5575 proposito
2034 5505 2158 5561 dili-

580 5602 771 5666 genter
804 5598 1084 5651 tractanda
1107 5604 1209 5663 est,
1234 5602 1436 5667 quanto
1462 5595 1633 5665 magis
1674 5594 1726 5649 in
1750 5596 1834 5651 his
1866 5598 1955 5652 cui
1979 5597 2047 5655 ab
2072 5614 2162 5655 er-

654 5717 681 5746 ι
719 5696 858 5762 Edit.
887 5698 1137 5774 Quercet.
1168 5710 1260 5778 90,
1286 5725 1354 5765 ex
1379 5724 1482 5766 ms.
1516 5688 1772 5793 (Froben.
1804 5708 1915 5781 51).

2251 4613 2437 4669 venire
2459 4620 2689 4668 merear.
2719 4610 2967 4667 Vestram
2996 4609 3338 4664 sanctitatem
3364 4600 3421 4661 in
3454 4603 3707 4660 omnibus
3739 4603 3837 4656 bo-

2252 4705 2344 4761 uis
2362 4703 2557 4760 ﬂorere
2598 4711 2653 4760 et
2677 4698 2744 4759 ad
2768 4709 3080 4773 perpetuam
3110 4700 3255 4757 Deus
3290 4692 3445 4756 Jesus
3477 4695 3743 4768 proficere
3762 4692 3837 4748 fa-

2255 4798 2364 4855 ciat
2397 4794 2727 4862 felicitatem,
2755 4791 3250 4850 desiderantissime
3290 4788 3459 4846 frater
3486 4786 3543 4843 in
3590 4784 3833 4842 Christo.

2699 4921 2726 4950 ει
2755 4902 3089 4965 EPISTOLA
3125 4903 3387 4961 XXXVII.

2766 5016 2834 5057 ΔΙ)
2872 5014 3091 5056 DOINUM
3131 5011 3327 5052 REGEI.

2870 5088 3045 5161 (Anno
3084 5084 3229 5158 796.)

2258 5174 2367 5240 Pro
2394 5178 2608 5253 captivis
2632 5180 2688 5235 in
2716 5178 2847 5235 bello
2880 5172 3146 5245 Hunnico,
3173 5185 3220 5232 et
3268 5192 3363 5247 pro
3402 5173 3630 5230 hostibus
3652 5179 3844 5244 depre-

2969 5259 3138 5303 catur.

2329 5344 2553 5399 Domine
2568 5344 2651 5399 ἰιιί
2675 5342 3037 5404 dilectissime,
3072 5344 3127 5397 et
3162 5338 3490 5403 dulcissime,
3520 5344 3574 5392 et
3594 5333 3843 5392 omnium

2260 5434 2753 5494 desiderantissime
2797 5432 2871 5488 mi
2911 5431 3103 5487 David!
3139 5430 3332 5486 Tristis
3377 5436 3460 5485 est
3492 5426 3715 5482 Flaccus
3747 5437 3847 5479 ve-

2261 5539 2372 5589 ster
2426 5539 2645 5601 propter
2692 5528 3057 5584 inﬁrmitatem
3093 5533 3350 5581 vestram.
3403 5522 3578 5593 Opto,
3625 5529 3679 5574 et
3725 5526 3845 5572 toto

2262 5625 2425 5682 corde
2445 5624 2613 5680 Deum
2636 5623 2894 5693 deprecor
2914 5631 2976 5675 ut
2998 5620 3107 5675 cito
3128 5618 3474 5683 convaleatis,
3500 5623 3560 5671 ut
3586 5612 3844 5684 gaudium
