4056 6328
1733 250 1829 270 ειου-
1853 246 1889 264 ⁸*
2179 244 2226 256 ’ν’

1465 356 1528 413 Β.
1564 353 1630 412 F.
1669 350 1893 408 ALBINI
1931 347 2064 406 SEU
2102 342 2377 403 ALCUINI
2426 340 2710 401 OPERUM
2745 339 2928 400 PARS
2961 340 3004 396 l.

605 368 712 427 199

2241 237 2342 257 μνη

3754 335 3860 392 200

672 482 783 556 46
805 479 912 535 Sed
937 491 1098 548 quam
1130 475 1484 546 plurimorum
1528 469 1583 523 in
1620 475 1672 522 te
1696 509 1710 531 ,
1762 473 1916 537 pater
1953 461 2176 556 optime,
2209 461 2255 520 Α
2352 459 2533 556 Donec
2560 455 2817 526 suscipiat
2839 453 2968 556 felix
2997 460 3050 507 te
3264 447 3510 556 polorum

603 553 760 635 oculi
791 571 1116 640 respiciunt,
1172 564 1300 636 quid
1342 570 1520 616 vestra
1570 558 1873 613 veneranda
1921 553 2181 609 sanctitas

604 666 784 722 facere
817 661 965 716 velit.
1004 659 1138 726 Quia
1164 665 1219 711 et
1247 653 1499 708 vicinitas
1542 649 1784 704 locorum
1831 646 1924 700 tibi
1965 658 2182 712 compe-

607 757 694 822 tit,
717 763 774 811 et
798 751 1072 822 sapientia
1102 749 1264 802 decus
1286 742 1429 816 [tibi]
1459 740 1728 810 suppetit,
1765 745 1820 792 et
1843 733 2178 790 auctoritatis

608 844 925 905 excellentia
970 842 1067 897 tibi
1110 838 1350 910 appetit,
1391 844 1446 891 et
1491 841 1682 888 cuncta
1712 829 2036 886 conveniunt
2062 842 2182 898 qua

609 938 703 994 tali
728 935 877 1006 operi
900 929 1201 988 necessaria
1231 941 1352 983 esse
1385 926 1653 980 videntur.
1693 922 1814 977 Ideo
1847 935 1981 975 mea
2012 919 2185 990 parvi-

611 1033 738 1088 tatis
783 1027 1070 1084 curiositas
1125 1023 1247 1094 [per
1295 1030 1346 1076 te
1386 1019 1554 1091 (Edit.
1581 1059 1596 1085 ,
1641 1013 1988 1088 propterea)]
2025 1012 2184 1081 huius

611 1132 811 1180 sancta
840 1119 918 1175 rei
953 1113 1138 1189 [scire]
1189 1112 1457 1168 desiderat
1499 1109 1780 1164 veritatem
1799 1149 1815 1174 ,
1846 1114 1901 1160 et
1925 1114 2030 1159 tua
2058 1119 2186 1160 con-

614 1215 792 1271 silium
835 1207 1076 1278 deposcit
1111 1203 1449 1275 prudentia:
1490 1199 1576 1253 vel
1626 1199 1754 1268 quid
1791 1195 1986 1252 exinde
2027 1205 2187 1265 agere

611 1315 721 1361 tam
765 1305 907 1358 bona
947 1299 1197 1355 voluntas
1243 1293 1592 1350 deliberatum
1636 1291 1849 1354 habeat,
1895 1299 2187 1357 agnoscere

609 1398 832 1469 ﬂagitat.
873 1397 1021 1466 Opus
1044 1392 1190 1448 enim
1232 1390 1454 1445 arduum
1499 1395 1612 1450 est,
1645 1387 1739 1442 sed
1761 1386 1876 1454 ipsa
1899 1390 2187 1438 attestante

610 1491 853 1548 Veritate
883 1529 899 1554 ,
959 1485 1138 1541 omnia
1192 1483 1391 1538 scimus
1443 1496 1564 1535 esse
1611 1478 1887 1549 possibilia
1947 1473 2186 1531 credenti

612 1584 808 1657 (Marc.
841 1599 918 1646 rx,
947 1580 1060 1650 22).
1100 1578 1167 1632 Et
1191 1577 1283 1647 qui
1304 1576 1369 1630 de
1396 1581 1739 1644 persecutore
1763 1571 1892 1625 fecit
1924 1568 2187 1640 pradica—

611 1681 787 1729 torem
817 1671 870 1743 (Ι
904 1669 1038 1724 Tim.
1077 1683 1116 1734 ι,
1160 1667 1285 1737 15),
1340 1674 1394 1719 et
1437 1665 1503 1720 de
1542 1672 1779 1719 stercore
1807 1661 1964 1733 erigit
1987 1674 2190 1730 paupe-

610 1780 749 1831 rem,
781 1772 841 1818 ut
863 1763 1046 1818 sedeat
1066 1775 1188 1816 cum
1216 1757 1545 1829 principibus
1573 1754 1744 1827 (Psal.
1771 1769 1911 1818 cxn,
1943 1752 2029 1824 7);
2074 1752 2187 1822 ipse

611 1821 788 1929 potest
829 1856 894 1911 de
926 1855 1074 1910 arida
1107 1821 1283 1908 cordis
1309 1821 1413 1905 mei
1438 1821 1592 1905 caute
1630 1848 1832 1903 rivulos
1854 1821 2183 1910 vivi-fontis,
2216 1821 2266 1884 Β

612 1957 668 2005 et
711 1949 767 2003 in
812 1948 977 2002 vitam
1025 1945 1264 2000 salientis
1309 1943 1607 2013 producere
1649 1948 1944 1995 aternam:
1987 1945 2188 2006 quanto

613 2041 786 2111 magis
834 2038 921 2111 [de
980 2046 1159 2092 vestro
1203 2042 1421 2105 pectore
1467 2032 1928 2088 abundantissimo
1970 2029 2188 2085 ﬂumina

614 2129 886 2186 Gehoniea
942 2126 1158 2182 ﬂuentia
1210 2125 1228 2192 (
1251 2124 1380 2179 Cod.
1444 2122 1557 2179 Sal.
1616 2124 1681 2178 de
1725 2130 1908 2177 vestro
1956 2120 2190 2190 pectoris

615 2219 1073 2276 abundantissirno
1101 2216 1315 2270 [lumine
1337 2215 1569 2270 Geonica
1595 2211 1815 2284 ﬂuenta)
1846 2212 1865 2285 ]
1900 2228 1998 2283 per
2023 2221 2191 2266 totam

616 2309 830 2365 Nilotici
886 2307 1062 2362 ruris'
1082 2305 1418 2360 latitudinem
1467 2305 1533 2359 ad
1581 2302 1948 2360 fecundandos
1995 2304 2193 2359 diversi

615 2399 829 2472 generis
855 2399 1015 2453 ﬂores
1042 2395 1338 2478 diffundere
1366 2395 1537 2449 valet?
1559 2393 1778 2460 Audiat,
1808 2395 2053 2460 obsecro,
2098 2410 2196 2465 per

612 2500 668 2547 te
687 2489 958 2546 unanimis
985 2496 1088 2544 tua
1109 2487 1392 2544 clraritatis
1420 2486 1562 2542 filius
1580 2529 1595 2553 ,
1622 2489 1754 2557 quid
1791 2498 2013 2556 paterna
2057 2503 2195 2557 pra-

613 2585 794 2638 videat
817 2581 1083 2654 agendum
1109 2580 1416 2651 prudentia.
1459 2578 1832 2634 Certissimum
1860 2579 2040 2648 itaque
2068 2593 2196 2633 con-

615 2659 794 2733 silium
842 2674 1029 2730 salutis
1067 2688 1166 2744 per
1211 2687 1274 2729 os
1310 2672 1452 2727 illius
1487 2672 1692 2741 sperari
1719 2671 1900 2736 debet,
1928 2669 2079 2738 cujus
2101 2683 2196 2739 pe-

614 2767 782 2823 ctoris
848 2764 1178 2835 septiformis
1220 2761 1536 2835 [Spiritusl
1601 2761 1811 2818 consilii
1867 2761 2196 2815 inhabitator

619 2856 784 2931 [esse]
811 2855 1162 2928 dignoscitur.

686 3011 850 3068 Binas
877 3019 1069 3067 vestra
1099 3008 1410 3081 patemitati
1434 3007 1593 3079 paulo
1619 3015 1742 3062 ante
1771 3006 1945 3063 direxi
1972 3006 2193 3062 charm-

618 3109 722 3175 las,
753 3122 914 3162 unam
961 3120 1057 3178 per
1096 3113 1342 3160 sanctum
1386 3115 1411 3144 ι
1439 3103 1749 3173 episcopum
1787 3100 2142 3156 Histriensem
2179 3113 2194 3153 :

2421 547 2536 614 Qua
2567 561 2774 601 memor
2814 551 2930 598 esto
2949 583 2962 595 .
2984 581 2998 595 .
3019 582 3032 595 .
3087 539 3180 613 [F.
3207 538 3377 610 suppl.
3403 537 3628 610 precor]
3651 553 3865 609 semper

3423 631 3442 702 [
3466 631 3520 684 in
3542 645 3641 684 ore
3662 632 3791 684 mei.

2799 704 2826 744 ά
2857 702 3186 758 EPISTOLA
3227 702 3410 776 XLVL

2707 812 2774 851 sn
2804 809 3057 859 QUEIDAII
3097 794 3436 866 (PAULINUM).

2285 888 2412 944 Post
2438 889 2648 959 longum
2682 887 2899 941 Paulini
2938 885 3223 959 silentium,
3263 887 3483 959 receptis
3511 902 3650 959 nunc
3679 885 3867 959 litteris

2387 955 2603 1015 audiam
2623 975 2776 1012 suum
2805 957 3085 1027 signiﬁcat.
3131 955 3259 1010 Post
3282 957 3392 1009 lucc
3427 957 3482 1009 in
3517 955 3701 1011 laudes
3726 956 3868 1011 Pau-

2373 1031 2447 1085 ini
2470 1030 2733 1092 excurrit;
2778 1045 2839 1081 ac
2886 1027 3068 1081 mortis
3111 1027 3295 1097 vicina
3323 1036 3476 1097 atque
3497 1043 3713 1080 suorum
3751 1044 3870 1096 pec-

2354 1111 2590 1155 catorum
2635 1099 2966 1152 reminiscens
3027 1113 3081 1151 se
3134 1096 3557 1166 precibus'itlius
3599 1097 3870 1153 humiliter

2353 1170 2702 1224 commendat.

2361 1274 2384 1301 ε
2418 1261 2552 1316 Dum
2593 1257 2712 1332 [F.,
2740 1258 2899 1330 sicut]
2930 1257 3187 1314 ferventis
3220 1256 3414 1312 Cancri
3452 1259 3639 1328 igneus
3676 1257 3759 1312 sol
3793 1259 3869 1314 si-

2286 1354 2385 1410 dus
2405 1353 2667 1417 ascendit,
2694 1359 2748 1407 et
2770 1352 2937 1406 nimio
2958 1352 3318 1421 diuturnoque
3363 1350 3542 1405 calore
3584 1350 3738 1405 arida
3774 1351 3873 1406 tel-

2285 1443 2368 1498 lus
2397 1444 2597 1499 imbres
2642 1450 2945 1513 exspectat;
2976 1442 3057 1497 sic
3085 1451 3173 1496 tua
3197 1483 3212 1508 ,
3258 1442 3422 1496 Pater
3454 1441 3675 1510 optime,
3710 1441 3765 1496 in
3794 1457 3876 1496 re-

2287 1536 2566 1608 frigerium
2613 1535 2796 1602 magni
2843 1534 3044 1589 amoris
3083 1534 3272 1589 sitiens
3311 1533 3364 1588 in
3395 1547 3516 1589 meo
3536 1541 3759 1602 pectore
3780 1548 3874 1588 vo-

2285 1626 2465 1682 luntas
2519 1634 2626 1682 tua
2670 1625 3018 1682 beatitudinis
3079 1625 3170 1679 diu
3237 1625 3576 1686 desiderabat
3638 1623 3870 1680 litteras.

2286 1717 2484 1774 lterum
2513 1726 2676 1788 atque"
2698 1718 2890 1772 iterum
2921 1733 3018 1788 per
3055 1715 3261 1787 singula
3302 1716 3561 1771 horarum
3598 1724 3873 1771 momenta

2289 1817 2522 1864 astuans
2560 1810 2663 1864 hoc
2709 1808 3021 1864 revolvebat
3065 1807 3335 1878 elogium:
3381 1805 3606 1873 Quando
3655 1807 3877 1862 venient

2290 1902 2580 1959 desiderati
2604 1903 2708 1958 mei
2732 1901 3030 1958 dulcissimi
3056 1900 3272 1970 apices?
3307 1899 3532 1966 Quando
3551 1899 3768 1954 videam
3798 1901 3875 1971 sj-

2290 2009 2396 2065 gna
2436 1995 2626 2050 salutis
2664 1993 2998 2049 dilectissimi
3043 1991 3188 2045 mei?
3248 1990 3476 2058 Quando
3518 1990 3652 2044 mihi
3701 1990 3877 2044 Auso-

2290 2086 2394 2142 nia
2415 2085 2712 2142 nobilitatis
2739 2084 2932 2158 pagina
2961 2084 3129 2154 optati
3167 2082 3580 2153 prosperitatem
3626 2083 3879 2138 ostendet

2293 2177 2474 2244 amici,
2503 2185 2564 2232 ut
2589 2177 2796 2232 videam
2819 2176 2924 2249 47
2953 2176 2999 2230 si
3029 2175 3206 2245 aliqua
3247 2173 3523 2230 foederata
3562 2173 3616 2228 in
3657 2172 3878 2229 Christo

2293 2272 2544 2328 amicitia
2570 2272 2625 2327 in
2656 2272 2798 2326 illius
2833 2279 3055 2340 pectore
3096 2276 3312 2324 maneat
3352 2267 3656 2331 memoria;
3707 2267 3756 2320 si
3793 2264 3880 2320 Al-

2292 2361 2406 2416 bini
2432 2362 2515 2416 sui
2537 2375 2733 2416 nomen
2778 2359 2918 2430 stylo
2947 2357 3225 2414 charitatis
3263 2355 3316 2409 in
3344 2355 3524 2409 cordis
3556 2369 3757 2408 arcano
3790 2369 3878 2408 re-

2294 2451 2565 2506 conditum
2595 2451 2813 2516 habeat,
2845 2450 2984 2504 sicut
3017 2447 3393 2503 suavissimum
3447 2444 3655 2499 Paulini
3696 2443 3880 2499 Patris

2293 2553 2514 2606 nomen,
2558 2547 2818 2610 perpetua
2869 2538 3190 2604 dilectione,
3235 2537 3289 2591 in
3335 2536 3501 2592 corde
3533 2535 3632 2590 lilii
3661 2536 3882 2590 aternis

2293 2633 2437 2704 viget
2461 2633 2659 2688 litteris
2689 2630 3040 2700 inscriptum?

2285 2749 2288 2775 τ
2369 2724 2390 2764 f
2422 2725 2559 2780 Ecce
2599 2723 2788 2789 venit,
2833 2737 2962 2779 ecce
2989 2722 3139 2777 venit
3159 2729 3394 2792 paterna
3414 2719 3633 2790 pietatis
3658 2719 3880 2790 pagina,

2295 2835 2458 2890 quam
2485 2819 2576 2874 diu
2603 2816 3000 2880 desiderabam,
3040 2814 3190 2870 omni
3219 2812 3376 2869 melle
3401 2811 3581 2882 palato
3609 2827 3733 2867 meo
3766 2810 3884 2866 dul-

2296 2913 2431 2978 cior,
2477 2910 2622 2966 omni
2671 2909 2871 2963 obrvzo
2915 2907 3087 2963 oculis
3116 2903 3502 2961 honorabilior.
3547 2901 3699 2956 Hanc
3726 2901 3883 2956 latus

2297 3003 2557 3056 ambabus
2598 2999 2930 3068 accipiebam
2975 2997 3244 3062 manibus,
3289 3002 3344 3051 et
3381 3002 3494 3050 toto
3516 2992 3884 3070 amplectehar

2295 3101 2530 3162 pectore,
2583 3105 2905 3159 suspensus,
2957 3089 3086 3159 quid
3129 3087 3262 3143 mihi
3310 3089 3375 3143 de
3425 3101 3545 3141 meo
3599 3085 3884 3140 nuntiaret

619 3201 778 3256 aliam
804 3213 901 3269 per
923 3198 1098 3252 virum
1132 3195 1489 3251 venerabilem
1512 3194 1765 3250 Aericum
1793 3193 2002 3248 ducem.
2033 3192 2050 3264 ι
2077 3193 2104 3232 b
2127 3192 2194 3246 Et
2217 3183 2270 3251 Ο
2295 3182 2553 3240 Paulino?
2580 3181 2888 3251 Solulisque
2914 3179 3102 3253 sigillis
3119 3221 3134 3246 ,
3172 3179 3342 3236 avidis
3379 3178 3657 3235 oculorum
3685 3179 3885 3235 obtuti-

618 3292 824 3347 utinam
844 3288 930 3343 vel
960 3288 1075 3342 hac
1107 3287 1265 3341 tertia
1292 3293 1568 3343 mereatur
1591 3285 1826 3354 aliquam
1851 3293 2043 3338 vestra
2073 3284 2198 3338 bea-

621 3380 866 3436 titudinis
913 3377 1368 3449 exhortationem]
1414 3392 1482 3432 ne
1507 3386 1687 3448 spreta
1735 3377 1973 3432 charitas
2004 3375 2198 3447 [quar-

621 3471 754 3544 tam]
784 3486 979 3540 rugosa
1020 3469 1196 3526 fronte
1217 3510 1232 3534 ,
1276 3470 1361 3525 vel
1398 3471 1688 3540 queruloso
1730 3470 1938 3525 calamo
1972 3483 2198 3523 exarare

621 3561 861 3630 incipiat.
914 3558 1262 3630 Nequaquam
1307 3560 1362 3614 in
1407 3568 1755 3628 augmentum
1796 3560 2026 3614 tristitia
2066 3575 2198 3616 mea

623 3653 823 3707 diutius
847 3661 1042 3716 taceas,
1068 3651 1162 3707 sed
1189 3650 1330 3722 [per]
1355 3651 1604 3721 spiritum
1641 3651 2024 3707 consolationis
2047 3651 2141 3707 tibi
2167 3668 2198 3706 a

623 3743 734 3798 Deo
759 3744 962 3809 datum,
991 3743 1297 3812 frequentes
1339 3744 1474 3798 mihi
1519 3745 1699 3814 apices
1729 3743 1908 3801 facere
1945 3745 2199 3801 almitatis

621 3841 816 3887 vestra
843 3833 1224 3889 consolationis
1259 3850 1366 3888 non
1397 3836 1658 3905 graveris,
1705 3843 1765 3889 ut
1794 3837 1900 3891 tuis
1924 3836 2082 3890 b‘onis
2107 3852 2200 3891 ex-

622 3923 1017 3979 hortationibus
1037 3933 1090 3979 et
1118 3925 1319 3980 sanctis
1343 3926 1678 3982 orationibus
1700 3925 1943 3996 adjutus,
1981 3928 2046 3982 ad
2076 3943 2200 3996 sup-

620 4015 950 4085 plementum
973 4016 1239 4072 mercedis
1263 4015 1359 4072 tibi
1389 4025 1679 4088 perpetua,
1701 4017 1883 4073 divina
1905 4018 2201 4076 auxiliante

621 4107 992 4165 misericordia
1014 4149 1030 4175 ,
1095 4109 1215 4164 vita
1265 4118 1482 4166 aterna
1534 4118 1714 4167 tecum
1761 4111 2031 4182 particeps
2078 4127 2199 4168 esse

622 4215 853 4257 merear.

695 4385 717 4414 ο
747 4374 962 4430 Floreat
989 4377 1040 4430 in
1066 4385 1249 4432 vestro
1277 4379 1474 4434 divinis
1497 4347 1892 4449 pectore-donis

764 4465 988 4534 Semper
1012 4467 1068 4520 in
1101 4476 1360 4522 aternum
1386 4471 1594 4539 sophia,
1625 4479 1809 4525 sancte
1837 4471 2036 4526 Pater.-

693 4554 760 4610 Et
785 4556 917 4609 mihi
939 4567 1221 4612 conservet
1249 4557 1449 4614 Christi
1473 4559 1664 4614 dextra
1690 4561 2074 4632 omnipotentis

760 4646 1106 4713 Incolumem,
1131 4649 1340 4706 meritis
1365 4658 1556 4722 augeat
1579 4652 1840 4707 atheriis.

695 4819 720 4848 α
767 4805 1074 4878 Episcopum
1139 4806 1501 4863 Histriensem.
1585 4809 1784 4864 Omnes
1835 4808 2199 4878 Aquileiensis

622 4878 913 4962 provincia
963 4878 1197 4962 episcopi
1243 4880 1539 4962 antiquitps
1579 4880 1706 4935 dicti
1732 4888 1856 4962 sunt
1893 4878 2069 4962 isti-ite
2091 4883 2199 4951 epi-

624 4950 866 5020 scopi,ut
910 4957 1055 5020 patet
1094 4964 1160 5003 ex
1203 4949 1427 5005 concilio
1471 4951 1714 5004 Romano
1752 4953 1851 5020 sub
1897 4949 2196 5020 Agathone,

623 5019 718 5103 ubi
747 5017 1339 5103 UrsinusCenettensis
1365 5022 1463 5075 sub
1487 5022 1801 5103 patriarcha
1828 5017 2125 5103 Agathone-
2145 5030 2200 5076 et

625 5089 807 5144 cateri
856 5088 1367 5144 Mediterranearum
1410 5088 1615 5145 sed-ium
1662 5108 1692 5146 e
1733 5088 1902 5161 iscopi
1939 5099 2200 5146 vocantur

626 5159 804 5213 Istria:
843 5159 1065 5213 cnisconi
1109 5159 1348 5213 (Madris.
1405 5160 1536 5213 01m.
1575 5161 1634 5213 S.
1674 5107 1903 5213 gaulint'.
1951 5179 2004 5213 n.
2046 5162 2197 5213 205i.

1721 5162 1903 5222 aulint',
1951 5179 2004 5222 ι).
2046 5162 2197 5222 205).

626 5168 804 5214 [striae
843 5168 1064 5229 episcopi
1109 5168 1348 5229 (Mauris.
1405 5168 1536 5232 Upp.
1575 5168 1634 5216 δ.
1674 5168 1903 5222 Paulini,
1951 5179 2004 5232 p.
2046 5168 2197 5229 205).

626 5228 892 5312 Fortassis
936 5229 1025 5312 hic
1074 5230 1354 5312 episcopus
1397 5230 1501 5312 fuit
1543 5233 1758 5312 Aginus
1790 5231 2197 5312 Pergomensis,

625 5315 719 5373 seu
750 5299 950 5373 potius
973 5299 1294 5373 Veronensis
1326 5299 1616 5373 episcopus
1627 5343 1640 5361 ,
1672 5303 1762 5373 qui
1790 5302 1892 5356 hoc
1909 5299 2053 5357 anno
2075 5319 2199 5373 cum

625 5371 851 5425 Alcuino
869 5369 998 5442 fuit,
1029 5369 1386 5442 utcolligitui'
1415 5387 1482 5427 ex
1509 5369 1734 5442 epistola
1763 5375 1831 5425 ad
1855 5374 2102 5428 eumdem
2131 5372 2201 5427 26

628 5442 793 5512 (nunc
822 5439 934 5511 51).
972 5441 1047 5495 De
1075 5439 1268 5496 Aerico
1288 5442 1424 5497 duce
1448 5439 1559 5497 vid;
1586 5442 1746 5512 epist.
1782 5442 1833 5495 l.

698 5534 727 5572 δ
764 5533 908 5595 Hac,
935 5535 1192 5589 mendosa
1217 5535 1270 5589 in
1301 5535 1457 5599 edit.,
1499 5551 1565 5589 ex
1585 5550 1690 5589 ms.
1722 5534 2098 5590 restituuntur.

626 5159 804 5241 Lstria:
843 5159 1065 5241 episcopi
1109 5159 1348 5241 (Madris.
1405 5160 1634 5241 ρρρηὸτ

703 5638 725 5664 ο
769 5623 834 5681 Hi
863 5643 1051 5682 versus
1077 5628 1270 5683 desunt
1299 5628 1352 5681 in
1374 5624 1504 5682 Co'd.
1537 5626 1732 5682 Salisb.
1756 5635 1810 5683 et
1836 5627 1893 5682 S.
1934 5629 2111 5684 Emm.

700 5714 731 5789 εξ
768 5713 1337 5789 ΕόίῑᾌριιθτοςιἎϐε.
1373 5715 1552 5789 Canis.
1586 5711 1654 5772 68
1691 5715 1944 5788 (Froben.
1989 5719 2102 5789 50).
2144 5720 2202 5777 In

634 5783 753 5865 cod.
783 5801 883 5842 ms.
916 5786 1344 5847 Sanct—Gallensi
1381 5783 1720 5843 desideratur
1752 5789 1966 5858 quidem
2006 5783 2202 5850 inscri-

2298 3279 2400 3333 bus
2420 3291 2516 3346 per
2543 3275 2781 3346 singulas
2807 3275 2976 3329 lineas
3005 3275 3109 3329 iter
3128 3273 3333 3344 aperui,
3363 3272 3886 3343 desiderabilemque

2295 3367 2493 3440 optata
2521 3367 2709 3422 salutis
2756 3367 3066 3438 sospitatem
3107 3365 3284 3420 Patris
3332 3378 3650 3435 agnoscens,
3696 3363 3752 3417 in
3779 3363 3887 3418 illis

2297 3473 2424 3513 mox
2474 3457 2699 3528 singulis
2742 3456 3047 3510 litterarum
3091 3455 3333 3525 apicibus
3385 3453 3567 3510 oscula
3617 3453 3886 3519 libaham,

2299 3559 2577 3620 totumque
2598 3565 2684 3605 me
2707 3549 2820 3604 Deo
2847 3549 3062 3604 Christo
3097 3548 3152 3603 in
3189 3547 3486 3618 gratiarum
3521 3546 3681 3603 eﬂ'udi
3708 3548 3885 3602 actio-

2298 3661 2420 3711 nes,
2449 3645 2632 3699 dicens
2658 3662 2670 3696 :
2705 3642 2920 3697 Auditui
2949 3659 3060 3696 meo
3094 3641 3242 3695 dabis
3266 3641 3517 3712 gaudium
3539 3647 3587 3694 et
3616 3639 3884 3705 latitiam,

2299 3747 2347 3793 et
2387 3736 2716 3792 exsultabant
2763 3751 2881 3789 ossa
2928 3731 3203 3787 humiliata
3247 3731 3419 3805 (Psal.
3449 3749 3504 3798 ι,
3539 3730 3647 3801 10).
3687 3730 3759 3785 Et
3793 3731 3886 3801 qui

2301 3838 2427 3886 ante
2456 3827 2770 3884 humiliatus
2817 3826 2891 3882 fui
2924 3827 2978 3881 in
3006 3826 3223 3881 tristitia
3251 3867 3266 3891 ,
3307 3841 3450 3881 nunc
3472 3824 3739 3881 exaltatus
3763 3839 3888 3879 sum

2301 3923 2354 3978 in
2386 3921 2592 3976 latitia.
2641 3920 2709 3974 Et
2746 3920 2791 3975 si
2827 3919 2958 3990 quid
2998 3920 3157 3989 pleno
3180 3919 3462 3974 charitatis
3481 3917 3891 3990 modio'super—

2301 4014 2424 4069 addi
2465 4013 2767 4082 potuisset,
2825 4011 3153 4068 cumularem
3190 4013 3374 4083 utique
3412 4011 3698 4083 pristinam
3748 4011 3888 4084 [Al.,

2300 4102 2562 4175 primam]
2593 4103 2894 4158 dilectionis
2927 4101 3316 4172 plenitudinem
3337 4145 3352 4168 ,
3376 4119 3528 4159 nova
3553 4103 3890 4158 abundantia

2300 4195 2520 4250 latitia.
2561 4192 2719 4247 Novit
2747 4193 2959 4263 itaque,
2989 4192 3294 4261 quicunque
3320 4192 3573 4247 mellilluo
3596 4192 3890 4248 charitatis

2294 4283 2475 4354 jaculo
2502 4283 2722 4337 vulnera
2754 4281 2898 4336 omni
2942 4279 3064 4336 favo
3089 4281 3325 4336 dulciora
3363 4283 3420 4336 in
3448 4282 3608 4338 corde
3631 4283 3888 4354 accipiet,

2302 4392 2530 4446 non_me
2553 4375 2848 4430 autumnali
2885 4374 3084 4445 frigore
3111 4373 3390 4430 ﬂaceentia
3416 4377 3704 4431 verborum
3733 4377 3888 4442 folia,

2303 4467 2357 4522 in
2384 4467 2541 4535 hujus
2564 4468 2823 4539 chartula
2849 4483 3176 4538 exaggerare
3203 4468 3466 4538 gremium
3499 4485 3510 4521 :
3545 4468 3638 4522 sed
3665 4467 3736 4521 de
3761 4469 3891 4523 vivo

2223 4539 2278 4603 θ
2302 4561 2544 4617 veritatis
2572 4559 2746 4628 fonte,
2774 4563 2839 4617 ad
2871 4561 3173 4633 irrigandos
3199 4576 3343 4616 vera
3369 4559 3527 4616 ﬂores
3553 4559 3888 4629 dilectionis,

2299 4656 2415 4710 hac
2442 4671 2609 4726 prona
2652 4657 2886 4725 pectoris
2915 4657 3018 4711 mei
3065 4656 3286 4712 dextera
3320 4653 3568 4720 haurire,
3611 4663 3893 4724 quatenus

2339 4817 2432 4881 tio,
2479 4817 2571 4871 sed
2608 4832 2673 4870 ex
2704 4823 2957 4871 contextu
3006 4823 3216 4871 certum
3258 4821 3359 4878 est,
3407 4813 3627 4868 missam
3658 4828 3783 4869 esse
3821 4817 3892 4870 ad

2347 4888 2583 4940 aulinum
2610 4887 3025 4956 Aquileiensem.
3053 4885 3318 4956 Carusws.

2377 4969 2400 4995 ο
2441 4957 2576 5010 Dum
2619 4953 2858 5026 ferventis
2902 4956 3111 5011 Cancri.
3163 4955 3299 5010 Hinc
3345 4954 3544 5026 colligit
3573 4953 3640 5026 el.
3682 4953 3897 5012 Madri-

2302 5028 2415 5082 sius
2439 5024 2717 5097 epistolam
2739 5028 2996 5096 scriptam
3023 5033 3147 5096 post
3175 5025 3452 5097 dimidium
3482 5024 3626 5078 Junii
3651 5029 3891 5096 mensis.

2385 5096 2512 5152 vero
2555 5112 2654 5178 ego
2703 5113 2808 5178 non
2855 5097 3035 5178 magis.
3054 5097 3182 5178 inde
3209 5096 3400 5178 colligo
3425 5110 3584 5164 quam
3609 5111 3674 5150 ex
3702 5099 3896 5154 verbis

2300 5169 2468 5231 hisee,
2503 5165 2696 5236 quibus
2724 5165 2963 5222 inferius
2988 5169 3098 5221 ait:
3131 5165 3289 5219 Novit
3328 5165 3504 5237 itaque
3531 5206 3545 5220 .
3576 5205 3601 5237 ._
3623 5207 3637 5220 .
3671 5205 3684 5219 .
3718 5205 3732 5218 .
3779 5185 3897 5225 non

2301 5254 2381 5291 me
2403 5235 2692 5290 autumnali
2721 5237 2914 5307 frigore
2937 5237 3210 5308 ﬂaccentia
3233 5235 3500 5308 verborum
3529 5235 3659 5306 [alia
3693 5277 3708 5290 .
3737 5276 3751 5291 .
3775 5278 3793 5291 .
3831 5278 3848 5293 .
3877 5280 3893 5296 .

2302 5324 2634 5377 eaaggerare,
2665 5306 2800 5370 etc.,
2823 5306 3074 5377 colligere
3123 5306 3249 5360 licet
3291 5307 3571 5375 epistolam
3620 5315 3897 5366 autumno

2303 5378 2719 5462 scriptamesse.
2737 5377 3029 5462 Abs‘dubio
3047 5377 3269 5462 ininitio
3297 5378 3588 5462 supplenda
3611 5386 3695 5460 est
3715 5381 3902 5462 parti-

2303 5448 2422 5502 cula
2449 5448 2610 5511 sicut;
2644 5462 2817 5516 neque
2853 5448 2939 5502 hic
2965 5447 3286 5519 exprimitur
3311 5455 3519 5519 tempus
3549 5447 3897 5519 scriptionis,

2303 5519 2394 5589 sed
2421 5533 2520 5586 per
2554 5519 3007 5588 comparationem
3035 5516 3304 5572 ferventis
3340 5516 3532 5574 Cancri
3561 5516 3902 5589 exprimitur

2303 5588 2463 5641 ardor
2491 5589 2744 5656 pectoris.

2381 5657 2401 5695 τ
2447 5656 2578 5711 Ecce
2597 5659 2764 5721 venit,
2792 5668 2896 5730 etc.
2955 5659 3314 5729 Responsoria
3343 5674 3559 5730 nempe,
3590 5676 3712 5730 qua
3737 5661 3898 5718 desi-

2305 5728 2542 5801 deratur,
2585 5743 2745 5796 quam
2789 5727 3046 5785 Alcuinus
3065 5727 3201 5800 post
3229 5739 3341 5783 tres
3369 5745 3398 5784 a
3427 5727 3485 5800 se
3505 5727 3658 5786 datas
3681 5732 3902 5801 episto-

2304 5797 2383 5852 las
2411 5798 2626 5852 demum
2652 5801 2896 5854 extorsit.
2932 5801 3050 5856 Vid.
3077 5797 3234 5871 epist.
3260 5797 3497 5870 priorem
3524 5803 3669 5858 circa
3693 5797 3898 5864 finem.
