4056 6328
184 364 267 425 201

1573 361 1949 420 EPISTOLJE.
2034 354 2039 363 ’

185 483 272 541 mel
297 476 463 549 magni
493 475 694 532 amoris
726 472 1055 533 stillicidium
1101 476 1206 533 tuis
1252 476 1587 531 infunderem
1629 477 1709 530 vi-
1734 483 1785 540 Α
1810 476 2138 530 ctationum?
2169 475 2269 533 Ubi
2306 474 2579 547 saecularis
2615 489 2823 545 pompae
2851 476 3082 546 superba
3119 478 3380 536 ambitio?

182 572 411 632 secribus.

232 659 447 718 Plurima
475 656 609 712 mihi
652 657 719 712 de
760 657 1097 712 sanctissimo
1137 658 1214 713 tui
1251 658 1428 714 cordis
1454 658 1713 730 epithala-

177 755 283 820 mio,
311 748 521 808 rarifluo
550 757 765 805 nectare
789 749 1114 804 eximdantia
1142 749 1409 818 protulisti
1433 748 1708 819 exempla;

175 856 223 901 ut
241 843 405 899 verius
449 839 849 895 Aristotelicum
903 839 1028 894 illud
1072 839 1126 892 in
1176 846 1226 893 te
1266 838 1475 893 videam
1500 838 1710 908 impleri

170 934 510 1009 proverbium,
538 932 629 1002 qui
655 932 994 986 acutissimas
1019 931 1541 985 Peribermeniarum
1577 932 1712 985 scri—

169 1026 339 1095 ptitans
375 1020 888 1092 argumentationes,
926 1020 1120 1074 dicitur
1150 1020 1205 1073 in
1234 1028 1413 1073 mente
1443 1018 1710 1074 calamum

169 1116 377 1172 tinxisse.
420 1113 499 1169 Te
517 1125 646 1167 vero
689 1126 920 1183 agnosco
947 1111 1012 1166 de
1049 1119 1251 1166 aeterno
1287 1111 1568 1165 charitatis
1586 1111 1709 1176 the-

166 1221 300 1263 sauro
337 1204 623 1260 afﬂuenter
664 1218 802 1258 nova
844 1202 1086 1273 proferre
1133 1210 1189 1258 et
1216 1211 1421 1269 vetera,
1445 1212 1501 1257 et
1526 1202 1580 1257 in
1606 1202 1710 1258 ﬁde

162 1296 356 1352 fraterni
377 1295 585 1349 amoris
605 1310 834 1365 pennam
860 1294 1083 1349 tinxisse
1103 1294 1343 1363 pietatis.
1386 1294 1558 1348 Tuum
1580 1309 1709 1350 vero

162 1385 537 1442 sanctissimum
586 1399 680 1439 cor
720 1392 864 1438 terra
909 1391 991 1437 est
1018 1383 1471 1453 repromissionis,
1502 1382 1711 1451 sapien-

162 1478 232 1532 tia:
249 1476 395 1531 melle
426 1490 672 1541 manans,
721 1482 776 1529 et
798 1475 1128 1530 suavissima:
1170 1475 1450 1529 charitatis
1489 1474 1607 1528 lucc
1631 1486 1709 1527 re-

157 1567 388 1631 dundans,
418 1565 476 1619 in
499 1580 603 1634 qua
624 1578 784 1619 verus
807 1573 859 1618 et
884 1564 1146 1635 gloriosus
1169 1564 1421 1619 Salomon
1448 1564 1707 1618 virtutum

156 1657 372 1728 gemmis,
396 1655 656 1725 templum
676 1655 912 1726 pulchrae
932 1656 1276 1711 habitationis
1303 1670 1413 1711 suae
1440 1654 1706 1724 majestati

154 1749 467 1814 construxit,
513 1763 621 1803 non
670 1746 921 1802 Chaldaaa
967 1745 1182 1801 ﬂamma
1223 1747 1560 1817 periturum,
1608 1748 1704 1803 sed

1811 563 1999 619 Nonne
2022 565 2203 620 omnia
2250 566 2365 621 hate
2406 565 2567 620 veluti
2607 566 2783 621 fumus
2814 568 3087 623 ventuosis
3113 571 3377 637 procella-

1811 669 1932 707 rum
1974 654 2030 710 in
2074 670 2256 710 aerem
2290 655 2545 725 dispersis
2572 655 2870 727 gurgitibus
2905 661 3266 716 evanescunt?
3311 661 3381 717 Et

1812 754 2014 814 quanto
2041 745 2161 817 plus
2184 746 2435 815 quislibet
2466 747 2583 803 hate
2621 762 2757 801 vana
2794 748 3129 806 delectabilia
3158 766 3375 808 amave-

1810 837 1882 891 rit
1901 838 1955 892 in
1978 838 2195 901 mundo,
2229 845 2375 893 tanto
2415 838 2693 909 magisea
2717 879 2734 905 ,
2777 849 2977 896 mterno
3024 851 3380 911 praesentatus

1804 927 1992 997 iudici,
2019 928 2142 983 odio
2178 927 2443 984 habuerit.
2501 929 2696 986 Beatus
2734 931 2824 999 qui
2860 933 3233 989 necessitatem
3253 950 3379 991 ver-

1808 1018 1937 1072 terit
1962 1019 2015 1072 in
2040 1018 2366 1074 voluntatem
2395 1036 2409 1073 :
2440 1026 2494 1072 et
2520 1035 2584 1074 ea
2607 1020 2806 1076 Christi
2829 1037 3010 1077 amore
3025 1033 3381 1095 compunctus

1808 1106 2107 1162 voluntarie
2123 1108 2386 1175 amiserit,
2416 1123 2535 1178 qua:
2561 1108 2736 1165 debita
2772 1119 2993 1179 cogente
3015 1122 3189 1168 morte
3218 1115 3381 1171 amis-

1810 1211 1970 1252 surus
1994 1197 2121 1251 erit.
2686 1202 2689 1205 ’

1880 1287 2006 1344 Haec
2032 1304 2168 1344 meae
2192 1303 2404 1345 memor
2424 1289 2657 1345 miseriae
2681 1290 3001 1363 lacrymosis
3029 1295 3223 1351 dictavi
3247 1311 3390 1367 quea

1809 1379 1968 1445 relis;
1998 1395 2105 1434 non
2133 1390 2194 1435 ut
2226 1388 2299 1446 te,
2346 1380 2487 1450 quod
2525 1396 2658 1451 opus
2682 1397 2788 1437 non
2823 1391 2938 1451 est,
2962 1400 3030 1439 ex
3051 1386 3189 1441 meis
3210 1388 3382 1443 corri-

1807 1484 1962 1541 geres
1991 1471 2175 1538 dictis;
2223 1472 2316 1527 sed
2358 1479 2419 1525 ut
2456 1488 2665 1528 mecum
2705 1488 2793 1529 me
2833 1487 2900 1529 ex
2940 1477 3074 1531 meis
3098 1477 3379 1548 plangeres

1806 1562 2181 1632 iniquitatibus
2219 1580 2233 1619 :
2278 1575 2334 1619 et
2373 1574 2682 1635 pascentem
2727 1565 2780 1621 in
2829 1568 3044 1639 regione
3087 1569 3380 1641 longinqua

1805 1653 2030 1707 omniin
2060 1653 2397 1709 immunditie
2427 1669 2620 1725 porcos
2645 1656 2771 1725 tuis,
2797 1672 2830 1713 ο
2853 1659 3195 1715 sanctissime
3223 1660 3374 1730 adju-

1761 1748 1767 1753 “
1806 1743 1930 1798 tor!
1976 1743 2229 1813 precibus
2284 1744 2619 1811 sublevares,
2668 1757 2724 1803 et
2770 1749 2837 1804 ad
2877 1759 3114 1819 paternae
3161 1753 3381 1822 pietatis

154 1848 323 1895 aeterna
349 1854 485 1908 pace
509 1853 947 1909 permansurum;
976 1837 1030 1891 in
1050 1854 1155 1908 quo
1181 1847 1363 1893 sancta
1393 1846 1699 1894 sanctorum
1728 1845 1776 1905 Β
1803 1832 1990 1904 epulas
2011 1835 2103 1889 diu
2140 1836 2410 1905 perditum
2452 1836 2585 1909 [Al.,
2628 1839 3044 1914 periclitantem]
3091 1842 3380 1901 reduceres

151 1946 335 2003 summo
365 1939 423 1987 et
457 1945 584 1985 vero
617 1929 858 1999 pontiﬁci
893 1929 989 1984 soli
1016 1928 1229 1984 Christo
1252 1930 1459 2000 pervia,
1486 1946 1593 1985 non
1616 1945 1704 1986 se-

150 2019 236 2076 mel
261 2021 314 2075 in
355 2035 501 2077 anno
544 2018 735 2093 (Hebr.
764 2036 842 2086 ix,
869 2019 1029 2092 5-7),
1080 2022 1172 2075 sed
1215 2035 1428 2091 semper
1470 2021 1525 2075 in
1552 2031 1703 2076 teter-

148 2124 272 2164 num.
310 2112 388 2167 Ibi
435 2126 559 2167 arca
601 2099 899 2182 sapientiae,
944 2118 999 2167 et
1036 2111 1264 2166 duorum
1300 2110 1495 2166 tabula:
1544 2120 1704 2167 testa-

146 2212 452 2258 mentorum.
510 2203 578 2258 Et
606 2204 723 2259 haec
757 2204 936 2259 omnia
973 2203 1233 2260 cherubin
1264 2199 1317 2257 in
1359 2201 1704 2259 multitudine

144 2302 306 2364 tegunt
344 2294 608 2350 scientiaa.
658 2294 862 2349 Horum
910 2295 1094 2349 subter
1135 2293 1247 2348 alas
1281 2292 1462 2348 divina
1488 2292 1703 2363 populis

140 2384 332 2441 oracula
358 2387 714 2455 respondent,
753 2393 808 2439 et
842 2382 1060 2439 flumina
1087 2382 1319 2440 viventis
1352 2399 1505 2454 aqua:
1539 2384 1593 2438 in
1622 2398 1705 2438 sa-

138 2477 281 2533 lutem
335 2478 652 2533 sitientibus
695 2476 890 2531 salient
937 2484 1196 2530 aeternam
1243 2474 1438 2546 (Joan.
1479 2488 1552 2541 tv,
1589 2472 1699 2543 14).

140 2566 226 2634 Quo
266 2567 368 2636 qui
397 2566 550 2631 sitit,
595 2565 660 2621 de
689 2565 856 2621 aridis
898 2572 1167 2620 terrarum
1188 2564 1513 2634 ignorantia:
1537 2574 1706 2634 paru-

136 2660 213 2716 bus
240 2659 460 2725 veniat,
486 2667 540 2712 et
560 2658 729 2712 bibat.

189 2755 322 2822 Quid
351 2757 412 2811 in
440 2761 549 2809 tam
574 2751 814 2809 afﬂuenti
844 2754 922 2809 tui
961 2752 1140 2810 cordis
1185 2755 1442 2811 thesauro
1474 2768 1584 2810 non
1620 2754 1702 2809 in-

135 2846 370 2902 venitur?
408 2844 564 2914 cujus
592 2845 865 2902 habitator
894 2845 982 2901 ille
1007 2847 1317 2916 agnoscitur
1344 2862 1463 2903 esse
1480 2887 1495 2912 ,
1521 2849 1577 2903 in
1598 2864 1700 2918 quo

137 2947 234 2990 sunt
259 2953 442 2990 omnes
486 2936 718 2990 thesauri
759 2936 1028 3007 sapientiae
1073 2946 1121 2991 et
1162 2939 1391 2993 scientia:
1412 2939 1701 2992 absconditi

139 3024 422 3093 (001033.11,
440 3025 524 3098 5);
552 3026 643 3096 qui
665 3027 820 3107 habet
846 3026 1049 3082 clavem
1064 3027 1250 3092 David,
1265 3028 1455 3098 aperit.
1475 3037 1529 3085 et
1542 3044 1700 3085 nemo

138 3114 340 3181 claudit;
367 3116 594 3181 claudit,
610 3124 666 3172 et
679 3131 836 3171 nemo
850 3118 1024 3187 aperit
1042 3118 1223 3188 (Apoc.
1240 3135 1326 3185 ιιι,
1344 3119 1418 3190 7).
1434 3119 1563 3186 Qua:
1584 3120 1700 3175 vult

1803 1922 1955 1994 (Luc.
1984 1940 2074 1989 xv,
2105 1925 2335 1998 15-15).
2376 1928 2618 1985 Adhazsit
2656 1930 2838 2000 itaque
2864 1931 3020 1988 oculo
3055 1934 3237 1990 cordis
3270 1935 3377 1989 mei

1798 2013 1974 2083 pulvis
2008 2015 2392 2086 cogitationum
2415 2018 2743 2091 iniquarum,
2775 2030 2834 2078 ut
2848 2037 3123 2078 summum
3146 2024 3381 2081 beatitu-
3450 2074 3453 2077 ,

1800 2104 1943 2162 diuis
1972 2105 2170 2162 bonum
2193 2123 2295 2164 nec
2322 2109 2527 2178 videre,
2552 2127 2653 2168 nec
2678 2128 2861 2169 amare
2880 2114 3116 2185 perfecte
3142 2116 3376 2173 valeam.

1802 2193 1859 2251 Si
1889 2196 2149 2263 viderem,
2182 2199 2370 2269 utique
2390 2216 2649 2257 amarem.
2688 2201 2794 2259 Sed
2827 2219 2861 2260 a
2896 2212 2977 2271 te,
3012 2205 3105 2276 qui
3125 2206 3378 2276 spiritum

1800 2288 1869 2343 ab
1890 2302 1955 2343 eo
1973 2289 2359 2348 consolationis
2379 2294 2633 2364 accepisti
2661 2294 2754 2365 qui
2784 2296 2899 2351 vult
2923 2312 3110 2354 omnes
3130 2298 3379 2356 homines

1801 2378 1978 2433 salvos
2014 2378 2130 2434 ﬁeri
2159 2379 2213 2451 (Ι
2255 2381 2389 2436 Tim.
2431 2399 2493 2449 ιι,
2525 2384 2603 2457 4),
2642 2386 2871 2442 assidua:
2899 2388 3163 2445 orationis
3182 2388 3380 2446 suifra-

1802 2467 1889 2538 gia
1918 2467 2101 2537 ﬂagito
2130 2486 2144 2523 :
2176 2478 2441 2538 quatenus
2466 2480 2682 2530 aeterna:
2710 2476 2860 2544 pacis
2885 2476 3128 2535 medicus
3154 2477 3378 2549 collyrio

1802 2573 1915 2612 sua:
1939 2559 2322 2615 misericordia:
2344 2561 2568 2633 inungat
2600 2565 2818 2620 oculum
2844 2600 2861 2631 ,
2904 2566 3104 2636 iniquis
3129 2566 3376 2624 obczeca-

1806 2656 1918 2703 tum
1942 2649 2353 2719 cupiditatibus;
2384 2655 2450 2707 ut'
2469 2667 2656 2709 verum
2686 2662 2959 2725 perpetuae
2996 2655 3251 2713 bonitatis
3292 2656 3380 2714 lu-

1802 2752 1924 2793 men
1948 2738 2132 2795 videre
2151 2740 2347 2807 valeat,
2376 2751 2432 2797 et
2458 2758 2644 2799 amare
2663 2746 2815 2821 quod.
2833 2746 3032 2803 videat.

1871 2827 2138 2886 Memento
2184 2832 2522 2889 mitissimam
2579 2834 2902 2892 Samaritani
2948 2847 3185 2896 mentem
3213 2881 3230 2908 ,
3283 2841 3379 2911 qui

1801 2916 2139 2972 vulneratum
2184 2921 2439 2991 omnique
2484 2924 2733 2994 prresidio
2783 2926 3100 2984 destitutum
3146 2931 3268 2987 oleo
3319 2942 3377 2989 et

1799 3005 1925 3061 vino
1960 3006 2203 3075 fovebat,
2250 3012 2467 3082 pietatis
2511 3012 2676 3069 fascia
2711 3016 2933 3087 ligavit,
2982 3018 3179 3076 levavit
3215 3023 3266 3077 in
3289 3037 3379 3093 Ju-

1800 3106 2063 3166 mcntum,
2085 3101 2236 3156 duxit
2262 3102 2319 3158 in
2351 3105 2638 3172 stabulum,
2666 3107 2803 3164 duos
2829 3125 3011 3180 proco
3039 3113 3186 3169 dedit
3213 3116 3377 3171 dena-

138 3206 192 3259 ad
207 3206 511 3275 profectum
543 3206 771 3262 aliorum
806 3216 1078 3278 perpetum
1108 3209 1311 3264 clavem
1353 3210 1692 3280 eloquentiae,

1801 3192 1930 3259 rios,
1956 3200 2015 3248 ut
2039 3203 2324 3251 curaretur
2358 3196 2508 3269 (Luc.
2537 3199 2614 3270 x).
2643 3200 2781 3266 Quid
2813 3202 2915 3259 hac
2938 3204 3138 3275 pietate
3159 3207 3378 3263 mitius"

137 3295 393 3353 charitatis
422 3297 579 3353 clave
605 3297 796 3367 aperit,
828 3308 882 3352 et
910 3313 1030 3368 quae
1056 3299 1171 3354 vult
1200 3300 1253 3355 in
1286 3315 1484 3356 arcano
1517 3310 1699 3370 pecto-

138 3385 282 3441 ristui
307 3389 594 3452 thesauro,
640 3387 789 3443 clave
831 3389 1108 3458 sapientiae
1138 3389 1358 3460 claudit.
1418 3391 1545 3447 llaec
1572 3406 1699 3446 san-

139 3474 349 3532 ctissima
390 3478 724 3534 somniantis
760 3478 929 3535 Jacob
966 3479 1114 3535 scala
1159 3479 1313 3552 (Gen.
1357 3496 1548 3548 xxvtn,
1581 3483 1695 3553 12),

138 3585 387 3644 perquam
437 3574 572 3632 coeli
613 3582 820 3631 secreta
847 3610 863 3638 ,
896 3572 1134 3643 septenis
1177 3574 1498 3643 spiritalium
1523 3575 1699 3630 chari-

137 3675 340 3720 smatum
366 3666 635 3738 gradibus
655 3706 671 3732 ,
715 3667 802 3736 pia
826 3674 1113 3737 penetrare
1128 3666 1264 3722 solet
1287 3667 1636 3739 intelligentia
1677 3684 1692 3723 :

136 3761 182 3805 et
205 3753 389 3811 iterum
415 3757 499 3813 ad
540 3755 950 3811 aedificationem
993 3756 1219 3825 subjecti
1245 3758 1346 3813 sibi
1380 3758 1559 3828 populi
1586 3757 1697 3814 fra-

138 3845 255 3898 terni
277 3848 483 3902 amoris
506 3847 752 3916 passibus
782 3847 1075 3911 descendit,
1108 3854 1169 3901 ut
1191 3846 1286 3901 fiat
1309 3847 1498 3903 doctor
1518 3848 1694 3905 eccle-

139 3931 358 3990 siasticus
381 3935 591 3991 divinae
613 3935 1078 4005 contemplationis
1111 3951 1232 3991 cum
1261 3936 1424 3991 Maria
1451 3952 1691 4006 compos,

138 4024 181 4072 et
198 4021 376 4077 iterum
405 4039 542 4079 cum
568 4023 773 4078 Martha
796 4024 864 4079 ad
891 4024 1184 4080 Dominicae
1216 4040 1413 4082 mensae
1440 4027 1694 4083 convivas

139 4112 307 4169 sedula:
329 4115 832 4170 administrationis
863 4115 1125 4171 sollicitus
1170 4115 1320 4188 (Luc.
1360 4132 1417 4183 χ,
1455 4118 1547 4183 59,
1576 4118 1691 4188 40).

140 4198 218 4256 His
237 4204 435 4262 duabus
465 4206 576 4261 alis
600 4215 909 4261 sanctorum
933 4206 1127 4261 animm
1152 4223 1274 4262 cum
1304 4223 1498 4279 magna
1523 4209 1690 4264 meri-

141 4296 289 4346 torum
319 4296 496 4367 gloria
519 4296 587 4350 ad
607 4294 841 4351 caelestis
868 4296 1016 4366 regni
1038 4297 1424 4352 beatitudinem
1455 4300 1694 4368 Quotidie

140 4376 387 4451 teruntur;
417 4387 516 4442 his
541 4385 704 4440 etiam
725 4385 908 4440 saeculi
926 4385 1084 4453 hujus
1102 4386 1429 4455 procellosus
1456 4389 1694 4459 gurgites

141 4482 300 4527 securo
340 4480 634 4530 transeunt
679 4475 909 4545 navigio,
953 4482 1009 4530 et
1056 4476 1120 4530 ad
1166 4485 1377 4546 portum
1420 4488 1693 4550 perpetuae

141 4560 303 4626 quietis
327 4579 450 4619 cum
473 4563 744 4618 virtutum
774 4564 1138 4620 mercimoniis
1168 4567 1499 4634 pervenient.

197 4648 288 4705 Sed
305 4668 528 4717 vereor,
557 4655 702 4723 quod
735 4655 852 4711 sine
885 4655 1120 4710 maximo
1163 4657 1343 4712 cordis
1369 4657 1555 4714 dolore
1582 4674 1690 4716 non

143 4738 257 4807 dico,
276 4760 360 4800 me
378 4745 616 4801 ulterius
640 4745 695 4799 in
716 4746 819 4800 hac
846 4745 955 4801 vita
984 4754 1087 4802 tua:
1113 4748 1457 4804 beatitudinis
1494 4749 1690 4806 faciem

145 4843 226 4883 non
248 4834 483 4890 visurum
513 4875 528 4899 ,
558 4836 684 4904 quia
714 4836 769 4890 in
814 4836 901 4891 via
936 4836 1215 4894 divisionis
1240 4838 1343 4894 iter
1366 4841 1573 4910 agimus
1612 4842 1692 4896 la-

144 4918 403 4981 bat-losum.
465 4928 576 4982 Per
617 4927 811 4981 vallem
860 4927 1263 4997 lacrymabilem
1311 4930 1378 4984 ad
1424 4931 1685 4986 incertum

144 5020 461 5079 properamus
491 5015 689 5081 finem;
719 5024 773 5071 et
795 5017 905 5073 cito
940 5016 1149 5089 fragilis
1179 5036 1332 5083 caro,
1372 5023 1513 5077 unde
1550 5038 1692 5077 surn—

143 5111 250 5169 pta,
297 5115 606 5164 revertetur
650 5106 821 5179 (Psal.
863 5125 982 5172 cm,
1023 5108 1114 5181 29)
1149 5129 1161 5164 :
1217 5119 1271 5165 et
1309 5113 1486 5168 omnis
1529 5115 1691 5168 decor

144 5187 277 5278 illius,
316 5197 428 5269 5,8
470 5206 664 5253 urente
703 5211 956 5265 percussa
1003 5210 1164 5255 vento
1200 5201 1321 5271 (Job
1373 5215 1544 5270 xxvn,
1574 5204 1689 5278 21),

146 5274 391 5342 ﬂaccescet
421 5330 436 5354 ,
480 5297 536 5342 et
578 5288 669 5342 ibit
711 5288 864 5341 homo
906 5289 961 5343 in
993 5289 1205 5345 domum
1243 5296 1545 5350 wternitatis
1581 5274 1691 5352 sua:

145 5364 314 5457 (Baete.
356 5392 455 5440 xu,
599 5377 665 5430 Et
704 5377 848 5433 circa
877 5393 999 5432 cum
1023 5381 1243 5435 stabunt
1273 5382 1327 5438 in
1348 5383 1525 5451 platea
1554 5383 1684 5457 [Al.,

145 5455 297 5535 domo]
335 5465 653 5536 plangentes
678 5508 693 5531 ,
734 5476 789 5523 et
831 5469 1052 5539 spiritus
1090 5481 1393 5527 revertetur
1428 5476 1496 5530 ad
1519 5455 1685 5531 Deum

144 5548 218 5614 qui
241 5552 378 5609 dedit
396 5556 573 5612 illum.
614 5558 713 5613 Ubi
754 5567 881 5614 tunc
914 5559 1177 5617 illecebrae
1214 5563 1509 5618 carnalium
1546 5565 1689 5622 dele-

200 5675 224 5750 ?
250 5665 662 5750 Edit._Quercet.
692 5673 816 5750 115,
845 5673 1025 5750 Canis.
1057 5675 1135 5750 65_
1155 5676 1404 5750 (Froben.
1431 5680 1544 5750 56),
1570 5684 1686 5737 ubi-

146 5744 231 5799 que
257 5741 437 5794 mutila
464 5749 521 5795 et
566 5742 901 5812 imperfecta;
942 5745 1066 5817 data
1111 5741 1355 5804 fortassis
1390 5741 1683 5821 anno't'96,

519 5833 789 5895 PATROL.
824 5834 896 5896 C.

1798 3283 1928 3352 quid
1973 3283 2077 3340 hoc
2126 3285 2371 3356 exemplo
2420 3287 2724 3345 salubrius?
2768 3289 2996 3349 Greater
3036 3295 3278 3351 omnium
3319 3296 3376 3351 in

1796 3375 2028 3444 pretium
2048 3376 2283 3445 seipsum
2315 3378 2536 3433 tradidit
2577 3370 2883 3450 hominum,
2923 3393 2982 3440 ut
3004 3401 3098 3443 eos
3122 3386 3378 3444 liberaret

1798 3479 1935 3534 quos
1960 3465 2182 3519 creavit.
2223 3466 2420 3522 Fateor
2453 3483 2540 3523 me
2564 3485 2730 3525 unum
2755 3488 2877 3529 esse
2899 3489 2967 3529 ex
2996 3474 3100 3531 illis
3121 3461 3257 3546 quas
3284 3491 3375 3533 re-

1797 3554 1982 3610 demit.
2025 3553 2132 3610 Sed
2159 3556 2286 3611 dum
2313 3556 2501 3614 aliena:
2528 3560 2718 3615 avidus
2751 3561 3194 3632 pulchritudinis,
3236 3565 3376 3622 Cha‘

1796 3644 2067 3700 nanitidas
2116 3660 2181 3699 ex
2221 3654 2446 3715 paterno
2494 3649 2842 3708 tabernaculo
2898 3654 3112 3724 perrexi
3165 3656 3374 3727 videre,

1795 3732 1906 3804 lupi
1928 3749 2014 3789 me
2040 3736 2329 3805 vespertini
2352 3737 2699 3805 invenerunt,
2748 3753 3072 3811 rapuerunt,
3103 3743 3375 3804 lacerave-

1795 3834 1941 3892 runt,
1975 3827 2311 3881 vulneratum
2340 3829 2758 3900 dereliquerunt.
2802 3832 3039 3890 Tandem
3062 3836 3368 3907 aliquando,

1795 3918 1974 3974 divina
2001 3918 2362 3989 praweniente
2383 3921 2555 3990 gratia
2572 3961 2586 3987 ,
2626 3921 2681 3976 in
2705 3932 2904 3978 memet
2932 3941 3179 3983 reversus
3206 3928 3316 3984 dixi
3352 3947 3369 3985 :

1796 4011 2024 4083 Surgam
2045 4021 2093 4066 et
2118 4012 2201 4066 ibo
2226 4012 2294 4065 ad
2314 4011 2530 4067 Patrem
2557 4030 2728 4068 meum
2755 4014 2905 4084 (Luc.
2929 4032 3018 4083 xv,
3050 4019 3157 4088 l8),
3190 4028 3371 4089 teque,

1794 4102 2077 4156 mitissime
2102 4108 2304 4171 pastor,
2346 4102 2402 4156 in
2430 4102 2535 4158 hoc
2560 4102 2681 4168 iter,
2725 4105 2867 4158 sicut
2888 4105 3145 4176 praedixi,
3182 4109 3373 4167 ducto-

1795 4204 1911 4245 rem
1936 4191 2187 4260 deposco.

1863 4282 2044 4338 Potuit
2066 4283 2229 4355 igitur
2251 4283 2391 4340 idem
2411 4284 2604 4341 Lazari
2633 4285 2842 4344 solvere
2865 4287 3095 4356 vincula,
3126 4290 3219 4361 qui
3245 4306 3371 4348 eum

1793 4374 1861 4429 de
1907 4382 2254 4451 monumento
2297 4376 2515 4444 prodire
2559 4375 2742 4447 jussit.
2809 4377 2915 4436 Sed
2951 4388 3012 4434 ut
3045 4388 3370 4451 potestatem

1794 4462 2031 4519 solvendi
2061 4449 2278 4521 sanctos
2304 4466 2505 4523 habere
2531 4468 2782 4527 doctores
2810 4449 3231 4542 demonstraret,
3265 4474 3371 4529 cir—

1796 4556 2190 4613 cumstantibus
2245 4559 2381 4614 dixit
2430 4576 2444 4613 :
2506 4560 2703 4618 Solvite
2747 4580 2886 4631 eum,
2945 4576 2992 4620 et
3030 4568 3185 4622 sinite
3226 4569 3371 4624 abire

1793 4648 1974 4720 (Joan.
2009 4665 2087 4716 χι,
2119 4649 2231 4721 44).
2305 4651 2384 4706 Tu
2412 4660 2561 4718 vero,
2618 4655 2833 4725 egregie
2866 4664 3066 4726 pastor.
3100 4658 3244 4714 solve
3280 4658 3368 4729 ju-

1790 4740 1951 4795 bente
1976 4740 2086 4795 Deo
2132 4741 2438 4798 mortiferas
2486 4744 2617 4799 mihi
2659 4755 3001 4814 peccatorum
3032 4758 3277 4815 catenas,
3308 4759 3369 4805 ut

1791 4830 1927 4886 liber
1954 4830 2183 4900 vitaeque
2207 4833 2446 4888 redditus
2472 4833 2611 4889 inter
2639 4836 2893 4892 convivas
2941 4837 3032 4893 Det
3076 4838 3276 4895 Christi
3311 4840 3365 4895 in

1792 4928 2008 4976 aeterna:
2027 4920 2372 4976 beatitudinis
2391 4922 2561 4991 epulis
2583 4926 2899 4981 recumbere
2927 4943 3157 4983 merear.

2239 5010 2350 5083 49
2371 5024 2395 5053 α
2420 5012 2752 5069 EPISTOLA
2776 5015 2911 5070 xu.

2179 5096 2248 5135 AD
2275 5098 2539 5138 PAULINEH
2566 5100 2960 5142 PATRIARCHAM.

2319 5160 2503 5232 (Forte
2522 5178 2663 5218 anno
2685 5163 2833 5236 796.)

1792 5241 1891 5304 Sui
1915 5262 2487 5325 memoremesserogat
2510 5254 2564 5325 in
2591 5252 2652 5325 S.
2669 5255 2849 5309 missa.
2869 5254 2928 5311 S.
2947 5259 3137 5325 crucis,
3161 5270 3209 5313 et
3229 5259 3363 5314 alias

1860 5318 2111 5440 actiquias
2135 5320 2233 5373 sibi
2270 5318 2415 5391 mitti
2427 5323 2585 5392 petit;
2613 5323 2854 5379 hortatur
2882 5328 2951 5382 ad
2978 5318 3205 5383 laborem
3227 5346 3364 5400 prw—

1899 5399 2159 5440 tcattoms.

1899 5399 2159 5443 ιεαιιοηιε.

1862 5477 2085 5536 Paulino
2112 5482 2449 5538 sanctissimo
2478 5485 2800 5553 patriarcha:
2826 5488 3042 5545 humilis
3086 5488 3244 5546 levita
3272 5492 3364 5548 Al-

1791 5575 1981 5631 cuinus
2004 5576 2250 5630 salutem.

1790 5699 1896 5753 quo
1925 5682 2180 5766 Paulinus
2204 5685 2269 5766 ad
2300 5686 2570 5766 E_vangelii
2592 5691 3026 5760 pmdicationem
3047 5694 3185 5765 apud
3214 5694 3361 5750 littu-

1791 5769 1890 5811 nos
1920 5755 2157 5811 animum
2184 5755 2398 5827 adjecit.
2454 5755 2473 5760 '
2593 5755 2612 5760 “
2939 5784 2946 5791 ο

2964 5859 3000 5919 ’1
