4056 6328
616 388 721 447 993

650 536 655 543 ~
688 498 941 558 Absentia
978 472 1229 564 corporis
1270 505 1377 546 non
1425 495 1633 557 oportet
1666 482 2007 540 dilectionem
2051 478 2189 534 divi-

619 597 767 658 dere,
792 590 921 661 quia
942 586 1176 642 amicitia
1200 597 1320 653 quae
1346 577 1522 634 deseri
1550 583 1728 646 potest
1755 587 2027 642 nunquam
2065 583 2194 623 vera

621 682 743 739 fuit.
780 682 858 736 Ex
912 693 1020 749 1uo
1067 684 1120 729 te
1170 672 1428 733 scieuam,
1478 665 1789 722 dulcissime
1832 662 2024 723 amice,
2065 672 2200 713 sem-

623 786 724 848 per
760 773 1026 835 amabam,
1063 776 1117 821 et
1144 763 1347 835 pepigit
1385 774 1482 815 cor
1516 773 1694 813 meum
1739 754 1913 811 foedus
1949 751 2200 808 amicitiae

629 847 911 922 sorditco.
936 861 1002 916 Et
1047 858 1124 913 sic
1164 868 1361 911 nomen
1402 848 1614 907 Paulini
1645 847 1773 911 mei,
1814 860 1922 900 non
1970 849 2025 899 in
2053 857 2198 906 cera,

634 970 748 1027 qua:
770 951 936 1010 deleri
965 954 1158 1020 potest,
1191 942 1404 1013 scripsi.
1430 941 1529 1006 Ne,
1558 953 1759 1008 quaeso,
1784 934 2119 991 obliviscaris
2144 932 2200 986 in

629 1022 738 1100 tuis
756 1041 955 1099 sanctis
975 1035 1308 1094 orationibus
1332 1044 1527 1085 nomen
1555 1026 1715 1082 amici
1740 1027 1815 1080 tui
1856 1024 2032 1079 Albini
2059 1041 2071 1076 :
2108 1022 2202 1077 sed

627 1134 685 1190 in
724 1132 903 1202 aliquo
946 1125 1219 1182 memoriae
1263 1118 1646 1192 gazophylacio
1685 1115 1913 1171 reconde
1954 1112 2109 1175 illud,
2150 1118 2205 1165 et

626 1222 809 1295 profer
831 1235 895 1276 eo
924 1226 1165 1287 tempore
1191 1219 1513 1283 Opportune,
1542 1222 1568 1249 ι
1592 1224 1698 1278 quo
1722 1222 1916 1277 panem
1941 1215 1995 1260 et
2018 1205 2202 1258 viuum

627 1313 683 1366 in
713 1305 1067 1365 substantiam
1097 1300 1344 1372 corporis
1372 1306 1427 1354 et
1464 1297 1742 1368 sanguinis
1781 1295 1984 1351 Christi
2013 1308 2205 1349 conse—

627 1398 887 1455 craveris.

701 1489 801 1542 Diu
842 1482 1146 1542 dilectionis
1172 1490 1277 1536 tute
1304 1477 1612 1549 exspectavi
1649 1476 1936 1548 promissa,
1965 1476 2069 1531 hoc
2099 1484 2205 1541 est,

627 1576 854 1633 vivifica:
880 1574 1081 1638 crucis,
1103 1572 1188 1627 vel
1226 1570 1455 1624 aliarum
1497 1567 1841 1636 reliquiarum
1884 1568 2203 1637 patrocinia.

629 1669 750 1725 Noli
782 1680 885 1722 me.
932 1667 1179 1743 obsecro,
1223 1670 1376 1717 tanto
1423 1658 1675 1714 fraudare
1722 1674 1973 1724 munere;
2007 1672 2108 1713 nec
2155 1666 2209 1712 te

631 1760 993 1815 veritatis.....
1021 1755 1155 1812 Nolo
1180 1753 1629 1825 longinquitatem
1656 1751 1755 1806 vite
1783 1751 2040 1806 causeris.
2069 1749 2209 1805 Cha-

1502 378 1560 431 B.
1601 375 1660 430 F.
1703 369 1926 428 ALBINI
1966 366 2100 424 SEU
2134 362 2409 421 ALCUINI
2444 359 2722 417 OPERUM
2761 358 2939 414 PARS
2978 357 3020 411 ῐ.

3763 350 3866 409 201

2223 483 2271 540 Α
2364 475 2579 530 nimiam
2619 473 2935 526 exactionem
2982 470 3301 524 decimarum
3346 464 3703 536 reprehendit;
3733 465 3868 540 dole!

2368 545 2555 598 multos
2576 560 2706 605 esse,
2736 543 2823 611 qui
2852 541 3129 611 sacerdotii
3155 540 3374 611 honores
3394 537 3869 611 qtucrunt,_gradus

2365 630 2481 668 vero
2510 623 2555 666 et
2588 606 2930 665 ministerium
2958 610 3183 679 fugiunt.
3208 606 3455 679 Curatum
3493 607 3666 674 rogari
3712 609 3869 676 cupit,

2366 694 2419 736 ut
2449 682 2622 753 plures
2652 682 2925 734 mittantur
2950 676 3067 732 boni
3096 677 3327 747 operarii.
3344 676 3400 729 in
3423 691 3659 729 messem.

2365 773 2727 827 Dilectissimo
2768 770 2821 824 in
2848 769 3047 824 Christi
3074 768 3335 822 charitatc
3365 766 3538 820 amico
3578 772 3636 820 et
3683 764 3877 836 regalis

2296 863 2482 934 palatii
2512 874 2535 901 ο
2566 861 2813 917 archario
2857 856 3183 929 Megenfrido
3213 857 3435 911 Flaccus
3476 856 3707 912 Albinus
3751 871 3874 925 per-

2299 966 2473 1029 petuae
2499 954 2774 1024 sospitatis
2798 953 3049 1007 salutem.

2371 1047 2519 1101 Solet
2548 1046 2728 1114 itaque
2766 1043 3007 1099 chartula
3033 1041 3312 1097 ebaritatis
3333 1040 3542 1096 calamo
3579 1041 3879 1111 perscripta

2301 1138 2451 1211 inter.
2487 1136 2743 1191 amicalcs
2795 1148 3016 1188 currere
3059 1148 3350 1203 personas,
3393 1140 3453 1185 ut
3503 1129 3752 1186 ardorem
3800 1129 3880 1186 sui

2301 1229 2531 1299 pectoris
2563 1227 2758 1281 litteris
2785 1223 3040 1279 fraternis
3067 1224 3313 1279 ostendat
3338 1222 3629 1285 obtutibus,
3657 1232 3713 1275 et
3741 1222 3882 1291 quod

2303 1320 2447 1373 intus
2478 1319 2606 1373 latet
2630 1318 2685 1372 in
2706 1318 2905 1381 animo,
2938 1314 3081 1371 foras
3106 1316 3354 1370 videatur
3380 1316 3433 1370 in
3470 1314 3708 1385 scriptis.
3735 1314 3884 1369 Unde

2304 1425 2405 1480 ego
2431 1410 2503 1463 tui
2536 1423 2762 1472 memor,
2791 1408 2963 1461 amice
2992 1406 3329 1470 charissime,
3361 1407 3456 1460 tibi
3489 1406 3586 1460 hos
3614 1414 3720 1461 tuae
3748 1405 3887 1460 salu-

2306 1502 2396 1567 tis,
2438 1503 2547 1556 imo
2572 1509 2625 1554 et
2655 1499 2969 1562 multorum,
2998 1497 3389 1552 admonitorios
3432 1497 3669 1568 dirigere
3705 1494 3885 1551 curavi

2307 1592 2507 1662 apicrs.
2551 1589 2660 1644 Nec
2693 1603 2778 1643 me
2818 1586 3147 1657 superﬂuum
3190 1587 3243 1640 in
3274 1588 3359 1642 his
3398 1587 3594 1643 litteris
3627 1587 3884 1652 aestimes,

2308 1686 2403 1741 sed
2455 1683 2738 1748 devotum;
2779 1680 3094 1735 desiderans
3144 1689 3463 1748 utrumque,
3508 1688 3563 1732 et
3607 1679 3889 1748 praesentis

2309 1777 2431 1830 vitae
2458 1774 2869 1845 prosperitatem
2893 1780 2947 1826 et
2974 1770 3166 1826 futura:
3191 1789 3203 1823 :
3236 1777 3500 1839 quatenus
3528 1771 3581 1824 in
3609 1771 3714 1825 ista
3755 1780 3891 1826 tem--

631 1853 767 1908 ritas
812 1864 1015 1921 pennas
1064 1848 1133 1903 ad
1187 1846 1476 1901 volandum
1538 1844 1805 1908 inveniet,
1849 1858 1941 1897 nec
1985 1842 2206 1911 ﬂumina

2331 1866 2480 1921 torali
2512 1864 2740 1919 feliciter
2779 1862 2946 1927 vivas,
2975 1872 3029 1916 et
3054 1861 3108 1915 in
3133 1860 3224 1914 illa
3254 1834 3465 1915 aeterna
3507 1860 3663 1915 beate
3703 1874 3893 1931 regnes

633 1944 850 1998 obruent
874 1941 1020 1995 illam
1041 1939 1216 2013 (Cant.
1232 1953 1352 2003 vm,
1371 1937 1446 2006 7).
1466 1935 1747 1991 Sulliciunt
1771 1935 1869 1990 ala:
1894 1935 2013 1990 fidei
2037 1934 2091 1988 in
2114 1948 2211 2003 pa-

635 2034 766 2089 latio
787 2032 952 2102 regis,
990 2030 1187 2101 quibus
1215 2043 1317 2083 nec
1340 2026 1590 2083 voluntas
1616 2027 1766 2081 deest
1798 2025 1855 2079 in
1882 2024 2213 2093 accipiendo,

639 2139 742 2179 nec
762 2122 893 2178 ﬁdes
916 2122 971 2176 in
998 2116 1287 2175 reddendo.
1313 2116 1370 2171 Si
1395 2117 1523 2186 quid
1549 2123 1731 2171 nostra
1756 2114 1944 2185 petitio
1962 2114 2102 2183 apud
2122 2126 2217 2167 vos

637 2214 834 2279 valeat,
863 2220 919 2268 et
948 2220 1037 2265 tua
1066 2222 1279 2278 semper
1301 2208 1369 2262 ad
1400 2208 1566 2261 Deum
1598 2206 1771 2260 valeat
1804 2206 2013 2274 petitio,
2043 2205 2136 2274 qui
2165 2212 2219 2258 te

640 2307 696 2361 in
725 2314 835 2360 tam
877 2299 1093 2359 sublimi
1135 2300 1324 2356 statuit
1348 2299 1545 2370 gradu,
1582 2297 1674 2352 ubi
1712 2294 1953 2365 ejusdem
1979 2294 2075 2351 Dei
2113 2293 2222 2347 Do-

641 2394 772 2452 mini
796 2392 965 2448 nostri
993 2390 1122 2446 Jesu
1151 2389 1352 2446 Christi
1376 2387 1713 2443 eli‘ectus.....

710 2486 844 2555 Vide
872 2498 1035 2555 quam
1065 2481 1296 2539 sublime
1325 2488 1408 2536 est
1433 2480 1536 2535 hoc
1563 2493 1779 2534 nomen.
1806 2475 2081 2532 Contende
2109 2488 2223 2529 me-

642 2577 765 2633 ritis
799 2590 920 2631 esse
965 2573 1109 2644 quod
1156 2571 1373 2626 nomine
1411 2568 1644 2626 vocaris.
1682 2565 1887 2631 Clama,
1928 2581 1990 2618 ne
2034 2579 2219 2628 cesses,

643 2666 819 2723 culta
841 2665 992 2737 quasi
1030 2663 1155 2718 tuba
1180 2678 1350 2717 vocem
1377 2671 1521 2715 tuam
1545 2659 1681 2732 (Isa.
1705 2674 1834 2714 Lvm
1851 2699 1865 2725 ,
1894 2655 1968 2728 1).
1995 2656 2079 2711 Sit
2105 2663 2224 2727 gut-

645 2767 736 2811 tur
777 2764 930 2810 tuum
971 2755 1099 2808 tuba
1143 2752 1260 2807 Dei.
1300 2750 1543 2807 Prwdica
1588 2753 1903 2821 importune,
1940 2757 2226 2819 opportune

648 2845 737 2917 (ΙΙ
768 2844 902 2898 Tim.
930 2860 1002 2909 iv,
1030 2843 1107 2915 2).
1144 2842 1225 2897 Tu
1262 2840 1432 2912 gallus
1473 2841 1529 2894 in
1573 2840 1973 2909 prmdicatione,
2016 2837 2227 2893 succin-

649 2942 770 2990 ctus
790 2932 846 2987 in
871 2933 1139 2988 castitate.
1167 2930 1247 2985 Tu
1273 2930 1415 2985 aries
1440 2929 1494 2983 in
1517 2929 1745 2983 veritate
1772 2928 2117 2991 fortissimus,
2139 2926 2228 2981 cui

648 3024 828 3077 nuhus
867 3036 1054 3092 regum
1085 3020 1336 3081 resistere
1378 3018 1577 3088 poterit
1623 3017 1813 3089 (Prov.
1841 3033 1968 3083 xxx,
1996 3018 2085 3081 50,
2108 3017 2222 3087 51).

651 3116 733 3170 Tu
773 3115 989 3171 lucerna
1018 3128 1181 3184 super
1207 3111 1586 3173 candelabrum
1613 3110 1667 3165 in
1696 3109 1856 3165 domo
1888 3109 1982 3163 Dei
2008 3108 2223 3180 (Matth.

649 3225 707 3276 v,
726 3209 835 3280 15).
861 3208 975 3264 Tua
1005 3207 1185 3279 lingua
1211 3206 1406 3262 caelum
1438 3204 1638 3259 claudit
1663 3211 1717 3258 et
1745 3202 1918 3273 aperit
1940 3189 2122 3276 (Apoc.
2144 3217 2226 3264 ιιι,
2256 3185 2298 3245 C

653 3299 729 3371 7).
752 3299 941 3369 Aperit
966 3299 1199 3368 primum
1226 3310 1323 3366 per
1347 3293 1745 3366 praedicationis
1770 3292 2125 3349 devotionem.
2148 3289 2232 3344 Ad

654 3391 958 3461 exemplum
980 3388 1182 3445 Christi
1207 3402 1445 3452 recurre,
1466 3386 1558 3455 qui
1584 3400 1680 3455 per
1703 3384 1965 3446 civitates,
1991 3380 2228 3444 castella,

654 3501 833 3550 vicos,
860 3483 1036 3547 villas,
1066 3479 1482 3550 evangelizando
1525 3478 1629 3531 iter
1672 3475 1866 3546 agebat
1913 3474 2127 3543 (Matth.
2154 3488 2231 3537 ix,

655 3576 748 3648 55)
777 3593 790 3629 :
819 3574 983 3630 etiam
1007 3582 1063 3628 et
1092 3572 1278 3625 domos
1305 3567 1711 3639 publicanorum
1741 3565 1823 3618 vel
1868 3571 2231 3634 peccatorum,

655 3673 878 3737 propter
924 3663 1259 3719 occasionem
1312 3655 1742 3729 praedicationis,
1787 3668 1893 3707 non
1958 3652 2239 3706 abhorruit

660 3758 862 3811 intrare
905 3753 1056 3826 (Luc.
1086 3767 1140 3819 v,
1167 3749 1281 3822 29).
1329 3747 1466 3818 Spes
1511 3745 1719 3817 praemii
1762 3743 2013 3798 solatium
2052 3748 2123 3797 sit
2161 3741 2238 3795 la-

663 3854 831 3909 boris.

732 3944 869 4012 Quid
919 3941 1058 3997 facio
1111 3939 1371 4008 i::sipiens
1417 3951 1517 4005 ego
1572 3940 1759 3990 contra
1812 3928 2240 4003 pbilosophicum

660 4037 1027 4108 proverbium,
1060 4033 1203 4105 ligna
1242 4031 1297 4085 in
1341 4028 1532 4085 silvam
1575 4026 1775 4090 ferens,
1814 4021 2099 4078 stillicidiis
2138 4019 2239 4074 ilu-

664 4129 809 4185 mina
835 4125 1101 4196 irrigans?
1135 4121 1406 4178 Modulum
1431 4133 1611 4173 meum
1640 4115 1807 4171 extuli
1837 4113 2041 4184 figurae.
2074 4110 2243 4165 Obse-

663 4237 757 4277 cro
796 4232 894 4288 per
920 4215 1038 4284 ejus
1067 4228 1323 4274 amorem,
1355 4210 1447 4280 qui
1473 4209 1578 4264 duo
1621 4207 1827 4261 minuta
1872 4204 2047 4259 vidum
2088 4202 2243 4257 donis

604 4291 613 4300 ’
664 4307 891 4363 divitqu
938 4303 1260 4373 praeferebat
1305 4298 1639 4371 (Mummi,
1682 4294 1780 4359 42,
1824 4293 1945 4363 45).
1996 4292 2245 4347 Charitas

665 4397 846 4450 omnia
890 4393 1107 4457 suﬂ'ert,
1150 4392 1204 4445 in
1251 4403 1355 4460 qua
1409 4387 1502 4457 qui
1546 4392 1759 4449 manet,
1801 4384 1853 4436 in
1906 4383 2016 4436 Deo
2063 4387 2247 4434 manet

667 4484 732 4556 (Ι
755 4482 879 4539 Cor.
921 4498 1051 4546 xm,
1095 4481 1180 4553 7),
1221 4478 1348 4549 quia
1394 4476 1536 4531 Deus
1583 4472 1825 4529 charitas
1865 4479 1947 4526 est
1989 4469 2041 4541 (I
2080 4468 2241 4523 Joan.

670 4592 745 4643 ’γ’
777 4574 887 4647 m'
1110 4642 1217 4714 50
1241 4641 1269 4681 δ
1297 4633 1631 4693 EPISTOLA
1656 4632 1815 4688 XLII.

1217 4727 1284 4768 AD
1316 4721 1709 4763 MEGENFRIDUI.

1277 4779 1454 4851 (Anno
1485 4774 1650 4846 796?)

679 4879 753 4934 De
791 4876 993 4941 ordine,
1033 4884 1080 4931 et
1115 4872 1269 4927 modo
1299 4867 1620 4942 praedicandi
1650 4865 1854 4929 edocet;
1886 4861 2160 4916 avaritiam
2200 4866 2250 4912 et

748 5023 773 5051 ι
804 5007 920 5075 Quo
966 5023 1150 5078 panem
1186 5014 1241 5078 _e_t_
1285 5004 1460 5058 vinum
1502 5002 1559 5055 in
1603 5000 1766 5078 subst.
1811 5013 1953 5077 corp.
1995 5004 2044 5047 et
2096 5008 2247 5078 sang.

679 5063 870 5139 Chrisii
912 5063 1139 5131 cdnsecr.
1186 5074 1397 5128 lllustre
1437 5087 1565 5128 sane
1609 5063 1979 5125 testimonium
2013 5078 2111 5135 pro
2135 5063 2249 5139 _do-

676 5132 857 5225 ginate
925 5141 1541 5225 transsubstantiationis
1595 5154 1661 5225 eo
1706 5132 2247 5225 tempqgrcu'clredito.

881 5225 1084 5281 nostra,
1111 5215 1225 5270 haec
1252 5212 1512 5282 majorum
1539 5202 1849 5282 nostrorum
1881 5206 2013 5282 fides
2039 5202 2137 5282 (ait
2166 5217 2253 5256 ce-

676 5274 998 5349 leberrimus
1024 5274 1362 5340 M'abiilonius
1383 5283 1438 5337 in
1463 5281 1582 5336 libr.
1606 5280 1672 5335 de
1694 5277 1934 5349 Liturgia
1955 5274 2251 5349 Gallicana,

678 5343 938 5483 paﬂgj95),
962 5371 1123 5426 quam
1148 5355 1353 5408 utinam
1380 5352 1577 5406 fratres
1602 5348 1772 5406 nostri
1800 5343 1974 5400 aversi
1998 5343 2110 5413 jam
2139 5350 2255 5396 tan-

681 5436 803 5483 dem
830 5446 896 5483 ve
952 5442 1075 5482 sero
1110 5431 1432 5483 agnoscant;
1462 5434 1635 5483 neque
1665 5434 1763 5473 nos
1800 5415 2030 5483 amplius
2058 5426 2250 5481 provo-

681 5415 803 5489 dei’n
830 5415 1075 5485 vel'siu‘o
1110 5431 1432 5496 agnoscant;
1462 5434 1635 5496 neque
1665 5434 1763 5473 nos
1800 5415 2030 5496 amplius
2058 5426 2250 5496 provo-

679 5483 806 5558 δεξίίὶ
845 5483 916 5555 ad
942 5483 1187 5553 ﬁctitiarii
1214 5494 1358 5548 illam
1384 5483 1744 5552 novatiouem,
1770 5483 2254 5558 quamPaschasio

568 5580 585 5593 ‘
679 5553 954 5626 fivddberto
983 5575 1203 5623 auctore
1244 5562 1442 5619 smculo
1480 5576 1536 5614 Ix
1561 5553 1850 5629 contigisse
1874 5553 2249 5629 criminantur.

682 5622 1111 5696 Uni—tisiih—lcuiiii
1151 5634 1465 5695 auctoritas,
1510 5639 1621 5684 tam
1660 5622 1805 5683 clara
1847 5634 1902 5680 et
1946 5622 2250 5696 manifesta,

684 5692 1263 5765 hane‘controversiam
1300 5692 1556 5757 dirimere
1590 5700 1900 5754 deberet....
1928 5703 1984 5749 et
2010 5692 2101 5765 qui
2143 5700 2253 5765 tam

683 5761 982 5849 perspicuis
1006 5761 1203 5831 verbis
1246 5771 1474 5829 detrahit
1510 5770 1698 5834 fidem,
1744 5768 1789 5822 is
1833 5781 1941 5820 non
1990 5761 2249 5825 veritatis,

2314 1973 2437 2013 eum
2460 1955 2698 2011 Christo.

2386 2046 2847 2106 Considerandum
2888 2060 3018 2100 vero
3051 2052 3136 2099 est
3172 2042 3581 2113 diligentissime
3607 2041 3755 2096 armi
3799 2041 3895 2096 hoe

2316 2144 2447 2198 mini
2493 2142 2623 2213 quid
2672 2140 2854 2212 fugere
2905 2138 3124 2199 debeat,
3162 2144 3218 2191 et
3257 2135 3385 2206 quid
3416 2136 3587 2206 sequi.
3632 2133 3765 2201 Quae
3794 2135 3895 2189 duo

2316 2235 2599 2290 Psalmista
2627 2246 2733 2286 uno
2767 2227 3083 2287 brevissimo
3113 2227 3378 2282 versiculo
3406 2226 3643 2281 ostendit
3670 2225 3894 2279 dicens:

2319 2326 2523 2379 Diverte
2549 2341 2580 2377 a
2612 2321 2775 2387 malo,
2800 2331 2849 2375 et
2879 2321 2964 2390 fac
2995 2320 3185 2373 bonum
3216 2317 3388 2390 (Psal.
3417 2333 3614 2382 xum,
3643 2316 3755 2386 15).
3785 2315 3897 2369 Non

2319 2415 2515 2471 suilicit
2541 2413 2713 2471 solum
2757 2412 2897 2467 mala
2941 2426 3047 2466 non
3088 2408 3286 2473 facere,
3329 2408 3431 2461 nisi
3457 2415 3513 2461 et
3536 2406 3674 2460 bona
3716 2404 3895 2464 fac-hu,

2320 2516 2576 2562 mternam
2623 2502 2860 2573 cupienti
2907 2500 3182 2571 possidere
3225 2498 3471 2569 gloriam.
3502 2496 3654 2552 Unde
3692 2507 3748 2550 et
3790 2496 3902 2564 ipsa

2320 2597 2532 2653 Veritas
2557 2595 2609 2649 in
2643 2591 2935 2663 Evangelio
2965 2591 3173 2645 cuidam
3202 2600 3263 2653 se,
3289 2588 3645 2657 interroganti
3681 2600 3903 2655 resprn—

2325 2688 2404 2743 dit.
2428 2705 2440 2739 :
2471 2684 2530 2741 Si
2558 2685 2630 2739 vis
2657 2684 2814 2738 vitam
2840 2680 3064 2751 ingredi,
3093 2696 3239 2733 serva
3272 2678 3521 2732 mandata
3551 2676 3769 2747 (Matth.
3790 2691 3901 2735 ιιι,

2329 2776 2437 2846 17).
2470 2774 2575 2829 Sed
2608 2771 2895 2840 unicuique
2922 2769 3252 2840 pensandum
3284 2775 3369 2822 est
3393 2768 3447 2821 in
3476 2782 3583 2837 quo
3606 2765 3776 2836 gradu
3802 2771 3907 2818 sta-

2325 2865 2517 2919 tuisset
2543 2877 2664 2918 eum
2702 2861 2864 2926 Deus,
2902 2868 2958 2914 et
2989 2872 3097 2928 quo
3138 2857 3339 2911 talento
3367 2857 3592 2912 ditasset
3619 2870 3767 2909 eum.
3792 2853 3908 2908 Non

2326 2955 2467 3011 enim
2496 2953 2624 3009 solis
2663 2951 2932 3022 episcopis
2965 2950 3047 3005 vel
3078 2949 3409 3020 presbyteris
3446 2947 3733 3018 pecuniam
3758 2962 3909 3000 suam

2329 3048 2547 3103 tradidit
2578 3046 2835 3101 Dominus
2877 3044 2943 3098 ad
2976 3042 3458 3113 multiplicandum,
3498 3041 3590 3096 sed
3630 3040 3781 3095 omni
3827 3039 3909 3092 di-

2332 3139 2523 3209 gnitati
2561 3137 2621 3192 'et
2651 3136 2839 3207 gradui
2887 3135 3085 3189 talenta
3125 3135 3279 3188 bonae
3313 3132 3641 3202 operationis
3670 3129 3911 3193 tradidit,

2332 3239 2390 3283 ut
2419 3230 2596 3283 datam
2620 3228 2722 3282 sibi
2748 3225 2976 3297 gratiam
3007 3224 3234 3280 fideliter
3271 3224 3652 3278 administrare
3675 3221 3912 3283 studeat,

2331 3328 2385 3375 et
2410 3317 2685 3374 conservis
2706 3317 2819 3371 suis
2843 3330 3069 3386 erogare
3093 3315 3401 3370 contendat.
3424 3313 3577 3368 Alius
3601 3322 3687 3367 est
3715 3312 3812 3382 qui
3838 3323 3917 3366 ta-

2333 3410 2533 3464 lentum
2562 3405 2958 3477 prmdicationis
2986 3404 3213 3474 accipit,
3257 3404 3395 3459 alius
3433 3403 3735 3472 sapientiae;
3782 3403 3918 3456 alius

2335 3499 2665 3563 divitiarum,
2684 3495 2822 3551 alius
2848 3494 3132 3563 cujuslibet
3152 3493 3662 3558 administrationis;
3695 3493 3916 3561 quidam

2335 3590 2475 3646 forte
2507 3587 2733 3658 alicujus
2771 3588 2985 3644 artificii
3021 3588 3216 3643 donum
3243 3603 3271 3641 a
3299 3587 3409 3642 Deo
3448 3587 3642 3640 borum
3673 3586 3918 3639 omnium

2335 3683 2598 3738 bonorum
2635 3680 3024 3749 dispensatore.
3050 3677 3115 3732 Et
3163 3678 3220 3732 in
3264 3676 3349 3731 his
3393 3674 3645 3730 omnibus
3685 3673 3825 3729 fides
3868 3681 3921 3726 et

2337 3769 2550 3825 devotio
2578 3767 2867 3839 spectanda
2893 3774 2998 3830 est,
3021 3763 3332 3819 ut'tideliter
3352 3764 3581 3827 laboret,
3608 3770 3664 3817 et
3690 3762 3924 3816 viriliter

2338 3861 2421 3916 sui
2452 3859 2653 3917 domini
2687 3856 2967 3927 pecuniam
2998 3853 3354 3923 multiplicare
3389 3860 3620 3923 satagat,
3649 3859 3923 3919 quatenus

2340 3954 2749 4012 desiderabilem
2791 3966 2976 4006 vocem
3017 3950 3202 4003 audire
3235 3956 3508 4002 mereatur
3533 3963 3545 3999 :
3575 3945 3745 4014 Euge,
3783 3961 3926 3999 serra

2342 4045 2470 4100 bone
2502 4052 2550 4100 et
2577 4042 2767 4114 ﬁdelis,
2796 4042 2919 4112 quia
2949 4055 3105 4109 super
3144 4053 3312 4109 pauca
3351 4037 3499 4106 fuisti
3538 4034 3733 4104 ﬁdelis,
3765 4050 3927 4105 supra

2343 4135 2507 4189 multa
2546 4143 2594 4187 te
2635 4132 2979 4193 constituam;
3018 4128 3159 4181 intra
3199 4126 3255 4180 in
3291 4125 3542 4196 gaudium
3600 4124 3806 4177 domini
3851 4121 3932 4176 tui

2348 4222 2561 4295 (Matth.
2592 4235 2717 4284 xxv,
2741 4218 2854 4287 21).

2414 4314 2516 4381 Qui
2558 4328 2689 4368 vero
2715 4310 3000 4382 pecuniam
3042 4306 3436 4377 prtedicationis
3463 4303 3735 4373 accipiunt
3755 4343 3771 4368 ,
3805 4302 3931 4356 dili-

2345 4412 2534 4476 genter
2557 4401 2902 4457 considerare
2928 4398 3121 4453 debent
3144 4395 3273 4464 quid
3302 4395 3497 4463 cuique
3522 4401 3794 4461 congruat
3817 4391 3936 4446 loco

2346 4491 2431 4546 vel
2463 4489 2718 4560 tempori;
2750 4489 2911 4542 etiam
2945 4494 3000 4541 et.
3043 4500 3150 4555 quo
3191 4483 3381 4539 ordine
3408 4481 3730 4553 praedicatio
3770 4479 3936 4535 Chri-

2352 4582 2641 4638 stianitatis
2673 4577 2975 4650 incipienda
3001 4577 3072 4631 sit
3101 4576 3183 4630 vel
3212 4574 3553 4645 perficienda.
3581 4571 3721 4626 Nam
3752 4571 3942 4626 Domi-

2353 4690 2454 4731 nus
2493 4681 2675 4728 noster
2713 4669 2868 4726 Jesus
2899 4668 3147 4724 Christus
3173 4680 3296 4721 cum
3340 4664 3610 4733 triumpho
3652 4661 3849 4733 gloriae
3875 4660 3943 4715 ad

2351 4780 2634 4844 paternam
2677 4769 2893 4824 rediens
2920 4765 3102 4820 sedem
3146 4760 3402 4831 apostolis
3429 4759 3541 4813 suis
3575 4759 3842 4828 praecepit
3864 4756 3945 4809 di-

2355 4881 2485 4921 cens
2508 4882 2520 4918 :
2551 4863 2655 4929 Ite,
2683 4862 2859 4915 docete
2886 4873 3061 4912 omnes
3084 4864 3277 4926 gentes,
3305 4851 3623 4921 baptizantes
3652 4864 3743 4901 eos
3766 4848 3827 4901 in
3854 4862 3949 4901 uo-

2358 4995 2449 5051 sed
2478 4989 2855 5054 contentionis,
2883 4987 2978 5043 sed
3012 4983 3234 5049 erroris,
3264 4981 3359 5037 sed
3388 4976 3701 5035 schismatis
3726 4985 3951 5030 amator

2353 5075 2455 5120 est.
2483 5085 2501 5116 ι

2426 5115 2454 5175 ii
2494 5132 2634 5188 Edit.
2657 5130 2907 5197 Quercet.
2936 5124 3035 5197 tos
3061 5138 3127 5197 ex
3151 5137 3268 5197 ηιξ.
3301 5119 3554 5197 (Froben.
3585 5115 3706 5197 ἐξ).

2428 5215 2452 5244 ο
2494 5184 2748 5257 Erebeae
2794 5194 3142 5266 Megenfrido.
3188 5184 3337 5266 Alias
3371 5191 3548 5266 etiam,
3574 5184 3952 5266 Ma'genfrid-us

2355 5281 2411 5330 et
2457 5254 3625 5342 Haganfredusnnominatur.duﬁexerc‘itus
3675 5254 3949 5342 εποιέεὶ

2358 5324 2412 5398 in
2442 5324 2783 5413 espe'dit'iope
2828 5334 3072 5413 iiuunica
3095 5331 3221 5413 anui
3248 5330 3375 5413 79_l.
3422 5327 3577 5413 Vide,
3597 5338 3824 5413 poetam
3852 5324 3954 5413 ﬁal-

2357 5393 2656 5475 Ξίὸῐῖἑ-[ἶιξὶξι
2692 5404 2982 5475 Eginbardi
3027 5401 3223 5475 Annal.
3254 5400 3333 5475 ad
3383 5412 3509 5454 eum
3561 5393 3788 5475 annum:
3854 5393 3958 5474 ilic

2356 5463 2768 5553 Heginfridumu
2784 5477 2927 5553 regis
2966 5464 3371 5553 (cubicularium.
3420 5473 3600 5553 vocat.
3648 5463 3961 5553 Areharius

2356 5534 2876 5624 erg‘oic'ubicularius'
2898 5551 3130 5624 est,_s_eu,
3150 5549 3221 5624 _ut
3252 5539 3408 5609 paulo
3432 5536 3658 5624 inferius
3680 5534 3963 5624 Alcuinus

2357 5607 2603 5692 plﬁribu's
2648 5616 2880 5692 explicat
2900 5607 3099 5677 verbis,
3127 5607 3457 5692 dispensator
3476 5607 3896 5692 thesauronun’;
3909 5611 3959 5692 et

2358 5673 2941 5748 Eertitareonsiiiorum;
2988 5673 3145 5753 quasi
3192 5673 3417 5735 intimus
3440 5673 3808 5732 consiliarius.
3830 5673 3961 5728 Vid.

2359 5761 2550 5832 Cangii
2573 5759 2773 5821 Gloss.,
2798 5770 2928 5810 voce
2963 5752 3233 5807 Arcarius.
