4056 6328
178 384 265 451 ξοδ

1581 368 1961 427 EPISTOLE.

3277 367 3383 423 206

176 506 288 559 utine
308 490 495 561 Patris,
525 504 572 549 et
601 491 749 560 Filii,
776 501 824 548 et
869 491 1097 564 Spiritus
1124 489 1310 544 sancti.
1344 486 1593 541 Doceutes
1619 498 1708 537 eos
1739 488 1784 545 Α
1810 477 1934 534 dem
1988 478 2275 549 aliquando
2337 477 2585 534 doctores
2630 474 2755 532 ﬁdei
2810 477 3118 547 apostolicis
3184 484 3384 539 eruditi

174 590 851 660 senareomuiaquwcuuqae
862 584 1105 640 mandavi
1126 582 1263 637 vobis
1276 578 1493 652 (Hattlt.
1511 590 1701 637 xxvm,

174 690 243 752 l9,
261 684 358 754 20).
385 695 410 723 ι
433 681 614 736 Primo
660 679 795 734 ﬁdes
824 677 1064 733 docenda
1105 683 1211 739 est,
1238 681 1293 727 et
1328 672 1408 727 sic
1452 667 1704 738 baptismi

169 772 474 849 percipienda
533 779 658 825 sunt
724 776 1078 824 sacramenta.
1132 764 1333 819 Deinde
1397 758 1706 830 evangelica

168 870 395 938 praecepta
425 860 681 915 tradenda
709 867 852 914 sunt.
877 857 949 911 At
985 856 1029 911 si
1061 854 1261 925 aliquid
1304 853 1496 906 horum
1543 849 1704 902 trium

166 942 324 1018 deerit,
360 953 589 1008 salutem
616 953 808 1005 animae
848 964 958 1004 sua:
983 947 1197 1002 auditor
1226 946 1424 1000 habere
1463 957 1566 996 non
1613 955 1708 1010 po-

166 1049 282 1105 terit.
307 1046 463 1100 Fides
483 1058 714 1114 quoque,
741 1042 881 1097 sicut
903 1048 1120 1095 sanctus
1142 1038 1218 1091 ait
1244 1035 1595 1116 Augustinus,
1622 1048 1707 1091 res

160 1148 229 1195 est
248 1135 563 1199 voluntaria,
586 1148 693 1187 non
725 1132 1049 1186 necessaria.
1078 1127 1289 1182 Attrahi
1322 1126 1517 1196 poterit
1544 1124 1707 1177 homo

162 1229 204 1283 in
228 1228 389 1291 ﬁdem,
428 1240 533 1280 non
572 1224 710 1295 cogi.
736 1222 862 1292 Cogi
893 1220 1096 1291 poteris
1136 1219 1205 1272 ad
1232 1218 1576 1286 baptismum,
1613 1215 1707 1268 sed

160 1334 245 1374 non
284 1316 496 1388 proﬁcit
538 1314 680 1368 ﬁdei.
709 1313 821 1367 Nisi
852 1310 1112 1365 infantilis
1137 1316 1291 1372 aetas,
1319 1307 1546 1360 aliorum
1575 1319 1705 1375 pec-

159 1407 268 1463 catis
300 1406 559 1468 obnoxia,
603 1403 828 1457 aliorum
871 1399 1209 1455 confessione
1249 1395 1445 1452 salvari
1483 1393 1705 1465 poterit.

156 1495 379 1553 Perfecta:
421 1496 598 1550 aetatis
623 1495 707 1549 vir
734 1508 831 1564 pro
860 1506 919 1547 se
963 1491 1303 1560 respondeat,
1340 1488 1468 1557 quid
1497 1486 1703 1554 credat,

155 1601 228 1644 aut
250 1587 368 1659 quid
407 1588 609 1656 cupiat.
634 1586 703 1640 Et
727 1585 772 1639 si
801 1583 1064 1638 fallaciter
1100 1582 1256 1636 ﬁdem
1284 1579 1585 1649 proﬁtetur,
1616 1591 1708 1631 ve-

156 1682 321 1736 raciter
347 1679 581 1734 salutem
625 1692 731 1731 non
772 1674 1009 1730 habebit.
1044 1672 1197 1728 Unde
1233 1680 1288 1725 et
1326 1670 1707 1741 praedicatores

152 1786 459 1845 paganorum
489 1770 743 1840 populum
773 1766 1012 1838 paciﬁcis
1053 1765 1231 1820 verbis
1274 1772 1328 1817 et
1354 1760 1705 1833 prudentibus
1723 1833 1737 1845 .

1808 568 2003 641 [εαρρι.
2060 568 2363 641 exemplis].
2409 566 2529 623 Sint
2553 567 2958 639 praedicatores,
2984 584 3092 624 non
3123 572 3390 641 pmdato-

1808 674 1914 715 res.
1951 660 2234 715 Conﬁdant
2267 661 2321 715 in
2362 660 2506 715 illius
2534 660 2749 729 pietate,
2788 659 2881 730 qui
2903 660 3013 714 ait:
3063 660 3241 716 Nolite
3261 679 3397 733 ρον-ρ,

1804 762 1919 806 tere
1936 751 2225 815 sacculum,
2251 761 2341 805 aut
2366 767 2544 821 peram
2571 751 2723 821 (Luc.
2753 767 2807 817 x,
2835 751 2913 822 4),
2955 759 3011 807 et
3030 760 3224 809 etetera
3268 770 3392 824 qua:

1806 852 2123 913 sequuntur.
2160 844 2226 897 Et
2243 843 2309 897 de
2336 858 2444 912 quo
2466 843 2728 912 propheta
2757 842 2970 912 inquit:
2995 842 3098 909 Qui
3122 861 3391 915 nunquam

1804 936 2116 1005 dereliaquit
2142 943 2408 1005 sperantes
2433 935 2489 988 in
2514 950 2571 987 se
2598 933 2761 1004 (Dan.
2787 948 2908 997 xm,
2932 933 3045 1005 60).
3392 994 3397 999 ἢ

1877 1037 2003 1093 Haec
2023 1047 2145 1103 tum,
2170 1037 2474 1091 venerande
2494 1036 2685 1101 amice,
2722 1037 2910 1107 scripsi
2939 1035 3231 1102 dilectioni,
3252 1052 3389 1109 qua-

1808 1138 1963 1184 tenus
2012 1130 2119 1183 tuis
2162 1127 2444 1198 proﬁciant
2474 1128 2948 1191 admonitionibus,
2987 1129 3081 1198 qui
3114 1138 3224 1183 ate
3255 1143 3389 1183 con-

1807 1221 1985 1276 silium
2004 1221 2210 1275 ~audire
2255 1220 2581 1275 desiderant.
2627 1219 2722 1273 Sat
2759 1222 2901 1275 enim
2931 1222 3046 1275 htee
3096 1220 3275 1275 «.mnia
3294 1235 3390 1290 op-

1809 1310 1940 1365 time
1978 1311 2129 1365 novit
2150 1310 2373 1365 dilectus
2400 1325 2554 1363 meus
2576 1308 2762 1372 David,
2806 1311 2890 1364 cui
2923 1311 3065 1365 Deus
3092 1319 3143 1365 et
3178 1310 3391 1379 sapien-

1809 1401 1938 1454 tiam
1967 1400 2132 1463 dedit,
2173 1409 2227 1455 et
2251 1402 2444 1455 bonam
2494 1398 2826 1453 voluntatem
2861 1415 2874 1453 :
2905 1409 2959 1454 et
2978 1401 3240 1470 plurimos
3260 1416 3390 1455 con-

1808 1494 1967 1549 vertit
1996 1493 2216 1564 populos
2276 1493 2344 1546 ad
2367 1491 2685 1546 ebaritatetn
2705 1489 2905 1545 Christi
2932 1500 2985 1545 et
3022 1492 3254 1546 laudem.
3288 1492 3390 1547 Cui

1807 1584 1984 1639 omnis
2010 1584 2221 1638 bonitas
2243 1591 2297 1637 ct
2324 1582 2561 1651 potentia
2590 1581 2658 1635 ad
2681 1581 3123 1636 benefaciendum
3171 1580 3386 1636 suﬁicit.

1808 1674 1922 1729 Nisi
1960 1690 2126 1729 unum
2178 1675 2546 1729 tantummodo
2574 1671 2666 1745 [F.
2699 1671 2869 1743 suppl.
2900 1673 3137 1746 deﬁcit?]
3166 1683 3393 1743 propter.

1808 1772 2051 1834 tempora
2091 1765 2387 1835 periculosa
2416 1764 2577 1833 hujus
2617 1761 2820 1828 sseculi,
2859 1764 3002 1831 quod
3033 1764 3267 1819 rariores
3292 1764 3389 1819 ha-

154 1830 286 1919 lidem
326 1830 524 1918 docere
557 1830 789 1916 debent:
817 1857 977 1913 Novit
1005 1857 1265 1911 Dominus
1292 1830 1381 1925 qui
1423 1854 1532 1908 sint
1558 1849 1701 1920 ejus;
1723 1830 1782 1890 Ἡ
1810 1830 2224 1927 bet—adjutores
2275 1858 2328 1911 in
2350 1830 2514 1928 Opere
2571 1858 2782 1914 Domini
2806 1872 2971 1927 quam
3017 1869 3240 1911 necesse
3294 1856 3385 1913 sit.

149 1963 194 2008 et
229 1970 449 2023 quomm
474 1968 570 2008 cor
594 1951 728 2016 vult,
762 1950 964 2020 aperit,
993 1958 1054 2003 ut
1083 1946 1380 2018 intelligant
1408 1959 1527 2015 qua:
1554 1958 1584 1997 a
1611 1944 1708 1998 do-

151 2052 275 2099 ctore
295 2045 583 2099 “dicantur.
615 2042 720 2097 Sed
748 2049 803 2096 et
832 2048 954 2110 post
984 2039 1106 2093 ﬁdei
1140 2046 1194 2092 et
1224 2036 1475 2107 baptismi
1516 2048 1707 2105 perce-

149 2134 361 2204 ptionem
393 2134 637 2189 molliora
658 2139 923 2202 praecepta
954 2129 1339 2185 inﬁrmioribus
1360 2127 1557 2180 animis
1581 2133 1708 2180 sunt

147 2228 431 2295 przebenda.
459 2225 596 2282 Nam
620 2234 676 2281 et
705 2225 981 2296 apostolus
1022 2221 1220 2277 Paulus
1245 2218 1468 2274 novellae
1490 2216 1709 2272 Galata-

146 2332 243 2371 ru
289 2315 756 2389 [Corinthiorum]
789 2313 933 2385 genti
978 2312 1221 2366 scribens
1268 2310 1383 2364 ait:
1417 2307 1524 2361 Lac
1567 2307 1708 2360 vobis

141 2409 240 2463 dedi
267 2420 487 2481 potum,
521 2426 624 2463 non
665 2408 891 2462 solidum
936 2404 1105 2458 cibum
1153 2403 1204 2474 (Ι
1228 2401 1350 2457 Cor.
1380 2417 1475 2465 ιιι,
1498 2399 1576 2472 2).
1612 2399 1711 2454 So-

140 2502 254 2559 lidus
296 2517 439 2557 vero
483 2501 635 2555 cibus
673 2500 913 2554 virorum
947 2503 1030 2549 est
1072 2494 1321 2560 fortium;
1354 2493 1407 2547 id
1437 2500 1546 2557 est,
1575 2505 1712 2561 prae-

142 2603 269 2665 cepta
307 2591 518 2661 majora
550 2590 762 2645 illorum
800 2595 944 2652 sunt,
974 2587 1066 2656 qui
1093 2585 1261 2640 multo
1293 2593 1532 2655 tempore
1558 2597 1712 2636 exer-

140 2685 311 2738 citatos
343 2683 551 2736 habent
578 2694 769 2734 sensus
798 2679 851 2732 in
881 2678 998 2749 lege
1026 2676 1126 2747 51
1172 2676 1402 2730 Domini.
1440 2675 1506 2729 Et
1544 2672 1709 2728 veluti

143 2772 411 2845 δεῐηίιί
436 2771 684 2842 congruit
709 2769 875 2832 :etati,
903 2768 977 2822 ita
1015 2767 1262 2821 suaviora
1292 2772 1559 2835 praecepta
1588 2763 1708 2818 rudi

144 2864 316 2934 populo
342 2863 401 2917 in
428 2860 691 2932 principio
712 2858 836 2914 ﬁdei
865 2856 1125 2913 tradenda
1152 2866 1297 2913 sunt.

200 2952 357 3022 Igitur
391 2960 443 3005 et
473 2952 525 3003 in
571 2949 799 3006 Actibus
831 2948 1192 3018 apostolorum
1218 2945 1372 3018 (Cap.
1407 2962 1497 3011 xv,
1535 2947 1591 3018 2)
1624 2947 1705 3001 le-

148 3045 297 3115 gimus
334 3043 564 3099 Paulum
601 3050 657 3096 et
701 3042 1002 3096 Barnabam
1046 3040 1470 3111 Hierosolymam
1515 3055 1706 3095 ascen-

150 3134 270 3189 disse
302 3134 367 3188 ad
419 3132 682 3189 Jacobum
709 3139 763 3187 et
804 3139 1028 3186 caeteros
1055 3130 1348 3200 apostolos,
1403 3145 1566 3200 super
1603 3130 1706 3184 hac
1734 3174 1777 3200 η

149 3228 446 3295 quaestione,
482 3224 748 3294 quomodo
769 3222 1016 3293 gentibus
1043 3222 1340 3292 przedicare
1365 3220 1708 3276 debuissent?

152 3320 209 3374 At
245 3320 314 3374 illi
342 3318 760 3390 praescribentes
782 3314 1020 3370 unanimi
1042 3315 1267 3369 consilio
1294 3322 1600 3369 statuerunt
1649 3321 1711 3367 ut

151 3413 210 3467 nil
232 3415 487 3469 molestia:
514 3412 701 3484 legalis
749 3410 1118 3481 imponeretur
1169 3407 1471 3463 cervicibus
1498 3421 1711 3470 eorum,

151 3503 227 3559 sed
254 3514 458 3562 tantum
491 3516 552 3561 ut
589 3507 925 3562 abstinerent
963 3520 1022 3561 se
1061 3521 1091 3559 a
1120 3504 1496 3568 fornicatione,
1523 3518 1552 3556 a
1588 3518 1712 3557 san—

152 3597 303 3665 guine,
329 3599 690 3655 sutfocatione
709 3607 763 3653 et
792 3597 1096 3653 simulacris
1121 3596 1309 3669 (lbid.,
1334 3614 1463 3651 vers.
1488 3596 1575 3659 28,
1592 3595 1709 3667 29).

155 3685 247 3742 imo
274 3700 323 3744 et
350 3692 471 3761 ipse
499 3691 697 3745 Paulus
734 3691 1056 3761 praedicator
1085 3690 1336 3760 gentibus
1383 3688 1714 3759 gloriabatur

156 3791 201 3831 se
236 3794 293 3835 ex
340 3782 533 3837 labore
570 3798 824 3837 manuum
858 3797 1077 3837 suarum
1113 3782 1309 3836 vivere.
1349 3780 1439 3835 Ait
1467 3781 1611 3835 enim
1657 3782 1711 3837 in

157 3877 353 3943 quadam
404 3879 651 3950 Epistola
699 3879 778 3933 sic
813 3894 829 3931 :
870 3876 971 3932 Vos
1011 3878 1151 3932 scitis
1191 3877 1330 3949 quod
1372 3878 1499 3931 mihi
1541 3888 1588 3931 et
1631 3878 1711 3932 Itis

156 3966 433 4032 quimecum
497 3977 616 4022 sunt
664 3984 850 4021 manus
897 3968 1011 4021 ista:
1048 3966 1493 4031 ministrareruut,
1544 3983 1607 4020 ne
1628 3967 1712 4021 cui

159 4067 348 4113 vestrum
403 4059 617 4115 molesti
673 4076 898 4113 essemus
922 4057 1060 4128 (Act.
1114 4074 1205 4121 xx,
1234 4056 1343 4123 34;
1380 4055 1442 4110 II
1472 4055 1707 4111 Thessal.

160 4160 226 4209 Ill,
246 4149 311 4222 8).
361 4151 425 4205 Et
450 4153 590 4206 item
616 4168 629 4203 :
658 4148 847 4203 Melius
876 4158 949 4203 est
983 4149 1108 4201 mihi
1129 4148 1279 4211 mori,
1308 4164 1465 4217 quam
1520 4156 1574 4200 ut
1600 4145 1714 4216 glo-

163 4237 269 4291 riam
300 4257 460 4295 meam
516 4241 632 4311 quis
661 4248 889 4295 evacuet.
935 4237 1065 4305 Qua:
1116 4247 1189 4290 est
1232 4235 1401 4307 gloria
1456 4237 1611 4289 mea?
1658 4244 1713 4287 ut

163 4325 469 4400 Erangel’um
500 4334 611 4385 sine
637 4341 846 4401 sumptu
874 4345 1129 4399 exponam
1152 4325 1203 4399 (Ι
1235 4327 1358 4381 Cor.
1392 4343 1468 4391 Ix,
1501 4326 1708 4397 15-18).

164 4412 253 4471 Hoc
282 4420 418 4474 enim
446 4429 635 4475 tantus
657 4429 711 4475 et
730 4436 760 4474 a
782 4420 890 4474 Deo
918 4418 1222 4489 specialiter
1248 4417 1453 4472 electus
1474 4417 1714 4487 gentium

1807 1946 1996 2002 Nullus
2035 1956 2212 2001 tamen
2264 1947 2318 2001 in
2363 1948 2565 2003 mundo
2594 1948 2865 2013 meliores,
2915 1955 2975 2002 ut
3003 1947 3184 2011 credo,
3228 1947 3393 2009 habet

1805 2054 1969 2110 quam
1995 2039 2101 2093 ille.
2131 2037 2242 2094 llos
2295 2039 2526 2103 erudiat,
2560 2039 2846 2094 admoneat
2873 2046 2926 2093 et
2954 2038 3164 2103 doceat,
3202 2052 3396 2092 secun-

1808 2133 1936 2187 dum
1966 2131 2285 2201 sapientiam
2334 2131 2436 2185 sibi
2486 2146 2516 2185 a
2561 2128 2671 2185 Deo
2706 2131 2910 2185 datam.
2970 2126 3038 2183 Et
3071 2137 3149 2195 tu,
3198 2127 3399 2184 ﬁdelis-

1808 2222 1943 2278 sime
1966 2222 2306 2291 dispensator
2326 2223 2701 2276 thesaurorum
2730 2229 2784 2275 et
2809 2227 3021 2276 serator
3042 2219 3392 2275 consiliorum

1808 2322 1863 2367 et
1898 2312 2114 2381 adjutor
2161 2313 2403 2376 devotus,
2455 2313 2684 2368 viriliter
2730 2312 2816 2367 fac
2856 2312 3187 2367 voluntatem
3229 2311 3395 2365 illius.

1809 2402 1939 2457 Esto
1964 2403 2019 2457 in
2045 2403 2271 2458 consilio
2304 2404 2485 2458 suavis
2511 2412 2565 2457 et
2596 2404 2649 2457 in
2688 2417 2851 2473 opere
2891 2411 3164 2466 strenuus,
3210 2399 3400 2471 pacili-

1809 2508 1907 2549 cus
1938 2496 1991 2548 in
2023 2495 2203 2560 domo,
2250 2496 2484 2564 prudens
2508 2495 2560 2549 in
2596 2495 2973 2564 legationibus,
3012 2495 3133 2563 pius
3177 2494 3231 2547 in
3267 2508 3400 2562 pau-

1809 2600 1966 2655 pcres
1988 2593 2041 2638 et
2072 2586 2319 2648 miseros,
2340 2584 2527 2654 justus
2565 2586 2617 2639 in
2651 2585 2891 2655 judiciis,
2948 2584 3132 2654 largus
3168 2583 3222 2638 in
3252 2583 3398 2637 cice-

1811 2676 2085 2747 mosyuis;
2146 2686 2203 2731 ut
2228 2693 2294 2731 ex
2349 2678 2739 2747 tcmporalilus
2779 2676 2981 2732 divitiis
3022 2676 3129 2731 tuis
3167 2684 3402 2730 tctcmas

1808 2767 1906 2821 tibi
1932 2767 2195 2822 merearis
2216 2767 2270 2821 in
2297 2767 2467 2822 coelis.

1876 2877 2066 2933 Adhuc
2094 2893 2179 2932 me
2205 2877 2421 2932 dilectio
2450 2876 2631 2932 dilecti
2664 2877 2769 2932 mei
2798 2876 2983 2941 David,
3010 2882 3064 2930 et
3090 2872 3398 2930 sollicitudo

1808 2967 2000 3022 salutis
2031 2966 2343 3030 multorum,
2367 2967 2512 3037 cogit
2541 2966 2633 3019 tibi
2661 2967 2912 3030 suadere,
2960 2980 3079 3035 qute
3106 2964 3256 3019 utilia
3281 2965 3396 3019 scio

1808 3073 1992 3112 coram
2020 3057 2130 3112 Deo
2157 3065 2211 3111 et
2244 3056 2470 3111 honesta
2511 3071 2694 3111 coram
2721 3056 2938 3111 s:eculo.
2992 3055 3126 3110 Nam
3178 3055 3400 3125 quidam

1810 3152 2119 3205 sacerdotes
2153 3147 2376 3213 Christi,
2411 3147 2503 3218 qui
2540 3149 2741 3203 habent
2779 3148 3064 3217 parochias
3088 3155 3143 3202 et
3165 3148 3400 3203 honores

1810 3243 2014 3306 sreculi,
2056 3250 2109 3296 et
2133 3240 2336 3313 gradus
2374 3241 2660 3296 ministerii
2685 3258 2792 3295 non
2818 3242 3008 3296 volunt
3038 3242 3239 3297 habere
3270 3259 3283 3295 :
3312 3241 3396 3296 vi-

1809 3334 1968 3389 detur
2005 3334 2135 3387 mihi
2166 3334 2378 3398 melius,
2440 3340 2497 3387 ut
2543 3332 2755 3402 plenam
2793 3330 3393 3405 habeant'benedictio-

1809 3439 1934 3481 nem
1970 3433 2026 3479 et
2047 3424 2260 3494 plenam
2297 3422 2604 3478 mercedem
2642 3422 2784 3491 apud
2831 3422 3022 3476 Deum.
3069 3421 3223 3477 Nunc
3265 3437 3397 3475 vero

1813 3513 1956 3570 alius
1983 3513 2193 3569 laborat
2226 3528 2327 3583 pro
2381 3511 2630 3569 mercede
2671 3520 2955 3582 perpetua,
2996 3510 3072 3566 illi
3130 3528 3260 3567 vero
3300 3527 3400 3581 pro

1813 3604 2059 3660 smculari
2103 3605 2326 3663 honore.
2357 3604 2386 3643 ι»
2423 3602 2626 3657 Privati
2660 3618 2791 3658 vero
2838 3610 2983 3668 sunt,
3020 3611 3079 3657 ut
3106 3618 3228 3657 cum
3265 3616 3401 3672 pace

1813 3695 2009 3750 dicam.
2038 3694 2366 3749 Potestatetn
2398 3692 2593 3763 ligandi
2633 3701 2689 3748 et
2722 3692 2985 3757 solvendi,
3028 3693 3173 3762 quod
3212 3692 3404 3747 claris-

1812 3784 2009 3840 simum
2037 3794 2121 3840 est
2155 3785 2209 3840 in
2232 3784 2473 3839 Ecclesia
2502 3783 2701 3840 Christi
2734 3786 2954 3850 donum,
2982 3783 3230 3841 Christus
3252 3786 3401 3841 dedit

1812 3876 2087 3945 apostolis,
2127 3884 2183 3931 et
2207 3890 2306 3945 per
2336 3891 2430 3930 eos
2450 3876 2854 3930 successoribus
2891 3874 3024 3931 suis.
3054 3875 3163 3931 Nec
3201 3892 3309 3930 non
3346 3884 3403 3931 et

1812 3967 2095 4031 Ecclesiis,
2126 3982 2246 4037 qua:
2273 3981 2377 4020 non
2403 3966 2603 4020 habent
2627 3974 2894 4034 pastores,
2929 3964 3292 4034 periculosum
3318 3971 3404 4027 est

1812 4073 2026 4128 gregem
2065 4056 2267 4112 Christi
2298 4056 2499 4124 absque
2539 4063 2761 4123 pastore
2784 4054 2876 4108 diu
2901 4069 3142 4109 manere.
3191 4054 3404 4107 lutrant

1814 4149 1923 4219 lupi
1948 4164 2185 4219 rapaces,
2237 4148 2333 4203 sed
2359 4162 2464 4200 non
2488 4152 2572 4200 est
2601 4145 2693 4214 qui
2736 4144 2917 4215 exigat
2944 4160 3056 4199 eos.
3088 4143 3254 4199 Sedet
3285 4142 3397 4198 sola

1813 4247 1867 4293 et
1891 4240 2049 4292 vidua
2076 4238 2292 4292 domina
2333 4237 2571 4307 gentium
2619 4245 2674 4291 et
2705 4250 2812 4291 non
2841 4243 2924 4291 est
2966 4235 3058 4306 qui
3088 4235 3403 4291 consoletur

1815 4346 1933 4385 eam
1980 4329 2197 4400 (Tltren.
2254 4345 2293 4394 ι,
2325 4329 2375 4394 1,
2401 4328 2479 4401 2).
2537 4327 2677 4383 Dicit
2703 4337 2757 4383 et
2785 4328 2899 4399 ipsa
2927 4327 3140 4384 Veritas
3167 4342 3182 4381 :
3218 4328 3403 4384 Messis

1813 4419 2019 4491 quidem
2043 4418 2228 4484 multa,
2253 4419 2475 4490 operarii
2493 4428 2666 4474 autem
2694 4419 2883 4490 pauci;
2927 4428 3104 4491 rogate
3130 4418 3401 4474 dominum

163 4510 449 4577 prtedicator
495 4512 625 4582 egit,
681 4518 740 4565 ut
794 4524 1008 4564 omnem
1061 4508 1322 4564 radicitus
1371 4508 1711 4564 occasionem
1744 4514 2015 4591 Dmessis,
2061 4524 2114 4567 ut
2144 4513 2315 4567 mittat
2355 4515 2621 4585 operarios
2675 4515 2731 4569 iu
2787 4530 3004 4569 messem
3058 4531 3211 4569 suam
3240 4514 3395 4584 (Luc.

163 4599 369 4654 avaritite
391 4599 840 4670 praedicatoribus
865 4599 1204 4654 abscinderet
1235 4613 1250 4652 :
1277 4606 1541 4669 quatenus
1589 4598 1711 4653 nul-

164 4680 249 4750 luS,
284 4690 524 4758 qualibet
576 4690 871 4758 cupiditate
915 4689 1146 4753 illectus,
1213 4689 1307 4744 sed
1357 4688 1472 4745 sola
1512 4688 1713 4744 Christi

166 4774 394 4835 charitate
417 4779 758 4836 confortatus
784 4782 1007 4835 verbum
1038 4782 1131 4837 Dei
1178 4782 1518 4852 praedicaret,
1576 4783 1717 4837 sicut

168 4860 259 4933 ipse
282 4869 331 4923 in
355 4872 651 4942 Evangelio
669 4873 781 4928 suis
805 4873 1120 4944 prmcipiens
1141 4875 1416 4946 discipulis
1436 4875 1550 4930 ait:
1582 4873 1718 4931 Gra-

167 4952 221 5006 tis
240 4962 519 5030 accepistis,
535 4963 699 5031 gratis
727 4963 849 5016 date
878 4962 1092 5033 (Matth.
1126 4981 1182 5029 ι,
1208 4966 1286 5033 8).

225 5043 275 5100 Si
308 5057 451 5106 tanta
485 5053 748 5108 instantia
793 5069 958 5109 suave
1012 5055 1214 5112 Christi
1244 5056 1431 5128 jugum
1481 5067 1537 5114 et
1579 5076 1718 5117 onus

170 5130 265 5201 eius
289 5139 397 5196 leve
423 5144 718 5200 durissimo
746 5143 1019 5201 Saxonum
1065 5150 1260 5220 populo
1309 5151 1714 5221 prtedicaretur,

173 5240 342 5294 quanta
357 5236 689 5292 decimarum
708 5238 958 5306 redditio,
974 5241 1058 5296 vel
1071 5242 1254 5312 legalis
1268 5259 1365 5312 pro
1384 5246 1719 5313 parvissimis

173 5318 469 5383 quibuslibet
505 5328 679 5398 culpis
708 5329 870 5384 edicti
900 5333 1193 5387 necessitas
1218 5334 1550 5401 exigebatur,
1579 5334 1719 5391 forte

173 5401 482 5477 baptismatis
520 5428 861 5474 sacramenta
884 5434 991 5475 non
1026 5422 1396 5478 abhorrerent.
1441 5421 1562 5478 Sint
1602 5433 1721 5479 tan-

233 5592 257 5620 ι
287 5581 463 5657 P_ri_mo
485 5588 615 5657 ﬁdes
652 5590 886 5645 docenda
912 5601 1006 5646 est.
1059 5591 1260 5647 Eadem
1309 5595 1497 5649 scribit
1539 5594 1720 5651 Alcui-

177 5661 261 5737 illis
278 5654 339 5707 ad
356 5654 607 5737 Car_o_lu‘m
660 5660 907 5737 Magnum
939 5664 1109 5737 epist._
1134 5664 1205 5737 28
1236 5670 1402 5734 (nunc
1428 5665 1539 5737 55),
1579 5675 1634 5720 et
1654 5668 1722 5723 ad

176 5716 417 5802 Anionem
446 5729 511 5802 5i
544 5730 706 5800 (nunc
732 5716 1026 5802 diminutio
1054 5716 1174 5789 796.

236 5791 260 5829 υ
294 5791 594 5864 Lugendum
634 5809 764 5871 puto
796 5791 813 5854 έ
836 5791 1040 5856 Privati
1080 5820 1194 5858 vero
1222 5813 1342 5859 sunt
1385 5815 1634 5876 potestate
1656 5808 1721 5861 li-

1817 4620 1870 4670 x,
1901 4603 1978 4676 2).
2002 4605 2070 4659 Et
2098 4620 2198 4676 ego
2229 4605 2344 4669 tibi,
2377 4606 2697 4661 charissime
2722 4606 2915 4672 amice,
2948 4605 3141 4662 messis
3182 4607 3402 4676 quidem

1817 4694 1982 4748 multa
2021 4704 2105 4749 est
2152 4695 2204 4749 in
2251 4695 2449 4765 populo
2500 4695 2829 4760 Christiano,
2884 4695 2975 4750 sed
3030 4711 3138 4751 non
3193 4697 3396 4751 suntin

1815 4785 2137 4856 quibusdam
2162 4785 2292 4839 locis
2322 4799 2608 4839 messores.
2667 4784 2749 4843 Tu
2799 4799 2925 4841 vero
2953 4800 3083 4855 roga
3120 4787 3400 4841 dominum

1817 4875 2029 4940 messis,
2056 4875 2109 4930 id
2138 4884 2240 4939 est,
2274 4875 2440 4929 David
2473 4890 2651 4929 meum
2677 4875 2953 4940 dilectum,
2980 4884 3040 4930 ut
3069 4878 3248 4932 mittat
3266 4893 3397 4947 ope-

1818 4954 1995 5021 rarios
2017 4967 2070 5021 iu
2098 4981 2327 5021 messem
2356 4980 2538 5027 suam;
2573 4975 2839 5035 quatenus
2863 4966 2970 5021 illis
2990 4966 3136 5022 dicat
3160 4974 3400 5037 rogatus,

1818 5060 1958 5115 sicut
2008 5074 2138 5113 suus
2165 5058 2417 5128 proprius
2450 5066 2727 5129 protector
2767 5066 2822 5113 et
2848 5059 3056 5124 unicus,
3112 5067 3167 5114 et
3192 5067 3403 5115 amator

1818 5150 2066 5205 Christus
2087 5150 2229 5204 Deus
2254 5149 2390 5205 dixit
2418 5148 2695 5218 disvipulis
2718 5148 2823 5220 52
2860 5150 3009 5206 suis:
3042 5149 3144 5215 Ite,
3167 5167 3282 5205 ecce
3306 5166 3401 5220 ego

1818 5243 1964 5296 mitto
1992 5258 2078 5296 vos
2099 5240 2249 5312 (Luc.
2281 5258 2334 5306 χ,
2373 5242 2450 5312 5).
2488 5241 2603 5311 Ipse
2628 5250 2711 5296 est
2732 5242 2981 5297 dominus
3003 5241 3192 5302 vineas,
3218 5240 3403 5295 mittat

1820 5334 2096 5402 operarios
2153 5334 2207 5387 in
2260 5333 2470 5387 vineam
2506 5347 2660 5387 suam
2714 5340 2769 5389 et
2791 5333 2935 5390 dicat
2961 5351 2973 5388 :
3001 5333 3078 5389 ite
3114 5341 3170 5388 et
3218 5347 3317 5389 vos
3346 5334 3400 5388 in

1820 5424 2031 5478 vineam
2078 5439 2255 5479 meam
2299 5430 2354 5477 et
2381 5423 2524 5494 quod
2539 5422 2746 5493 justum
2773 5423 2956 5490 fuerit,
2999 5423 3276 5494 accipietis
3303 5439 3419 5497 pro!

1819 5596 1980 5670 gandi
2000 5606 2046 5651 et
2073 5595 2321 5670 solvendi,
2346 5600 2485 5670 quod
2509 5600 2859 5654 clarissimum
2891 5602 2945 5654 in
2986 5599 3222 5657 Ecclesia
3253 5600 3405 5656 Chri-

1820 5667 1911 5751 sti“
1938 5667 2132 5751 donum
2164 5667 2400 5723 Christus
2426 5670 2568 5751 dedit
2582 5670 2859 5751 apostolis,
2904 5679 3009 5725 etc.
3042 5671 3219 5726 Locus
3244 5680 3371 5751 nota
3396 5700 3403 5707 -

1820 5738 1946 5792 bilis
1994 5747 2181 5812 contra
2235 5738 2705 5812 commendatitios
2763 5743 3063 5812 episcopos,
3111 5742 3395 5812 parochos,

1820 5818 1948 5873 etc.,
1989 5810 2081 5877 qui
2128 5808 2359 5865 honores
2394 5811 2654 5874 ambiunt,
2706 5808 3063 5868 ministerium
3102 5808 3397 5883 refugiunt.
