4056 6328
604 393 708 449 207

1476 382 1536 436 Β.
1577 380 1637 435 F.
1677 374 1898 432 ALBINI
1938 370 2067 427 SEU
2108 366 2384 424 ALCL'INI
2416 362 2698 420 OPERUM
2738 360 2913 416 PARS
2950 360 2990 417 I.

3764 348 3869 408 ωε

606 472 983 560 Ιαὺονοθνίιιθω
1009 510 1142 554 mere
1172 494 1384 567 (Matth.
1427 508 1518 555 xx,
1555 490 1610 556 4,
1634 490 1712 558 7).
1747 487 1865 556 Ipse
1893 482 2013 557 [F.,
2047 480 2171 552 ipsi]
2201 483 2249 542 Α
2274 494 2305 532 a
2334 478 2442 531 Deo
2467 475 2836 537 commissum,
2864 472 3138 542 corrigere
3184 467 3424 532 studeas,
3467 471 3524 519 et
3547 462 3871 535 ignorantia;

606 603 691 651 est
714 600 955 663 potestas
978 597 1031 643 et
1060 585 1389 657 dispensatio
1420 583 1590 636 vinea:
1627 577 1847 642 Christi,
1894 575 1949 630 id
1975 580 2057 628 est
2084 572 2183 625 Ec-

608 668 891 740 clesiarum
923 679 1039 735 Dei.
1071 676 1218 734 Illius
1268 683 1352 729 est
1388 674 1507 727 laus
1549 679 1604 726 et
1652 668 1846 740 gloria,
1888 673 1944 721 et
1976 674 2185 719 merces

608 785 830 840 mwrua,
861 782 920 828 ut
946 774 1084 827 bene
1122 769 1461 830 ordinentur,
1522 772 1577 817 et
1596 768 1889 832 regantur,
1911 767 1967 813 et
2000 761 2184 826 pasto-

610 884 700 924 res
725 869 976 929 habeant,
1019 868 1247 932 quantos
1276 856 1516 911 invenire
1553 853 1763 924 possint
1792 863 1843 915 ει,
1906 848 2099 918 dignos
2131 852 2187 897 et

610 959 722 1014 Deo
755 953 1061 1027 placabiles.
1110 949 1200 1004 Ille
1222 954 1306 1002 est
1360 945 1416 999 in
1467 945 1571 999 hoc
1617 954 1805 1010 regno,
1855 937 1947 1007 qui
1996 947 2188 989 omnes

610 1025 904 1121 praedicare
930 1049 1122 1113 potest,
1145 1046 1200 1094 et
1223 1039 1288 1093 de
1317 1037 1567 1093 omnibus
1598 1030 1851 1089 Ecclesiis
1881 1025 2187 1083 mercedem

612 1118 813 1195 habere
833 1145 887 1191 et
909 1131 1339 1189 benedictionem
1377 1128 1430 1183 in
1451 1123 1668 1189 saeculo,
1691 1130 1747 1177 et
1768 1130 2027 1176 aeternam
2068 1118 2190 1171 hea-

612 1230 896 1287 titudinem
931 1233 987 1280 et
1036 1226 1252 1279 beatam
1302 1218 1657 1276 mtemitatem
1706 1229 1829 1269 cum
1866 1209 2084 1266 Christo
2135 1214 2193 1262 et

613 1322 815 1379 sanctis
837 1317 973 1389 ejus.

1096 1408 1125 1448 ι’
1166 1400 1499 1461 EPISTOLA
1533 1396 1712 1453 XLllI.

1094 1514 1162 1553 AD
1198 1506 1444 1551 CABOLUH
1482 1504 1619 1545 MAGN
1629 1503 1719 1543 ωι.

1234 1587 1411 1659 (Auno
1440 1581 1590 1650 796.)

617 1694 900 1767 Significat
922 1708 1075 1747 suum
1115 1688 1364 1767 gaudium
1406 1673 2195 1767 oblprospe‘rita'tem“rapienti-tt

689 1746 998 1832 itii'diaﬂstta
1053 1746 1526 1832 provehettd_a__petit
1555 1746 1622 1832 ea}
1648 1749 1863 1832 Anglia‘
1888 1746 2046 1832 libros
2074 1760 2196 1832 su'os

2287 567 2525 623 tenebris
2544 566 2636 620 diu
2678 565 2886 618 animas
2906 564 3208 617 obcaecatas
3254 558 3323 612 ad
3346 559 3529 611 lumen
3576 568 3722 608 verae
3747 552 3873 610 fidei

2292 660 2558 715 deducere
2588 655 2824 711 coneris.
2869 652 3155 722 Nunquam
3206 647 3426 719 eptimis
3476 645 3872 711 voluntatibus,

2286 749 2371 804 vel
2413 749 2570 804 bonis
2591 746 2874 801 conatibus
2899 740 3262 798 remuneratio
3306 737 3483 793 divina
3535 734 3711 790 deerit
3739 753 3754 788 :
3778 736 3877 790 sed

2287 841 2376 912 qni
2403 840 2523 910 plus
2572 839 2783 893 laborat
2828 836 2881 890 in
2938 834 3215 891 voluntate
3266 830 3383 894 Dei,
3435 829 3558 899 plus
3609 826 3876 881 mercedis

2289 933 2513 1002 recipiet
2535 931 2587 985 in
2615 943 2781 999 regno
2807 926 2923 982 Dei.
2950 925 3187 994 Tempus
3243 919 3403 989 hujus
3446 920 3572 974 vita:
3619 916 3876 973 velociter

2289 1025 2479 1088 currit,
2509 1022 2668 1093 fugit,
2714 1030 2771 1077 et
2805 1036 2913 1075 non
2949 1017 3236 1074 revertitur
3274 1014 3407 1087 [Αι.,
3452 1009 3727 1082 respicit];
3769 1002 3877 1081 53

2292 1113 2580 1169 iuetfabilis
2603 1128 2730 1167 vero
2754 1111 2848 1167 Dei
2882 1111 3057 1180 pietas
3079 1109 3312 1163 humano
3332 1103 3659 1174 prmvidebat
3687 1094 3877 1172 generi

2291 1204 2529 1259 breviter
2566 1202 2833 1265 laborare,
2856 1211 2909 1255 et
2950 1197 3274 1253 teternaliter
3299 1193 3570 1250 coronari.
3600 1191 3728 1245 Ideo
3755 1204 3881 1260 pre-

2294 1294 2430 1348 tiosa
2460 1293 2658 1348 debent
2684 1306 2804 1346 esse
2830 1288 2987 1345 nobis
3038 1295 3301 1356 tempora,
3335 1299 3403 1338 ne
3454 1282 3743 1352 perdamus
3780 1294 3882 1348 per

2292 1384 2676 1456 negligentiam
2720 1383 2867 1452 quod
2910 1395 3007 1451 per
3054 1380 3211 1433 bonae
3261 1377 3389 1431 vitae
3413 1372 3738 1430 exercitium
3784 1371 3882 1426 lia.

2292 1477 2423 1531 bere
2447 1473 2741 1546 poterimus
2764 1470 2898 1543 [Αι.,
2921 1465 3280 1540 potuerimus]
3304 1473 3588 1520 tetemum.
3632 1460 3744 1515 Nec
3764 1468 3884 1514 tan-

2298 1578 2416 1625 tum
2469 1566 2694 1635 diligere
2738 1562 2940 1632 aliquid
2988 1560 3287 1631 poterimus
3308 1557 3363 1611 in
3406 1566 3574 1620 terra,
3621 1559 3882 1623 quantum

2296 1658 2454 1714 beata
2481 1654 2752 1709 amabitur
2781 1651 2995 1721 requies
3014 1650 3069 1704 in
3095 1648 3233 1704 coelo
3265 1662 3281 1701 :
3306 1662 3467 1716 quam
3505 1644 3598 1714 qui
3627 1652 3756 1698 tunc
3784 1643 3884 1696 ha-

2297 1747 2427 1802 bere
2474 1742 2842 1813 concupiscat,
2879 1739 3039 1795 bonis
3086 1753 3228 1794 nunc
3275 1735 3533 1807 Operibus
3577 1731 3884 1803 promereri

685 1834 887 1914 afferri.
908 1814 1169 1914 Utilit'ates
1189 1826 1353 1914 studii
1371 1814 1613 1914 li'tte‘rarii
1641 1814 1864 1877 recénset
1886 1832 1903 1872 :
1926 1816 2046 1870 huic
2068 1814 2201 1869 ado~
2227 1853 2275 1914 Β
2300 1835 2607 1893 contendat.
2654 1831 2917 1888 omnibus
2960 1830 3141 1900 itaque
3163 1826 3521 1884 communiter
3560 1823 3713 1895 regni
3764 1838 3880 1877 cat-

690 1893 939 1960 le'scentes
962 1898 1147 1972 palatii
1173 1896 1353 1951 suadet
1381 1893 1579 1948 addici.

626 2084 633 2089 _
688 2015 916 2073 Domino
939 2011 1185 2084 piissimo
1200 2016 1254 2064 et
1270 2004 1716 2077 priestantissimo
1745 2008 1799 2057 ct
1823 1999 1968 2056 omni
1993 2000 2198 2054 honore

617 2086 935 2180 dignissimo
959 2100 1130 2157 David
1150 2097 1263 2170 regi
1286 2094 1514 2151 Flaccus
1553 2092 1778 2148 Albinus
1804 2104 1945 2145 verae
1971 2086 2200 2143 beatitu-

618 2198 759 2256 diuis
783 2202 1043 2252 teternam
1070 2192 1125 2247 in
1145 2188 1363 2246 Christo
1379 2185 1629 2242 salutem.

690 2289 922 2346 Dulcedo
959 2293 1163 2344 sancta:
1192 2282 1498 2341 dilectionis
1524 2287 1721 2337 vestra:
1746 2278 1998 2335 omnibus
2025 2273 2199 2341 horis,

617 2382 859 2439 etiamet
884 2376 1191 2443 momentis,
1239 2373 1550 2430 aviditatem
1593 2370 1826 2443 pectoris
1874 2366 1980 2422 mei
2027 2367 2198 2420 abun-

619 2474 811 2546 danter
836 2468 1043 2535 reﬁcit;
1099 2476 1154 2522 et
1182 2466 1392 2521 decoris
1416 2463 1582 2519 vestri
1610 2460 1795 2526 facies,
1822 2474 1983 2530 quam
2008 2456 2203 2525 smpius

618 2559 928 2638 amabiliter
947 2555 1288 2613 considerare
1312 2553 1572 2617 solebam,
1604 2559 1745 2607 totas
1770 2546 2043 2604 memoriae
2070 2560 2202 2600 meae

625 2635 789 2706 venas
813 2662 937 2703 cum
964 2660 1158 2717 magna
1177 2643 1514 2714 jucunditate
1541 2638 1970 2697 desiderabiliter
1996 2635 2199 2705 implet,

619 2753 677 2801 et
710 2743 864 2813 quasi
890 2738 1182 2795 multarum
1207 2739 1261 2793 in
1288 2739 1450 2794 corde
1501 2735 1810 2793 divitiarum
1839 2731 2070 2802 species,
2101 2745 2200 2784 ve-

620 2842 749 2889 stra}
800 2823 1058 2887 bonitatis
1097 2844 1294 2884 nomen
1324 2835 1380 2882 et
1413 2837 1663 2898 aspectus
1693 2825 2023 2880 reconditur.
2077 2822 2203 2876 Ideo

623 2936 819 2994 magna
861 2920 995 2975 mihi
1025 2930 1107 2975 est
1141 2919 1469 2990 jucunditas,
1497 2925 1691 2973 vestrze
1728 2914 2051 2971 dulcissimae
2075 2927 2203 2983 pro-

624 3011 902 3085 speritatis
954 3010 1141 3065 audire
1189 3008 1450 3072 laetitiam,
1486 3007 1553 3063 ad
1583 3022 1744 3076 quam
1788 3005 1949 3060 etiam
2002 3018 2202 3073 cogno-

624 3102 877 3160 scendam
917 3101 1061 3155 hunc
1097 3110 1119 3141 ο
1149 3099 1529 3171 puerulum,ut
1560 3090 1731 3161 scitis,
1758 3094 2043 3165 parvitatis
2073 3107 2206 3146 mete

2301 1927 2454 1982 lestis
2495 1924 2662 1994 janua
2701 1922 2964 1993 patescit;
3011 1921 3105 1975 sed
3148 1920 3254 1975 illis
3301 1918 3503 1972 intrare
3550 1916 3886 1980 conceditur,

2299 2019 2391 2088 qui
2433 2033 2556 2073 cum
2587 2013 2870 2086 multiplici
2913 2011 3174 2068 bonitatis
3214 2009 3395 2067 fructu
3439 2008 3509 2063 ad
3552 2021 3675 2067 eam
3703 2006 3885 2061 venire

2301 2107 2577 2162 festinant.

2370 2199 2482 2268 Ego
2510 2210 2638 2252 vero
2672 2193 2896 2249 Flaccus
2922 2200 3102 2247 vester
3128 2186 3420 2246 secundum
3449 2182 3883 2243 exhortationem

2301 2299 2360 2346 et
2384 2291 2580 2345 bonam
2610 2286 2939 2341 voluntatem
2964 2292 3222 2348 vestram,
3251 2280 3372 2336 aliis
3400 2295 3496 2351 per
3539 2285 3680 2334 tecta
3712 2273 3886 2331 sancti

2303 2381 2517 2436 Martini
2563 2384 2873 2434 sanctarum
2916 2373 3074 2429 mella
3121 2372 3533 2443 Scripturarum
3577 2368 3889 2424 ministrare

2302 2482 2488 2543 satago
2513 2488 2529 2537 ;
2569 2469 2704 2524 alios
2731 2475 2911 2522 vetere
2940 2465 3282 2534 antiquarum
3310 2451 3715 2531 disciplinarum
3739 2470 3887 2513 mero

2303 2542 2571 2620 inebriare
2599 2558 2820 2624 studeo;
2859 2556 2995 2611 alios
3023 2553 3391 2625 grammatica:
3417 2542 3737 2606 subtilitatis
3760 2565 3888 2604 enuo

2303 2652 2437 2706 trire
2481 2648 2656 2719 pomis
2701 2646 2995 2716 incipiam;
3035 2644 3295 2715 quosdam
3341 2641 3618 2698 stellarum
3668 2640 3889 2705 ordine,

2304 2761 2401 2802 cru
2429 2744 2575 2815 picto
2605 2740 2891 2812 cujuslibet
2930 2753 3138 2809 magna:
3173 2737 3365 2791 domus
3393 2734 3661 2798 culmine,
3690 2732 3888 2786 illumi-

2306 2852 2435 2893 nare
2460 2835 2650 2905 gestio.
2676 2831 2911 2887 Plurima
2939 2827 3187 2900 plurimis
3221 2826 3401 2882 factus
3429 2825 3483 2897 (I
3511 2824 3635 2880 Cor.
3661 2839 3718 2878 tx
3737 2863 3753 2889 ,
3779 2820 3890 2895 22),

2305 2936 2365 2983 ut
2395 2926 2657 2998 plurimos
2692 2923 2759 2977 ad
2797 2920 3097 2992 profectum
3143 2928 3346 2974 sanctte
3393 2917 3489 2972 Dei
3531 2914 3810 2980 Ecclesize,
3840 2914 3893 2969 et

2306 3019 2374 3073 ad
2411 3018 2658 3072 decorem
2688 3012 2984 3083 itupcrialis
3027 3009 3180 3082 regni
3221 3010 3388 3065 vestri
3414 3007 3692 3074 erudiam,
3731 3022 3801 3062 ne
3827 3006 3891 3060 sit

2308 3125 2476 3164 vacua
2508 3108 2600 3161 Dei
2630 3104 3016 3173 omnipotentis
3041 3104 3095 3157 in
3121 3118 3208 3158 me
3232 3103 3407 3174 gratia
3432 3101 3485 3173 (Ι
3515 3099 3641 3155 Cor.
3666 3116 3760 3165 xv,
3784 3097 3893 3168 l0),

624 3194 952 3252 clientellum
991 3190 1125 3264 [Αιη
1152 3187 1489 3261 clientulum]
1513 3187 1687 3243 direxi
1712 3206 1724 3241 :
1750 3194 2015 3257 quatenus
2042 3183 2096 3237 in
2120 3198 2203 3237 sa-

2309 3216 2406 3255 nec
2452 3207 2645 3253 vestae
2684 3194 2943 3251 bonitatis
2986 3193 3204 3264 largitio
3250 3193 3446 3247 inanis.
3486 3190 3593 3247 Sed
3637 3206 3705 3246 ex
3746 3198 3894 3261 parte

624 3288 735 3342 lute
756 3285 1099 3342 sublimitatis
1125 3288 1339 3346 vestra},
1390 3282 1443 3336 in
1474 3281 1770 3352 gratiarum
1791 3277 2093 3334 actionibus
2116 3276 2207 3331 la:—

624 3386 717 3433 tus
756 3374 1053 3432 collaudem
1102 3372 1534 3427 misericordiam
1592 3368 1805 3425 Domini
1853 3364 2025 3421 nostri
2079 3363 2207 3421 Jesu

624 3466 847 3525 Christi.
894 3465 1013 3520 Non
1060 3464 1233 3520 solum
1279 3478 1379 3533 ego
1420 3462 1641 3517 ultimus
1688 3462 1933 3517 servulus
1965 3462 2210 3516 Salvato-

627 3558 706 3614 ris
730 3557 923 3623 nostri,
971 3555 1309 3627 congaudere
1349 3554 1517 3609 debeo
1558 3552 1901 3623 prosperitati
1925 3561 1979 3607 et
2002 3552 2208 3607 exalta-

629 3648 766 3705 tioni
794 3646 1112 3704 clarissimae
1154 3644 1439 3715 potestatis
1475 3653 1668 3698 vestne
1701 3660 1713 3696 :
1745 3643 1840 3697 sed
1880 3651 1991 3697 tota
2027 3649 2213 3697 sancta

630 3740 733 3796 Dei
782 3738 1025 3795 Ecclesia
1064 3736 1320 3792 unanimo
1363 3734 1644 3790 charitatis
1697 3741 1962 3789 concentu
2013 3733 2215 3804 gratias

634 3846 797 3903 agerc
834 3829 1065 3885 Domino
1112 3828 1225 3883 Deo
1268 3826 1619 3896 omnipotenti
1674 3826 1908 3889 debebit,
1956 3825 2044 3894 qui
2104 3833 2212 3879 tam

632 3925 804 3995 pium,
831 3921 1150 3992 prudentem
1179 3927 1233 3975 ct
1263 3920 1489 3990 justum,
1522 3916 1607 3972 his
1628 3916 1934 3972 novissimis
1956 3916 2137 3971 mundi
2160 3925 2218 3971 et

631 4013 1104 4088 periculosissimis
1151 4011 1482 4081 temporibus
1503 4009 1699 4081 populo
1733 4008 2040 4064 Christiano
2085 4022 2211 4077 per-

634 4109 856 4166 donavit
904 4105 1325 4162 clementissimo
1360 4118 1586 4158 munere
1636 4109 1903 4157 rectorem
1933 4108 2096 4170 atque
2122 4100 2215 4155 de-

633 4196 905 4255 fensorem
926 4213 938 4249 :
959 4195 1049 4266 qui
1072 4209 1237 4264 prava
1260 4192 1554 4263 corrigere,
1582 4198 1638 4245 et
1664 4197 1811 4247 recta
1837 4189 2212 4254 corroborare,

632 4276 690 4345 et
713 4296 899 4344 saneta
926 4285 1215 4341 sublimare
1239 4285 1386 4340 omni
1431 4284 1729 4339 intentione
1757 4283 1991 4347 studeat,
2030 4288 2085 4336 et
2120 4295 2219 4334 no-

635 4392 760 4434 men
790 4374 1004 4431 Domini
1029 4374 1124 4428 Dei
1152 4373 1351 4432 exeelsi
1393 4389 1490 4445 per
1518 4373 1684 4428 multa
1732 4382 1998 4427 terrarum
2045 4371 2217 4441 spatia

636 4466 864 4525 dilatare
899 4468 1148 4539 gaudeat,
1205 4473 1260 4521 et
1286 4465 1564 4521 catholica:
1592 4462 1717 4518 ﬁdei
1744 4463 1923 4516 lumen
1963 4462 2017 4515 in
2041 4469 2220 4516 extre-

2307 3292 2505 3346 desunt
2549 3288 2679 3342 mihi
2721 3285 2936 3341 servulo
2963 3296 3145 3340 vestro
3173 3284 3555 3355 exquisitiores
3579 3280 3895 3347 eruditionis

2308 3380 2644 3438 scholastica:
2670 3376 2857 3443 libelli,
2899 3391 3034 3446 quos
3067 3374 3230 3430 habui
3273 3376 3325 3429 in
3356 3373 3531 3444 patria
3573 3389 3675 3445 per
3700 3373 3897 3429 bonam

2309 3478 2364 3522 et
2393 3467 2792 3525 devotissimam
2812 3465 2839 3504 ἀ
2871 3465 3117 3536 magistri
3142 3463 3247 3519 mei
3272 3464 3612 3530 industriam,
3632 3462 3721 3518 vel
3740 3463 3897 3517 etiam

2311 3561 2419 3618 mei
2450 3560 2616 3630 ipsius
2641 3558 3070 3629 qualemcunque
3108 3557 3378 3611 sudorem.
3408 3555 3531 3610 Ideo
3561 3555 3681 3611 haec
3708 3563 3898 3611 vestrae

2312 3651 2646 3708 excellentiae
2676 3650 2829 3716 dico,
2878 3664 2946 3705 ne
2988 3647 3128 3704 forte
3164 3655 3344 3730 vestro
3370 3647 3580 3718 placeat
3612 3648 3784 3704 totius
3814 3664 3899 3702 sa-

2312 3747 2529 3818 pientia:
2555 3743 3049 3800 desiderantissime
3071 3741 3317 3807 consilio,
3334 3751 3393 3796 ut
3416 3741 3625 3811 aliquos
3638 3756 3704 3795 ex
3722 3738 3899 3811 pueris

2314 3839 2513 3896 nostris
2541 3837 2833 3901 remittam,
2858 3835 2952 3905 qui
2975 3833 3245 3904 excipiant
3266 3833 3390 3888 inde
3415 3831 3571 3888 nobis
3593 3831 3900 3886 necessaria

2313 3941 2558 3997 quicque,
2587 3933 2642 3980 et
2669 3924 2929 3978 revehant
2959 3922 3010 3976 in
3055 3921 3340 3975 Franciam
3379 3919 3539 3975 flores
3564 3919 3898 3974 Britanniis:

2314 4024 2500 4071 utnon
2521 4016 2593 4071 sit
2615 4011 2985 4068 tantummodo
3010 4011 3065 4065 in
3091 4009 3359 4065 Euborica
3380 4011 3571 4064 hortus
3592 4008 3900 4072 conclusus,

2316 4109 2412 4164 sed
2455 4107 2509 4161 in
2540 4106 2809 4161 Turonica
2850 4104 3165 4159 emissiones
3201 4102 3440 4175 paradisi
3478 4118 3600 4157 cum
3625 4115 3901 4171 pomorum

2320 4193 2603 4260 fructibus,
2637 4202 2696 4248 ut
2733 4193 2953 4248 veniens
2982 4191 3178 4246 Auster
3220 4190 3473 4261 perﬂaret
3503 4192 3693 4245 hortos
3726 4187 3902 4260 Ligeri

2319 4286 2572 4351 ﬂuminis,
2602 4292 2656 4339 et
2681 4283 2849 4338 ﬂuant
2872 4292 3114 4337 aromata
3147 4281 3308 4346 illius,
3340 4290 3395 4336 et
3436 4281 3734 4337 novissime
3781 4281 3901 4343 fiat,

2320 4380 2461 4450 quod
2485 4377 2732 4447 sequitur
2766 4378 2819 4430 in
2854 4363 3097 4440 Cantico,
3125 4373 3266 4428 unde
3306 4373 3409 4428 hoc
3451 4372 3722 4443 assumpsi
3751 4386 3905 4441 para—

2321 4473 2499 4540 digma
2528 4489 2541 4524 :
2585 4467 2769 4522 Veniat
2791 4465 3010 4520 dilectus
3048 4483 3192 4520 meus
3222 4465 3277 4519 in
3304 4465 3513 4518 [tortum
3545 4480 3722 4526 suum,
3752 4473 3803 4517 et
3826 4477 3899 4515 co-

635 4556 740 4613 mis
769 4558 951 4613 mundi
994 4557 1250 4628 partibus
1286 4555 1571 4610 incendere
1623 4561 1868 4609 conetur.
1902 4553 2026 4609 Haec
2051 4559 2151 4618 est,
2186 4569 2207 4608 ε

2322 4563 2496 4621 medat
2525 4563 2752 4633 fructum
2778 4577 3051 4631 pomorum
3085 4576 3319 4614 suorum.
3351 4559 3419 4612 Et.
3438 4559 3581 4613 dicat
3601 4555 3910 4612 adolescen-

637 4650 946 4705 dulcissime
989 4649 1172 4713 David,
1221 4647 1413 4722 gloria,
1458 4645 1575 4701 laus
1598 4652 1653 4699 et
1687 4659 1895 4700 merces
1922 4651 2011 4698 tua
2060 4643 2215 4712 inju-

639 4738 780 4793 dicio
808 4738 913 4793 diei
958 4738 1157 4809 magni,
1210 4737 1339 4793 etin
1357 4743 1617 4808 perpetuo
1643 4742 1953 4790 sanctorum
2000 4749 2219 4789 consor-

637 4829 748 4894 tio;
799 4837 860 4883 ut
889 4828 1297 4900 diligentissime
1315 4828 1591 4901 populum,
1645 4826 1979 4882 excellentiae
2024 4834 2219 4882 vestrae

712 4963 1277 5035 srLocusgcorruptus.
1318 5032 1335 5035 Α
1422 5034 1425 5035 γ
1586 5032 1635 5035 νᾼ
1708 5034 1713 5035 ν
1864 5034 1867 5035 γ
1905 5000 1912 5035 ρ

636 5100 669 5116 γ’
701 5034 740 5116 ἰ)
768 5031 1188 5116 Edit._Qaerce't.
1224 5036 1277 5116 l_,
1303 5032 1483 5116 Canis.
1512 5034 1545 5089 5
1575 5032 1828 5105 (Froben.
1858 5033 1967 5116 {58):
2004 5031 2216 5116 Sgripta

641 5102 808 5158 fuisse
831 5105 1043 5159 videtur
1082 5120 1188 5158 non
1228 5105 1319 5159 diu
1353 5102 1632 5174 postquam
1675 5102 2002 5174 monasterio
2043 5103 2217 5174 Turo-

639 5174 795 5230 nensi
845 5175 1016 5230 sancti
1066 5174 1278 5228 Martini
1322 5172 1505 5230 abbas'
1538 5174 1855 5243 praefectus,
1888 5173 1961 5243 ibi
2008 5172 2219 5243 scholas

643 5246 875 5314 aperuit,
904 5245 1047 5299 circa
1083 5260 1281 5298 annum
1313 5243 1432 5298 796.
1465 5242 1616 5311 Quod
1657 5245 1781 5314 inde
1827 5242 2049 5314 colligo,
2094 5242 2219 5314 quia

644 5312 772 5369 dum
800 5317 939 5369 hanc
967 5314 1250 5385 epistolam
1274 5315 1553 5385 scriberet,
1583 5313 1817 5368 nondum
1839 5313 2087 5382 provisus
2109 5312 2223 5365 l'ue-

643 5392 730 5438 rat
760 5383 1078 5440 necessariis
1108 5385 1173 5437 ad
1203 5383 1498 5437 docendum
1529 5384 1699 5437 libris.

717 5464 739 5492 °
775 5454 1084 5508 Puerulum.
1115 5453 1248 5520 Quis
1282 5454 1401 5507 ille?
1435 5454 1706 5507 Candidus
1751 5451 2015 5516 fortassis,
2064 5465 2224 5520 quem

647 5524 921 5580 multoties
944 5525 1221 5579 mittendis
1248 5523 1486 5592 epistolis
1510 5522 1773 5576 adhibuit.

642 5652 647 5655 ,
720 5593 747 5631 ἀ
790 5593 916 5649 Ilmc
947 5594 1107 5663 paulo
1152 5590 1307 5647 aliter
1351 5594 1480 5647 citat
1522 5591 1842 5663 Wilhelmus
1883 5590 2222 5663 Malmesbnr.

648 5663 742 5716 lib.
776 5680 792 5733 ι
816 5663 888 5733 αθ
913 5660 1061 5719 (ἷθεῑ.
1090 5680 1202 5732 reg.
1232 5663 1412 5733 Augl.,
1444 5677 1567 5731 cap.
1594 5663 1649 5726 3,
1672 5669 1727 5716 et
1754 5660 1846 5733 lib.
1864 5676 1934 5733 _ttt
1957 5662 2023 5733 de
2050 5660 2227 5733 Gestis

647 5732 837 5803 pontif.
865 5747 879 5786 :
913 5751 931 5784 ι
960 5734 1103 5803 Date
1129 5729 1257 5788 mihi
1284 5729 1660 5801 eiquisitiores
1680 5730 2000 5803 eruditionis
2025 5729 2230 5784 schola-

648 5801 800 5859 Sticaz
826 5802 1052 5872 libellos,
1090 5803 1273 5875 quales
1300 5804 1353 5859 in
1382 5805 1553 5874 patria
1589 5801 1783 5869 habui,
1829 5816 1925 5871 per
1954 5801 2147 5855 bonum
2173 5810 2226 5858 et

2328 4657 2452 4713 tulis
2479 4657 2626 4711 suis:
2655 4651 2919 4709 Comedite
2954 4653 3110 4706 amici
3139 4652 3239 4705 mei
3257 4693 3272 4717 ,
3305 4651 3458 4717 bibite
3481 4659 3529 4704 et
3553 4647 3909 4711 inebriamini,

2327 4746 2641 4802 charissimi.
2673 4744 2787 4816 Ego
2821 4744 3042 4806 dormio,
3066 4752 3113 4796 et
3137 4758 3226 4795 cor
3250 4757 3419 4796 meum
3443 4739 3618 4811 vigilat
3650 4738 3835 4811 (Cant,
3853 4753 3909 4803 v,

2329 4839 2379 4902 l,
2405 4836 2481 4908 2).
2513 4836 2604 4891 Vel
2630 4833 2758 4888 illud
2788 4830 3187 4889 exhortativum
3227 4833 3295 4887 ad
3334 4831 3655 4902 sapientiam
3701 4831 3915 4886 discen-

2208 4984 2229 4999 ‘
2327 4969 2725 5025 devotissimam
2751 4966 2995 5037 magistri
3028 4967 3132 5020 mei
3164 4966 3381 5036 Egberti
3410 4964 3804 5034 archiepiscopi
3831 4963 3916 5017 in-

2327 5040 2611 5095 dustriam.
2652 5039 2717 5092 Et
2759 5038 2803 5092 si
2846 5037 3022 5106 placet
3057 5037 3334 5104 sapientiae
3378 5045 3590 5098 vestrm,
3639 5037 3915 5090 remittam

2328 5110 2535 5179 aliquos
2565 5123 2628 5189 ex
2659 5109 2843 5177 pueris
2869 5106 3088 5191 nostris,
3113 5107 3206 5191 qui
3238 5106 3508 5191 excipiant
3537 5106 3919 5191 ingenuaeque

2327 5174 2731 5242 necessariafet
2754 5179 3009 5231 revehant
3031 5177 3086 5231 in
3112 5174 3395 5230 Franciatit
3418 5176 3577 5230 ﬂores
3596 5174 3917 5237 Britanniae,

2327 5259 2382 5303 et
2408 5264 2513 5303 non
2538 5248 2609 5302 sit
2636 5248 3004 5301 tantummodo
3035 5247 3087 5300 in
3116 5245 3359 5300 Eboraco
3386 5247 3575 5300 hortus
3599 5245 3917 5308 conclusus,

2329 5318 2423 5373 sed
2446 5319 2606 5373 etiam
2640 5317 2691 5369 in
2719 5316 2989 5371 Turonica
3016 5316 3337 5370 emissiones
3372 5316 3627 5384 paradisi.
3664 5335 3683 5367 ι
3715 5313 3923 5384 Exhis

2329 5390 2437 5442 duo
2465 5387 2800 5457 colligimus:
2837 5387 3090 5456 primum,
3131 5383 3415 5440 Aleuinutn
3464 5386 3693 5457 Eboraci
3740 5383 3923 5440 studia

2328 5472 2423 5513 sua
2448 5455 2744 5512 confecisse
2770 5474 2784 5521 ;
2821 5455 3051 5510 alterum
3078 5472 3206 5510 vero
3244 5457 3414 5510 multo
3441 5455 3769 5517 evidentius,
3808 5468 3924 5506 non

2327 5528 2555 5582 Luteti-.e
2578 5527 2907 5582 Parisiorum
2933 5536 3027 5580 aut
3057 5526 3108 5580 in
3138 5527 3392 5581 Fuldcnsi
3432 5526 3780 5589 monasterio,
3821 5523 3925 5577 sed

2329 5598 2384 5663 in
2411 5598 2629 5652 civitate
2660 5597 2935 5650 Turonum
2963 5597 3029 5650 ad
3054 5597 3303 5667 Ligerim
3340 5596 3577 5667 scholam
3608 5611 3761 5649 suam
3790 5608 3923 5667 ere-

2329 5662 2493 5729 xisse,
2524 5683 2554 5720 c
2580 5683 2682 5737 qua
2725 5668 2914 5723 deinde
2936 5662 3253 5738 prodierunt
3276 5674 3354 5723 tot
3367 5667 3481 5721 .viri
3509 5662 3755 5721 doctrina
3784 5663 3929 5720 insi-

2330 5756 2480 5791 gnes.
2519 5737 2782 5791 BASNAGE.

2330 5756 2480 5811 gues.
2519 5753 2782 5794 mssaos.

2508 5966 2537 5989 ρ
