4056 6328
1627 337 1982 396 EPISTULA]
1994 383 2006 395 .

3314 348 3420 405 210

207 463 310 518 dam
328 458 465 514 [saite
489 457 758 528 prophetze
783 457 1011 529 elogium
1039 478 1052 513 :
1092 457 1282 513 Omnes
1319 458 1548 511 sitientes
1574 455 1737 509 venite
1773 458 1814 512 Λ
1841 469 1993 508 suam
2018 456 2256 512 honestis
2281 458 2483 512 artibus
2505 457 2895 522 instruxerunt,
2918 465 2972 512 et
2994 458 3047 512 in
3073 457 3189 529 lege
3213 459 3428 515 Domini

206 553 265 608 ad
286 565 473 620 aquas:
504 559 551 602 et
591 550 680 619 qui
716 566 819 603 non
869 549 1066 603 habetis
1098 558 1402 618 argentum,
1434 553 1740 616 properate,

203 642 350 706 emite,
373 649 418 693 et
443 638 689 693 comedite
712 654 730 693 :
776 635 976 704 Venite,
1004 638 1173 701 emite,
1211 638 1401 707 absque
1430 643 1663 705 argento,
1695 641 1744 686 et

202 731 368 800 absque
398 727 503 782 ulla
537 730 939 783 commutatione
965 730 1139 783 uinum
1166 738 1216 782 et
1241 727 1323 781 lac
1351 726 1485 797 (lsa.
1517 742 1609 789 LV,
1636 724 1713 795 1).

260 821 374 875 Haec
416 826 541 875 sunt
587 835 706 888 qua:
756 828 938 874 vestra
984 819 1321 873 nobilissima
1368 818 1594 871 intentio
1640 831 1747 870 non

201 910 401 978 ignorat,
429 907 694 977 quomodo
713 923 811 978 per
834 923 1022 963 omnes
1050 917 1247 962 sancta:
1280 906 1572 977 Scriptura:
1601 905 1747 975 pagi-

199 1013 282 1059 nas
307 997 647 1052 exhortamur
669 998 738 1051 ad
778 998 1094 1066 sapientiam
1132 996 1461 1051 discendam.
1509 995 1593 1049 Nil
1628 1002 1749 1050 esse

196 1087 254 1142 ad
282 1087 486 1142 beatam
530 1088 698 1142 vitam
744 1087 1030 1143 sublimius
1082 1087 1496 1157 adipiscendam,
1550 1086 1624 1140 nil
1680 1085 1748 1141 ad

192 1178 491 1234 exercitium
510 1176 815 1246 jucundius,
850 1180 927 1233 nil
948 1188 1140 1235 contra
1166 1180 1297 1234 vitia
1334 1178 1545 1245 fortius,
1593 1179 1667 1233 nil
1694 1180 1749 1234 in

195 1270 320 1325 omni
343 1270 598 1340 dignitate
632 1270 989 1336 laudabilius;
1029 1271 1193 1326 etiam
1229 1279 1286 1326 et
1315 1271 1609 1326 secundum
1632 1270 1752 1340 phi-

193 1358 517 1428 losophorum
542 1359 684 1416 dicta
711 1360 786 1414 nil
807 1360 876 1415 ad
905 1361 1198 1432 regendum
1223 1361 1477 1431 populum
1502 1376 1754 1416 necessa-

195 1450 308 1514 rius,
337 1451 412 1505 nil
443 1453 519 1508 ad
555 1452 984 1522 componendam
1013 1452 1067 1506 in
1105 1453 1339 1522 optimos
1378 1467 1559 1508 mores
1586 1452 1752 1506 vitam

190 1539 382 1606 melius,
412 1532 577 1611 quam
613 1543 892 1611 sapientia:
916 1543 1101 1607 decus,
1128 1552 1184 1598 et
1211 1543 1508 1613 disciplinae
1547 1543 1663 1597 laus
1700 1549 1756 1596 et

190 1630 490 1687 eruditionis
526 1631 782 1689 elﬁcacia.
815 1634 968 1690 Unde
1003 1644 1060 1691 et
1086 1637 1152 1692 de
1181 1636 1340 1692 laude
1368 1637 1511 1692 illius
1539 1637 1755 1707 sapien-

190 1721 408 1779 tissimus
435 1724 706 1779 eaclamat
738 1724 759 1797 [
774 1725 883 1792 AL,
923 1727 1207 1801 explanat]
1237 1728 1489 1783 Salomon
1517 1748 1530 1784 :
1567 1728 1758 1783 Melior

189 1818 251 1862 est
268 1812 525 1881 sapientia
548 1815 750 1868 cunctis
772 1797 1205 1886 pretiosissimis,
1230 1828 1280 1873 et
1305 1835 1455 1873 omne
1481 1820 1752 1873 desidera-
1781 1797 1829 1857 Β

188 1897 276 1955 bile
311 1901 363 1955 ei
402 1919 510 1958 non
545 1912 709 1973 potest
752 1908 1069 1976 comparari.
1105 1906 1234 1963 Han:
1267 1918 1341 1963 est
1377 1925 1496 1980 qua:
1530 1908 1752 1963 humiles

188 1988 388 2055 mltat,
403 2008 525 2063 quos
542 1993 786 2050 sublimes
804 1995 1047 2051 honorat.
1065 1997 1170 2053 Per
1188 1998 1336 2053 illam
1354 2016 1496 2070 reges
1513 2008 1754 2069 regnant,

183 2087 229 2133 et
247 2078 421 2152 legum
443 2084 734 2140 conditores
752 2087 904 2156 justo
925 2086 1226 2143 decernunt.
1259 2089 1363 2144 Per
1382 2089 1531 2144 illam
1555 2090 1754 2161 princi.

184 2186 259 2242 pes
289 2174 551 2245 imperant
595 2187 642 2231 et
683 2187 912 2248 potentes
948 2179 1230 2234 decernunt
1269 2180 1555 2251 justitiam.
1605 2180 1756 2234 Beati

181 2261 263 2329 Qui
294 2266 600 2320 custodiunt
624 2267 734 2321 uias
758 2268 895 2337 ejus,
922 2277 970 2322 et
1004 2268 1140 2323 beati
1168 2269 1255 2339 qui
1283 2268 1498 2339 uigilant
1520 2268 1590 2322 ad
1621 2269 1758 2338 fores

178 2350 312 2407 illius
338 2356 580 2425 quotidie
613 2357 796 2427 (Prov.
839 2373 970 2422 vnn,
1008 2357 1070 2410 11
1102 2356 1289 2428 seqq.).
1320 2357 1405 2412 Ad
1445 2358 1585 2412 hanc
1611 2357 1759 2412 omni

176 2441 354 2497 studio
377 2443 691 2499 discendam
711 2454 767 2499 et
785 2445 1096 2513 quotidiana
1109 2446 1368 2501 exercitio
1384 2447 1763 2515 possidendam

176 2532 506 2599 exhortare,
554 2534 751 2590 domne
795 2551 919 2603 rex,
958 2536 1184 2606 juvenes
1209 2552 1452 2606 quosque
1478 2538 1532 2592 in
1562 2537 1762 2607 palatio

176 2622 513 2681 excelentiae
542 2633 753 2690 vestrae,
784 2636 1050 2696 quatenus
1094 2628 1146 2682 in
1178 2644 1240 2683 ea
1278 2628 1562 2699 proﬁciant
1602 2637 1764 2686 aetate

178 2709 363 2767 ﬂorida
391 2753 408 2779 ,
461 2722 522 2771 ut
570 2714 641 2771 ad
684 2716 945 2773 honorem
970 2719 1221 2776 canitiem
1270 2734 1423 2783 suam
1469 2720 1764 2794 perducere

180 2801 317 2875 digni
348 2806 686 2874 habeantur,
725 2815 780 2863 et
820 2824 919 2886 per
942 2824 1061 2864 eam
1090 2810 1156 2865 ad
1188 2820 1506 2882 perpetuam
1549 2812 1763 2871 valeant

179 2895 459 2969 pervenire
479 2898 884 2958 beatitudinem.
913 2901 1027 2972 Ego
1050 2917 1201 2969 vero,
1223 2904 1517 2960 secundum
1543 2905 1762 2960 modum

182 2983 431 3055 ingenioli
457 2989 584 3054 mei,
610 2990 749 3059 apud
776 3006 960 3047 servos
980 3001 1190 3052 vestros
1216 2994 1271 3048 in
1300 2994 1386 3057 his
1410 2995 1655 3065 partibus
1678 3009 1764 3051 se-

180 3077 379 3133 minare
411 3079 692 3150 sapientiae
711 3097 876 3151 grana
897 3097 1087 3151 segnes
1114 3083 1245 3161 [41,,
1272 3085 1476 3158 segnis]
1506 3102 1612 3142 non
1638 3101 1756 3152 ero,

185 3181 388 3223 memor
424 3170 575 3232 illius
608 3174 924 3232 sententias:
958 3173 1117 3231 Mane
1153 3177 1355 3230 semina
1383 3193 1556 3232 semen
1588 3187 1757 3243 tuum,

180 3261 224 3307 et
262 3272 477 3332 vespere
522 3276 629 3319 non
661 3270 818 3315 cesset
859 3277 1047 3316 manus
1092 3272 1221 3330 tua;
1258 3266 1382 3336 quia
1423 3268 1588 3321 nescis
1634 3268 1761 3339 quid

179 3350 331 3418 magis
367 3352 603 3417 oriatur,
634 3352 730 3407 hoc
752 3370 821 3408 an
851 3352 1003 3409 illud.
1032 3354 1101 3410 Et
1133 3357 1179 3411 si
1200 3367 1420 3429 utraque
1439 3357 1617 3426 simul,
1651 3375 1763 3414 me-

175 3435 266 3493 lius
289 3450 366 3495 est
411 3440 610 3513 (Eccle.
641 3459 715 3509 χι,
743 3442 821 3515 6).

242 3541 268 3569 ι
299 3529 473 3598 Mane
507 3530 639 3603 [Al.,
670 3532 856 3607 Multa]
877 3533 1192 3590 ﬂorentibus
1214 3550 1313 3604 per
1337 3543 1546 3592 aetatem
1573 3537 1766 3595 studiis

180 3622 442 3677 seminavi
458 3623 513 3676 in
530 3624 826 3680 Britannia.
850 3624 1001 3681 Nunc
1015 3642 1141 3682 vero
1162 3627 1484 3699 frigescentc
1506 3631 1766 3702 sanguine

183 3712 323 3778 quasi
354 3727 592 3781 vespere
620 3714 674 3767 in
700 3714 927 3769 Francia
951 3716 1217 3772 seminare
1251 3733 1356 3773 non
1387 3734 1557 3775 cesso.
1602 3720 1763 3774 Utra-

185 3815 278 3877 que
301 3803 480 3870 enim,
508 3803 603 3857 Dei
628 3805 800 3874 gratia
827 3805 1078 3872 donante,
1106 3807 1236 3865 oriri
1263 3816 1474 3881 optans.
1506 3808 1632 3863 Mihi
1659 3808 1763 3865 fra-

187 3901 266 3947 cto
288 3910 526 3969 corpore
553 3895 745 3950 solatio
789 3905 873 3951 est
914 3899 1177 3955 sententia
1225 3900 1395 3955 sancti
1430 3901 1759 3974 Hieronymi,

189 3981 268 4049 qui
290 3984 365 4038 ait
391 3984 451 4038 in
472 3984 699 4053 epistola
715 3984 907 4057 (Epist.
928 3986 1016 4060 52)
1035 3988 1103 4043 ad
1122 3987 1506 4058 Nepotianum:
1528 4011 1546 4044 ι
1566 3991 1763 4050 Omnes

189 4086 312 4147 pene
339 4071 457 4146 εξ
482 4074 709 4130 virtules
735 4078 976 4153 corporis
1019 4088 1295 4135 mutantur
1323 4081 1378 4136 in
1414 4083 1629 4138 senibus
1653 4124 1668 4148 ,
1710 4090 1765 4143 et

195 4173 464 4219 crescente
493 4164 607 4219 sola
634 4167 894 4236 sapientia
919 4168 1238 4223 decrescunt
1260 4179 1476 4226 emtera.
1506 4191 1527 4227 ι
1555 4172 1621 4226 Ει
1644 4181 1765 4244 post

125 4292 128 4296 .
193 4252 460 4325 paululum
487 4271 502 4307 :
544 4273 564 4308 ι
595 4254 853 4317 Senectus
869 4271 999 4315 vero
1019 4272 1206 4313 eorum
1228 4260 1319 4329 qui
1348 4261 1760 4320 adolescentiam

256 4417 281 4446 ι
311 4406 475 4490 μίξας
499 4448 521 4490 Δ.
552 4449 625 4490 ..ε
646 4449 663 4465 .
699 4412 950 4490 seminavi
991 4414 1045 4490 in
1077 4413 1375 4490 Britannia.
1425 4416 1552 4490 inde
1594 4418 1759 4490 aliqui

197 4478 533 4553 concludunt,
562 4480 847 4553 Alcuinutn
885 4485 1180 4553 prtecipuas
1205 4486 1605 4553 Britanniarum
1639 4477 1762 4545 aéa-
1787 4477 1842 4540 D

197 4542 395 4629 gemas
411 4549 781 4629 “rius-“assa
800 4542 1000 4629 Εθίμηί
1020 4542 1253 4629 Ᾰίωθὲθε
1272 4542 1758 4629 Οῆηιειιῷιὶςίθιιὲὲξ,

197 4619 331 4694 mea
356 4619 637 4694 a_cademia
665 4629 786 4694 post
809 4621 1006 4694 Bed_am
1037 4623 1283 4694 docuisse
1319 4619 1625 4682 Alcuinum.
1657 4619 1762 4685 Sed

200 4683 852 4760 nihil‘obstatquo'minus
894 4692 1118 4753 Eboraci
1146 4710 1456 4760 remanens,
1502 4698 1556 4751 in
1595 4683 1763 4754 totam

197 4750 434 4822 Angliam
461 4750 719 4815 docirinte
749 4750 1210 4817 lucemveﬂ‘uderit.
1244 4765 1319 4819 Ex
1349 4781 1412 4820 eo
1438 4750 1556 4821 loco
1577 4750 1765 4823 nisi;

201 4826 280 4903 ξυι-
302 4826 623 4903 evidentius,
653 4844 841 4903 senem
867 4830 1033 4886 fuisse
1055 4831 1361 4903 Alcuinum,
1393 4852 1514 4893 cum
1544 4826 1765 4893 Turoni-

201 4885 293 4963 bus
315 4896 555 4950 scholam
586 4885 777 4959 erexit,
807 4885 1073 4963 Bisaltae.

263 4960 293 5047 ξ
321 4963 474 5047 ﬁdit.
494 4965 746 5047 Quercet.
779 4960 1097 5047 93,_C_anisii
1121 4971 1189 5025 47
1219 4971 1610 5047 (ιῗιζοιιθιιηξθιῦ).

267 5040 291 5069 ε
321 5031 802 5112 βιαιςξοςυοηιωιιε.
853 5031 1039 5095 Fuisse
1081 5031 1237 5097 hunc
1262 5043 1437 5097 virum
1482 5031 1764 5112 illustrem,

205 5095 339 5184 domi
363 5104 673 5184 militiaeque
697 5116 1172 5184 strenuum,_patct
1201 5095 1273 5184 es,
1294 5095 1766 5184 nsd'ei'éélniéiiii

202 5173 437 5254 epistola,
465 5176 557 5254 ubi
576 5173 816 5254 _hunc_in
839 5173 1076 5254 encrciiu
1104 5180 1279 5235 Caroli
1291 5181 1503 5254 Magni,
1531 5173 1768 5242 Sa'xones

203 5236 536 5323 ﬂfllellaturi,
567 5246 678 5323 j_uri
700 5248 932 5323 dicundo
972 5236 1768 5323 fuisseprmfecti’mt'liqtmtei

204 5301 476 5394 {dsiet-bis
504 5301 534 5368 ε’
567 5301 999 5394 iudicatarum
1046 5301 1230 5373 audiit—tt
1256 5338 1535 5376 causarum
1555 5301 1768 5394 iustiti;

202 5388 395 5445 semper
419 5395 619 5439 resonet
643 5387 697 5440 in
716 5403 831 5440 ore.
861 5386 1040 5442 Csars.
1136 5413 1140 5417 ι

270 5445 397 5523 ἀρε
421 5454 605 5508 itinere
648 5457 703 5509 in
729 5457 946 5509 hostem.
994 5457 1254 5523 Saxones,
1304 5467 1364 5513 ut
1398 5460 1556 5516 infra.
1596 5462 1652 5519 Id
1692 5465 1769 5517 fa-

205 5520 348 5618 t‘fti‘.
369 5524 1087 5618 “EE?”‘-§‘.E¥’“.‘.‘3."“I§EP29
1110 5520 1250 5618 735:7
1278 5529 1769 5618 Ριῖφριηουέρρίιιῖο

401 5593 512 5660 qui,
538 5580 703 5649 Vnum.
729 5596 819 5661 2‘2,
855 5580 1091 5666 epistolae
1120 5580 1769 5659 ⁷Ιιίιῖὸἰιῆίιῖι-ιιιήὶῖίιῖιῖ

256 5669 396 5721 gnat.

283 5736 308 5761 ο
339 5727 440 5783 Iter
461 5741 608 5789 tuum
639 5734 974 5804 confessione.
1011 5737 1265 5799 Hortatur
1287 5740 1508 5796 militem
1542 5751 1599 5798 ut
1645 5755 1768 5800 ante

1844 546 2082 600 meditati
2111 556 2236 601 sunt
2262 548 2349 603 die
2373 563 2436 601 ac
2462 557 2637 611 nocte,
2664 555 2821 602 aetate
2852 548 2912 602 ﬁt
2935 548 3166 613 doctior,
3190 564 3292 603 usu
3327 550 3427 604 tri-

1843 634 1980 699 tior,
2012 650 2266 705 processu
2299 636 2553 705 temporis
2582 636 2912 705 sapientior;
2946 646 3000 691 et
3025 645 3269 691 veterum
3308 646 3426 692 stu-

1845 724 2052 779 diorum
2079 724 2416 779 dulcissimos
2444 723 2651 779 fructus
2692 726 2864 780 metit.
2900 745 2920 779 ι
2957 726 3014 780 In
3048 741 3153 796 qua
3181 726 3427 796 cpistola,

1845 815 1912 870 de
1951 816 2228 884 sapientia:
2259 815 2433 881 laude,
2460 826 2514 871 et
2540 825 2780 871 veterum
2818 818 3010 874 studiis
3050 820 3203 889 plura
3231 826 3427 888 potest,

1845 907 1933 961 cui
1954 907 2237 976 placuerit,
2276 907 2471 977 legere,
2500 915 2555 962 et
2581 907 2881 978 intelligere
2920 917 3181 979 quantum
3220 917 3433 964 veteres

1845 998 1902 1051 in
1931 997 2123 1052 decore
2155 997 2431 1067 sapientiae
2459 996 2651 1053 ﬂorere
2696 998 3034 1055 studuerunt.
3070 999 3129 1054 In
3161 1000 3301 1054 hanc
3327 1012 3419 1053 ve-

1848 1094 2015 1141 stram
2040 1087 2149 1141 Deo
2173 1087 2478 1152 amabilem,
2504 1096 2559 1141 et
2580 1087 2704 1142 vita:
2730 1087 3053 1143 laudabilem
3079 1103 3290 1158 semper
3310 1102 3438 1158 pro—

1848 1176 2011 1232 ﬁcere
2031 1185 2087 1231 et
2116 1176 2348 1246 gaudere
2376 1176 2570 1246 agnovi
2610 1176 2972 1247 diligentiam;
3021 1188 3076 1233 et
3101 1179 3435 1234 nobilitazcm

1849 1270 2123 1325 smcularis
2168 1268 2430 1338 prosapiae
2482 1267 2686 1337 majore
2733 1271 2929 1324 mentis
2957 1270 3234 1325 nobilitate
3271 1286 3433 1325 exor-

1851 1374 2001 1413 nare.
2028 1359 2086 1413 ln
2112 1373 2216 1427 qua
2246 1358 2508 1413 Dominus
2533 1367 2719 1413 uoster
2753 1357 2910 1413 Jesus
2935 1357 3202 1425 Christus,
3233 1359 3324 1429 qui
3352 1364 3438 1414 est

1852 1449 2026 1504 virtus
2048 1456 2101 1503 et
2128 1448 2390 1518 sapientia
2416 1449 2532 1515 Dei,
2562 1456 2615 1503 te
2642 1449 2931 1515 custodiat,
2962 1456 3017 1504 et
3046 1449 3263 1516 exultet,
3286 1458 3341 1506 et
3367 1448 3438 1505 ad

1854 1538 2080 1608 gloriam
2118 1538 2289 1593 beatae
2326 1546 2381 1592 et
2420 1545 2691 1608 perpetuae
2734 1537 2959 1593 visionis
3000 1552 3111 1594 sua:
3154 1538 3441 1609 pervenire

1856 1630 2041 1685 faciat.

2345 1699 2373 1741 δ
2397 1698 2729 1757 EPISTOLA
2766 1699 2948 1755 XLIV.

2232 1808 2315 1848 AD
2368 1807 2719 1848 DANOE'I‘AI
2779 1805 3049 1849 FILIUII.

2464 1862 2639 1935 (Anno
2666 1863 2815 1935 796.)

1856 1953 2118 2023 Prospera
2157 1961 2401 2022 precatur
2426 1954 2569 2023 eunti
2600 1954 2655 2009 in
2691 1954 2923 2019 hostem,
2964 1962 3013 2009 et
3050 1953 3114 2008 de
3151 1953 3441 2008 amicorum

2430 2021 2567 2077 dolet
2593 2023 2850 2078 absentia.

1923 2111 2151 2169 Flaccus
2173 2110 2400 2168 Albinus
2431 2122 2453 2150 ε
2485 2111 2669 2170 Flavio
2698 2112 2958 2171 Dammtte
2985 2112 3094 2170 ﬁlio
3126 2112 3442 2170 charissimo

1857 2204 2109 2260 salutem.

1931 2297 2059 2352 Tute
2083 2297 2390 2369 congaudeo
2419 2296 2714 2365 dilectioni,
2741 2307 2797 2355 et
2822 2306 3090 2369 praestatae
3127 2294 3443 2370 [prtesﬁtm]

1858 2385 1984 2441 ﬁdei
2010 2384 2387 2456 congratulor:
2424 2388 2550 2457 quia
2578 2403 2792 2458 semper
2819 2390 3016 2458 ubique
3043 2397 3098 2443 te
3120 2387 3331 2443 ﬁdelem
3362 2386 3446 2441 in-

1861 2476 2023 2543 veni,
2066 2485 2121 2531 et
2149 2476 2466 2532 benevolum
2495 2494 2621 2549 erga
2660 2493 2746 2532 me
2784 2480 2995 2550 agnovi,
3025 2479 3165 2535 sicut
3193 2476 3449 2533 ﬁliumin

1861 2572 2072 2638 patrem
2097 2582 2113 2623 :
2152 2583 2253 2623 nec
2280 2568 2440 2624 aliter
2465 2568 2664 2635 inveni,
2694 2569 2799 2625 nisi
2825 2577 2884 2625 ut
2911 2569 3158 2625 voluntas
3188 2576 3280 2623 tua
3305 2580 3448 2623 sem-

1859 2674 1959 2729 per
1990 2674 2164 2714 meam
2203 2660 2490 2717 subsecuta
2537 2666 2619 2716 est
2660 2659 3014 2718 voluntatem.
3059 2659 3185 2715 Ideo
3228 2658 3447 2714 taedium

1861 2752 2025 2807 habet
2049 2751 2262 2807 adimus
2287 2766 2439 2808 meus
2467 2751 2533 2806 de
2559 2752 2802 2809 absentia
2826 2750 2981 2807 faciei
3012 2758 3147 2807 tum:
3183 2757 3362 2805 tamen
3392 2747 3449 2803 in

1859 2838 2128 2895 cbaritate
2171 2838 2351 2894 cordis
2380 2838 2488 2893 mei
2535 2846 2589 2892 te
2630 2852 2843 2908 semper
2882 2845 3203 2909 prtesentem
3231 2835 3447 2901 habeo,

1862 2926 2138 2997 Deumque
2162 2940 2260 2996 pro
2289 2935 2377 2981 tua
2407 2926 2666 2996 deprecor
2706 2928 3089 2998 prosperitate,
3124 2938 3182 2982 ut
3225 2935 3282 2983 te
3314 2926 3449 2985 mihi

1861 3018 1917 3073 in
1945 3017 2221 3088 gaudium,
2250 3016 2454 3088 tibique
2484 3017 2585 3088 ipsi
2608 3018 2663 3072 iu
2691 3018 2922 3074 salutem
2952 3018 3209 3090 longaevis
3229 3030 3449 3073 conser-

1785 3134 1831 3198 ο
1864 3122 1996 3164 vare
2023 3108 2270 3178 dignetur
2298 3108 2648 3178 temporibus.
2684 3106 2791 3164 Sed
2819 3108 2974 3165 valde
3016 3107 3277 3164 sollicitus
3324 3121 3448 3162 sum

1862 3198 1889 3239 ά
1917 3200 1984 3255 de
2007 3200 2199 3255 itinere
2227 3208 2334 3255 tuas
2358 3199 2707 3271 profectionis
2730 3200 2784 3256 in
2811 3201 3042 3268 hostem,
3062 3201 3188 3271 quia
3213 3200 3448 3271 plurima

1865 3290 2040 3346 solent
2076 3291 2131 3344 in
2173 3289 2370 3352 talibus
2395 3290 2609 3348 evenire
2647 3290 2883 3362 pericula
2910 3293 3092 3348 rebus.
3126 3291 3329 3347 Tamen
3354 3289 3449 3360 qui

1857 3376 2123 3446 justitiam
2142 3378 2304 3434 habet
2333 3378 2494 3441 eundi
2517 3382 2571 3433 et
2588 3394 2688 3449 pro
2710 3380 2820 3435 Deo
2846 3380 3174 3457 decertandi,
3192 3378 3446 3437 ﬁduciam

1864 3480 2043 3545 potest
2069 3473 2270 3533 habere
2298 3472 2365 3529 de
2388 3471 2587 3530 auxilio
2614 3473 2775 3541 illius,
2806 3489 2906 3546 pro
2929 3475 3083 3546 cujus
3110 3487 3294 3529 amore
3319 3481 3445 3527 tan-

1865 3570 1979 3618 tum
2020 3562 2200 3619 subire
2244 3561 2482 3617 laborem
2534 3578 2641 3619 non
2690 3562 2963 3620 formidat.
3012 3564 3092 3619 Tu
3133 3577 3263 3618 vero
3292 3572 3317 3601 ο
3348 3560 3449 3617 iter

1865 3663 2016 3713 tuum
2042 3652 2378 3713 confessione
2406 3652 2744 3720 confirmare,
2772 3654 3130 3726 eleemosynis
3164 3653 3448 3716 roborare,

1863 3744 2200 3800 orationibus
2228 3759 2504 3802 servorum
2530 3744 2624 3799 Dei
2650 3745 2884 3815 undique
2910 3745 3120 3801 munire
3142 3750 3443 3799 memento:

1865 3841 1924 3888 ut
1953 3832 2176 3904 angelus
2202 3833 2415 3889 Domini
2448 3841 2503 3889 te
2531 3833 2673 3889 inter
2699 3834 2878 3893 omnia
2905 3834 3132 3888 adversa
3159 3841 3374 3892 tueatur
3392 3846 3449 3892 et

1864 3923 2180 3987 comitetur,
2225 3931 2489 3993 quatenus
2528 3938 2650 3980 cum
2684 3923 2978 3981 securitate
3018 3922 3183 3980 vadas
3226 3936 3283 3982 et
3323 3943 3448 3984 cum

1863 4027 1995 4084 pace
2022 4011 2333 4067 revertaris.

1933 4100 2178 4177 55Ego
2205 4117 2357 4175 pene,
2387 4101 2539 4175 quasi
2561 4103 2783 4158 orbatus
2810 4101 2954 4167 ﬁliis,
3001 4115 3254 4157 remaneo
3275 4102 3445 4157 domi.

1862 4188 2105 4244 Damoeta
2128 4188 2440 4255 Saxoniam,
2464 4189 2728 4249 Homerus
2750 4190 2976 4255 Italiam.
3011 4188 3316 4247 tCandidus
3336 4189 3450 4244 Bri-

1863 4278 2103 4335 tanniam
2130 4280 2374 4342 recessit,
2405 4279 2666 4336 Martinus
2709 4283 2736 4323 8
2760 4281 2816 4337 in
2848 4280 3007 4338 Vicos
3032 4281 3172 4352 apud
3204 4279 3260 4337 S.
3290 4278 3451 4337 Jodo-

1862 4433 2106 4511 praelium
2120 4437 2493 4511 sacramentali
2521 4438 2857 4511 confessione
2868 4440 3310 4511 peccataexpiet,
3334 4438 3448 4493 lau-

1865 4507 1990 4579 dato
2017 4506 2225 4579 priscis!
2236 4507 2493 4579 militibus
2521 4524 2689 4576 more,
2713 4510 2804 4579 qui
2836 4506 2887 4565 ei
2916 4509 3055 4579 apud
3088 4506 3445 4571 Nai-mannos,

1866 4525 1990 4561 nato
2018 4525 2211 4575 prtSCls
2237 4525 2493 4563 munibus
2521 4525 2689 4576 more,
2753 4526 2804 4564 ιιι
2836 4525 2887 4565 et
2916 4525 3055 4579 apud
3088 4525 3445 4571 nonnanuos,

1866 4578 1931 4631 de
1957 4575 2151 4644 quibus
2180 4577 2397 4649 Wilbel.
2430 4525 2829 4638 Malmesbjib.
2853 4595 2937 4633 ιιι.
2964 4580 3096 4649 Reg.
3122 4579 3302 4648 Angl.,
3334 4586 3446 4649 tota

1863 4654 2027 4716 nocte
2073 4645 2397 4702 confessioni
2445 4645 3106 4716 peccatorum‘vacante's,
3160 4645 3315 4703 mane
3342 4647 3449 4703 Do-

1866 4715 2065 4787 minico
2088 4731 2315 4787 corpore
2343 4715 2844 4787 conimunicarunt;
2894 4719 3100 4787 pedites
3136 4733 3259 4773 cum
3286 4733 3445 4772 arcu-

1863 4784 1966 4865 bus
1995 4792 2048 4865 et
2074 4784 2444 4865 sagi-ttisLetc.
2475 4786 2655 4865 Gauls.

1942 4852 1961 4891 ί
1991 4849 2259 4907 Candidus
2284 4855 2633 4909 Britanniam.
2667 4854 2819 4911 Hunc
2839 4855 3130 4912 Candidum
3153 4855 3449 4911 Lindisfars

1867 4922 2049 4997 nensis
2072 4922 2337 4997 Ecclesiae
2361 4923 2680 4997 alumnum,_
2700 4924 2975 4997 Higebaldi
3012 4926 3248 4997 episcopi
3285 4925 3447 4997 disci-

1866 4992 2051 5064 pulum
2080 4992 2210 5064 facit
2249 4993 2513 5064 Lelandus
2543 4995 2608 5048 de
2647 4992 2848 5064 Script.
2881 4992 3122 5049 Britann.
3165 4992 3281 5064 cap.
3322 4994 3443 5060 100,

1865 5075 1919 5129 p.
1954 5062 2075 5134 155,
2116 5062 2411 5134 ubirel‘ert
2439 5062 2796 5134 fragmentum
2843 5065 3079 5134 epistola:
3119 5062 3326 5119 Alcuini
3375 5063 3447 5134 ad

1868 5131 2115 5184 eumdem
2162 5130 2548 5201 lligebaldum,‘
2582 5149 2688 5202 quo
2736 5130 3031 5189 Candidum
3065 5135 3227 5189 tacito
3268 5133 3446 5188 Studio

1868 5201 2099 5277 repetit;
2141 5202 2283 5269 quod
2316 5202 2425 5257 vid.
2454 5201 2615 5273 supra
2644 5204 2802 5276 epist.
2842 5204 2876 5260 8
2912 5204 3077 5277 (nunc
3117 5203 3191 5275 9),
3227 5204 3293 5258 ad
3318 5202 3448 5257 Lin—

1870 5269 2249 5324 disfarnenses.
2519 5269 2536 5273 “
2674 5269 2692 5276 ⁷
2901 5300 2908 5307 ~

1944 5340 1971 5379 ⁸
1998 5338 2066 5412 l_n
2105 5338 2253 5412 Vicos
2280 5343 2419 5412 apud
2449 5341 2509 5397 S.
2537 5343 2813 5397 Jodocam.
2845 5344 2922 5398 De
2950 5345 3080 5399 cella
3113 5342 3170 5397 S.
3200 5340 3384 5398 Jodoci
3415 5356 3446 5394 a

1869 5406 2060 5462 Carolo
2093 5409 2286 5464 collata
2312 5406 2568 5477 "Aleuino,
2610 5413 2731 5469 alibi
2774 5414 3025 5469 diximus.
3076 5415 3153 5468 Ex
3198 5416 3301 5469 hoc
3328 5412 3446 5467 loco

1870 5477 2117 5553 Baluzius
2147 5480 2200 5553 iu
2226 5487 2336 5553 not.
2385 5482 2450 5536 ad
2476 5483 2720 5553 epist.“
2753 5483 2887 5553 Lupi
2919 5486 3128 5539 abbatis
3153 5485 3447 5539 Ferraren-

1870 5548 1945 5601 sis
1984 5549 2204 5619 colligit,
2249 5551 2437 5605 Vinum
2485 5548 2579 5607 seu
2623 5548 3010 5618 Quentavicum
3050 5555 3188 5609 idem
3226 5568 3345 5609 esse
3380 5568 3446 5608 ac

1872 5620 2257 5676 monasterium
2313 5622 2369 5677 S.
2427 5620 2653 5689 Jodoci-,
2705 5622 2900 5693 vulgo,
2969 5622 3447 5681 Snint-Josse-sur-

1871 5703 1999 5745 mer.
