2028 3164
109 161 152 187 Si}
810 156 998 185 EPISTOL/E.

332 223 344 236 ι
359 216 523 244 EPISTOLA
543 215 646 244 XLVII.

266 258 300 278 An
316 251 330 270 δ
341 260 425 279 orem
446 260 531 279 near»
551 258 715 278 manumanu.

389 287 477 321 (Amm
496 287 570 321 796.)

106 332 206 358 Nuntiat
224 330 345 358 Caralum
362 334 429 367 genti
452 332 723 359 Northunumbrarum
736 332 831 358 iratum
849 331 880 357 ob

324 375 409 394 necem
423 368 488 402 regis
502 367 645 394 Ethelredi.

132 412 200 439 Sciat
216 413 369 440 veneranda
390 414 499 441 dilectio
515 418 606 441 vestra
621 414 691 448 quod
705 413 819 440 domnus
834 419 880 438 rex

102 458 202 485 Carolus
216 458 370 486 amabiliter
381 463 408 486 et
423 459 537 486 ﬁdeliter
552 466 621 493 szepe
634 458 739 486 loculus
759 462 801 484 est
824 464 880 484 me-

101 511 154 530 cum
166 503 195 530 de
207 504 291 534 vobis,
307 508 334 531 et
346 504 372 530 in
388 512 420 531 eo
430 504 534 531 habetis
548 504 733 531 ﬁdelissimum
748 503 877 529 amicum.

101 548 153 576 Ideo
164 553 188 575 et
198 554 295 577 vestra:
307 549 443 577 dilectioni
459 549 538 584 digna
555 549 647 583 dirigit
663 556 773 575 munera
789 551 815 574 et
833 555 880 582 per

99 593 255 627 episcopales
263 593 340 620 sedes
348 593 422 627 regni
432 593 524 620 vestri.
533 593 664 620 Similiter
673 592 816 619 Ethelredo
824 591 878 626 regi

98 638 155 665 etad
161 644 225 664 suas
232 637 418 672 episcoporum
427 637 505 665 sedes
518 643 528 657 ο
546 638 615 665 dona
627 637 734 664 direxit.
744 637 796 663 Sed
809 637 877 663 heu!

97 684 154 718 proh
164 683 242 710 dolor
250 684 256 710 !
264 683 341 711 donis
347 683 416 711 datis
422 688 448 710 et
455 683 575 718 epistolis
583 683 609 710 in
622 683 878 714 manusfmissorum,

97 730 243 763 supervenit
251 729 441 764 tristislegatio
452 737 500 764 per
512 730 619 760 missos,
633 729 677 762 qui
686 729 719 755 de
731 728 821 755 Scotia
831 735 879 762 per

96 781 137 801 vos
152 774 256 801 reversi
269 779 343 806 sunt,
356 774 389 801 de
405 774 563 801 inﬁdelitate
583 774 670 808 gentis
683 777 710 800 et
722 772 734 791 ἀ
753 779 818 799 nece
837 779 878 799 re-

96 820 138 854 gis.
158 819 195 847 lta
213 820 338 852 Carolus,
354 824 470 847 retracta
484 820 614 847 donorum
629 819 763 853 largitate,
776 818 802 844 in
818 821 877 844 tan-

94 870 143 892 tum
157 866 245 892 iratus
259 869 300 893 est
313 870 407 892 contra
419 869 525 900 gentem
540 865 625 896 illam,
641 868 670 891 ut
684 864 731 895 ait,
744 863 874 897 perﬁdam

94 915 117 937 et
128 917 296 944 perversam,
319 915 346 938 et
368 910 529 938 homicidam
555 910 724 937 dominorum
749 916 875 941 suorum,

93 955 206 989 peiorem
221 964 280 983 eam
293 956 405 991 paganis
426 956 603 983 existimans:
618 960 645 983 et
659 956 709 982 nisi
724 962 773 989 ego
793 955 877 981 inter-

93 1007 178 1026 cessor
200 1008 289 1028 essem
303 1008 351 1035 pro
365 1009 406 1033 ea,
424 1000 553 1035 quidquid
574 1000 614 1027 eis
636 1000 700 1027 boni
721 999 879 1027 abstrahere

92 1046 222 1080 potuisset
233 1050 260 1072 et
275 1045 338 1072 mali
354 1046 512 1078 machinari,
526 1044 582 1079 jam
597 1044 715 1072 fecisset.

316 1097 328 1111 θ
343 1090 511 1118 EPISTOLA
529 1089 642 1117 XLVIII.

265 1134 298 1153 ΑΙ)
318 1134 403 1154 οΠΛΙ
424 1133 510 1153 REGE]!
531 1132 695 1152 IERCIORCI.

89 1168 119 1197 In
138 1171 256 1205 patriam
282 1170 441 1205 (Angliam)
466 1169 556 1196 reverti
579 1169 665 1196 votem
686 1168 828 1196 retrahitur
846 1167 877 1195 ab

257 1205 372 1239 perjuria
385 1210 409 1230 et
420 1205 588 1230 vastationem
601 1204 693 1238 gentis.
775 1205 777 1207 ⁷

116 1250 178 1284 Ego
195 1254 307 1283 paratus
319 1257 393 1276 cram
407 1257 467 1276 cum
482 1249 638 1275 muneribus
657 1248 746 1275 Caroli
760 1248 830 1281 regis
846 1248 879 1275 ad

86 1301 131 1321 vos
148 1295 255 1326 venire,
270 1299 297 1321 et
312 1294 345 1321 ad
367 1294 482 1329 patriam
498 1294 612 1326 reverti;
630 1294 676 1321 sed
697 1293 792 1320 melius
814 1293 879 1320 mihi

87 1340 173 1366 visum
193 1344 235 1366 est
255 1345 363 1374 propter
379 1348 473 1374 pacem
491 1340 579 1374 gentis
600 1347 667 1366 mem
682 1339 708 1366 in
721 1340 878 1374 peregrina-

89 1385 158 1413 tione
182 1392 335 1417 remanere,
362 1385 484 1412 nesciens
500 1385 564 1419 quid
581 1384 704 1411 fecissem
729 1385 800 1412 inter
820 1392 877 1417 eos,

90 1429 155 1456 inter
168 1437 239 1464 quos
250 1429 338 1456 nullus
351 1438 462 1457 securus
472 1437 540 1461 esse,
557 1429 599 1456 vel
612 1430 639 1457 in
653 1429 752 1457 salubri
766 1430 878 1457 consilio

90 1475 217 1510 proﬁcere
229 1480 327 1510 potest.
342 1476 410 1503 Ecce
420 1475 428 1495 ί
441 1476 499 1503 loca
511 1480 603 1503 sancta
611 1483 626 1502 a
635 1475 747 1510 paganis
758 1479 860 1502 vastata
868 1495 875 1507 ,

91 1520 179 1547 altaria
190 1520 318 1555 pcrjuriis
330 1520 438 1552 fmdata,
447 1521 608 1548 monasteria
617 1520 755 1548 adulteriis
766 1520 874 1553 violata,

91 1569 157 1592 terra
169 1566 303 1600 sanguine
317 1566 486 1593 dominorum
497 1570 524 1593 et
535 1565 684 1600 principum
693 1565 801 1592 fmdala.

329 1622 341 1641 ⁸
356 1621 522 1649 EPISTOLA
542 1620 634 1647 XLIX.

247 1664 282 1683 AD
300 1657 314 1676 ιι
332 1664 416 1684 οΡΡΑκ
436 1663 522 1683 REGEI
544 1663 706 1683 MERCIOBUI.

370 1691 458 1727 (Anno
471 1691 596 1725 incerto.)

91 1734 251 1769 Discipulum
262 1737 296 1762 ad
308 1736 455 1771 petitionem
470 1736 535 1770 regis
546 1736 572 1762 in
581 1735 700 1770 Angliam
710 1736 825 1766 remittit,
833 1736 878 1771 qui

119 1770 152 1796 ibi
166 1771 199 1797 ita
213 1771 308 1797 scholis
323 1771 423 1797 doceat.
442 1771 571 1797 Hortatur
582 1771 616 1797 ad
628 1772 711 1805 regias
725 1772 841 1798 virtutes.

119 1813 238 1842 Domino
250 1816 474 1843 excellentissimo
486 1814 580 1842 Ol'fano
592 1816 660 1850 regi,
677 1816 786 1843 humilis
797 1816 877 1844 levita

90 1859 217 1888 Alcuinus
230 1861 354 1888 salutem.

120 1933 131 1945 ἰ
143 1926 206 1954 Ηοε
229 1931 257 1953 et
269 1934 384 1960 sequens
407 1926 585 1961 fragmentum
603 1926 731 1960 ejusdem,
755 1931 783 1953 ut
796 1931 875 1961 puto,

91 1961 223 1997 epistnlm,
235 1967 356 1989 recenset
373 1961 509 1997 Malmesb.
525 1962 589 1997 libat
602 1961 668 1997 Reg.
679 1961 768 1997 Angl.,
780 1970 838 1996 cap.
848 1963 874 1989 ὅ.

91 1994 114 2022 ln
126 1997 188 2024 edit.
209 1996 348 2029 Qucrcet.,
361 2004 388 2030 p.
402 1996 467 2023 1667
481 2001 507 2023 et
520 1996 597 2023 1668.

121 2031 183 2058 δΑά
204 2032 292 2065 Uﬂ'um
315 2040 408 2066 regem,
429 2036 482 2058 etc.
507 2031 568 2058 Fuit
581 2030 638 2058 Offa
655 2039 700 2057 rex
717 2031 875 2058 Merciorum

92 2067 302 2099 potentissimus,
327 2074 490 2101 regnumque
506 2067 590 2093 tenuit
612 2066 645 2093 ab
665 2074 734 2093 anno
755 2066 806 2092 756
832 2075 876 2093 us—

108 2108 137 2127 ue
147 2103 178 2128 ad
195 2109 296 2128 annum
309 2101 360 2128 796
377 2109 430 2135 quo
440 2101 507 2129 obiit
519 2109 556 2128 vn
568 2101 628 2128 Kal.
639 2101 721 2135 Aug.,
738 2105 767 2128 ut
782 2101 875 2128 scribit

93 2133 259 2167 llm'edenus,
274 2145 333 2170 pag.
348 2133 411 2163 406.

123 2177 132 2189 ε
145 2171 225 2198 Dona
231 2172 336 2198 direait.
346 2172 473 2204 Qumnam
484 2170 528 2197 illa
536 2171 604 2197 dona
614 2170 720 2199 fuerint,
729 2178 876 2205 cognosces

92 2212 120 2232 ex
132 2207 246 2240 epistola
262 2207 350 2233 Caroli
371 2206 455 2241 Magni
476 2206 508 2232 ad
524 2206 647 2241 eumdem
666 2204 751 2232 Olfam
770 2204 873 2240 regem,

92 2243 201 2277 quamin
209 2242 353 2276 appendicc
360 2240 556 2277 exhibebimus,
563 2241 627 2277 edit.
636 2240 789 2277 Quercet._p.
798 2241 871 2268 lti70.
883 2247 913 2277 υ

121 2276 133 2294 ά
149 2277 186 2303 De
203 2275 263 2303 nece
279 2277 355 2311 regis.
379 2276 514 2304 Ethelredi
531 2275 656 2302 nimirum
673 2276 743 2309 regis
759 2275 874 2302 Northa-

92 2312 273 2343 numbrorum,
297 2310 376 2346 quem
397 2312 437 2339 sui
452 2311 643 2338 interfecerunt
668 2317 711 2336 xlv
731 2310 788 2337 Kal.
814 2311 873 2338 Maii

93 2352 155 2384 anno
168 2347 233 2384 796.
251 2345 317 2374 Data
324 2355 393 2384 ergo
407 2347 464 2374 hmc
474 2346 584 2381 epistola
599 2349 659 2381 post
670 2345 739 2372 diem
754 2346 785 2373 18
797 2347 875 2381 Apri-

93 2379 121 2406 lis
131 2382 252 2416 ejusdem
268 2383 341 2409 anni.

115 2415 175 2476 “58
194 2423 206 2436 ε
225 2416 280 2443 lluc
299 2417 412 2444 alterum
436 2417 615 2451 fragmentum
637 2419 677 2442 cst
696 2415 815 2450 epistola:
840 2417 873 2443 ad

131 2458 172 2476 am
188 2460 203 2476 ει
227 2451 364 2476 Malmesb.
387 2452 437 2476 loc.
462 2455 509 2476 cit.
525 2452 646 2476 relatum.
664 2450 728 2476 edit.
746 2451 871 2476 Ouercet.

95 2448 364 2494 Sillaiiiuan_lvlalinesl).
386 2452 437 2479 loc.
462 2448 509 2479 cit.
525 2452 646 2482 relatum,
664 2448 728 2477 edit.
746 2451 871 2483 Quercct.

95 2487 329 2548 pagdfdfigsancta
342 2530 357 2548 a
371 2523 477 2556 paganis
499 2525 610 2553 vastata,
624 2526 676 2547 etc.
690 2519 774 2556 Annis
792 2521 872 2556 nimi-

96 2561 148 2582 rum
164 2557 357 2591 superioribus.
368 2554 433 2583 V‘ide
445 2557 638 2591 epist.8(nunc
648 2556 675 2591 9)
683 2555 716 2581 ad
725 2554 874 2582 Lindisfar-

94 2596 198 2623 nenses,
211 2596 238 2619 et
249 2596 401 2626 sequentes.

128 2626 139 2645 ⁸
150 2626 220 2653 Edit.
235 2625 361 2660 Quereet.
374 2627 407 2654 38
420 2633 452 2653 ex
466 2634 518 2653 ms.
529 2625 654 2661 (Froben.
668 2626 723 2658 ΑΗ).
736 2626 793 2659 Quo
804 2631 877 2652 anno

96 2658 151 2700 data
164 2662 199 2688 sit
215 2658 537 2703 incertum,Mjungendant~
548 2666 636 2688 tamen
650 2662 790 2688 commode
812 2668 875 2687 cen-

96 2697 194 2723 suimus
208 2697 269 2724 aliis
283 2698 315 2724 ad
327 2697 412 2725 Offam
427 2697 557 2731 epistolis.

96 2763 111 2767 λ
127 2730 250 2767 1ξΟΙῙαηο
276 2733 338 2767 regi.
364 2731 474 2759 Olfanns
497 2736 523 2758 et
546 2730 603 2767 Offa
622 2731 690 2767 idem
714 2737 823 2767 nomen,
845 2734 875 2756 ut

96 2763 162 2800 Beda
173 2763 199 2793 et
210 2763 342 2799 Bedaniis,
358 2767 485 2795 Columba
499 2771 525 2793 et
539 2766 729 2797 Columbanus,
744 2765 834 2800 Thega
848 2768 875 2791 et

97 2799 242 2836 Theganus.
257 2802 314 2829 Non
326 2810 432 2836 possum
444 2802 508 2829 mihi
520 2806 669 2835 temperare
679 2802 742 2835 quin
755 2799 874 2827 hoc’loco

96 2836 256 2864 eruditorum
283 2838 431 2865 curiositati
455 2837 596 2864 exhibeam
619 2843 756 2863 nummum
778 2843 872 2869 argen-

97 2874 164 2898 teum
191 2873 358 2901 rarissimum
381 2873 451 2906 regis
474 2871 549 2904 Oifzc,
575 2872 608 2899 ab
622 2871 700 2899 annis
721 2871 822 2905 aliquot
847 2870 873 2897 in

1660 155 1713 184 2H

891 216 915 243 Δ
964 214 1092 242 Fideliter
1119 214 1246 243 voluntati
1270 219 1322 243 tua:
1345 222 1450 250 semper
1463 216 1570 250 placere
1593 216 1712 249 capiens,

932 262 1002 289 hunc
1016 269 1105 289 meum
1128 262 1315 289 charissimum
1329 261 1412 288 ﬁlium
1426 262 1460 288 ad
1474 269 1522 288 vos
1534 261 1625 288 remisi
1645 260 1715 287 sicut

930 308 1031 342 petisti,
1045 307 1191 342 deprecans
1205 312 1235 334 nt
1249 316 1310 334 eum
1326 306 1471 334 honoriﬁce
1485 306 1616 338 habeatis,
1630 306 1715 334 donec

931 355 964 381 ad
984 362 1041 386 vos,
1056 355 1162 381 volente
1175 354 1239 385 Deo,
1260 354 1365 380 veniam
1383 360 1389 380 :
1412 361 1462 380 nec
1474 360 1535 379 eum
1549 351 1630 380 sinite
1646 351 1715 378 otio-

930 408 989 427 sum
1010 408 1108 435 vagare
1120 421 1126 433 ,
1156 407 1206 426 nec
1225 400 1347 427 ebrietati
1367 400 1482 429 servire;
1505 399 1551 426 sed
1571 397 1716 433 prtevidete

930 447 954 474 ei
982 447 1142 481 discipulos,
1171 450 1197 473 et
1219 446 1404 480 prsecipicntcs
1431 444 1586 479 prmcipite,
1607 448 1637 470 ut
1655 443 1716 470 dili-

930 496 1023 526 genter
1048 492 1152 518 doceat.
1179 490 1241 517 Scio
1267 491 1338 525 quod
1360 490 1427 516 bene
1460 489 1538 520 dicit,
1563 492 1589 515 et
1612 488 1716 514 utinam

929 537 997 564 henc
1006 536 1129 571 proﬁciat
1142 537 1148 563 ἶ
1161 537 1223 570 quia
1235 535 1423 570 discipulorum
1437 542 1556 562 meorum
1568 534 1715 569 profectus,

931 591 1033 611 merces
1057 588 1098 610 est
1115 583 1180 610 mihi
1202 583 1272 617 apud
1295 582 1389 609 Deum.
1402 583 1435 609 Et
1447 582 1523 609 valde
1536 582 1601 608 mihi
1616 581 1715 616 placet,

930 630 1000 664 quo]
1017 634 1118 656 tantam
1132 629 1237 656 hahetis
1251 628 1425 655 intentionem
1442 628 1573 658 lectionis,
1588 631 1617 654 ut
1628 627 1716 653 lumen

929 674 1065 708 sapientia:
1078 674 1165 701 luceat
1179 674 1205 700 in
1226 681 1308 709 regno
1321 677 1421 705 vestro,
1439 673 1509 707 quod
1528 673 1618 699 multis
1637 672 1717 700 modo

929 721 1109 755 exstinguitur
1123 722 1148 747 in
1164 721 1238 748 locis.
1253 721 1305 748 Vos
1317 721 1382 748 estis
1394 719 1475 747 decus
1485 720 1640 751 Britannim,
1653 720 1716 747 tuba

928 767 1136 801 prtedicationis,
1158 767 1261 801 gladius
1274 771 1366 793 contra
1387 766 1487 797 hostes,
1504 772 1607 792 scutum
1623 770 1717 793 contra

928 812 1060 839 inimicos.
1085 811 1186 838 Habete
1203 811 1286 838 Deum
1309 819 1415 845 semper
1429 815 1490 838 ante
1509 811 1613 842 oculos,
1637 811 1717 838 facite

924 855 1069 889 justitiam,
1084 860 1172 883 amate
1194 856 1405 883 misericordiam
1418 863 1425 882 :
1438 855 1499 890 quia
1516 856 1560 889 qui
1582 855 1696 890 ignoscit
1707 876 1715 887 ,

928 902 1075 936 igaoscitur
1092 902 1115 928 ei
1131 901 1237 937 (Matth.
1250 909 1287 933 vi,
1312 901 1366 936 ll).
1385 901 1485 928 Discite
1505 901 1617 936 diligere
1640 909 1716 928 man—

928 947 988 974 data
1003 947 1050 974 Dei
1062 947 1172 979 Christi,
1185 951 1214 973 nt
1229 946 1380 974 benedictio
1393 946 1464 973 illius
1476 946 1502 972 in
1513 946 1584 973 omni
1597 946 1718 973 bonitate

928 996 954 1020 et
965 993 1142 1027 ριὀερετίιειίθ
1149 1000 1196 1019 VOS
1207 996 1364 1026 vestrosque
1378 995 1487 1026 nepotes
1497 995 1678 1025 εοιιερψωιιπ
1689 990 1717 1017 in

927 1043 1069 1066 aeternum.
1085 1038 1179 1065 Divina
1195 1042 1219 1065 te
1242 1042 1372 1073 tuumque
1397 1045 1509 1072 regnum
1526 1037 1634 1064 caelesti
1648 1037 1717 1064 bene

927 1083 1044 1111 dictione
1059 1084 1201 1111 comitetur
1216 1084 1311 1119 gratia,
1327 1083 1435 1110 domine
1447 1082 1680 1110 excellentissime.

1149 1141 1203 1176 59
1225 1143 1233 1162 ί
1257 1140 1421 1169 EPISTOLA
1441 1141 1472 1168 L.
1499 1133 1502 1134 ⁷

1079 1185 1111 1204 ΑΒ
1126 1185 1276 1203 ECGFRIDL‘M
1291 1184 1378 1203 REGE)!
1397 1183 1561 1203 MERCIORUH.

1142 1221 1304 1248 Erhortatur
1321 1222 1354 1248 ad
1373 1222 1502 1248 virtutem.

964 1265 1250 1300 Nohilissimojuvenii
1270 1266 1395 1301 Ecgfrido
1413 1265 1523 1293 humilis
1535 1266 1615 1293 levita
1626 1265 1716 1293 Alcui-

929 1318 981 1337 nus
1001 1310 1125 1337 salutem.

964 1356 1031 1388 Quia
1045 1355 1161 1383 sciebam
1177 1360 1204 1383 te
1214 1356 1291 1383 boum
1309 1356 1407 1383 indolis
1421 1359 1447 1383 et
1466 1362 1577 1383 summm
1591 1354 1718 1382 nobilita-

929 1400 964 1427 tis
975 1401 1169 1428 adolescentem
1177 1401 1375 1428 exhortatorias
1381 1400 1537 1435 prmsumpsi
1549 1400 1719 1435 tibidirigere

929 1445 1041 1472 litteras.
1065 1445 1123 1472 Non
1135 1445 1205 1480 quod
1233 1446 1280 1473 tibi
1295 1445 1395 1480 aliquid
1407 1446 1500 1473 desita
1514 1445 1719 1480 sapientissimis

928 1494 955 1517 et
967 1490 1076 1525 optimis
1089 1491 1247 1524 parentibus
1268 1490 1456 1518 admonitionis
1467 1490 1634 1523 necessaria,
1649 1498 1717 1525 quo-

929 1543 989 1562 rum
1004 1536 1153 1563 honestatis
1173 1536 1294 1570 exempla
1312 1536 1410 1570 populo
1424 1536 1630 1570 prmdicamenta
1656 1539 1719 1562 sunt

928 1580 1037 1613 salutis;
1050 1580 1095 1608 sed
1108 1584 1138 1607 ut
1151 1588 1217 1608 mete
1228 1580 1379 1607 dilectionis
1393 1580 1420 1607 in
1435 1584 1460 1606 te
1473 1580 1643 1607 ostenderem
1654 1579 1718 1606 ﬁde-

926 1618 1040 1656 itatem,
1060 1625 1170 1659 cupiens
1183 1629 1208 1652 te
1222 1625 1386 1660 proﬁcerein
1402 1625 1466 1657 Deo,
1479 1625 1661 1659 virtutumque
1671 1624 1719 1651 ﬂo-

927 1672 1002 1699 ribus
1027 1671 1129 1703 ornari,
1141 1674 1169 1698 et
1185 1672 1290 1698 eunetis
1302 1670 1448 1706 Anglorum
1472 1670 1577 1705 populis
1590 1670 1717 1705 prodesse

928 1718 955 1745 in
969 1717 1156 1752 prosperitate.
1180 1717 1248 1744 Ecce
1262 1725 1341 1752 quam
1353 1717 1527 1744 nobilissimis
1542 1720 1620 1743 natus
1632 1724 1661 1745 es
1671 1724 1718 1750 pa-

928 1764 1060 1795 rentibus,
1074 1771 1153 1798 quam
1168 1771 1262 1799 magna
1276 1763 1410 1790 enutritus
1424 1770 1498 1790 cura.
1526 1762 1584 1789 Noli
1597 1762 1719 1789 moribus

927 1817 987 1836 esse
998 1809 1123 1843 degener,
1143 1809 1188 1843 qui
1203 1809 1342 1836 nativitatc
1357 1816 1502 1844 generosus
1514 1808 1617 1835 existis.
1640 1807 1718 1834 Disce

928 1854 1068 1890 diligenter
1080 1855 1186 1882 illorum
1198 1854 1329 1891 exempla,
1342 1862 1356 1881 a
1371 1858 1447 1889 patre
1459 1853 1656 1885 auctoritatem,
1674 1853 1687 1872 ιι
1702 1861 1718 1880 a

927 1923 1005 1950 horto
1019 1927 1110 1949 nostro
1133 1922 1258 1949 abhatiali
1273 1927 1419 1956 repertum,
1438 1926 1465 1949 et
1479 1922 1504 1948 in
1519 1928 1578 1948 meo
1591 1928 1718 1956 nummov

927 1958 1049 1992 pliylat-io
1064 1962 1210 1984 servatum.
1233 1955 1326 1984 Nullus
1338 1957 1430 1984 dubito
1456 1957 1521 1990 quin
1533 1956 1583 1992 llic
1595 1955 1717 1992 eiusdem

927 1986 992 2019 (illic
1004 1993 1075 2027 regis
1090 1993 1196 2019 bustum
1207 1993 1375 2023 exhibeatur,
1393 1992 1426 2018 ad
1438 1986 1517 2025 qticm
1525 1986 1654 2027 Aletrinas
1667 1991 1717 2027 has

927 2025 1074 2054 familiares
1088 2028 1195 2061 scripsit
1209 2027 1345 2061 epistolas.
1355 2027 1423 2059 Quid
1436 2026 1485 2053 sibi
1494 2026 1576 2053 velint
1588 2025 1716 2061 littertein

926 2062 1029 2096 postica
1044 2066 1119 2096 parte
1132 2059 1233 2088 tittmmi
1247 2070 1362 2093 excusse,
1376 2062 1474 2088 aliasve
1484 2060 1517 2096 ad
1528 2059 1629 2096 nummi
1638 2059 1717 2093 hujus

928 2093 974 2123 aut
990 2097 1026 2123 rei
1040 2093 1196 2123 inonetariae
1208 2096 1355 2131 Anglorum
1370 2096 1450 2123 medii
1463 2095 1512 2122 :cvi
1527 2093 1656 2128 majorem
1669 2103 1717 2121 no-

927 2132 1016 2158 titiam
1027 2131 1200 2166 prrtinentia,
1213 2131 1308 2158 eruditi
1323 2131 1444 2158 Britanni
1458 2131 1617 2159 decernant.

1110 2207 1280 2273 νεξθῇ
1408 2197 1450 2258 ᾇ
1461 2197 1541 2269 δέ

965 2417 971 2436 ί
986 2416 1057 2442 Edit.
1069 2415 1193 2447 Quercet.
1211 2414 1244 2441 48
1257 2422 1288 2441 cx
1297 2421 1347 2441 ms.
1359 2413 1454 2440 collata
1466 2421 1525 2441 cum
1540 2414 1599 2441 cod.
1615 2413 1713 2442 Salish.

940 2451 1054 2477 Froben.
1069 2450 1124 2477 45).

927 2451 1054 2486 (Froben.
1069 2451 1124 2484 45).

964 2486 970 2510 i
997 2485 1130 2519 Ecgfrido.
1160 2484 1228 2511 Filio
1247 2483 1311 2510 Oll‘ae
1333 2483 1404 2518 regis
1418 2482 1586 2519 Merciorum,
1611 2483 1644 2510 de
1661 2490 1714 2516 quo

927 2520 1052 2547 Alfordus
1069 2520 1101 2546 ad
1118 2527 1216 2546 annum
1231 2519 1291 2550 787,
1313 2526 1388 2545 mnn.
1405 2518 1452 2545 56:
1477 2527 1485 2543 ι
1505 2518 1603 2544 Eodem
1631 2525 1712 2546 attito.

926 2564 979 2589 quo
1004 2555 1094 2582 habita
1119 2555 1145 2581 in
1160 2554 1265 2581 Merciis
1290 2553 1415 2589 synodus,
1443 2552 1500 2580 Offa
1526 2552 1608 2579 ﬁlium
1635 2560 1713 2589 suum

928 2588 1082 2624 Ecgfridum
1096 2597 1185 2624 regem
1200 2589 1321 2624 coronari
1343 2588 1435 2618 voluit,
1450 2591 1592 2624 praesente,
1605 2588 1711 2621 opinor,

928 2623 1037 2652 Patrum
1052 2623 1198 2656 conventu;
1220 2628 1249 2650 ut
1261 2623 1376 2650 disceret
1387 2627 1497 2657 parente
1505 2623 1565 2649 vivo
1577 2627 1712 2656 seeplrum

928 2664 1055 2687 tractare.
1076 2669 1084 2684 ι
1107 2659 1239 2694 Scriptum
1250 2658 1528 2692 essehancepistolam
1542 2657 1712 2694 anteoliitum

926 2699 1080 2730 parentum,
1095 2699 1236 2722 contextus
1247 2694 1378 2730 loquitur;
1395 2700 1612 2730 quovcro_anno,
1627 2693 1714 2730 inccr-

927 2727 994 2756 ium.
1027 2729 1164 2757 Successit
1186 2728 1256 2764 patri
1272 2727 1298 2755 iii
1310 2736 1420 2763 regnum
1433 2735 1503 2764 anno
1517 2727 1607 2764 796get
1618 2727 1713 2764 eodem

926 2765 1007 2791 etiam
1031 2772 1101 2791 anno
1130 2774 1139 2790 ι
1160 2762 1229 2791 εαξη
1254 2771 1327 2790 mors
1344 2762 1489 2790 'vernantis
1507 2762 1595 2789 aetatis
1619 2762 1713 2789 florem

926 2799 1051 2831 mcssuit;
1072 2807 1133 2826 nam
1148 2799 1241 2834 quinto
1253 2799 1286 2825 ab
1306 2799 1373 2834 inito
1394 2798 1550 2834 magistratu
1561 2804 1652 2823 mense
1665 2804 1713 2822 na-

927 2840 993 2866 tura:
1004 2835 1146 2866 concessit,
1157 2833 1173 2859 ⁷»
1191 2838 1218 2860 υἱ
1232 2834 1311 2861 habet
1326 2833 1462 2859 Malmcsb.

961 2870 975 2890 ιι
994 2870 1015 2896 Α
1035 2874 1115 2897 matre
1129 2870 1257 2897 pietatem.
1273 2877 1282 2894 ι
1297 2868 1359 2895 llmc
1369 2867 1547 2895 communiter
1561 2865 1712 2893 Zuendrida
