4074 6466
603 343 711 399 215

1466 340 1525 397 Β.
1567 340 1627 395 F.
1668 338 1891 397 ALBINI
1930 337 2062 396 SEU
2098 332 2375 392 ALCUINI
2411 333 2691 397 OPERUM
2729 335 2907 392 PARS
2945 336 2989 399 ιε

3743 333 3846 390 216

600 463 773 515 matre
799 455 1074 525 pietatem.
1145 451 1229 507 Ab
1278 448 1369 505 illo
1399 464 1586 521 regere
1620 449 1873 520 populum
1897 464 1996 519 per
2013 447 2175 519 justi-
2198 451 2248 508 Α
2276 446 2433 503 factis
2446 446 2918 511 offerrevoluisset,
2951 447 3174 503 haberet
3196 446 3576 504 convenientes
3588 448 3849 505 interces-

601 546 754 609 tiam,
785 544 852 600 ab
877 542 982 599 ista
1009 540 1241 611 compati
1262 539 1475 599 miSeris
1498 553 1596 608 per
1620 538 2080 604 misericordiam;
2103 537 2171 591 ab

601 644 831 704 utroque
842 633 1158 690 Christianae
1180 630 1454 701 religionis
1476 628 1834 693 devotionem,
1867 629 2174 683 orationum

602 725 938 791 instantiam,
969 723 1429 793 eleemosy'tarum
1454 719 1775 789 largitatem,
1801 729 1855 774 et
1877 719 2175 773 totiusvitaa

603 815 970 872 sobrietatem.
1014 813 1095 868 Tu
1118 811 1340 868 baculus
1365 810 1656 866 senectutis
1682 809 1897 864 illorum
1913 817 2048 869 esto,
2078 808 2175 862 hu-

601 905 803 960 militer
824 904 1036 968 illorum
1059 901 1312 958 ohediens
1333 901 1643 970 praeceptis;
1683 906 1949 970 quatenus
1963 898 2176 952 illorum

602 1003 662 1052 te
686 996 990 1055 benedictio
1022 1000 1380 1061 consequatur
1408 992 1467 1047 in
1515 1001 1798 1047 aeternum.
1854 988 1991 1044 Nam
2020 987 2176 1058 juxta

605 1083 969 1148 Salomonem,
990 1080 1295 1137 benedictio
1316 1088 1605 1150 parentum
1618 1079 1755 1135 ﬁlios
1768 1078 1969 1133 exaltat
1982 1075 2172 1150 (Eccli.

600 1192 686 1242 ut,
720 1175 829 1248 11).
877 1175 1008 1229 Item
1043 1173 1183 1228 idem
1206 1173 1311 1227 ait:
1352 1170 1519 1228 Filius
1550 1173 1755 1242 sapiens
1786 1169 1953 1242 gloria
1981 1179 2053 1224 est
2077 1186 2176 1240 pa—

601 1267 699 1320 tris
741 1262 921 1337 (Prov.
951 1278 1004 1328 x,
1037 1262 1112 1334 1).
1177 1261 1297 1317 Noli
1331 1260 1559 1316 luxurim
1595 1259 1840 1316 subditus
1871 1272 1990 1315 esse
2020 1298 2036 1323 ,
2084 1259 2178 1313 sed

535 1388 559 1425 χ
601 1355 739 1411 Deo:
768 1356 894 1425 quia
920 1363 1128 1411 castum
1153 1362 1412 1425 corpuset
1436 1354 1668 1407 animam
1697 1351 1843 1406 vitiis
1866 1367 1971 1407 non
1998 1365 2179 1405 macu-

600 1448 768 1506 latam
804 1445 1038 1517 Spiritus
1066 1445 1331 1500 inhabitat
1352 1452 1590 1499 sanctus.
1622 1441 1738 1497 Non
1762 1432 1916 1497 decet
1941 1450 1995 1495 te
2023 1441 2180 1497 rusti-

600 1554 727 1594 cum
747 1552 867 1600 esse
903 1539 1164 1602 moribus,
1192 1536 1277 1592 vel
1302 1534 1482 1591 verbis
1509 1534 1871 1598 lasciviosum,
1902 1532 1994 1602 qui
2020 1538 2181 1585 natus

598 1642 662 1684 es
690 1628 746 1689 in
796 1629 933 1690 solio
960 1628 1134 1697 regni.
1196 1626 1572 1696 Temperantia
1602 1633 1655 1680 et
1676 1625 1931 1679 honestas
1962 1622 2086 1676 vita:
2131 1630 2182 1674 te

604 1720 891 1776 amabilem
922 1729 975 1774 et
998 1719 1318 1781 laudabilem
1348 1717 1558 1773 cunctis
1584 1716 1777 1772 etliciet
1800 1715 2033 1786 populis.
2096 1713 2181 1768 ln-

2274 538 2454 594 sioncs
2474 555 2585 594 sua:
2607 538 2885 593 voluntati.
2923 538 3173 593 Arbitror
3198 553 3292 594 vos
3314 537 3505 593 melius
3521 539 3639 594 haec
3666 538 3851 593 omnia

2273 628 2358 683 vel
2388 628 2439 682 in
2463 629 2814 683 sacramentis
2848 629 3042 683 vestris
3068 629 3395 698 conscripta,
3428 628 3512 683 vel
3539 628 3595 683 in
3622 643 3851 686 consue-

2275 720 2458 774 tudine
2478 718 2787 789 quotidiana
2817 719 3035 774 habere.
3086 721 3284 775 Tamen
3314 735 3381 775 ne
3416 719 3733 775 inobediens
3753 735 3851 776 ve-

2276 819 2319 864 st
2330 825 2401 863 ne
2425 825 2598 865 essem
2623 810 2915 875 dilectioni,
2948 811 3162 880 scripsi,
3193 810 3335 882 quod
3357 827 3453 866 nos
3482 811 3535 866 in
3553 820 3851 871 consuetu-

2275 899 2399 956 dine
2424 902 2705 968 habemus,
2736 910 2790 957 et
2812 904 2963 961 vobis
2987 903 3287 974 proﬁcuum
3311 919 3431 959 esse
3449 904 3659 973 putavi,
3693 904 3853 960 obse-

2277 1008 2435 1048 crans
2465 1004 2522 1047 ut
2545 995 2652 1049 mei
2670 996 2905 1051 nominis
2924 997 3237 1051 memoriam
3270 997 3537 1063 habeatis,
3583 997 3671 1052 vel
3709 996 3856 1053 inter

2277 1080 2395 1145 bas,
2425 1081 2510 1137 vel
2532 1082 2672 1139 inter
2704 1083 2836 1139 alias
2859 1093 3052 1140 vestrae
3076 1086 3378 1140 sanctitatis
3408 1085 3853 1142 intercessiones.

2279 1168 2349 1225 Ut
2376 1186 2501 1226 vere
2540 1171 2730 1238 fateor,
2786 1174 3011 1231 multam
3052 1176 3225 1232 habeo
3274 1176 3524 1232 ﬁduciam
3569 1177 3627 1232 in
3656 1179 3861 1233 vestris

2278 1264 2480 1319 sanctis
2514 1266 2848 1323 orationibus
2872 1268 2940 1322 ad
2977 1268 3391 1337 promerendam
3426 1268 3860 1324 misericordiam

2279 1353 2489 1411 Domini
2502 1356 2671 1411 nostri
2684 1355 2811 1412 Jesu
2822 1355 3046 1423 Christi,
3062 1359 3153 1428 qui
3168 1374 3263 1414 vos
3278 1359 3542 1415 custodiat
3557 1368 3613 1414 et
3639 1360 3697 1414 in
3709 1361 3862 1416 omni

2278 1443 2518 1500 bonitate
2536 1444 2800 1514 proﬁcere
2830 1446 3013 1511 faciat,
3051 1455 3106 1502 et
3155 1447 3426 1503 orationes
3450 1455 3671 1509 vestras,
3690 1464 3863 1506 exauc

2280 1532 2395 1594 dire
2429 1533 2679 1604 dignetur
2705 1535 2787 1589 vel
2816 1551 2914 1605 pro
2957 1536 3199 1591 vivorum
3244 1537 3440 1602 salute,
3473 1537 3565 1595 vel
3609 1552 3711 1607 pro
3739 1552 3861 1592 mo-

2281 1624 2534 1679 rientium
2563 1625 2829 1697 profectu.
2885 1628 2986 1683 Vos
3011 1644 3161 1694 vero,
3192 1629 3297 1684 viri
3316 1628 3540 1685 fratres!
3570 1629 3624 1683 in
3651 1629 3865 1689 unitate

2282 1718 2564 1775 charitatis
2589 1720 2816 1776 ﬁrmiter
2840 1731 3170 1790 permanete,
3221 1728 3276 1776 et
3301 1720 3357 1776 in
3382 1720 3703 1777 humilitatis
3728 1723 3867 1777 obe-

603 1814 726 1883 cipe
759 1814 900 1875 bona
956 1811 1253 1883 promereri
1289 1811 1719 1877 conversatione,
1772 1810 1939 1865 Deum
1986 1808 2183 1877 ubique
2215 1799 2257 1859 Β
2284 1808 2484 1863 dientia
2512 1809 2737 1866 solerter
2762 1812 3017 1871 assistite.
3040 1810 3144 1867 Iste
3167 1821 3252 1868 est
3272 1813 3443 1869 honor
3464 1820 3644 1868 vester
3673 1828 3865 1877 coram

601 1904 805 1960 habere
825 1910 1208 1972 protectorem.
1258 1902 1340 1956 Ex
1358 1901 1501 1959 illius
1522 1902 1663 1957 enim
1695 1899 2062 1956 misericordia
2093 1906 2183 1952 tua

603 1995 853 2050 consistit
875 1993 1226 2064 prosperitas.
1273 1992 1332 2048 Si
1358 1992 1508 2048 illum
1542 1999 1655 2049 toto
1704 1991 1869 2047 corde
1896 1989 2180 2052 amaveris,

603 2090 660 2139 et
681 2082 825 2139 illius
848 2090 958 2139 tota
985 2083 1278 2139 intentione
1304 2082 1530 2152 teipsum
1556 2081 1859 2137 subdideris
1897 2078 2180 2144 voluntati,

602 2173 864 2231 exaltabit
877 2183 930 2235 te
944 2175 999 2235 in
1011 2189 1174 2244 regno
1189 2174 1459 2244 praesenti,
1490 2181 1545 2230 et
1569 2173 1624 2228 in
1644 2171 1826 2227 futuro
1847 2171 2070 2241 gloriam
2087 2168 2183 2227 tibi

605 2265 863 2320 concedet
887 2265 1283 2335 sempiternam.
1341 2264 1531 2321 Divina
1563 2272 1616 2319 te
1655 2265 1712 2320 in
1745 2262 1894 2321 omni
1942 2262 2183 2318 bonitate

602 2353 778 2431 pictas
798 2354 988 2413 ﬂorere
1010 2354 1194 2422 faciat,
1218 2354 1292 2410 ﬁli
1317 2354 1661 2412 charissime!

1131 2481 1157 2509 ιι
1193 2467 1650 2551 EPISTOLA‘LI.

1019 2555 1087 2601 AD
1126 2554 1398 2601 HONACHOS
1428 2552 1773 2594 VEDASTINOS.

1098 2624 1278 2704 (Circa
1306 2647 1505 2686 annum
1534 2630 1683 2702 796.)

613 2720 813 2780 Versus
830 2733 878 2778 et
899 2723 1085 2779 missas
1108 2722 1305 2793 aliquot
1326 2722 1517 2783 mittit:
1549 2720 1761 2793 illorum
1787 2735 1841 2793 se
1861 2717 2182 2773 orationibus

712 2794 1056 2859 commendat,
1097 2801 1145 2847 et
1172 2790 1240 2852 ad
1266 2793 1480 2847 virtutes
1507 2790 1777 2867 religiosas
1813 2790 2075 2843 hortatur.

674 2901 1017 2962 Charissimis
1041 2901 1096 2965 in
1129 2900 1343 2958 Christo
1372 2900 1634 2957 fratribus
1662 2900 1881 2958 humilis
1902 2899 2063 2955 levita
2087 2899 2182 2957 Al-

602 2992 768 3049 binus
784 2992 1032 3048 salutem.

679 3083 832 3139 Sicut
866 3082 1067 3139 domini
1088 3082 1317 3149 abbatis,
1348 3091 1636 3155 vestraque
1657 3082 1976 3139 suavissima
2003 3081 2181 3137 chari-

605 3182 690 3233 tas
714 3174 1074 3240 demandavit,
1105 3173 1134 3214 ι’
1162 3189 1350 3229 versus
1366 3189 1466 3244 per
1515 3175 1755 3246 singulos
1798 3174 1984 3231 titulos
2010 3174 2182 3230 eccle-

603 3263 810 3319 siarum
846 3270 902 3322 et
927 3262 1118 3318 altaria
1139 3262 1347 3332 singula
1378 3264 1721 3331 dictavimus,
1755 3272 1806 3320 et
1837 3264 2045 3321 utinam
2072 3271 2184 3319 tam

536 3374 545 3381 κ
603 3351 994 3412 rationabiliter
1021 3368 1182 3422 quam
1204 3353 1471 3421 libenter;
1503 3354 1631 3425 quia
1666 3363 1859 3411 vestrze
1882 3354 2184 3411 sanctitatis

600 3445 773 3515 iussio
799 3445 1072 3515 compellit
1096 3446 1268 3502 citato
1286 3447 1490 3502 dictare
1516 3462 1795 3515 sermone;
1810 3458 1988 3503 tamen
2004 3454 2182 3502 vestra

603 3537 1067 3611 pietasdefendat,
1088 3552 1207 3607 qum
1227 3544 1410 3595 nostra
1433 3538 1708 3593 humilitas
1731 3538 2043 3593 obedienter
2061 3553 2185 3592 exa-

606 3628 766 3687 ravit.
809 3640 832 3671 ο
863 3628 1055 3684 Missas
1085 3644 1298 3700 quoque
1323 3629 1609 3701 aliquasde
1633 3639 1819 3684 nostro
1848 3629 1943 3683 tuli
1969 3629 2184 3685 Missale

607 3720 675 3775 ad
701 3718 817 3791 ϐο
841 3718 1154 3788 quotidiana
1183 3727 1239 3776 et
1265 3720 1647 3777 ecclesiastica:
1675 3720 2076 3775 consuetudinis
2095 3720 2180 3775 of-

603 3812 748 3868 ficia.
798 3811 980 3867 Primo
1004 3811 1057 3867 in
1081 3813 1284 3868 honore
1312 3828 1535 3869 summa:
1570 3813 1873 3877 Trinitatis,
1895 3814 2086 3873 deinde
2113 3814 2183 3869 ad

520 3960 529 3969 ,
605 3910 915 3963 sanctorum
944 3901 1355 3962 intercessiones
1381 3901 1771 3973 deprecandas,
1820 3903 1980 3956 etiam
2008 3909 2062 3955 et
2087 3916 2182 3955 an-

604 3995 848 4066 gelorum
860 3993 1114 4065 suﬁ‘ragia
1124 3995 1463 4065 postulanda,
1489 4010 1607 4064 qua:
1624 3996 1850 4050 multum
1878 3993 2181 4049 necessaria

603 4094 730 4140 sunt
783 4085 837 4140 in
890 4084 994 4141 hac
1032 4086 1465 4156 peregrinatione
1516 4085 1903 4141 laborantibus.
1988 4085 2181 4140 Postea

601 4185 803 4238 sanctae
824 4176 916 4231 Dei
942 4176 1219 4248 genitricis
1239 4190 1554 4248 semperque
1580 4178 1802 4248 virginis
1827 4177 2007 4232 Maria“:
2056 4178 2185 4232 mis-

603 4283 719 4322 sam
740 4267 1202 4341 superaddidimus
1224 4282 1321 4338 per
1348 4269 1460 4323 dies
1473 4270 1697 4338 aliquot,
1719 4270 1762 4323 si
1787 4269 1870 4325 cui
1894 4269 2180 4343 placuerit,

602 4357 1023 4424 decantandam;
1053 4373 1155 4414 nec
1180 4374 1284 4414 non
1311 4367 1364 4413 et
1391 4360 1561 4415 sancti
1577 4360 1792 4416 Vedasti
1819 4359 1994 4415 Patris
2019 4359 2184 4415 vestri

601 4454 657 4500 et
683 4446 710 4486 ἀ
740 4447 1063 4515 protectoris
1083 4449 1257 4509 nostri
1298 4450 1618 4505 dictavimus
1638 4450 1878 4513 missam,
1917 4458 2183 4519 quatenus

602 4534 748 4590 illius
769 4535 1049 4593 famiﬁaris
1070 4539 1350 4595 advocatio
1372 4540 1753 4610 sempiternum
1779 4540 1892 4595 suis
1918 4538 2184 4594 famulan-

602 4627 748 4683 tibus
775 4628 988 4684 aﬁ‘erret
1016 4630 1283 4689 solatium.
1323 4632 1428 4687 Pro
1464 4631 1699 4702 peccatis
1730 4646 1943 4701 quoque
1963 4639 2016 4687 et
2042 4631 2183 4687 elee—

602 4734 884 4791 mosynam
898 4720 1220 4778 facientibus
1240 4722 1581 4791 adjunximus
1600 4723 1894 4787 orationes,
1918 4730 2183 4792 quatenus

604 4809 651 4871 si
681 4810 801 4880 quis
828 4811 913 4866 vel
932 4827 1029 4882 pro
1057 4813 1169 4869 suis
1194 4814 1537 4885 ncgligcntiis
1552 4813 1633 4869 vel
1658 4828 1755 4885 pro
1768 4813 1992 4872 aliorum
2020 4814 2184 4871 bene-

604 4924 674 4979 ab
695 4924 1004 4995 auctoribus
1025 4925 1340 4994 appellatur,
1364 4941 1502 4995 qum,
1530 4926 1575 4979 si
1590 4924 1897 4995 Mattbmum
1911 4924 2183 4979 Parisien-

601 5008 716 5066 sem
732 4994 999 5058 audimus,
1019 4993 1212 5066 Carolo
1229 4993 1418 5066 Magno
1441 4995 1614 5050 affinis
1635 4994 1754 5058 fuit,
1787 5002 1840 5050 et
1853 4993 2011 5066 D_rida
2032 4996 2183 5064 prius

604 5064 766 5134 dicta,
812 5079 973 5133 quam
995 5066 1047 5119 in
1074 5064 1405 5120 Britanniam
1430 5066 1685 5120 venisset.
1721 5104 1734 5117 .
1764 5103 1780 5119 .
1808 5103 1821 5117 .
1874 5064 1979 5119 Sed
2008 5066 2182 5134 pietas

601 5130 721 5202 ejus
748 5130 863 5188 erat
883 5135 1097 5205 generis
1126 5134 1384 5195 feminini.
1438 5145 1491 5188 et
1519 5134 1811 5205 potentiam
1838 5130 2179 5205 nacta—dege-

602 5204 813 5275 neravit
843 5203 1023 5260 statim
1041 5205 1095 5258 in
1117 5206 1192 5269 id,
1213 5206 1357 5274 quod
1378 5203 1627 5275 impietas
1652 5204 1870 5259 dicitur.
1910 5224 1929 5256 ι
1970 5203 2177 5259 Alford.

603 5271 706 5328 loc.
730 5274 822 5328 cit.
854 5291 1002 5329 num.
1032 5275 1120 5331 58.

673 5354 700 5384 ι
739 5344 896 5400 Edita
929 5361 959 5399 a
989 5345 1226 5399 Martene
1252 5353 1306 5399 et
1328 5344 1577 5400 Durando
1604 5352 1736 5400 tom.
1757 5345 1798 5400 1.
1827 5346 1947 5399 Vet.
1978 5344 2177 5412 Script.

603 5422 659 5469 et
683 5412 827 5469 Mon.
846 5415 1007 5484 ampl.
1039 5414 1160 5469 coll.
1190 5429 1311 5484 pag.
1343 5415 1535 5477 49-51,
1553 5432 1619 5470 ex
1647 5415 2047 5470 tns.Vedastino
2075 5413 2180 5468 800

602 5495 911 5555 annorum,
940 5485 1073 5539 Data
1094 5485 1235 5538 circa
1261 5485 1604 5555 annumi796
1632 5501 1739 5555 quo
1767 5485 1916 5540 Rado
1967 5485 2181 5555 arlzbatia

604 5555 775 5609 sancti
788 5554 1024 5678 5\t(')edasti
1052 5554 1282 5609 donatus
1304 5563 1407 5608 est.
1442 5554 1762 5612 Mabill.lib.
1794 5572 1952 5620 xxw,
1982 5554 2177 5610 Annal.

604 5640 752 5678 num.
864 5663 878 5677 .

604 5640 752 5678 num.
788 5640 878 5678 ῧυ.

676 5694 703 5733 δ
754 5692 962 5748 Versus.
993 5694 1223 5747 Exstant
1247 5694 1302 5748 hi
1330 5710 1518 5750 versus
1541 5703 1672 5748 tom.
1698 5694 1808 5760 lI,a
1834 5691 2178 5749 mthl-66.

677 5774 698 5802 ε
744 5763 953 5819 Missas.
990 5762 1233 5833 lntellige
1260 5764 1480 5821 Librutn
1508 5765 2015 5839 Sacramentorum;
2040 5761 2181 5820 infra

2283 1900 2621 1967 hominibus;
2647 1901 2749 1956 ista
2774 1911 2859 1958 est
2877 1902 2969 1959 via
2991 1912 3171 1964 vestra
3192 1903 3261 1958 ad
3279 1919 3504 1973 regnum
3527 1903 3644 1959 Dei.
3690 1904 3752 1958 ln
3778 1904 3866 1960 his

2281 1989 2426 2045 enim
2459 1991 2761 2047 mercedem
2781 2007 2811 2046 a
2839 1985 2950 2049 Deo
2974 2008 3194 2063 sperare
3220 1993 3458 2059 debetis;
3501 1994 3569 2053 ad
3588 1995 3691 2055 bos
3714 1994 3865 2053 enim

2281 2081 2651 2137 sanctissimos
2672 2083 2935 2150 tramites,
2964 2086 3207 2141 seniores
3227 2085 3316 2155 qui
3338 2093 3482 2149 sunt,
3504 2083 3754 2153 iuniores
3767 2085 3866 2143 do—
3900 2094 3903 2097 '

2281 2172 2498 2227 ducant.
2573 2173 2844 2245 Corripite
2879 2190 2973 2231 eos
2993 2176 3047 2230 in
3074 2175 3267 2246 spiritu
3311 2175 3765 2241 mansuetudinis,
3813 2181 3869 2230 et

2280 2263 2421 2319 bona
2440 2264 2545 2319 illis
2593 2267 2828 2334 praebete
2856 2266 3119 2336 exempla,
3165 2275 3227 2322 ut
3270 2268 3467 2323 vestris
3497 2266 3868 2322 sanctissimis

2279 2355 2521 2426 vestigiis
2542 2356 2867 2413 inhterentes
2894 2359 3059 2414 vitam
3079 2359 3358 2415 vobiscum
3386 2360 3442 2414 in
3475 2358 3691 2415 Christo
3719 2374 3869 2414 sem-

2279 2446 2547 2517 piternam
2571 2448 2769 2505 habere
2794 2461 3122 2529 mereantur.
3177 2451 3441 2506 Saeculum
3466 2452 3608 2521 quod
3653 2450 3867 2521 sprevi-

2282 2539 2397 2602 stis,
2430 2540 2596 2595 nolite
2616 2556 2881 2611 quaerere,
2920 2542 3115 2612 saepius
3134 2558 3257 2597 cum
3270 2542 3539 2612 Propheta
3563 2541 3867 2597 decantan-

2281 2640 2393 2688 tes:
2433 2631 2642 2688 Inclina
2675 2650 2766 2688 cor
2788 2651 2957 2689 meum
2985 2636 3043 2689 in
3087 2635 3384 2690 testimonia
3428 2644 3540 2699 tua,
3580 2642 3627 2687 et
3671 2649 3777 2687 non
3810 2633 3873 2690 ﬁt.

2281 2723 2557 2782 avaritiam
2587 2721 2757 2794 (Psal.
2799 2739 2984 2791 cxvrn,
3029 2723 3142 2795 56).
3203 2724 3374 2779 Radix
3430 2724 3574 2779 enim
3621 2723 3868 2778 omnium

2282 2811 2543 2867 malorum
2575 2813 2837 2883 cupiditas
2874 2823 2975 2871 est.
3045 2815 3234 2872 Melius
3261 2823 3344 2870 est
3384 2814 3529 2870 enim
3554 2815 3723 2869 Deum
3771 2814 3877 2868 ha-

2279 2902 2411 2958 bere
2436 2903 2489 2958 in
2515 2905 2698 2971 corde,
2740 2921 2901 2976 quam
2936 2923 3185 2964 nummos
3208 2907 3261 2961 in
3290 2906 3523 2963 sacculo.
3591 2904 3875 2959 Lectionis

2281 3007 2452 3048 sacra:
2476 2994 2652 3049 studia
2664 2996 2817 3051 inter
2852 2997 3065 3053 labores
3084 2997 3403 3053 obedientia:
3421 3004 3612 3052 vestrae
3642 2994 3876 3065 diligen-

2285 3085 2492 3142 tissime
2515 3096 2782 3154 exercete,
2810 3090 2886 3145 ita
2904 3089 3058 3145 utvel
3083 3105 3241 3161 opus,
3266 3090 3352 3144 vel
3373 3088 3585 3144 libellus
3609 3088 3664 3141 in
3691 3086 3876 3141 mani-

2284 3176 2386 3233 bus
2413 3193 2625 3248 semper
2652 3179 2898 3235 videatur
2934 3180 3148 3246 vestris,
3200 3179 3325 3250 quia
3366 3179 3420 3233 in
3466 3177 3618 3233 libris
3664 3177 3875 3232 sanctis

2283 3270 2687 3340 Deusloquitnr
2715 3270 2782 3325 ad
2826 3270 3118 3335 hominem,
3175 3279 3230 3325 et
3273 3270 3328 3325 in
3378 3269 3713 3325 orationibus
3754 3269 3879 3324 suis

2282 3361 2443 3417 homo
2485 3361 2723 3433 loquitur
2769 3362 2836 3417 ad
2864 3361 3053 3417 Deum.
3129 3361 3268 3427 Quid
3320 3360 3529 3416 dulcius
3559 3361 3718 3416 debet
3747 3376 3876 3416 esse

2281 3468 2443 3525 quam
2467 3452 2634 3507 Deum
2661 3451 2847 3507 audire
2868 3451 3210 3522 loquentem?
3267 3450 3325 3505 1n
3351 3452 3437 3506 his
3461 3451 3607 3506 enim
3634 3461 3690 3507 et
3721 3449 3873 3512 sola-

2281 3544 2355 3598 tia
2400 3551 2672 3613 peccator,
2730 3552 2784 3598 et
2808 3544 2999 3614 gaudia
3032 3542 3342 3599 bcnefactor
3392 3543 3648 3597 inveniet.
3713 3542 3874 3598 Sicut

2280 3634 2369 3688 lux
2396 3634 2632 3691 ketiticat
2652 3634 2858 3699 oculos,
2884 3634 2958 3687 ita
2980 3619 3140 3688 lectio
3161 3633 3343 3687 corda.
3407 3631 3722 3688 Custodiam
3752 3632 3873 3686 oris

2280 3721 2565 3791 diligenter
2589 3724 2903 3777 observate:
2949 3721 3115 3776 verba
3158 3735 3276 3790 qtae
3328 3721 3396 3776 ad
3448 3719 3874 3776 mdiﬁcationetn

2280 3811 2620 3866 audientibus
2648 3811 2848 3866 faciant
2873 3825 3084 3881 semper
3098 3810 3353 3880 proferte,
3376 3811 3499 3881 quia
3523 3809 3752 3864 aliorum
3779 3825 3874 3864 sa-

2281 3901 2362 3957 lus
2380 3911 2556 3957 vestra
2583 3910 2665 3957 est
2682 3903 2982 3957 retributio.
3008 3902 3152 3956 Laus
3175 3903 3387 3958 Domini
3412 3917 3627 3972 semper
3638 3908 3800 3956 sonit
3817 3902 3874 3965 iu

2280 4008 2375 4047 ore
2405 4002 2587 4049 vestro
2634 3994 2846 4049 dicente
2872 3994 3171 4064 Propheta:
3229 3995 3546 4049 Benedicam
3577 3992 3903 4047 Dominum.

2282 4085 2337 4139 in
2361 4085 2501 4138 omni
2522 4094 2769 4155 tempore,
2791 4101 2991 4155 semper
3020 4086 3136 4140 laus
3158 4086 3212 4138 in
3235 4085 3348 4154 ejus
3381 4084 3435 4138 in
3454 4099 3667 4137 oremeo
3690 4081 3872 4153 (Psal.

2280 4192 2477 4241 xxxm,
2506 4175 2583 4246 2).
2646 4176 2713 4229 Et
2751 4175 2947 4235 iterum
2984 4193 2997 4229 :
3034 4174 3371 4244 Sacriﬁcium
3411 4173 3584 4227 laudis
3611 4171 3877 4242 honoriﬁ-

2284 4267 2439 4331 cabit,
2463 4265 2572 4319 illic
2594 4267 2712 4331 iter,
2741 4282 2842 4337 quo
2874 4266 3140 4320 ostendam
3180 4264 3259 4318 illi
3296 4264 3528 4321 salutare
3552 4262 3648 4318 Dci
3690 4260 3872 4334 (Psal.

2285 4374 2433 4421 xux,
2457 4358 2570 4429 25).
2609 4357 2846 4413 Necdum
2865 4358 3020 4423 mihi,
3048 4356 3351 4413 cbarissimi
3379 4355 3607 4420 fratres,
3628 4354 3879 4409 occurrit

2288 4455 2498 4516 tempus
2542 4447 2779 4502 dictandi
2820 4458 2844 4487 θ
2893 4446 3230 4503 homiliarem
3286 4444 3726 4504 admonitionem,
3775 4442 3877 4497 sed

2285 4538 2397 4591 vita
2424 4537 2640 4601 comite,
2668 4537 2869 4607 Spiritu
2893 4544 3077 4592 sancto
3106 4536 3543 4606 inspirante,non
3563 4548 3658 4588 ero
3682 4533 3876 4587 imme-

2286 4647 2404 4686 mor
2432 4629 2707 4700 petitionis
2726 4638 2921 4684 vestrae
2950 4636 3006 4684 et
3043 4626 3416 4699 promissionis
3444 4639 3607 4681 mete.
3672 4624 3874 4678 Divina

2284 4736 2380 4776 vos
2405 4718 2691 4776 clementia
2722 4719 2777 4772 in
2812 4718 2958 4773 omni
2988 4717 3230 4775 bonitate
3274 4716 3468 4771 ﬂorere
3503 4722 3559 4771 et
3600 4713 3875 4785 proﬁcere

2284 4807 2469 4873 faciat,
2497 4807 2693 4865 fratres
2722 4806 3048 4861 cltarissimi.
3097 4806 3269 4867 Amen
3307 4802 3360 4859 ιι

2285 4931 2415 4976 tom.
2446 4919 2488 4974 11
2521 4919 2611 4975 ubi
2645 4919 2810 4974 etiam
2836 4919 2944 4973 vid.
2974 4919 3229 4989 proaviam
3262 4915 3705 4989 admonitionem.

2353 4990 2381 5031 ά
2422 4991 2738 5044 Protectoris
2762 4990 2945 5042 nostri.
2976 4983 3241 5043 'Alcuinus
3271 4989 3371 5042 hoc
3395 5002 3460 5041 ex
3491 4988 3610 5043 loco
3643 4983 3878 5039 affectus

2282 5062 2517 5116 maxime
2553 5059 2720 5114 fuisse
2764 5059 2976 5119 videtur
3013 5068 3200 5113 sancto
3218 5059 3467 5120 Verlasto,
3498 5055 3652 5124 cujus
3683 5056 3871 5109 Vitam

2283 5132 2445 5186 etiam
2495 5130 2564 5183 ad
2607 5128 3222 5199 petitionemﬂlladonis
3278 5127 3504 5199 abbatis
3548 5124 3879 5193 conscripsit

2282 5202 2427 5257 circa
2457 5197 2656 5254 annum
2687 5198 2788 5253 796
2818 5198 3017 5252 Mabill.
3042 5198 3143 5253 loc.
3164 5199 3256 5257 cit.
3305 5197 3421 5263 Quo
3437 5197 3599 5249 etiam
3629 5203 3877 5262 tempore

2321 5270 2558 5325 rolrabile
2578 5278 2681 5335 est,
2711 5284 2830 5324 eum
2854 5268 3037 5324 titulos
3064 5270 3116 5324 in
3140 5269 3365 5327 ecclesia
3377 5266 3654 5322 vcdastina
3674 5265 3874 5320 inscri-

2318 5342 2484 5397 endos
2510 5340 2763 5394 dictasse.
2804 5338 3088 5394 Maerens.

2359 5423 2382 5450 θ
2423 5409 2770 5463 Homiliarem
2801 5409 3228 5467 admonitionem.
3270 5407 3601 5462 Promissum
3624 5402 3877 5472 implevit

2282 5480 2540 5536 Alcuinus
2566 5480 2621 5534 in
2654 5480 2906 5543 Homilia,
2958 5495 3051 5534 seu
3078 5479 3453 5534 adhortatione
3478 5476 3544 5530 ad
3577 5473 3874 5527 imitandus

2282 5552 2510 5606 virtutes
2523 5551 2698 5606 sancti
2721 5550 2960 5614 Vedasti,
2988 5565 3151 5617 quam
3173 5549 3419 5603 dabimus
3448 5546 3587 5600 infra
3613 5559 3711 5617 suo
3726 5543 3870 5597 loco.

2361 5621 2379 5660 ί
2421 5621 2703 5682 lucodice,
2754 5634 2862 5688 quo
2892 5615 3021 5673 usus
3070 5627 3154 5673 est
3194 5618 3455 5681 Martene,
3500 5615 3873 5688 sequebantur

2280 5706 2472 5746 versus
2494 5692 2547 5744 in
2579 5680 2803 5744 ecclesia
2833 5689 3004 5744 sancti
3037 5688 3253 5745 Vedasti
3278 5680 3706 5753 scribendifqui
3735 5680 3870 5737 editi

2284 5770 2409 5818 sunt
2439 5770 2567 5820 tom.
2598 5760 2660 5827 ll,
2699 5774 2846 5814 num.
2877 5759 2963 5813 41.
