  <div class='ocr_page' id='page_1' title='image "/cluster/home/n/w/nwhite01/storage/ocr_20150623/100/hvd.32044024239972/114.png"; bbox 0 0 4056 6328; ppageno 0'>
   <div class='ocr_carea' id='block_1_1' title="bbox 246 341 337 400">
    <p class='ocr_par' dir='ltr' id='par_1_1' title="bbox 246 341 337 400">
     <span class='ocr_line' id='line_1_1' title="bbox 246 341 337 400; baseline -0.033 0"><span class='ocrx_word' id='word_1_1' title='bbox 246 341 337 400; x_wconf 72' lang='grc'><strong>217</strong></span> 
     </span>
    </p>
   </div>
   <div class='ocr_carea' id='block_1_2' title="bbox 670 450 1355 527">
    <p class='ocr_par' dir='ltr' id='par_1_2' title="bbox 670 450 1355 527">
     <span class='ocr_line' id='line_1_2' title="bbox 670 450 1355 527; baseline -0.004 -17"><span class='ocrx_word' id='word_1_2' title='bbox 670 451 773 527; x_wconf 78' lang='grc' dir='ltr'>θι</span> <span class='ocrx_word' id='word_1_3' title='bbox 815 466 840 496; x_wconf 75' lang='grc' dir='ltr'>α</span> <span class='ocrx_word' id='word_1_4' title='bbox 881 451 1211 510; x_wconf 81' lang='lat' dir='ltr'><strong>EPISTOLA</strong></span> <span class='ocrx_word' id='word_1_5' title='bbox 1249 450 1355 508; x_wconf 85' lang='lat' dir='ltr'><strong>LII.</strong></span> 
     </span>
    </p>
   </div>
   <div class='ocr_carea' id='block_1_3' title="bbox 249 557 1805 603">
    <p class='ocr_par' dir='ltr' id='par_1_3' title="bbox 249 557 1805 603">
     <span class='ocr_line' id='line_1_3' title="bbox 249 557 1805 603; baseline -0.003 0"><span class='ocrx_word' id='word_1_6' title='bbox 249 560 307 603; x_wconf 70' lang='grc' dir='ltr'><strong>ΑΒ</strong></span> <span class='ocrx_word' id='word_1_7' title='bbox 343 557 581 601; x_wconf 66' lang='grc' dir='ltr'>ειιλτιιεε</span> <span class='ocrx_word' id='word_1_8' title='bbox 621 560 673 598; x_wconf 79' lang='lat' dir='ltr'><strong>IN</strong></span> <span class='ocrx_word' id='word_1_9' title='bbox 716 560 965 601; x_wconf 71' lang='lat' dir='ltr'><strong>ECCLESIA</strong></span> <span class='ocrx_word' id='word_1_10' title='bbox 1012 562 1197 601; x_wconf 77' lang='lat' dir='ltr'><strong>SANC&#39;I&#39;I</strong></span> <span class='ocrx_word' id='word_1_11' title='bbox 1243 561 1511 602; x_wconf 76' lang='lat' dir='ltr'><strong>LIUDGARII</strong></span> <span class='ocrx_word' id='word_1_12' title='bbox 1550 560 1805 602; x_wconf 77' lang='lat' dir='ltr'><strong>EPISCOPI.</strong></span> 
     </span>
    </p>
   </div>
   <div class='ocr_carea' id='block_1_4' title="bbox 847 635 1196 708">
    <p class='ocr_par' dir='ltr' id='par_1_4' title="bbox 847 635 1196 708">
     <span class='ocr_line' id='line_1_4' title="bbox 847 635 1196 708; baseline -0.003 -19"><span class='ocrx_word' id='word_1_13' title='bbox 847 636 1022 707; x_wconf 80' lang='lat' dir='ltr'><strong>(Anno</strong></span> <span class='ocrx_word' id='word_1_14' title='bbox 1049 635 1196 708; x_wconf 89' lang='lat'><strong>796.)</strong></span> 
     </span>
    </p>
   </div>
   <div class='ocr_carea' id='block_1_5' title="bbox 249 686 1805 797">
    <p class='ocr_par' dir='ltr' id='par_1_5' title="bbox 249 686 1805 797">
     <span class='ocr_line' id='line_1_5' title="bbox 249 686 1805 797; baseline -0.003 -14"><span class='ocrx_word' id='word_1_15' title='bbox 249 726 365 783; x_wconf 66' lang='lat' dir='ltr'><strong>Ere:</strong></span> <span class='ocrx_word' id='word_1_16' title='bbox 387 734 469 781; x_wconf 83' lang='lat' dir='ltr'><strong>sat</strong></span> <span class='ocrx_word' id='word_1_17' title='bbox 481 741 551 790; x_wconf 86' lang='lat' dir='ltr'><strong>se,</strong></span> <span class='ocrx_word' id='word_1_18' title='bbox 567 723 706 797; x_wconf 82' lang='lat' dir='ltr'><strong>quod</strong></span> <span class='ocrx_word' id='word_1_19' title='bbox 727 725 796 786; x_wconf 84' lang='lat' dir='ltr'><strong>ad</strong></span> <span class='ocrx_word' id='word_1_20' title='bbox 814 686 953 795; x_wconf 59' lang='lat' dir='ltr'><strong>ipsos</strong></span> <span class='ocrx_word' id='word_1_21' title='bbox 978 742 1080 797; x_wconf 83' lang='lat' dir='ltr'><strong>non</strong></span> <span class='ocrx_word' id='word_1_22' title='bbox 1101 686 1327 790; x_wconf 66' lang='lat' dir='ltr'><strong>venerit;</strong></span> <span class='ocrx_word' id='word_1_23' title='bbox 1350 686 1587 780; x_wconf 66' lang='lat' dir='ltr'><strong>hortatur</strong></span> <span class='ocrx_word' id='word_1_24' title='bbox 1610 724 1680 780; x_wconf 84' lang='lat' dir='ltr'><strong>ad</strong></span> <span class='ocrx_word' id='word_1_25' title='bbox 1701 726 1805 779; x_wconf 74' lang='lat' dir='ltr'><strong>vir-</strong></span> 
     </span>
    </p>
   </div>
   <div class='ocr_carea' id='block_1_6' title="bbox 609 795 1434 849">
    <p class='ocr_par' dir='ltr' id='par_1_6' title="bbox 609 795 1434 849">
     <span class='ocr_line' id='line_1_6' title="bbox 609 795 1434 849; baseline 0 0"><span class='ocrx_word' id='word_1_26' title='bbox 609 804 742 849; x_wconf 84' lang='lat' dir='ltr'><strong>tutes</strong></span> <span class='ocrx_word' id='word_1_27' title='bbox 767 795 1035 849; x_wconf 73' lang='lat' dir='ltr'><strong>monachis</strong></span> <span class='ocrx_word' id='word_1_28' title='bbox 1064 797 1434 849; x_wconf 71' lang='lat' dir='ltr'><strong>convenientes.</strong></span> 
     </span>
    </p>
   </div>
   <div class='ocr_carea' id='block_1_7' title="bbox 304 904 1808 962">
    <p class='ocr_par' dir='ltr' id='par_1_7' title="bbox 304 904 1808 962">
     <span class='ocr_line' id='line_1_7' title="bbox 304 904 1808 962; baseline -0.001 0"><span class='ocrx_word' id='word_1_29' title='bbox 304 905 710 962; x_wconf 77' lang='lat' dir='ltr'><strong>Venerabilibus</strong></span> <span class='ocrx_word' id='word_1_30' title='bbox 722 905 777 961; x_wconf 91' lang='lat' dir='ltr'><strong>in</strong></span> <span class='ocrx_word' id='word_1_31' title='bbox 796 905 1009 961; x_wconf 91' lang='lat' dir='ltr'><strong>Christo</strong></span> <span class='ocrx_word' id='word_1_32' title='bbox 1026 904 1307 962; x_wconf 79' lang='lat' dir='ltr'><strong>Fratribus</strong></span> <span class='ocrx_word' id='word_1_33' title='bbox 1323 904 1353 943; x_wconf 71' lang='grc' dir='ltr'>δ</span> <span class='ocrx_word' id='word_1_34' title='bbox 1366 905 1419 959; x_wconf 87' lang='grc' dir='ltr'>ἰιι</span> <span class='ocrx_word' id='word_1_35' title='bbox 1434 904 1671 960; x_wconf 82' lang='lat' dir='ltr'><strong>Ecclesia</strong></span> <span class='ocrx_word' id='word_1_36' title='bbox 1685 920 1808 960; x_wconf 90' lang='lat' dir='ltr'><strong>san-</strong></span> 
     </span>
    </p>
   </div>
   <div class='ocr_carea' id='block_1_8' title="bbox 245 994 1807 1070">
    <p class='ocr_par' dir='ltr' id='par_1_8' title="bbox 245 994 1807 1070">
     <span class='ocr_line' id='line_1_8' title="bbox 245 994 1807 1070; baseline -0.004 -15"><span class='ocrx_word' id='word_1_37' title='bbox 245 1000 306 1058; x_wconf 82' lang='lat' dir='ltr'><strong>eti</strong></span> <span class='ocrx_word' id='word_1_38' title='bbox 332 998 607 1070; x_wconf 87' lang='lat' dir='ltr'><strong>Liudgarii</strong></span> <span class='ocrx_word' id='word_1_39' title='bbox 635 997 868 1068; x_wconf 85' lang='lat' dir='ltr'><strong>episcopi</strong></span> <span class='ocrx_word' id='word_1_40' title='bbox 904 996 1274 1062; x_wconf 77' lang='lat' dir='ltr'><strong>servientibus,</strong></span> <span class='ocrx_word' id='word_1_41' title='bbox 1300 994 1556 1050; x_wconf 86' lang='lat' dir='ltr'><strong>Alcuinus</strong></span> <span class='ocrx_word' id='word_1_42' title='bbox 1586 996 1807 1056; x_wconf 88' lang='lat' dir='ltr'><strong>devotus</strong></span> 
     </span>
    </p>
   </div>
   <div class='ocr_carea' id='block_1_9' title="bbox 243 1087 1287 1161">
    <p class='ocr_par' dir='ltr' id='par_1_9' title="bbox 243 1087 1287 1161">
     <span class='ocr_line' id='line_1_9' title="bbox 243 1087 1287 1161; baseline -0.006 -14"><span class='ocrx_word' id='word_1_43' title='bbox 243 1091 397 1147; x_wconf 84' lang='lat' dir='ltr'><strong>vestri</strong></span> <span class='ocrx_word' id='word_1_44' title='bbox 423 1089 695 1161; x_wconf 88' lang='lat' dir='ltr'><strong>profectus</strong></span> <span class='ocrx_word' id='word_1_45' title='bbox 720 1089 776 1144; x_wconf 88' lang='lat' dir='ltr'><strong>in</strong></span> <span class='ocrx_word' id='word_1_46' title='bbox 800 1087 1012 1145; x_wconf 79' lang='lat' dir='ltr'><strong>Christo</strong></span> <span class='ocrx_word' id='word_1_47' title='bbox 1040 1087 1287 1143; x_wconf 82' lang='lat' dir='ltr'><strong>salutem.</strong></span> 
     </span>
    </p>
   </div>
   <div class='ocr_carea' id='block_1_10' title="bbox 302 1176 1802 1242">
    <p class='ocr_par' dir='ltr' id='par_1_10' title="bbox 302 1176 1802 1242">
     <span class='ocr_line' id='line_1_10' title="bbox 302 1176 1802 1242; baseline -0.004 -6"><span class='ocrx_word' id='word_1_48' title='bbox 302 1179 720 1236; x_wconf 88' lang='lat' dir='ltr'><strong>Desiderabilem</strong></span> <span class='ocrx_word' id='word_1_49' title='bbox 769 1188 963 1234; x_wconf 63' lang='lat' dir='ltr'><strong>vestra:</strong></span> <span class='ocrx_word' id='word_1_50' title='bbox 1004 1176 1352 1237; x_wconf 84' lang='lat' dir='ltr'><strong>beatitudinis</strong></span> <span class='ocrx_word' id='word_1_51' title='bbox 1395 1176 1802 1242; x_wconf 86' lang='lat' dir='ltr'><strong>salutationem,</strong></span> 
     </span>
    </p>
   </div>
   <div class='ocr_carea' id='block_1_11' title="bbox 240 1267 1805 1342">
    <p class='ocr_par' dir='ltr' id='par_1_11' title="bbox 240 1267 1805 1342">
     <span class='ocr_line' id='line_1_11' title="bbox 240 1267 1805 1342; baseline 0.001 -17"><span class='ocrx_word' id='word_1_52' title='bbox 240 1286 390 1342; x_wconf 89' lang='lat' dir='ltr'><strong>quam</strong></span> <span class='ocrx_word' id='word_1_53' title='bbox 420 1286 557 1326; x_wconf 69' lang='lat' dir='ltr'><strong>mete</strong></span> <span class='ocrx_word' id='word_1_54' title='bbox 591 1268 870 1340; x_wconf 73' lang='lat' dir='ltr'><strong>parvitatis</strong></span> <span class='ocrx_word' id='word_1_55' title='bbox 908 1269 1127 1325; x_wconf 85' lang='lat' dir='ltr'><strong>auribus</strong></span> <span class='ocrx_word' id='word_1_56' title='bbox 1162 1269 1336 1324; x_wconf 87' lang='lat' dir='ltr'><strong>ﬁdelis</strong></span> <span class='ocrx_word' id='word_1_57' title='bbox 1371 1269 1540 1323; x_wconf 80' lang='lat' dir='ltr'><strong>frater</strong></span> <span class='ocrx_word' id='word_1_58' title='bbox 1570 1267 1805 1326; x_wconf 81' lang='lat' dir='ltr'><strong>Odilleoz</strong></span> 
     </span>
    </p>
   </div>
   <div class='ocr_carea' id='block_1_12' title="bbox 237 1361 1808 1435">
    <p class='ocr_par' dir='ltr' id='par_1_12' title="bbox 237 1361 1808 1435">
     <span class='ocr_line' id='line_1_12' title="bbox 237 1361 1808 1435; baseline -0.001 -16"><span class='ocrx_word' id='word_1_59' title='bbox 237 1363 427 1429; x_wconf 84' lang='lat' dir='ltr'><strong>attulit,</strong></span> <span class='ocrx_word' id='word_1_60' title='bbox 451 1362 839 1435; x_wconf 73' lang='lat' dir='ltr'><strong>gratiosissimo</strong></span> <span class='ocrx_word' id='word_1_61' title='bbox 862 1361 1073 1431; x_wconf 86' lang='lat' dir='ltr'><strong>suscepi</strong></span> <span class='ocrx_word' id='word_1_62' title='bbox 1094 1362 1294 1425; x_wconf 89' lang='lat' dir='ltr'><strong>animo,</strong></span> <span class='ocrx_word' id='word_1_63' title='bbox 1316 1361 1471 1416; x_wconf 86' lang='lat' dir='ltr'><strong>valde</strong></span> <span class='ocrx_word' id='word_1_64' title='bbox 1497 1361 1808 1418; x_wconf 88' lang='lat' dir='ltr'><strong>desiderans</strong></span> 
     </span>
    </p>
   </div>
   <div class='ocr_carea' id='block_1_13' title="bbox 235 1449 1807 1520">
    <p class='ocr_par' dir='ltr' id='par_1_13' title="bbox 235 1449 1807 1520">
     <span class='ocr_line' id='line_1_13' title="bbox 235 1449 1807 1520; baseline -0.002 -10"><span class='ocrx_word' id='word_1_65' title='bbox 235 1454 284 1510; x_wconf 89' lang='lat' dir='ltr'><strong>in</strong></span> <span class='ocrx_word' id='word_1_66' title='bbox 309 1452 507 1511; x_wconf 72' lang='lat' dir='ltr'><strong>vestra:</strong></span> <span class='ocrx_word' id='word_1_67' title='bbox 536 1452 835 1513; x_wconf 85' lang='lat' dir='ltr'><strong>sanctitatis</strong></span> <span class='ocrx_word' id='word_1_68' title='bbox 856 1452 1208 1514; x_wconf 83' lang='lat' dir='ltr'><strong>orationibus,</strong></span> <span class='ocrx_word' id='word_1_69' title='bbox 1237 1450 1292 1505; x_wconf 93' lang='lat' dir='ltr'><strong>in</strong></span> <span class='ocrx_word' id='word_1_70' title='bbox 1315 1450 1472 1519; x_wconf 87' lang='lat' dir='ltr'><strong>hujus</strong></span> <span class='ocrx_word' id='word_1_71' title='bbox 1495 1449 1807 1520; x_wconf 64' lang='lat' dir='ltr'><strong>procellosaz</strong></span> 
     </span>
    </p>
   </div>
   <div class='ocr_carea' id='block_1_14' title="bbox 233 1539 1805 1613">
    <p class='ocr_par' dir='ltr' id='par_1_14' title="bbox 233 1539 1805 1613">
     <span class='ocr_line' id='line_1_14' title="bbox 233 1539 1805 1613; baseline -0.003 -13"><span class='ocrx_word' id='word_1_72' title='bbox 233 1543 347 1600; x_wconf 65' lang='lat' dir='ltr'><strong>vitae</strong></span> <span class='ocrx_word' id='word_1_73' title='bbox 402 1543 618 1613; x_wconf 85' lang='lat' dir='ltr'><strong>navigio</strong></span> <span class='ocrx_word' id='word_1_74' title='bbox 659 1542 920 1612; x_wconf 85' lang='lat' dir='ltr'><strong>adjuvari,</strong></span> <span class='ocrx_word' id='word_1_75' title='bbox 954 1551 1220 1612; x_wconf 86' lang='lat' dir='ltr'><strong>quatenus</strong></span> <span class='ocrx_word' id='word_1_76' title='bbox 1245 1541 1483 1611; x_wconf 89' lang='lat' dir='ltr'><strong>piissima</strong></span> <span class='ocrx_word' id='word_1_77' title='bbox 1513 1539 1805 1595; x_wconf 88' lang='lat' dir='ltr'><strong>Salvatoris</strong></span> 
     </span>
    </p>
   </div>
   <div class='ocr_carea' id='block_1_15' title="bbox 232 1632 1802 1703">
    <p class='ocr_par' dir='ltr' id='par_1_15' title="bbox 232 1632 1802 1703">
     <span class='ocr_line' id='line_1_15' title="bbox 232 1632 1802 1703; baseline -0.003 -14"><span class='ocrx_word' id='word_1_78' title='bbox 232 1635 395 1689; x_wconf 90' lang='lat' dir='ltr'><strong>nostri</strong></span> <span class='ocrx_word' id='word_1_79' title='bbox 425 1633 811 1703; x_wconf 79' lang='lat' dir='ltr'><strong>gubernatione</strong></span> <span class='ocrx_word' id='word_1_80' title='bbox 839 1634 905 1689; x_wconf 90' lang='lat' dir='ltr'><strong>ad</strong></span> <span class='ocrx_word' id='word_1_81' title='bbox 928 1640 1143 1703; x_wconf 89' lang='lat' dir='ltr'><strong>portum</strong></span> <span class='ocrx_word' id='word_1_82' title='bbox 1167 1642 1437 1703; x_wconf 75' lang='lat' dir='ltr'><strong>perpetua:</strong></span> <span class='ocrx_word' id='word_1_83' title='bbox 1462 1632 1679 1702; x_wconf 84' lang='lat' dir='ltr'><strong>quietis,</strong></span> <span class='ocrx_word' id='word_1_84' title='bbox 1707 1646 1802 1686; x_wconf 87' lang='lat' dir='ltr'><strong>vo-</strong></span> 
     </span>
    </p>
   </div>
   <div class='ocr_carea' id='block_1_16' title="bbox 1669 335 2046 396">
    <p class='ocr_par' dir='ltr' id='par_1_16' title="bbox 1669 335 2046 396">
     <span class='ocr_line' id='line_1_16' title="bbox 1669 335 2046 396; baseline -0.008 0"><span class='ocrx_word' id='word_1_85' title='bbox 1669 335 1953 396; x_wconf 84' lang='lat' dir='ltr'><strong>EPISTOL</strong></span> <span class='ocrx_word' id='word_1_86' title='bbox 1960 338 2024 393; x_wconf 52' lang='lat' dir='ltr'><strong>2E</strong></span> <span class='ocrx_word' id='word_1_87' title='bbox 2034 380 2046 393; x_wconf 93' lang='lat'><strong>.</strong></span> 
     </span>
    </p>
   </div>
   <div class='ocr_carea' id='block_1_17' title="bbox 1825 438 3481 523">
    <p class='ocr_par' dir='ltr' id='par_1_17' title="bbox 1825 438 3481 523">
     <span class='ocr_line' id='line_1_17' title="bbox 1825 438 3481 523; baseline 0.002 -14"><span class='ocrx_word' id='word_1_88' title='bbox 1825 452 1873 509; x_wconf 78' lang='grc' dir='ltr'><strong>Δ</strong></span> <span class='ocrx_word' id='word_1_89' title='bbox 1903 461 1956 507; x_wconf 90' lang='lat' dir='ltr'><strong>et</strong></span> <span class='ocrx_word' id='word_1_90' title='bbox 1986 454 2177 523; x_wconf 84' lang='lat' dir='ltr'><strong>quibus</strong></span> <span class='ocrx_word' id='word_1_91' title='bbox 2205 460 2329 509; x_wconf 89' lang='lat' dir='ltr'><strong>ante</strong></span> <span class='ocrx_word' id='word_1_92' title='bbox 2366 467 2459 508; x_wconf 85' lang='lat' dir='ltr'><strong>eos</strong></span> <span class='ocrx_word' id='word_1_93' title='bbox 2494 438 2639 507; x_wconf 83' lang='lat' dir='ltr'><strong>vivat</strong></span> <span class='ocrx_word' id='word_1_94' title='bbox 2680 451 2956 521; x_wconf 76' lang='lat' dir='ltr'><strong>exemplis.</strong></span> <span class='ocrx_word' id='word_1_95' title='bbox 3000 450 3151 508; x_wconf 81' lang='lat' dir='ltr'><strong>Sicut</strong></span> <span class='ocrx_word' id='word_1_96' title='bbox 3184 461 3237 507; x_wconf 88' lang='lat' dir='ltr'><strong>ct</strong></span> <span class='ocrx_word' id='word_1_97' title='bbox 3279 453 3396 521; x_wconf 88' lang='lat' dir='ltr'><strong>ﬁlii,</strong></span> <span class='ocrx_word' id='word_1_98' title='bbox 3424 466 3481 512; x_wconf 83' lang='lat' dir='ltr'><strong>et</strong></span> 
     </span>
    </p>
   </div>
   <div class='ocr_carea' id='block_1_18' title="bbox 3364 334 3473 397">
    <p class='ocr_par' dir='ltr' id='par_1_18' title="bbox 3364 334 3473 397">
     <span class='ocr_line' id='line_1_18' title="bbox 3364 334 3473 397; baseline 0.018 -2"><span class='ocrx_word' id='word_1_99' title='bbox 3364 334 3473 397; x_wconf 76' lang='grc'><strong>218</strong></span> 
     </span>
    </p>
   </div>
   <div class='ocr_carea' id='block_1_19' title="bbox 1907 542 3481 615">
    <p class='ocr_par' dir='ltr' id='par_1_19' title="bbox 1907 542 3481 615">
     <span class='ocr_line' id='line_1_19' title="bbox 1907 542 3481 615; baseline 0.001 -18"><span class='ocrx_word' id='word_1_100' title='bbox 1907 560 2059 615; x_wconf 78' lang='lat' dir='ltr'><strong>grex,</strong></span> <span class='ocrx_word' id='word_1_101' title='bbox 2088 559 2192 613; x_wconf 86' lang='lat' dir='ltr'><strong>qua</strong></span> <span class='ocrx_word' id='word_1_102' title='bbox 2215 544 2496 599; x_wconf 87' lang='lat' dir='ltr'><strong>devotione</strong></span> <span class='ocrx_word' id='word_1_103' title='bbox 2513 543 2750 613; x_wconf 85' lang='lat' dir='ltr'><strong>paternis</strong></span> <span class='ocrx_word' id='word_1_104' title='bbox 2774 544 3136 611; x_wconf 84' lang='lat' dir='ltr'><strong>obtemperant</strong></span> <span class='ocrx_word' id='word_1_105' title='bbox 3155 542 3335 612; x_wconf 88' lang='lat' dir='ltr'><strong>jussis,</strong></span> <span class='ocrx_word' id='word_1_106' title='bbox 3364 559 3481 599; x_wconf 89' lang='lat' dir='ltr'><strong>om-</strong></span> 
     </span>
    </p>
   </div>
   <div class='ocr_carea' id='block_1_20' title="bbox 1904 632 3026 704">
    <p class='ocr_par' dir='ltr' id='par_1_20' title="bbox 1904 632 3026 704">
     <span class='ocr_line' id='line_1_20' title="bbox 1904 632 3026 704; baseline -0.005 -13"><span class='ocrx_word' id='word_1_107' title='bbox 1904 634 2054 691; x_wconf 81' lang='lat' dir='ltr'><strong>nium</strong></span> <span class='ocrx_word' id='word_1_108' title='bbox 2076 634 2244 704; x_wconf 90' lang='lat' dir='ltr'><strong>judici</strong></span> <span class='ocrx_word' id='word_1_109' title='bbox 2275 634 2537 689; x_wconf 87' lang='lat' dir='ltr'><strong>rationem</strong></span> <span class='ocrx_word' id='word_1_110' title='bbox 2562 632 2819 688; x_wconf 85' lang='lat' dir='ltr'><strong>reddituri</strong></span> <span class='ocrx_word' id='word_1_111' title='bbox 2847 640 3026 687; x_wconf 89' lang='lat' dir='ltr'><strong>erunt.</strong></span> 
     </span>
    </p>
   </div>
   <div class='ocr_carea' id='block_1_21' title="bbox 1975 719 3481 795">
    <p class='ocr_par' dir='ltr' id='par_1_21' title="bbox 1975 719 3481 795">
     <span class='ocr_line' id='line_1_21' title="bbox 1975 719 3481 795; baseline -0.003 -16"><span class='ocrx_word' id='word_1_112' title='bbox 1975 725 2143 795; x_wconf 87' lang='lat' dir='ltr'><strong>Igitur</strong></span> <span class='ocrx_word' id='word_1_113' title='bbox 2183 740 2368 795; x_wconf 87' lang='lat' dir='ltr'><strong>pacem</strong></span> <span class='ocrx_word' id='word_1_114' title='bbox 2415 731 2470 778; x_wconf 92' lang='lat' dir='ltr'><strong>et</strong></span> <span class='ocrx_word' id='word_1_115' title='bbox 2504 722 2843 777; x_wconf 86' lang='lat' dir='ltr'><strong>concordiam</strong></span> <span class='ocrx_word' id='word_1_116' title='bbox 2878 737 2943 776; x_wconf 77' lang='lat' dir='ltr'><strong>ex</strong></span> <span class='ocrx_word' id='word_1_117' title='bbox 2970 720 3158 776; x_wconf 90' lang='lat' dir='ltr'><strong>intimo</strong></span> <span class='ocrx_word' id='word_1_118' title='bbox 3185 722 3363 777; x_wconf 85' lang='lat' dir='ltr'><strong>cordis</strong></span> <span class='ocrx_word' id='word_1_119' title='bbox 3403 719 3481 774; x_wconf 87' lang='lat' dir='ltr'><strong>af-</strong></span> 
     </span>
    </p>
   </div>
   <div class='ocr_carea' id='block_1_22' title="bbox 1906 812 3485 882">
    <p class='ocr_par' dir='ltr' id='par_1_22' title="bbox 1906 812 3485 882">
     <span class='ocr_line' id='line_1_22' title="bbox 1906 812 3485 882; baseline -0.004 -11"><span class='ocrx_word' id='word_1_120' title='bbox 1906 815 2047 871; x_wconf 88' lang='lat' dir='ltr'><strong>fectu</strong></span> <span class='ocrx_word' id='word_1_121' title='bbox 2076 816 2217 869; x_wconf 88' lang='lat' dir='ltr'><strong>inter</strong></span> <span class='ocrx_word' id='word_1_122' title='bbox 2240 831 2337 870; x_wconf 90' lang='lat' dir='ltr'><strong>vos</strong></span> <span class='ocrx_word' id='word_1_123' title='bbox 2357 816 2567 870; x_wconf 87' lang='lat' dir='ltr'><strong>habete.</strong></span> <span class='ocrx_word' id='word_1_124' title='bbox 2598 813 2732 881; x_wconf 85' lang='lat' dir='ltr'><strong>Quia</strong></span> <span class='ocrx_word' id='word_1_125' title='bbox 2764 812 2896 867; x_wconf 84' lang='lat' dir='ltr'><strong>nihil</strong></span> <span class='ocrx_word' id='word_1_126' title='bbox 2926 812 3041 868; x_wconf 88' lang='lat' dir='ltr'><strong>sine</strong></span> <span class='ocrx_word' id='word_1_127' title='bbox 3067 828 3196 882; x_wconf 83' lang='lat' dir='ltr'><strong>pace</strong></span> <span class='ocrx_word' id='word_1_128' title='bbox 3231 812 3339 867; x_wconf 84' lang='lat' dir='ltr'><strong>Deo</strong></span> <span class='ocrx_word' id='word_1_129' title='bbox 3370 812 3485 881; x_wconf 85' lang='lat' dir='ltr'><strong>pla-</strong></span> 
     </span>
    </p>
   </div>
   <div class='ocr_carea' id='block_1_23' title="bbox 1905 901 3482 972">
    <p class='ocr_par' dir='ltr' id='par_1_23' title="bbox 1905 901 3482 972">
     <span class='ocr_line' id='line_1_23' title="bbox 1905 901 3482 972; baseline -0.003 -11"><span class='ocrx_word' id='word_1_130' title='bbox 1905 914 2008 970; x_wconf 87' lang='lat' dir='ltr'><strong>cet,</strong></span> <span class='ocrx_word' id='word_1_131' title='bbox 2040 921 2140 960; x_wconf 91' lang='lat' dir='ltr'><strong>nec</strong></span> <span class='ocrx_word' id='word_1_132' title='bbox 2178 920 2369 960; x_wconf 88' lang='lat' dir='ltr'><strong>munus</strong></span> <span class='ocrx_word' id='word_1_133' title='bbox 2396 905 2461 959; x_wconf 91' lang='lat' dir='ltr'><strong>ad</strong></span> <span class='ocrx_word' id='word_1_134' title='bbox 2498 920 2666 958; x_wconf 89' lang='lat' dir='ltr'><strong>aram.</strong></span> <span class='ocrx_word' id='word_1_135' title='bbox 2702 902 3077 972; x_wconf 82' lang='lat' dir='ltr'><strong>Unusquisque</strong></span> <span class='ocrx_word' id='word_1_136' title='bbox 3114 902 3297 966; x_wconf 88' lang='lat' dir='ltr'><strong>alium,</strong></span> <span class='ocrx_word' id='word_1_137' title='bbox 3329 901 3482 971; x_wconf 78' lang='lat' dir='ltr'><strong>juxta</strong></span> 
     </span>
    </p>
   </div>
   <div class='ocr_carea' id='block_1_24' title="bbox 1903 990 3483 1065">
    <p class='ocr_par' dir='ltr' id='par_1_24' title="bbox 1903 990 3483 1065">
     <span class='ocr_line' id='line_1_24' title="bbox 1903 990 3483 1065; baseline -0.003 -16"><span class='ocrx_word' id='word_1_138' title='bbox 1903 994 2233 1065; x_wconf 82' lang='lat' dir='ltr'><strong>Apostolum,</strong></span> <span class='ocrx_word' id='word_1_139' title='bbox 2248 995 2452 1049; x_wconf 89' lang='lat' dir='ltr'><strong>honore</strong></span> <span class='ocrx_word' id='word_1_140' title='bbox 2472 992 2763 1064; x_wconf 65' lang='lat' dir='ltr'><strong>praeveniat</strong></span> <span class='ocrx_word' id='word_1_141' title='bbox 2786 991 2961 1063; x_wconf 82' lang='lat' dir='ltr'><strong>(Rom.</strong></span> <span class='ocrx_word' id='word_1_142' title='bbox 2978 1007 3078 1055; x_wconf 75' lang='lat' dir='ltr'><strong>xu,</strong></span> <span class='ocrx_word' id='word_1_143' title='bbox 3102 990 3209 1062; x_wconf 72' lang='grc' dir='ltr'><strong>Ν).</strong></span> <span class='ocrx_word' id='word_1_144' title='bbox 3230 990 3483 1046; x_wconf 88' lang='lat' dir='ltr'><strong>Seniores</strong></span> 
     </span>
    </p>
   </div>
   <div class='ocr_carea' id='block_1_25' title="bbox 1905 1084 3483 1157">
    <p class='ocr_par' dir='ltr' id='par_1_25' title="bbox 1905 1084 3483 1157">
     <span class='ocr_line' id='line_1_25' title="bbox 1905 1084 3483 1157; baseline -0.003 -16"><span class='ocrx_word' id='word_1_145' title='bbox 1905 1086 1958 1141; x_wconf 91' lang='lat' dir='ltr'><strong>in</strong></span> <span class='ocrx_word' id='word_1_146' title='bbox 1986 1086 2178 1157; x_wconf 90' lang='lat' dir='ltr'><strong>spiritu</strong></span> <span class='ocrx_word' id='word_1_147' title='bbox 2206 1087 2652 1150; x_wconf 86' lang='lat' dir='ltr'><strong>mansuetudinis,</strong></span> <span class='ocrx_word' id='word_1_148' title='bbox 2678 1086 2831 1156; x_wconf 90' lang='lat' dir='ltr'><strong>quasi</strong></span> <span class='ocrx_word' id='word_1_149' title='bbox 2852 1085 2989 1140; x_wconf 89' lang='lat' dir='ltr'><strong>ﬁlios</strong></span> <span class='ocrx_word' id='word_1_150' title='bbox 3010 1084 3329 1139; x_wconf 81' lang='lat' dir='ltr'><strong>admoneant</strong></span> <span class='ocrx_word' id='word_1_151' title='bbox 3355 1084 3483 1139; x_wconf 83' lang='lat' dir='ltr'><strong>ado-</strong></span> 
     </span>
    </p>
   </div>
   <div class='ocr_carea' id='block_1_26' title="bbox 1905 1174 3479 1246">
    <p class='ocr_par' dir='ltr' id='par_1_26' title="bbox 1905 1174 3479 1246">
     <span class='ocr_line' id='line_1_26' title="bbox 1905 1174 3479 1246; baseline -0.001 -17"><span class='ocrx_word' id='word_1_152' title='bbox 1905 1175 2168 1231; x_wconf 89' lang='lat' dir='ltr'><strong>lescentes</strong></span> <span class='ocrx_word' id='word_1_153' title='bbox 2203 1174 2255 1246; x_wconf 90' lang='lat' dir='ltr'><strong>(I</strong></span> <span class='ocrx_word' id='word_1_154' title='bbox 2297 1174 2439 1229; x_wconf 86' lang='lat' dir='ltr'><strong>Petr.</strong></span> <span class='ocrx_word' id='word_1_155' title='bbox 2478 1175 2555 1245; x_wconf 90' lang='lat' dir='ltr'><strong>v).</strong></span> <span class='ocrx_word' id='word_1_156' title='bbox 2600 1174 2704 1230; x_wconf 86' lang='lat' dir='ltr'><strong>Sed</strong></span> <span class='ocrx_word' id='word_1_157' title='bbox 2732 1183 2786 1231; x_wconf 91' lang='lat' dir='ltr'><strong>et</strong></span> <span class='ocrx_word' id='word_1_158' title='bbox 2823 1174 2897 1229; x_wconf 90' lang='lat' dir='ltr'><strong>illi</strong></span> <span class='ocrx_word' id='word_1_159' title='bbox 2936 1174 3156 1229; x_wconf 88' lang='lat' dir='ltr'><strong>Patrum</strong></span> <span class='ocrx_word' id='word_1_160' title='bbox 3193 1182 3479 1244; x_wconf 81' lang='lat' dir='ltr'><strong>praecepta,</strong></span> 
     </span>
    </p>
   </div>
   <div class='ocr_carea' id='block_1_27' title="bbox 1904 1262 3485 1337">
    <p class='ocr_par' dir='ltr' id='par_1_27' title="bbox 1904 1262 3485 1337">
     <span class='ocr_line' id='line_1_27' title="bbox 1904 1262 3485 1337; baseline -0.002 -18"><span class='ocrx_word' id='word_1_161' title='bbox 1904 1265 2056 1337; x_wconf 88' lang='lat' dir='ltr'><strong>quasi</strong></span> <span class='ocrx_word' id='word_1_162' title='bbox 2106 1265 2360 1320; x_wconf 89' lang='lat' dir='ltr'><strong>divinitus</strong></span> <span class='ocrx_word' id='word_1_163' title='bbox 2399 1265 2560 1329; x_wconf 90' lang='lat' dir='ltr'><strong>dicta,</strong></span> <span class='ocrx_word' id='word_1_164' title='bbox 2609 1281 2733 1321; x_wconf 92' lang='lat' dir='ltr'><strong>cum</strong></span> <span class='ocrx_word' id='word_1_165' title='bbox 2782 1265 2927 1319; x_wconf 86' lang='lat' dir='ltr'><strong>omni</strong></span> <span class='ocrx_word' id='word_1_166' title='bbox 2980 1262 3282 1318; x_wconf 88' lang='lat' dir='ltr'><strong>humilitate</strong></span> <span class='ocrx_word' id='word_1_167' title='bbox 3326 1263 3485 1333; x_wconf 87' lang='lat' dir='ltr'><strong>perﬁ-</strong></span> 
     </span>
    </p>
   </div>
   <div class='ocr_carea' id='block_1_28' title="bbox 1904 1353 3483 1424">
    <p class='ocr_par' dir='ltr' id='par_1_28' title="bbox 1904 1353 3483 1424">
     <span class='ocr_line' id='line_1_28' title="bbox 1904 1353 3483 1424; baseline -0.004 -12"><span class='ocrx_word' id='word_1_168' title='bbox 1904 1359 2096 1412; x_wconf 90' lang='lat' dir='ltr'><strong>ciant:</strong></span> <span class='ocrx_word' id='word_1_169' title='bbox 2139 1364 2414 1411; x_wconf 87' lang='lat' dir='ltr'><strong>servantes</strong></span> <span class='ocrx_word' id='word_1_170' title='bbox 2459 1356 2513 1409; x_wconf 90' lang='lat' dir='ltr'><strong>in</strong></span> <span class='ocrx_word' id='word_1_171' title='bbox 2556 1355 2749 1409; x_wconf 87' lang='lat' dir='ltr'><strong>timore</strong></span> <span class='ocrx_word' id='word_1_172' title='bbox 2792 1355 2888 1409; x_wconf 89' lang='lat' dir='ltr'><strong>Dei</strong></span> <span class='ocrx_word' id='word_1_173' title='bbox 2935 1353 3138 1424; x_wconf 89' lang='lat' dir='ltr'><strong>proprii</strong></span> <span class='ocrx_word' id='word_1_174' title='bbox 3180 1353 3483 1408; x_wconf 88' lang='lat' dir='ltr'><strong>castitatem</strong></span> 
     </span>
    </p>
   </div>
   <div class='ocr_carea' id='block_1_29' title="bbox 1904 1441 3482 1520">
    <p class='ocr_par' dir='ltr' id='par_1_29' title="bbox 1904 1441 3482 1520">
     <span class='ocr_line' id='line_1_29' title="bbox 1904 1441 3482 1520; baseline -0.006 -15"><span class='ocrx_word' id='word_1_175' title='bbox 1904 1450 2166 1520; x_wconf 89' lang='lat' dir='ltr'><strong>corporis,</strong></span> <span class='ocrx_word' id='word_1_176' title='bbox 2206 1459 2265 1502; x_wconf 92' lang='lat' dir='ltr'><strong>ut</strong></span> <span class='ocrx_word' id='word_1_177' title='bbox 2315 1446 2549 1518; x_wconf 88' lang='lat' dir='ltr'><strong>Spiritus</strong></span> <span class='ocrx_word' id='word_1_178' title='bbox 2592 1453 2810 1501; x_wconf 89' lang='lat' dir='ltr'><strong>sanctus</strong></span> <span class='ocrx_word' id='word_1_179' title='bbox 2849 1444 3095 1499; x_wconf 89' lang='lat' dir='ltr'><strong>habitare</strong></span> <span class='ocrx_word' id='word_1_180' title='bbox 3139 1443 3393 1513; x_wconf 53' lang='lat' dir='ltr'><strong>dignetur.</strong></span> <span class='ocrx_word' id='word_1_181' title='bbox 3426 1441 3482 1496; x_wconf 89' lang='lat' dir='ltr'><strong>in</strong></span> 
     </span>
    </p>
   </div>
   <div class='ocr_carea' id='block_1_30' title="bbox 1903 1532 3480 1608">
    <p class='ocr_par' dir='ltr' id='par_1_30' title="bbox 1903 1532 3480 1608">
     <span class='ocr_line' id='line_1_30' title="bbox 1903 1532 3480 1608; baseline -0.007 -13"><span class='ocrx_word' id='word_1_182' title='bbox 1903 1541 1998 1604; x_wconf 90' lang='lat' dir='ltr'><strong>eis,</strong></span> <span class='ocrx_word' id='word_1_183' title='bbox 2040 1540 2250 1594; x_wconf 88' lang='lat' dir='ltr'><strong>dicente</strong></span> <span class='ocrx_word' id='word_1_184' title='bbox 2289 1537 2541 1608; x_wconf 84' lang='lat' dir='ltr'><strong>Apostolo</strong></span> <span class='ocrx_word' id='word_1_185' title='bbox 2590 1534 2903 1605; x_wconf 84' lang='lat' dir='ltr'><strong>:Templum</strong></span> <span class='ocrx_word' id='word_1_186' title='bbox 2952 1532 3049 1587; x_wconf 87' lang='lat' dir='ltr'><strong>Dei</strong></span> <span class='ocrx_word' id='word_1_187' title='bbox 3105 1542 3342 1587; x_wconf 85' lang='lat' dir='ltr'><strong>sanctum</strong></span> <span class='ocrx_word' id='word_1_188' title='bbox 3386 1540 3480 1598; x_wconf 87' lang='lat' dir='ltr'><strong>est,</strong></span> 
     </span>
    </p>
   </div>
   <div class='ocr_carea' id='block_1_31' title="bbox 1902 1622 3483 1703">
    <p class='ocr_par' dir='ltr' id='par_1_31' title="bbox 1902 1622 3483 1703">
     <span class='ocr_line' id='line_1_31' title="bbox 1902 1622 3483 1703; baseline -0.006 -18"><span class='ocrx_word' id='word_1_189' title='bbox 1902 1631 2041 1703; x_wconf 85' lang='lat' dir='ltr'><strong>quod</strong></span> <span class='ocrx_word' id='word_1_190' title='bbox 2066 1632 2186 1685; x_wconf 83' lang='lat' dir='ltr'><strong>estis</strong></span> <span class='ocrx_word' id='word_1_191' title='bbox 2215 1646 2300 1684; x_wconf 80' lang='lat' dir='ltr'><strong>vos</strong></span> <span class='ocrx_word' id='word_1_192' title='bbox 2331 1629 2383 1701; x_wconf 92' lang='grc'><strong>(1</strong></span> <span class='ocrx_word' id='word_1_193' title='bbox 2416 1627 2537 1682; x_wconf 87' lang='lat' dir='ltr'><strong>Cor.</strong></span> <span class='ocrx_word' id='word_1_194' title='bbox 2560 1643 2643 1691; x_wconf 85' lang='grc' dir='ltr'>ιιι,</span> <span class='ocrx_word' id='word_1_195' title='bbox 2674 1627 2785 1697; x_wconf 80' lang='lat' dir='ltr'><strong>i7).</strong></span> <span class='ocrx_word' id='word_1_196' title='bbox 2816 1626 2882 1679; x_wconf 87' lang='lat' dir='ltr'><strong>Et</strong></span> <span class='ocrx_word' id='word_1_197' title='bbox 2912 1625 2965 1679; x_wconf 90' lang='lat' dir='ltr'><strong>in</strong></span> <span class='ocrx_word' id='word_1_198' title='bbox 2997 1630 3301 1679; x_wconf 88' lang='lat' dir='ltr'><strong>sanctarum</strong></span> <span class='ocrx_word' id='word_1_199' title='bbox 3333 1622 3483 1678; x_wconf 86' lang='lat' dir='ltr'><strong>Scri-</strong></span> 
     </span>
    </p>
   </div>
   <div class='ocr_carea' id='block_1_32' title="bbox 228 1712 3483 1794">
    <p class='ocr_par' dir='ltr' id='par_1_32' title="bbox 228 1712 3483 1794">
     <span class='ocr_line' id='line_1_32' title="bbox 228 1712 3483 1794; baseline -0.004 -17"><span class='ocrx_word' id='word_1_200' title='bbox 228 1720 305 1778; x_wconf 88' lang='lat' dir='ltr'><strong>bis</strong></span> <span class='ocrx_word' id='word_1_201' title='bbox 332 1723 812 1789; x_wconf 77' lang='lat' dir='ltr'><strong>intercedentibus,</strong></span> <span class='ocrx_word' id='word_1_202' title='bbox 832 1724 1117 1794; x_wconf 87' lang='lat' dir='ltr'><strong>pervenire</strong></span> <span class='ocrx_word' id='word_1_203' title='bbox 1142 1738 1371 1778; x_wconf 88' lang='lat' dir='ltr'><strong>merear.</strong></span> <span class='ocrx_word' id='word_1_204' title='bbox 1396 1735 1418 1762; x_wconf 74' lang='grc' dir='ltr'><strong>ο</strong></span> <span class='ocrx_word' id='word_1_205' title='bbox 1443 1723 1595 1791; x_wconf 87' lang='lat' dir='ltr'><strong>Quod</strong></span> <span class='ocrx_word' id='word_1_206' title='bbox 1622 1725 1688 1778; x_wconf 90' lang='lat' dir='ltr'><strong>ad</strong></span> <span class='ocrx_word' id='word_1_207' title='bbox 1708 1739 1805 1779; x_wconf 88' lang='lat' dir='ltr'><strong>vos</strong></span> <span class='ocrx_word' id='word_1_208' title='bbox 1836 1789 1871 1794; x_wconf 89' lang='lat'><strong><em>_</em></strong></span> <span class='ocrx_word' id='word_1_209' title='bbox 1905 1730 2183 1792; x_wconf 86' lang='lat' dir='ltr'><strong>pturarum</strong></span> <span class='ocrx_word' id='word_1_210' title='bbox 2213 1720 2441 1794; x_wconf 86' lang='lat' dir='ltr'><strong>lectione</strong></span> <span class='ocrx_word' id='word_1_211' title='bbox 2470 1716 2691 1771; x_wconf 89' lang='lat' dir='ltr'><strong>studiosi</strong></span> <span class='ocrx_word' id='word_1_212' title='bbox 2737 1721 2929 1779; x_wconf 90' lang='lat' dir='ltr'><strong>estote,</strong></span> <span class='ocrx_word' id='word_1_213' title='bbox 2966 1720 3025 1767; x_wconf 91' lang='lat' dir='ltr'><strong>ut</strong></span> <span class='ocrx_word' id='word_1_214' title='bbox 3058 1713 3277 1784; x_wconf 85' lang='lat' dir='ltr'><strong>possitis</strong></span> <span class='ocrx_word' id='word_1_215' title='bbox 3320 1712 3483 1767; x_wconf 87' lang='lat' dir='ltr'><strong>alter-</strong></span> 
     </span>
    </p>
   </div>
   <div class='ocr_carea' id='block_1_33' title="bbox 226 1789 3485 1888">
    <p class='ocr_par' dir='ltr' id='par_1_33' title="bbox 226 1789 3485 1888">
     <span class='ocr_line' id='line_1_33' title="bbox 226 1789 3485 1888; baseline -0.005 -13"><span class='ocrx_word' id='word_1_216' title='bbox 226 1829 327 1875; x_wconf 83' lang='lat' dir='ltr'><strong>non</strong></span> <span class='ocrx_word' id='word_1_217' title='bbox 355 1816 670 1881; x_wconf 88' lang='lat' dir='ltr'><strong>veniebam,</strong></span> <span class='ocrx_word' id='word_1_218' title='bbox 702 1832 809 1871; x_wconf 90' lang='lat' dir='ltr'><strong>non</strong></span> <span class='ocrx_word' id='word_1_219' title='bbox 834 1789 1073 1883; x_wconf 67' lang='lat' dir='ltr'><strong>alicujus</strong></span> <span class='ocrx_word' id='word_1_220' title='bbox 1109 1816 1273 1888; x_wconf 89' lang='lat' dir='ltr'><strong>(Deus</strong></span> <span class='ocrx_word' id='word_1_221' title='bbox 1304 1789 1586 1886; x_wconf 12' lang='lat' dir='ltr'><strong>testisﬁest)</strong></span> <span class='ocrx_word' id='word_1_222' title='bbox 1614 1815 1803 1885; x_wconf 90' lang='lat' dir='ltr'><strong>despe-</strong></span> <span class='ocrx_word' id='word_1_223' title='bbox 1835 1789 1878 1847; x_wconf 74' lang='grc' dir='ltr'><strong><em>Β</em></strong></span> <span class='ocrx_word' id='word_1_224' title='bbox 1907 1789 2089 1868; x_wconf 80' lang='lat' dir='ltr'><strong>utrum</strong></span> <span class='ocrx_word' id='word_1_225' title='bbox 2128 1790 2393 1867; x_wconf 63' lang='lat' dir='ltr'><strong>aediﬁcare</strong></span> <span class='ocrx_word' id='word_1_226' title='bbox 2422 1820 2477 1865; x_wconf 89' lang='lat' dir='ltr'><strong>ct</strong></span> <span class='ocrx_word' id='word_1_227' title='bbox 2500 1809 2765 1865; x_wconf 87' lang='lat' dir='ltr'><strong>consolari</strong></span> <span class='ocrx_word' id='word_1_228' title='bbox 2806 1827 2818 1862; x_wconf 86' lang='lat'>:</span> <span class='ocrx_word' id='word_1_229' title='bbox 2862 1806 2985 1877; x_wconf 90' lang='lat' dir='ltr'><strong>quia</strong></span> <span class='ocrx_word' id='word_1_230' title='bbox 3015 1806 3105 1875; x_wconf 89' lang='lat' dir='ltr'><strong>qui</strong></span> <span class='ocrx_word' id='word_1_231' title='bbox 3147 1820 3253 1859; x_wconf 90' lang='lat' dir='ltr'><strong>non</strong></span> <span class='ocrx_word' id='word_1_232' title='bbox 3280 1803 3391 1859; x_wconf 89' lang='lat' dir='ltr'><strong>vult</strong></span> <span class='ocrx_word' id='word_1_233' title='bbox 3428 1802 3485 1858; x_wconf 92' lang='lat' dir='ltr'><strong>in</strong></span> 
     </span>
    </p>
   </div>
   <div class='ocr_carea' id='block_1_34' title="bbox 224 1903 1799 1977">
    <p class='ocr_par' dir='ltr' id='par_1_34' title="bbox 224 1903 1799 1977">
     <span class='ocr_line' id='line_1_34' title="bbox 224 1903 1799 1977; baseline 0.001 -20"><span class='ocrx_word' id='word_1_234' title='bbox 224 1904 416 1959; x_wconf 86' lang='lat' dir='ltr'><strong>ctionis</strong></span> <span class='ocrx_word' id='word_1_235' title='bbox 444 1919 605 1960; x_wconf 84' lang='lat' dir='ltr'><strong>causa</strong></span> <span class='ocrx_word' id='word_1_236' title='bbox 637 1903 773 1971; x_wconf 86' lang='lat' dir='ltr'><strong>feci;</strong></span> <span class='ocrx_word' id='word_1_237' title='bbox 813 1904 904 1961; x_wconf 91' lang='lat' dir='ltr'><strong>sed</strong></span> <span class='ocrx_word' id='word_1_238' title='bbox 934 1919 1002 1960; x_wconf 90' lang='lat' dir='ltr'><strong>ne</strong></span> <span class='ocrx_word' id='word_1_239' title='bbox 1035 1904 1346 1960; x_wconf 87' lang='lat' dir='ltr'><strong>scandalum</strong></span> <span class='ocrx_word' id='word_1_240' title='bbox 1386 1904 1631 1976; x_wconf 79' lang='lat' dir='ltr'><strong>religioni</strong></span> <span class='ocrx_word' id='word_1_241' title='bbox 1668 1903 1799 1977; x_wconf 83' lang='lat' dir='ltr'><strong>[Al.,</strong></span> 
     </span>
    </p>
   </div>
   <div class='ocr_carea' id='block_1_35' title="bbox 224 1993 1804 2067">
    <p class='ocr_par' dir='ltr' id='par_1_35' title="bbox 224 1993 1804 2067">
     <span class='ocr_line' id='line_1_35' title="bbox 224 1993 1804 2067; baseline 0.002 -19"><span class='ocrx_word' id='word_1_242' title='bbox 224 1993 453 2067; x_wconf 69' lang='lat' dir='ltr'><strong>regioni]</strong></span> <span class='ocrx_word' id='word_1_243' title='bbox 492 2003 684 2050; x_wconf 63' lang='lat' dir='ltr'><strong>vestrae</strong></span> <span class='ocrx_word' id='word_1_244' title='bbox 722 2010 855 2050; x_wconf 71' lang='lat' dir='ltr'><strong>mea:</strong></span> <span class='ocrx_word' id='word_1_245' title='bbox 892 1995 1210 2051; x_wconf 58' lang='lat' dir='ltr'><strong>inordinata;</strong></span> <span class='ocrx_word' id='word_1_246' title='bbox 1245 1996 1665 2052; x_wconf 89' lang='lat' dir='ltr'><strong>conversationis</strong></span> <span class='ocrx_word' id='word_1_247' title='bbox 1692 1995 1804 2051; x_wconf 88' lang='lat' dir='ltr'><strong>vita</strong></span> 
     </span>
    </p>
   </div>
   <div class='ocr_carea' id='block_1_36' title="bbox 223 2084 1797 2159">
    <p class='ocr_par' dir='ltr' id='par_1_36' title="bbox 223 2084 1797 2159">
     <span class='ocr_line' id='line_1_36' title="bbox 223 2084 1797 2159; baseline -0.001 -20"><span class='ocrx_word' id='word_1_248' title='bbox 223 2093 534 2155; x_wconf 79' lang='lat' dir='ltr'><strong>generaret;</strong></span> <span class='ocrx_word' id='word_1_249' title='bbox 567 2086 787 2159; x_wconf 88' lang='lat' dir='ltr'><strong>cupiens</strong></span> <span class='ocrx_word' id='word_1_250' title='bbox 820 2086 1105 2151; x_wconf 70' lang='lat' dir='ltr'><strong>aediﬁcare,</strong></span> <span class='ocrx_word' id='word_1_251' title='bbox 1136 2101 1243 2146; x_wconf 90' lang='lat' dir='ltr'><strong>non</strong></span> <span class='ocrx_word' id='word_1_252' title='bbox 1274 2086 1550 2149; x_wconf 83' lang='lat' dir='ltr'><strong>destruere</strong></span> <span class='ocrx_word' id='word_1_253' title='bbox 1597 2084 1797 2156; x_wconf 86' lang='lat' dir='ltr'><strong>(Eccli.</strong></span> 
     </span>
    </p>
   </div>
   <div class='ocr_carea' id='block_1_37' title="bbox 221 2174 1805 2253">
    <p class='ocr_par' dir='ltr' id='par_1_37' title="bbox 221 2174 1805 2253">
     <span class='ocr_line' id='line_1_37' title="bbox 221 2174 1805 2253; baseline 0.001 -26"><span class='ocrx_word' id='word_1_254' title='bbox 221 2188 406 2241; x_wconf 74' lang='lat' dir='ltr'><strong>xxxxv,</strong></span> <span class='ocrx_word' id='word_1_255' title='bbox 436 2175 559 2247; x_wconf 70' lang='lat'><strong>28);</strong></span> <span class='ocrx_word' id='word_1_256' title='bbox 592 2190 938 2247; x_wconf 80' lang='lat' dir='ltr'><strong>congregare,</strong></span> <span class='ocrx_word' id='word_1_257' title='bbox 962 2192 1070 2233; x_wconf 87' lang='lat' dir='ltr'><strong>non</strong></span> <span class='ocrx_word' id='word_1_258' title='bbox 1099 2189 1373 2245; x_wconf 78' lang='lat' dir='ltr'><strong>spargere.</strong></span> <span class='ocrx_word' id='word_1_259' title='bbox 1402 2174 1556 2253; x_wconf 84' lang='lat' dir='ltr'><strong>Nulla</strong></span> <span class='ocrx_word' id='word_1_260' title='bbox 1581 2182 1663 2230; x_wconf 90' lang='lat' dir='ltr'><strong>est</strong></span> <span class='ocrx_word' id='word_1_261' title='bbox 1690 2174 1805 2229; x_wconf 80' lang='lat' dir='ltr'><strong>ovi-</strong></span> 
     </span>
    </p>
   </div>
   <div class='ocr_carea' id='block_1_38' title="bbox 218 2263 1805 2341">
    <p class='ocr_par' dir='ltr' id='par_1_38' title="bbox 218 2263 1805 2341">
     <span class='ocr_line' id='line_1_38' title="bbox 218 2263 1805 2341; baseline 0.002 -23"><span class='ocrx_word' id='word_1_262' title='bbox 218 2263 318 2320; x_wconf 87' lang='lat' dir='ltr'><strong>bus</strong></span> <span class='ocrx_word' id='word_1_263' title='bbox 348 2265 553 2324; x_wconf 83' lang='lat' dir='ltr'><strong>Christi</strong></span> <span class='ocrx_word' id='word_1_264' title='bbox 571 2266 743 2341; x_wconf 86' lang='lat' dir='ltr'><strong>major</strong></span> <span class='ocrx_word' id='word_1_265' title='bbox 767 2266 1059 2333; x_wconf 88' lang='lat' dir='ltr'><strong>damnatio,</strong></span> <span class='ocrx_word' id='word_1_266' title='bbox 1083 2282 1243 2337; x_wconf 90' lang='lat' dir='ltr'><strong>quam</strong></span> <span class='ocrx_word' id='word_1_267' title='bbox 1265 2274 1452 2336; x_wconf 87' lang='lat' dir='ltr'><strong>pastor</strong></span> <span class='ocrx_word' id='word_1_268' title='bbox 1468 2267 1805 2322; x_wconf 89' lang='lat' dir='ltr'><strong>errabundus</strong></span> 
     </span>
    </p>
   </div>
   <div class='ocr_carea' id='block_1_39' title="bbox 215 2360 1805 2431">
    <p class='ocr_par' dir='ltr' id='par_1_39' title="bbox 215 2360 1805 2431">
     <span class='ocr_line' id='line_1_39' title="bbox 215 2360 1805 2431; baseline 0.001 -16"><span class='ocrx_word' id='word_1_269' title='bbox 215 2367 269 2415; x_wconf 85' lang='lat' dir='ltr'><strong>et</strong></span> <span class='ocrx_word' id='word_1_270' title='bbox 289 2360 566 2415; x_wconf 86' lang='lat' dir='ltr'><strong>seductor.</strong></span> <span class='ocrx_word' id='word_1_271' title='bbox 585 2360 687 2427; x_wconf 85' lang='lat' dir='ltr'><strong>Qui</strong></span> <span class='ocrx_word' id='word_1_272' title='bbox 713 2376 812 2431; x_wconf 90' lang='lat' dir='ltr'><strong>per</strong></span> <span class='ocrx_word' id='word_1_273' title='bbox 843 2362 995 2416; x_wconf 90' lang='lat' dir='ltr'><strong>devia</strong></span> <span class='ocrx_word' id='word_1_274' title='bbox 1025 2362 1244 2427; x_wconf 87' lang='lat' dir='ltr'><strong>orbitat,</strong></span> <span class='ocrx_word' id='word_1_275' title='bbox 1277 2362 1545 2431; x_wconf 91' lang='lat' dir='ltr'><strong>quomodo</strong></span> <span class='ocrx_word' id='word_1_276' title='bbox 1575 2377 1805 2431; x_wconf 89' lang='lat' dir='ltr'><strong>sequens</strong></span> 
     </span>
    </p>
   </div>
   <div class='ocr_carea' id='block_1_40' title="bbox 213 2447 1805 2522">
    <p class='ocr_par' dir='ltr' id='par_1_40' title="bbox 213 2447 1805 2522">
     <span class='ocr_line' id='line_1_40' title="bbox 213 2447 1805 2522; baseline 0.008 -22"><span class='ocrx_word' id='word_1_277' title='bbox 213 2447 400 2502; x_wconf 86' lang='lat' dir='ltr'><strong>viator</strong></span> <span class='ocrx_word' id='word_1_278' title='bbox 435 2452 589 2503; x_wconf 74' lang='lat' dir='ltr'><strong>viam</strong></span> <span class='ocrx_word' id='word_1_279' title='bbox 635 2449 835 2504; x_wconf 85' lang='lat' dir='ltr'><strong>incedit</strong></span> <span class='ocrx_word' id='word_1_280' title='bbox 876 2450 1114 2522; x_wconf 81' lang='lat' dir='ltr'><strong>regiam?</strong></span> <span class='ocrx_word' id='word_1_281' title='bbox 1158 2452 1346 2513; x_wconf 85' lang='lat' dir='ltr'><strong>Nonne</strong></span> <span class='ocrx_word' id='word_1_282' title='bbox 1396 2455 1588 2510; x_wconf 85' lang='lat' dir='ltr'><strong>hastile</strong></span> <span class='ocrx_word' id='word_1_283' title='bbox 1632 2455 1805 2512; x_wconf 87' lang='lat' dir='ltr'><strong>aciem</strong></span> 
     </span>
    </p>
   </div>
   <div class='ocr_carea' id='block_1_41' title="bbox 206 2537 946 2610">
    <p class='ocr_par' dir='ltr' id='par_1_41' title="bbox 206 2537 946 2610">
     <span class='ocr_line' id='line_1_41' title="bbox 206 2537 946 2610; baseline 0.007 -19"><span class='ocrx_word' id='word_1_284' title='bbox 206 2537 428 2599; x_wconf 69' lang='lat' dir='ltr'><strong>lancem</strong></span> <span class='ocrx_word' id='word_1_285' title='bbox 449 2539 693 2610; x_wconf 88' lang='lat' dir='ltr'><strong>sequitur</strong></span> <span class='ocrx_word' id='word_1_286' title='bbox 718 2539 773 2593; x_wconf 91' lang='lat' dir='ltr'><strong>in</strong></span> <span class='ocrx_word' id='word_1_287' title='bbox 802 2540 946 2596; x_wconf 85' lang='lat' dir='ltr'><strong>ictu?</strong></span> 
     </span>
    </p>
   </div>
   <div class='ocr_carea' id='block_1_42' title="bbox 283 2631 1808 2701">
    <p class='ocr_par' dir='ltr' id='par_1_42' title="bbox 283 2631 1808 2701">
     <span class='ocr_line' id='line_1_42' title="bbox 283 2631 1808 2701; baseline 0.002 -15"><span class='ocrx_word' id='word_1_288' title='bbox 283 2631 404 2686; x_wconf 79' lang='lat' dir='ltr'><strong>Vos</strong></span> <span class='ocrx_word' id='word_1_289' title='bbox 432 2646 580 2701; x_wconf 86' lang='lat' dir='ltr'><strong>vero,</strong></span> <span class='ocrx_word' id='word_1_290' title='bbox 611 2631 807 2688; x_wconf 80' lang='lat' dir='ltr'><strong>fratres</strong></span> <span class='ocrx_word' id='word_1_291' title='bbox 842 2633 1143 2689; x_wconf 88' lang='lat' dir='ltr'><strong>charisslmi</strong></span> <span class='ocrx_word' id='word_1_292' title='bbox 1165 2675 1180 2700; x_wconf 95' lang='lat'><strong>,</strong></span> <span class='ocrx_word' id='word_1_293' title='bbox 1221 2635 1347 2690; x_wconf 90' lang='lat' dir='ltr'><strong>totis</strong></span> <span class='ocrx_word' id='word_1_294' title='bbox 1372 2634 1574 2691; x_wconf 90' lang='lat' dir='ltr'><strong>viribus</strong></span> <span class='ocrx_word' id='word_1_295' title='bbox 1594 2643 1808 2691; x_wconf 87' lang='lat' dir='ltr'><strong>sancto-</strong></span> 
     </span>
    </p>
   </div>
   <div class='ocr_carea' id='block_1_43' title="bbox 212 2720 1808 2796">
    <p class='ocr_par' dir='ltr' id='par_1_43' title="bbox 212 2720 1808 2796">
     <span class='ocr_line' id='line_1_43' title="bbox 212 2720 1808 2796; baseline 0.002 -18"><span class='ocrx_word' id='word_1_296' title='bbox 212 2737 338 2778; x_wconf 86' lang='lat' dir='ltr'><strong>rum</strong></span> <span class='ocrx_word' id='word_1_297' title='bbox 384 2720 607 2775; x_wconf 85' lang='lat' dir='ltr'><strong>Patrum</strong></span> <span class='ocrx_word' id='word_1_298' title='bbox 636 2723 922 2791; x_wconf 86' lang='lat' dir='ltr'><strong>sequimini</strong></span> <span class='ocrx_word' id='word_1_299' title='bbox 963 2724 1234 2794; x_wconf 82' lang='lat' dir='ltr'><strong>exempla,</strong></span> <span class='ocrx_word' id='word_1_300' title='bbox 1268 2726 1586 2796; x_wconf 84' lang='lat' dir='ltr'><strong>iilorumque</strong></span> <span class='ocrx_word' id='word_1_301' title='bbox 1611 2726 1808 2781; x_wconf 71' lang='lat' dir='ltr'><strong>unani~</strong></span> 
     </span>
    </p>
   </div>
   <div class='ocr_carea' id='block_1_44' title="bbox 216 2810 1809 2888">
    <p class='ocr_par' dir='ltr' id='par_1_44' title="bbox 216 2810 1809 2888">
     <span class='ocr_line' id='line_1_44' title="bbox 216 2810 1809 2888; baseline 0.001 -21"><span class='ocrx_word' id='word_1_302' title='bbox 216 2812 385 2866; x_wconf 90' lang='lat' dir='ltr'><strong>miter</strong></span> <span class='ocrx_word' id='word_1_303' title='bbox 425 2810 745 2866; x_wconf 81' lang='lat' dir='ltr'><strong>obedientiae</strong></span> <span class='ocrx_word' id='word_1_304' title='bbox 781 2811 1008 2883; x_wconf 88' lang='lat' dir='ltr'><strong>pedibus</strong></span> <span class='ocrx_word' id='word_1_305' title='bbox 1057 2812 1244 2888; x_wconf 83' lang='lat' dir='ltr'><strong>[Edit.,</strong></span> <span class='ocrx_word' id='word_1_306' title='bbox 1292 2814 1562 2887; x_wconf 88' lang='lat' dir='ltr'><strong>precibus]</strong></span> <span class='ocrx_word' id='word_1_307' title='bbox 1611 2815 1809 2869; x_wconf 87' lang='lat' dir='ltr'><strong>intrate</strong></span> 
     </span>
    </p>
   </div>
   <div class='ocr_carea' id='block_1_45' title="bbox 215 2899 1808 2971">
    <p class='ocr_par' dir='ltr' id='par_1_45' title="bbox 215 2899 1808 2971">
     <span class='ocr_line' id='line_1_45' title="bbox 215 2899 1808 2971; baseline 0.003 -15"><span class='ocrx_word' id='word_1_308' title='bbox 215 2901 471 2971; x_wconf 86' lang='lat' dir='ltr'><strong>vestigia.</strong></span> <span class='ocrx_word' id='word_1_309' title='bbox 505 2899 774 2969; x_wconf 87' lang='lat' dir='ltr'><strong>Charitas,</strong></span> <span class='ocrx_word' id='word_1_310' title='bbox 805 2902 1127 2967; x_wconf 89' lang='lat' dir='ltr'><strong>obedientla,</strong></span> <span class='ocrx_word' id='word_1_311' title='bbox 1158 2904 1506 2960; x_wconf 83' lang='lat' dir='ltr'><strong>ethumilitas</strong></span> <span class='ocrx_word' id='word_1_312' title='bbox 1528 2904 1808 2960; x_wconf 89' lang='lat' dir='ltr'><strong>monachis</strong></span> 
     </span>
    </p>
   </div>
   <div class='ocr_carea' id='block_1_46' title="bbox 220 2971 1808 3071">
    <p class='ocr_par' dir='ltr' id='par_1_46' title="bbox 220 2971 1808 3071">
     <span class='ocr_line' id='line_1_46' title="bbox 220 2971 1808 3071; baseline 0.004 -24"><span class='ocrx_word' id='word_1_313' title='bbox 220 2992 338 3047; x_wconf 77' lang='grc' dir='ltr'><strong>οωΙί</strong></span> <span class='ocrx_word' id='word_1_314' title='bbox 356 2992 557 3062; x_wconf 88' lang='lat' dir='ltr'><strong>januas</strong></span> <span class='ocrx_word' id='word_1_315' title='bbox 578 2994 840 3065; x_wconf 86' lang='lat' dir='ltr'><strong>aperient.</strong></span> <span class='ocrx_word' id='word_1_316' title='bbox 862 2993 977 3049; x_wconf 85' lang='lat' dir='ltr'><strong>Non</strong></span> <span class='ocrx_word' id='word_1_317' title='bbox 999 2994 1088 3049; x_wconf 89' lang='lat' dir='ltr'><strong>illa</strong></span> <span class='ocrx_word' id='word_1_318' title='bbox 1110 2971 1373 3061; x_wconf 51' lang='lat' dir='ltr'><strong>Charitas?</strong></span> <span class='ocrx_word' id='word_1_319' title='bbox 1390 3013 1509 3071; x_wconf 77' lang='lat' dir='ltr'><strong>qute</strong></span> <span class='ocrx_word' id='word_1_320' title='bbox 1531 2997 1583 3052; x_wconf 92' lang='lat' dir='ltr'><strong>in</strong></span> <span class='ocrx_word' id='word_1_321' title='bbox 1603 2996 1629 3037; x_wconf 73' lang='grc' dir='ltr'>ἀ</span> <span class='ocrx_word' id='word_1_322' title='bbox 1651 2998 1808 3068; x_wconf 88' lang='lat' dir='ltr'><strong>pleno</strong></span> 
     </span>
    </p>
   </div>
   <div class='ocr_carea' id='block_1_47' title="bbox 1898 1891 3487 1977">
    <p class='ocr_par' dir='ltr' id='par_1_47' title="bbox 1898 1891 3487 1977">
     <span class='ocr_line' id='line_1_47' title="bbox 1898 1891 3487 1977; baseline -0.007 -18"><span class='ocrx_word' id='word_1_323' title='bbox 1898 1905 2177 1977; x_wconf 75' lang='lat' dir='ltr'><strong>iuventute</strong></span> <span class='ocrx_word' id='word_1_324' title='bbox 2205 1902 2430 1967; x_wconf 87' lang='lat' dir='ltr'><strong>discere,</strong></span> <span class='ocrx_word' id='word_1_325' title='bbox 2461 1902 2512 1955; x_wconf 92' lang='lat' dir='ltr'><strong>in</strong></span> <span class='ocrx_word' id='word_1_326' title='bbox 2543 1904 2817 1956; x_wconf 88' lang='lat' dir='ltr'><strong>senectute</strong></span> <span class='ocrx_word' id='word_1_327' title='bbox 2853 1899 2993 1952; x_wconf 85' lang='lat' dir='ltr'><strong>scire</strong></span> <span class='ocrx_word' id='word_1_328' title='bbox 3031 1910 3139 1950; x_wconf 91' lang='lat' dir='ltr'><strong>non</strong></span> <span class='ocrx_word' id='word_1_329' title='bbox 3177 1893 3394 1965; x_wconf 87' lang='lat' dir='ltr'><strong>poterit.</strong></span> <span class='ocrx_word' id='word_1_330' title='bbox 3417 1891 3487 1948; x_wconf 87' lang='lat' dir='ltr'><strong>Et</strong></span> 
     </span>
    </p>
   </div>
   <div class='ocr_carea' id='block_1_48' title="bbox 1902 1988 3486 2063">
    <p class='ocr_par' dir='ltr' id='par_1_48' title="bbox 1902 1988 3486 2063">
     <span class='ocr_line' id='line_1_48' title="bbox 1902 1988 3486 2063; baseline -0.008 -10"><span class='ocrx_word' id='word_1_331' title='bbox 1902 1998 2043 2053; x_wconf 88' lang='lat' dir='ltr'><strong>sicut</strong></span> <span class='ocrx_word' id='word_1_332' title='bbox 2088 1994 2270 2051; x_wconf 67' lang='lat' dir='ltr'><strong>steculi</strong></span> <span class='ocrx_word' id='word_1_333' title='bbox 2313 2009 2508 2049; x_wconf 85' lang='lat' dir='ltr'><strong>avarus</strong></span> <span class='ocrx_word' id='word_1_334' title='bbox 2564 1991 2804 2063; x_wconf 88' lang='lat' dir='ltr'><strong>quotidie</strong></span> <span class='ocrx_word' id='word_1_335' title='bbox 2861 1989 2963 2045; x_wconf 91' lang='lat' dir='ltr'><strong>sibi</strong></span> <span class='ocrx_word' id='word_1_336' title='bbox 3018 1988 3232 2043; x_wconf 91' lang='lat' dir='ltr'><strong>divitias</strong></span> <span class='ocrx_word' id='word_1_337' title='bbox 3289 2001 3486 2057; x_wconf 87' lang='lat' dir='ltr'><strong>augere</strong></span> 
     </span>
    </p>
   </div>
   <div class='ocr_carea' id='block_1_49' title="bbox 1901 2079 3488 2160">
    <p class='ocr_par' dir='ltr' id='par_1_49' title="bbox 1901 2079 3488 2160">
     <span class='ocr_line' id='line_1_49' title="bbox 1901 2079 3488 2160; baseline -0.01 -10"><span class='ocrx_word' id='word_1_338' title='bbox 1901 2084 2098 2159; x_wconf 77' lang='lat' dir='ltr'><strong>studet,</strong></span> <span class='ocrx_word' id='word_1_339' title='bbox 2126 2092 2206 2148; x_wconf 90' lang='lat' dir='ltr'><strong>sic</strong></span> <span class='ocrx_word' id='word_1_340' title='bbox 2239 2106 2428 2145; x_wconf 86' lang='lat' dir='ltr'><strong>servus</strong></span> <span class='ocrx_word' id='word_1_341' title='bbox 2456 2088 2550 2143; x_wconf 89' lang='lat' dir='ltr'><strong>Dei</strong></span> <span class='ocrx_word' id='word_1_342' title='bbox 2580 2085 2853 2160; x_wconf 82' lang='lat' dir='ltr'><strong>sapientiae</strong></span> <span class='ocrx_word' id='word_1_343' title='bbox 2880 2098 3038 2157; x_wconf 84' lang='lat' dir='ltr'><strong>gazas</strong></span> <span class='ocrx_word' id='word_1_344' title='bbox 3060 2081 3111 2136; x_wconf 89' lang='lat' dir='ltr'><strong>in</strong></span> <span class='ocrx_word' id='word_1_345' title='bbox 3135 2080 3217 2135; x_wconf 85' lang='lat' dir='ltr'><strong>sui</strong></span> <span class='ocrx_word' id='word_1_346' title='bbox 3251 2079 3488 2151; x_wconf 84' lang='lat' dir='ltr'><strong>pectoris</strong></span> 
     </span>
    </p>
   </div>
   <div class='ocr_carea' id='block_1_50' title="bbox 1901 2170 3487 2253">
    <p class='ocr_par' dir='ltr' id='par_1_50' title="bbox 1901 2170 3487 2253">
     <span class='ocr_line' id='line_1_50' title="bbox 1901 2170 3487 2253; baseline -0.012 -12"><span class='ocrx_word' id='word_1_347' title='bbox 1901 2200 2089 2241; x_wconf 89' lang='lat' dir='ltr'><strong>saccos</strong></span> <span class='ocrx_word' id='word_1_348' title='bbox 2117 2181 2359 2253; x_wconf 90' lang='lat' dir='ltr'><strong>quotidie</strong></span> <span class='ocrx_word' id='word_1_349' title='bbox 2392 2192 2719 2250; x_wconf 78' lang='lat' dir='ltr'><strong>congregare</strong></span> <span class='ocrx_word' id='word_1_350' title='bbox 2750 2176 2980 2239; x_wconf 85' lang='lat' dir='ltr'><strong>studeat,</strong></span> <span class='ocrx_word' id='word_1_351' title='bbox 3014 2181 3085 2226; x_wconf 83' lang='lat' dir='ltr'><strong>ut’</strong></span> <span class='ocrx_word' id='word_1_352' title='bbox 3113 2172 3183 2227; x_wconf 91' lang='lat' dir='ltr'><strong>sit</strong></span> <span class='ocrx_word' id='word_1_353' title='bbox 3219 2170 3389 2224; x_wconf 84' lang='lat' dir='ltr'><strong>scriba</strong></span> <span class='ocrx_word' id='word_1_354' title='bbox 3430 2170 3487 2224; x_wconf 89' lang='lat' dir='ltr'><strong>in</strong></span> 
     </span>
    </p>
   </div>
   <div class='ocr_carea' id='block_1_51' title="bbox 1900 2261 3488 2340">
    <p class='ocr_par' dir='ltr' id='par_1_51' title="bbox 1900 2261 3488 2340">
     <span class='ocr_line' id='line_1_51' title="bbox 1900 2261 3488 2340; baseline -0.01 -11"><span class='ocrx_word' id='word_1_355' title='bbox 1900 2273 2142 2329; x_wconf 89' lang='lat' dir='ltr'><strong>Ecclesia</strong></span> <span class='ocrx_word' id='word_1_356' title='bbox 2161 2271 2258 2325; x_wconf 89' lang='lat' dir='ltr'><strong>Dei</strong></span> <span class='ocrx_word' id='word_1_357' title='bbox 2279 2270 2480 2333; x_wconf 85' lang='lat' dir='ltr'><strong>doctus,</strong></span> <span class='ocrx_word' id='word_1_358' title='bbox 2502 2268 2770 2340; x_wconf 79' lang='lat' dir='ltr'><strong>proferens</strong></span> <span class='ocrx_word' id='word_1_359' title='bbox 2796 2266 2860 2319; x_wconf 80' lang='lat' dir='ltr'><strong>de</strong></span> <span class='ocrx_word' id='word_1_360' title='bbox 2889 2265 3130 2319; x_wconf 77' lang='lat' dir='ltr'><strong>thesauro</strong></span> <span class='ocrx_word' id='word_1_361' title='bbox 3157 2261 3335 2317; x_wconf 88' lang='lat' dir='ltr'><strong>cordis</strong></span> <span class='ocrx_word' id='word_1_362' title='bbox 3356 2272 3488 2314; x_wconf 84' lang='lat' dir='ltr'><strong>nova</strong></span> 
     </span>
    </p>
   </div>
   <div class='ocr_carea' id='block_1_52' title="bbox 1901 2348 3484 2421">
    <p class='ocr_par' dir='ltr' id='par_1_52' title="bbox 1901 2348 3484 2421">
     <span class='ocr_line' id='line_1_52' title="bbox 1901 2348 3484 2421; baseline -0.009 -6"><span class='ocrx_word' id='word_1_363' title='bbox 1901 2370 1950 2416; x_wconf 88' lang='lat' dir='ltr'><strong>et</strong></span> <span class='ocrx_word' id='word_1_364' title='bbox 1974 2371 2142 2414; x_wconf 83' lang='lat' dir='ltr'><strong>vetera</strong></span> <span class='ocrx_word' id='word_1_365' title='bbox 2164 2359 2438 2414; x_wconf 86' lang='lat' dir='ltr'><strong>conservis</strong></span> <span class='ocrx_word' id='word_1_366' title='bbox 2459 2357 2570 2411; x_wconf 91' lang='lat' dir='ltr'><strong>suis</strong></span> <span class='ocrx_word' id='word_1_367' title='bbox 2592 2355 2825 2411; x_wconf 70' lang='lat' dir='ltr'><strong>cmlestis</strong></span> <span class='ocrx_word' id='word_1_368' title='bbox 2846 2352 3090 2408; x_wconf 65' lang='lat' dir='ltr'><strong>scientia:</strong></span> <span class='ocrx_word' id='word_1_369' title='bbox 3107 2351 3246 2405; x_wconf 89' lang='lat' dir='ltr'><strong>dona</strong></span> <span class='ocrx_word' id='word_1_370' title='bbox 3268 2348 3484 2421; x_wconf 78' lang='lat' dir='ltr'><strong>(Matth.</strong></span> 
     </span>
    </p>
   </div>
   <div class='ocr_carea' id='block_1_53' title="bbox 1903 2441 3487 2519">
    <p class='ocr_par' dir='ltr' id='par_1_53' title="bbox 1903 2441 3487 2519">
     <span class='ocr_line' id='line_1_53' title="bbox 1903 2441 3487 2519; baseline -0.009 -14"><span class='ocrx_word' id='word_1_371' title='bbox 1903 2466 2025 2514; x_wconf 80' lang='lat' dir='ltr'><strong>xm,</strong></span> <span class='ocrx_word' id='word_1_372' title='bbox 2073 2448 2184 2519; x_wconf 85' lang='grc'><strong>52),</strong></span> <span class='ocrx_word' id='word_1_373' title='bbox 2222 2455 2485 2517; x_wconf 89' lang='lat' dir='ltr'><strong>quatenus</strong></span> <span class='ocrx_word' id='word_1_374' title='bbox 2517 2445 2672 2515; x_wconf 76' lang='lat' dir='ltr'><strong>juxta</strong></span> <span class='ocrx_word' id='word_1_375' title='bbox 2706 2443 2939 2497; x_wconf 83' lang='lat' dir='ltr'><strong>Danielis</strong></span> <span class='ocrx_word' id='word_1_376' title='bbox 2979 2441 3317 2511; x_wconf 84' lang='lat' dir='ltr'><strong>prophetiam</strong></span> <span class='ocrx_word' id='word_1_377' title='bbox 3359 2454 3487 2492; x_wconf 89' lang='lat' dir='ltr'><strong>eru—</strong></span> 
     </span>
    </p>
   </div>
   <div class='ocr_carea' id='block_1_54' title="bbox 1903 2529 3485 2602">
    <p class='ocr_par' dir='ltr' id='par_1_54' title="bbox 1903 2529 3485 2602">
     <span class='ocr_line' id='line_1_54' title="bbox 1903 2529 3485 2602; baseline -0.008 -6"><span class='ocrx_word' id='word_1_378' title='bbox 1903 2541 2059 2597; x_wconf 90' lang='lat' dir='ltr'><strong>diens</strong></span> <span class='ocrx_word' id='word_1_379' title='bbox 2082 2538 2296 2602; x_wconf 91' lang='lat' dir='ltr'><strong>multos,</strong></span> <span class='ocrx_word' id='word_1_380' title='bbox 2335 2537 2474 2592; x_wconf 90' lang='lat' dir='ltr'><strong>sicut</strong></span> <span class='ocrx_word' id='word_1_381' title='bbox 2508 2537 2903 2589; x_wconf 88' lang='lat' dir='ltr'><strong>ﬁrmamentum</strong></span> <span class='ocrx_word' id='word_1_382' title='bbox 2941 2531 3111 2589; x_wconf 86' lang='lat' dir='ltr'><strong>stellis</strong></span> <span class='ocrx_word' id='word_1_383' title='bbox 3147 2540 3401 2587; x_wconf 89' lang='lat' dir='ltr'><strong>ornatum</strong></span> <span class='ocrx_word' id='word_1_384' title='bbox 3430 2529 3485 2584; x_wconf 89' lang='lat' dir='ltr'><strong>in</strong></span> 
     </span>
    </p>
   </div>
   <div class='ocr_carea' id='block_1_55' title="bbox 1903 2626 3161 2705">
    <p class='ocr_par' dir='ltr' id='par_1_55' title="bbox 1903 2626 3161 2705">
     <span class='ocr_line' id='line_1_55' title="bbox 1903 2626 3161 2705; baseline -0.007 -16"><span class='ocrx_word' id='word_1_385' title='bbox 1903 2640 2161 2705; x_wconf 88' lang='lat' dir='ltr'><strong>perpetua</strong></span> <span class='ocrx_word' id='word_1_386' title='bbox 2187 2631 2383 2704; x_wconf 87' lang='lat' dir='ltr'><strong>fulgeat</strong></span> <span class='ocrx_word' id='word_1_387' title='bbox 2404 2629 2736 2686; x_wconf 88' lang='lat' dir='ltr'><strong>beatitudine</strong></span> <span class='ocrx_word' id='word_1_388' title='bbox 2763 2628 2923 2701; x_wconf 88' lang='lat' dir='ltr'><strong>(Dan.</strong></span> <span class='ocrx_word' id='word_1_389' title='bbox 2955 2644 3056 2693; x_wconf 78' lang='lat' dir='ltr'><strong>xu,</strong></span> <span class='ocrx_word' id='word_1_390' title='bbox 3084 2626 3161 2696; x_wconf 81' lang='lat'><strong>&#39;5).</strong></span> 
     </span>
    </p>
   </div>
   <div class='ocr_carea' id='block_1_56' title="bbox 1977 2714 3489 2790">
    <p class='ocr_par' dir='ltr' id='par_1_56' title="bbox 1977 2714 3489 2790">
     <span class='ocr_line' id='line_1_56' title="bbox 1977 2714 3489 2790; baseline -0.005 -13"><span class='ocrx_word' id='word_1_391' title='bbox 1977 2723 2092 2777; x_wconf 88' lang='lat' dir='ltr'><strong>Non</strong></span> <span class='ocrx_word' id='word_1_392' title='bbox 2122 2739 2226 2785; x_wconf 89' lang='lat' dir='ltr'><strong>me,</strong></span> <span class='ocrx_word' id='word_1_393' title='bbox 2260 2722 2502 2784; x_wconf 88' lang='lat' dir='ltr'><strong>obsecro,</strong></span> <span class='ocrx_word' id='word_1_394' title='bbox 2546 2726 3029 2790; x_wconf 69' lang='lat' dir='ltr'><strong>prtesumptuosum</strong></span> <span class='ocrx_word' id='word_1_395' title='bbox 3061 2716 3342 2782; x_wconf 65' lang='lat' dir='ltr'><strong>aestimate,</strong></span> <span class='ocrx_word' id='word_1_396' title='bbox 3380 2714 3489 2770; x_wconf 88' lang='lat' dir='ltr'><strong>fra-</strong></span> 
     </span>
    </p>
   </div>
   <div class='ocr_carea' id='block_1_57' title="bbox 1905 2805 3491 2885">
    <p class='ocr_par' dir='ltr' id='par_1_57' title="bbox 1905 2805 3491 2885">
     <span class='ocr_line' id='line_1_57' title="bbox 1905 2805 3491 2885; baseline -0.007 -15"><span class='ocrx_word' id='word_1_397' title='bbox 1905 2822 2036 2877; x_wconf 90' lang='lat' dir='ltr'><strong>tres,</strong></span> <span class='ocrx_word' id='word_1_398' title='bbox 2057 2830 2154 2885; x_wconf 89' lang='lat' dir='ltr'><strong>pro</strong></span> <span class='ocrx_word' id='word_1_399' title='bbox 2175 2812 2333 2883; x_wconf 85' lang='lat' dir='ltr'><strong>hujus</strong></span> <span class='ocrx_word' id='word_1_400' title='bbox 2356 2810 2735 2867; x_wconf 89' lang='lat' dir='ltr'><strong>admonitionis</strong></span> <span class='ocrx_word' id='word_1_401' title='bbox 2762 2806 3025 2863; x_wconf 84' lang='lat' dir='ltr'><strong>chartula.</strong></span> <span class='ocrx_word' id='word_1_402' title='bbox 3058 2807 3163 2862; x_wconf 88' lang='lat' dir='ltr'><strong>Sed</strong></span> <span class='ocrx_word' id='word_1_403' title='bbox 3197 2806 3339 2876; x_wconf 90' lang='lat' dir='ltr'><strong>quod</strong></span> <span class='ocrx_word' id='word_1_404' title='bbox 3367 2805 3491 2861; x_wconf 84' lang='lat' dir='ltr'><strong>cha-</strong></span> 
     </span>
    </p>
   </div>
   <div class='ocr_carea' id='block_1_58' title="bbox 1908 2895 3493 2976">
    <p class='ocr_par' dir='ltr' id='par_1_58' title="bbox 1908 2895 3493 2976">
     <span class='ocr_line' id='line_1_58' title="bbox 1908 2895 3493 2976; baseline -0.006 -18"><span class='ocrx_word' id='word_1_405' title='bbox 1908 2904 2088 2960; x_wconf 90' lang='lat' dir='ltr'><strong>ritatis</strong></span> <span class='ocrx_word' id='word_1_406' title='bbox 2118 2903 2299 2976; x_wconf 79' lang='lat' dir='ltr'><strong>lingua</strong></span> <span class='ocrx_word' id='word_1_407' title='bbox 2337 2901 2552 2965; x_wconf 87' lang='lat' dir='ltr'><strong>dictavi,</strong></span> <span class='ocrx_word' id='word_1_408' title='bbox 2589 2914 2686 2954; x_wconf 85' lang='lat' dir='ltr'><strong>vos</strong></span> <span class='ocrx_word' id='word_1_409' title='bbox 2722 2898 3039 2953; x_wconf 89' lang='lat' dir='ltr'><strong>humilitatis</strong></span> <span class='ocrx_word' id='word_1_410' title='bbox 3064 2895 3322 2967; x_wconf 85' lang='lat' dir='ltr'><strong>perlegite</strong></span> <span class='ocrx_word' id='word_1_411' title='bbox 3361 2910 3493 2951; x_wconf 81' lang='lat' dir='ltr'><strong>ocu-</strong></span> 
     </span>
    </p>
   </div>
   <div class='ocr_carea' id='block_1_59' title="bbox 1906 2987 3487 3062">
    <p class='ocr_par' dir='ltr' id='par_1_59' title="bbox 1906 2987 3487 3062">
     <span class='ocr_line' id='line_1_59' title="bbox 1906 2987 3487 3062; baseline -0.007 -12"><span class='ocrx_word' id='word_1_412' title='bbox 1906 2994 1992 3059; x_wconf 90' lang='lat' dir='ltr'><strong>lis,</strong></span> <span class='ocrx_word' id='word_1_413' title='bbox 2024 3008 2307 3062; x_wconf 89' lang='lat' dir='ltr'><strong>meamque</strong></span> <span class='ocrx_word' id='word_1_414' title='bbox 2337 2990 2681 3060; x_wconf 84' lang='lat' dir='ltr'><strong>fragilitatem</strong></span> <span class='ocrx_word' id='word_1_415' title='bbox 2714 2989 3017 3043; x_wconf 88' lang='lat' dir='ltr'><strong>orationum</strong></span> <span class='ocrx_word' id='word_1_416' title='bbox 3048 2987 3247 3042; x_wconf 71' lang='lat' dir='ltr'><strong>auxilio</strong></span> <span class='ocrx_word' id='word_1_417' title='bbox 3275 2994 3487 3042; x_wconf 85' lang='lat' dir='ltr'><strong>vestra-</strong></span> 
     </span>
    </p>
   </div>
   <div class='ocr_carea' id='block_1_60' title="bbox 218 3079 3491 3180">
    <p class='ocr_par' dir='ltr' id='par_1_60' title="bbox 218 3079 3491 3180">
     <span class='ocr_line' id='line_1_60' title="bbox 218 3079 3491 3180; baseline -0.001 -44"><span class='ocrx_word' id='word_1_418' title='bbox 218 3091 444 3152; x_wconf 87' lang='lat' dir='ltr'><strong>potatur</strong></span> <span class='ocrx_word' id='word_1_419' title='bbox 486 3082 673 3149; x_wconf 88' lang='lat' dir='ltr'><strong>calice,</strong></span> <span class='ocrx_word' id='word_1_420' title='bbox 705 3085 798 3139; x_wconf 88' lang='lat' dir='ltr'><strong>sed</strong></span> <span class='ocrx_word' id='word_1_421' title='bbox 837 3084 926 3138; x_wconf 90' lang='lat' dir='ltr'><strong>illa</strong></span> <span class='ocrx_word' id='word_1_422' title='bbox 953 3101 1072 3155; x_wconf 68' lang='lat' dir='ltr'><strong>qute</strong></span> <span class='ocrx_word' id='word_1_423' title='bbox 1105 3086 1160 3139; x_wconf 93' lang='lat' dir='ltr'><strong>in</strong></span> <span class='ocrx_word' id='word_1_424' title='bbox 1189 3094 1408 3156; x_wconf 89' lang='lat' dir='ltr'><strong>pectore</strong></span> <span class='ocrx_word' id='word_1_425' title='bbox 1445 3087 1561 3142; x_wconf 90' lang='lat' dir='ltr'><strong>sine</strong></span> <span class='ocrx_word' id='word_1_426' title='bbox 1589 3086 1881 3180; x_wconf 51' lang='lat' dir='ltr'><strong>simula~c</strong></span> <span class='ocrx_word' id='word_1_427' title='bbox 1911 3100 2031 3140; x_wconf 89' lang='lat' dir='ltr'><strong>rum</strong></span> <span class='ocrx_word' id='word_1_428' title='bbox 2061 3085 2325 3146; x_wconf 81' lang='lat' dir='ltr'><strong>roborato,</strong></span> <span class='ocrx_word' id='word_1_429' title='bbox 2365 3089 2422 3136; x_wconf 92' lang='lat' dir='ltr'><strong>ut</strong></span> <span class='ocrx_word' id='word_1_430' title='bbox 2455 3082 2549 3135; x_wconf 90' lang='lat' dir='ltr'><strong>Dei</strong></span> <span class='ocrx_word' id='word_1_431' title='bbox 2574 3079 2807 3135; x_wconf 87' lang='lat' dir='ltr'><strong>donante</strong></span> <span class='ocrx_word' id='word_1_432' title='bbox 2837 3079 3119 3135; x_wconf 89' lang='lat' dir='ltr'><strong>clementia</strong></span> <span class='ocrx_word' id='word_1_433' title='bbox 3142 3086 3491 3148; x_wconf 84' lang='lat' dir='ltr'><strong>peccatorum</strong></span> 
     </span>
    </p>
   </div>
   <div class='ocr_carea' id='block_1_61' title="bbox 220 3172 1807 3248">
    <p class='ocr_par' dir='ltr' id='par_1_61' title="bbox 220 3172 1807 3248">
     <span class='ocr_line' id='line_1_61' title="bbox 220 3172 1807 3248; baseline 0.003 -19"><span class='ocrx_word' id='word_1_434' title='bbox 220 3172 364 3229; x_wconf 84' lang='lat' dir='ltr'><strong>tione</strong></span> <span class='ocrx_word' id='word_1_435' title='bbox 392 3182 647 3228; x_wconf 85' lang='lat' dir='ltr'><strong>versatur</strong></span> <span class='ocrx_word' id='word_1_436' title='bbox 669 3173 907 3231; x_wconf 87' lang='lat' dir='ltr'><strong>fraterno</strong></span> <span class='ocrx_word' id='word_1_437' title='bbox 941 3192 956 3230; x_wconf 93' lang='lat'><strong>:</strong></span> <span class='ocrx_word' id='word_1_438' title='bbox 992 3191 1099 3231; x_wconf 91' lang='lat' dir='ltr'><strong>non</strong></span> <span class='ocrx_word' id='word_1_439' title='bbox 1136 3191 1230 3232; x_wconf 90' lang='lat' dir='ltr'><strong>sua</strong></span> <span class='ocrx_word' id='word_1_440' title='bbox 1263 3192 1528 3246; x_wconf 64' lang='lat' dir='ltr'><strong>quaerens,</strong></span> <span class='ocrx_word' id='word_1_441' title='bbox 1566 3178 1658 3233; x_wconf 88' lang='lat' dir='ltr'><strong>sed</strong></span> <span class='ocrx_word' id='word_1_442' title='bbox 1687 3193 1807 3248; x_wconf 83' lang='lat' dir='ltr'><strong>quae</strong></span> 
     </span>
    </p>
   </div>
   <div class='ocr_carea' id='block_1_62' title="bbox 221 3259 1808 3336">
    <p class='ocr_par' dir='ltr' id='par_1_62' title="bbox 221 3259 1808 3336">
     <span class='ocr_line' id='line_1_62' title="bbox 221 3259 1808 3336; baseline 0.006 -23"><span class='ocrx_word' id='word_1_443' title='bbox 221 3259 445 3316; x_wconf 87' lang='lat' dir='ltr'><strong>alterius</strong></span> <span class='ocrx_word' id='word_1_444' title='bbox 468 3269 594 3316; x_wconf 89' lang='lat' dir='ltr'><strong>sunt</strong></span> <span class='ocrx_word' id='word_1_445' title='bbox 622 3262 674 3333; x_wconf 85' lang='grc' dir='ltr'><strong>(Ι</strong></span> <span class='ocrx_word' id='word_1_446' title='bbox 701 3261 824 3317; x_wconf 89' lang='lat' dir='ltr'><strong>Cor.</strong></span> <span class='ocrx_word' id='word_1_447' title='bbox 849 3279 969 3329; x_wconf 85' lang='lat' dir='ltr'><strong>xm,</strong></span> <span class='ocrx_word' id='word_1_448' title='bbox 997 3264 1083 3334; x_wconf 85' lang='lat'><strong>5);</strong></span> <span class='ocrx_word' id='word_1_449' title='bbox 1123 3267 1372 3321; x_wconf 91' lang='lat' dir='ltr'><strong>omnibus</strong></span> <span class='ocrx_word' id='word_1_450' title='bbox 1406 3268 1661 3336; x_wconf 89' lang='lat' dir='ltr'><strong>prodesse</strong></span> <span class='ocrx_word' id='word_1_451' title='bbox 1698 3283 1808 3323; x_wconf 88' lang='lat' dir='ltr'><strong>non</strong></span> 
     </span>
    </p>
   </div>
   <div class='ocr_carea' id='block_1_63' title="bbox 220 3351 1807 3422">
    <p class='ocr_par' dir='ltr' id='par_1_63' title="bbox 220 3351 1807 3422">
     <span class='ocr_line' id='line_1_63' title="bbox 220 3351 1807 3422; baseline 0.003 -18"><span class='ocrx_word' id='word_1_452' title='bbox 220 3351 318 3404; x_wconf 85' lang='lat' dir='ltr'><strong>sibi</strong></span> <span class='ocrx_word' id='word_1_453' title='bbox 361 3351 639 3422; x_wconf 87' lang='lat' dir='ltr'><strong>placuisse</strong></span> <span class='ocrx_word' id='word_1_454' title='bbox 682 3369 948 3422; x_wconf 66' lang='lat' dir='ltr'><strong>quaerens.</strong></span> <span class='ocrx_word' id='word_1_455' title='bbox 1001 3354 1117 3411; x_wconf 88' lang='lat' dir='ltr'><strong>Non</strong></span> <span class='ocrx_word' id='word_1_456' title='bbox 1168 3355 1255 3410; x_wconf 91' lang='lat' dir='ltr'><strong>illa</strong></span> <span class='ocrx_word' id='word_1_457' title='bbox 1296 3355 1569 3410; x_wconf 89' lang='lat' dir='ltr'><strong>humilitas</strong></span> <span class='ocrx_word' id='word_1_458' title='bbox 1599 3362 1807 3409; x_wconf 90' lang='lat' dir='ltr'><strong>tantum</strong></span> 
     </span>
    </p>
   </div>
   <div class='ocr_carea' id='block_1_64' title="bbox 221 3445 1808 3516">
    <p class='ocr_par' dir='ltr' id='par_1_64' title="bbox 221 3445 1808 3516">
     <span class='ocr_line' id='line_1_64' title="bbox 221 3445 1808 3516; baseline 0.003 -18"><span class='ocrx_word' id='word_1_459' title='bbox 221 3458 336 3513; x_wconf 81' lang='lat' dir='ltr'><strong>quae</strong></span> <span class='ocrx_word' id='word_1_460' title='bbox 366 3445 424 3499; x_wconf 91' lang='lat' dir='ltr'><strong>in</strong></span> <span class='ocrx_word' id='word_1_461' title='bbox 466 3445 661 3516; x_wconf 86' lang='lat' dir='ltr'><strong>capitis</strong></span> <span class='ocrx_word' id='word_1_462' title='bbox 701 3446 1045 3503; x_wconf 86' lang='lat' dir='ltr'><strong>inclinatione</strong></span> <span class='ocrx_word' id='word_1_463' title='bbox 1076 3446 1209 3503; x_wconf 89' lang='lat' dir='ltr'><strong>foris</strong></span> <span class='ocrx_word' id='word_1_464' title='bbox 1240 3447 1556 3512; x_wconf 86' lang='lat' dir='ltr'><strong>ostenditur,</strong></span> <span class='ocrx_word' id='word_1_465' title='bbox 1589 3448 1680 3501; x_wconf 89' lang='lat' dir='ltr'><strong>sed</strong></span> <span class='ocrx_word' id='word_1_466' title='bbox 1718 3446 1808 3502; x_wconf 89' lang='lat' dir='ltr'><strong>illa</strong></span> 
     </span>
    </p>
   </div>
   <div class='ocr_carea' id='block_1_65' title="bbox 223 3536 1809 3609">
    <p class='ocr_par' dir='ltr' id='par_1_65' title="bbox 223 3536 1809 3609">
     <span class='ocr_line' id='line_1_65' title="bbox 223 3536 1809 3609; baseline 0.003 -20"><span class='ocrx_word' id='word_1_467' title='bbox 223 3550 335 3604; x_wconf 66' lang='lat' dir='ltr'><strong>quae</strong></span> <span class='ocrx_word' id='word_1_468' title='bbox 351 3536 407 3591; x_wconf 90' lang='lat' dir='ltr'><strong>in</strong></span> <span class='ocrx_word' id='word_1_469' title='bbox 432 3536 619 3591; x_wconf 88' lang='lat' dir='ltr'><strong>cordis</strong></span> <span class='ocrx_word' id='word_1_470' title='bbox 644 3538 1074 3594; x_wconf 87' lang='lat' dir='ltr'><strong>consideratione</strong></span> <span class='ocrx_word' id='word_1_471' title='bbox 1099 3547 1224 3594; x_wconf 86' lang='lat' dir='ltr'><strong>ante</strong></span> <span class='ocrx_word' id='word_1_472' title='bbox 1244 3546 1587 3609; x_wconf 89' lang='lat' dir='ltr'><strong>conspectum</strong></span> <span class='ocrx_word' id='word_1_473' title='bbox 1614 3538 1809 3593; x_wconf 91' lang='lat' dir='ltr'><strong>summi</strong></span> 
     </span>
    </p>
   </div>
   <div class='ocr_carea' id='block_1_66' title="bbox 222 3622 1811 3697">
    <p class='ocr_par' dir='ltr' id='par_1_66' title="bbox 222 3622 1811 3697">
     <span class='ocr_line' id='line_1_66' title="bbox 222 3622 1811 3697; baseline 0.003 -18"><span class='ocrx_word' id='word_1_474' title='bbox 222 3622 407 3695; x_wconf 82' lang='lat' dir='ltr'><strong>iudicis</strong></span> <span class='ocrx_word' id='word_1_475' title='bbox 440 3626 697 3683; x_wconf 88' lang='lat' dir='ltr'><strong>omnibus</strong></span> <span class='ocrx_word' id='word_1_476' title='bbox 731 3643 789 3683; x_wconf 91' lang='lat' dir='ltr'><strong>se</strong></span> <span class='ocrx_word' id='word_1_477' title='bbox 823 3627 1132 3684; x_wconf 87' lang='lat' dir='ltr'><strong>inferiorem</strong></span> <span class='ocrx_word' id='word_1_478' title='bbox 1162 3643 1282 3684; x_wconf 90' lang='lat' dir='ltr'><strong>esse</strong></span> <span class='ocrx_word' id='word_1_479' title='bbox 1309 3627 1536 3697; x_wconf 89' lang='lat' dir='ltr'><strong>judicat.</strong></span> <span class='ocrx_word' id='word_1_480' title='bbox 1572 3627 1708 3695; x_wconf 83' lang='lat' dir='ltr'><strong>Quid</strong></span> <span class='ocrx_word' id='word_1_481' title='bbox 1743 3629 1811 3683; x_wconf 89' lang='lat' dir='ltr'><strong>de</strong></span> 
     </span>
    </p>
   </div>
   <div class='ocr_carea' id='block_1_67' title="bbox 223 3698 1812 3788">
    <p class='ocr_par' dir='ltr' id='par_1_67' title="bbox 223 3698 1812 3788">
     <span class='ocr_line' id='line_1_67' title="bbox 223 3698 1812 3788; baseline 0.003 -23"><span class='ocrx_word' id='word_1_482' title='bbox 223 3713 534 3770; x_wconf 86' lang='lat' dir='ltr'><strong>ohedientia</strong></span> <span class='ocrx_word' id='word_1_483' title='bbox 578 3714 769 3784; x_wconf 85' lang='lat' dir='ltr'><strong>loquor</strong></span> <span class='ocrx_word' id='word_1_484' title='bbox 798 3714 988 3786; x_wconf 77' lang='lat' dir='ltr'><strong>[Mab.,</strong></span> <span class='ocrx_word' id='word_1_485' title='bbox 1030 3698 1273 3788; x_wconf 81' lang='lat' dir='ltr'><strong>loquar],</strong></span> <span class='ocrx_word' id='word_1_486' title='bbox 1305 3717 1431 3771; x_wconf 90' lang='lat' dir='ltr'><strong>dum</strong></span> <span class='ocrx_word' id='word_1_487' title='bbox 1473 3725 1585 3772; x_wconf 90' lang='lat' dir='ltr'><strong>tota</strong></span> <span class='ocrx_word' id='word_1_488' title='bbox 1622 3722 1812 3770; x_wconf 68' lang='lat' dir='ltr'><strong>mona~</strong></span> 
     </span>
    </p>
   </div>
   <div class='ocr_carea' id='block_1_68' title="bbox 222 3802 1812 3876">
    <p class='ocr_par' dir='ltr' id='par_1_68' title="bbox 222 3802 1812 3876">
     <span class='ocr_line' id='line_1_68' title="bbox 222 3802 1812 3876; baseline 0.002 -19"><span class='ocrx_word' id='word_1_489' title='bbox 222 3802 449 3859; x_wconf 87' lang='lat' dir='ltr'><strong>chorum</strong></span> <span class='ocrx_word' id='word_1_490' title='bbox 498 3804 611 3860; x_wconf 89' lang='lat' dir='ltr'><strong>vita</strong></span> <span class='ocrx_word' id='word_1_491' title='bbox 658 3805 713 3860; x_wconf 92' lang='lat' dir='ltr'><strong>in</strong></span> <span class='ocrx_word' id='word_1_492' title='bbox 760 3805 1103 3876; x_wconf 84' lang='lat' dir='ltr'><strong>simplicitate</strong></span> <span class='ocrx_word' id='word_1_493' title='bbox 1155 3806 1405 3862; x_wconf 88' lang='lat' dir='ltr'><strong>consistit</strong></span> <span class='ocrx_word' id='word_1_494' title='bbox 1450 3806 1812 3861; x_wconf 67' lang='lat' dir='ltr'><strong>obedientite?</strong></span> 
     </span>
    </p>
   </div>
   <div class='ocr_carea' id='block_1_69' title="bbox 224 3890 1813 3967">
    <p class='ocr_par' dir='ltr' id='par_1_69' title="bbox 224 3890 1813 3967">
     <span class='ocr_line' id='line_1_69' title="bbox 224 3890 1813 3967; baseline 0.003 -17"><span class='ocrx_word' id='word_1_495' title='bbox 224 3890 378 3950; x_wconf 64' lang='lat' dir='ltr'><strong>Fate?</strong></span> <span class='ocrx_word' id='word_1_496' title='bbox 401 3909 544 3951; x_wconf 83' lang='lat' dir='ltr'><strong>vero</strong></span> <span class='ocrx_word' id='word_1_497' title='bbox 563 3904 618 3951; x_wconf 90' lang='lat' dir='ltr'><strong>et</strong></span> <span class='ocrx_word' id='word_1_498' title='bbox 642 3905 829 3967; x_wconf 87' lang='lat' dir='ltr'><strong>pastor</strong></span> <span class='ocrx_word' id='word_1_499' title='bbox 846 3897 956 3953; x_wconf 85' lang='lat' dir='ltr'><strong>Deo</strong></span> <span class='ocrx_word' id='word_1_500' title='bbox 977 3897 1239 3954; x_wconf 88' lang='lat' dir='ltr'><strong>rationem</strong></span> <span class='ocrx_word' id='word_1_501' title='bbox 1267 3898 1456 3954; x_wconf 86' lang='lat' dir='ltr'><strong>reddet</strong></span> <span class='ocrx_word' id='word_1_502' title='bbox 1480 3898 1607 3967; x_wconf 90' lang='lat' dir='ltr'><strong>quid</strong></span> <span class='ocrx_word' id='word_1_503' title='bbox 1621 3897 1813 3967; x_wconf 87' lang='lat' dir='ltr'><strong>jubeat</strong></span> 
     </span>
    </p>
   </div>
   <div class='ocr_carea' id='block_1_70' title="bbox 286 4008 1735 4133">
    <p class='ocr_par' dir='ltr' id='par_1_70' title="bbox 286 4008 1735 4133">
     <span class='ocr_line' id='line_1_70' title="bbox 286 4008 1735 4133; baseline -0.004 -63"><span class='ocrx_word' id='word_1_504' title='bbox 286 4008 395 4133; x_wconf 51' lang='grc' dir='ltr'><strong>ἒξ</strong></span> <span class='ocrx_word' id='word_1_505' title='bbox 422 4022 452 4050; x_wconf 69' lang='grc' dir='ltr'>ι</span> <span class='ocrx_word' id='word_1_506' title='bbox 489 4008 631 4092; x_wconf 78' lang='lat' dir='ltr'><strong>Edit.</strong></span> <span class='ocrx_word' id='word_1_507' title='bbox 661 4010 909 4093; x_wconf 77' lang='lat' dir='ltr'><strong>Quercet.</strong></span> <span class='ocrx_word' id='word_1_508' title='bbox 942 4010 1030 4065; x_wconf 73' lang='grc'><strong>64.</strong></span> <span class='ocrx_word' id='word_1_509' title='bbox 1058 4010 1236 4094; x_wconf 74' lang='lat' dir='ltr'><strong>Canis.</strong></span> <span class='ocrx_word' id='word_1_510' title='bbox 1263 4010 1352 4075; x_wconf 90' lang='grc'><strong>22,</strong></span> <span class='ocrx_word' id='word_1_511' title='bbox 1380 4011 1614 4094; x_wconf 59' lang='lat' dir='ltr'><strong>Froben.</strong></span> <span class='ocrx_word' id='word_1_512' title='bbox 1648 4010 1735 4064; x_wconf 74' lang='lat'><strong>52.</strong></span> 
     </span>
     <span class='ocr_line' id='line_1_71' title="bbox 395 4079 1735 4133; baseline 0 0"><span class='ocrx_word' id='word_1_513' title='bbox 395 4079 593 4133; x_wconf 79' lang='lat' dir='ltr'><strong>cclcsta</strong></span> <span class='ocrx_word' id='word_1_514' title='bbox 624 4091 791 4133; x_wconf 74' lang='lat' dir='ltr'><strong>sancti</strong></span> <span class='ocrx_word' id='word_1_515' title='bbox 825 4081 1116 4133; x_wconf 79' lang='lat' dir='ltr'><strong>Ltudaam.</strong></span> <span class='ocrx_word' id='word_1_516' title='bbox 1150 4083 1459 4133; x_wconf 74' lang='lat' dir='ltr'><strong>Leodeaarn</strong></span> <span class='ocrx_word' id='word_1_517' title='bbox 1490 4082 1618 4133; x_wconf 79' lang='lat' dir='ltr'><strong>lemt</strong></span> <span class='ocrx_word' id='word_1_518' title='bbox 1647 4080 1735 4133; x_wconf 73' lang='lat' dir='ltr'><strong>Ca:</strong></span> 
     </span>
    </p>
   </div>
   <div class='ocr_carea' id='block_1_71' title="bbox 288 4079 1808 4152">
    <p class='ocr_par' dir='ltr' id='par_1_71' title="bbox 288 4079 1808 4152">
     <span class='ocr_line' id='line_1_72' title="bbox 288 4079 1808 4152; baseline 0.004 -19"><span class='ocrx_word' id='word_1_519' title='bbox 288 4079 318 4117; x_wconf 64' lang='grc' dir='ltr'>Β</span> <span class='ocrx_word' id='word_1_520' title='bbox 348 4079 593 4152; x_wconf 76' lang='lat' dir='ltr'><strong>Ecclesia</strong></span> <span class='ocrx_word' id='word_1_521' title='bbox 624 4082 804 4152; x_wconf 83' lang='lat' dir='ltr'><strong>sancti</strong></span> <span class='ocrx_word' id='word_1_522' title='bbox 825 4081 1117 4151; x_wconf 85' lang='lat' dir='ltr'><strong>Liudgarii.</strong></span> <span class='ocrx_word' id='word_1_523' title='bbox 1150 4082 1468 4152; x_wconf 85' lang='lat' dir='ltr'><strong>Leodegarii</strong></span> <span class='ocrx_word' id='word_1_524' title='bbox 1490 4082 1618 4152; x_wconf 88' lang='lat' dir='ltr'><strong>legit</strong></span> <span class='ocrx_word' id='word_1_525' title='bbox 1647 4080 1808 4152; x_wconf 49' lang='lat' dir='ltr'><strong>Canis</strong></span> 
     </span>
    </p>
   </div>
   <div class='ocr_carea' id='block_1_72' title="bbox 226 4147 1815 4222">
    <p class='ocr_par' dir='ltr' id='par_1_72' title="bbox 226 4147 1815 4222">
     <span class='ocr_line' id='line_1_73' title="bbox 226 4147 1815 4222; baseline 0.004 -23"><span class='ocrx_word' id='word_1_526' title='bbox 226 4147 350 4213; x_wconf 86' lang='lat' dir='ltr'><strong>sius,</strong></span> <span class='ocrx_word' id='word_1_527' title='bbox 375 4150 530 4222; x_wconf 68' lang='lat' dir='ltr'><strong>quod</strong></span> <span class='ocrx_word' id='word_1_528' title='bbox 554 4149 669 4222; x_wconf 84' lang='lat' dir='ltr'><strong>ipse</strong></span> <span class='ocrx_word' id='word_1_529' title='bbox 689 4150 755 4203; x_wconf 89' lang='lat' dir='ltr'><strong>de</strong></span> <span class='ocrx_word' id='word_1_530' title='bbox 774 4147 1365 4222; x_wconf 12' lang='lat' dir='ltr'><strong>iAugus&#39;todunensibus,</strong></span> <span class='ocrx_word' id='word_1_531' title='bbox 1391 4147 1815 4222; x_wconf 62' lang='lat' dir='ltr'><strong>cujus&#39;eeclesiae</strong></span> 
     </span>
    </p>
   </div>
   <div class='ocr_carea' id='block_1_73' title="bbox 228 4219 1814 4290">
    <p class='ocr_par' dir='ltr' id='par_1_73' title="bbox 228 4219 1814 4290">
     <span class='ocr_line' id='line_1_74' title="bbox 228 4219 1814 4290; baseline 0.001 -16"><span class='ocrx_word' id='word_1_532' title='bbox 228 4219 444 4275; x_wconf 76' lang='lat' dir='ltr'><strong>Sanctus</strong></span> <span class='ocrx_word' id='word_1_533' title='bbox 490 4219 1173 4290; x_wconf 55' lang='lat' dir='ltr'><strong>Leodegarius&#39;episcopus</strong></span> <span class='ocrx_word' id='word_1_534' title='bbox 1220 4220 1428 4284; x_wconf 82' lang='lat' dir='ltr'><strong>fuerat;</strong></span> <span class='ocrx_word' id='word_1_535' title='bbox 1457 4219 1814 4279; x_wconf 29' lang='lat' dir='ltr'><strong>’Mahillonius</strong></span> 
     </span>
    </p>
   </div>
   <div class='ocr_carea' id='block_1_74' title="bbox 227 4288 1813 4359">
    <p class='ocr_par' dir='ltr' id='par_1_74' title="bbox 227 4288 1813 4359">
     <span class='ocr_line' id='line_1_75' title="bbox 227 4288 1813 4359; baseline 0.004 -21"><span class='ocrx_word' id='word_1_536' title='bbox 227 4301 349 4342; x_wconf 88' lang='lat' dir='ltr'><strong>vero</strong></span> <span class='ocrx_word' id='word_1_537' title='bbox 381 4290 452 4344; x_wconf 90' lang='lat' dir='ltr'><strong>de</strong></span> <span class='ocrx_word' id='word_1_538' title='bbox 487 4288 941 4359; x_wconf 53' lang='lat' dir='ltr'><strong>Morhacensihus&#39;</strong></span> <span class='ocrx_word' id='word_1_539' title='bbox 969 4288 1280 4354; x_wconf 80' lang='lat' dir='ltr'><strong>monachis,</strong></span> <span class='ocrx_word' id='word_1_540' title='bbox 1320 4305 1549 4359; x_wconf 88' lang='lat' dir='ltr'><strong>quorum</strong></span> <span class='ocrx_word' id='word_1_541' title='bbox 1588 4290 1813 4344; x_wconf 85' lang='lat' dir='ltr'><strong>basilica</strong></span> 
     </span>
    </p>
   </div>
   <div class='ocr_carea' id='block_1_75' title="bbox 227 4358 1808 4428">
    <p class='ocr_par' dir='ltr' id='par_1_75' title="bbox 227 4358 1808 4428">
     <span class='ocr_line' id='line_1_76' title="bbox 227 4358 1808 4428; baseline 0.002 -17"><span class='ocrx_word' id='word_1_542' title='bbox 227 4368 407 4413; x_wconf 88' lang='lat' dir='ltr'><strong>sancto</strong></span> <span class='ocrx_word' id='word_1_543' title='bbox 440 4358 778 4428; x_wconf 86' lang='lat' dir='ltr'><strong>Leodegario</strong></span> <span class='ocrx_word' id='word_1_544' title='bbox 820 4368 1121 4428; x_wconf 87' lang='lat' dir='ltr'><strong>nuncupata</strong></span> <span class='ocrx_word' id='word_1_545' title='bbox 1161 4367 1261 4425; x_wconf 91' lang='lat' dir='ltr'><strong>est,</strong></span> <span class='ocrx_word' id='word_1_546' title='bbox 1299 4358 1681 4428; x_wconf 85' lang='lat' dir='ltr'><strong>interpretatur</strong></span> <span class='ocrx_word' id='word_1_547' title='bbox 1715 4359 1808 4415; x_wconf 89' lang='lat' dir='ltr'><strong>lib.</strong></span> 
     </span>
    </p>
   </div>
   <div class='ocr_carea' id='block_1_76' title="bbox 225 4429 1046 4500">
    <p class='ocr_par' dir='ltr' id='par_1_76' title="bbox 225 4429 1046 4500">
     <span class='ocr_line' id='line_1_77' title="bbox 225 4429 1046 4500; baseline 0.005 -21"><span class='ocrx_word' id='word_1_548' title='bbox 225 4440 346 4481; x_wconf 77' lang='lat' dir='ltr'><strong>nvi</strong></span> <span class='ocrx_word' id='word_1_549' title='bbox 365 4429 584 4500; x_wconf 33' lang='lat' dir='ltr'><strong>AAnnal.</strong></span> <span class='ocrx_word' id='word_1_550' title='bbox 608 4429 812 4500; x_wconf 85' lang='lat' dir='ltr'><strong>Bened.</strong></span> <span class='ocrx_word' id='word_1_551' title='bbox 841 4445 896 4500; x_wconf 91' lang='lat' dir='ltr'><strong>p.</strong></span> <span class='ocrx_word' id='word_1_552' title='bbox 923 4430 1046 4485; x_wconf 82' lang='grc'><strong>521.</strong></span> 
     </span>
    </p>
   </div>
   <div class='ocr_carea' id='block_1_77' title="bbox 294 4498 1808 4563">
    <p class='ocr_par' dir='ltr' id='par_1_77' title="bbox 294 4498 1808 4563">
     <span class='ocr_line' id='line_1_78' title="bbox 294 4498 1808 4563; baseline 0 -12"><span class='ocrx_word' id='word_1_553' title='bbox 294 4507 315 4536; x_wconf 70' lang='grc' dir='ltr'><strong>ε</strong></span> <span class='ocrx_word' id='word_1_554' title='bbox 348 4498 515 4563; x_wconf 82' lang='lat' dir='ltr'><strong>Quod</strong></span> <span class='ocrx_word' id='word_1_555' title='bbox 546 4499 614 4553; x_wconf 83' lang='lat' dir='ltr'><strong>ad</strong></span> <span class='ocrx_word' id='word_1_556' title='bbox 643 4517 728 4554; x_wconf 82' lang='lat' dir='ltr'><strong>vos</strong></span> <span class='ocrx_word' id='word_1_557' title='bbox 754 4498 859 4555; x_wconf 79' lang='lat' dir='ltr'><strong>non</strong></span> <span class='ocrx_word' id='word_1_558' title='bbox 892 4500 1171 4563; x_wconf 85' lang='lat' dir='ltr'><strong>veniebam.</strong></span> <span class='ocrx_word' id='word_1_559' title='bbox 1214 4498 1269 4554; x_wconf 89' lang='lat' dir='ltr'><strong>Si</strong></span> <span class='ocrx_word' id='word_1_560' title='bbox 1305 4498 1525 4563; x_wconf 87' lang='lat' dir='ltr'><strong>epistola</strong></span> <span class='ocrx_word' id='word_1_561' title='bbox 1558 4499 1623 4554; x_wconf 87' lang='lat' dir='ltr'><strong>ad</strong></span> <span class='ocrx_word' id='word_1_562' title='bbox 1665 4498 1808 4553; x_wconf 82' lang='lat' dir='ltr'><strong>Mur-</strong></span> 
     </span>
    </p>
   </div>
   <div class='ocr_carea' id='block_1_78' title="bbox 227 4563 1806 4638">
    <p class='ocr_par' dir='ltr' id='par_1_78' title="bbox 227 4563 1806 4638">
     <span class='ocr_line' id='line_1_79' title="bbox 227 4563 1806 4638; baseline 0.001 -17"><span class='ocrx_word' id='word_1_563' title='bbox 227 4563 491 4638; x_wconf 76' lang='lat' dir='ltr'><strong>haceuses</strong></span> <span class='ocrx_word' id='word_1_564' title='bbox 522 4571 722 4638; x_wconf 90' lang='lat' dir='ltr'><strong>scripta</strong></span> <span class='ocrx_word' id='word_1_565' title='bbox 751 4578 853 4634; x_wconf 89' lang='lat' dir='ltr'><strong>est,</strong></span> <span class='ocrx_word' id='word_1_566' title='bbox 882 4577 943 4623; x_wconf 91' lang='lat' dir='ltr'><strong>ut</strong></span> <span class='ocrx_word' id='word_1_567' title='bbox 973 4581 1155 4625; x_wconf 87' lang='lat' dir='ltr'><strong>censet</strong></span> <span class='ocrx_word' id='word_1_568' title='bbox 1186 4563 1538 4633; x_wconf 79' lang='lat' dir='ltr'><strong>Mabillouius,</strong></span> <span class='ocrx_word' id='word_1_569' title='bbox 1568 4570 1806 4634; x_wconf 84' lang='lat' dir='ltr'><strong>credam,</strong></span> 
     </span>
    </p>
   </div>
   <div class='ocr_carea' id='block_1_79' title="bbox 226 4634 1811 4715">
    <p class='ocr_par' dir='ltr' id='par_1_79' title="bbox 226 4634 1811 4715">
     <span class='ocr_line' id='line_1_80' title="bbox 226 4634 1811 4715; baseline 0.003 -27"><span class='ocrx_word' id='word_1_570' title='bbox 226 4634 520 4715; x_wconf 68' lang='lat' dir='ltr'><strong>Aieuinum</strong></span> <span class='ocrx_word' id='word_1_571' title='bbox 667 4638 786 4715; x_wconf 46' lang='lat' dir='ltr'><strong>imo</strong></span> <span class='ocrx_word' id='word_1_572' title='bbox 811 4654 868 4715; x_wconf 80' lang='lat' dir='ltr'><strong>se</strong></span> <span class='ocrx_word' id='word_1_573' title='bbox 890 4641 1332 4715; x_wconf 43' lang='lat' dir='ltr'><strong>excusarelquod</strong></span> <span class='ocrx_word' id='word_1_574' title='bbox 1357 4641 1423 4715; x_wconf 72' lang='lat' dir='ltr'><strong>ad</strong></span> <span class='ocrx_word' id='word_1_575' title='bbox 1447 4654 1540 4715; x_wconf 78' lang='lat' dir='ltr'><strong>eos</strong></span> <span class='ocrx_word' id='word_1_576' title='bbox 1564 4653 1627 4692; x_wconf 88' lang='lat' dir='ltr'><strong>ea</strong></span> <span class='ocrx_word' id='word_1_577' title='bbox 1655 4653 1811 4715; x_wconf 76' lang='lat' dir='ltr'><strong>occa-</strong></span> 
     </span>
    </p>
   </div>
   <div class='ocr_carea' id='block_1_80' title="bbox 229 4708 1807 4773">
    <p class='ocr_par' dir='ltr' id='par_1_80' title="bbox 229 4708 1807 4773">
     <span class='ocr_line' id='line_1_81' title="bbox 229 4708 1807 4773; baseline 0.003 -15"><span class='ocrx_word' id='word_1_578' title='bbox 229 4708 373 4761; x_wconf 84' lang='lat' dir='ltr'><strong>sione</strong></span> <span class='ocrx_word' id='word_1_579' title='bbox 400 4723 519 4762; x_wconf 90' lang='lat' dir='ltr'><strong>non</strong></span> <span class='ocrx_word' id='word_1_580' title='bbox 548 4708 807 4773; x_wconf 60' lang='lat' dir='ltr'><strong>invisﬁit,</strong></span> <span class='ocrx_word' id='word_1_581' title='bbox 833 4710 956 4763; x_wconf 91' lang='lat' dir='ltr'><strong>dum</strong></span> <span class='ocrx_word' id='word_1_582' title='bbox 989 4725 1128 4764; x_wconf 90' lang='lat' dir='ltr'><strong>anno</strong></span> <span class='ocrx_word' id='word_1_583' title='bbox 1154 4708 1255 4765; x_wconf 82' lang='lat'><strong>796</strong></span> <span class='ocrx_word' id='word_1_584' title='bbox 1286 4711 1336 4764; x_wconf 91' lang='lat' dir='ltr'><strong>in</strong></span> <span class='ocrx_word' id='word_1_585' title='bbox 1363 4709 1617 4763; x_wconf 82' lang='lat' dir='ltr'><strong>Alsatiam</strong></span> <span class='ocrx_word' id='word_1_586' title='bbox 1643 4709 1807 4773; x_wconf 88' lang='lat' dir='ltr'><strong>venit,</strong></span> 
     </span>
    </p>
   </div>
   <div class='ocr_carea' id='block_1_81' title="bbox 229 4775 1814 4858">
    <p class='ocr_par' dir='ltr' id='par_1_81' title="bbox 229 4775 1814 4858">
     <span class='ocr_line' id='line_1_82' title="bbox 229 4775 1814 4858; baseline 0.003 -31"><span class='ocrx_word' id='word_1_587' title='bbox 229 4775 314 4829; x_wconf 89' lang='lat' dir='ltr'><strong>ubi</strong></span> <span class='ocrx_word' id='word_1_588' title='bbox 342 4778 702 4858; x_wconf 73' lang='lat' dir='ltr'><strong>res_al_iquas,</strong></span> <span class='ocrx_word' id='word_1_589' title='bbox 726 4779 864 4858; x_wconf 87' lang='lat' dir='ltr'><strong>forte</strong></span> <span class='ocrx_word' id='word_1_590' title='bbox 887 4795 990 4858; x_wconf 88' lang='lat' dir='ltr'><strong>non</strong></span> <span class='ocrx_word' id='word_1_591' title='bbox 1015 4778 1170 4850; x_wconf 86' lang='lat' dir='ltr'><strong>longe</strong></span> <span class='ocrx_word' id='word_1_592' title='bbox 1194 4796 1223 4858; x_wconf 79' lang='lat' dir='ltr'><strong>a</strong></span> <span class='ocrx_word' id='word_1_593' title='bbox 1252 4780 1578 4858; x_wconf 63' lang='lat' dir='ltr'><strong>monasterio</strong></span> <span class='ocrx_word' id='word_1_594' title='bbox 1602 4777 1814 4832; x_wconf 86' lang='lat' dir='ltr'><strong>Murba-</strong></span> 
     </span>
    </p>
   </div>
   <div class='ocr_carea' id='block_1_82' title="bbox 230 4847 1810 4918">
    <p class='ocr_par' dir='ltr' id='par_1_82' title="bbox 230 4847 1810 4918">
     <span class='ocr_line' id='line_1_83' title="bbox 230 4847 1810 4918; baseline 0.004 -21"><span class='ocrx_word' id='word_1_595' title='bbox 230 4847 393 4910; x_wconf 87' lang='lat' dir='ltr'><strong>censi,</strong></span> <span class='ocrx_word' id='word_1_596' title='bbox 442 4849 706 4918; x_wconf 85' lang='lat' dir='ltr'><strong>habebat,</strong></span> <span class='ocrx_word' id='word_1_597' title='bbox 751 4857 811 4903; x_wconf 85' lang='lat' dir='ltr'><strong>ut</strong></span> <span class='ocrx_word' id='word_1_598' title='bbox 851 4856 998 4918; x_wconf 87' lang='lat' dir='ltr'><strong>patet</strong></span> <span class='ocrx_word' id='word_1_599' title='bbox 1035 4847 1284 4918; x_wconf 62' lang='lat' dir='ltr'><strong>ex&#39;epist.</strong></span> <span class='ocrx_word' id='word_1_600' title='bbox 1316 4849 1384 4904; x_wconf 76' lang='lat'><strong>55</strong></span> <span class='ocrx_word' id='word_1_601' title='bbox 1424 4850 1490 4902; x_wconf 85' lang='lat' dir='ltr'><strong>ad</strong></span> <span class='ocrx_word' id='word_1_602' title='bbox 1517 4847 1810 4912; x_wconf 83' lang='lat' dir='ltr'><strong>Arnonem,</strong></span> 
     </span>
    </p>
   </div>
   <div class='ocr_carea' id='block_1_83' title="bbox 232 4917 1815 5036">
    <p class='ocr_par' dir='ltr' id='par_1_83' title="bbox 232 4917 1815 5036">
     <span class='ocr_line' id='line_1_84' title="bbox 232 4917 1815 5036; baseline 0.002 -68"><span class='ocrx_word' id='word_1_603' title='bbox 232 4917 477 5036; x_wconf 44' lang='lat' dir='ltr'><strong>gelari:</strong></span> <span class='ocrx_word' id='word_1_604' title='bbox 526 4917 784 4975; x_wconf 83' lang='lat' dir='ltr'><strong>Alcuiuus</strong></span> <span class='ocrx_word' id='word_1_605' title='bbox 831 4917 936 4976; x_wconf 87' lang='lat' dir='ltr'><strong>alio</strong></span> <span class='ocrx_word' id='word_1_606' title='bbox 976 4920 1140 4974; x_wconf 89' lang='lat' dir='ltr'><strong>etiam</strong></span> <span class='ocrx_word' id='word_1_607' title='bbox 1162 4917 1421 4991; x_wconf 73' lang='lat' dir='ltr'><strong>tempore</strong></span> <span class='ocrx_word' id='word_1_608' title='bbox 1467 4918 1592 4974; x_wconf 88' lang='lat' dir='ltr'><strong>illuc</strong></span> <span class='ocrx_word' id='word_1_609' title='bbox 1631 4918 1815 4973; x_wconf 83' lang='lat' dir='ltr'><strong>venire</strong></span> 
     </span>
     <span class='ocr_line' id='line_1_85' title="bbox 320 4999 487 5036; baseline 0 0"><span class='ocrx_word' id='word_1_610' title='bbox 320 4999 437 5036; x_wconf 78' lang='lat' dir='ltr'><strong>ueri</strong></span> <span class='ocrx_word' id='word_1_611' title='bbox 472 5028 487 5036; x_wconf 90' lang='lat'><strong>-</strong></span> 
     </span>
    </p>
   </div>
   <div class='ocr_carea' id='block_1_84' title="bbox 356 4999 487 5040">
    <p class='ocr_par' dir='ltr' id='par_1_84' title="bbox 356 4999 487 5040">
     <span class='ocr_line' id='line_1_86' title="bbox 356 4999 487 5040; baseline 0.031 -4"><span class='ocrx_word' id='word_1_612' title='bbox 356 4999 487 5040; x_wconf 80' lang='lat' dir='ltr'><strong>erit.</strong></span> 
     </span>
    </p>
   </div>
   <div class='ocr_carea' id='block_1_85' title="bbox 230 4995 1812 5127">
    <p class='ocr_par' dir='ltr' id='par_1_85' title="bbox 230 4995 1812 5127">
     <span class='ocr_line' id='line_1_87' title="bbox 230 4995 1812 5127; baseline 0.003 -20"><span class='ocrx_word' id='word_1_613' title='bbox 230 4995 532 5127; x_wconf 35' lang='grc' dir='ltr'><strong>Ὓὲυῗδῗιὶο</strong></span> <span class='ocrx_word' id='word_1_614' title='bbox 561 5064 774 5127; x_wconf 69' lang='lat' dir='ltr'><strong>potatur</strong></span> <span class='ocrx_word' id='word_1_615' title='bbox 802 5056 1230 5127; x_wconf 76' lang='lat' dir='ltr'><strong>calice._Alludit,</strong></span> <span class='ocrx_word' id='word_1_616' title='bbox 1258 5057 1430 5127; x_wconf 87' lang='lat' dir='ltr'><strong>inquit</strong></span> <span class='ocrx_word' id='word_1_617' title='bbox 1460 5054 1812 5119; x_wconf 85' lang='lat' dir='ltr'><strong>Mahillonius,</strong></span> 
     </span>
    </p>
   </div>
   <div class='ocr_carea' id='block_1_86' title="bbox 234 5121 1815 5206">
    <p class='ocr_par' dir='ltr' id='par_1_86' title="bbox 234 5121 1815 5206">
     <span class='ocr_line' id='line_1_88' title="bbox 234 5121 1815 5206; baseline 0.001 -28"><span class='ocrx_word' id='word_1_618' title='bbox 234 5121 298 5206; x_wconf 60' lang='lat' dir='ltr'><strong>at!</strong></span> <span class='ocrx_word' id='word_1_619' title='bbox 338 5139 530 5206; x_wconf 78' lang='lat' dir='ltr'><strong>mores</strong></span> <span class='ocrx_word' id='word_1_620' title='bbox 553 5121 939 5206; x_wconf 40' lang='lat' dir='ltr'><strong>:Cermauicos.</strong></span> <span class='ocrx_word' id='word_1_621' title='bbox 968 5121 1224 5183; x_wconf 85' lang='lat' dir='ltr'><strong>Canisius</strong></span> <span class='ocrx_word' id='word_1_622' title='bbox 1251 5121 1379 5206; x_wconf 73' lang='lat' dir='ltr'><strong>vero</strong></span> <span class='ocrx_word' id='word_1_623' title='bbox 1417 5128 1493 5181; x_wconf 91' lang='lat' dir='ltr'><strong>ait</strong></span> <span class='ocrx_word' id='word_1_624' title='bbox 1533 5126 1815 5180; x_wconf 79' lang='lat' dir='ltr'><strong>Alcuiuum</strong></span> 
     </span>
    </p>
   </div>
   <div class='ocr_carea' id='block_1_87' title="bbox 235 5191 1815 5266">
    <p class='ocr_par' dir='ltr' id='par_1_87' title="bbox 235 5191 1815 5266">
     <span class='ocr_line' id='line_1_89' title="bbox 235 5191 1815 5266; baseline 0.003 -23"><span class='ocrx_word' id='word_1_625' title='bbox 235 5191 472 5249; x_wconf 87' lang='lat' dir='ltr'><strong>alludere</strong></span> <span class='ocrx_word' id='word_1_626' title='bbox 499 5196 568 5249; x_wconf 82' lang='lat' dir='ltr'><strong>ad</strong></span> <span class='ocrx_word' id='word_1_627' title='bbox 594 5195 744 5266; x_wconf 84' lang='lat' dir='ltr'><strong>illum</strong></span> <span class='ocrx_word' id='word_1_628' title='bbox 764 5212 990 5259; x_wconf 84' lang='lat' dir='ltr'><strong>morem,</strong></span> <span class='ocrx_word' id='word_1_629' title='bbox 1015 5213 1122 5266; x_wconf 90' lang='lat' dir='ltr'><strong>quo</strong></span> <span class='ocrx_word' id='word_1_630' title='bbox 1151 5199 1366 5253; x_wconf 88' lang='lat' dir='ltr'><strong>nomine</strong></span> <span class='ocrx_word' id='word_1_631' title='bbox 1397 5206 1454 5251; x_wconf 88' lang='lat' dir='ltr'><strong>et</strong></span> <span class='ocrx_word' id='word_1_632' title='bbox 1479 5211 1662 5251; x_wconf 90' lang='lat' dir='ltr'><strong>amore</strong></span> <span class='ocrx_word' id='word_1_633' title='bbox 1690 5211 1815 5249; x_wconf 89' lang='lat' dir='ltr'><strong>san-</strong></span> 
     </span>
    </p>
   </div>
   <div class='ocr_carea' id='block_1_88' title="bbox 238 5265 1817 5336">
    <p class='ocr_par' dir='ltr' id='par_1_88' title="bbox 238 5265 1817 5336">
     <span class='ocr_line' id='line_1_90' title="bbox 238 5265 1817 5336; baseline 0.004 -22"><span class='ocrx_word' id='word_1_634' title='bbox 238 5267 470 5329; x_wconf 90' lang='lat' dir='ltr'><strong>ctorum,</strong></span> <span class='ocrx_word' id='word_1_635' title='bbox 490 5265 879 5336; x_wconf 84' lang='lat' dir='ltr'><strong>benedictionis</strong></span> <span class='ocrx_word' id='word_1_636' title='bbox 902 5265 1256 5336; x_wconf 75' lang='lat' dir='ltr'><strong>adipiscendae</strong></span> <span class='ocrx_word' id='word_1_637' title='bbox 1273 5282 1421 5336; x_wconf 89' lang='lat' dir='ltr'><strong>ergo,</strong></span> <span class='ocrx_word' id='word_1_638' title='bbox 1444 5267 1715 5320; x_wconf 87' lang='lat' dir='ltr'><strong>bibebant.</strong></span> <span class='ocrx_word' id='word_1_639' title='bbox 1742 5266 1817 5320; x_wconf 85' lang='lat' dir='ltr'><strong>De</strong></span> 
     </span>
    </p>
   </div>
   <div class='ocr_carea' id='block_1_89' title="bbox 269 5335 1814 5393">
    <p class='ocr_par' dir='ltr' id='par_1_89' title="bbox 269 5335 1814 5393">
     <span class='ocr_line' id='line_1_91' title="bbox 269 5335 1814 5393; baseline 0.004 -9"><span class='ocrx_word' id='word_1_640' title='bbox 269 5347 338 5387; x_wconf 93' lang='lat' dir='ltr'><strong>uo</strong></span> <span class='ocrx_word' id='word_1_641' title='bbox 365 5344 563 5389; x_wconf 87' lang='lat' dir='ltr'><strong>auctor</strong></span> <span class='ocrx_word' id='word_1_642' title='bbox 585 5335 680 5390; x_wconf 88' lang='lat' dir='ltr'><strong>lib.</strong></span> <span class='ocrx_word' id='word_1_643' title='bbox 708 5335 784 5391; x_wconf 89' lang='lat' dir='ltr'><strong>De</strong></span> <span class='ocrx_word' id='word_1_644' title='bbox 814 5335 1085 5392; x_wconf 84' lang='lat' dir='ltr'><strong>miraculis</strong></span> <span class='ocrx_word' id='word_1_645' title='bbox 1113 5339 1282 5393; x_wconf 86' lang='lat' dir='ltr'><strong>sancti</strong></span> <span class='ocrx_word' id='word_1_646' title='bbox 1312 5335 1543 5393; x_wconf 86' lang='lat' dir='ltr'><strong>Udalrici</strong></span> <span class='ocrx_word' id='word_1_647' title='bbox 1570 5351 1686 5393; x_wconf 85' lang='lat' dir='ltr'><strong>can.</strong></span> <span class='ocrx_word' id='word_1_648' title='bbox 1726 5336 1814 5390; x_wconf 79' lang='grc'><strong>10.</strong></span> 
     </span>
    </p>
   </div>
   <div class='ocr_carea' id='block_1_90' title="bbox 284 5403 1817 5476">
    <p class='ocr_par' dir='ltr' id='par_1_90' title="bbox 284 5403 1817 5476">
     <span class='ocr_line' id='line_1_92' title="bbox 284 5403 1817 5476; baseline 0.003 -21"><span class='ocrx_word' id='word_1_649' title='bbox 284 5403 383 5457; x_wconf 91' lang='lat' dir='ltr'><strong>dde</strong></span> <span class='ocrx_word' id='word_1_650' title='bbox 419 5404 645 5476; x_wconf 76' lang='lat' dir='ltr'><strong>Arnoldi</strong></span> <span class='ocrx_word' id='word_1_651' title='bbox 684 5407 1084 5476; x_wconf 83' lang='lat' dir='ltr'><strong>Vohburgeusis</strong></span> <span class='ocrx_word' id='word_1_652' title='bbox 1112 5408 1477 5462; x_wconf 89' lang='lat' dir='ltr'><strong>narrationem</strong></span> <span class='ocrx_word' id='word_1_653' title='bbox 1517 5406 1582 5459; x_wconf 90' lang='lat' dir='ltr'><strong>de</strong></span> <span class='ocrx_word' id='word_1_654' title='bbox 1624 5403 1817 5476; x_wconf 76' lang='lat' dir='ltr'><strong>Ottone</strong></span> 
     </span>
    </p>
   </div>
   <div class='ocr_carea' id='block_1_91' title="bbox 237 5466 1817 5541">
    <p class='ocr_par' dir='ltr' id='par_1_91' title="bbox 237 5466 1817 5541">
     <span class='ocr_line' id='line_1_93' title="bbox 237 5466 1817 5541; baseline 0.003 -17"><span class='ocrx_word' id='word_1_655' title='bbox 237 5466 429 5541; x_wconf 76' lang='lat' dir='ltr'><strong>Magno</strong></span> <span class='ocrx_word' id='word_1_656' title='bbox 469 5475 565 5528; x_wconf 82' lang='lat' dir='ltr'><strong>lib.</strong></span> <span class='ocrx_word' id='word_1_657' title='bbox 608 5475 673 5529; x_wconf 90' lang='lat' dir='ltr'><strong>de</strong></span> <span class='ocrx_word' id='word_1_658' title='bbox 714 5466 987 5532; x_wconf 63' lang='lat' dir='ltr'><strong>miraculis</strong></span> <span class='ocrx_word' id='word_1_659' title='bbox 1022 5478 1193 5533; x_wconf 85' lang='lat' dir='ltr'><strong>sancti</strong></span> <span class='ocrx_word' id='word_1_660' title='bbox 1232 5475 1576 5531; x_wconf 86' lang='lat' dir='ltr'><strong>Emmerami.</strong></span> <span class='ocrx_word' id='word_1_661' title='bbox 1618 5473 1817 5528; x_wconf 85' lang='lat' dir='ltr'><strong>Contra</strong></span> 
     </span>
    </p>
   </div>
   <div class='ocr_carea' id='block_1_92' title="bbox 238 5540 1819 5622">
    <p class='ocr_par' dir='ltr' id='par_1_92' title="bbox 238 5540 1819 5622">
     <span class='ocr_line' id='line_1_94' title="bbox 238 5540 1819 5622; baseline 0.003 -28"><span class='ocrx_word' id='word_1_662' title='bbox 238 5540 466 5622; x_wconf 67' lang='lat' dir='ltr'><strong>abusum</strong></span> <span class='ocrx_word' id='word_1_663' title='bbox 496 5544 613 5622; x_wconf 76' lang='lat' dir='ltr'><strong>ejus</strong></span> <span class='ocrx_word' id='word_1_664' title='bbox 637 5545 715 5599; x_wconf 91' lang='lat' dir='ltr'><strong>rei</strong></span> <span class='ocrx_word' id='word_1_665' title='bbox 741 5547 904 5602; x_wconf 88' lang='lat' dir='ltr'><strong>etiam</strong></span> <span class='ocrx_word' id='word_1_666' title='bbox 932 5548 985 5622; x_wconf 82' lang='lat' dir='ltr'><strong>in</strong></span> <span class='ocrx_word' id='word_1_667' title='bbox 1009 5549 1239 5622; x_wconf 31' lang='lat' dir='ltr'><strong>maximae</strong></span> <span class='ocrx_word' id='word_1_668' title='bbox 1264 5546 1513 5622; x_wconf 50' lang='lat' dir='ltr'><strong>dissitis}</strong></span> <span class='ocrx_word' id='word_1_669' title='bbox 1533 5543 1819 5622; x_wconf 71' lang='lat' dir='ltr'><strong>Germania</strong></span> 
     </span>
    </p>
   </div>
   <div class='ocr_carea' id='block_1_93' title="bbox 239 5614 1821 5753">
    <p class='ocr_par' dir='ltr' id='par_1_93' title="bbox 239 5614 1821 5753">
     <span class='ocr_line' id='line_1_95' title="bbox 239 5614 1813 5689; baseline 0.001 -24"><span class='ocrx_word' id='word_1_670' title='bbox 239 5614 554 5680; x_wconf 79' lang='lat' dir='ltr'><strong>regionibus</strong></span> <span class='ocrx_word' id='word_1_671' title='bbox 579 5616 786 5683; x_wconf 87' lang='lat' dir='ltr'><strong>legatur</strong></span> <span class='ocrx_word' id='word_1_672' title='bbox 812 5617 982 5681; x_wconf 85' lang='lat' dir='ltr'><strong>sancti</strong></span> <span class='ocrx_word' id='word_1_673' title='bbox 1015 5618 1150 5689; x_wconf 80' lang='lat' dir='ltr'><strong>Aug.</strong></span> <span class='ocrx_word' id='word_1_674' title='bbox 1188 5617 1362 5671; x_wconf 84' lang='lat' dir='ltr'><strong>Serm.</strong></span> <span class='ocrx_word' id='word_1_675' title='bbox 1393 5614 1515 5677; x_wconf 81' lang='grc'><strong>252,</strong></span> <span class='ocrx_word' id='word_1_676' title='bbox 1556 5615 1621 5669; x_wconf 91' lang='lat' dir='ltr'><strong>de</strong></span> <span class='ocrx_word' id='word_1_677' title='bbox 1650 5622 1813 5683; x_wconf 90' lang='lat' dir='ltr'><strong>temp.</strong></span> 
     </span>
     <span class='ocr_line' id='line_1_96' title="bbox 241 5682 1821 5753; baseline 0.001 -16"><span class='ocrx_word' id='word_1_678' title='bbox 241 5746 257 5753; x_wconf 92' lang='lat'><em>_</em></span> <span class='ocrx_word' id='word_1_679' title='bbox 312 5691 336 5753; x_wconf 63' lang='grc' dir='ltr'><strong>ξε</strong></span> <span class='ocrx_word' id='word_1_680' title='bbox 370 5682 456 5736; x_wconf 83' lang='lat' dir='ltr'><strong>Ad</strong></span> <span class='ocrx_word' id='word_1_681' title='bbox 507 5683 695 5750; x_wconf 82' lang='lat' dir='ltr'><strong>fratres</strong></span> <span class='ocrx_word' id='word_1_682' title='bbox 737 5684 1085 5743; x_wconf 80' lang='lat' dir='ltr'><strong>Corbeienses.</strong></span> <span class='ocrx_word' id='word_1_683' title='bbox 1131 5687 1210 5743; x_wconf 87' lang='lat' dir='ltr'><strong>Ita</strong></span> <span class='ocrx_word' id='word_1_684' title='bbox 1247 5686 1461 5753; x_wconf 89' lang='lat' dir='ltr'><strong>quidem</strong></span> <span class='ocrx_word' id='word_1_685' title='bbox 1502 5685 1821 5753; x_wconf 74' lang='lat' dir='ltr'><strong>exprimitur</strong></span> 
     </span>
    </p>
   </div>
   <div class='ocr_carea' id='block_1_94' title="bbox 241 5703 1820 5825">
    <p class='ocr_par' dir='ltr' id='par_1_94' title="bbox 241 5703 1820 5825">
     <span class='ocr_line' id='line_1_97' title="bbox 312 5703 1820 5757; baseline 0.001 -21"><span class='ocrx_word' id='word_1_686' title='bbox 312 5703 336 5719; x_wconf 67' lang='grc'><strong>⁸⁵</strong></span> <span class='ocrx_word' id='word_1_687' title='bbox 370 5703 453 5736; x_wconf 64' lang='grc' dir='ltr'><strong>[ια</strong></span> <span class='ocrx_word' id='word_1_688' title='bbox 507 5703 695 5750; x_wconf 73' lang='grc' dir='ltr'><strong>ιναινεε</strong></span> <span class='ocrx_word' id='word_1_689' title='bbox 737 5703 1085 5743; x_wconf 70' lang='lat' dir='ltr'><strong>Loroctenses.</strong></span> <span class='ocrx_word' id='word_1_690' title='bbox 1131 5703 1210 5743; x_wconf 74' lang='grc' dir='ltr'><strong>Ιῐῖὶ</strong></span> <span class='ocrx_word' id='word_1_691' title='bbox 1247 5703 1461 5757; x_wconf 77' lang='lat' dir='ltr'><strong>quwem</strong></span> <span class='ocrx_word' id='word_1_692' title='bbox 1502 5703 1820 5753; x_wconf 67' lang='lat' dir='ltr'><strong>OXPI&#39;IIIIIIUI&#39;</strong></span> 
     </span>
     <span class='ocr_line' id='line_1_98' title="bbox 241 5746 1820 5825; baseline 0.001 -19"><span class='ocrx_word' id='word_1_693' title='bbox 241 5746 400 5821; x_wconf 83' lang='lat' dir='ltr'><strong>hujus</strong></span> <span class='ocrx_word' id='word_1_694' title='bbox 431 5753 676 5825; x_wconf 70' lang='lat' dir='ltr'><strong>epistolae</strong></span> <span class='ocrx_word' id='word_1_695' title='bbox 707 5756 891 5813; x_wconf 90' lang='lat' dir='ltr'><strong>titulus</strong></span> <span class='ocrx_word' id='word_1_696' title='bbox 928 5757 981 5813; x_wconf 91' lang='lat' dir='ltr'><strong>in</strong></span> <span class='ocrx_word' id='word_1_697' title='bbox 1008 5759 1125 5815; x_wconf 77' lang='lat' dir='ltr'><strong>cod.</strong></span> <span class='ocrx_word' id='word_1_698' title='bbox 1152 5772 1251 5813; x_wconf 90' lang='lat' dir='ltr'><strong>ms.</strong></span> <span class='ocrx_word' id='word_1_699' title='bbox 1284 5755 1586 5819; x_wconf 81' lang='lat' dir='ltr'><strong>llarleiano,</strong></span> <span class='ocrx_word' id='word_1_700' title='bbox 1626 5754 1709 5809; x_wconf 89' lang='lat' dir='ltr'><strong>cui</strong></span> <span class='ocrx_word' id='word_1_701' title='bbox 1741 5763 1820 5809; x_wconf 87' lang='lat' dir='ltr'><strong>ta-</strong></span> 
     </span>
    </p>
   </div>
   <div class='ocr_carea' id='block_1_95' title="bbox 1909 3167 3489 3241">
    <p class='ocr_par' dir='ltr' id='par_1_95' title="bbox 1909 3167 3489 3241">
     <span class='ocr_line' id='line_1_99' title="bbox 1909 3167 3489 3241; baseline -0.004 -13"><span class='ocrx_word' id='word_1_702' title='bbox 1909 3188 2153 3229; x_wconf 89' lang='lat' dir='ltr'><strong>meorum</strong></span> <span class='ocrx_word' id='word_1_703' title='bbox 2182 3187 2392 3227; x_wconf 88' lang='lat' dir='ltr'><strong>merear</strong></span> <span class='ocrx_word' id='word_1_704' title='bbox 2418 3171 2660 3241; x_wconf 84' lang='lat' dir='ltr'><strong>accipere</strong></span> <span class='ocrx_word' id='word_1_705' title='bbox 2688 3168 2920 3233; x_wconf 88' lang='lat' dir='ltr'><strong>veniam,</strong></span> <span class='ocrx_word' id='word_1_706' title='bbox 2948 3186 3010 3224; x_wconf 90' lang='lat' dir='ltr'><strong>ac</strong></span> <span class='ocrx_word' id='word_1_707' title='bbox 3045 3169 3319 3223; x_wconf 82' lang='lat' dir='ltr'><strong>vobiscum</strong></span> <span class='ocrx_word' id='word_1_708' title='bbox 3347 3167 3489 3222; x_wconf 86' lang='lat' dir='ltr'><strong>desi-</strong></span> 
     </span>
    </p>
   </div>
   <div class='ocr_carea' id='block_1_96' title="bbox 1907 3255 3485 3322">
    <p class='ocr_par' dir='ltr' id='par_1_96' title="bbox 1907 3255 3485 3322">
     <span class='ocr_line' id='line_1_100' title="bbox 1907 3255 3485 3322; baseline -0.006 -3"><span class='ocrx_word' id='word_1_709' title='bbox 1907 3262 2199 3319; x_wconf 87' lang='lat' dir='ltr'><strong>derabilem</strong></span> <span class='ocrx_word' id='word_1_710' title='bbox 2223 3261 2408 3315; x_wconf 87' lang='lat' dir='ltr'><strong>audire</strong></span> <span class='ocrx_word' id='word_1_711' title='bbox 2428 3274 2614 3314; x_wconf 89' lang='lat' dir='ltr'><strong>vocem</strong></span> <span class='ocrx_word' id='word_1_712' title='bbox 2645 3277 2658 3312; x_wconf 87' lang='lat'><strong>:</strong></span> <span class='ocrx_word' id='word_1_713' title='bbox 2694 3257 2869 3312; x_wconf 82' lang='lat' dir='ltr'><strong>Venite</strong></span> <span class='ocrx_word' id='word_1_714' title='bbox 2891 3257 3141 3311; x_wconf 77' lang='lat' dir='ltr'><strong>benedicti</strong></span> <span class='ocrx_word' id='word_1_715' title='bbox 3166 3255 3342 3309; x_wconf 84' lang='lat' dir='ltr'><strong>Patris</strong></span> <span class='ocrx_word' id='word_1_716' title='bbox 3364 3256 3485 3322; x_wconf 89' lang='lat' dir='ltr'><strong>mei,</strong></span> 
     </span>
    </p>
   </div>
   <div class='ocr_carea' id='block_1_97' title="bbox 1904 3347 3489 3426">
    <p class='ocr_par' dir='ltr' id='par_1_97' title="bbox 1904 3347 3489 3426">
     <span class='ocr_line' id='line_1_101' title="bbox 1904 3347 3489 3426; baseline -0.004 -19"><span class='ocrx_word' id='word_1_717' title='bbox 1904 3353 2151 3425; x_wconf 84' lang='lat' dir='ltr'><strong>percipite</strong></span> <span class='ocrx_word' id='word_1_718' title='bbox 2190 3368 2422 3423; x_wconf 84' lang='lat' dir='ltr'><strong>regnum,</strong></span> <span class='ocrx_word' id='word_1_719' title='bbox 2458 3349 2597 3421; x_wconf 84' lang='lat' dir='ltr'><strong>quod</strong></span> <span class='ocrx_word' id='word_1_720' title='bbox 2634 3349 2771 3404; x_wconf 78' lang='lat' dir='ltr'><strong>vobis</strong></span> <span class='ocrx_word' id='word_1_721' title='bbox 2798 3358 3041 3426; x_wconf 79' lang='lat' dir='ltr'><strong>paratum</strong></span> <span class='ocrx_word' id='word_1_722' title='bbox 3077 3357 3151 3401; x_wconf 84' lang='lat' dir='ltr'><strong>est</strong></span> <span class='ocrx_word' id='word_1_723' title='bbox 3188 3347 3251 3403; x_wconf 83' lang='lat' dir='ltr'><strong>ab</strong></span> <span class='ocrx_word' id='word_1_724' title='bbox 3290 3348 3489 3418; x_wconf 80' lang='lat' dir='ltr'><strong>origine</strong></span> 
     </span>
    </p>
   </div>
   <div class='ocr_carea' id='block_1_98' title="bbox 1907 3439 2635 3519">
    <p class='ocr_par' dir='ltr' id='par_1_98' title="bbox 1907 3439 2635 3519">
     <span class='ocr_line' id='line_1_102' title="bbox 1907 3439 2635 3519; baseline -0.004 -18"><span class='ocrx_word' id='word_1_725' title='bbox 1907 3446 2090 3501; x_wconf 87' lang='lat' dir='ltr'><strong>mundi</strong></span> <span class='ocrx_word' id='word_1_726' title='bbox 2119 3439 2331 3517; x_wconf 77' lang='lat' dir='ltr'><strong>(Matth.</strong></span> <span class='ocrx_word' id='word_1_727' title='bbox 2364 3460 2493 3519; x_wconf 62' lang='lat' dir='ltr'><strong>xxv,</strong></span> <span class='ocrx_word' id='word_1_728' title='bbox 2521 3443 2635 3513; x_wconf 65' lang='grc'><strong>54).</strong></span> 
     </span>
    </p>
   </div>
   <div class='ocr_carea' id='block_1_99' title="bbox 2437 3533 2953 3591">
    <p class='ocr_par' dir='ltr' id='par_1_99' title="bbox 2437 3533 2953 3591">
     <span class='ocr_line' id='line_1_103' title="bbox 2437 3533 2953 3591; baseline 0 0"><span class='ocrx_word' id='word_1_729' title='bbox 2437 3535 2771 3591; x_wconf 76' lang='lat' dir='ltr'><strong>EPISTOLA</strong></span> <span class='ocrx_word' id='word_1_730' title='bbox 2819 3533 2953 3591; x_wconf 83' lang='lat' dir='ltr'><strong>LIII.</strong></span> 
     </span>
    </p>
   </div>
   <div class='ocr_carea' id='block_1_100' title="bbox 2302 3618 3101 3661">
    <p class='ocr_par' dir='ltr' id='par_1_100' title="bbox 2302 3618 3101 3661">
     <span class='ocr_line' id='line_1_104' title="bbox 2302 3618 3101 3661; baseline -0.005 0"><span class='ocrx_word' id='word_1_731' title='bbox 2302 3618 2327 3648; x_wconf 70' lang='grc' dir='ltr'>θ</span> <span class='ocrx_word' id='word_1_732' title='bbox 2362 3622 2430 3661; x_wconf 83' lang='grc' dir='ltr'><strong>ΑΙ)</strong></span> <span class='ocrx_word' id='word_1_733' title='bbox 2465 3622 2703 3661; x_wconf 63' lang='grc' dir='ltr'>ιιιιλτιιεε</span> <span class='ocrx_word' id='word_1_734' title='bbox 2734 3619 3101 3661; x_wconf 63' lang='grc' dir='ltr'><strong>οοιιιιιειεκεεε.</strong></span> 
     </span>
    </p>
   </div>
   <div class='ocr_carea' id='block_1_101' title="bbox 1907 3672 3491 3733">
    <p class='ocr_par' dir='ltr' id='par_1_101' title="bbox 1907 3672 3491 3733">
     <span class='ocr_line' id='line_1_105' title="bbox 1907 3672 3491 3733; baseline -0.001 0"><span class='ocrx_word' id='word_1_735' title='bbox 1907 3677 2117 3733; x_wconf 84' lang='lat' dir='ltr'><strong>Laudat</strong></span> <span class='ocrx_word' id='word_1_736' title='bbox 2156 3677 2367 3732; x_wconf 81' lang='lat' dir='ltr'><strong>illorum</strong></span> <span class='ocrx_word' id='word_1_737' title='bbox 2408 3676 2593 3730; x_wconf 88' lang='lat' dir='ltr'><strong>bonam</strong></span> <span class='ocrx_word' id='word_1_738' title='bbox 2634 3676 3068 3729; x_wconf 85' lang='lat' dir='ltr'><strong>conversationem</strong></span> <span class='ocrx_word' id='word_1_739' title='bbox 3108 3691 3139 3727; x_wconf 93' lang='lat' dir='ltr'><strong>a</strong></span> <span class='ocrx_word' id='word_1_740' title='bbox 3167 3690 3221 3728; x_wconf 86' lang='lat' dir='ltr'><strong>se</strong></span> <span class='ocrx_word' id='word_1_741' title='bbox 3249 3672 3371 3727; x_wconf 88' lang='lat' dir='ltr'><strong>olim</strong></span> <span class='ocrx_word' id='word_1_742' title='bbox 3397 3688 3491 3731; x_wconf 67' lang='lat' dir='ltr'><strong>cz-</strong></span> 
     </span>
    </p>
   </div>
   <div class='ocr_carea' id='block_1_102' title="bbox 1977 3743 3490 3819">
    <p class='ocr_par' dir='ltr' id='par_1_102' title="bbox 1977 3743 3490 3819">
     <span class='ocr_line' id='line_1_106' title="bbox 1977 3743 3490 3819; baseline -0.003 -17"><span class='ocrx_word' id='word_1_743' title='bbox 1977 3747 2557 3819; x_wconf 10' lang='lat' dir='ltr'><strong>pertam.rCommcudat</strong></span> <span class='ocrx_word' id='word_1_744' title='bbox 2579 3764 2635 3819; x_wconf 74' lang='lat' dir='ltr'><strong>se</strong></span> <span class='ocrx_word' id='word_1_745' title='bbox 2655 3745 2863 3798; x_wconf 82' lang='lat' dir='ltr'><strong>illorum</strong></span> <span class='ocrx_word' id='word_1_746' title='bbox 2886 3743 3227 3808; x_wconf 86' lang='lat' dir='ltr'><strong>orationibus,</strong></span> <span class='ocrx_word' id='word_1_747' title='bbox 3244 3754 3290 3797; x_wconf 86' lang='lat' dir='ltr'><strong>et</strong></span> <span class='ocrx_word' id='word_1_748' title='bbox 3313 3745 3490 3797; x_wconf 84' lang='lat' dir='ltr'><strong>horta-</strong></span> 
     </span>
    </p>
   </div>
   <div class='ocr_carea' id='block_1_103' title="bbox 1978 3816 2718 3872">
    <p class='ocr_par' dir='ltr' id='par_1_103' title="bbox 1978 3816 2718 3872">
     <span class='ocr_line' id='line_1_107' title="bbox 1978 3816 2718 3872; baseline -0.005 0"><span class='ocrx_word' id='word_1_749' title='bbox 1978 3816 2121 3872; x_wconf 74' lang='lat' dir='ltr'><strong>tatur</strong></span> <span class='ocrx_word' id='word_1_750' title='bbox 2147 3818 2215 3871; x_wconf 85' lang='lat' dir='ltr'><strong>ad</strong></span> <span class='ocrx_word' id='word_1_751' title='bbox 2240 3818 2443 3871; x_wconf 80' lang='lat' dir='ltr'><strong>virtutis</strong></span> <span class='ocrx_word' id='word_1_752' title='bbox 2469 3816 2718 3870; x_wconf 81' lang='lat' dir='ltr'><strong>studium.</strong></span> 
     </span>
    </p>
   </div>
   <div class='ocr_carea' id='block_1_104' title="bbox 1981 3903 3491 3975">
    <p class='ocr_par' dir='ltr' id='par_1_104' title="bbox 1981 3903 3491 3975">
     <span class='ocr_line' id='line_1_108' title="bbox 1981 3903 3491 3975; baseline -0.003 -11"><span class='ocrx_word' id='word_1_753' title='bbox 1981 3908 2350 3965; x_wconf 87' lang='lat' dir='ltr'><strong>Sanctissimis</strong></span> <span class='ocrx_word' id='word_1_754' title='bbox 2373 3907 2429 3962; x_wconf 90' lang='lat' dir='ltr'><strong>in</strong></span> <span class='ocrx_word' id='word_1_755' title='bbox 2459 3903 2674 3962; x_wconf 88' lang='lat' dir='ltr'><strong>Christo</strong></span> <span class='ocrx_word' id='word_1_756' title='bbox 2709 3904 2982 3970; x_wconf 86' lang='lat' dir='ltr'><strong>fratribus,</strong></span> <span class='ocrx_word' id='word_1_757' title='bbox 3020 3909 3120 3960; x_wconf 88' lang='lat' dir='ltr'><strong>sub</strong></span> <span class='ocrx_word' id='word_1_758' title='bbox 3157 3911 3491 3975; x_wconf 75' lang='lat' dir='ltr'><strong>protectione</strong></span> 
     </span>
    </p>
   </div>
   <div class='ocr_carea' id='block_1_105' title="bbox 1908 4014 3491 4135">
    <p class='ocr_par' dir='ltr' id='par_1_105' title="bbox 1908 4014 3491 4135">
     <span class='ocr_line' id='line_1_109' title="bbox 1908 4014 3491 4135; baseline -0.004 -58"><span class='ocrx_word' id='word_1_759' title='bbox 1908 4038 2031 4077; x_wconf 84' lang='lat' dir='ltr'><strong>men</strong></span> <span class='ocrx_word' id='word_1_760' title='bbox 2069 4020 2341 4075; x_wconf 85' lang='lat' dir='ltr'><strong>adversari</strong></span> <span class='ocrx_word' id='word_1_761' title='bbox 2377 4020 2584 4073; x_wconf 84' lang='lat' dir='ltr'><strong>videtur</strong></span> <span class='ocrx_word' id='word_1_762' title='bbox 2628 4019 2741 4135; x_wconf 49' lang='lat' dir='ltr'><strong>igisa</strong></span> <span class='ocrx_word' id='word_1_763' title='bbox 2784 4014 2942 4083; x_wconf 90' lang='lat' dir='ltr'><strong>hujus</strong></span> <span class='ocrx_word' id='word_1_764' title='bbox 2980 4014 3217 4084; x_wconf 61' lang='lat' dir='ltr'><strong>epistolae</strong></span> <span class='ocrx_word' id='word_1_765' title='bbox 3261 4030 3491 4135; x_wconf 49' lang='lat' dir='ltr'><strong>seguens</strong></span> 
     </span>
     <span class='ocr_line' id='line_1_110' title="bbox 1911 4083 3490 4135; baseline 0 0"><span class='ocrx_word' id='word_1_766' title='bbox 1911 4092 2188 4135; x_wconf 64' lang='lat' dir='ltr'><strong>inet&#39;rintin</strong></span> <span class='ocrx_word' id='word_1_767' title='bbox 2219 4105 2234 4135; x_wconf 70' lang='grc' dir='ltr'>ε</span> <span class='ocrx_word' id='word_1_768' title='bbox 2267 4088 2542 4135; x_wconf 70' lang='lat' dir='ltr'><strong>Fratribus</strong></span> <span class='ocrx_word' id='word_1_769' title='bbox 2570 4104 2629 4135; x_wconf 78' lang='lat' dir='ltr'><strong>sn</strong></span> <span class='ocrx_word' id='word_1_770' title='bbox 2692 4086 3004 4135; x_wconf 80' lang='lat' dir='ltr'><strong>nrotectione</strong></span> <span class='ocrx_word' id='word_1_771' title='bbox 3032 4084 3167 4135; x_wconf 84' lang='lat' dir='ltr'><strong>beati</strong></span> <span class='ocrx_word' id='word_1_772' title='bbox 3203 4083 3305 4135; x_wconf 83' lang='lat' dir='ltr'><strong>Leo</strong></span> <span class='ocrx_word' id='word_1_773' title='bbox 3346 4085 3490 4135; x_wconf 88' lang='lat' dir='ltr'><strong>eaari</strong></span> 
     </span>
    </p>
   </div>
   <div class='ocr_carea' id='block_1_106' title="bbox 1910 4083 3490 4160">
    <p class='ocr_par' dir='ltr' id='par_1_106' title="bbox 1910 4083 3490 4160">
     <span class='ocr_line' id='line_1_111' title="bbox 1910 4083 3490 4160; baseline -0.006 -14"><span class='ocrx_word' id='word_1_774' title='bbox 1910 4092 2188 4160; x_wconf 84' lang='lat' dir='ltr'><strong>inscriptio</strong></span> <span class='ocrx_word' id='word_1_775' title='bbox 2219 4105 2234 4142; x_wconf 90' lang='lat'><strong>:</strong></span> <span class='ocrx_word' id='word_1_776' title='bbox 2263 4088 2547 4160; x_wconf 71' lang='lat' dir='ltr'><strong>Fratribus</strong></span> <span class='ocrx_word' id='word_1_777' title='bbox 2570 4083 2665 4141; x_wconf 77' lang='lat' dir='ltr'><strong>sub</strong></span> <span class='ocrx_word' id='word_1_778' title='bbox 2679 4083 3167 4160; x_wconf 29' lang='lat' dir='ltr'><strong>Protectione’beati</strong></span> <span class='ocrx_word' id='word_1_779' title='bbox 3203 4083 3490 4153; x_wconf 84' lang='lat' dir='ltr'><strong>Leodegari</strong></span> 
     </span>
    </p>
   </div>
   <div class='ocr_carea' id='block_1_107' title="bbox 1907 4152 3486 4232">
    <p class='ocr_par' dir='ltr' id='par_1_107' title="bbox 1907 4152 3486 4232">
     <span class='ocr_line' id='line_1_112' title="bbox 1907 4152 3486 4232; baseline -0.006 -18"><span class='ocrx_word' id='word_1_780' title='bbox 1907 4152 2131 4232; x_wconf 66' lang='lat' dir='ltr'><strong>episcopi</strong></span> <span class='ocrx_word' id='word_1_781' title='bbox 2155 4160 2262 4212; x_wconf 83' lang='lat' dir='ltr'><strong>Deo</strong></span> <span class='ocrx_word' id='word_1_782' title='bbox 2289 4156 2643 4232; x_wconf 68' lang='lat' dir='ltr'><strong>seruientibus.</strong></span> <span class='ocrx_word' id='word_1_783' title='bbox 2670 4152 2897 4208; x_wconf 84' lang='lat' dir='ltr'><strong>Curheia</strong></span> <span class='ocrx_word' id='word_1_784' title='bbox 2914 4154 2959 4206; x_wconf 89' lang='lat' dir='ltr'><strong>si</strong></span> <span class='ocrx_word' id='word_1_785' title='bbox 2983 4152 3198 4232; x_wconf 77' lang='lat' dir='ltr'><strong>quidem</strong></span> <span class='ocrx_word' id='word_1_786' title='bbox 3238 4152 3486 4232; x_wconf 64' lang='lat' dir='ltr'><strong>utraque,</strong></span> 
     </span>
    </p>
   </div>
   <div class='ocr_carea' id='block_1_108' title="bbox 1907 4222 3488 4290">
    <p class='ocr_par' dir='ltr' id='par_1_108' title="bbox 1907 4222 3488 4290">
     <span class='ocr_line' id='line_1_113' title="bbox 1907 4222 3488 4290; baseline -0.004 -7"><span class='ocrx_word' id='word_1_787' title='bbox 1907 4222 2145 4283; x_wconf 77' lang='lat' dir='ltr'><strong>vetuset</strong></span> <span class='ocrx_word' id='word_1_788' title='bbox 2174 4243 2309 4281; x_wconf 87' lang='lat' dir='ltr'><strong>nova</strong></span> <span class='ocrx_word' id='word_1_789' title='bbox 2330 4226 2555 4279; x_wconf 89' lang='lat' dir='ltr'><strong>aliorum</strong></span> <span class='ocrx_word' id='word_1_790' title='bbox 2580 4234 2884 4279; x_wconf 78' lang='lat' dir='ltr'><strong>sanctorum</strong></span> <span class='ocrx_word' id='word_1_791' title='bbox 2914 4222 3213 4290; x_wconf 89' lang='lat' dir='ltr'><strong>patrocinio</strong></span> <span class='ocrx_word' id='word_1_792' title='bbox 3240 4223 3488 4277; x_wconf 87' lang='lat' dir='ltr'><strong>dedicata</strong></span> 
     </span>
    </p>
   </div>
   <div class='ocr_carea' id='block_1_109' title="bbox 1910 4291 3491 4366">
    <p class='ocr_par' dir='ltr' id='par_1_109' title="bbox 1910 4291 3491 4366">
     <span class='ocr_line' id='line_1_114' title="bbox 1910 4291 3491 4366; baseline -0.004 -13"><span class='ocrx_word' id='word_1_793' title='bbox 1910 4300 2113 4362; x_wconf 80' lang='lat' dir='ltr'><strong>fuerat;</strong></span> <span class='ocrx_word' id='word_1_794' title='bbox 2162 4296 2252 4350; x_wconf 89' lang='lat' dir='ltr'><strong>illa</strong></span> <span class='ocrx_word' id='word_1_795' title='bbox 2300 4296 2513 4366; x_wconf 89' lang='lat' dir='ltr'><strong>quidem</strong></span> <span class='ocrx_word' id='word_1_796' title='bbox 2548 4294 2719 4350; x_wconf 79' lang='lat' dir='ltr'><strong>sancti</strong></span> <span class='ocrx_word' id='word_1_797' title='bbox 2760 4292 2904 4348; x_wconf 87' lang='lat' dir='ltr'><strong>Petri</strong></span> <span class='ocrx_word' id='word_1_798' title='bbox 2952 4291 3175 4366; x_wconf 81' lang='lat' dir='ltr'><strong>apostoli</strong></span> <span class='ocrx_word' id='word_1_799' title='bbox 3218 4300 3402 4366; x_wconf 80' lang='lat' dir='ltr'><strong>pro_ut_</strong></span> <span class='ocrx_word' id='word_1_800' title='bbox 3420 4292 3491 4349; x_wconf 85' lang='lat' dir='ltr'><strong>ad</strong></span> 
     </span>
    </p>
   </div>
   <div class='ocr_carea' id='block_1_110' title="bbox 1908 4361 3492 4430">
    <p class='ocr_par' dir='ltr' id='par_1_110' title="bbox 1908 4361 3492 4430">
     <span class='ocr_line' id='line_1_115' title="bbox 1908 4361 3492 4430; baseline -0.005 -6"><span class='ocrx_word' id='word_1_801' title='bbox 1908 4370 2067 4430; x_wconf 81' lang='lat' dir='ltr'><strong>epist.</strong></span> <span class='ocrx_word' id='word_1_802' title='bbox 2101 4361 2196 4422; x_wconf 75' lang='lat' dir='ltr'><strong>i9i</strong></span> <span class='ocrx_word' id='word_1_803' title='bbox 2248 4361 2583 4430; x_wconf 76' lang='lat' dir='ltr'><strong>notavimus;</strong></span> <span class='ocrx_word' id='word_1_804' title='bbox 2632 4366 2748 4419; x_wconf 64' lang='lat' dir='ltr'><strong>hanc</strong></span> <span class='ocrx_word' id='word_1_805' title='bbox 2793 4378 2919 4417; x_wconf 86' lang='lat' dir='ltr'><strong>vero</strong></span> <span class='ocrx_word' id='word_1_806' title='bbox 2966 4363 3117 4416; x_wconf 89' lang='lat' dir='ltr'><strong>initio</strong></span> <span class='ocrx_word' id='word_1_807' title='bbox 3153 4361 3321 4417; x_wconf 77' lang='lat' dir='ltr'><strong>sancti</strong></span> <span class='ocrx_word' id='word_1_808' title='bbox 3370 4361 3492 4416; x_wconf 74' lang='lat' dir='ltr'><strong>Ste-</strong></span> 
     </span>
    </p>
   </div>
   <div class='ocr_carea' id='block_1_111' title="bbox 1907 4433 3491 4509">
    <p class='ocr_par' dir='ltr' id='par_1_111' title="bbox 1907 4433 3491 4509">
     <span class='ocr_line' id='line_1_116' title="bbox 1907 4433 3491 4509; baseline -0.006 -16"><span class='ocrx_word' id='word_1_809' title='bbox 1907 4433 2070 4509; x_wconf 81' lang='lat' dir='ltr'><strong>phani</strong></span> <span class='ocrx_word' id='word_1_810' title='bbox 2097 4436 2532 4509; x_wconf 79' lang='lat' dir='ltr'><strong>protomartyris;</strong></span> <span class='ocrx_word' id='word_1_811' title='bbox 2568 4446 2682 4509; x_wconf 80' lang='lat' dir='ltr'><strong>tum</strong></span> <span class='ocrx_word' id='word_1_812' title='bbox 2725 4433 3022 4509; x_wconf 69' lang='lat' dir='ltr'><strong>sanqtiV&#39;jli</strong></span> <span class='ocrx_word' id='word_1_813' title='bbox 3048 4433 3312 4509; x_wconf 77' lang='lat' dir='ltr'><strong>martyris.</strong></span> <span class='ocrx_word' id='word_1_814' title='bbox 3346 4433 3491 4509; x_wconf 56' lang='lat' dir='ltr'><strong>Ifrre-</strong></span> 
     </span>
    </p>
   </div>
   <div class='ocr_carea' id='block_1_112' title="bbox 1910 4502 3490 4578">
    <p class='ocr_par' dir='ltr' id='par_1_112' title="bbox 1910 4502 3490 4578">
     <span class='ocr_line' id='line_1_117' title="bbox 1910 4502 3490 4578; baseline -0.006 -14"><span class='ocrx_word' id='word_1_815' title='bbox 1910 4502 2151 4564; x_wconf 73' lang='lat' dir='ltr'><strong>cedentis</strong></span> <span class='ocrx_word' id='word_1_816' title='bbox 2181 4502 2417 4578; x_wconf 68' lang='lat' dir='ltr'><strong>epistolae</strong></span> <span class='ocrx_word' id='word_1_817' title='bbox 2447 4505 2723 4578; x_wconf 75' lang='lat' dir='ltr'><strong>inscriptio</strong></span> <span class='ocrx_word' id='word_1_818' title='bbox 2763 4522 2775 4557; x_wconf 93' lang='lat'>:</span> <span class='ocrx_word' id='word_1_819' title='bbox 2822 4504 2901 4578; x_wconf 48' lang='lat' dir='ltr'><strong>{id</strong></span> <span class='ocrx_word' id='word_1_820' title='bbox 2945 4503 3132 4578; x_wconf 79' lang='lat' dir='ltr'><strong>fratres</strong></span> <span class='ocrx_word' id='word_1_821' title='bbox 3175 4502 3233 4578; x_wconf 66' lang='lat' dir='ltr'><strong>in</strong></span> <span class='ocrx_word' id='word_1_822' title='bbox 3273 4502 3490 4578; x_wconf 67' lang='lat' dir='ltr'><strong>ecclesia</strong></span> 
     </span>
    </p>
   </div>
   <div class='ocr_carea' id='block_1_113' title="bbox 1908 4572 3491 4647">
    <p class='ocr_par' dir='ltr' id='par_1_113' title="bbox 1908 4572 3491 4647">
     <span class='ocr_line' id='line_1_118' title="bbox 1908 4572 3491 4647; baseline -0.005 -14"><span class='ocrx_word' id='word_1_823' title='bbox 1908 4581 2077 4633; x_wconf 85' lang='lat' dir='ltr'><strong>sancti</strong></span> <span class='ocrx_word' id='word_1_824' title='bbox 2111 4572 2383 4647; x_wconf 66' lang='lat' dir='ltr'><strong>Liuagarii</strong></span> <span class='ocrx_word' id='word_1_825' title='bbox 2425 4593 2515 4647; x_wconf 84' lang='lat' dir='ltr'><strong>seu</strong></span> <span class='ocrx_word' id='word_1_826' title='bbox 2564 4572 2868 4644; x_wconf 82' lang='lat' dir='ltr'><strong>Leodegarii</strong></span> <span class='ocrx_word' id='word_1_827' title='bbox 2903 4574 3144 4647; x_wconf 55' lang='lat' dir='ltr'><strong>episcopi,</strong></span> <span class='ocrx_word' id='word_1_828' title='bbox 3173 4572 3491 4647; x_wconf 78' lang='lat' dir='ltr'><strong>_Mabillo_uiu</strong></span> 
     </span>
    </p>
   </div>
   <div class='ocr_carea' id='block_1_114' title="bbox 1902 4641 3491 4717">
    <p class='ocr_par' dir='ltr' id='par_1_114' title="bbox 1902 4641 3491 4717">
     <span class='ocr_line' id='line_1_119' title="bbox 1902 4641 3491 4717; baseline -0.006 -14"><span class='ocrx_word' id='word_1_829' title='bbox 1902 4647 2107 4717; x_wconf 89' lang='lat' dir='ltr'><strong>judice,</strong></span> <span class='ocrx_word' id='word_1_830' title='bbox 2149 4641 2491 4717; x_wconf 70' lang='lat' dir='ltr'><strong>intelligenda</strong></span> <span class='ocrx_word' id='word_1_831' title='bbox 2524 4653 2607 4700; x_wconf 90' lang='lat' dir='ltr'><strong>est</strong></span> <span class='ocrx_word' id='word_1_832' title='bbox 2641 4646 2707 4697; x_wconf 86' lang='lat' dir='ltr'><strong>de</strong></span> <span class='ocrx_word' id='word_1_833' title='bbox 2736 4641 3037 4717; x_wconf 71' lang='lat' dir='ltr'><strong>monachis</strong></span> <span class='ocrx_word' id='word_1_834' title='bbox 3059 4641 3491 4717; x_wconf 64' lang='lat' dir='ltr'><strong>Morbacensibus</strong></span> 
     </span>
    </p>
   </div>
   <div class='ocr_carea' id='block_1_115' title="bbox 1910 4712 3489 4773">
    <p class='ocr_par' dir='ltr' id='par_1_115' title="bbox 1910 4712 3489 4773">
     <span class='ocr_line' id='line_1_120' title="bbox 1910 4712 3489 4773; baseline -0.006 0"><span class='ocrx_word' id='word_1_835' title='bbox 1910 4712 1967 4773; x_wconf 83' lang='lat' dir='ltr'><strong>in</strong></span> <span class='ocrx_word' id='word_1_836' title='bbox 1991 4712 2213 4772; x_wconf 86' lang='lat' dir='ltr'><strong>Alsatia.</strong></span> <span class='ocrx_word' id='word_1_837' title='bbox 2244 4712 2376 4771; x_wconf 75' lang='lat' dir='ltr'><strong>Illud</strong></span> <span class='ocrx_word' id='word_1_838' title='bbox 2406 4716 2547 4769; x_wconf 85' lang='lat' dir='ltr'><strong>enim</strong></span> <span class='ocrx_word' id='word_1_839' title='bbox 2574 4712 2959 4768; x_wconf 89' lang='lat' dir='ltr'><strong>monasterium</strong></span> <span class='ocrx_word' id='word_1_840' title='bbox 2990 4712 3133 4765; x_wconf 87' lang='lat' dir='ltr'><strong>circa</strong></span> <span class='ocrx_word' id='word_1_841' title='bbox 3165 4727 3361 4765; x_wconf 89' lang='lat' dir='ltr'><strong>annum</strong></span> <span class='ocrx_word' id='word_1_842' title='bbox 3386 4712 3489 4764; x_wconf 80' lang='grc'><strong>727</strong></span> 
     </span>
    </p>
   </div>
   <div class='ocr_carea' id='block_1_116' title="bbox 1911 4780 3491 4849">
    <p class='ocr_par' dir='ltr' id='par_1_116' title="bbox 1911 4780 3491 4849">
     <span class='ocr_line' id='line_1_121' title="bbox 1911 4780 3491 4849; baseline -0.005 -6"><span class='ocrx_word' id='word_1_843' title='bbox 1911 4804 1942 4843; x_wconf 87' lang='lat' dir='ltr'><strong>a</strong></span> <span class='ocrx_word' id='word_1_844' title='bbox 1972 4795 2159 4842; x_wconf 90' lang='lat' dir='ltr'><strong>sancto</strong></span> <span class='ocrx_word' id='word_1_845' title='bbox 2178 4785 2437 4841; x_wconf 88' lang='lat' dir='ltr'><strong>Pirminio</strong></span> <span class='ocrx_word' id='word_1_846' title='bbox 2458 4784 2728 4839; x_wconf 88' lang='lat' dir='ltr'><strong>conditum</strong></span> <span class='ocrx_word' id='word_1_847' title='bbox 2750 4789 2850 4842; x_wconf 89' lang='lat' dir='ltr'><strong>est,</strong></span> <span class='ocrx_word' id='word_1_848' title='bbox 2877 4789 2932 4834; x_wconf 89' lang='lat' dir='ltr'><strong>et</strong></span> <span class='ocrx_word' id='word_1_849' title='bbox 2957 4780 3168 4849; x_wconf 86' lang='lat' dir='ltr'><strong>quidem</strong></span> <span class='ocrx_word' id='word_1_850' title='bbox 3196 4781 3491 4836; x_wconf 87' lang='lat' dir='ltr'><strong>honoribus</strong></span> 
     </span>
    </p>
   </div>
   <div class='ocr_carea' id='block_1_117' title="bbox 1912 4851 3491 4925">
    <p class='ocr_par' dir='ltr' id='par_1_117' title="bbox 1912 4851 3491 4925">
     <span class='ocr_line' id='line_1_122' title="bbox 1912 4851 3491 4925; baseline -0.004 -13"><span class='ocrx_word' id='word_1_851' title='bbox 1912 4858 2085 4913; x_wconf 88' lang='lat' dir='ltr'><strong>sancti</strong></span> <span class='ocrx_word' id='word_1_852' title='bbox 2110 4855 2424 4925; x_wconf 79' lang='lat' dir='ltr'><strong>Leodegarii</strong></span> <span class='ocrx_word' id='word_1_853' title='bbox 2457 4861 2736 4925; x_wconf 77' lang='lat' dir='ltr'><strong>propterea</strong></span> <span class='ocrx_word' id='word_1_854' title='bbox 2769 4851 3023 4912; x_wconf 85' lang='lat' dir='ltr'><strong>dicatum,</strong></span> <span class='ocrx_word' id='word_1_855' title='bbox 3055 4851 3197 4918; x_wconf 92' lang='lat' dir='ltr'><strong>quod</strong></span> <span class='ocrx_word' id='word_1_856' title='bbox 3223 4851 3491 4905; x_wconf 86' lang='lat' dir='ltr'><strong>Eberhar-</strong></span> 
     </span>
    </p>
   </div>
   <div class='ocr_carea' id='block_1_118' title="bbox 1913 4923 3490 4987">
    <p class='ocr_par' dir='ltr' id='par_1_118' title="bbox 1913 4923 3490 4987">
     <span class='ocr_line' id='line_1_123' title="bbox 1913 4923 3490 4987; baseline -0.004 -6"><span class='ocrx_word' id='word_1_857' title='bbox 1913 4928 2011 4981; x_wconf 88' lang='lat' dir='ltr'><strong>dus</strong></span> <span class='ocrx_word' id='word_1_858' title='bbox 2038 4940 2235 4987; x_wconf 89' lang='lat' dir='ltr'><strong>comes,</strong></span> <span class='ocrx_word' id='word_1_859' title='bbox 2266 4923 2365 4979; x_wconf 83' lang='lat' dir='ltr'><strong>loci</strong></span> <span class='ocrx_word' id='word_1_860' title='bbox 2394 4923 2665 4985; x_wconf 76' lang='lat' dir='ltr'><strong>fluidator,</strong></span> <span class='ocrx_word' id='word_1_861' title='bbox 2704 4923 2848 4976; x_wconf 90' lang='lat' dir='ltr'><strong>hunc</strong></span> <span class='ocrx_word' id='word_1_862' title='bbox 2880 4927 3125 4973; x_wconf 88' lang='lat' dir='ltr'><strong>sanctum</strong></span> <span class='ocrx_word' id='word_1_863' title='bbox 3151 4934 3216 4973; x_wconf 86' lang='lat' dir='ltr'><strong>ex</strong></span> <span class='ocrx_word' id='word_1_864' title='bbox 3248 4932 3490 4974; x_wconf 78' lang='lat' dir='ltr'><strong>materna</strong></span> 
     </span>
    </p>
   </div>
   <div class='ocr_carea' id='block_1_119' title="bbox 1912 4989 3491 5070">
    <p class='ocr_par' dir='ltr' id='par_1_119' title="bbox 1912 4989 3491 5070">
     <span class='ocr_line' id='line_1_124' title="bbox 1912 4989 3491 5070; baseline -0.004 -20"><span class='ocrx_word' id='word_1_865' title='bbox 1912 4996 2052 5070; x_wconf 70' lang='lat' dir='ltr'><strong>linea</strong></span> <span class='ocrx_word' id='word_1_866' title='bbox 2078 4993 2473 5070; x_wconf 69' lang='lat' dir='ltr'><strong>propinquitate</strong></span> <span class='ocrx_word' id='word_1_867' title='bbox 2511 4992 2805 5070; x_wconf 69' lang='lat' dir='ltr'><strong>attinebat._</strong></span> <span class='ocrx_word' id='word_1_868' title='bbox 2827 4989 3013 5070; x_wconf 66' lang='lat' dir='ltr'><strong>Avium</strong></span> <span class='ocrx_word' id='word_1_869' title='bbox 3061 4989 3263 5070; x_wconf 70' lang='lat' dir='ltr'><strong>quippe</strong></span> <span class='ocrx_word' id='word_1_870' title='bbox 3306 4990 3491 5044; x_wconf 84' lang='lat' dir='ltr'><strong>habuit</strong></span> 
     </span>
    </p>
   </div>
   <div class='ocr_carea' id='block_1_120' title="bbox 1912 5059 3492 5141">
    <p class='ocr_par' dir='ltr' id='par_1_120' title="bbox 1912 5059 3492 5141">
     <span class='ocr_line' id='line_1_125' title="bbox 1912 5059 3492 5141; baseline -0.004 -21"><span class='ocrx_word' id='word_1_871' title='bbox 1912 5059 2327 5141; x_wconf 59' lang='lat' dir='ltr'><strong>Beresiginiiam,</strong></span> <span class='ocrx_word' id='word_1_872' title='bbox 2379 5062 2617 5131; x_wconf 70' lang='lat' dir='ltr'><strong>Sigradce</strong></span> <span class='ocrx_word' id='word_1_873' title='bbox 2664 5060 2972 5141; x_wconf 64' lang='lat' dir='ltr'><strong>Leodt-garii</strong></span> <span class='ocrx_word' id='word_1_874' title='bbox 3017 5059 3492 5141; x_wconf 80' lang='lat' dir='ltr'><strong>genitricis_soro—</strong></span> 
     </span>
    </p>
   </div>
   <div class='ocr_carea' id='block_1_121' title="bbox 1914 5129 3492 5202">
    <p class='ocr_par' dir='ltr' id='par_1_121' title="bbox 1914 5129 3492 5202">
     <span class='ocr_line' id='line_1_126' title="bbox 1914 5129 3492 5202; baseline -0.004 -13"><span class='ocrx_word' id='word_1_875' title='bbox 1914 5151 2051 5190; x_wconf 88' lang='lat' dir='ltr'><strong>rem.</strong></span> <span class='ocrx_word' id='word_1_876' title='bbox 2083 5135 2335 5202; x_wconf 77' lang='lat' dir='ltr'><strong>Ejusdem</strong></span> <span class='ocrx_word' id='word_1_877' title='bbox 2378 5129 2591 5202; x_wconf 82' lang='lat' dir='ltr'><strong>quoque</strong></span> <span class='ocrx_word' id='word_1_878' title='bbox 2617 5131 2790 5202; x_wconf 86' lang='lat' dir='ltr'><strong>sancti</strong></span> <span class='ocrx_word' id='word_1_879' title='bbox 2822 5129 3075 5202; x_wconf 86' lang='lat' dir='ltr'><strong>martyris</strong></span> <span class='ocrx_word' id='word_1_880' title='bbox 3096 5136 3256 5198; x_wconf 90' lang='lat' dir='ltr'><strong>caput</strong></span> <span class='ocrx_word' id='word_1_881' title='bbox 3281 5130 3347 5182; x_wconf 90' lang='lat' dir='ltr'><strong>ab</strong></span> <span class='ocrx_word' id='word_1_882' title='bbox 3376 5129 3492 5202; x_wconf 82' lang='lat' dir='ltr'><strong>ipsa</strong></span> 
     </span>
    </p>
   </div>
   <div class='ocr_carea' id='block_1_122' title="bbox 1914 5200 3571 5272">
    <p class='ocr_par' dir='ltr' id='par_1_122' title="bbox 1914 5200 3571 5272">
     <span class='ocr_line' id='line_1_127' title="bbox 1914 5200 3571 5272; baseline -0.006 -13"><span class='ocrx_word' id='word_1_883' title='bbox 1914 5200 2224 5259; x_wconf 81' lang='lat' dir='ltr'><strong>monasterii</strong></span> <span class='ocrx_word' id='word_1_884' title='bbox 2250 5200 2455 5272; x_wconf 86' lang='lat' dir='ltr'><strong>origine</strong></span> <span class='ocrx_word' id='word_1_885' title='bbox 2481 5201 2677 5256; x_wconf 88' lang='lat' dir='ltr'><strong>ibidem</strong></span> <span class='ocrx_word' id='word_1_886' title='bbox 2704 5200 3000 5272; x_wconf 84' lang='lat' dir='ltr'><strong>depositum</strong></span> <span class='ocrx_word' id='word_1_887' title='bbox 3018 5209 3126 5272; x_wconf 80' lang='lat' dir='ltr'><strong>est,</strong></span> <span class='ocrx_word' id='word_1_888' title='bbox 3146 5208 3303 5268; x_wconf 89' lang='lat' dir='ltr'><strong>atque</strong></span> <span class='ocrx_word' id='word_1_889' title='bbox 3329 5200 3491 5272; x_wconf 72' lang='lat' dir='ltr'><strong>etiam</strong></span> <span class='ocrx_word' id='word_1_890' title='bbox 3548 5226 3571 5249; x_wconf 77' lang='grc' dir='ltr'><strong><em>ο</em></strong></span> 
     </span>
    </p>
   </div>
   <div class='ocr_carea' id='block_1_123' title="bbox 1914 5267 3492 5341">
    <p class='ocr_par' dir='ltr' id='par_1_123' title="bbox 1914 5267 3492 5341">
     <span class='ocr_line' id='line_1_128' title="bbox 1914 5267 3492 5341; baseline -0.006 -13"><span class='ocrx_word' id='word_1_891' title='bbox 1914 5290 2058 5329; x_wconf 90' lang='lat' dir='ltr'><strong>nunc</strong></span> <span class='ocrx_word' id='word_1_892' title='bbox 2101 5267 2437 5336; x_wconf 69' lang='lat' dir='ltr'><strong>asservathr;</strong></span> <span class='ocrx_word' id='word_1_893' title='bbox 2488 5267 2814 5341; x_wconf 81' lang='lat' dir='ltr'><strong>quapropter</strong></span> <span class='ocrx_word' id='word_1_894' title='bbox 2859 5271 2957 5324; x_wconf 88' lang='lat' dir='ltr'><strong>etsi</strong></span> <span class='ocrx_word' id='word_1_895' title='bbox 3014 5270 3168 5323; x_wconf 87' lang='lat' dir='ltr'><strong>initio</strong></span> <span class='ocrx_word' id='word_1_896' title='bbox 3211 5267 3492 5341; x_wconf 61' lang='lat' dir='ltr'><strong>pra‘fatum</strong></span> 
     </span>
    </p>
   </div>
   <div class='ocr_carea' id='block_1_124' title="bbox 1915 5339 3494 5409">
    <p class='ocr_par' dir='ltr' id='par_1_124' title="bbox 1915 5339 3494 5409">
     <span class='ocr_line' id='line_1_129' title="bbox 1915 5339 3494 5409; baseline -0.004 -12"><span class='ocrx_word' id='word_1_897' title='bbox 1915 5343 2299 5399; x_wconf 84' lang='lat' dir='ltr'><strong>monasterium</strong></span> <span class='ocrx_word' id='word_1_898' title='bbox 2334 5342 2386 5395; x_wconf 90' lang='lat' dir='ltr'><strong>in</strong></span> <span class='ocrx_word' id='word_1_899' title='bbox 2422 5339 2934 5409; x_wconf 47' lang='lat' dir='ltr'><strong>honorem—quoque</strong></span> <span class='ocrx_word' id='word_1_900' title='bbox 2972 5348 3170 5393; x_wconf 76' lang='lat' dir='ltr'><strong>sancta:</strong></span> <span class='ocrx_word' id='word_1_901' title='bbox 3209 5339 3302 5409; x_wconf 78' lang='lat' dir='ltr'><strong>Dei</strong></span> <span class='ocrx_word' id='word_1_902' title='bbox 3343 5339 3494 5408; x_wconf 90' lang='lat' dir='ltr'><strong>geni-</strong></span> 
     </span>
    </p>
   </div>
   <div class='ocr_carea' id='block_1_125' title="bbox 1916 5408 3492 5479">
    <p class='ocr_par' dir='ltr' id='par_1_125' title="bbox 1916 5408 3492 5479">
     <span class='ocr_line' id='line_1_130' title="bbox 1916 5408 3492 5479; baseline -0.004 -11"><span class='ocrx_word' id='word_1_903' title='bbox 1916 5414 2071 5469; x_wconf 89' lang='lat' dir='ltr'><strong>tricis</strong></span> <span class='ocrx_word' id='word_1_904' title='bbox 2117 5413 2316 5476; x_wconf 78' lang='lat' dir='ltr'><strong>Mariac,</strong></span> <span class='ocrx_word' id='word_1_905' title='bbox 2360 5411 2638 5479; x_wconf 87' lang='lat' dir='ltr'><strong>sanctique</strong></span> <span class='ocrx_word' id='word_1_906' title='bbox 2684 5408 2958 5464; x_wconf 82' lang='lat' dir='ltr'><strong>Michaelis</strong></span> <span class='ocrx_word' id='word_1_907' title='bbox 3006 5408 3314 5479; x_wconf 83' lang='lat' dir='ltr'><strong>archangeli</strong></span> <span class='ocrx_word' id='word_1_908' title='bbox 3363 5423 3492 5479; x_wconf 49' lang='lat' dir='ltr'><strong>conj</strong></span> 
     </span>
    </p>
   </div>
   <div class='ocr_carea' id='block_1_126' title="bbox 1917 5472 3491 5550">
    <p class='ocr_par' dir='ltr' id='par_1_126' title="bbox 1917 5472 3491 5550">
     <span class='ocr_line' id='line_1_131' title="bbox 1917 5472 3491 5550; baseline -0.006 -11"><span class='ocrx_word' id='word_1_909' title='bbox 1917 5491 2180 5539; x_wconf 86' lang='lat' dir='ltr'><strong>structum</strong></span> <span class='ocrx_word' id='word_1_910' title='bbox 2224 5472 2403 5541; x_wconf 83' lang='lat' dir='ltr'><strong>fuerit,</strong></span> <span class='ocrx_word' id='word_1_911' title='bbox 2438 5472 2589 5550; x_wconf 74' lang='lat' dir='ltr'><strong>lapsu</strong></span> <span class='ocrx_word' id='word_1_912' title='bbox 2625 5479 3106 5550; x_wconf 20' lang='lat' dir='ltr'><strong>tamenitemporis</strong></span> <span class='ocrx_word' id='word_1_913' title='bbox 3138 5472 3351 5533; x_wconf 66' lang='lat' dir='ltr'><strong>czeteris</strong></span> <span class='ocrx_word' id='word_1_914' title='bbox 3385 5472 3491 5550; x_wconf 76' lang='lat' dir='ltr'><strong>loc&#39;i</strong></span> 
     </span>
    </p>
   </div>
   <div class='ocr_carea' id='block_1_127' title="bbox 1914 5547 3493 5625">
    <p class='ocr_par' dir='ltr' id='par_1_127' title="bbox 1914 5547 3493 5625">
     <span class='ocr_line' id='line_1_132' title="bbox 1914 5547 3493 5625; baseline -0.003 -20"><span class='ocrx_word' id='word_1_915' title='bbox 1914 5554 2156 5625; x_wconf 84' lang='lat' dir='ltr'><strong>patronis</strong></span> <span class='ocrx_word' id='word_1_916' title='bbox 2183 5552 2445 5625; x_wconf 61' lang='lat' dir='ltr'><strong>praelatus</strong></span> <span class='ocrx_word' id='word_1_917' title='bbox 2462 5547 2543 5625; x_wconf 53' lang='lat' dir='ltr'><strong>est</strong></span> <span class='ocrx_word' id='word_1_918' title='bbox 2573 5558 2806 5625; x_wconf 67' lang='lat' dir='ltr'><strong>sanctus</strong></span> <span class='ocrx_word' id='word_1_919' title='bbox 2820 5547 3204 5625; x_wconf 71' lang='lat' dir='ltr'><strong>Leodcgarius,</strong></span> <span class='ocrx_word' id='word_1_920' title='bbox 3233 5557 3293 5625; x_wconf 77' lang='grc' dir='ltr'><strong>ιιι</strong></span> <span class='ocrx_word' id='word_1_921' title='bbox 3319 5563 3385 5602; x_wconf 80' lang='lat' dir='ltr'><strong>ex</strong></span> <span class='ocrx_word' id='word_1_922' title='bbox 3402 5547 3493 5625; x_wconf 84' lang='lat' dir='ltr'><strong>_di-</strong></span> 
     </span>
    </p>
   </div>
   <div class='ocr_carea' id='block_1_128' title="bbox 1952 5617 3470 5689">
    <p class='ocr_par' dir='ltr' id='par_1_128' title="bbox 1952 5617 3470 5689">
     <span class='ocr_line' id='line_1_133' title="bbox 1952 5617 3470 5689; baseline -0.004 -13"><span class='ocrx_word' id='word_1_923' title='bbox 1952 5617 2237 5678; x_wconf 83' lang='lat' dir='ltr'><strong>lomatihus</strong></span> <span class='ocrx_word' id='word_1_924' title='bbox 2273 5621 2449 5675; x_wconf 86' lang='lat' dir='ltr'><strong>Caroli</strong></span> <span class='ocrx_word' id='word_1_925' title='bbox 2494 5621 2664 5689; x_wconf 81' lang='lat' dir='ltr'><strong>Magni</strong></span> <span class='ocrx_word' id='word_1_926' title='bbox 2695 5628 2750 5674; x_wconf 88' lang='lat' dir='ltr'><strong>et</strong></span> <span class='ocrx_word' id='word_1_927' title='bbox 2785 5617 3022 5674; x_wconf 87' lang='lat' dir='ltr'><strong>Lotharii</strong></span> <span class='ocrx_word' id='word_1_928' title='bbox 3052 5617 3274 5689; x_wconf 82' lang='lat' dir='ltr'><strong>Augusti</strong></span> <span class='ocrx_word' id='word_1_929' title='bbox 3303 5618 3470 5687; x_wconf 90' lang='lat' dir='ltr'><strong>proba</strong></span> 
     </span>
    </p>
   </div>
   <div class='ocr_carea' id='block_1_129' title="bbox 1949 5688 3217 5759">
    <p class='ocr_par' dir='ltr' id='par_1_129' title="bbox 1949 5688 3217 5759">
     <span class='ocr_line' id='line_1_134' title="bbox 1949 5688 3217 5759; baseline -0.006 -11"><span class='ocrx_word' id='word_1_930' title='bbox 1949 5694 2117 5750; x_wconf 82' lang='lat' dir='ltr'><strong>iabiil.</strong></span> <span class='ocrx_word' id='word_1_931' title='bbox 2148 5693 2273 5751; x_wconf 86' lang='lat' dir='ltr'><strong>libr.</strong></span> <span class='ocrx_word' id='word_1_932' title='bbox 2314 5708 2383 5746; x_wconf 77' lang='lat' dir='ltr'><strong>xx</strong></span> <span class='ocrx_word' id='word_1_933' title='bbox 2410 5688 2628 5756; x_wconf 64' lang='lat' dir='ltr'><strong>Annal},</strong></span> <span class='ocrx_word' id='word_1_934' title='bbox 2657 5704 2776 5759; x_wconf 85' lang='lat' dir='ltr'><strong>pag.</strong></span> <span class='ocrx_word' id='word_1_935' title='bbox 2806 5688 2892 5742; x_wconf 85' lang='lat'><strong>77.</strong></span> <span class='ocrx_word' id='word_1_936' title='bbox 3150 5688 3153 5689; x_wconf 62' lang='grc'><strong><em>⁷</em></strong></span> <span class='ocrx_word' id='word_1_937' title='bbox 3212 5714 3217 5715; x_wconf 53' lang='grc' dir='ltr'><em>ν</em></span> 
     </span>
    </p>
   </div>
  </div>
