4056 6328
531 322 641 379 119

1398 314 1458 370 Β.
1500 315 1563 371 F.
1603 312 1829 369 ALBlNl
1869 311 2004 368 SEU
2039 311 2314 368 ALCUNI
2353 310 2633 367 OPERUM
2671 309 2848 366 PARS
2883 309 2927 368 ι.

3686 316 3803 373 ω

532 412 678 470 beati
705 408 999 480 Leodegari
1028 405 1266 478 episcopi
1300 405 1412 462 Deo
1446 406 1825 471 servientibus,
1854 404 2111 459 Alcuinus
2138 410 2188 466 Α
2285 404 2434 473 Rogo
2471 418 2568 459 vos
2604 418 2703 471 per
2739 402 3022 459 charitatis
3059 400 3235 466 Iidem,
3278 409 3338 459 ut
3367 403 3597 461 fideliter
3622 414 3677 463 et
3708 424 3792 466 sa-

534 504 787 560 salutem.

606 594 744 651 Olim
775 605 801 634 ι
833 591 1075 663 magistri
1114 589 1219 644 mei
1262 587 1482 658 vestigia
1518 594 1734 640 secutus
1770 591 1964 639 vestra:
1986 598 2116 639 con-

508 685 866 759 gregationis
912 682 1231 739 laudabilem
1275 679 1736 736 conversationem
1778 677 2022 731 videbam
2061 685 2115 731 et

537 779 810 842 amabam,
844 790 1034 845 meque
1074 774 1245 842 ipsum
1282 771 1423 825 inter
1449 784 1544 823 vos
1573 782 1692 822 esse
1720 766 2112 831 desiderabam,

535 870 692 940 quasi
720 883 860 923 unus
881 882 947 922 ex
972 865 1144 920 vobis.
1176 862 1328 918 Unde
1363 860 1640 929 deprecor,
1667 856 1970 913 charissimi
2004 854 2114 910 fra-

534 960 676 1014 tres!
719 967 952 1013 vestram
980 956 1277 1026 piissimam
1323 951 1684 1014 dilectionem,
1724 957 1783 1004 ut
1824 949 2117 1020 dignemini

536 1066 625 1108 me
668 1051 721 1105 in
775 1050 974 1105 sanctis
1014 1046 1347 1103 orationibus
1390 1044 1588 1100 vestris
1629 1043 1850 1097 fratrem
1890 1043 2116 1107 habere,

536 1143 692 1214 quasi
719 1156 884 1196 unum
912 1156 977 1194 ex
1006 1139 1177 1200 vobis,
1206 1146 1265 1191 ut
1293 1144 1484 1191 vestra:
1520 1134 1819 1190 sanctitatis
1855 1135 2117 1189 interces-

536 1236 688 1292 sione
711 1241 1051 1304 peccatorum
1082 1247 1325 1287 meorum
1354 1245 1566 1285 merear
1591 1245 1621 1284 a
1651 1230 1759 1284 Deo
1785 1226 1913 1284 Jesu
1951 1228 2122 1283 indul-

535 1328 771 1399 gentiam
797 1325 1057 1395 accipere,
1088 1325 1181 1394 qui
1209 1331 1293 1379 est
1317 1322 1464 1378 salus
1488 1330 1542 1376 et
1571 1321 1847 1377 beatitudo
1878 1321 2121 1378 omnium

535 1420 591 1475 in
623 1433 681 1473 se
719 1418 1079 1488 sperantium;
1112 1431 1275 1486 quem
1311 1430 1410 1470 vos
1451 1415 1505 1469 in
1533 1423 1720 1469 sancta
1751 1414 2006 1485 religione
2037 1429 2122 1469 re-

535 1511 739 1583 gularis
778 1510 904 1565 vitae
947 1524 1163 1579 semper
1205 1509 1493 1573 honorate,
1531 1514 1588 1562 et
1624 1515 1816 1570 amate,
1857 1514 2123 1575 quatenus

535 1605 751 1675 dignam
786 1603 839 1657 in
870 1602 1040 1665 vobis,
1070 1602 1209 1656 sicut
1231 1601 1531 1656 certissime
1560 1600 1849 1665 credimus,
1885 1599 2123 1654 mansio-

534 1709 659 1750 nem
684 1694 787 1750 sibi
809 1693 1065 1748 inveniat.
1091 1690 1229 1759 Quid
1270 1691 1342 1746 illi
1363 1691 1764 1763 congregationi
1792 1691 2119 1760 prosperita-

2215 492 2426 560 pienter
2454 493 2509 547 in
2537 492 2799 548 electione
2830 494 3099 563 pontiﬁcis
3127 494 3357 561 faciatis,
3386 497 3431 551 si
3457 513 3680 556 necesse
3702 504 3801 573 sit,

2213 584 2528 638 electionem
2566 584 2682 639 fieri
2715 595 2736 624 ο
2763 593 3049 654 antequam
3080 586 3312 641 veniam.
3340 585 3537 643 Iterum
3567 590 3791 648 iterum-

2215 688 2319 743 que
2346 675 2586 749 obtestor
2605 684 2700 729 *οε
2717 690 2815 744 per
2833 690 3027 729 nomen
3057 672 3269 729 Domini
3295 677 3465 731 nostri
3493 676 3620 733 Iesu
3643 680 3794 738 Chri-

2215 762 2306 825 sti,
2354 769 2414 815 ut
2454 762 2756 817 nullatenus
2802 762 3032 833 aliquem
3080 764 3271 819 sinatis
3314 779 3412 833 per
3448 768 3794 825 simoniacam

2214 852 2463 907 bmresim
2486 853 2851 924 episcopatum
2879 854 3177 922 acquirere,
3209 856 3333 925 quia
3370 858 3592 913 omnino
3617 862 3797 929 perdi-

2216 941 2293 997 tio
2331 942 2504 1013 gentis
2548 950 2650 1008 est,
2698 942 2743 998 si
2791 942 2901 997 ﬁet.
2937 944 3003 998 Et
3049 953 3129 998 est
3176 946 3394 1002 hmresis
3424 950 3685 1018 pessima,
3726 954 3796 1008 si-

2218 1034 2461 1089 moniaca
2482 1033 2750 1098 videlicet,
2775 1050 2936 1106 quam
2966 1044 3183 1092 sanctus
3218 1037 3409 1094 Petrus
3437 1050 3643 1097 aeterno
3670 1058 3798 1098 ana-

2218 1122 2451 1178 themate
2474 1123 2749 1179 damnavit
2775 1124 2912 1196 (Act.
2937 1139 3056 1189 VIII,
3083 1125 3167 1193 14,
3192 1127 3281 1191 9.0,
3305 1128 3459 1200 σαψ).
3490 1128 3592 1196 Qui
3618 1132 3800 1187 vendit

2218 1215 2616 1285 episcopatum,
2659 1231 2850 1271 aurum
2890 1216 3147 1288 accipiet,
3201 1217 3297 1273 sed
3338 1226 3393 1273 et
3438 1235 3662 1291 regnum
3704 1221 3799 1277 Dei

2218 1306 2426 1381 perdet.

2290 1396 2577 1468 ﬂuensque
2605 1406 2789 1454 sancta
2815 1398 3173 1454 Eboracensis
3204 1399 3429 1455 ecclesia
3460 1400 3514 1455 in
3539 1400 3805 1457 electione

2220 1504 2316 1545 sua
2351 1490 2606 1546 inviolata
2636 1492 2948 1561 permansit.
2985 1492 3172 1548 Videte
3209 1509 3278 1548 ne
3306 1494 3363 1548 in
3387 1493 3575 1550 diebus
3609 1504 3803 1550 vestris

2219 1582 2536 1637 maculetur.
2570 1580 2625 1637 Si
2665 1581 2777 1647 illa,
2806 1582 2950 1652 quod
2992 1583 3152 1649 absit,
3191 1584 3570 1639 auctoritatem
3604 1584 3806 1639 amittit

2219 1671 2655 1734 ecclesiasticam,
2683 1672 2846 1726 timeo
2875 1686 2942 1726 ne
2969 1686 3065 1727 vos
3099 1688 3322 1745 regnum
3358 1673 3617 1731 amittatis
3642 1683 3804 1729 aeter-

534 1786 608 1841 tis
632 1785 818 1840 deesse
840 1782 1060 1854 poterit,
1083 1753 1172 1836 ιιῖιί
1198 1783 1285 1837 ille
1321 1791 1403 1838 εει
1437 1753 1498 1837 in
1521 1753 1717 1846 medio,
1742 1753 1834 1851 qui
1866 1753 1982 1835 ait:
2015 1781 2118 1836 Ubi
2152 1753 2193 1814 Β
2220 1778 2368 1818 ηυηι·
2396 1761 2561 1817 ludas
2586 1764 2823 1818 Vendidit
2855 1778 3131 1833 sponsum.
3160 1764 3212 1818 id
3248 1773 3349 1829 est.
3378 1764 3673 1820 Christum-
3703 1764 3808 1832 Qui

533 1886 655 1931 sunt
679 1877 783 1929 duo
810 1874 886 1930 rel
914 1884 1016 1928 tres
1043 1874 1339 1945 congregati
1365 1875 1419 1927 in
1444 1876 1651 1928 nomine
1673 1890 1804 1939 meo,
1827 1873 1899 1927 ibi
1925 1890 2041 1928 sum
2063 1874 2120 1931 in

535 1967 706 2021 medio
734 1983 914 2020 eorum
940 1964 1153 2037 (Matth.
1179 1982 1369 2030 xxvtn,
1401 1965 1517 2035 ΞΟ).

607 2057 801 2112 Pacem
831 2072 1044 2126 semper
1071 2057 1263 2110 habete
1298 2071 1481 2110 veram
1518 2055 1571 2109 in
1596 2055 1858 2111 charitate
1898 2063 2115 2121 sancta;

536 2158 592 2205 et
627 2138 986 2203 obedientiam
1030 2147 1144 2201 sine
1188 2146 1632 2212 murmuratione,
1674 2155 1730 2202 et
1765 2146 2120 2201 humilitatem

537 2239 654 2294 sine
681 2238 1042 2302 simulatione,
1071 2253 1189 2307 qua:
1223 2246 1347 2292 sunt
1381 2239 1615 2293 maxime
1644 2238 1972 2292 monachicae
1997 2238 2123 2292 vine

535 2332 785 2395 virtutes,
810 2339 863 2384 et
893 2328 1118 2400 Spiritui
1153 2338 1340 2385 sancto
1378 2330 1637 2385 amabiles
1673 2331 1740 2385 ad
1771 2329 2121 2384 habitandum

536 2424 591 2479 in
618 2426 698 2479 eis
735 2441 747 2476 :
779 2430 942 2493 atque
978 2423 1187 2477 erudite
1228 2437 1424 2493 pueros
1462 2430 1518 2477 et
1563 2422 1989 2478 adolescentulos
2031 2438 2123 2477 ve-

535 2522 700 2581 stros,
727 2532 849 2572 cum
883 2515 1029 2571 omni
1058 2515 1352 2586 diligentia,
1384 2516 1436 2569 in
1461 2515 1711 2570 castitate
1736 2522 1791 2570 et
1816 2515 2119 2579 sanctitate,

537 2617 595 2663 et
613 2608 893 2679 disciplina
913 2607 1299 2672 ecclesiastica,
1316 2615 1373 2662 ut
1395 2607 1537 2677 digni
1562 2608 1864 2662 habeantur
1884 2615 2123 2661 vestrum

536 2707 661 2770 post
687 2714 782 2754 vos
811 2706 992 2754 tenere
1019 2697 1214 2760 locum,
1246 2706 1301 2753 et
1327 2713 1425 2768 pro
1452 2699 1603 2759 vobis
1636 2698 1836 2753 sanctis
1866 2698 2126 2753 orationi-

538 2789 663 2854 bus,
694 2790 907 2859 Deoque
930 2788 1350 2860 acceptabilibus
1379 2789 1594 2844 assidua
1622 2788 2007 2849 consuetudine
2045 2788 2127 2844 in-

542 2878 839 2935 tercedere.

614 2970 873 3026 Dominus
901 2969 1042 3025 Deus
1066 2970 1160 3040 qui
1183 2985 1280 3026 vos
1320 2969 1372 3025 in
1405 2970 1544 3025 ovile
1578 2969 1882 3027 sanctitatis
1906 2984 2129 3041 congre-

542 3060 710 3133 gavit,
748 3061 863 3131 ipse
894 3076 1176 3116 numerum
1210 3068 1452 3116 vestrum
1484 3077 1682 3134 augere
1718 3061 1987 3132 dignetur,
2015 3069 2070 3116 et
2096 3075 2127 3115 a
2154 3094 2204 3160 ο

543 3153 747 3209 dextris
772 3152 872 3208 sibi
899 3153 951 3207 iu
980 3152 1067 3208 die
1095 3152 1282 3224 judicii
1319 3161 1464 3209 stare
1492 3154 1770 3219 concedat,
1801 3154 1870 3210 ad
1905 3153 2126 3211 audien-

543 3243 666 3299 dam
713 3243 998 3299 amabilem
1046 3245 1387 3309 sententiam,
1434 3261 1540 3314 qua
1587 3244 1827 3301 dicturus
1864 3246 1969 3301 erit
2004 3260 2129 3301 san-

544 3335 649 3391 ctis
692 3334 804 3390 suis
843 3351 857 3388 :
904 3331 1082 3389 Venite
1118 3334 1368 3391 benedicti
1402 3336 1581 3392 Patris
1609 3337 1731 3403 mei,
1766 3337 2011 3408 percipite
2047 3354 2129 3391 re-

545 3443 725 3496 gnum,
772 3426 911 3497 quod
963 3428 1103 3483 vobis
1160 3439 1406 3499 paratum
1452 3440 1529 3485 est
1584 3430 1648 3485 ab
1699 3431 1899 3502 origine
1944 3432 2128 3488 mundi

548 3516 764 3589 ("tum
794 3536 921 3585 ω’
950 3520 1074 3629 mi»
1112 3589 1443 3646 EPISTOLA
1488 3590 1622 3645 LIV.

768 3674 837 3712 AD
873 3674 1266 3714 DILECTISSIMOS
1302 3676 1489 3716 ANIICOS
1524 3676 1904 3717 EBOBACENSES.

914 3726 1089 3799 (Anno
1115 3729 1237 3793 796,
1268 3746 1452 3785 mense
1478 3731 1764 3801 Augusto.)

549 3816 828 3884 Hortatur,
869 3828 923 3872 ut
962 3820 1017 3874 in
1057 3819 1552 3902 electione_episc0pi
1587 3822 1925 3877 simoniacam
1961 3822 2128 3877 labem

1188 3922 1191 3927 ‹
1237 3900 1443 3945 evitent.

619 3980 994 4038 Dilectissimis
1027 3984 1217 4038 amicis
1246 3983 1495 4038 salutem.

619 4112 646 4141 ι
676 4098 814 4180 Olim
843 4098 1080 4180 magistri
1101 4097 1433 4180 meivestigy
1456 4107 1681 4180 secutus.
1702 4098 2128 4180 Duos‘dlcuinus

548 4170 776 4227 Eboraci
807 4168 1095 4239 magistros
1134 4168 1341 4231 habuit,
1377 4169 1667 4239 Egbertum
1707 4179 1758 4224 et
1799 4170 2126 4237 Elbertum,

587 4251 709 4295 rout
753 4240 807 4293 in
845 4238 1160 4308 praefatione
1198 4238 1440 4310 generali
1474 4240 1880 4310 declaravimus.
1922 4240 1997 4296 De
2024 4241 2129 4310 Eg-

587 4258 709 4295 νοω
753 4258 807 4293 ιιι
845 4258 1160 4308 ιιι-ξιξωιιοηυ
1198 4258 1433 4308 generati
1474 4258 1880 4295 uecraravnmns.
1922 4258 1997 4296 U8
2024 4258 2127 4310 L8-

546 4258 704 4366 gcrto
732 4325 835 4363 non
866 4318 1078 4363 constat
1099 4307 1241 4376 quod
1268 4307 1554 4377 aliquando
1585 4311 1635 4363 in
1672 4309 1895 4364 Galliam
1930 4311 2013 4365 vel
2036 4310 2127 4364 Al-

552 4379 767 4443 satiam,
795 4378 886 4432 ubi
913 4378 1257 4432 Morbacense
1290 4379 1673 4432 monasterium
1703 4381 1865 4434 situm
1902 4390 2005 4446 εει,
2034 4396 2125 4434 ve-

551 4450 723 4511 nerit;
774 4448 839 4502 de
884 4446 1127 4501 Ailberto
1165 4461 1312 4507 vero,
1353 4447 1442 4515 qui
1489 4448 1557 4500 ab

553 4528 894 4574 antecessore
917 4531 1014 4571 suo
1034 4516 1231 4571 scholis
1252 4516 1675 4571 Eboracensibus
1695 4516 1978 4586 praefectus
2003 4516 2123 4586 fuit,

553 4596 806 4646 narratur
831 4588 972 4655 quod
998 4586 1274 4655 amplioris
1305 4586 1559 4640 doctrinae
1590 4588 1778 4642 avidus
1804 4598 2015 4643 exteras
2047 4603 2133 4642 re-

555 4660 741 4730 giones
767 4657 1004 4712 scientiae
1036 4656 1637 4730 amorcpci'agraverit,
1666 4658 1709 4711 si
1739 4660 1866 4727 quid
1891 4658 2028 4714 forte
2063 4659 2130 4712 li-

554 4726 797 4791 brorum,
821 4735 914 4780 aut
931 4742 1080 4781 nova:
1099 4726 1415 4781 eruditionis
1444 4726 1705 4798 inveniret
1727 4726 1781 4781 et
1803 4737 2127 4798 reportaret;

557 4800 784 4853 Romam
810 4812 1022 4866 quoque
1047 4797 1316 4866 profectus
1340 4811 1369 4849 a
1406 4795 1619 4867 regibus
1646 4795 1975 4867 summisque
2001 4801 2134 4855 viris

558 4866 853 4923 honorifice
877 4875 1149 4934 acceptus.
1171 4875 1227 4920 et
1250 4874 1454 4920 tantum
1478 4866 1589 4920 non
1618 4877 1858 4923 retentus
1882 4866 1999 4931 fuit,
2024 4879 2128 4924 etc.

560 4936 760 4992 Mabill.
795 4936 887 4990 lib.
928 4952 1053 4989 χειν
1093 4936 1309 4999 Annal.,
1333 4951 1452 5005 pag.
1485 4936 1609 5000 2H,
1640 4953 1785 4991 num.
1821 4938 1903 4993 12.
1930 4940 2131 4994 Auctor

560 5021 776 5077 quoque
815 5006 1075 5077 poematis
1107 5006 1179 5059 De
1207 5006 1467 5075 episcopis
1496 5007 1941 5069 Eboracensibus.
1973 5025 2133 5077 quem

562 5076 735 5141 ipsum
770 5076 1052 5130 Alcuinum
1079 5090 1198 5130 esse
1233 5077 1517 5140 credimus,
1549 5092 1689 5130 vers.
1724 5077 1878 5141 1525,
1909 5076 2136 5133 testatur

614 5146 847 5202 lcuinum
874 5146 1013 5215 patri
1038 5160 1103 5200 ac
1127 5146 1384 5215 magistro
1407 5161 1503 5201 suo
1530 5145 1775 5202 .‘Elberto
1802 5164 2014 5218 semper
2041 5151 2135 5203 ad-

482 5248 501 5265 ο
564 5217 789 5272 haesisse
826 5234 840 5270 :

753 5327 971 5378 Tradidit
995 5332 1067 5375 ast
1090 5325 1165 5374 alii
1188 5326 1361 5373 charas
1381 5339 1530 5386 super
1552 5328 1710 5375 omnia
1730 5339 1875 5386 gazas

749 5389 1000 5439 Librorum
1026 5396 1157 5450 nato,
1180 5389 1308 5436 Patri
1332 5392 1412 5449 qui
1431 5400 1624 5449 semper
1645 5392 1868 5437 Idllwsil.

636 5490 861 5563 Credam
899 5492 1062 5563 igitur
1096 5489 1382 5563 _Alcuinur_n
1425 5497 1550 5543 tunc
1584 5504 1795 5563 quoque
1824 5490 2136 5563 magistrum

568 5577 724 5616 suum
746 5560 1013 5617 in‘itinére
1035 5561 1200 5616 fuisse
1221 5560 1562 5619 comitatum;
1582 5560 1838 5615 eteadem
1859 5562 2141 5617 occasione

568 5632 625 5685 in
662 5632 906 5686 notitiam
935 5632 1143 5687 venisse
1178 5630 1355 5685 Caroli
1396 5630 1585 5701 Magni,
1616 5649 1635 5682 ι
1681 5629 1786 5701 Qui,
1828 5636 1964 5701 teste
2007 5632 2141 5686 Vita:

569 5701 852 5771 scriptore,
902 5710 1123 5757 noverat
1168 5717 1309 5765 eum,
1358 5700 1483 5772 quia
1515 5699 1640 5754 olim
1681 5699 1709 5754 ὁ
1749 5699 2007 5768 magistro
2042 5716 2140 5757 suo

2216 1864 2395 1908 autem
2438 1853 2621 1909 vendit
2663 1869 2932 1923 sponsam,
2977 1855 3028 1909 id
3063 1863 3164 1919 est,
3206 1855 3525 1921 Ecclesiam,
3562 1856 3805 1926 ejusdem

2218 1942 2462 2001 Criminis
2497 1957 2623 1998 reus
2655 1952 2739 1998 est
2767 1958 2781 1998 :
2814 1944 2939 2013 quia
2980 1945 3227 2001 Christus
3259 1952 3315 1999 et
3358 1944 3596 2000 Ecclesia
3637 1960 3809 2000 unum

2218 2050 2413 2105 corpus
2438 2043 2583 2100 sunt,
2610 2034 2864 2105 Apostolo
2895 2044 3028 2091 teste
3068 2035 3281 2107 (Ephes.
3316 2052 3370 2102 v,
3400 2035 3513 2107 25).
3545 2035 3810 2091 Venditor

2218 2144 2347 2183 vero
2373 2141 2593 2184 necesse
2635 2135 2719 2183 est
2759 2135 2913 2182 extra
2958 2128 3254 2182 Ecclesiam
3296 2126 3401 2193 sit;
3441 2135 3497 2181 at
3535 2126 3625 2197 qui
3652 2135 3807 2182 extra

2218 2218 2516 2275 Ecclesiam
2544 2223 2644 2282 est,
2677 2218 2767 2273 ubi
2797 2219 2923 2284 erit,
2953 2217 3054 2271 nisi
3082 2233 3205 2272 cum
3249 2216 3462 2272 diabolo
3509 2217 3565 2271 in
3602 2226 3819 2273 aeterna.

2218 2308 2551 2380 perditione?
2578 2307 2752 2363 Nolite
2781 2316 3019 2362 metuere
3048 2307 3327 2362 veritatem
3360 2308 3514 2362 vobis
3538 2306 3806 2362 dicentem

2221 2401 2454 2456 audisse.
2480 2400 2591 2454 Hoc
2615 2400 2757 2454 enim
2780 2400 2923 2469 quod
2948 2400 3087 2464 dico,
3107 2398 3231 2453 libri
3254 2398 3456 2469 Spiritu
3480 2406 3670 2453 sancto
3689 2413 3809 2468 pro-

2222 2490 2312 2544 lati
2347 2499 2634 2544 testantur.
2679 2489 2817 2560 Opto
2857 2490 3003 2544 enim
3038 2504 3134 2545 vos
3174 2489 3545 2545 immaculatos
3582 2490 3636 2543 in
3674 2504 3806 2543 con~

2222 2590 2407 2651 spectu
2434 2580 2527 2635 Dei
2556 2596 2696 2643 esse,
2726 2590 2781 2635 et
2800 2580 2851 2634 in
2872 2580 2975 2635 hoc
2997 2579 3192 2635 saeculo
3221 2580 3452 2636 feliciter
3474 2594 3725 2651 regnare,
3754 2586 3813 2638 et

2226 2672 2278 2725 in
2303 2680 2563 2741 perpetuo
2590 2671 2822 2740 gaudere
2848 2685 2971 2727 cum
2997 2670 3233 2750 Christo.
3259 2671 3432 2726 Vivite
3452 2677 3506 2725 et
3534 2669 3707 2726 valete
3732 2669 3810 2725 fe-

2224 2761 2355 2819 lices
2377 2762 2431 2817 in
2456 2761 2692 2818 Christo.

2647 2869 2755 2943 e3
2811 2868 2839 2909 «ι
2877 2869 3211 2925 EPISTOLA
3242 2869 3355 2927 LV.

2668 2978 2693 3010 ο
2819 2980 2887 3019 an
2935 2978 3210 3027 QUEIDAI.

2583 3072 2762 3146 (Anno
2783 3072 2907 3140 796,
2945 3089 3132 3130 mense
3162 3073 3451 3147 Augusto.)

2225 3184 2395 3256 Rogat
2424 3193 2482 3267 ut
2531 3184 2825 3267 ecclesiam,
2880 3184 3006 3267 dum
3032 3200 3198 3267 novus
3236 3186 3506 3267 episcopus
3533 3185 3798 3257 eligendus

2293 3253 2386 3319 est,
2419 3254 2482 3309 ab
2526 3256 2665 3309 omni
2714 3253 2955 3309 violentia
3008 3253 3278 3324 defendat,
3317 3253 3526 3327 diesque
3578 3253 3807 3311 (eterna

2294 3325 2349 3380 in
2376 3334 2543 3379 mente
2570 3323 2780 3377 habeat.

2294 3436 2522 3492 Domino
2566 3435 2807 3492 omnium
2862 3434 3219 3495 dilectissimo
3254 3446 3514 3495 :eternam
3563 3439 3619 3494 in
3646 3438 3801 3495 Chri-

2225 3535 2311 3584 sto
2347 3526 2600 3582 salutem.

2293 3617 2534 3673 Audiens
2575 3617 2643 3673 ab
2694 3628 2718 3657 ε
2771 3616 3049 3674 Eanbaldo
3100 3616 3305 3675 famulo
3361 3629 3547 3676 vestro
3600 3629 3817 3692 optatas-

2224 3712 2601 3783 prosperitatis
2651 3719 2845 3766 vestrae
2884 3704 3222 3780 sospitatem,
3259 3711 3413 3767 valde
3441 3727 3527 3767 me
3552 3713 3817 3783 gavisum.

2225 3804 2435 3871 fateor;
2476 3805 2599 3876 quia
2628 3805 2865 3860 cbaritas
2908 3812 2965 3859 et
2990 3804 3124 3860 ﬁdes
3156 3820 3277 3875 qua:
3314 3805 3443 3861 olim
3481 3806 3537 3865 in
3581 3814 3813 3876 pectore

2226 3905 2411 3952 nostro
2440 3897 2684 3951 habitare
2709 3896 2892 3967 coepit,
2947 3911 3223 3966 nunquam
3276 3898 3530 3952 recedere
3572 3887 3801 3968 poérit.

2227 3986 2297 4041 Et
2311 3994 2515 4057 quanto
2535 3986 2658 4056 plus
2674 3994 2882 4057 tempus
2904 3986 3356 4042 remunerationis
3382 3988 3803 4057 appropinquat,

2225 4098 2290 4152 ad
2333 4097 2506 4167 ipsum
2554 4097 2791 4169 directus
2832 4096 3026 4152 fuerat.
3067 4118 3093 4169 ι
3128 4097 3334 4169 Dehoc
3371 4115 3583 4169 quoque
3612 4100 3813 4158 itinere

2227 4175 2351 4223 ante
2389 4182 2587 4222 annum
2625 4167 2726 4222 780
2770 4176 3036 4238 suscepto,
3059 4167 3808 4238 .intelligendum‘existimo.

2226 4238 2367 4310 quod
2388 4238 2455 4292 de
2474 4238 2854 4310 seipsoAnarrat
2874 4238 3130 4310 Alcuinns
3155 4239 3206 4292 in
3232 4239 3488 4310 epist._IOi
3502 4281 3517 4303 ,
3532 4255 3591 4293 se
3613 4256 3812 4310 nempe

2226 4306 2620 4378 adolescentem
2648 4306 2873 4362 Romam
2902 4308 3223 4376 perrexisse,
3264 4306 3319 4362 et
3354 4308 3657 4378 aliquantos
3696 4306 3815 4366 dies

2228 4379 2282 4458 in
2308 4376 2467 4458 Papia
2495 4378 2660 4458 reg-ali
2683 4378 2899 4458 civitate
2922 4378 3278 4458 dem_oratu_m,
3306 4376 3654 4449 disputationi
3682 4378 3817 4438 Julii

1604 4449 1833 4519 Egberto
1876 4440 2127 4519 episcopo
2152 4440 2204 4501 ι)
2228 4440 2399 4519 Iudici
2422 4440 2730 4519 ctim:Petro
2756 4448 3013 4519 magistro
3036 4440 3363 4519 interfuisse.

2300 4516 2505 4589 hAEdit.
2537 4515 2787 4589 Quercct.
2813 4515 2882 4589 88
2913 4532 2979 4571 ex
3007 4532 3108 4589 ms.
3138 4517 3386 4585 (Froben.
3419 4516 3540 4589 b8.)
3564 4517 3698 4574 Data
3728 4529 3818 4576 est

2231 4587 2296 4641 ad
2326 4584 2518 4639 fratres
2542 4586 2897 4641 Eboracensis
2918 4584 3177 4651 ecclesire,
3204 4595 3329 4642 tunc
3352 4584 3565 4651 pastore
3592 4604 3691 4643 suo
3720 4607 3815 4645 va-

2232 4604 2296 4641 aa
2326 4604 2518 4639 n-atres
2542 4604 2897 4641 nooracensrs
2918 4604 3177 4651 ecetesue,
3204 4604 3329 4642 tunc
3389 4604 3565 4642 asmre
3592 4604 3691 4643 suo
3720 4607 3815 4645 va-

2232 4656 2422 4718 cantis,
2462 4668 2653 4724 nempe
2679 4670 2819 4709 anno
2848 4655 2950 4710 796
2973 4670 3080 4727 quo
3107 4672 3159 4710 tv
3186 4604 3468 4781 Κελέης.
3506 4659 3639 4712 obiit
3670 4659 3818 4715 Ean-

2232 4724 2420 4779 baltlus
2458 4727 2659 4781 senior.
2700 4726 2785 4780 cui
2809 4723 2990 4781 iunior
3016 4728 3275 4781 successit
3301 4728 3317 4781 t’
3370 4743 3565 4781 oaerus
3605 4728 3812 4781 Hoved.

2230 4724 2420 4850 liuidus
2458 4727 2659 4859 Se)nior,
2700 4726 2785 4780 cui
2807 4723 3275 4793 junior’successit
3301 4723 3565 4798 (Rogerus
3605 4728 3812 4786 Hoved.

2270 4809 2336 4847 oc
2361 4810 2501 4847 anno
2530 4834 2543 4847 .

2270 4809 2336 4847 OC
2361 4809 2543 4847 annm.

2306 4874 2328 4902 ε
2361 4864 2644 4937 Antequam
2689 4864 2909 4937 veniam.
2956 4866 3191 4937 Vocatus
3230 4882 3359 4937 ergo
3400 4866 3657 4923 Alcuinus
3691 4870 3818 4926 tan-

2232 4947 2392 5001 quam
2440 4936 2738 4988 membrum
2781 4935 2922 4989 illius
2971 4936 3232 4999 ecclesiae,
3277 4935 3337 4989 ut
3374 4952 3525 4991 novre
3560 4938 3816 4997 electioni

2234 5003 2462 5073 adesset,
2502 5005 2595 5057 sed
2638 5005 2939 5073 prohibitus
2973 5013 3056 5058 est
3091 5020 3158 5058 ne
3196 5006 3421 5071 veniret,
3453 5008 3522 5060 ob
3563 5011 3817 5067 morbum

2234 5070 2474 5147 fabrilem
2510 5081 2565 5126 et
2597 5070 2737 5147 regis
2779 5088 2983 5128 moram
3028 5076 3084 5128 in
3132 5074 3387 5142 Saxonia,
3422 5084 3483 5130 ut
3519 5076 3710 5147 legitur
3755 5081 3821 5135 in

2232 5141 2454 5210 epistola
2481 5141 2743 5210 sequenti.

2304 5211 2331 5250 ἀ
2371 5212 2514 5287 Edit.
2536 5211 2782 5287 Quercet.
2812 5211 2901 5287 {52.
2928 5211 3207 5287 Canis._30
3233 5213 3484 5285 (Froben.
3518 5215 3627 5287 49).
3657 5214 3819 5273 Scri-

2238 5289 2326 5349 pta
2354 5283 2420 5336 ad
2447 5284 2697 5355 amicum,
2725 5351 2737 5355 _
2747 5282 3059 5355 episcopum
3096 5282 3253 5355 forte,
3290 5294 3382 5338 aut
3419 5282 3683 5355 potestate
3709 5287 3822 5341 ali-

2238 5366 2343 5419 qua
2383 5351 2959 5435 smculari.pollenteni,
3017 5353 3109 5435 qui
3146 5355 3317 5435 possit
3369 5351 3683 5411 electionem
3712 5373 3820 5413 no-

2240 5435 2359 5504 vam
2417 5422 2651 5504 episcopi
2695 5422 3075 5504 (Eboracensis
3113 5422 3289 5497 puto,)
3346 5435 3533 5480 contra
3590 5442 3820 5483 omnem

2241 5489 2549 5544 violentiam
2577 5489 2735 5545 tueri.

2316 5569 2340 5598 ο
2377 5561 2470 5634 Ab;
2488 5560 2780 5634 Eanbaldo.
2818 5560 2916 5634 Hic
2935 5562 3239 5621 Eanbaldus
3266 5565 3404 5620 idem
3438 5565 3681 5622 fortassis
3699 5574 3816 5634 est,

2243 5645 2401 5698 quem
2421 5631 2600 5706 Epist.
2620 5631 2849 5706 _7_(nnn_c
2870 5632 2923 5703 6)
2956 5643 3109 5706 vocat
3150 5636 3541 5706 presbyterum,
3562 5651 3625 5691 ac
3645 5631 3817 5706 paulo

2247 5708 2367 5770 post
2387 5701 2587 5757 electus
2612 5701 2713 5756 fuit
2744 5701 3025 5774 episcOpus
3058 5701 3415 5762 Eboracensis
3436 5701 3696 5763 ecclesias.
