4056 6328
247 331 335 397 εει

1674 320 2028 376 EPISTULA:
2043 358 2055 372 .

3360 320 3466 372 ω

249 458 384 508 tanto
408 443 577 515 magis
604 442 889 523 observare
936 437 1187 494 debebit:
1218 442 1278 490 ut
1302 434 1393 506 qui
1427 432 1577 505 prius
1610 439 1788 487 trans-
1814 435 1862 492 Δ
1890 430 1984 484 ﬁlii
2015 430 2117 485 mei
2144 428 2443 485 charissimi
2466 426 2795 483 exaltatione
2816 428 3128 498 gauderem,
3152 435 3206 483 et
3226 428 3466 499 aliquem

243 540 358 597 ierit
378 553 406 592 a
434 535 646 597 sznculo,
686 532 916 588 amicum
943 530 1042 586 sibi
1069 527 1268 584 sentiat
1299 526 1580 594 reliquisse
1608 524 1663 577 in
1688 536 1792 577 ste-

245 630 372 686 culo.
402 625 480 681 Me
502 639 630 680 vero
656 622 821 676 ﬁlium
849 630 1000 676 tuum
1026 617 1253 673 febrium
1281 614 1548 669 acerbitas
1570 620 1627 666 et
1650 623 1674 650 α
1704 625 1794 665 re-

242 721 317 793 gis
343 717 567 774 tardatio
595 715 648 768 in
684 711 920 767 Saxonia
977 708 1217 770 retinuit,
1268 714 1329 759 ut
1357 704 1422 758 ad
1472 717 1565 757 vos
1608 700 1794 755 venire

240 789 336 869 non
360 806 646 878 potuerim,
674 804 813 859 sicut
852 798 1170 856 desideravi.
1228 794 1498 850 Concedat
1529 792 1660 847 mihi
1687 789 1795 845 cle-

239 900 425 956 mentia
475 898 656 952 divina
686 894 880 950 faciem
922 901 1065 946 tuam
1094 891 1148 944 in
1176 889 1359 943 laetitia
1388 888 1593 949 videre,
1644 891 1795 939 ante-

236 1008 383 1062 quam
411 990 632 1044 moriar.
675 986 813 1056 Opto
841 972 1167 1046 et'obsecro,
1214 990 1273 1036 ut
1301 981 1355 1034 in
1380 994 1443 1035 ea
1472 987 1525 1033 te
1569 977 1794 1033 honoris

235 1083 502 1154 dignitate,
536 1081 581 1135 si
611 1079 728 1133 ﬁeri
756 1077 944 1149 possit,
972 1074 1260 1139 inveniam,
1284 1074 1340 1128 in
1364 1088 1470 1142 qua
1494 1080 1545 1126 te
1564 1085 1795 1141 pergens

231 1175 488 1230 videbam.
530 1172 753 1235 Tamen,
784 1170 830 1225 si
875 1168 1019 1223 aliud
1056 1166 1258 1236 aliquid
1302 1172 1397 1220 tuo
1433 1163 1641 1234 placeat
1674 1162 1796 1215 ani-

230 1279 330 1329 mo,
358 1278 490 1334 rogo
514 1271 572 1317 ut
596 1261 797 1316 nullam
815 1258 1122 1314 violentiam
1146 1271 1307 1326 super
1332 1253 1614 1310 ecclesiam
1640 1251 1797 1307 Chri-

231 1353 293 1408 sti
321 1352 436 1407 ﬁeri
491 1352 757 1407 ullatenus
811 1350 1133 1420 permittas;
1191 1348 1285 1402 sed
1330 1345 1527 1402 fratres
1560 1347 1588 1387 b
1626 1347 1796 1401 libera

230 1442 485 1498 electione
535 1443 587 1497 in
616 1443 812 1497 timore
843 1440 938 1496 Dei
992 1439 1209 1503 summi,
1260 1439 1523 1510 optimum
1559 1438 1671 1493 Deo
1695 1436 1795 1493 do-

227 1544 384 1591 nante
418 1535 642 1605 eligant.
682 1533 818 1600 Quia
864 1532 919 1587 in
952 1532 1153 1588 sanctis
1205 1531 1504 1587 canonibus
1555 1528 1797 1585 terribile

226 1628 512 1682 anathema
551 1627 745 1697 legitur
772 1640 934 1695 super
986 1639 1196 1689 omnes,
1222 1624 1315 1693 qui
1362 1623 1677 1679 violentiam
1700 1623 1799 1678 ali-

225 1733 381 1787 quam
430 1718 671 1776 inferunt
721 1730 884 1787 super
938 1715 1225 1772 ecclesiam
1274 1714 1496 1771 Christi.
1558 1713 1708 1769 Scito
1745 1724 1797 1771 te

1893 536 1993 592 ego
2020 521 2241 576 ultimus
2270 520 2524 576 Ecclesize
2570 519 2908 583 vernaculus,
2939 520 3056 590 ejus
3085 520 3318 612 dopante
3347 538 3469 592 gra-

1891 614 1967 667 tia
1994 614 2086 683 qui
2111 621 2194 668 est
2229 612 2470 668 omnium
2514 611 2777 665 bonorum
2805 610 3052 681 largitor,
3099 610 3371 666 erudirem
3399 626 3468 667 ex

1892 703 2016 759 tiliis
2038 703 2171 758 meis
2191 703 2283 773 qui
2308 702 2502 773 dignus
2524 703 2812 756 haberetur
2830 700 2941 773 64
2967 702 3309 771 dispensator
3344 716 3467 757 esse

1892 795 2272 865 mysteriorum
2299 791 2498 847 Christi
2544 790 2596 863 (1
2630 789 2753 845 Cor.
2794 807 2872 855 ιν,
2900 790 2976 862 1),
3024 799 3078 845 τι
3107 790 3356 844 laborare
3380 790 3466 844 vi-

1893 901 1955 941 ce
1982 902 2098 941 mea
2138 886 2192 940 in
2219 884 2479 949 Ecclesia,
2508 883 2598 937 ubi
2619 898 2719 952 ego
2744 884 2979 937 nutritus
3001 891 3056 936 et
3084 882 3328 937 eruditus
3347 879 3467 935 fue-

1894 992 2029 1040 ram,
2059 985 2114 1030 et
2138 990 2371 1046 prmesse
2424 974 2692 1028 thesauris
2729 974 3026 1041 sapientiaa,
3055 972 3110 1027 in
3159 973 3356 1042 quibus
3385 986 3472 1027 me

1893 1066 2153 1135 magister
2197 1079 2349 1119 meus
2383 1062 2610 1118 dilectus
2651 1061 2671 1101 ί
2716 1062 3072 1117 Helbreebtus
3102 1061 3470 1130 archiepisco-

1892 1170 1994 1225 pus
2026 1158 2050 1196 ε
2096 1156 2365 1223 Ιιίιξιεάβιιι
2415 1153 2653 1222 reliquit.
2694 1151 2849 1207 Nunc
2875 1168 3004 1207 vero
3040 1152 3172 1206 mihi
3210 1150 3360 1205 omni
3388 1151 3473 1205 in-

1896 1245 2135 1301 tentione
2188 1244 2458 1315 precanda
2508 1250 2593 1298 est
2649 1242 2827 1297 divina
2889 1242 3193 1307 clementia,
3232 1249 3292 1295 ut
3337 1240 3474 1297 mihi

1896 1343 2167 1404 superstes
2212 1335 2284 1390 sit
2321 1335 2375 1388 in
2405 1335 2509 1388 hac
2530 1334 2663 1399 vita,
2691 1333 2783 1402 qui
2832 1334 2965 1387 mibi
3018 1333 3210 1388 solatio
3261 1347 3476 1402 semper

1896 1421 1998 1478 fuit
2054 1422 2109 1477 in
2161 1436 2258 1476 sua
2309 1420 2610 1475 obedientia
2640 1437 2653 1473 :
2687 1434 2793 1474 non
2841 1421 2985 1489 quod
3024 1429 3252 1475 mortem
3299 1434 3474 1474 meam

1896 1527 2085 1586 optare
2103 1515 2280 1577 velim,
2302 1514 2396 1569 sed
2415 1522 2474 1567 ut
2496 1513 2604 1567 vita
2633 1512 2774 1567 illius
2795 1513 3164 1582 prolongetur.
3191 1511 3309 1567 Non
3331 1512 3477 1567 enim

1899 1608 1995 1663 ﬁlii
2048 1606 2315 1678 patribus,
2348 1602 2441 1659 sed
2480 1611 2662 1673 patres
2702 1602 2826 1657 ﬁliis
2865 1602 3187 1658 haareditare
3229 1599 3472 1676 debent].

1969 1713 2124 1777 Ecce,
2151 1688 2567 1767 cbarissime'ﬁli
2591 1710 2604 1762 !
2631 1709 2809 1764 omnia
2839 1722 2935 1777 per
2958 1708 3124 1762 Deum
3148 1707 3332 1769 habes,
3356 1722 3477 1777 qua:

222 1823 439 1879 semper
476 1810 731 1865 dilexisse
759 1808 1014 1863 familiam
1063 1815 1323 1872 nostram,
1352 1815 1406 1863 et
1431 1808 1662 1878 plurima
1690 1808 1796 1862 illis
1828 1797 1871 1857 Β
1898 1819 2118 1875 sperare
2154 1802 2329 1871 potuit
2383 1801 2564 1864 homo,
2620 1800 2785 1854 etiam
2841 1805 2895 1853 et
2920 1798 3040 1869 plus
3073 1813 3233 1867 quam
3288 1805 3477 1853 nostra

222 1896 363 1952 bona
402 1897 619 1953 fecisse.
661 1898 766 1953 Sed
789 1913 932 1953 nunc
957 1898 1192 1952 maxime
1222 1898 1542 1969 indigemus,
1573 1906 1635 1954 ut
1656 1899 1796 1953 bene

224 1987 330 2045 illis
371 2003 637 2059 agamus;
670 1995 729 2042 ut
756 1988 846 2043 ubi
892 1989 1046 2043 nobis
1076 1988 1288 2058 requies
1323 1988 1429 2043 erit
1472 1997 1696 2056 aeterna,
1722 1987 1798 2043 ibi

221 2081 330 2137 sint
352 2096 570 2152 quoque
594 2080 978 2136 intercessores
1002 2079 1247 2151 perpetui
1268 2095 1368 2149 pro
1395 2080 1570 2135 nobis.

291 2190 316 2218 ο
360 2179 600 2249 Tempus
625 2187 710 2235 est
741 2195 884 2235 nunc
905 2179 1061 2234 nobis
1082 2179 1379 2248 praevidere
1408 2179 1523 2234 dies
1542 2186 1798 2244 aeternos,

220 2277 426 2326 etcum
456 2269 603 2325 omni
645 2269 910 2324 modestia
936 2277 991 2323 et
1031 2268 1356 2339 integritate,
1391 2276 1447 2323 et
1495 2269 1795 2339 eleemosy-

219 2376 423 2421 narum
468 2360 732 2430 largitate,
795 2359 938 2412 viam
964 2358 1120 2412 nobis
1166 2372 1469 2427 praeparare
1520 2357 1589 2412 ad
1614 2357 1798 2412 caelos.

218 2449 425 2506 Omnis
452 2450 623 2518 gloria
672 2448 981 2503 transitoria
1008 2454 1091 2501 est
1116 2455 1171 2501 et
1194 2447 1348 2516 quasi
1373 2446 1565 2501 umbra
1592 2446 1805 2501 recedet

212 2542 376 2611 (Job.
435 2555 553 2604 vm,
582 2539 635 2604 8,
663 2538 741 2608 9).
780 2536 905 2592 Ideo
946 2537 1016 2590 ad
1063 2543 1318 2590 aeternam
1357 2535 1515 2590 bonis
1551 2534 1805 2603 operibus

212 2645 581 2702 prOperemus
616 2628 861 2699 gloriam.
913 2625 1113 2682 Omnes
1148 2625 1329 2681 saeculi
1372 2626 1604 2680 vitemus
1648 2625 1803 2679 vani-

220 2729 388 2785 tates,
422 2727 482 2773 ut
506 2719 574 2775 ad
602 2718 960 2773 beatitudines
1009 2717 1258 2773 caelestes
1284 2717 1569 2787 pervenire
1592 2733 1803 2773 merea-

225 2826 373 2866 mur.
420 2809 546 2867 Dies
576 2807 737 2877 hujus
782 2809 925 2873 vitta,
954 2808 1047 2878 qui
1095 2809 1251 2864 nobis
1295 2820 1502 2865 restare
1529 2810 1801 2879 videntur,

222 2904 474 2958 vivamus
497 2902 627 2964 Deo,
655 2908 716 2954 ut
745 2907 868 2969 post
887 2899 1027 2955 hanc
1054 2898 1199 2954 illius
1224 2914 1620 2971 consequamur
1643 2902 1806 2957 mise-

224 2995 541 3051 ricordiam.
583 2994 775 3049 Divina
805 2980 905 3048 tibi
936 2993 1225 3050 clementia
1253 2992 1413 3061 hujus
1438 2994 1563 3049 vita:
1590 2994 1707 3051 dies
1727 2993 1807 3049 fe-

223 3085 354 3191 lices
373 3085 659 3151 concedat,
688 3092 746 3139 et
770 3092 1028 3140 aeternam
1052 3099 1176 3139 eum
1205 3085 1408 3140 sanctis
1432 3085 1544 3140 suis
1566 3085 1804 3143 tribuere
1829 3126 1878 3191 Ο

223 3173 457 3246 gloriam
481 3174 749 3246 dignetur,
792 3174 1005 3230 domine
1027 3181 1182 3242 pater
1216 3173 1584 3231 dilectissime.

715 3284 744 3325 ἀ
783 3283 1114 3341 EPISTOLA
1144 3284 1277 3341 LVI.

624 3392 691 3431 AD
716 3391 1034 3431 EANBALDUII
1074 3392 1387 3433 EPISCOPUM.

442 3466 621 3538 (Anno
645 3466 771 3533 796,
804 3458 1218 3523 circa'mensem
1240 3466 1589 3539 Augustum.)

228 3579 548 3650 Gratulatur
589 3579 829 3650 adeptam
880 3580 1229 3650 dignitatem;
1266 3581 1508 3635 hortatur
1533 3581 1602 3635 ad
1625 3599 1806 3636 curam

289 3649 636 3721 pastoralem,
664 3649 710 3703 et
739 3651 862 3704 bene
886 3649 1062 3704 omnia
1088 3650 1427 3721 ordinanda;
1473 3668 1526 3706 se
1549 3668 1667 3706 vero
1695 3668 1803 3707 me-

289 3722 485 3774 moria:
509 3728 558 3773 et
592 3721 914 3774 orationibus
949 3720 1296 3776 commendat.

291 3808 661 3865 Dilectissimo
684 3808 738 3863 in
768 3808 983 3865 Christo
1027 3808 1137 3866 ﬁlio
1168 3821 1192 3849 ο
1233 3810 1511 3867 Eanbaldo
1534 3812 1805 3882 archiepi-

226 3896 386 3971 κοιλ)
408 3900 640 3956 devotus
656 3914 755 3969 per
774 3902 955 3955 omnia
984 3909 1139 3970 pater
1159 3900 1387 3957 Albinus
1409 3902 1659 3960 salutem.

293 3990 489 4064 [Laus
535 3996 591 4044 et
631 3990 799 4059 gloria
846 3990 1073 4047 Domino
1119 3992 1228 4047 Deo
1277 3994 1656 4063 omnipotenti,
1706 3996 1799 4064 qui

229 4080 336 4138 dies
361 4094 526 4136 meos
572 4079 629 4136 in
673 4081 1034 4150 prosperitate
1076 4082 1218 4137 bona
1265 4084 1625 4150 conservavit,
1661 4093 1721 4139 ut
1745 4085 1800 4140 in

293 4223 318 4252 ι
357 4210 525 4280 Regis
579 4210 807 4264 tardatio
834 4210 889 4264 in
929 4208 1186 4266 Saxonia.
1225 4213 1304 4267 De
1354 4213 1454 4268 ista
1496 4214 1799 4269 tardatione

229 4283 364 4351 regis
404 4281 704 4351 chronicon
746 4281 1094 4336 Moisiacense’
1117 4284 1185 4336 ad
1206 4296 1404 4336 annum
1430 4282 1534 4338 796
1568 4285 1683 4337 lucc
1703 4284 1801 4338 ha-

227 4350 348 4407 bet:
389 4370 410 4402 ι
461 4350 518 4405 ln
552 4351 665 4419 ipsa
692 4358 880 4406 aestate
916 4351 1029 4420 ipse
1085 4366 1180 4406 rex
1218 4351 1444 4407 Carolus
1492 4352 1800 4408 demoratus

160 4489 171 4499 .
227 4423 387 4499 est_in
408 4420 656 4499 _Sai_tonia
676 4436 816 4499 cum
855 4422 1061 4476 duobus
1094 4420 1219 4478 filiis
1243 4423 1376 4489 suis,
1399 4422 1454 4478 id
1475 4431 1578 4489 est,
1606 4422 1798 4480 Carolo

226 4501 277 4546 et
302 4491 606 4556 Ludovico,
636 4497 741 4545 etc.
779 4511 798 4542 ι

289 4562 317 4602 δ
360 4560 846 4632 ιίὸεναίειεειίρηε.
885 4561 1003 4617 Vid.
1033 4559 1312 4631 epistolam
1342 4562 1596 4632 priorem.

223 4629 261 4703 l7
292 4644 313 4671 α
360 4630 794 4703 llortatiuncula2
827 4647 945 4701 qua:
990 4629 1254 4701 sequitur,
1294 4629 1448 4688 deest
1472 4633 1613 4703 apud
1642 4632 1803 4689 Cani-

227 4702 400 4765 sium;
444 4700 685 4771 suppleta
698 4694 744 4754 'a
757 4694 1102 4771 Quercetano
1136 4718 1202 4757 ex
1240 4694 1343 4757 ms.

290 4773 316 4812 ά
359 4770 708 4842 Clarissimus
749 4770 931 4825 Justus
971 4771 1301 4842 Fontaninus
1347 4772 1486 4828 hanc
1522 4772 1801 4842 epistolam

226 4844 431 4911 primus
460 4840 644 4901 edidit,
672 4856 793 4895 cum
821 4842 957 4896 notis
985 4842 1194 4911 abbatis
1220 4841 1478 4896 Dominici
1506 4840 1801 4908 Passionei,

227 4910 411 4983 postea
438 4910 497 4965 S.
523 4910 588 4969 Ρ..
612 4910 1006 4983 E._eardinalis,
1033 4911 1086 4964 in
1115 4910 1417 4983 Appendice
1443 4913 1511 4967 ad
1534 4913 1804 4969 Vindicias

229 4980 939 5051 antiquornmdiplomatum
962 4997 1082 5051 pag.
1106 4980 1545 5051 266.7Basnagius
1561 4986 1806 5040 eamdem

231 5048 528 5108 collectioni
553 5048 851 5104 Canisiana:
879 5048 1171 5116 sulijunxit.
1206 5048 1560 5120 Uliiquevero
1582 5053 1732 5108 initio
1752 5062 1807 5108 et

231 5123 330 5177 ﬁne
372 5121 561 5176 mutila
599 5128 710 5184 est;
754 5120 841 5175 hic
869 5121 1128 5189 integram
1160 5121 1435 5190 magisque
1472 5124 1806 5178 emendatam

231 5208 293 5247 ex
319 5194 441 5248 cod.
476 5206 578 5245 ms.
608 5189 906 5261 Salisburg.
942 5191 1274 5261 exhibemus.
1314 5189 1636 5246 P’rolixiores
1662 5193 1808 5246 Emi-

232 5271 375 5343 nent.
407 5260 683 5343 Passionei
715 5260 887 5325 notas,
927 5276 1080 5316 sacra
1119 5260 1243 5316 licet
1276 5262 1575 5317 eruditione
1600 5262 1806 5332 plenas,

234 5342 618 5389 contraximus.
1555 5379 1558 5383 ,

305 5414 329 5441 ε
368 5400 647 5456 Eanbaldo
694 5400 861 5471 Quem
886 5400 1043 5471 tertio
1064 5399 1185 5471 loco
1200 5399 1417 5471 Egberti
1444 5416 1808 5457 successorem

236 5472 463 5553 ερρειειι
498 5470 950 5553 Messeniis-
987 5469 1141 5539 Αηειο
1173 5469 1269 5553 libi
1304 5487 1499 5553 ειευυ-
1537 5473 1675 5553 δην·
1716 5472 1806 5553 ειξν

235 5539 358 5612 edit.
386 5540 835 5612 HenriciiSavilii.
864 5540 1001 5612 Hinc
1028 5539 1399 5612 proculdubio
1422 5556 1575 5612 error
1597 5539 1811 5612 irrepsit

238 5611 288 5665 in
320 5613 568 5667 eumdem
603 5610 1131 5681 Malmesburiensem
1178 5610 1269 5664 lib.
1318 5626 1377 5663 ιιι
1421 5610 1576 5665 Pont.
1626 5610 1807 5681 Angl.,

237 5694 288 5749 p.
336 5681 458 5748 269,
504 5681 597 5736 ubi
642 5681 843 5751 omisso
885 5680 1103 5751 Egberti
1150 5694 1457 5751 successore
1501 5680 1810 5738 Ethelberto

240 5758 461 5810 uteruue
499 5750 804 5807 Eanbaldus
841 5751 897 5806 in
934 5749 1100 5805 unum
1141 5749 1419 5812 conﬂatur,
1461 5751 1545 5807 his
1584 5751 1760 5806 verbis
1790 5769 1805 5807 :

1897 1895 2136 1966 parvitas
2162 1892 2297 1966 [ΑΛ.
2322 1890 2583 1964 pravitas]
2628 1906 2847 1960 sperare
2886 1890 3127 1945 auderet.
3164 1888 3321 1944 Modo
3346 1903 3477 1945 vero

1897 1986 2127 2041 viriliter
2161 1984 2246 2041 fac
2270 1992 2324 2040 et
2363 1984 2594 2039 fortiter.
2624 1982 2770 2054 Opus
2795 1982 3006 2037 Domini
3051 1982 3194 2053 quod
3223 1982 3393 2036 habes
3418 1980 3477 2035 in

1898 2077 2147 2132 manibus
2174 2076 2371 2146 perﬁce
2398 2075 2466 2130 ad
2510 2074 2813 2129 mercedem
2869 2073 3063 2128 animae
3094 2080 3294 2127 nostra:
3319 2078 3374 2126 et
3405 2069 3475 2125 ad

1898 2165 2127 2221 salutem
2152 2165 2444 2219 multarum
2471 2164 2799 2218 animarum.
2833 2161 2950 2217 Non
2984 2170 3160 2218 cesset
3184 2162 3364 2231 lingua
3386 2169 3479 2214 tua

1899 2263 1955 2319 in
1984 2261 2346 2331 prtedicando,
2398 2275 2504 2313 non
2534 2266 2776 2328 pestuus
2801 2256 2854 2310 in
2903 2256 3232 2311 circueundo
3259 2268 3478 2326 gregem

1901 2351 1999 2406 tibi
2018 2350 2386 2415 commissum,
2410 2364 2517 2403 non
2541 2360 2734 2401 manus
2761 2354 2854 2399 tua
2882 2360 2912 2398 a
2939 2343 3258 2407 laborando,
3288 2348 3347 2395 ut
3371 2339 3482 2394 ele-

1901 2455 2173 2511 emosyna:
2203 2440 2355 2505 ﬁant,
2395 2447 2449 2493 et
2476 2446 2662 2491 sancta
2713 2436 2808 2489 Dei
2853 2434 3053 2503 ubique
3086 2431 3357 2487 exaltetur
3381 2429 3482 2484 Ec-

1903 2531 2088 2588 clesia.
2129 2530 2258 2584 Esto
2296 2528 2466 2582 forma
2513 2526 2705 2581 salutis
2728 2525 2990 2579 omnium.
3027 2522 3085 2577 In
3116 2529 3169 2575 te
3194 2522 3265 2576 sit
3294 2535 3482 2576 exem-

1902 2622 2049 2692 plum
2095 2617 2522 2675 conversationis
2568 2615 2924 2670 sanctissimae
2958 2611 3011 2684 (l
3045 2610 3279 2665 Thcssal.
3320 2626 3360 2674 ι,
3393 2607 3473 2680 7),

1902 2712 1957 2767 in
1987 2720 2039 2767 te
2066 2711 2137 2765 sit
2163 2708 2411 2764 solatium
2450 2708 2786 2766 miserorum.
2815 2706 2867 2759 in
2894 2714 2946 2759 te
2970 2701 3295 2759 confortatio
3316 2701 3478 2755 dubi-

1904 2799 2158 2863 tantitim,
2197 2798 2250 2851 in
2278 2804 2330 2850 te
2354 2794 2648 2865 disciplina:
2669 2798 2832 2863 rigor.
2873 2791 2931 2846 ln
2958 2802 3012 2847 te
3052 2790 3297 2845 veritatis
3346 2790 3482 2844 ﬁdu-

1902 2892 2009 2956 cia,
2049 2889 2105 2943 in
2134 2898 2187 2944 te
2214 2888 2382 2943 totius
2432 2886 2687 2942 bonitatis
2711 2900 2854 2954 spes.
2896 2883 3011 2938 Non
3038 2893 3091 2939 te
3116 2882 3297 2938 seculi
3324 2896 3477 2951 pom-

1903 2996 1972 3051 pa
1996 2979 2217 3043 exaltet,
2249 2992 2355 3032 non
2383 2977 2626 3032 ciborum
2685 2975 2843 3029 luxus
2891 2980 3132 3039 enervet,
3185 2988 3292 3026 non
3317 2971 3482 3027 vesti-

1909 3078 2212 3124 mentorum
2238 3067 2447 3121 vanitas
2495 3064 2754 3129 emolliat,
2788 3080 2894 3119 non
2923 3062 3257 3117 adulantium
3286 3060 3482 3130 lingua:

1907 3160 2193 3230 decipiant,
2221 3173 2330 3212 non
2370 3156 2768 3230 detrahentium
2818 3151 3116 3208 adversitas
3169 3150 3478 3216 conturbet,

1906 3224 2235 3309 nonvtristia
2296 3224 2730 3319 frangantfnon
2775 3244 2892 3299 laeta
2959 3243 3191 3299 elevent.
3231 3241 3348 3297 Non
3404 3242 3483 3297 sis

1907 3343 2117 3399 arundo
2166 3348 2324 3395 vento
2365 3338 2568 3409 agitata
2616 3333 2831 3408 (Matth.
2861 3332 3023 3405 x1,7),
3083 3346 3191 3388 non
3220 3329 3319 3386 llos
3347 3344 3481 3385 aura

1908 3430 2247 3502 tempestatis
2274 3427 2533 3484 decidens.
2576 3424 2785 3497 (Iacob.
2814 3440 2855 3488 ι,
2893 3420 3005 3493 ll),
3035 3437 3142 3478 non
3169 3420 3350 3490 paries
3372 3419 3484 3473 rui-

1906 3539 2070 3579 nosus
2106 3519 2277 3593 (Psal.
2307 3535 2415 3584 uti,
2441 3516 2518 3590 4),
2564 3532 2672 3571 non
2723 3514 2914 3570 domus
2942 3529 3104 3583 super
3138 3527 3356 3568 arenam
3388 3525 3488 3581 po-

1906 3614 2009 3670 situ
2041 3611 2233 3686 (Matth
2253 3626 2353 3676 vn,
2407 3608 2500 3673 24,
2520 3606 2632 3679 26),
2668 3606 2763 3662 sed
2812 3604 3069 3675 templum
3106 3610 3224 3659 esto
3256 3602 3348 3657 Dei
3376 3601 3488 3656 vivi

1906 3718 2066 3773 super
2086 3702 2297 3756 ﬁrmam
2358 3708 2571 3770 petram
2627 3704 3019 3761 constructum,
3080 3692 3233 3763 cujus
3263 3694 3380 3764 ipse
3414 3693 3488 3750 sit

1907 3796 2141 3865 Spiritus
2187 3792 2505 3864 Paraclytus
2549 3789 2896 3845 inhabitator.
2940 3787 3141 3855 Quanti
3176 3794 3335 3857 putas
3364 3799 3489 3855 pos-

1905 3895 2033 3942 sunt
2054 3901 2174 3941 esse
2215 3886 2309 3940 tibi
2339 3885 2498 3939 dies?
2526 3882 2695 3952 Finge
2724 3882 2779 3937 in
2825 3881 3006 3935 animo
3033 3880 3188 3950 quasi
3217 3879 3476 3948 quinqua-

1903 3980 2049 4049 ginta
2077 3994 2248 4034 annos
2279 3996 2292 4031 :
2328 3986 2383 4032 et
2406 3994 2533 4033 ecce
2561 3976 2674 4031 hate
2704 3975 2867 4030 ﬁnem
2896 3974 3113 4030 habent.
3149 3973 3260 4029 Nec
3286 3972 3487 4027 adhoc
3554 4026 3575 4031 _

1900 4071 2185 4141 pervenire
2225 4069 2521 4140 putandum
2568 4074 2670 4122 est.
2708 4065 3000 4120 Inﬁrmitas
3043 4064 3291 4133 corporis
3326 4062 3404 4116 tui
3433 4070 3488 4118 te

1907 4236 1926 4269 ‹
1961 4214 2131 4283 Hujus
2164 4229 2357 4284 nempe
2377 4212 2625 4284 Egberti
2643 4225 2944 4284 successor
2963 4224 3124 4284 senex
3146 4209 3486 4284 substitutus

1900 4296 1984 4362 est
2019 4279 2322 4362 Eanbaldus
2361 4279 2572 4362 Alénini
2602 4281 2893 4362 discipulus
2933 4279 3256 4362 industrius.
3293 4279 3485 4362 ἔρυξε

1901 4359 1979 4413 sic
2011 4354 2344 4412 emendanda
2380 4360 2506 4407 sunt
2543 4370 2555 4405 ε
2594 4372 2612 4403 ι
2651 4349 2820 4421 Hujus
2855 4367 3137 4406 successor
3164 4349 3483 4421 fuitEthel-

1900 4428 2106 4491 bertus,
2129 4424 2215 4480 cui
2239 4425 2430 4479 deinde
2450 4440 2612 4478 senex
2636 4423 2955 4477 substitutus
2975 4430 3058 4477 est
3084 4420 3409 4491 Eanbaltlus,
3430 4427 3487 4475 et

1900 4513 1966 4553 eo
2012 4490 2225 4551 mertuo
2272 4496 2408 4550 alter
2454 4494 2760 4548 Eanhaldus
2800 4493 3011 4547 Alcuini
3061 4491 3355 4553 discipulus
3398 4490 3485 4543 in-

1902 4567 2161 4622 dustrius.
2199 4586 2217 4618 i
2261 4565 2405 4620 Obiit
2432 4580 2560 4618 vero
2594 4562 2900 4618 Eanhaldus
2936 4562 2957 4616 Ι
2988 4578 3126 4616 anno
3156 4558 3258 4615 796
3284 4576 3335 4614 tv
3364 4558 3485 4614 Kal.

1900 4636 2186 4707 Augustas,
2221 4636 2307 4707 cui
2343 4634 2819 4707 st_atim__suﬁ‘ectos_
2841 4642 2923 4685 est
2957 4631 3166 4707 Διειιίῃί
3195 4629 3487 4707 discipizlns

1900 4699 2208 4763 Eaﬁbaldus
2231 4704 2273 4759 ll
2306 4705 2395 4773 qui
2420 4720 2487 4757 ex
2518 4704 2662 4759 Urbe
2698 4703 2917 4770 pallium
2952 4702 3165 4773 accepit
3192 4718 3333 4773 anno
3348 4699 3481 4773 797.
3562 4730 3565 4733 -

1902 4776 2201 4831 ALFORDUS.
2231 4805 2301 4814 —
2326 4769 2407 4827 Ad
2445 4774 2586 4827 hunc
2613 4769 2741 4842 ergo
2767 4787 2920 4842 suum
2946 4769 3261 4839 discipulum
3297 4769 3484 4842 Alcai-

1904 4863 2004 4929 nus
2052 4846 2191 4929 hanc
2233 4842 2528 4929 epistolam;
2555 4838 2770 4910 scripsit
2802 4838 2904 4893 796
2944 4848 3003 4895 ut
3041 4838 3166 4894 eum
3205 4842 3271 4894 de
3311 4838 3487 4895 ofﬁcio

1903 4915 2193 4987 episcopali
2222 4915 2455 4967 doceret.
2487 4913 2825 4965 Passmsaus.

1980 4986 1999 5024 ί
2044 4983 2404 5038 Helbreclttus.
2438 4979 2926 5035 Malmeshuriensis
2954 4980 3117 5033 habet
3152 4993 3168 5032 :
3208 4977 3483 5047 Egbertua.

1903 5056 2209 5131 Lec_tiouem
2235 5052 2566 5131 codicisms.
2610 5050 3033 5131 Salisburgcnsis
3066 5047 3483 5131 praxfei'endam,

1905 5135 1960 5181 et
2006 5127 2106 5181 hoc
2149 5123 2364 5178 nomine
2407 5122 2637 5175 alterum
2684 5120 2893 5175 Alcuini
2939 5117 3277 5183 magistrum,
3321 5117 3411 5186 qui
3451 5135 3484 5172 a

1902 5205 2056 5268 poeta
2096 5195 2375 5268 Anonygno
2408 5191 2704 5268 {Ejbertun
2746 5191 2799 5245 in
2827 5189 2945 5244 Vita
2974 5188 3183 5268 A_l.cuini
3217 5187 3487 5268 Elcoertua

1905 5258 2143 5329 vocatur,
2176 5258 2575 5332 intelligendum
2604 5277 2724 5317 esse
2753 5274 2964 5332 censeo.
2998 5258 3487 5332 Malmesburiensis

1904 5337 1983 5390 uti
2011 5337 2144 5389 duos
2188 5329 2487 5387 Eanbaldos
2528 5336 2581 5385 in
2621 5345 2786 5385 unum
2813 5329 3088 5392 conﬂavit,
3120 5338 3178 5382 nt
3212 5337 3323 5382 not.
3364 5342 3485 5397 snp«

1906 5406 2172 5468 diximus;
2216 5404 2288 5457 ita
2318 5403 2408 5457 hic
2442 5401 2732 5471 Egbertum
2767 5409 2822 5457 et
2850 5400 3229 5471 llelbrechtum
3258 5395 3486 5471 confun-

1904 5475 2004 5529 dit.
2036 5474 2168 5530 Vide
2205 5474 2259 5529 in
2291 5481 2420 5528 toni.
2452 5468 2738 5527 llearmen
2774 5473 2842 5526 de
2874 5470 3028 5523 Pent.
3069 5477 3123 5524 et
3156 5468 3359 5524 sanctis
3396 5482 3486 5523 ec-

1906 5546 2035 5601 cles.
2067 5545 2391 5599 E‘ioracens.
2422 5559 2563 5597 vers.
2594 5542 2730 5596 1552
2758 5557 2871 5610 seq.

1982 5619 2005 5657 δ
2050 5614 2320 5669 Ha'redem
2370 5612 2595 5683 reliquit.
2652 5612 2771 5667 Viti.
2825 5607 3042 5664 carmen
3091 5608 3158 5664 de
3208 5607 3486 5679 Episcopis

1907 5686 2338 5743 Eboracensibus
2365 5683 2462 5739 cit.
