4056 6328
533 327 639 384 ω

1389 322 1449 378 Β.
1489 324 1551 378 F.
1591 317 1814 376 ALBlNl
1855 315 1984 372 SEU
2024 312 2299 369 ALCL'INl
2337 311 2618 369 OPERUM
2655 311 2832 368 PARS
2869 311 2910 367 l.

3665 309 3770 366 ξει

532 443 731 498 fortem
747 439 919 496 'faciat
944 436 1000 493 in
1031 437 1229 502 anima,
1272 443 1329 492 et
1380 450 1502 490 eum
1548 429 1843 502 Apostolo:
1879 425 2100 492 Quando
2130 426 2177 486 Α
2207 432 2316 490 tua,
2348 439 2452 478 una
2481 422 2533 477 in
2565 422 2836 477 salvandis
2886 420 3187 485 animabus,
3242 419 3410 475 altera
3441 419 3494 474 in
3520 418 3789 489 adjuvan-.

532 533 793 600 inﬁrmor,
823 540 947 584 tunc
984 528 1172 599 fortior
1223 542 1339 581 sum
1376 524 1461 593 (II
1495 522 1752 600 Conari,
1783 519 1893 590 10).
1925 516 2099 571 Casti-

535 598 681 693 gatio
708 620 952 690 corporis
977 598 1249 689 profectus
1271 615 1341 669 sit
1377 614 1589 669 animae.
1628 598 1807 664 Mitem
1838 616 1889 661 te
1914 614 1968 660 et
2002 606 2102 659 hu—

536 713 721 768 milem
768 710 833 764 ad
866 709 1118 764 meliores
1166 706 1411 769 ostende,
1460 704 1653 756 durum
1676 709 1732 756 et
1775 699 2007 767 rigidum
2034 694 2103 750 ad

536 802 815 871 superbos,
843 799 1092 853 omnibus
1116 795 1294 850 omnia
1350 792 1542 851 factus,
1569 799 1629 844 ut
1676 802 1862 843 omnes
1892 786 2103 839 lucrare

538 909 727 966 posses
767 892 819 962 (1
849 891 970 947 Cor.
1004 906 1082 955 ιι,
1120 887 1235 956 22).
1266 885 1478 939 llabeas
1515 883 1568 937 in
1593 881 1841 935 manibus
1871 877 1977 931 tuis
1998 874 2104 966 mel

536 965 593 1040 et
622 982 971 1045 absinthium,
998 975 1254 1047 quidquid
1306 974 1393 1028 cui
1443 972 1671 1041 placeat,
1718 968 1843 1023 edat
1882 981 1949 1021 ex
1976 965 2100 1018 illis.

530 1072 636 1129 ‘Cui
672 1073 737 1127 de
774 1071 861 1141 pia
895 1065 1274 1139 przedicatione
1297 1060 1443 1116 vesci
1492 1058 1675 1122 libeat,
1706 1054 1933 1124 accipiat
1959 1052 2100 1116 mel;

538 1163 631 1233 qui
660 1162 792 1216 dura
827 1158 1128 1213 invectione
1145 1154 1403 1223 indigeat,
1431 1150 1582 1204 bibat
1616 1163 1683 1203 ex
1713 1144 2007 1205 absinthio,
2030 1142 2106 1195 ita

538 1259 738 1316 tamen,
769 1258 829 1303 ut
863 1247 1023 1303 liceat
1048 1246 1097 1301 ei
1120 1243 1226 1299 mel
1267 1242 1437 1296 venize
1466 1253 1702 1312 sperare,
1729 1238 1773 1293 si
1800 1250 1954 1291 rosea
1982 1248 2108 1288 con-

538 1341 678 1396 fusio
704 1336 1033 1409 pmnitentiae
1059 1332 1351 1406 praecedat.

612 1448 802 1505 Omnia
842 1455 1021 1502 vestra
1051 1445 1275 1499 honeste
1328 1456 1451 1501 cum
1500 1437 1688 1497 ordine
1724 1435 1856 1494 ﬁant
1900 1431 1951 1505 (1
1982 1430 2106 1486 Cor.

538 1552 651 1603 le,
680 1537 792 1607 40).
824 1535 1057 1607 Tempus
1082 1542 1349 1591 statuatur
1390 1530 1630 1594 lectioni,
1654 1536 1708 1582 et
1739 1521 1960 1604 [oratio]
1986 1534 2112 1576 suas

539 1628 739 1684 habeat
779 1628 962 1690 horas,
993 1633 1047 1681 et
1093 1622 1378 1678 missarum
1433 1619 1705 1677 solemnia
1735 1616 1954 1687 proprio
1978 1621 2114 1667 tem-

538 1734 670 1791 pore
693 1717 1032 1773 conveniant.
1066 1715 1167 1781 Qui
1187 1715 1323 1767 diem
1338 1713 1493 1783 sapit,
1526 1711 1747 1765 Domino
1770 1708 1903 1778 sapit
1930 1704 2108 1777 (Rom.

540 1822 653 1872 xrv,
684 1806 761 1879 6).
806 1806 889 1860 Sit
916 1804 1157 1859 modesta
1204 1804 1257 1857 in
1307 1802 1569 1858 conviviis
1609 1800 1790 1855 lzetitia
1818 1814 1833 1864 ;
1864 1798 1933 1852 sit
1960 1803 2109 1849 easta

542 1896 597 1951 in
620 1895 840 1967 jejuuiis
878 1894 1100 1959 laetitia;
1134 1894 1342 1948 lavetur
1401 1892 1718 1964 paenitentia
1776 1889 1980 1945 facies:
2009 1904 2114 1942 un-

543 1995 702 2058 gatur
728 1986 846 2041 oleo
897 1985 1282 2040 misericordize
1313 1991 1494 2053 caput,
1522 1991 1582 2037 ut
1631 1982 1812 2037 omnia
1867 1987 2115 2047 accepta-

541 2074 671 2131 bilia
716 2076 846 2130 ﬁant
893 2075 1119 2130 Domino
1152 2076 1281 2139 Deo,
1320 2075 1411 2144 qui
1454 2084 1506 2129 te
1533 2073 1696 2143 elegit
1741 2072 1841 2127 sibi
1868 2068 2119 2125 sacerdo-

545 2178 674 2222 tem.
710 2165 892 2221 Omnis
930 2183 1153 2237 namque
1199 2166 1431 2239 pontifex
1466 2163 1529 2217 ab
1574 2162 1872 2216 hominibus
1914 2174 2119 2213 assum-

541 2268 662 2329 ptus
690 2274 782 2328 pro
811 2256 1105 2313 hominibus
1154 2256 1488 2310 constituitur
1514 2254 1571 2307 in
1608 2254 1710 2317 his,
1743 2267 1859 2322 qua?
1888 2259 2007 2304 sunt
2048 2249 2116 2302 ad

542 2347 712 2403 Deum
742 2347 928 2419 (Hebr.
969 2364 1025 2414 v,
1048 2347 1123 2419 1).
1162 2346 1342 2401 Aamn
1379 2347 1559 2400 stabat
1590 2360 1714 2400 cum
1744 2341 2011 2396 turribulo
2036 2341 2117 2395 di-

543 2435 765 2508 gnitatis
793 2450 902 2491 sua:
930 2435 1073 2491 inter
1107 2434 1260 2489 vivos
1306 2448 1371 2488 ac
1403 2440 1665 2497 mortuos,
1696 2438 1759 2484 ut
1786 2430 1865 2484 ira
1891 2430 1986 2485 Dei
2010 2444 2116 2483 non

545 2522 853 2581 ardesceret
891 2523 1010 2595 plus
1053 2523 1108 2577 in
1144 2522 1341 2594 populo
1398 2521 1588 2591 (Num.
1617 2536 1731 2586 xvr,
1753 2518 1843 2584 47,
1866 2518 1979 2591 48).
2014 2519 2117 2574 Sa-

544 2615 736 2669 cerdos
773 2629 902 2668 vero
924 2613 1016 2668 Dei
1049 2610 1259 2685 [Verbi]
1299 2619 1355 2666 et
1398 2610 1689 2665 voluntatis
1735 2609 1880 2663 illius
1925 2609 2121 2678 praedi-

548 2718 702 2763 cator
746 2709 905 2764 debet
950 2722 1070 2764 esse
1119 2709 1173 2763 in
1234 2707 1510 2778 populum,
1563 2713 1618 2761 et
1672 2706 2000 2759 intercessor
2052 2700 2119 2755 ad

547 2798 717 2853 Deum
745 2814 843 2868 pro
860 2798 1072 2867 populo,
1099 2782 1252 2867 quasi
1291 2796 1554 2851 mediator
1591 2796 1732 2850 inter
1750 2796 1917 2848 Deum
1947 2801 2000 2846 et
2024 2792 2120 2845 ho-

546 2885 740 2940 mines.
774 2885 878 2952 Qui
905 2885 1188 2941 sublimem
1212 2887 1454 2940 ascendit
1488 2885 1689 2951 loeum,
1742 2898 1934 2938 cavere
1961 2882 2120 2936 debet

546 2988 616 3030 ne
642 2976 821 3039 cadat,
849 2975 973 3043 quia
1027 2976 1181 3029 ruina
1233 2974 1440 3029 altioris
1476 2974 1579 3029 loci
1623 2973 1979 3044 periculosior
2000 2986 2119 3025 esse

547 3065 903 3137 dignoscitur.
948 3067 1048 3134 Qui
1102 3076 1228 3134 stat,
1276 3067 1456 3123 videat
1493 3082 1561 3121 ne
1606 3065 1781 3121 cadat.
1836 3063 1889 3136 (1
1915 3064 2037 3118 Cor.
2063 3079 2114 3127 Χ,
2144 3103 2190 3165 c

546 3157 657 3229 η).
690 3157 791 3225 Qui
813 3156 978 3226 jacet,
1028 3158 1336 3225 contendat,
1372 3166 1433 3228 ιιι
1461 3166 1746 3228 resurgat:
1792 3165 1848 3211 et
1876 3155 1967 3229 qui
1996 3171 2120 3209 eur-

546 3249 643 3312 rit,
675 3256 863 3302 caveat
886 3264 953 3303 ne
978 3247 1231 3314 oﬁ’endat,
1261 3263 1331 3303 ne
1374 3248 1619 3304 bravium
1648 3247 1788 3301 illius
1821 3246 1958 3301 alter
1980 3245 2123 3300 acci-

548 3335 684 3406 piat.
716 3334 915 3390 Omnes
940 3337 1156 3406 quidem
1186 3347 1331 3393 stare
1361 3355 1459 3394 nos
1484 3347 1696 3408 oportet
1728 3346 1851 3391 ante
1881 3337 2117 3391 tribunal

551 3425 755 3480 Christi
781 3434 840 3480 ut
862 3424 1063 3480 referat
1086 3428 1472 3496 unusquisque,
1527 3427 1785 3501 quidquid
1816 3427 1869 3480 in
1897 3442 2121 3495 corpore

548 3515 718 3589 gessit
767 3514 943 3586 (Rom.
969 3530 1080 3581 xrv,
1107 3516 1212 3583 10;
1249 3514 1312 3570 II
1341 3516 1464 3571 Cor.
1492 3533 1548 3583 v,
1580 3516 1687 3587 lO).
1723 3517 1873 3571 Tunc
1893 3534 1997 3572 non
2019 3518 2126 3572 erit

549 3612 763 3673 tempus
788 3604 965 3658 oleum
992 3605 1223 3670 emendi,
1255 3604 1373 3661 ideo
1403 3615 1528 3661 ante
1564 3606 1985 3675 praavideamus;
2025 3621 2124 3660 nec

550 3702 680 3750 tunc
709 3711 876 3749 vacua
907 3711 1033 3753 vasa
1066 3697 1361 3752 habeamus
1395 3697 1608 3769 (Matth.
1638 3696 1786 3768 xxv).
1822 3696 1942 3753 Sint
1968 3698 2124 3753 modo

552 3784 721 3840 lumbi
772 3787 1043 3856 prtecincti
1070 3796 1125 3842 et
1176 3787 1410 3843 lucernae
1465 3790 1715 3842 ardentes
1765 3789 1818 3842 in
1876 3788 2124 3843 manibus

549 3879 924 3949 praedicatoris
955 3878 1104 3949 (Luc.
1132 3896 1231 3945 xu,
1260 3880 1372 3951 '55),
1399 3888 1459 3934 ut
1483 3888 1609 3934 tunc
1657 3878 1857 3951 fulgeat
1882 3880 2022 3934 sicut
2042 3880 2124 3934 sol

552 3970 609 4024 lu
651 3984 815 4041 regno
850 3968 1030 4025 Patris
1083 3971 1188 4035 sui,
1230 3978 1286 4026 et
1311 3985 1412 4040 pro
1470 3970 1913 4039 multiplicatione
1964 3985 2127 4040 p-cu-

551 4061 657 4116 nia:
692 4061 795 4116 sibi
823 4061 1125 4116 commissa
1161 4061 1413 4115 laudetur
1451 4076 1482 4114 a
1514 4060 1742 4115 Domino
1795 4075 1914 4125 suo,
1946 4069 2003 4115 et
2031 4061 2127 4114 bo—

551 4162 776 4209 noretur
833 4161 1037 4213 aeterna
1097 4151 1288 4224 gloria.
1330 4151 1448 4206 Noli
1498 4152 1786 4206 Dominum
1826 4160 1878 4205 te
1929 4160 2125 4225 putare

551 4241 757 4306 saeculi,
790 4242 883 4297 sed
942 4240 1407 4310 dispensatorem;
1444 4256 1552 4296 non
1595 4250 1648 4296 te
1702 4255 1956 4297 numerus
2005 4254 2128 4309 pro-

554 4328 877 4396 pinquorum
909 4343 1131 4381 avarum
1172 4328 1356 4391 faciat,
1396 4329 1551 4397 quasi
1602 4329 1707 4384 illis
1744 4329 1800 4383 in
1844 4330 2127 4383 haeredita-

554 4423 664 4468 tem
694 4430 1022 4485 congregare
1046 4414 1262 4469 debeas.
1292 4416 1407 4471 Non
1440 4418 1612 4471 deerit
1650 4420 1864 4473 occasio
1898 4433 2126 4488 congre-

557 4503 737 4574 gandi,
773 4503 818 4557 si
843 4503 1169 4572 cupiditatis,
1214 4519 1334 4573 qua:
1358 4511 1441 4559 est
1485 4506 1725 4561 omnium
1773 4507 1924 4560 radix
1960 4507 2126 4559 malo-

560 4608 697 4658 rum,
759 4592 973 4666 [l'omes]
1031 4594 1340 4649 inardescit.
1395 4594 1581 4650 Nullus
1614 4596 1786 4650 hazres
1831 4595 2020 4653 melior
2044 4604 2127 4651 est

554 4688 776 4745 Christo
803 4707 816 4743 :
859 4706 1016 4745 nemo
1043 4692 1117 4744 tui
1148 4690 1380 4745 thesauri
1408 4690 1618 4746 ﬁdelior
1639 4700 1821 4745 custos
1850 4698 1953 4744 est.
1988 4689 2127 4744 Nam

559 4797 752 4841 manus
803 4783 1051 4853 pauperis
1093 4783 1202 4855 65
1256 4783 1693 4854 gazophylacium
1758 4791 1841 4838 est
1899 4781 2122 4838 Christi.

558 4870 712 4939 Quod
745 4888 810 4927 ex
841 4873 944 4927 tuis
968 4874 1241 4929 obtutibus
1272 4874 1342 4927 illi
1366 4874 1743 4928 commendare
1765 4875 1995 4943 placeat,
2020 4875 2121 4929 hoc

550 4977 657 5033 per
684 4976 875 5020 manus
902 4962 1223 5019 miscrorum
1250 4964 1420 5017 mitte.
1450 4964 1654 5034 Duplex
1675 4962 1769 5017 ﬁat
1786 4963 2127 5035 eleemosyna

629 5175 657 5204 ι
699 5161 996 5234 Εᾳαὶζαηάο
1032 5162 1258 5234 psalmos
1295 5162 1582 5218 det-autent.
1634 5163 1768 5218 Vide
1801 5164 2130 5234 disquisitio—

629 5179 657 5204 ι
699 5179 996 5233 nquttamo
1010 5179 1258 5286 (psalmos
1295 5179 1582 5218 aet-ament.
1643 5179 1768 5218 vute
1801 5179 2128 5234 (lisqutsmoo

559 5247 683 5288 nem
705 5232 900 5286 Mabill.
925 5234 990 5287 de
1056 5249 1179 5287 ursu
1201 5233 1389 5288 Gallic.
1412 5251 1530 5303 pag.
1553 5234 1657 5288 445
1676 5242 1731 5288 et
1756 5234 1929 5288 Vitam
1956 5235 2128 5289 sancti

560 5303 840 5391 Epilpliani‘i
859 5304 1110 5391 °episcopi
1137 5303 1453 5391 Ticinei‘isis,
1481 5321 1599 5391 quia;
1623 5320 1744 5391 cum
1782 5306 2131 5391 serilptistu-

560 5374 705 5427 nodii
736 5374 962 5427 habetur
986 5382 1114 5427 tom.
1142 5374 1162 5427 Ι
1188 5373 1286 5443 0p.
1320 5373 1609 5437 Sirinondi,
1641 5373 1743 5428 col.
1780 5373 1930 5428 £666.
1968 5375 2129 5431 Varia

558 5443 800 5513 exempla
827 5444 1219 5513 episcoporum,
1247 5443 1338 5513 qui
1359 5444 1630 5512 psallendo
1652 5444 1980 5511 equitabant,
2002 5461 2130 5499 con-

559 5511 729 5579 gessit
750 5511 1130 5568 'l‘hoinassinus
1152 5511 1373 5567 Praefat.
1395 5514 1447 5567 in
1485 5512 1647 5567 Psalt.
1673 5514 1917 5568 secunda:
1941 5513 2128 5569 editio-

552 5581 936 5654 .nis._P.t_ssmn.
964 5614 1034 5623 ——
1062 5584 1240 5639 Codex
1285 5592 1463 5637 tamen
1511 5582 1804 5654 Salisburg.
1839 5585 1961 5654 loco
1988 5587 2130 5654 equi-

581 5650 738 5722 audq,
771 5652 931 5707 habet
953 5654 1227 5722 u'quaudo,
1250 5654 1402 5722 quasi
1430 5652 1619 5722 aequali
1646 5650 1775 5706 voce
1795 5650 2124 5707 alternatido.

628 5719 658 5759 ι)
702 5712 958 5778 lionumos
989 5712 1185 5780 discere
1215 5712 1444 5780 ordines.
1478 5712 1861 5780 Testimonium
1903 5723 1973 5778 sit
2015 5724 2127 5779 haec

2201 515 2283 570 dis
2310 514 2627 582 corporibus
2648 513 2939 583 egentium.
2978 511 3101 567 ideo
3129 513 3427 585 presbyteri
3459 512 3655 585 duplici
3682 513 3777 567 lto-

2201 616 2351 666 nore,
2383 602 2537 672 juxta
2553 601 2889 671 Apostolum,
2913 601 3056 668 digni
3088 600 3317 654 habendi
3348 607 3492 665 sunt,
3519 602 3648 670 quia
3676 601 3776 654 du-

2200 691 2326 759 plici
2370 692 2669 760 probantur
2720 689 2867 759 fungi
2930 690 3228 745 ministerio
3283 690 3335 759 (I
3384 689 3518 765 Tim.
3577 706 3631 755 v,
3665 691 3776 761 l7).

2202 783 2437 838 Hilarem
2465 784 2707 837 datorem
2746 782 2918 853 diligit
2938 783 3079 838 Deus
3117 782 3203 855 (ΙΙ
3259 782 3381 837 Cor.
3412 799 3488 848 ix,
3516 783 3568 849 6,
3600 782 3657 855 7)
3685 800 3700 849 ;
3727 792 3781 839 et

2203 874 2295 943 qui
2321 875 2550 928 seminat
2584 873 2635 928 in
2667 875 3055 938 benedictione,
3083 873 3150 928 de
3178 874 3643 929 benedictionibus
3670 890 3782 929 me-

2204 971 2299 1026 tet,
2339 972 2393 1017 et
2419 964 2506 1033 qui
2536 964 2654 1033 plus
2681 962 2909 1029 laborat,
2939 965 3058 1034 plus
3095 964 3360 1019 mercedis
3380 960 3630 1033 accipiet.
3662 964 3785 1019 Sint

2204 1056 2280 1108 tui
2311 1053 2438 1108 socii
2478 1054 2716 1108 honestis
2762 1054 3002 1108 moribus
3050 1053 3249 1117 ornati,
3292 1068 3400 1106 non
3428 1054 3783 1108 vestimento-

2205 1159 2325 1197 rum
2356 1143 2591 1196 vanitate
2617 1141 2897 1204 notabiles,
2926 1142 3020 1196 sed
3046 1156 3258 1196 morum
3299 1141 3561 1212 dignitate
3592 1142 3783 1197 lauda-

2205 1234 2361 1289 biles.
2386 1234 2565 1289 Gloria
2590 1234 2781 1304 patris,
2806 1232 2949 1288 ﬁlius
2972 1234 3206 1303 sapiens.
3229 1231 3347 1288 Non
3376 1235 3485 1288 sint
3506 1234 3787 1288 ebrietatis

2207 1334 2523 1391 sectatores,
2562 1325 2656 1380 sed
2707 1324 3018 1380 sobrietatis
3061 1331 3354 1388 amatores,
3382 1330 3444 1378 ut
3477 1338 3542 1378 ex
3568 1323 3787 1377 illorum

2208 1414 2364 1469 bonis
2415 1414 2675 1483 exemplis
2726 1412 3058 1468 aediﬁcentur
3080 1412 3321 1482 plurimi.
3386 1412 3505 1467 Non
3556 1413 3791 1468 inaniloo

2211 1504 2397 1573 quium
2423 1504 2505 1558 vel
2537 1502 2856 1566 scurrilitas,
2909 1502 3002 1556 sed
3028 1510 3215 1556 sancta
3263 1516 3330 1555 ex
3353 1517 3449 1557 ore
3480 1517 3670 1556 eorum
3694 1517 3792 1555 au-

2213 1593 2393 1648 diatur
2413 1594 2731 1664 psalmodia.
2781 1592 2895 1646 Non
2918 1608 3014 1662 per
3041 1607 3262 1662 campos
3286 1594 3652 1648 discurrentes
3673 1591 3791 1647 vul-

2212 1700 2308 1755 pes
2327 1685 2580 1755 agitando
2597 1684 2912 1747 deelament,
2943 1685 3037 1739 sed
3059 1694 3236 1739 tecum
3262 1697 3289 1726 ι
3311 1684 3606 1754 equitando
3631 1681 3791 1755 [Cod.

2142 1763 2188 1824 Β
2218 1774 2358 1841 Sal.,
2392 1774 2698 1846 aequando],
2738 1774 2975 1844 psalmos
3007 1774 3152 1829 dulci
3201 1774 3568 1831 modulamine
3596 1774 3797 1828 decan-

2216 1874 2351 1920 tent.
2385 1865 2667 1935 Nunquam
2709 1880 2877 1920 sacrae
2916 1866 3307 1921 benedictionis
3350 1865 3513 1935 pallio
3548 1862 3799 1918 induaris

2214 1957 2418 2026 absque
2442 1956 2789 2012 diaconorum
2823 1958 3115 2012 astantium
3146 1957 3460 2012 ministerio.
3492 1956 3704 2010 Habeas
3727 1964 3785 2010 et

2216 2049 2595 2113 subdiaconos,
2645 2057 2978 2117 caeterosque
3029 2048 3320 2103 ordinatim
3368 2048 3571 2118 gradus
3606 2046 3797 2101 Eccle.

2216 2139 2329 2203 size,
2376 2146 2640 2208 quatenus
2686 2139 3092 2207 septiformisin
3140 2139 3294 2193 donis
3335 2139 3507 2193 sancti
3548 2137 3787 2207 Spiritus

2217 2230 2456 2286 Ecclesia
2481 2230 2778 2300 septiformi
2805 2232 3291 2287 ecclesiasticorum
3315 2234 3576 2303 graduum
3603 2231 3798 2287 distin-

2218 2321 2392 2376 ctione
2420 2320 2637 2391 fulgeat.
2680 2322 2885 2387 llabeat
2917 2324 3284 2393 unusquisque
3331 2322 3533 2393 gradus
3555 2322 3794 2392 dignita-

2219 2413 2289 2467 tis
2328 2428 2438 2469 suze
2484 2412 2661 2468 locum
2701 2422 2756 2469 et
2806 2415 3229 2481 vestimentum;
3268 2424 3323 2469 et
3349 2414 3395 2468 si
3447 2414 3501 2468 in
3529 2414 3796 2473 conviviis

2217 2504 2351 2560 ordo
2374 2506 2649 2560 seniorum
2673 2513 2728 2559 et
2755 2505 3075 2576 dignitatum
3116 2496 3424 2561 servandus
3446 2514 3549 2572 est,
3590 2514 3797 2576 quanto

2219 2598 2390 2667 magis
2414 2597 2468 2651 in
2499 2597 2737 2652 Ecclesia
2783 2598 2980 2653 Christi
3005 2600 3028 2652 ?
3056 2597 3138 2653 Sit
3181 2598 3358 2653 clerus
3401 2598 3453 2652 in
3481 2599 3668 2654 habitu
3697 2599 3796 2655 ho—

2219 2689 2467 2752 nestatis,
2495 2698 2552 2743 et
2577 2689 2729 2742 vultu
2768 2690 3123 2754 constantiae;
3157 2697 3210 2744 et
3238 2689 3293 2743 in
3330 2703 3462 2744 voce
3506 2688 3792 2743 moderata

2220 2788 2524 2845 cantantes,
2580 2781 2754 2851 magis
2789 2781 2898 2836 Deo
2943 2782 3155 2851 placere
3197 2782 3430 2836 nitentes
3478 2797 3643 2851 quam
3692 2782 3796 2836 ho-

2219 2872 2455 2926 minibus
2506 2870 2559 2941 (I
2622 2870 2856 2925 Thessal.
2886 2888 2955 2935 ιι,
2985 2872 3066 2943 II).
3126 2871 3393 2927 Exaltatio
3440 2871 3802 2927 immoderata

2220 2961 2373 3017 vocis
2422 2963 2700 3032 iactantia:
2742 2962 2956 3031 signum
2993 2970 3119 3017 est:
3151 2961 3446 3017 sedomnia
3476 2963 3532 3017 in
3577 2962 3802 3016 humili-

2222 3061 2335 3109 tate
2360 3062 2415 3107 et
2438 3055 2663 3108 honeste
2713 3053 2866 3118 ﬁant,
2894 3063 2949 3107 et
2972 3069 3077 3108 nou
3121 3053 3425 3124 despiciant
3461 3054 3489 3093 ιι
3521 3053 3801 3109 Romanos

2223 3144 2431 3199 discere
2470 3144 2709 3208 ordines,
2757 3152 3023 3213 quatenus
3049 3153 3211 3212 caput
3252 3144 3614 3199 Ecclesiarum
3638 3142 3802 3199 Chri—

2221 3234 2311 3299 sti,
2347 3234 2638 3288 secundum
2668 3232 2978 3289 facultatem
3022 3234 3220 3288 virium
3260 3233 3535 3291 imitantes
3576 3233 3803 3287 benedi-

2221 3326 2453 3379 ctionem
2481 3339 2511 3377 a
2534 3324 2692 3378 beato
2725 3324 2886 3380 Petro
2928 3324 3171 3394 principe
3218 3323 3605 3394 apostolorum,
3634 3338 3801 3392 quem

2223 3414 2480 3469 Dominus
2501 3424 2685 3470 noster
2718 3413 2875 3471 Iesus
2897 3413 3143 3469 Christus
3172 3422 3336 3484 caput
3355 3414 3511 3468 electi
3550 3413 3655 3468 sibi
3676 3425 3801 3483 gre—

2222 3507 2302 3581 gis
2329 3506 2533 3569 statuit,
2567 3506 2766 3560 habere
2800 3513 3112 3561 mereantur
3160 3512 3440 3559 aeternam.
3484 3504 3638 3581 Sicut
3679 3503 3802 3573 apis

2223 3596 2619 3666 sapientissima
2646 3596 2848 3660 omnia,
2873 3611 2994 3664 qua:
3022 3595 3320 3650 honestatis
3364 3602 3507 3658 sunt,
3538 3593 3801 3649 discendo

2221 3692 2467 3760 probate,
2497 3700 2552 3745 et
2576 3707 2695 3759 quae
2728 3691 2931 3760 optima
2962 3705 3082 3745 esse
3129 3689 3399 3755 videntur,
3429 3690 3677 3760 eligendo
3715 3704 3804 3744 re-

2226 3782 2410 3836 tinete.
2468 3780 2770 3835 Prazvideat
2815 3787 3002 3835 sancta
3058 3780 3279 3835 solertia
3331 3789 3421 3835 tua
3453 3791 3476 3819 ο
3509 3778 3803 3848 magistros

2223 3872 2427 3942 pueris,
2453 3872 2601 3926 clero
2630 3871 2869 3944 (Bolae,
2916 3870 3122 3944 clerici]
3159 3878 3522 3941 segregentur,
3559 3860 3801 3937 separati

2225 3979 2375 4019 more
2402 3964 2630 4026 illorum,
2648 3958 2747 4031 'qui
2774 3962 2942 4018 libros
2964 3962 3164 4033 legant,
3203 3960 3294 4030 qui
3320 3959 3604 4019 cantilena:
3626 3960 3801 4013 inser-

2224 4054 2395 4119 viant,
2446 4054 2539 4124 qui
2576 4052 2848 4107 scribendi
2892 4053 3069 4107 studio
3105 4052 3446 4120 deputentur.
3500 4047 3717 4103 Habeas
3740 4057 3796 4103 et

2226 4145 2452 4216 singulis
2496 4144 2582 4199 his
2637 4143 2918 4199 ordinibus
2943 4145 3233 4215 magistros
3260 4157 3408 4208 suos,
3449 4156 3517 4196 ne
3542 4147 3800 4199 vacantes

2231 4236 2366 4309 [AI.,
2424 4234 2704 4307 vagantes]
2755 4235 2869 4291 otio
2920 4235 3044 4303 vagi
3099 4234 3402 4290 discurrant
3429 4248 3526 4303 per
3574 4232 3718 4297 loca,
3747 4239 3801 4286 et

2226 4328 2417 4384 inanes
2466 4335 2753 4383 exerceant
2802 4326 2973 4390 ludos,
3001 4324 3087 4379 vel
3130 4324 3252 4379 aliis
3286 4325 3663 4393 mancipentur
3688 4324 3800 4377 ine—

2151 4419 2373 4514 Dptiis.
2414 4417 2541 4473 Haec
2587 4418 2767 4472 omnia
2790 4425 2845 4472 et
2889 4415 3262 4482 solertissima,
3318 4416 3394 4470 ﬁli
3431 4414 3796 4471 charissime!

2229 4516 2320 4563 tua
2345 4507 2649 4563 consideret
2701 4506 3057 4576 providentia,
3103 4513 3366 4576 quatenus
3404 4506 3457 4560 in
3486 4503 3613 4560 sede
3651 4504 3801 4573 prin-

2225 4599 2384 4669 cipali
2422 4599 2597 4669 gentis
2642 4608 2842 4653 nostrae
2881 4597 3044 4653 totius
3104 4596 3362 4652 bonitatis
3388 4604 3442 4651 ct
3469 4596 3795 4650 eruditionis

2226 4691 2347 4747 lbns
2372 4691 2695 4755 inveniatur,
2737 4697 2792 4744 et
2812 4704 2878 4743 ex
2907 4704 2973 4745 eo
3002 4688 3192 4745 sitiens
3216 4689 3391 4743 viator
3426 4687 3510 4742 vel
3538 4686 3800 4742 ecclesia-

2226 4783 2375 4838 sticm
2413 4780 2707 4852 disciplina:
2742 4792 2974 4846 amator,
3026 4779 3288 4850 quidquid
3316 4778 3586 4834 desiderat
3607 4778 3795 4832 anima

2203 4887 2345 4938 ‘sua,
2399 4872 2619 4927 naurire
2657 4871 2853 4927 valeat.
2893 4870 3139 4942 [Habetis
3170 4885 3254 4925 me
3307 4870 3712 4925 devotissimum
3747 4870 3806 4922 in

2227 4965 2312 5019 his
2344 4965 2615 5032 omnibus,
2670 4964 2797 5025 licet
2845 4965 2901 5019 in
2930 4964 3229 5035 peregrinis
3263 4964 3615 5030 habitantem,
3646 4963 3807 5035 adju-

2225 5166 2449 5236 epistola
2491 5165 2826 5236 antiquitatis
2867 5167 3072 5223 ordinis
3115 5166 3360 5232 Romani,
3404 5167 3468 5221 de
3503 5182 3612 5236 quo
3656 5176 3809 5225 certe

2225 5237 2426 5306 mentio
2458 5237 2599 5290 nulla
2637 5238 2735 5291 hac
2763 5238 2993 5306 gravior,
3025 5246 3118 5291 aut
3143 5239 3415 5306 antiquior
3441 5239 3700 5292 hactenus
3727 5239 3811 5292 al-

2227 5305 2334 5431 ξω
2378 5314 2479 5360 est.
2527 5307 2602 5361 De
2641 5321 2706 5360 eo
2750 5305 2895 5377 legas
2943 5308 3140 5364 Mabill.
3189 5305 3317 5362 tom.
3365 5308 3407 5361 ll
3453 5307 3633 5362 Musaei
3680 5307 3803 5362 ltal.

2269 5391 2467 5431 assroa.

2269 5391 2446 5431 ASSION
2455 5415 2467 5428 .

2298 5457 2321 5484 α
2359 5444 2639 5517 Magistros
2664 5446 2856 5517 pueris.
2884 5445 2959 5502 De
2980 5446 3064 5501 his
3084 5446 3341 5501 Alcuinus
3362 5446 3574 5514 saepius.
3600 5446 3805 5501 Morem

2227 5514 2672 5569 instruendorum'
2694 5531 2983 5584 puerorum
3010 5520 3061 5571 in
3085 5517 3329 5586 Angliam
3353 5517 3562 5570 induxit
3585 5525 3807 5571 sanctus

2226 5586 2557 5657 {ingustinus
2586 5585 2709 5640 illuc
2740 5602 2769 5639 a
2794 5596 2981 5657 saneto
3008 5588 3265 5657 Gregorio
3293 5587 3593 5657 missus,ut
3619 5597 3811 5643 narrat

2225 5652 2380 5707 Joaii.
2407 5653 2570 5778 7Di'iic.
2616 5657 2671 5711 in
2715 5657 2834 5711 Vita
2882 5656 3024 5713 illius
3063 5652 3235 5713 sancti
3282 5656 3555 5712 Pontiﬁcis
3596 5657 3807 5724 libari,

2227 5740 2372 5778 nutu.
2444 5763 2456 5775 .
2513 5742 2564 5778 ι).

2227 5740 2372 5779 nutu.
2417 5740 2456 5776 l.
2488 5740 2564 5778 ID.
