  <div class='ocr_page' id='page_1' title='image "/cluster/home/n/w/nwhite01/storage/ocr_20150623/100/hvd.32044024239972/118.png"; bbox 0 0 4056 6328; ppageno 0'>
   <div class='ocr_carea' id='block_1_1' title="bbox 223 372 311 441">
    <p class='ocr_par' dir='ltr' id='par_1_1' title="bbox 223 372 311 441">
     <span class='ocr_line' id='line_1_1' title="bbox 223 372 311 441; baseline 0 0"><span class='ocrx_word' id='word_1_1' title='bbox 223 372 311 441; x_wconf 68' lang='lat'><strong>123</strong></span> 
     </span>
    </p>
   </div>
   <div class='ocr_carea' id='block_1_2' title="bbox 217 566 1775 654">
    <p class='ocr_par' dir='ltr' id='par_1_2' title="bbox 217 566 1775 654">
     <span class='ocr_line' id='line_1_2' title="bbox 217 566 1775 654; baseline -0.017 -10"><span class='ocrx_word' id='word_1_2' title='bbox 217 581 549 654; x_wconf 81' lang='lat' dir='ltr'><strong>eleemosynis</strong></span> <span class='ocrx_word' id='word_1_3' title='bbox 578 576 795 653; x_wconf 83' lang='lat' dir='ltr'><strong>[pietas]</strong></span> <span class='ocrx_word' id='word_1_4' title='bbox 826 577 914 631; x_wconf 91' lang='lat' dir='ltr'><strong>ubi</strong></span> <span class='ocrx_word' id='word_1_5' title='bbox 943 589 968 617; x_wconf 78' lang='grc' dir='ltr'>ι</span> <span class='ocrx_word' id='word_1_6' title='bbox 1001 573 1353 637; x_wconf 89' lang='lat' dir='ltr'><strong>xenodocbia,</strong></span> <span class='ocrx_word' id='word_1_7' title='bbox 1382 572 1437 625; x_wconf 99' lang='lat' dir='ltr'><strong>id</strong></span> <span class='ocrx_word' id='word_1_8' title='bbox 1464 577 1567 632; x_wconf 91' lang='lat' dir='ltr'><strong>est,</strong></span> <span class='ocrx_word' id='word_1_9' title='bbox 1594 566 1775 644; x_wconf 83' lang='lat' dir='ltr'><strong>hospi-</strong></span> 
     </span>
    </p>
   </div>
   <div class='ocr_carea' id='block_1_3' title="bbox 219 663 1775 744">
    <p class='ocr_par' dir='ltr' id='par_1_3' title="bbox 219 663 1775 744">
     <span class='ocr_line' id='line_1_3' title="bbox 219 663 1775 744; baseline -0.015 -11"><span class='ocrx_word' id='word_1_10' title='bbox 219 680 327 735; x_wconf 88' lang='lat' dir='ltr'><strong>talia</strong></span> <span class='ocrx_word' id='word_1_11' title='bbox 350 670 463 730; x_wconf 81' lang='lat' dir='ltr'><strong>ﬁeri</strong></span> <span class='ocrx_word' id='word_1_12' title='bbox 497 672 710 744; x_wconf 74' lang='lat' dir='ltr'><strong>iubeas,</strong></span> <span class='ocrx_word' id='word_1_13' title='bbox 743 670 795 723; x_wconf 90' lang='lat' dir='ltr'><strong>in</strong></span> <span class='ocrx_word' id='word_1_14' title='bbox 819 669 1017 737; x_wconf 83' lang='lat' dir='ltr'><strong>quibus</strong></span> <span class='ocrx_word' id='word_1_15' title='bbox 1039 665 1110 719; x_wconf 91' lang='lat' dir='ltr'><strong>sit</strong></span> <span class='ocrx_word' id='word_1_16' title='bbox 1136 663 1448 734; x_wconf 88' lang='lat' dir='ltr'><strong>quotidiana</strong></span> <span class='ocrx_word' id='word_1_17' title='bbox 1473 672 1775 730; x_wconf 73' lang='lat' dir='ltr'><strong>pauperum</strong></span> 
     </span>
    </p>
   </div>
   <div class='ocr_carea' id='block_1_4' title="bbox 1642 360 2023 420">
    <p class='ocr_par' dir='ltr' id='par_1_4' title="bbox 1642 360 2023 420">
     <span class='ocr_line' id='line_1_4' title="bbox 1642 360 2023 420; baseline -0.016 0"><span class='ocrx_word' id='word_1_18' title='bbox 1642 360 2023 420; x_wconf 64' lang='lat' dir='ltr'><strong>EPISTOLIE.</strong></span> 
     </span>
    </p>
   </div>
   <div class='ocr_carea' id='block_1_5' title="bbox 220 476 1858 566">
    <p class='ocr_par' dir='ltr' id='par_1_5' title="bbox 220 476 1858 566">
     <span class='ocr_line' id='line_1_5' title="bbox 220 476 1858 566; baseline -0.016 -12"><span class='ocrx_word' id='word_1_19' title='bbox 220 489 411 566; x_wconf 80' lang='lat' dir='ltr'><strong>torem].</strong></span> <span class='ocrx_word' id='word_1_20' title='bbox 471 487 788 547; x_wconf 89' lang='lat' dir='ltr'><strong>Consideret</strong></span> <span class='ocrx_word' id='word_1_21' title='bbox 849 497 1065 556; x_wconf 87' lang='lat' dir='ltr'><strong>quoque</strong></span> <span class='ocrx_word' id='word_1_22' title='bbox 1124 491 1215 538; x_wconf 91' lang='lat' dir='ltr'><strong>tua</strong></span> <span class='ocrx_word' id='word_1_23' title='bbox 1270 477 1678 551; x_wconf 85' lang='lat' dir='ltr'><strong>diligentissima</strong></span> <span class='ocrx_word' id='word_1_24' title='bbox 1723 476 1778 529; x_wconf 93' lang='lat' dir='ltr'><strong>in</strong></span> <span class='ocrx_word' id='word_1_25' title='bbox 1809 489 1858 544; x_wconf 72' lang='grc' dir='ltr'>Α</span> 
     </span>
    </p>
   </div>
   <div class='ocr_carea' id='block_1_6' title="bbox 2530 122 2555 133">
    <p class='ocr_par' dir='ltr' id='par_1_6' title="bbox 2530 122 2555 133">
     <span class='ocr_line' id='line_1_6' title="bbox 2530 122 2555 133; baseline 0 -2"><span class='ocrx_word' id='word_1_26' title='bbox 2530 122 2555 133; x_wconf 67' lang='grc' dir='ltr'>ρ.</span> 
     </span>
    </p>
   </div>
   <div class='ocr_carea' id='block_1_7' title="bbox 2158 118 2453 255">
    <p class='ocr_par' dir='ltr' id='par_1_7' title="bbox 2158 118 2453 255">
     <span class='ocr_line' id='line_1_7' title="bbox 2158 118 2453 255; baseline 0 -96"><span class='ocrx_word' id='word_1_27' title='bbox 2158 118 2453 255; x_wconf 76' lang='lat'><strong>/.</strong></span> 
     </span>
    </p>
   </div>
   <div class='ocr_carea' id='block_1_8' title="bbox 2136 260 2151 269">
    <p class='ocr_par' dir='ltr' id='par_1_8' title="bbox 2136 260 2151 269">
     <span class='ocr_line' id='line_1_8' title="bbox 2136 260 2151 269; baseline 0 0"><span class='ocrx_word' id='word_1_28' title='bbox 2136 260 2151 269; x_wconf 67' lang='grc' dir='ltr'><em>κ</em></span> 
     </span>
    </p>
   </div>
   <div class='ocr_carea' id='block_1_9' title="bbox 2374 466 2966 525">
    <p class='ocr_par' dir='ltr' id='par_1_9' title="bbox 2374 466 2966 525">
     <span class='ocr_line' id='line_1_9' title="bbox 2374 466 2966 525; baseline -0.007 -1"><span class='ocrx_word' id='word_1_29' title='bbox 2374 470 2402 511; x_wconf 67' lang='grc' dir='ltr'>δ</span> <span class='ocrx_word' id='word_1_30' title='bbox 2442 466 2775 524; x_wconf 86' lang='lat' dir='ltr'><strong>EPISTOLA</strong></span> <span class='ocrx_word' id='word_1_31' title='bbox 2812 466 2966 525; x_wconf 73' lang='lat' dir='ltr'><strong>LV&#39;II.</strong></span> 
     </span>
    </p>
   </div>
   <div class='ocr_carea' id='block_1_10' title="bbox 2002 571 3318 627">
    <p class='ocr_par' dir='ltr' id='par_1_10' title="bbox 2002 571 3318 627">
     <span class='ocr_line' id='line_1_10' title="bbox 2002 571 3318 627; baseline -0.003 -9"><span class='ocrx_word' id='word_1_32' title='bbox 2002 574 2025 602; x_wconf 73' lang='lat'><strong><em>°</em></strong></span> <span class='ocrx_word' id='word_1_33' title='bbox 2048 578 2380 618; x_wconf 62' lang='lat' dir='ltr'><strong>ETHELREDO</strong></span> <span class='ocrx_word' id='word_1_34' title='bbox 2400 576 2666 627; x_wconf 73' lang='lat' dir='ltr'><strong>EPISCOI‘O,</strong></span> <span class='ocrx_word' id='word_1_35' title='bbox 2706 576 2772 615; x_wconf 78' lang='lat' dir='ltr'><strong>NE</strong></span> <span class='ocrx_word' id='word_1_36' title='bbox 2809 573 3022 615; x_wconf 69' lang='grc' dir='ltr'><strong>(ςιιεοει</strong></span> <span class='ocrx_word' id='word_1_37' title='bbox 3058 571 3318 614; x_wconf 69' lang='grc' dir='ltr'><strong>θεεεωιτ.</strong></span> 
     </span>
    </p>
   </div>
   <div class='ocr_carea' id='block_1_11' title="bbox 2483 650 2841 724">
    <p class='ocr_par' dir='ltr' id='par_1_11' title="bbox 2483 650 2841 724">
     <span class='ocr_line' id='line_1_11' title="bbox 2483 650 2841 724; baseline -0.008 -18"><span class='ocrx_word' id='word_1_38' title='bbox 2483 652 2660 724; x_wconf 86' lang='lat' dir='ltr'><strong>(Anno</strong></span> <span class='ocrx_word' id='word_1_39' title='bbox 2692 650 2841 722; x_wconf 87' lang='lat'><strong>796.)</strong></span> 
     </span>
    </p>
   </div>
   <div class='ocr_carea' id='block_1_12' title="bbox 3347 351 3456 412">
    <p class='ocr_par' dir='ltr' id='par_1_12' title="bbox 3347 351 3456 412">
     <span class='ocr_line' id='line_1_12' title="bbox 3347 351 3456 412; baseline 0 -2"><span class='ocrx_word' id='word_1_40' title='bbox 3347 351 3456 412; x_wconf 71' lang='lat'><strong>226</strong></span> 
     </span>
    </p>
   </div>
   <div class='ocr_carea' id='block_1_13' title="bbox 216 740 3464 838">
    <p class='ocr_par' dir='ltr' id='par_1_13' title="bbox 216 740 3464 838">
     <span class='ocr_line' id='line_1_13' title="bbox 216 740 3464 838; baseline -0.008 -15"><span class='ocrx_word' id='word_1_41' title='bbox 216 772 263 827; x_wconf 87' lang='lat' dir='ltr'><strong>et</strong></span> <span class='ocrx_word' id='word_1_42' title='bbox 290 740 690 838; x_wconf 81' lang='lat' dir='ltr'><strong>peregrinerum</strong></span> <span class='ocrx_word' id='word_1_43' title='bbox 742 759 1034 828; x_wconf 75' lang='lat' dir='ltr'><strong>susceptio,</strong></span> <span class='ocrx_word' id='word_1_44' title='bbox 1062 754 1139 827; x_wconf 88' lang='lat' dir='ltr'><strong>[et</strong></span> <span class='ocrx_word' id='word_1_45' title='bbox 1162 768 1230 808; x_wconf 86' lang='lat' dir='ltr'><strong>ex</strong></span> <span class='ocrx_word' id='word_1_46' title='bbox 1282 752 1484 807; x_wconf 80' lang='lat' dir='ltr'><strong>nostris</strong></span> <span class='ocrx_word' id='word_1_47' title='bbox 1527 750 1778 804; x_wconf 89' lang='lat' dir='ltr'><strong>substau-</strong></span> <span class='ocrx_word' id='word_1_48' title='bbox 1876 746 2265 802; x_wconf 79' lang='lat' dir='ltr'><strong>Consolaturin</strong></span> <span class='ocrx_word' id='word_1_49' title='bbox 2282 746 2635 838; x_wconf 57' lang='lat' dir='ltr'><strong>persecutionf</strong></span> <span class='ocrx_word' id='word_1_50' title='bbox 2650 741 3245 838; x_wconf 51' lang='lat' dir='ltr'><strong>actribufatioueiet</strong></span> <span class='ocrx_word' id='word_1_51' title='bbox 3264 740 3464 796; x_wconf 83' lang='lat' dir='ltr'><strong>uirilem</strong></span> 
     </span>
    </p>
   </div>
   <div class='ocr_carea' id='block_1_14' title="bbox 217 849 792 916">
    <p class='ocr_par' dir='ltr' id='par_1_14' title="bbox 217 849 792 916">
     <span class='ocr_line' id='line_1_14' title="bbox 217 849 792 916; baseline -0.023 0"><span class='ocrx_word' id='word_1_52' title='bbox 217 849 296 916; x_wconf 81' lang='lat' dir='ltr'><strong>tiis</strong></span> <span class='ocrx_word' id='word_1_53' title='bbox 320 858 554 913; x_wconf 77' lang='lat' dir='ltr'><strong>habeant</strong></span> <span class='ocrx_word' id='word_1_54' title='bbox 577 851 792 909; x_wconf 90' lang='lat' dir='ltr'><strong>solatia.</strong></span> 
     </span>
    </p>
   </div>
   <div class='ocr_carea' id='block_1_15' title="bbox 242 935 1781 1018">
    <p class='ocr_par' dir='ltr' id='par_1_15' title="bbox 242 935 1781 1018">
     <span class='ocr_line' id='line_1_15' title="bbox 242 935 1781 1018; baseline -0.011 -12"><span class='ocrx_word' id='word_1_55' title='bbox 242 960 245 967; x_wconf 89' lang='lat'><em>‘</em></span> <span class='ocrx_word' id='word_1_56' title='bbox 276 951 410 1004; x_wconf 84' lang='lat' dir='ltr'><strong>Ecce</strong></span> <span class='ocrx_word' id='word_1_57' title='bbox 436 963 536 1018; x_wconf 88' lang='lat' dir='ltr'><strong>ego</strong></span> <span class='ocrx_word' id='word_1_58' title='bbox 572 945 770 1016; x_wconf 87' lang='lat' dir='ltr'><strong>duplici</strong></span> <span class='ocrx_word' id='word_1_59' title='bbox 798 942 1050 1011; x_wconf 86' lang='lat' dir='ltr'><strong>fatigatus</strong></span> <span class='ocrx_word' id='word_1_60' title='bbox 1086 938 1358 1002; x_wconf 80' lang='lat' dir='ltr'><strong>molestia,</strong></span> <span class='ocrx_word' id='word_1_61' title='bbox 1398 935 1454 989; x_wconf 88' lang='lat' dir='ltr'><strong>id</strong></span> <span class='ocrx_word' id='word_1_62' title='bbox 1487 943 1598 999; x_wconf 89' lang='lat' dir='ltr'><strong>est,</strong></span> <span class='ocrx_word' id='word_1_63' title='bbox 1627 948 1781 989; x_wconf 87' lang='lat' dir='ltr'><strong>sene-</strong></span> 
     </span>
    </p>
   </div>
   <div class='ocr_carea' id='block_1_16' title="bbox 216 1025 1782 1099">
    <p class='ocr_par' dir='ltr' id='par_1_16' title="bbox 216 1025 1782 1099">
     <span class='ocr_line' id='line_1_16' title="bbox 216 1025 1782 1099; baseline -0.011 -4"><span class='ocrx_word' id='word_1_64' title='bbox 216 1048 346 1095; x_wconf 89' lang='lat' dir='ltr'><strong>ctute</strong></span> <span class='ocrx_word' id='word_1_65' title='bbox 372 1046 428 1093; x_wconf 85' lang='lat' dir='ltr'><strong>et</strong></span> <span class='ocrx_word' id='word_1_66' title='bbox 455 1036 767 1091; x_wconf 89' lang='lat' dir='ltr'><strong>inﬁrmitate</strong></span> <span class='ocrx_word' id='word_1_67' title='bbox 794 1050 807 1086; x_wconf 91' lang='lat'><strong>:</strong></span> <span class='ocrx_word' id='word_1_68' title='bbox 839 1040 894 1087; x_wconf 90' lang='lat' dir='ltr'><strong>et</strong></span> <span class='ocrx_word' id='word_1_69' title='bbox 929 1030 1068 1085; x_wconf 88' lang='lat' dir='ltr'><strong>forte</strong></span> <span class='ocrx_word' id='word_1_70' title='bbox 1094 1027 1485 1099; x_wconf 80' lang='lat' dir='ltr'><strong>appropinquat</strong></span> <span class='ocrx_word' id='word_1_71' title='bbox 1512 1025 1629 1080; x_wconf 89' lang='lat' dir='ltr'><strong>dies</strong></span> <span class='ocrx_word' id='word_1_72' title='bbox 1668 1038 1782 1078; x_wconf 88' lang='lat' dir='ltr'><strong>me-</strong></span> 
     </span>
    </p>
   </div>
   <div class='ocr_carea' id='block_1_17' title="bbox 215 1118 1785 1198">
    <p class='ocr_par' dir='ltr' id='par_1_17' title="bbox 215 1118 1785 1198">
     <span class='ocr_line' id='line_1_17' title="bbox 215 1118 1785 1198; baseline -0.01 -13"><span class='ocrx_word' id='word_1_73' title='bbox 215 1131 451 1195; x_wconf 90' lang='lat' dir='ltr'><strong>tuendus,</strong></span> <span class='ocrx_word' id='word_1_74' title='bbox 479 1143 586 1198; x_wconf 91' lang='lat' dir='ltr'><strong>quo</strong></span> <span class='ocrx_word' id='word_1_75' title='bbox 610 1132 923 1182; x_wconf 90' lang='lat' dir='ltr'><strong>conteratur</strong></span> <span class='ocrx_word' id='word_1_76' title='bbox 947 1122 1134 1193; x_wconf 86' lang='lat' dir='ltr'><strong>hydria</strong></span> <span class='ocrx_word' id='word_1_77' title='bbox 1162 1135 1323 1190; x_wconf 85' lang='lat' dir='ltr'><strong>supra</strong></span> <span class='ocrx_word' id='word_1_78' title='bbox 1348 1118 1578 1182; x_wconf 88' lang='lat' dir='ltr'><strong>fontem,</strong></span> <span class='ocrx_word' id='word_1_79' title='bbox 1610 1124 1665 1172; x_wconf 92' lang='lat' dir='ltr'><strong>et</strong></span> <span class='ocrx_word' id='word_1_80' title='bbox 1701 1130 1785 1170; x_wconf 86' lang='lat' dir='ltr'><strong>re-</strong></span> 
     </span>
    </p>
   </div>
   <div class='ocr_carea' id='block_1_18' title="bbox 209 1207 1785 1287">
    <p class='ocr_par' dir='ltr' id='par_1_18' title="bbox 209 1207 1785 1287">
     <span class='ocr_line' id='line_1_18' title="bbox 209 1207 1785 1287; baseline -0.009 -11"><span class='ocrx_word' id='word_1_81' title='bbox 209 1230 376 1277; x_wconf 86' lang='lat' dir='ltr'><strong>currat</strong></span> <span class='ocrx_word' id='word_1_82' title='bbox 408 1220 544 1274; x_wconf 82' lang='lat' dir='ltr'><strong>vitta</strong></span> <span class='ocrx_word' id='word_1_83' title='bbox 582 1232 745 1273; x_wconf 88' lang='lat' dir='ltr'><strong>aurea</strong></span> <span class='ocrx_word' id='word_1_84' title='bbox 773 1214 971 1287; x_wconf 85' lang='lat' dir='ltr'><strong>(Eccle.</strong></span> <span class='ocrx_word' id='word_1_85' title='bbox 999 1228 1099 1277; x_wconf 78' lang='lat' dir='ltr'><strong>xu,</strong></span> <span class='ocrx_word' id='word_1_86' title='bbox 1136 1211 1211 1282; x_wconf 88' lang='lat'><strong>6).</strong></span> <span class='ocrx_word' id='word_1_87' title='bbox 1253 1211 1574 1265; x_wconf 78' lang='lat' dir='ltr'><strong>Revertatur</strong></span> <span class='ocrx_word' id='word_1_88' title='bbox 1611 1207 1785 1277; x_wconf 83' lang='lat' dir='ltr'><strong>pulvis</strong></span> 
     </span>
    </p>
   </div>
   <div class='ocr_carea' id='block_1_19' title="bbox 210 1298 1785 1375">
    <p class='ocr_par' dir='ltr' id='par_1_19' title="bbox 210 1298 1785 1375">
     <span class='ocr_line' id='line_1_19' title="bbox 210 1298 1785 1375; baseline -0.009 -11"><span class='ocrx_word' id='word_1_89' title='bbox 210 1311 257 1364; x_wconf 88' lang='lat' dir='ltr'><strong>in</strong></span> <span class='ocrx_word' id='word_1_90' title='bbox 286 1317 489 1362; x_wconf 91' lang='lat' dir='ltr'><strong>terram</strong></span> <span class='ocrx_word' id='word_1_91' title='bbox 533 1323 703 1371; x_wconf 88' lang='lat' dir='ltr'><strong>suam,</strong></span> <span class='ocrx_word' id='word_1_92' title='bbox 748 1305 971 1375; x_wconf 86' lang='lat' dir='ltr'><strong>spiritus</strong></span> <span class='ocrx_word' id='word_1_93' title='bbox 1012 1303 1079 1357; x_wconf 90' lang='lat' dir='ltr'><strong>ad</strong></span> <span class='ocrx_word' id='word_1_94' title='bbox 1114 1302 1282 1356; x_wconf 89' lang='lat' dir='ltr'><strong>Deum</strong></span> <span class='ocrx_word' id='word_1_95' title='bbox 1317 1300 1409 1369; x_wconf 88' lang='lat' dir='ltr'><strong>qui</strong></span> <span class='ocrx_word' id='word_1_96' title='bbox 1449 1298 1597 1353; x_wconf 86' lang='lat' dir='ltr'><strong>dedit</strong></span> <span class='ocrx_word' id='word_1_97' title='bbox 1636 1298 1785 1353; x_wconf 88' lang='lat' dir='ltr'><strong>illum</strong></span> 
     </span>
    </p>
   </div>
   <div class='ocr_carea' id='block_1_20' title="bbox 208 1389 1786 1473">
    <p class='ocr_par' dir='ltr' id='par_1_20' title="bbox 208 1389 1786 1473">
     <span class='ocr_line' id='line_1_20' title="bbox 208 1389 1786 1473; baseline -0.007 -19"><span class='ocrx_word' id='word_1_98' title='bbox 208 1399 397 1473; x_wconf 74' lang='lat' dir='ltr'><strong>(Eccfe.</strong></span> <span class='ocrx_word' id='word_1_99' title='bbox 423 1415 526 1464; x_wconf 85' lang='lat' dir='ltr'><strong>xu,</strong></span> <span class='ocrx_word' id='word_1_100' title='bbox 557 1398 634 1468; x_wconf 90' lang='lat'><strong>7),</strong></span> <span class='ocrx_word' id='word_1_101' title='bbox 661 1404 715 1451; x_wconf 90' lang='lat' dir='ltr'><strong>et</strong></span> <span class='ocrx_word' id='word_1_102' title='bbox 739 1396 893 1450; x_wconf 82' lang='lat' dir='ltr'><strong>valde</strong></span> <span class='ocrx_word' id='word_1_103' title='bbox 922 1394 1140 1449; x_wconf 88' lang='lat' dir='ltr'><strong>timidus</strong></span> <span class='ocrx_word' id='word_1_104' title='bbox 1162 1405 1408 1462; x_wconf 83' lang='lat' dir='ltr'><strong>pavesco,</strong></span> <span class='ocrx_word' id='word_1_105' title='bbox 1442 1405 1549 1460; x_wconf 90' lang='lat' dir='ltr'><strong>quo</strong></span> <span class='ocrx_word' id='word_1_106' title='bbox 1575 1389 1786 1445; x_wconf 81' lang='lat' dir='ltr'><strong>exami-</strong></span> 
     </span>
    </p>
   </div>
   <div class='ocr_carea' id='block_1_21' title="bbox 207 1481 1788 1558">
    <p class='ocr_par' dir='ltr' id='par_1_21' title="bbox 207 1481 1788 1558">
     <span class='ocr_line' id='line_1_21' title="bbox 207 1481 1788 1558; baseline -0.008 -13"><span class='ocrx_word' id='word_1_107' title='bbox 207 1499 304 1554; x_wconf 90' lang='lat' dir='ltr'><strong>net,</strong></span> <span class='ocrx_word' id='word_1_108' title='bbox 335 1500 473 1545; x_wconf 92' lang='lat' dir='ltr'><strong>tunc</strong></span> <span class='ocrx_word' id='word_1_109' title='bbox 495 1488 819 1558; x_wconf 75' lang='lat' dir='ltr'><strong>iudicandus</strong></span> <span class='ocrx_word' id='word_1_110' title='bbox 851 1487 940 1542; x_wconf 89' lang='lat' dir='ltr'><strong>sit.</strong></span> <span class='ocrx_word' id='word_1_111' title='bbox 976 1486 1084 1549; x_wconf 90' lang='lat' dir='ltr'><strong>Tu,</strong></span> <span class='ocrx_word' id='word_1_112' title='bbox 1118 1484 1192 1538; x_wconf 92' lang='lat' dir='ltr'><strong>ﬁli</strong></span> <span class='ocrx_word' id='word_1_113' title='bbox 1230 1483 1570 1538; x_wconf 86' lang='lat' dir='ltr'><strong>ﬁdelissime!</strong></span> <span class='ocrx_word' id='word_1_114' title='bbox 1604 1481 1788 1535; x_wconf 87' lang='lat' dir='ltr'><strong>labora</strong></span> 
     </span>
    </p>
   </div>
   <div class='ocr_carea' id='block_1_22' title="bbox 206 1573 1793 1654">
    <p class='ocr_par' dir='ltr' id='par_1_22' title="bbox 206 1573 1793 1654">
     <span class='ocr_line' id='line_1_22' title="bbox 206 1573 1793 1654; baseline -0.008 -16"><span class='ocrx_word' id='word_1_115' title='bbox 206 1600 292 1654; x_wconf 89' lang='lat' dir='ltr'><strong>pro</strong></span> <span class='ocrx_word' id='word_1_116' title='bbox 316 1584 503 1637; x_wconf 86' lang='lat' dir='ltr'><strong>anima</strong></span> <span class='ocrx_word' id='word_1_117' title='bbox 532 1581 712 1636; x_wconf 87' lang='lat' dir='ltr'><strong>Patris</strong></span> <span class='ocrx_word' id='word_1_118' title='bbox 743 1580 847 1642; x_wconf 90' lang='lat' dir='ltr'><strong>tui,</strong></span> <span class='ocrx_word' id='word_1_119' title='bbox 890 1579 1003 1633; x_wconf 84' lang='lat' dir='ltr'><strong>sive</strong></span> <span class='ocrx_word' id='word_1_120' title='bbox 1025 1592 1168 1631; x_wconf 92' lang='lat' dir='ltr'><strong>nunc</strong></span> <span class='ocrx_word' id='word_1_121' title='bbox 1194 1577 1247 1629; x_wconf 91' lang='lat' dir='ltr'><strong>in</strong></span> <span class='ocrx_word' id='word_1_122' title='bbox 1275 1575 1378 1630; x_wconf 92' lang='lat' dir='ltr'><strong>hoc</strong></span> <span class='ocrx_word' id='word_1_123' title='bbox 1404 1573 1623 1645; x_wconf 84' lang='lat' dir='ltr'><strong>pulvere</strong></span> <span class='ocrx_word' id='word_1_124' title='bbox 1649 1588 1793 1627; x_wconf 79' lang='lat' dir='ltr'><strong>mor-</strong></span> 
     </span>
    </p>
   </div>
   <div class='ocr_carea' id='block_1_23' title="bbox 206 1666 1792 1738">
    <p class='ocr_par' dir='ltr' id='par_1_23' title="bbox 206 1666 1792 1738">
     <span class='ocr_line' id='line_1_23' title="bbox 206 1666 1792 1738; baseline -0.006 -10"><span class='ocrx_word' id='word_1_125' title='bbox 206 1674 295 1736; x_wconf 87' lang='lat' dir='ltr'><strong>tis;</strong></span> <span class='ocrx_word' id='word_1_126' title='bbox 338 1674 460 1727; x_wconf 85' lang='lat' dir='ltr'><strong>sive</strong></span> <span class='ocrx_word' id='word_1_127' title='bbox 495 1681 623 1726; x_wconf 91' lang='lat' dir='ltr'><strong>tunc</strong></span> <span class='ocrx_word' id='word_1_128' title='bbox 662 1671 716 1725; x_wconf 92' lang='lat' dir='ltr'><strong>in</strong></span> <span class='ocrx_word' id='word_1_129' title='bbox 742 1668 1003 1738; x_wconf 85' lang='lat' dir='ltr'><strong>judicium</strong></span> <span class='ocrx_word' id='word_1_130' title='bbox 1045 1667 1408 1737; x_wconf 88' lang='lat' dir='ltr'><strong>properantis,</strong></span> <span class='ocrx_word' id='word_1_131' title='bbox 1453 1674 1513 1720; x_wconf 92' lang='lat' dir='ltr'><strong>ut</strong></span> <span class='ocrx_word' id='word_1_132' title='bbox 1552 1666 1792 1734; x_wconf 87' lang='lat' dir='ltr'><strong>requiem</strong></span> 
     </span>
    </p>
   </div>
   <div class='ocr_carea' id='block_1_24' title="bbox 203 1760 1792 1828">
    <p class='ocr_par' dir='ltr' id='par_1_24' title="bbox 203 1760 1792 1828">
     <span class='ocr_line' id='line_1_24' title="bbox 203 1760 1792 1828; baseline -0.004 -10"><span class='ocrx_word' id='word_1_133' title='bbox 203 1763 395 1818; x_wconf 79' lang='lat' dir='ltr'><strong>habeat</strong></span> <span class='ocrx_word' id='word_1_134' title='bbox 427 1770 481 1816; x_wconf 86' lang='lat' dir='ltr'><strong>et</strong></span> <span class='ocrx_word' id='word_1_135' title='bbox 506 1762 668 1815; x_wconf 92' lang='lat' dir='ltr'><strong>etiam</strong></span> <span class='ocrx_word' id='word_1_136' title='bbox 696 1760 907 1815; x_wconf 85' lang='lat' dir='ltr'><strong>veniam</strong></span> <span class='ocrx_word' id='word_1_137' title='bbox 935 1767 1280 1828; x_wconf 87' lang='lat' dir='ltr'><strong>peccatorqu</strong></span> <span class='ocrx_word' id='word_1_138' title='bbox 1304 1773 1525 1813; x_wconf 90' lang='lat' dir='ltr'><strong>suorum</strong></span> <span class='ocrx_word' id='word_1_139' title='bbox 1545 1798 1560 1823; x_wconf 93' lang='lat'><strong>,</strong></span> <span class='ocrx_word' id='word_1_140' title='bbox 1591 1767 1649 1811; x_wconf 90' lang='lat' dir='ltr'><strong>ut</strong></span> <span class='ocrx_word' id='word_1_141' title='bbox 1677 1773 1792 1811; x_wconf 88' lang='lat' dir='ltr'><strong>ma-</strong></span> 
     </span>
    </p>
   </div>
   <div class='ocr_carea' id='block_1_25' title="bbox 2005 812 3331 889">
    <p class='ocr_par' dir='ltr' id='par_1_25' title="bbox 2005 812 3331 889">
     <span class='ocr_line' id='line_1_25' title="bbox 2005 812 3331 889; baseline -0.005 -18"><span class='ocrx_word' id='word_1_142' title='bbox 2005 812 2459 889; x_wconf 76' lang='lat' dir='ltr'><strong>perseveraiuiam,</strong></span> <span class='ocrx_word' id='word_1_143' title='bbox 2486 831 2547 868; x_wconf 85' lang='lat' dir='ltr'><strong>ne</strong></span> <span class='ocrx_word' id='word_1_144' title='bbox 2569 814 2633 866; x_wconf 85' lang='lat' dir='ltr'><strong>ab</strong></span> <span class='ocrx_word' id='word_1_145' title='bbox 2658 813 2833 867; x_wconf 77' lang='lat' dir='ltr'><strong>ovibus</strong></span> <span class='ocrx_word' id='word_1_146' title='bbox 2856 812 3045 883; x_wconf 74' lang='lat' dir='ltr'><strong>fugiat,</strong></span> <span class='ocrx_word' id='word_1_147' title='bbox 3070 813 3331 866; x_wconf 80' lang='lat' dir='ltr'><strong>hortatur.</strong></span> 
     </span>
    </p>
   </div>
   <div class='ocr_carea' id='block_1_26' title="bbox 1947 924 3467 999">
    <p class='ocr_par' dir='ltr' id='par_1_26' title="bbox 1947 924 3467 999">
     <span class='ocr_line' id='line_1_26' title="bbox 1947 924 3467 999; baseline -0.001 -15"><span class='ocrx_word' id='word_1_148' title='bbox 1947 930 2198 999; x_wconf 85' lang='lat' dir='ltr'><strong>Acceptis</strong></span> <span class='ocrx_word' id='word_1_149' title='bbox 2222 928 2415 983; x_wconf 83' lang='lat' dir='ltr'><strong>litteris</strong></span> <span class='ocrx_word' id='word_1_150' title='bbox 2438 926 2564 991; x_wconf 88' lang='lat' dir='ltr'><strong>tuis,</strong></span> <span class='ocrx_word' id='word_1_151' title='bbox 2587 924 2757 981; x_wconf 81' lang='lat' dir='ltr'><strong>frater</strong></span> <span class='ocrx_word' id='word_1_152' title='bbox 2779 926 2993 980; x_wconf 87' lang='lat' dir='ltr'><strong>sancte!</strong></span> <span class='ocrx_word' id='word_1_153' title='bbox 3022 925 3176 981; x_wconf 65' lang='lat' dir='ltr'><strong>laetus</strong></span> <span class='ocrx_word' id='word_1_154' title='bbox 3203 925 3269 979; x_wconf 91' lang='lat' dir='ltr'><strong>de</strong></span> <span class='ocrx_word' id='word_1_155' title='bbox 3291 924 3467 995; x_wconf 77' lang='lat' dir='ltr'><strong>saluto</strong></span> 
     </span>
    </p>
   </div>
   <div class='ocr_carea' id='block_1_27' title="bbox 1882 1017 3466 1088">
    <p class='ocr_par' dir='ltr' id='par_1_27' title="bbox 1882 1017 3466 1088">
     <span class='ocr_line' id='line_1_27' title="bbox 1882 1017 3466 1088; baseline -0.003 -12"><span class='ocrx_word' id='word_1_156' title='bbox 1882 1031 1992 1087; x_wconf 84' lang='lat' dir='ltr'><strong>tua,</strong></span> <span class='ocrx_word' id='word_1_157' title='bbox 2034 1022 2129 1076; x_wconf 87' lang='lat' dir='ltr'><strong>sed</strong></span> <span class='ocrx_word' id='word_1_158' title='bbox 2174 1020 2347 1075; x_wconf 86' lang='lat' dir='ltr'><strong>tristis</strong></span> <span class='ocrx_word' id='word_1_159' title='bbox 2388 1018 2456 1073; x_wconf 91' lang='lat' dir='ltr'><strong>de</strong></span> <span class='ocrx_word' id='word_1_160' title='bbox 2497 1018 2842 1073; x_wconf 86' lang='lat' dir='ltr'><strong>tribulatione</strong></span> <span class='ocrx_word' id='word_1_161' title='bbox 2886 1026 2943 1074; x_wconf 87' lang='lat' dir='ltr'><strong>et</strong></span> <span class='ocrx_word' id='word_1_162' title='bbox 2979 1017 3466 1088; x_wconf 85' lang='lat' dir='ltr'><strong>persecutionibus,</strong></span> 
     </span>
    </p>
   </div>
   <div class='ocr_carea' id='block_1_28' title="bbox 1882 1106 3466 1180">
    <p class='ocr_par' dir='ltr' id='par_1_28' title="bbox 1882 1106 3466 1180">
     <span class='ocr_line' id='line_1_28' title="bbox 1882 1106 3466 1180; baseline -0.001 -17"><span class='ocrx_word' id='word_1_163' title='bbox 1882 1125 2018 1180; x_wconf 90' lang='lat' dir='ltr'><strong>quas</strong></span> <span class='ocrx_word' id='word_1_164' title='bbox 2051 1118 2105 1163; x_wconf 89' lang='lat' dir='ltr'><strong>te</strong></span> <span class='ocrx_word' id='word_1_165' title='bbox 2130 1108 2241 1178; x_wconf 88' lang='lat' dir='ltr'><strong>pati</strong></span> <span class='ocrx_word' id='word_1_166' title='bbox 2274 1124 2304 1162; x_wconf 89' lang='lat' dir='ltr'><strong>a</strong></span> <span class='ocrx_word' id='word_1_167' title='bbox 2333 1114 2489 1178; x_wconf 88' lang='lat' dir='ltr'><strong>gente</strong></span> <span class='ocrx_word' id='word_1_168' title='bbox 2521 1114 2613 1161; x_wconf 90' lang='lat' dir='ltr'><strong>tua</strong></span> <span class='ocrx_word' id='word_1_169' title='bbox 2640 1106 2692 1161; x_wconf 91' lang='lat' dir='ltr'><strong>in</strong></span> <span class='ocrx_word' id='word_1_170' title='bbox 2721 1106 2825 1162; x_wconf 86' lang='lat' dir='ltr'><strong>illis</strong></span> <span class='ocrx_word' id='word_1_171' title='bbox 2851 1106 2957 1161; x_wconf 88' lang='lat' dir='ltr'><strong>tuis</strong></span> <span class='ocrx_word' id='word_1_172' title='bbox 2984 1106 3228 1177; x_wconf 78' lang='lat' dir='ltr'><strong>apicibus</strong></span> <span class='ocrx_word' id='word_1_173' title='bbox 3251 1106 3466 1176; x_wconf 87' lang='lat' dir='ltr'><strong>agnovi.</strong></span> 
     </span>
    </p>
   </div>
   <div class='ocr_carea' id='block_1_29' title="bbox 1882 1198 3471 1270">
    <p class='ocr_par' dir='ltr' id='par_1_29' title="bbox 1882 1198 3471 1270">
     <span class='ocr_line' id='line_1_29' title="bbox 1882 1198 3471 1270; baseline -0.001 -15"><span class='ocrx_word' id='word_1_174' title='bbox 1882 1198 2135 1256; x_wconf 87' lang='lat' dir='ltr'><strong>Attamen</strong></span> <span class='ocrx_word' id='word_1_175' title='bbox 2175 1202 2350 1255; x_wconf 86' lang='lat' dir='ltr'><strong>beatos</strong></span> <span class='ocrx_word' id='word_1_176' title='bbox 2389 1216 2518 1263; x_wconf 81' lang='lat' dir='ltr'><strong>esse,</strong></span> <span class='ocrx_word' id='word_1_177' title='bbox 2566 1199 2794 1255; x_wconf 89' lang='lat' dir='ltr'><strong>Domino</strong></span> <span class='ocrx_word' id='word_1_178' title='bbox 2831 1200 3064 1265; x_wconf 87' lang='lat' dir='ltr'><strong>dicente,</strong></span> <span class='ocrx_word' id='word_1_179' title='bbox 3093 1198 3341 1266; x_wconf 76' lang='lat' dir='ltr'><strong>legimus,</strong></span> <span class='ocrx_word' id='word_1_180' title='bbox 3380 1199 3471 1270; x_wconf 88' lang='lat' dir='ltr'><strong>qui</strong></span> 
     </span>
    </p>
   </div>
   <div class='ocr_carea' id='block_1_30' title="bbox 1883 1288 3472 1360">
    <p class='ocr_par' dir='ltr' id='par_1_30' title="bbox 1883 1288 3472 1360">
     <span class='ocr_line' id='line_1_30' title="bbox 1883 1288 3472 1360; baseline 0 -17"><span class='ocrx_word' id='word_1_181' title='bbox 1883 1290 2288 1360; x_wconf 81' lang='lat' dir='ltr'><strong>persecutionem</strong></span> <span class='ocrx_word' id='word_1_182' title='bbox 2331 1289 2602 1359; x_wconf 83' lang='lat' dir='ltr'><strong>patiuntur</strong></span> <span class='ocrx_word' id='word_1_183' title='bbox 2644 1298 2853 1359; x_wconf 81' lang='lat' dir='ltr'><strong>propter</strong></span> <span class='ocrx_word' id='word_1_184' title='bbox 2892 1288 3183 1358; x_wconf 78' lang='lat' dir='ltr'><strong>justitiam,</strong></span> <span class='ocrx_word' id='word_1_185' title='bbox 3224 1289 3472 1359; x_wconf 85' lang='lat' dir='ltr'><strong>quoniam</strong></span> 
     </span>
    </p>
   </div>
   <div class='ocr_carea' id='block_1_31' title="bbox 1887 1375 3475 1449">
    <p class='ocr_par' dir='ltr' id='par_1_31' title="bbox 1887 1375 3475 1449">
     <span class='ocr_line' id='line_1_31' title="bbox 1887 1375 3475 1449; baseline -0.001 -18"><span class='ocrx_word' id='word_1_186' title='bbox 1887 1378 2118 1449; x_wconf 73' lang='lat' dir='ltr'><strong>ipsorum</strong></span> <span class='ocrx_word' id='word_1_187' title='bbox 2158 1386 2231 1431; x_wconf 79' lang='lat' dir='ltr'><strong>est</strong></span> <span class='ocrx_word' id='word_1_188' title='bbox 2277 1394 2489 1448; x_wconf 85' lang='lat' dir='ltr'><strong>regnum</strong></span> <span class='ocrx_word' id='word_1_189' title='bbox 2533 1375 2779 1431; x_wconf 73' lang='lat' dir='ltr'><strong>caelorum</strong></span> <span class='ocrx_word' id='word_1_190' title='bbox 2822 1375 3037 1448; x_wconf 72' lang='lat' dir='ltr'><strong>(Matth.</strong></span> <span class='ocrx_word' id='word_1_191' title='bbox 3081 1392 3135 1442; x_wconf 89' lang='lat' dir='ltr'><strong>v,</strong></span> <span class='ocrx_word' id='word_1_192' title='bbox 3180 1377 3286 1442; x_wconf 84' lang='lat' dir='ltr'><strong>IO).</strong></span> <span class='ocrx_word' id='word_1_193' title='bbox 3331 1375 3475 1443; x_wconf 84' lang='lat' dir='ltr'><strong>Qua-</strong></span> 
     </span>
    </p>
   </div>
   <div class='ocr_carea' id='block_1_32' title="bbox 1887 1466 3475 1539">
    <p class='ocr_par' dir='ltr' id='par_1_32' title="bbox 1887 1466 3475 1539">
     <span class='ocr_line' id='line_1_32' title="bbox 1887 1466 3475 1539; baseline -0.001 -18"><span class='ocrx_word' id='word_1_194' title='bbox 1887 1477 2110 1539; x_wconf 88' lang='lat' dir='ltr'><strong>propter</strong></span> <span class='ocrx_word' id='word_1_195' title='bbox 2136 1468 2332 1523; x_wconf 84' lang='lat' dir='ltr'><strong>suadeo</strong></span> <span class='ocrx_word' id='word_1_196' title='bbox 2362 1468 2493 1530; x_wconf 91' lang='lat' dir='ltr'><strong>tibi,</strong></span> <span class='ocrx_word' id='word_1_197' title='bbox 2522 1466 2690 1521; x_wconf 79' lang='lat' dir='ltr'><strong>frater</strong></span> <span class='ocrx_word' id='word_1_198' title='bbox 2720 1466 3049 1521; x_wconf 86' lang='lat' dir='ltr'><strong>venerande!</strong></span> <span class='ocrx_word' id='word_1_199' title='bbox 3084 1474 3144 1520; x_wconf 91' lang='lat' dir='ltr'><strong>nt</strong></span> <span class='ocrx_word' id='word_1_200' title='bbox 3169 1466 3393 1521; x_wconf 80' lang='lat' dir='ltr'><strong>viriliter</strong></span> <span class='ocrx_word' id='word_1_201' title='bbox 3420 1466 3475 1520; x_wconf 91' lang='lat' dir='ltr'><strong>in</strong></span> 
     </span>
    </p>
   </div>
   <div class='ocr_carea' id='block_1_33' title="bbox 1890 1557 3477 1631">
    <p class='ocr_par' dir='ltr' id='par_1_33' title="bbox 1890 1557 3477 1631">
     <span class='ocr_line' id='line_1_33' title="bbox 1890 1557 3477 1631; baseline 0.001 -17"><span class='ocrx_word' id='word_1_202' title='bbox 1890 1559 1996 1615; x_wconf 85' lang='lat' dir='ltr'><strong>ﬁde</strong></span> <span class='ocrx_word' id='word_1_203' title='bbox 2026 1560 2229 1631; x_wconf 71' lang='lat' dir='ltr'><strong>integra</strong></span> <span class='ocrx_word' id='word_1_204' title='bbox 2260 1567 2316 1614; x_wconf 92' lang='lat' dir='ltr'><strong>et</strong></span> <span class='ocrx_word' id='word_1_205' title='bbox 2347 1560 2628 1614; x_wconf 85' lang='lat' dir='ltr'><strong>devotione</strong></span> <span class='ocrx_word' id='word_1_206' title='bbox 2666 1557 3017 1628; x_wconf 81' lang='lat' dir='ltr'><strong>infatigabili,</strong></span> <span class='ocrx_word' id='word_1_207' title='bbox 3046 1575 3143 1629; x_wconf 91' lang='lat' dir='ltr'><strong>pro</strong></span> <span class='ocrx_word' id='word_1_208' title='bbox 3174 1559 3477 1615; x_wconf 82' lang='lat' dir='ltr'><strong>commissis</strong></span> 
     </span>
    </p>
   </div>
   <div class='ocr_carea' id='block_1_34' title="bbox 1893 1650 3479 1716">
    <p class='ocr_par' dir='ltr' id='par_1_34' title="bbox 1893 1650 3479 1716">
     <span class='ocr_line' id='line_1_34' title="bbox 1893 1650 3479 1716; baseline 0.002 -12"><span class='ocrx_word' id='word_1_209' title='bbox 1893 1650 1991 1705; x_wconf 90' lang='lat' dir='ltr'><strong>tibi</strong></span> <span class='ocrx_word' id='word_1_210' title='bbox 2016 1666 2046 1704; x_wconf 94' lang='lat' dir='ltr'><strong>a</strong></span> <span class='ocrx_word' id='word_1_211' title='bbox 2075 1651 2293 1705; x_wconf 87' lang='lat' dir='ltr'><strong>Christo</strong></span> <span class='ocrx_word' id='word_1_212' title='bbox 2314 1652 2505 1706; x_wconf 85' lang='lat' dir='ltr'><strong>ovibus</strong></span> <span class='ocrx_word' id='word_1_213' title='bbox 2525 1658 2735 1705; x_wconf 88' lang='lat' dir='ltr'><strong>certare</strong></span> <span class='ocrx_word' id='word_1_214' title='bbox 2756 1666 2863 1704; x_wconf 90' lang='lat' dir='ltr'><strong>non</strong></span> <span class='ocrx_word' id='word_1_215' title='bbox 2888 1664 3086 1716; x_wconf 89' lang='lat' dir='ltr'><strong>cesses,</strong></span> <span class='ocrx_word' id='word_1_216' title='bbox 3110 1665 3177 1704; x_wconf 92' lang='lat' dir='ltr'><strong>ne</strong></span> <span class='ocrx_word' id='word_1_217' title='bbox 3203 1666 3479 1706; x_wconf 63' lang='lat' dir='ltr'><strong>mercenav</strong></span> 
     </span>
    </p>
   </div>
   <div class='ocr_carea' id='block_1_35' title="bbox 1893 1742 3585 1815">
    <p class='ocr_par' dir='ltr' id='par_1_35' title="bbox 1893 1742 3585 1815">
     <span class='ocr_line' id='line_1_35' title="bbox 1893 1742 3585 1815; baseline 0.001 -18"><span class='ocrx_word' id='word_1_218' title='bbox 1893 1743 2007 1798; x_wconf 91' lang='lat' dir='ltr'><strong>rius</strong></span> <span class='ocrx_word' id='word_1_219' title='bbox 2031 1743 2262 1814; x_wconf 79' lang='lat' dir='ltr'><strong>fugiens,</strong></span> <span class='ocrx_word' id='word_1_220' title='bbox 2292 1753 2347 1798; x_wconf 87' lang='lat' dir='ltr'><strong>et</strong></span> <span class='ocrx_word' id='word_1_221' title='bbox 2372 1760 2477 1800; x_wconf 82' lang='lat' dir='ltr'><strong>non</strong></span> <span class='ocrx_word' id='word_1_222' title='bbox 2512 1752 2697 1814; x_wconf 88' lang='lat' dir='ltr'><strong>pastor</strong></span> <span class='ocrx_word' id='word_1_223' title='bbox 2718 1744 2910 1798; x_wconf 87' lang='lat' dir='ltr'><strong>ﬁrmus</strong></span> <span class='ocrx_word' id='word_1_224' title='bbox 2930 1744 2998 1798; x_wconf 92' lang='lat' dir='ltr'><strong>ab</strong></span> <span class='ocrx_word' id='word_1_225' title='bbox 3025 1744 3140 1815; x_wconf 88' lang='lat' dir='ltr'><strong>ipso</strong></span> <span class='ocrx_word' id='word_1_226' title='bbox 3177 1742 3405 1799; x_wconf 87' lang='lat' dir='ltr'><strong>Domino</strong></span> <span class='ocrx_word' id='word_1_227' title='bbox 3425 1752 3482 1799; x_wconf 89' lang='lat' dir='ltr'><strong>et</strong></span> <span class='ocrx_word' id='word_1_228' title='bbox 3578 1802 3585 1805; x_wconf 64' lang='grc'><em>,</em></span> 
     </span>
    </p>
   </div>
   <div class='ocr_carea' id='block_1_36' title="bbox 204 1818 1799 1924">
    <p class='ocr_par' dir='ltr' id='par_1_36' title="bbox 204 1818 1791 1924">
     <span class='ocr_line' id='line_1_36' title="bbox 204 1818 1791 1924; baseline -0.006 -15"><span class='ocrx_word' id='word_1_229' title='bbox 204 1855 348 1917; x_wconf 67' lang='lat' dir='ltr'><strong>culte,</strong></span> <span class='ocrx_word' id='word_1_230' title='bbox 393 1869 516 1924; x_wconf 76' lang='lat' dir='ltr'><strong>qua:</strong></span> <span class='ocrx_word' id='word_1_231' title='bbox 551 1853 890 1906; x_wconf 64' lang='lat' dir='ltr'><strong>adhaeserunt</strong></span> <span class='ocrx_word' id='word_1_232' title='bbox 930 1818 1006 1904; x_wconf 81' lang='lat' dir='ltr'><strong>illi</strong></span> <span class='ocrx_word' id='word_1_233' title='bbox 1031 1865 1098 1904; x_wconf 80' lang='lat' dir='ltr'><strong>ex</strong></span> <span class='ocrx_word' id='word_1_234' title='bbox 1136 1850 1239 1904; x_wconf 91' lang='lat' dir='ltr'><strong>hac</strong></span> <span class='ocrx_word' id='word_1_235' title='bbox 1280 1848 1539 1903; x_wconf 91' lang='lat' dir='ltr'><strong>lutulenta</strong></span> <span class='ocrx_word' id='word_1_236' title='bbox 1581 1848 1791 1903; x_wconf 84' lang='lat' dir='ltr'><strong>habita-</strong></span> 
     </span>
    </p>
   </div>
   <div class='ocr_carea' id='block_1_37' title="bbox 1902 1818 3001 1924">
    <p class='ocr_par' dir='ltr' id='par_1_37' title="bbox 1902 1833 3001 1905">
     <span class='ocr_line' id='line_1_37' title="bbox 1902 1833 3001 1905; baseline 0.001 -18"><span class='ocrx_word' id='word_1_237' title='bbox 1902 1841 2111 1903; x_wconf 85' lang='lat' dir='ltr'><strong>pastore</strong></span> <span class='ocrx_word' id='word_1_238' title='bbox 2138 1833 2377 1887; x_wconf 91' lang='lat' dir='ltr'><strong>omnium</strong></span> <span class='ocrx_word' id='word_1_239' title='bbox 2407 1835 2680 1904; x_wconf 85' lang='lat' dir='ltr'><strong>deputeris</strong></span> <span class='ocrx_word' id='word_1_240' title='bbox 2710 1834 2891 1905; x_wconf 86' lang='lat' dir='ltr'><strong>(Joan.</strong></span> <span class='ocrx_word' id='word_1_241' title='bbox 2922 1833 3001 1904; x_wconf 87' lang='lat' dir='ltr'><strong>x).</strong></span> 
     </span>
    </p>
   </div>
   <div class='ocr_carea' id='block_1_38' title="bbox 203 1939 1787 2013">
    <p class='ocr_par' dir='ltr' id='par_1_38' title="bbox 203 1939 1787 2013">
     <span class='ocr_line' id='line_1_38' title="bbox 203 1939 1787 2013; baseline -0.003 -15"><span class='ocrx_word' id='word_1_242' title='bbox 203 1945 343 1999; x_wconf 89' lang='lat' dir='ltr'><strong>tione</strong></span> <span class='ocrx_word' id='word_1_243' title='bbox 390 1942 715 2013; x_wconf 89' lang='lat' dir='ltr'><strong>corpusculi,</strong></span> <span class='ocrx_word' id='word_1_244' title='bbox 764 1941 1002 1996; x_wconf 87' lang='lat' dir='ltr'><strong>fraterna</strong></span> <span class='ocrx_word' id='word_1_245' title='bbox 1047 1941 1432 1995; x_wconf 88' lang='lat' dir='ltr'><strong>intercessione</strong></span> <span class='ocrx_word' id='word_1_246' title='bbox 1482 1939 1787 1994; x_wconf 78' lang='lat' dir='ltr'><strong>abluantur.</strong></span> 
     </span>
    </p>
   </div>
   <div class='ocr_carea' id='block_1_39' title="bbox 205 2030 1790 2106">
    <p class='ocr_par' dir='ltr' id='par_1_39' title="bbox 205 2030 1790 2106">
     <span class='ocr_line' id='line_1_39' title="bbox 205 2030 1790 2106; baseline -0.003 -15"><span class='ocrx_word' id='word_1_247' title='bbox 205 2035 306 2091; x_wconf 86' lang='lat' dir='ltr'><strong>Sed</strong></span> <span class='ocrx_word' id='word_1_248' title='bbox 335 2045 394 2092; x_wconf 90' lang='lat' dir='ltr'><strong>et</strong></span> <span class='ocrx_word' id='word_1_249' title='bbox 432 2044 554 2106; x_wconf 88' lang='lat' dir='ltr'><strong>post</strong></span> <span class='ocrx_word' id='word_1_250' title='bbox 590 2035 727 2089; x_wconf 89' lang='lat' dir='ltr'><strong>hanc</strong></span> <span class='ocrx_word' id='word_1_251' title='bbox 755 2034 1205 2103; x_wconf 87' lang='lat' dir='ltr'><strong>eonscriptionem</strong></span> <span class='ocrx_word' id='word_1_252' title='bbox 1245 2030 1438 2087; x_wconf 78' lang='lat' dir='ltr'><strong>anima:</strong></span> <span class='ocrx_word' id='word_1_253' title='bbox 1467 2048 1601 2088; x_wconf 70' lang='lat' dir='ltr'><strong>mea:</strong></span> <span class='ocrx_word' id='word_1_254' title='bbox 1629 2033 1790 2087; x_wconf 90' lang='lat' dir='ltr'><strong>etiam</strong></span> 
     </span>
    </p>
   </div>
   <div class='ocr_carea' id='block_1_40' title="bbox 200 2124 1793 2195">
    <p class='ocr_par' dir='ltr' id='par_1_40' title="bbox 200 2124 1793 2195">
     <span class='ocr_line' id='line_1_40' title="bbox 200 2124 1793 2195; baseline 0 -15"><span class='ocrx_word' id='word_1_255' title='bbox 200 2141 392 2182; x_wconf 91' lang='lat' dir='ltr'><strong>omnes</strong></span> <span class='ocrx_word' id='word_1_256' title='bbox 422 2126 558 2181; x_wconf 90' lang='lat' dir='ltr'><strong>ﬁlios</strong></span> <span class='ocrx_word' id='word_1_257' title='bbox 585 2141 754 2191; x_wconf 86' lang='lat' dir='ltr'><strong>meos,</strong></span> <span class='ocrx_word' id='word_1_258' title='bbox 781 2124 977 2181; x_wconf 88' lang='lat' dir='ltr'><strong>fratres</strong></span> <span class='ocrx_word' id='word_1_259' title='bbox 1002 2133 1056 2180; x_wconf 91' lang='lat' dir='ltr'><strong>et</strong></span> <span class='ocrx_word' id='word_1_260' title='bbox 1079 2125 1303 2190; x_wconf 90' lang='lat' dir='ltr'><strong>amicos,</strong></span> <span class='ocrx_word' id='word_1_261' title='bbox 1330 2124 1444 2179; x_wconf 89' lang='lat' dir='ltr'><strong>sive</strong></span> <span class='ocrx_word' id='word_1_262' title='bbox 1465 2125 1557 2195; x_wconf 86' lang='lat' dir='ltr'><strong>qui</strong></span> <span class='ocrx_word' id='word_1_263' title='bbox 1582 2141 1793 2180; x_wconf 90' lang='lat' dir='ltr'><strong>mecum</strong></span> 
     </span>
    </p>
   </div>
   <div class='ocr_carea' id='block_1_41' title="bbox 202 2214 1795 2286">
    <p class='ocr_par' dir='ltr' id='par_1_41' title="bbox 202 2214 1795 2286">
     <span class='ocr_line' id='line_1_41' title="bbox 202 2214 1795 2286; baseline 0 -17"><span class='ocrx_word' id='word_1_264' title='bbox 202 2223 326 2269; x_wconf 85' lang='lat' dir='ltr'><strong>sunt</strong></span> <span class='ocrx_word' id='word_1_265' title='bbox 356 2216 412 2269; x_wconf 89' lang='lat' dir='ltr'><strong>in</strong></span> <span class='ocrx_word' id='word_1_266' title='bbox 434 2214 883 2286; x_wconf 87' lang='lat' dir='ltr'><strong>peregrinatione,</strong></span> <span class='ocrx_word' id='word_1_267' title='bbox 911 2216 1023 2271; x_wconf 85' lang='lat' dir='ltr'><strong>sive</strong></span> <span class='ocrx_word' id='word_1_268' title='bbox 1049 2216 1139 2284; x_wconf 88' lang='lat' dir='ltr'><strong>qui</strong></span> <span class='ocrx_word' id='word_1_269' title='bbox 1165 2224 1340 2270; x_wconf 91' lang='lat' dir='ltr'><strong>tecum</strong></span> <span class='ocrx_word' id='word_1_270' title='bbox 1367 2230 1586 2270; x_wconf 90' lang='lat' dir='ltr'><strong>versare</strong></span> <span class='ocrx_word' id='word_1_271' title='bbox 1610 2216 1795 2270; x_wconf 86' lang='lat' dir='ltr'><strong>viden-</strong></span> 
     </span>
    </p>
   </div>
   <div class='ocr_carea' id='block_1_42' title="bbox 201 2302 1798 2374">
    <p class='ocr_par' dir='ltr' id='par_1_42' title="bbox 201 2302 1798 2374">
     <span class='ocr_line' id='line_1_42' title="bbox 201 2302 1798 2374; baseline 0.001 -19"><span class='ocrx_word' id='word_1_272' title='bbox 201 2309 289 2357; x_wconf 89' lang='lat' dir='ltr'><strong>tur</strong></span> <span class='ocrx_word' id='word_1_273' title='bbox 319 2302 378 2361; x_wconf 90' lang='lat' dir='ltr'><strong>iu</strong></span> <span class='ocrx_word' id='word_1_274' title='bbox 415 2303 612 2374; x_wconf 88' lang='lat' dir='ltr'><strong>patria,</strong></span> <span class='ocrx_word' id='word_1_275' title='bbox 658 2311 764 2358; x_wconf 71' lang='lat' dir='ltr'><strong>tute</strong></span> <span class='ocrx_word' id='word_1_276' title='bbox 804 2304 1122 2358; x_wconf 91' lang='lat' dir='ltr'><strong>commendo</strong></span> <span class='ocrx_word' id='word_1_277' title='bbox 1159 2302 1583 2374; x_wconf 66' lang='lat' dir='ltr'><strong>diligentissima:</strong></span> <span class='ocrx_word' id='word_1_278' title='bbox 1630 2304 1798 2359; x_wconf 90' lang='lat' dir='ltr'><strong>ﬁdeli-</strong></span> 
     </span>
    </p>
   </div>
   <div class='ocr_carea' id='block_1_43' title="bbox 200 2392 1792 2462">
    <p class='ocr_par' dir='ltr' id='par_1_43' title="bbox 200 2392 1792 2462">
     <span class='ocr_line' id='line_1_43' title="bbox 200 2392 1792 2462; baseline 0 -16"><span class='ocrx_word' id='word_1_279' title='bbox 200 2393 324 2456; x_wconf 82' lang='lat' dir='ltr'><strong>tati,</strong></span> <span class='ocrx_word' id='word_1_280' title='bbox 348 2400 413 2448; x_wconf 94' lang='lat' dir='ltr'><strong>ut</strong></span> <span class='ocrx_word' id='word_1_281' title='bbox 436 2393 637 2448; x_wconf 83' lang='lat' dir='ltr'><strong>habeas</strong></span> <span class='ocrx_word' id='word_1_282' title='bbox 664 2392 782 2447; x_wconf 91' lang='lat' dir='ltr'><strong>illos</strong></span> <span class='ocrx_word' id='word_1_283' title='bbox 800 2393 952 2462; x_wconf 87' lang='lat' dir='ltr'><strong>quasi</strong></span> <span class='ocrx_word' id='word_1_284' title='bbox 975 2394 1244 2462; x_wconf 91' lang='lat' dir='ltr'><strong>proprios,</strong></span> <span class='ocrx_word' id='word_1_285' title='bbox 1270 2402 1325 2447; x_wconf 91' lang='lat' dir='ltr'><strong>et</strong></span> <span class='ocrx_word' id='word_1_286' title='bbox 1348 2409 1455 2447; x_wconf 90' lang='lat' dir='ltr'><strong>non</strong></span> <span class='ocrx_word' id='word_1_287' title='bbox 1484 2400 1792 2447; x_wconf 83' lang='lat' dir='ltr'><strong>extraneos.</strong></span> 
     </span>
    </p>
   </div>
   <div class='ocr_carea' id='block_1_44' title="bbox 193 2481 1796 2553">
    <p class='ocr_par' dir='ltr' id='par_1_44' title="bbox 193 2481 1796 2553">
     <span class='ocr_line' id='line_1_44' title="bbox 193 2481 1796 2553; baseline 0.001 -18"><span class='ocrx_word' id='word_1_288' title='bbox 193 2481 283 2538; x_wconf 83' lang='lat' dir='ltr'><strong>Ad</strong></span> <span class='ocrx_word' id='word_1_289' title='bbox 313 2490 375 2537; x_wconf 87' lang='lat' dir='ltr'><strong>te</strong></span> <span class='ocrx_word' id='word_1_290' title='bbox 401 2482 689 2551; x_wconf 87' lang='lat' dir='ltr'><strong>respiciant</strong></span> <span class='ocrx_word' id='word_1_291' title='bbox 711 2497 919 2546; x_wconf 90' lang='lat' dir='ltr'><strong>omnes,</strong></span> <span class='ocrx_word' id='word_1_292' title='bbox 951 2482 1006 2536; x_wconf 90' lang='lat' dir='ltr'><strong>in</strong></span> <span class='ocrx_word' id='word_1_293' title='bbox 1030 2490 1085 2537; x_wconf 89' lang='lat' dir='ltr'><strong>te</strong></span> <span class='ocrx_word' id='word_1_294' title='bbox 1111 2484 1411 2553; x_wconf 89' lang='lat' dir='ltr'><strong>gaudeant,</strong></span> <span class='ocrx_word' id='word_1_295' title='bbox 1443 2484 1497 2537; x_wconf 92' lang='lat' dir='ltr'><strong>in</strong></span> <span class='ocrx_word' id='word_1_296' title='bbox 1524 2490 1578 2537; x_wconf 92' lang='lat' dir='ltr'><strong>te</strong></span> <span class='ocrx_word' id='word_1_297' title='bbox 1602 2498 1796 2537; x_wconf 90' lang='lat' dir='ltr'><strong>conso-</strong></span> 
     </span>
    </p>
   </div>
   <div class='ocr_carea' id='block_1_45' title="bbox 194 2571 1801 2643">
    <p class='ocr_par' dir='ltr' id='par_1_45' title="bbox 194 2571 1801 2643">
     <span class='ocr_line' id='line_1_45' title="bbox 194 2571 1801 2643; baseline 0.001 -16"><span class='ocrx_word' id='word_1_298' title='bbox 194 2572 470 2627; x_wconf 90' lang='lat' dir='ltr'><strong>lationem</strong></span> <span class='ocrx_word' id='word_1_299' title='bbox 498 2574 749 2638; x_wconf 84' lang='lat' dir='ltr'><strong>habeant,</strong></span> <span class='ocrx_word' id='word_1_300' title='bbox 777 2580 830 2628; x_wconf 90' lang='lat' dir='ltr'><strong>te</strong></span> <span class='ocrx_word' id='word_1_301' title='bbox 854 2574 1118 2628; x_wconf 89' lang='lat' dir='ltr'><strong>honorent</strong></span> <span class='ocrx_word' id='word_1_302' title='bbox 1144 2574 1298 2643; x_wconf 88' lang='lat' dir='ltr'><strong>quasi</strong></span> <span class='ocrx_word' id='word_1_303' title='bbox 1327 2581 1565 2643; x_wconf 87' lang='lat' dir='ltr'><strong>patrem;</strong></span> <span class='ocrx_word' id='word_1_304' title='bbox 1594 2580 1649 2626; x_wconf 93' lang='lat' dir='ltr'><strong>tu</strong></span> <span class='ocrx_word' id='word_1_305' title='bbox 1680 2571 1801 2627; x_wconf 86' lang='lat' dir='ltr'><strong>illos</strong></span> 
     </span>
    </p>
   </div>
   <div class='ocr_carea' id='block_1_46' title="bbox 120 2649 1801 2731">
    <p class='ocr_par' dir='ltr' id='par_1_46' title="bbox 120 2649 1801 2731">
     <span class='ocr_line' id='line_1_46' title="bbox 120 2649 1801 2731; baseline 0 -18"><span class='ocrx_word' id='word_1_306' title='bbox 120 2708 125 2713; x_wconf 88' lang='lat'><strong>.</strong></span> <span class='ocrx_word' id='word_1_307' title='bbox 200 2675 329 2714; x_wconf 87' lang='lat' dir='ltr'><strong>ama</strong></span> <span class='ocrx_word' id='word_1_308' title='bbox 363 2661 520 2730; x_wconf 90' lang='lat' dir='ltr'><strong>quasi</strong></span> <span class='ocrx_word' id='word_1_309' title='bbox 544 2661 700 2725; x_wconf 87' lang='lat' dir='ltr'><strong>filios,</strong></span> <span class='ocrx_word' id='word_1_310' title='bbox 729 2670 789 2715; x_wconf 95' lang='lat' dir='ltr'><strong>ut</strong></span> <span class='ocrx_word' id='word_1_311' title='bbox 816 2662 886 2716; x_wconf 91' lang='lat' dir='ltr'><strong>sit</strong></span> <span class='ocrx_word' id='word_1_312' title='bbox 908 2677 1013 2716; x_wconf 91' lang='lat' dir='ltr'><strong>una</strong></span> <span class='ocrx_word' id='word_1_313' title='bbox 1037 2678 1142 2731; x_wconf 91' lang='lat' dir='ltr'><strong>pax</strong></span> <span class='ocrx_word' id='word_1_314' title='bbox 1169 2649 1410 2717; x_wconf 88' lang='lat' dir='ltr'><strong>omnium</strong></span> <span class='ocrx_word' id='word_1_315' title='bbox 1434 2668 1489 2716; x_wconf 92' lang='lat' dir='ltr'><strong>et</strong></span> <span class='ocrx_word' id='word_1_316' title='bbox 1516 2659 1801 2716; x_wconf 85' lang='lat' dir='ltr'><strong>concordia</strong></span> 
     </span>
    </p>
   </div>
   <div class='ocr_carea' id='block_1_47' title="bbox 204 2750 1802 2830">
    <p class='ocr_par' dir='ltr' id='par_1_47' title="bbox 204 2750 1802 2830">
     <span class='ocr_line' id='line_1_47' title="bbox 204 2750 1802 2830; baseline 0 -25"><span class='ocrx_word' id='word_1_317' title='bbox 204 2750 259 2805; x_wconf 88' lang='lat' dir='ltr'><strong>in</strong></span> <span class='ocrx_word' id='word_1_318' title='bbox 296 2750 571 2830; x_wconf 77' lang='lat' dir='ltr'><strong>charitate</strong></span> <span class='ocrx_word' id='word_1_319' title='bbox 598 2750 822 2817; x_wconf 88' lang='lat' dir='ltr'><strong>Christi,</strong></span> <span class='ocrx_word' id='word_1_320' title='bbox 869 2751 960 2820; x_wconf 90' lang='lat' dir='ltr'><strong>qui</strong></span> <span class='ocrx_word' id='word_1_321' title='bbox 1000 2767 1095 2806; x_wconf 91' lang='lat' dir='ltr'><strong>vos</strong></span> <span class='ocrx_word' id='word_1_322' title='bbox 1136 2767 1324 2806; x_wconf 91' lang='lat' dir='ltr'><strong>omnes</strong></span> <span class='ocrx_word' id='word_1_323' title='bbox 1366 2751 1421 2805; x_wconf 91' lang='lat' dir='ltr'><strong>in</strong></span> <span class='ocrx_word' id='word_1_324' title='bbox 1466 2766 1560 2805; x_wconf 92' lang='lat' dir='ltr'><strong>sua</strong></span> <span class='ocrx_word' id='word_1_325' title='bbox 1606 2765 1802 2822; x_wconf 87' lang='lat' dir='ltr'><strong>magna</strong></span> 
     </span>
    </p>
   </div>
   <div class='ocr_carea' id='block_1_48' title="bbox 203 2840 1803 2911">
    <p class='ocr_par' dir='ltr' id='par_1_48' title="bbox 203 2840 1803 2911">
     <span class='ocr_line' id='line_1_48' title="bbox 203 2840 1803 2911; baseline 0.001 -16"><span class='ocrx_word' id='word_1_326' title='bbox 203 2841 413 2911; x_wconf 88' lang='lat' dir='ltr'><strong>pietate</strong></span> <span class='ocrx_word' id='word_1_327' title='bbox 437 2848 491 2894; x_wconf 91' lang='lat' dir='ltr'><strong>et</strong></span> <span class='ocrx_word' id='word_1_328' title='bbox 512 2840 879 2897; x_wconf 87' lang='lat' dir='ltr'><strong>misericordia</strong></span> <span class='ocrx_word' id='word_1_329' title='bbox 901 2842 1107 2897; x_wconf 77' lang='lat' dir='ltr'><strong>ctelesti</strong></span> <span class='ocrx_word' id='word_1_330' title='bbox 1131 2842 1504 2898; x_wconf 89' lang='lat' dir='ltr'><strong>benedictione</strong></span> <span class='ocrx_word' id='word_1_331' title='bbox 1529 2842 1803 2897; x_wconf 88' lang='lat' dir='ltr'><strong>abundare</strong></span> 
     </span>
    </p>
   </div>
   <div class='ocr_carea' id='block_1_49' title="bbox 206 2930 1803 3004">
    <p class='ocr_par' dir='ltr' id='par_1_49' title="bbox 206 2930 1803 3004">
     <span class='ocr_line' id='line_1_49' title="bbox 206 2930 1803 3004; baseline 0.001 -19"><span class='ocrx_word' id='word_1_332' title='bbox 206 2930 397 2997; x_wconf 85' lang='lat' dir='ltr'><strong>faciat,</strong></span> <span class='ocrx_word' id='word_1_333' title='bbox 439 2940 704 3002; x_wconf 85' lang='lat' dir='ltr'><strong>protegat,</strong></span> <span class='ocrx_word' id='word_1_334' title='bbox 745 2943 917 3004; x_wconf 86' lang='lat' dir='ltr'><strong>regat,</strong></span> <span class='ocrx_word' id='word_1_335' title='bbox 957 2941 1120 3003; x_wconf 90' lang='lat' dir='ltr'><strong>atque</strong></span> <span class='ocrx_word' id='word_1_336' title='bbox 1156 2935 1439 3004; x_wconf 85' lang='lat' dir='ltr'><strong>gubernet,</strong></span> <span class='ocrx_word' id='word_1_337' title='bbox 1476 2943 1530 2989; x_wconf 91' lang='lat' dir='ltr'><strong>et</strong></span> <span class='ocrx_word' id='word_1_338' title='bbox 1569 2933 1623 2988; x_wconf 89' lang='lat' dir='ltr'><strong>in</strong></span> <span class='ocrx_word' id='word_1_339' title='bbox 1657 2932 1803 2988; x_wconf 90' lang='lat' dir='ltr'><strong>omni</strong></span> 
     </span>
    </p>
   </div>
   <div class='ocr_carea' id='block_1_50' title="bbox 208 3024 1796 3096">
    <p class='ocr_par' dir='ltr' id='par_1_50' title="bbox 208 3024 1796 3096">
     <span class='ocr_line' id='line_1_50' title="bbox 208 3024 1796 3096; baseline -0.001 -17"><span class='ocrx_word' id='word_1_340' title='bbox 208 3025 453 3079; x_wconf 87' lang='lat' dir='ltr'><strong>bonitate</strong></span> <span class='ocrx_word' id='word_1_341' title='bbox 480 3025 740 3094; x_wconf 88' lang='lat' dir='ltr'><strong>proﬁcere</strong></span> <span class='ocrx_word' id='word_1_342' title='bbox 768 3024 931 3080; x_wconf 88' lang='lat' dir='ltr'><strong>faciat</strong></span> <span class='ocrx_word' id='word_1_343' title='bbox 957 3025 1024 3079; x_wconf 91' lang='lat' dir='ltr'><strong>ad</strong></span> <span class='ocrx_word' id='word_1_344' title='bbox 1049 3033 1396 3096; x_wconf 84' lang='lat' dir='ltr'><strong>augmentum</strong></span> <span class='ocrx_word' id='word_1_345' title='bbox 1424 3024 1619 3080; x_wconf 89' lang='lat' dir='ltr'><strong>mentis</strong></span> <span class='ocrx_word' id='word_1_346' title='bbox 1644 3041 1796 3092; x_wconf 74' lang='lat' dir='ltr'><strong>mem,</strong></span> 
     </span>
    </p>
   </div>
   <div class='ocr_carea' id='block_1_51' title="bbox 209 3114 1797 3185">
    <p class='ocr_par' dir='ltr' id='par_1_51' title="bbox 209 3114 1797 3185">
     <span class='ocr_line' id='line_1_51' title="bbox 209 3114 1797 3185; baseline 0 -16"><span class='ocrx_word' id='word_1_347' title='bbox 209 3123 263 3169; x_wconf 89' lang='lat' dir='ltr'><strong>et</strong></span> <span class='ocrx_word' id='word_1_348' title='bbox 286 3116 596 3185; x_wconf 74' lang='lat' dir='ltr'><strong>profectum</strong></span> <span class='ocrx_word' id='word_1_349' title='bbox 627 3115 816 3171; x_wconf 88' lang='lat' dir='ltr'><strong>salutis</strong></span> <span class='ocrx_word' id='word_1_350' title='bbox 842 3124 1059 3180; x_wconf 72' lang='lat' dir='ltr'><strong>vestrm,</strong></span> <span class='ocrx_word' id='word_1_351' title='bbox 1089 3115 1156 3169; x_wconf 89' lang='lat' dir='ltr'><strong>ad</strong></span> <span class='ocrx_word' id='word_1_352' title='bbox 1185 3115 1563 3169; x_wconf 84' lang='lat' dir='ltr'><strong>exaltationem</strong></span> <span class='ocrx_word' id='word_1_353' title='bbox 1599 3114 1797 3169; x_wconf 87' lang='lat' dir='ltr'><strong>multo-</strong></span> 
     </span>
    </p>
   </div>
   <div class='ocr_carea' id='block_1_52' title="bbox 99 3204 1800 3285">
    <p class='ocr_par' dir='ltr' id='par_1_52' title="bbox 99 3204 1800 3285">
     <span class='ocr_line' id='line_1_52' title="bbox 99 3204 1800 3285; baseline -0.001 -24"><span class='ocrx_word' id='word_1_354' title='bbox 99 3270 111 3285; x_wconf 47' lang='lat'><strong>.</strong></span> <span class='ocrx_word' id='word_1_355' title='bbox 210 3220 347 3270; x_wconf 83' lang='lat' dir='ltr'><strong>rum,</strong></span> <span class='ocrx_word' id='word_1_356' title='bbox 393 3216 661 3277; x_wconf 88' lang='lat' dir='ltr'><strong>quatenus</strong></span> <span class='ocrx_word' id='word_1_357' title='bbox 703 3204 917 3277; x_wconf 88' lang='lat' dir='ltr'><strong>plurimi</strong></span> <span class='ocrx_word' id='word_1_358' title='bbox 958 3207 1153 3261; x_wconf 87' lang='lat' dir='ltr'><strong>vestris</strong></span> <span class='ocrx_word' id='word_1_359' title='bbox 1195 3206 1305 3277; x_wconf 77' lang='lat'><strong>66</strong></span> <span class='ocrx_word' id='word_1_360' title='bbox 1347 3206 1500 3261; x_wconf 89' lang='lat' dir='ltr'><strong>bouis</strong></span> <span class='ocrx_word' id='word_1_361' title='bbox 1539 3206 1800 3276; x_wconf 81' lang='lat' dir='ltr'><strong>exemplis</strong></span> 
     </span>
    </p>
   </div>
   <div class='ocr_carea' id='block_1_53' title="bbox 212 3297 1803 3366">
    <p class='ocr_par' dir='ltr' id='par_1_53' title="bbox 212 3297 1803 3366">
     <span class='ocr_line' id='line_1_53' title="bbox 212 3297 1803 3366; baseline -0.001 -15"><span class='ocrx_word' id='word_1_362' title='bbox 212 3298 555 3362; x_wconf 89' lang='lat' dir='ltr'><strong>erudiantur,</strong></span> <span class='ocrx_word' id='word_1_363' title='bbox 587 3307 746 3366; x_wconf 90' lang='lat' dir='ltr'><strong>atque</strong></span> <span class='ocrx_word' id='word_1_364' title='bbox 772 3299 838 3353; x_wconf 85' lang='lat' dir='ltr'><strong>ad</strong></span> <span class='ocrx_word' id='word_1_365' title='bbox 864 3298 1029 3351; x_wconf 86' lang='lat' dir='ltr'><strong>vitam</strong></span> <span class='ocrx_word' id='word_1_366' title='bbox 1055 3297 1330 3352; x_wconf 86' lang='lat' dir='ltr'><strong>vobiscum</strong></span> <span class='ocrx_word' id='word_1_367' title='bbox 1368 3302 1677 3350; x_wconf 90' lang='lat' dir='ltr'><strong>mereantur</strong></span> <span class='ocrx_word' id='word_1_368' title='bbox 1712 3310 1803 3350; x_wconf 85' lang='lat' dir='ltr'><strong>ve-</strong></span> 
     </span>
    </p>
   </div>
   <div class='ocr_carea' id='block_1_54' title="bbox 212 3388 766 3458">
    <p class='ocr_par' dir='ltr' id='par_1_54' title="bbox 212 3388 766 3458">
     <span class='ocr_line' id='line_1_54' title="bbox 212 3388 766 3458; baseline 0 -16"><span class='ocrx_word' id='word_1_369' title='bbox 212 3388 326 3442; x_wconf 89' lang='lat' dir='ltr'><strong>nire</strong></span> <span class='ocrx_word' id='word_1_370' title='bbox 352 3388 766 3458; x_wconf 86' lang='lat' dir='ltr'><strong>sempiternam.</strong></span> 
     </span>
    </p>
   </div>
   <div class='ocr_carea' id='block_1_55' title="bbox 279 3475 1803 3547">
    <p class='ocr_par' dir='ltr' id='par_1_55' title="bbox 279 3475 1803 3547">
     <span class='ocr_line' id='line_1_55' title="bbox 279 3475 1803 3547; baseline 0.001 -17"><span class='ocrx_word' id='word_1_371' title='bbox 279 3475 431 3540; x_wconf 60' lang='lat' dir='ltr'><strong>Huic,</strong></span> <span class='ocrx_word' id='word_1_372' title='bbox 484 3492 635 3547; x_wconf 84' lang='lat' dir='ltr'><strong>rogo,</strong></span> <span class='ocrx_word' id='word_1_373' title='bbox 683 3475 928 3532; x_wconf 86' lang='lat' dir='ltr'><strong>chartula</strong></span> <span class='ocrx_word' id='word_1_374' title='bbox 970 3476 1164 3531; x_wconf 91' lang='lat' dir='ltr'><strong>melius</strong></span> <span class='ocrx_word' id='word_1_375' title='bbox 1205 3475 1489 3539; x_wconf 87' lang='lat' dir='ltr'><strong>scribatur,</strong></span> <span class='ocrx_word' id='word_1_376' title='bbox 1531 3482 1586 3529; x_wconf 91' lang='lat' dir='ltr'><strong>et</strong></span> <span class='ocrx_word' id='word_1_377' title='bbox 1628 3483 1803 3531; x_wconf 89' lang='lat' dir='ltr'><strong>tecum</strong></span> 
     </span>
    </p>
   </div>
   <div class='ocr_carea' id='block_1_56' title="bbox 213 3566 1805 3636">
    <p class='ocr_par' dir='ltr' id='par_1_56' title="bbox 213 3566 1805 3636">
     <span class='ocr_line' id='line_1_56' title="bbox 213 3566 1805 3636; baseline 0.002 -18"><span class='ocrx_word' id='word_1_378' title='bbox 213 3573 423 3635; x_wconf 87' lang='lat' dir='ltr'><strong>pergat,</strong></span> <span class='ocrx_word' id='word_1_379' title='bbox 453 3574 632 3620; x_wconf 90' lang='lat' dir='ltr'><strong>tecum</strong></span> <span class='ocrx_word' id='word_1_380' title='bbox 662 3575 897 3632; x_wconf 88' lang='lat' dir='ltr'><strong>maneat,</strong></span> <span class='ocrx_word' id='word_1_381' title='bbox 919 3576 973 3621; x_wconf 92' lang='lat' dir='ltr'><strong>et</strong></span> <span class='ocrx_word' id='word_1_382' title='bbox 994 3566 1190 3635; x_wconf 70' lang='lat' dir='ltr'><strong>smpius</strong></span> <span class='ocrx_word' id='word_1_383' title='bbox 1210 3566 1326 3620; x_wconf 86' lang='lat' dir='ltr'><strong>vice</strong></span> <span class='ocrx_word' id='word_1_384' title='bbox 1351 3566 1546 3636; x_wconf 68' lang='lat' dir='ltr'><strong>linguae</strong></span> <span class='ocrx_word' id='word_1_385' title='bbox 1568 3576 1805 3636; x_wconf 69' lang='lat' dir='ltr'><strong>paterna:</strong></span> 
     </span>
    </p>
   </div>
   <div class='ocr_carea' id='block_1_57' title="bbox 215 3654 1806 3725">
    <p class='ocr_par' dir='ltr' id='par_1_57' title="bbox 215 3654 1806 3725">
     <span class='ocr_line' id='line_1_57' title="bbox 215 3654 1806 3725; baseline 0 -15"><span class='ocrx_word' id='word_1_386' title='bbox 215 3662 393 3710; x_wconf 89' lang='lat' dir='ltr'><strong>tecum</strong></span> <span class='ocrx_word' id='word_1_387' title='bbox 443 3654 714 3725; x_wconf 87' lang='lat' dir='ltr'><strong>loquatur,</strong></span> <span class='ocrx_word' id='word_1_388' title='bbox 755 3655 829 3709; x_wconf 89' lang='lat' dir='ltr'><strong>ﬁli</strong></span> <span class='ocrx_word' id='word_1_389' title='bbox 869 3656 972 3710; x_wconf 90' lang='lat' dir='ltr'><strong>mi!</strong></span> <span class='ocrx_word' id='word_1_390' title='bbox 1022 3656 1097 3709; x_wconf 87' lang='lat' dir='ltr'><strong>fili</strong></span> <span class='ocrx_word' id='word_1_391' title='bbox 1141 3656 1489 3711; x_wconf 88' lang='lat' dir='ltr'><strong>charissime!</strong></span> <span class='ocrx_word' id='word_1_392' title='bbox 1534 3663 1588 3711; x_wconf 90' lang='lat' dir='ltr'><strong>et</strong></span> <span class='ocrx_word' id='word_1_393' title='bbox 1631 3656 1706 3710; x_wconf 90' lang='lat' dir='ltr'><strong>ﬁli</strong></span> <span class='ocrx_word' id='word_1_394' title='bbox 1750 3656 1806 3710; x_wconf 90' lang='lat' dir='ltr'><strong>in</strong></span> 
     </span>
    </p>
   </div>
   <div class='ocr_carea' id='block_1_58' title="bbox 219 3742 1806 3814">
    <p class='ocr_par' dir='ltr' id='par_1_58' title="bbox 219 3742 1806 3814">
     <span class='ocr_line' id='line_1_58' title="bbox 219 3742 1806 3814; baseline 0.001 -17"><span class='ocrx_word' id='word_1_395' title='bbox 219 3742 434 3799; x_wconf 84' lang='lat' dir='ltr'><strong>Christo</strong></span> <span class='ocrx_word' id='word_1_396' title='bbox 476 3744 987 3800; x_wconf 87' lang='lat' dir='ltr'><strong>desiderantissime.</strong></span> <span class='ocrx_word' id='word_1_397' title='bbox 1028 3744 1380 3814; x_wconf 88' lang='lat' dir='ltr'><strong>Omnipotens</strong></span> <span class='ocrx_word' id='word_1_398' title='bbox 1422 3744 1564 3798; x_wconf 90' lang='lat' dir='ltr'><strong>Deus</strong></span> <span class='ocrx_word' id='word_1_399' title='bbox 1609 3744 1663 3798; x_wconf 93' lang='lat' dir='ltr'><strong>in</strong></span> <span class='ocrx_word' id='word_1_400' title='bbox 1708 3759 1806 3799; x_wconf 91' lang='lat' dir='ltr'><strong>sua</strong></span> 
     </span>
    </p>
   </div>
   <div class='ocr_carea' id='block_1_59' title="bbox 219 3834 1808 3905">
    <p class='ocr_par' dir='ltr' id='par_1_59' title="bbox 219 3834 1808 3905">
     <span class='ocr_line' id='line_1_59' title="bbox 219 3834 1808 3905; baseline 0.002 -17"><span class='ocrx_word' id='word_1_401' title='bbox 219 3849 408 3905; x_wconf 83' lang='lat' dir='ltr'><strong>magna</strong></span> <span class='ocrx_word' id='word_1_402' title='bbox 454 3834 653 3905; x_wconf 89' lang='lat' dir='ltr'><strong>pietate</strong></span> <span class='ocrx_word' id='word_1_403' title='bbox 686 3849 784 3889; x_wconf 87' lang='lat' dir='ltr'><strong>vos</strong></span> <span class='ocrx_word' id='word_1_404' title='bbox 817 3835 884 3889; x_wconf 88' lang='lat' dir='ltr'><strong>ad</strong></span> <span class='ocrx_word' id='word_1_405' title='bbox 911 3835 1290 3889; x_wconf 83' lang='lat' dir='ltr'><strong>exultationem</strong></span> <span class='ocrx_word' id='word_1_406' title='bbox 1327 3841 1525 3890; x_wconf 76' lang='lat' dir='ltr'><strong>sancta:</strong></span> <span class='ocrx_word' id='word_1_407' title='bbox 1559 3851 1668 3890; x_wconf 68' lang='lat' dir='ltr'><strong>sua:</strong></span> <span class='ocrx_word' id='word_1_408' title='bbox 1706 3836 1808 3891; x_wconf 79' lang='lat' dir='ltr'><strong>Ec-</strong></span> 
     </span>
    </p>
   </div>
   <div class='ocr_carea' id='block_1_60' title="bbox 218 3924 1806 4008">
    <p class='ocr_par' dir='ltr' id='par_1_60' title="bbox 218 3924 1806 4008">
     <span class='ocr_line' id='line_1_60' title="bbox 218 3924 1806 4008; baseline 0.002 -29"><span class='ocrx_word' id='word_1_409' title='bbox 218 3924 391 3980; x_wconf 70' lang='lat' dir='ltr'><strong>clesia:</strong></span> <span class='ocrx_word' id='word_1_410' title='bbox 422 3925 610 3980; x_wconf 89' lang='lat' dir='ltr'><strong>multis</strong></span> <span class='ocrx_word' id='word_1_411' title='bbox 634 3924 860 3981; x_wconf 86' lang='lat' dir='ltr'><strong>feliciter</strong></span> <span class='ocrx_word' id='word_1_412' title='bbox 883 3927 1039 3980; x_wconf 90' lang='lat' dir='ltr'><strong>annis</strong></span> <span class='ocrx_word' id='word_1_413' title='bbox 1068 3926 1120 3979; x_wconf 92' lang='lat' dir='ltr'><strong>in</strong></span> <span class='ocrx_word' id='word_1_414' title='bbox 1148 3927 1249 3980; x_wconf 91' lang='lat' dir='ltr'><strong>hac</strong></span> <span class='ocrx_word' id='word_1_415' title='bbox 1272 3926 1521 4008; x_wconf 62' lang='lat' dir='ltr'><strong>praesenti</strong></span> <span class='ocrx_word' id='word_1_416' title='bbox 1546 3925 1655 3979; x_wconf 87' lang='lat' dir='ltr'><strong>vita</strong></span> <span class='ocrx_word' id='word_1_417' title='bbox 1682 3941 1806 3997; x_wconf 92' lang='lat' dir='ltr'><strong>pro-</strong></span> 
     </span>
    </p>
   </div>
   <div class='ocr_carea' id='block_1_61' title="bbox 222 4018 1807 4091">
    <p class='ocr_par' dir='ltr' id='par_1_61' title="bbox 222 4018 1807 4091">
     <span class='ocr_line' id='line_1_61' title="bbox 222 4018 1807 4091; baseline 0.002 -19"><span class='ocrx_word' id='word_1_418' title='bbox 222 4019 376 4074; x_wconf 85' lang='lat' dir='ltr'><strong>ﬁcere</strong></span> <span class='ocrx_word' id='word_1_419' title='bbox 406 4018 599 4083; x_wconf 87' lang='lat' dir='ltr'><strong>faciat,</strong></span> <span class='ocrx_word' id='word_1_420' title='bbox 629 4026 684 4073; x_wconf 91' lang='lat' dir='ltr'><strong>et</strong></span> <span class='ocrx_word' id='word_1_421' title='bbox 712 4020 765 4073; x_wconf 93' lang='lat' dir='ltr'><strong>in</strong></span> <span class='ocrx_word' id='word_1_422' title='bbox 806 4018 983 4074; x_wconf 87' lang='lat' dir='ltr'><strong>futura</strong></span> <span class='ocrx_word' id='word_1_423' title='bbox 1012 4019 1236 4091; x_wconf 88' lang='lat' dir='ltr'><strong>gloriam</strong></span> <span class='ocrx_word' id='word_1_424' title='bbox 1274 4019 1370 4075; x_wconf 89' lang='lat' dir='ltr'><strong>tibi</strong></span> <span class='ocrx_word' id='word_1_425' title='bbox 1394 4026 1651 4073; x_wconf 59' lang='lat' dir='ltr'><strong>aeternam</strong></span> <span class='ocrx_word' id='word_1_426' title='bbox 1678 4035 1807 4075; x_wconf 87' lang='lat' dir='ltr'><strong>cou-</strong></span> 
     </span>
    </p>
   </div>
   <div class='ocr_carea' id='block_1_62' title="bbox 223 4106 1089 4182">
    <p class='ocr_par' dir='ltr' id='par_1_62' title="bbox 223 4106 1089 4182">
     <span class='ocr_line' id='line_1_62' title="bbox 223 4106 1089 4182; baseline -0.001 -19"><span class='ocrx_word' id='word_1_427' title='bbox 223 4109 408 4165; x_wconf 78' lang='lat' dir='ltr'><strong>cedere</strong></span> <span class='ocrx_word' id='word_1_428' title='bbox 441 4108 735 4182; x_wconf 83' lang='lat' dir='ltr'><strong>dignetur].</strong></span> <span class='ocrx_word' id='word_1_429' title='bbox 1084 4106 1089 4115; x_wconf 80' lang='grc'><em>’</em></span> 
     </span>
    </p>
   </div>
   <div class='ocr_carea' id='block_1_63' title="bbox 1827 3161 1874 3224">
    <p class='ocr_par' dir='ltr' id='par_1_63' title="bbox 1827 3161 1874 3224">
     <span class='ocr_line' id='line_1_63' title="bbox 1827 3161 1874 3224; baseline 0 0"><span class='ocrx_word' id='word_1_430' title='bbox 1827 3161 1874 3224; x_wconf 86' lang='lat' dir='ltr'><strong>C</strong></span> 
     </span>
    </p>
   </div>
   <div class='ocr_carea' id='block_1_64' title="bbox 1961 1921 3479 1995">
    <p class='ocr_par' dir='ltr' id='par_1_64' title="bbox 1961 1921 3479 1995">
     <span class='ocr_line' id='line_1_64' title="bbox 1961 1921 3479 1995; baseline 0 -19"><span class='ocrx_word' id='word_1_431' title='bbox 1961 1922 2070 1992; x_wconf 79' lang='lat'><strong>67</strong></span> <span class='ocrx_word' id='word_1_432' title='bbox 2132 1921 2327 1992; x_wconf 87' lang='lat' dir='ltr'><strong>Aspice</strong></span> <span class='ocrx_word' id='word_1_433' title='bbox 2380 1924 2434 1977; x_wconf 91' lang='lat' dir='ltr'><strong>in</strong></span> <span class='ocrx_word' id='word_1_434' title='bbox 2491 1939 2645 1989; x_wconf 89' lang='lat' dir='ltr'><strong>eum,</strong></span> <span class='ocrx_word' id='word_1_435' title='bbox 2698 1924 2787 1994; x_wconf 86' lang='lat' dir='ltr'><strong>qui</strong></span> <span class='ocrx_word' id='word_1_436' title='bbox 2845 1940 2940 1995; x_wconf 89' lang='lat' dir='ltr'><strong>pro</strong></span> <span class='ocrx_word' id='word_1_437' title='bbox 2989 1923 3166 1977; x_wconf 81' lang='lat' dir='ltr'><strong>oribus</strong></span> <span class='ocrx_word' id='word_1_438' title='bbox 3212 1923 3322 1978; x_wconf 84' lang='lat' dir='ltr'><strong>suis</strong></span> <span class='ocrx_word' id='word_1_439' title='bbox 3358 1922 3479 1977; x_wconf 75' lang='lat' dir='ltr'><strong>ani-</strong></span> 
     </span>
    </p>
   </div>
   <div class='ocr_carea' id='block_1_65' title="bbox 1892 2014 3479 2086">
    <p class='ocr_par' dir='ltr' id='par_1_65' title="bbox 1892 2014 3479 2086">
     <span class='ocr_line' id='line_1_65' title="bbox 1892 2014 3479 2086; baseline 0.002 -19"><span class='ocrx_word' id='word_1_440' title='bbox 1892 2029 2034 2067; x_wconf 86' lang='lat' dir='ltr'><strong>mam</strong></span> <span class='ocrx_word' id='word_1_441' title='bbox 2055 2030 2205 2068; x_wconf 88' lang='lat' dir='ltr'><strong>suam</strong></span> <span class='ocrx_word' id='word_1_442' title='bbox 2225 2016 2397 2085; x_wconf 88' lang='lat' dir='ltr'><strong>posuit</strong></span> <span class='ocrx_word' id='word_1_443' title='bbox 2425 2014 2604 2086; x_wconf 81' lang='lat' dir='ltr'><strong>(Joan.</strong></span> <span class='ocrx_word' id='word_1_444' title='bbox 2633 2031 2688 2079; x_wconf 81' lang='lat' dir='ltr'><strong>x,</strong></span> <span class='ocrx_word' id='word_1_445' title='bbox 2716 2016 2824 2084; x_wconf 78' lang='lat' dir='ltr'><strong>li),</strong></span> <span class='ocrx_word' id='word_1_446' title='bbox 2854 2015 2947 2085; x_wconf 90' lang='lat' dir='ltr'><strong>qui</strong></span> <span class='ocrx_word' id='word_1_447' title='bbox 2975 2015 3226 2070; x_wconf 88' lang='lat' dir='ltr'><strong>omnibus</strong></span> <span class='ocrx_word' id='word_1_448' title='bbox 3249 2029 3479 2085; x_wconf 82' lang='lat' dir='ltr'><strong>genera-</strong></span> 
     </span>
    </p>
   </div>
   <div class='ocr_carea' id='block_1_66' title="bbox 1893 2103 3482 2178">
    <p class='ocr_par' dir='ltr' id='par_1_66' title="bbox 1893 2103 3482 2178">
     <span class='ocr_line' id='line_1_66' title="bbox 1893 2103 3482 2178; baseline 0.002 -19"><span class='ocrx_word' id='word_1_449' title='bbox 1893 2103 2020 2159; x_wconf 85' lang='lat' dir='ltr'><strong>liter</strong></span> <span class='ocrx_word' id='word_1_450' title='bbox 2047 2106 2365 2175; x_wconf 77' lang='lat' dir='ltr'><strong>prtecipiens</strong></span> <span class='ocrx_word' id='word_1_451' title='bbox 2393 2106 2529 2160; x_wconf 76' lang='lat' dir='ltr'><strong>dixit</strong></span> <span class='ocrx_word' id='word_1_452' title='bbox 2567 2125 2580 2159; x_wconf 91' lang='lat'><strong>:</strong></span> <span class='ocrx_word' id='word_1_453' title='bbox 2618 2105 2721 2172; x_wconf 83' lang='lat' dir='ltr'><strong>Qui</strong></span> <span class='ocrx_word' id='word_1_454' title='bbox 2762 2106 2869 2161; x_wconf 83' lang='lat' dir='ltr'><strong>vult</strong></span> <span class='ocrx_word' id='word_1_455' title='bbox 2896 2107 3070 2161; x_wconf 83' lang='lat' dir='ltr'><strong>venire</strong></span> <span class='ocrx_word' id='word_1_456' title='bbox 3095 2117 3207 2178; x_wconf 88' lang='lat' dir='ltr'><strong>post</strong></span> <span class='ocrx_word' id='word_1_457' title='bbox 3236 2124 3346 2173; x_wconf 89' lang='lat' dir='ltr'><strong>me,</strong></span> <span class='ocrx_word' id='word_1_458' title='bbox 3384 2108 3482 2162; x_wconf 80' lang='lat' dir='ltr'><strong>ab-</strong></span> 
     </span>
    </p>
   </div>
   <div class='ocr_carea' id='block_1_67' title="bbox 1895 2195 3485 2269">
    <p class='ocr_par' dir='ltr' id='par_1_67' title="bbox 1895 2195 3485 2269">
     <span class='ocr_line' id='line_1_67' title="bbox 1895 2195 3485 2269; baseline 0.003 -21"><span class='ocrx_word' id='word_1_459' title='bbox 1895 2204 2041 2265; x_wconf 83' lang='lat' dir='ltr'><strong>neget</strong></span> <span class='ocrx_word' id='word_1_460' title='bbox 2071 2197 2430 2267; x_wconf 82' lang='lat' dir='ltr'><strong>semetipsum,</strong></span> <span class='ocrx_word' id='word_1_461' title='bbox 2469 2206 2517 2251; x_wconf 87' lang='lat' dir='ltr'><strong>et</strong></span> <span class='ocrx_word' id='word_1_462' title='bbox 2552 2195 2700 2251; x_wconf 86' lang='lat' dir='ltr'><strong>tollat</strong></span> <span class='ocrx_word' id='word_1_463' title='bbox 2732 2213 2936 2251; x_wconf 86' lang='lat' dir='ltr'><strong>crucem</strong></span> <span class='ocrx_word' id='word_1_464' title='bbox 2970 2214 3121 2252; x_wconf 87' lang='lat' dir='ltr'><strong>suam</strong></span> <span class='ocrx_word' id='word_1_465' title='bbox 3154 2207 3201 2251; x_wconf 89' lang='lat' dir='ltr'><strong>et</strong></span> <span class='ocrx_word' id='word_1_466' title='bbox 3235 2208 3485 2269; x_wconf 73' lang='lat' dir='ltr'><strong>sequatur</strong></span> 
     </span>
    </p>
   </div>
   <div class='ocr_carea' id='block_1_68' title="bbox 1895 2285 3484 2358">
    <p class='ocr_par' dir='ltr' id='par_1_68' title="bbox 1895 2285 3484 2358">
     <span class='ocr_line' id='line_1_68' title="bbox 1895 2285 3484 2358; baseline 0.001 -19"><span class='ocrx_word' id='word_1_467' title='bbox 1895 2302 1977 2340; x_wconf 88' lang='lat' dir='ltr'><strong>me</strong></span> <span class='ocrx_word' id='word_1_468' title='bbox 2003 2285 2155 2356; x_wconf 83' lang='lat' dir='ltr'><strong>(Luc.</strong></span> <span class='ocrx_word' id='word_1_469' title='bbox 2183 2303 2260 2354; x_wconf 80' lang='lat' dir='ltr'><strong>lx,</strong></span> <span class='ocrx_word' id='word_1_470' title='bbox 2285 2287 2400 2358; x_wconf 74' lang='lat'><strong>23).</strong></span> <span class='ocrx_word' id='word_1_471' title='bbox 2434 2287 2531 2343; x_wconf 90' lang='lat' dir='ltr'><strong>Cui</strong></span> <span class='ocrx_word' id='word_1_472' title='bbox 2558 2301 2774 2358; x_wconf 86' lang='lat' dir='ltr'><strong>gregem</strong></span> <span class='ocrx_word' id='word_1_473' title='bbox 2803 2288 3006 2342; x_wconf 89' lang='lat' dir='ltr'><strong>Christi</strong></span> <span class='ocrx_word' id='word_1_474' title='bbox 3036 2288 3282 2343; x_wconf 86' lang='lat' dir='ltr'><strong>abiturus</strong></span> <span class='ocrx_word' id='word_1_475' title='bbox 3315 2287 3484 2343; x_wconf 85' lang='lat' dir='ltr'><strong>relin-</strong></span> 
     </span>
    </p>
   </div>
   <div class='ocr_carea' id='block_1_69' title="bbox 1898 2376 3484 2447">
    <p class='ocr_par' dir='ltr' id='par_1_69' title="bbox 1898 2376 3484 2447">
     <span class='ocr_line' id='line_1_69' title="bbox 1898 2376 3484 2447; baseline 0.002 -18"><span class='ocrx_word' id='word_1_476' title='bbox 1898 2376 2055 2445; x_wconf 85' lang='lat' dir='ltr'><strong>quis?</strong></span> <span class='ocrx_word' id='word_1_477' title='bbox 2092 2377 2202 2433; x_wconf 84' lang='lat' dir='ltr'><strong>Nec</strong></span> <span class='ocrx_word' id='word_1_478' title='bbox 2239 2378 2356 2432; x_wconf 76' lang='lat' dir='ltr'><strong>lucc</strong></span> <span class='ocrx_word' id='word_1_479' title='bbox 2390 2378 2512 2432; x_wconf 90' lang='lat' dir='ltr'><strong>dico</strong></span> <span class='ocrx_word' id='word_1_480' title='bbox 2538 2378 2691 2447; x_wconf 89' lang='lat' dir='ltr'><strong>quasi</strong></span> <span class='ocrx_word' id='word_1_481' title='bbox 2724 2393 2810 2431; x_wconf 91' lang='lat' dir='ltr'><strong>me</strong></span> <span class='ocrx_word' id='word_1_482' title='bbox 2832 2378 3140 2432; x_wconf 84' lang='lat' dir='ltr'><strong>excusando</strong></span> <span class='ocrx_word' id='word_1_483' title='bbox 3167 2378 3235 2431; x_wconf 91' lang='lat' dir='ltr'><strong>ad</strong></span> <span class='ocrx_word' id='word_1_484' title='bbox 3261 2376 3484 2432; x_wconf 82' lang='lat' dir='ltr'><strong>benefa-</strong></span> 
     </span>
    </p>
   </div>
   <div class='ocr_carea' id='block_1_70' title="bbox 1900 2467 3487 2539">
    <p class='ocr_par' dir='ltr' id='par_1_70' title="bbox 1900 2467 3487 2539">
     <span class='ocr_line' id='line_1_70' title="bbox 1900 2467 3487 2539; baseline 0 -16"><span class='ocrx_word' id='word_1_485' title='bbox 1900 2469 2150 2523; x_wconf 89' lang='lat' dir='ltr'><strong>ciendum</strong></span> <span class='ocrx_word' id='word_1_486' title='bbox 2192 2469 2361 2524; x_wconf 85' lang='lat' dir='ltr'><strong>servis</strong></span> <span class='ocrx_word' id='word_1_487' title='bbox 2406 2469 2524 2534; x_wconf 88' lang='lat' dir='ltr'><strong>Dei,</strong></span> <span class='ocrx_word' id='word_1_488' title='bbox 2574 2468 2667 2523; x_wconf 90' lang='lat' dir='ltr'><strong>sed</strong></span> <span class='ocrx_word' id='word_1_489' title='bbox 2708 2469 2881 2539; x_wconf 90' lang='lat' dir='ltr'><strong>magis</strong></span> <span class='ocrx_word' id='word_1_490' title='bbox 2924 2478 2979 2522; x_wconf 91' lang='lat' dir='ltr'><strong>te</strong></span> <span class='ocrx_word' id='word_1_491' title='bbox 3023 2467 3376 2533; x_wconf 89' lang='lat' dir='ltr'><strong>adhortando,</strong></span> <span class='ocrx_word' id='word_1_492' title='bbox 3426 2475 3487 2523; x_wconf 93' lang='lat' dir='ltr'><strong>ut</strong></span> 
     </span>
    </p>
   </div>
   <div class='ocr_carea' id='block_1_71' title="bbox 1900 2559 3487 2629">
    <p class='ocr_par' dir='ltr' id='par_1_71' title="bbox 1900 2559 3487 2629">
     <span class='ocr_line' id='line_1_71' title="bbox 1900 2559 3487 2629; baseline 0.001 -13"><span class='ocrx_word' id='word_1_493' title='bbox 1900 2562 2065 2624; x_wconf 90' lang='lat' dir='ltr'><strong>bona,</strong></span> <span class='ocrx_word' id='word_1_494' title='bbox 2094 2576 2214 2629; x_wconf 67' lang='lat' dir='ltr'><strong>qua:</strong></span> <span class='ocrx_word' id='word_1_495' title='bbox 2253 2561 2497 2629; x_wconf 90' lang='lat' dir='ltr'><strong>incepisti</strong></span> <span class='ocrx_word' id='word_1_496' title='bbox 2530 2559 2729 2626; x_wconf 83' lang='lat' dir='ltr'><strong>facere,</strong></span> <span class='ocrx_word' id='word_1_497' title='bbox 2765 2562 2832 2616; x_wconf 88' lang='lat' dir='ltr'><strong>ad</strong></span> <span class='ocrx_word' id='word_1_498' title='bbox 2863 2561 3023 2615; x_wconf 90' lang='lat' dir='ltr'><strong>ﬁnem</strong></span> <span class='ocrx_word' id='word_1_499' title='bbox 3053 2568 3269 2616; x_wconf 66' lang='lat' dir='ltr'><strong>azternte</strong></span> <span class='ocrx_word' id='word_1_500' title='bbox 3297 2562 3487 2617; x_wconf 87' lang='lat' dir='ltr'><strong>salutis</strong></span> 
     </span>
    </p>
   </div>
   <div class='ocr_carea' id='block_1_72' title="bbox 1901 2650 3487 2723">
    <p class='ocr_par' dir='ltr' id='par_1_72' title="bbox 1901 2650 3487 2723">
     <span class='ocr_line' id='line_1_72' title="bbox 1901 2650 3487 2723; baseline 0.003 -19"><span class='ocrx_word' id='word_1_501' title='bbox 1901 2652 2186 2720; x_wconf 79' lang='lat' dir='ltr'><strong>perducas.</strong></span> <span class='ocrx_word' id='word_1_502' title='bbox 2210 2650 2314 2716; x_wconf 84' lang='lat' dir='ltr'><strong>Qui</strong></span> <span class='ocrx_word' id='word_1_503' title='bbox 2333 2653 2729 2721; x_wconf 73' lang='lat' dir='ltr'><strong>perseveraverit</strong></span> <span class='ocrx_word' id='word_1_504' title='bbox 2754 2667 2912 2723; x_wconf 82' lang='lat' dir='ltr'><strong>usque</strong></span> <span class='ocrx_word' id='word_1_505' title='bbox 2932 2651 2987 2705; x_wconf 84' lang='lat' dir='ltr'><strong>in</strong></span> <span class='ocrx_word' id='word_1_506' title='bbox 3008 2651 3187 2720; x_wconf 79' lang='lat' dir='ltr'><strong>ﬁnem,</strong></span> <span class='ocrx_word' id='word_1_507' title='bbox 3208 2651 3292 2706; x_wconf 83' lang='lat' dir='ltr'><strong>hic</strong></span> <span class='ocrx_word' id='word_1_508' title='bbox 3312 2652 3487 2708; x_wconf 82' lang='lat' dir='ltr'><strong>salvus</strong></span> 
     </span>
    </p>
   </div>
   <div class='ocr_carea' id='block_1_73' title="bbox 1902 2739 3490 2813">
    <p class='ocr_par' dir='ltr' id='par_1_73' title="bbox 1902 2739 3490 2813">
     <span class='ocr_line' id='line_1_73' title="bbox 1902 2739 3490 2813; baseline 0 -18"><span class='ocrx_word' id='word_1_509' title='bbox 1902 2742 2000 2795; x_wconf 83' lang='lat' dir='ltr'><strong>erit</strong></span> <span class='ocrx_word' id='word_1_510' title='bbox 2032 2740 2245 2813; x_wconf 76' lang='lat' dir='ltr'><strong>(Matth.</strong></span> <span class='ocrx_word' id='word_1_511' title='bbox 2276 2756 2308 2793; x_wconf 85' lang='lat' dir='ltr'><strong>x</strong></span> <span class='ocrx_word' id='word_1_512' title='bbox 2328 2781 2342 2807; x_wconf 92' lang='lat'><strong>,</strong></span> <span class='ocrx_word' id='word_1_513' title='bbox 2371 2740 2483 2812; x_wconf 74' lang='lat'><strong>2‘2).</strong></span> <span class='ocrx_word' id='word_1_514' title='bbox 2524 2739 2731 2796; x_wconf 89' lang='lat' dir='ltr'><strong>Idcirco</strong></span> <span class='ocrx_word' id='word_1_515' title='bbox 2753 2740 2778 2780; x_wconf 74' lang='grc' dir='ltr'><em>δ</em></span> <span class='ocrx_word' id='word_1_516' title='bbox 2808 2740 2998 2811; x_wconf 82' lang='lat' dir='ltr'><strong>scripsi</strong></span> <span class='ocrx_word' id='word_1_517' title='bbox 3034 2741 3100 2795; x_wconf 88' lang='lat' dir='ltr'><strong>ad</strong></span> <span class='ocrx_word' id='word_1_518' title='bbox 3126 2739 3371 2795; x_wconf 86' lang='lat' dir='ltr'><strong>Oll&#39;auum</strong></span> <span class='ocrx_word' id='word_1_519' title='bbox 3403 2754 3490 2795; x_wconf 88' lang='lat' dir='ltr'><strong>re-</strong></span> 
     </span>
    </p>
   </div>
   <div class='ocr_carea' id='block_1_74' title="bbox 1902 2830 3490 2903">
    <p class='ocr_par' dir='ltr' id='par_1_74' title="bbox 1902 2830 3490 2903">
     <span class='ocr_line' id='line_1_74' title="bbox 1902 2830 3490 2903; baseline 0.001 -18"><span class='ocrx_word' id='word_1_520' title='bbox 1902 2847 2022 2903; x_wconf 87' lang='lat' dir='ltr'><strong>gem</strong></span> <span class='ocrx_word' id='word_1_521' title='bbox 2052 2840 2111 2885; x_wconf 92' lang='lat' dir='ltr'><strong>ut</strong></span> <span class='ocrx_word' id='word_1_522' title='bbox 2147 2839 2199 2885; x_wconf 89' lang='lat' dir='ltr'><strong>te</strong></span> <span class='ocrx_word' id='word_1_523' title='bbox 2239 2830 2544 2899; x_wconf 89' lang='lat' dir='ltr'><strong>adjuvaret,</strong></span> <span class='ocrx_word' id='word_1_524' title='bbox 2589 2840 2645 2886; x_wconf 92' lang='lat' dir='ltr'><strong>et</strong></span> <span class='ocrx_word' id='word_1_525' title='bbox 2671 2831 2984 2888; x_wconf 89' lang='lat' dir='ltr'><strong>defenderet</strong></span> <span class='ocrx_word' id='word_1_526' title='bbox 3024 2840 3266 2885; x_wconf 85' lang='lat' dir='ltr'><strong>sanctam</strong></span> <span class='ocrx_word' id='word_1_527' title='bbox 3305 2831 3490 2887; x_wconf 83' lang='lat' dir='ltr'><strong>Eccle-</strong></span> 
     </span>
    </p>
   </div>
   <div class='ocr_carea' id='block_1_75' title="bbox 1902 2922 3490 2995">
    <p class='ocr_par' dir='ltr' id='par_1_75' title="bbox 1902 2922 3490 2995">
     <span class='ocr_line' id='line_1_75' title="bbox 1902 2922 3490 2995; baseline 0.001 -17"><span class='ocrx_word' id='word_1_528' title='bbox 1902 2923 2039 2978; x_wconf 90' lang='lat' dir='ltr'><strong>siam</strong></span> <span class='ocrx_word' id='word_1_529' title='bbox 2086 2923 2380 2977; x_wconf 88' lang='lat' dir='ltr'><strong>secundum</strong></span> <span class='ocrx_word' id='word_1_530' title='bbox 2426 2938 2577 2977; x_wconf 90' lang='lat' dir='ltr'><strong>suam</strong></span> <span class='ocrx_word' id='word_1_531' title='bbox 2629 2923 3038 2992; x_wconf 89' lang='lat' dir='ltr'><strong>possibilitatem</strong></span> <span class='ocrx_word' id='word_1_532' title='bbox 3084 2922 3216 2995; x_wconf 84' lang='lat' dir='ltr'><strong>[Al.,</strong></span> <span class='ocrx_word' id='word_1_533' title='bbox 3253 2931 3490 2993; x_wconf 79' lang='lat' dir='ltr'><strong>potesta-</strong></span> 
     </span>
    </p>
   </div>
   <div class='ocr_carea' id='block_1_76' title="bbox 1906 3012 3489 3086">
    <p class='ocr_par' dir='ltr' id='par_1_76' title="bbox 1906 3012 3489 3086">
     <span class='ocr_line' id='line_1_76' title="bbox 1906 3012 3489 3086; baseline 0.002 -18"><span class='ocrx_word' id='word_1_534' title='bbox 1906 3012 2037 3086; x_wconf 88' lang='lat' dir='ltr'><strong>tem]</strong></span> <span class='ocrx_word' id='word_1_535' title='bbox 2078 3032 2091 3068; x_wconf 89' lang='lat'><strong>:</strong></span> <span class='ocrx_word' id='word_1_536' title='bbox 2129 3024 2394 3085; x_wconf 89' lang='lat' dir='ltr'><strong>quatenus</strong></span> <span class='ocrx_word' id='word_1_537' title='bbox 2423 3015 2521 3070; x_wconf 90' lang='lat' dir='ltr'><strong>tibi</strong></span> <span class='ocrx_word' id='word_1_538' title='bbox 2560 3015 2718 3069; x_wconf 90' lang='lat' dir='ltr'><strong>liceat</strong></span> <span class='ocrx_word' id='word_1_539' title='bbox 2746 3016 2854 3071; x_wconf 89' lang='lat' dir='ltr'><strong>Deo</strong></span> <span class='ocrx_word' id='word_1_540' title='bbox 2882 3016 3118 3081; x_wconf 86' lang='lat' dir='ltr'><strong>servire,</strong></span> <span class='ocrx_word' id='word_1_541' title='bbox 3147 3026 3202 3071; x_wconf 90' lang='lat' dir='ltr'><strong>et</strong></span> <span class='ocrx_word' id='word_1_542' title='bbox 3232 3016 3489 3071; x_wconf 74' lang='lat' dir='ltr'><strong>talentum</strong></span> 
     </span>
    </p>
   </div>
   <div class='ocr_carea' id='block_1_77' title="bbox 1906 3104 3490 3175">
    <p class='ocr_par' dir='ltr' id='par_1_77' title="bbox 1906 3104 3490 3175">
     <span class='ocr_line' id='line_1_77' title="bbox 1906 3104 3490 3175; baseline 0.002 -17"><span class='ocrx_word' id='word_1_543' title='bbox 1906 3111 2057 3159; x_wconf 92' lang='lat' dir='ltr'><strong>tuum</strong></span> <span class='ocrx_word' id='word_1_544' title='bbox 2104 3104 2459 3175; x_wconf 89' lang='lat' dir='ltr'><strong>multiplicare</strong></span> <span class='ocrx_word' id='word_1_545' title='bbox 2508 3106 2562 3159; x_wconf 91' lang='lat' dir='ltr'><strong>in</strong></span> <span class='ocrx_word' id='word_1_546' title='bbox 2610 3104 2747 3170; x_wconf 90' lang='lat' dir='ltr'><strong>loco,</strong></span> <span class='ocrx_word' id='word_1_547' title='bbox 2797 3105 2887 3160; x_wconf 94' lang='lat' dir='ltr'><strong>ubi</strong></span> <span class='ocrx_word' id='word_1_548' title='bbox 2936 3105 3190 3175; x_wconf 89' lang='lat' dir='ltr'><strong>accepisti</strong></span> <span class='ocrx_word' id='word_1_549' title='bbox 3235 3120 3390 3170; x_wconf 92' lang='lat' dir='ltr'><strong>eum;</strong></span> <span class='ocrx_word' id='word_1_550' title='bbox 3435 3114 3490 3161; x_wconf 90' lang='lat' dir='ltr'><strong>et</strong></span> 
     </span>
    </p>
   </div>
   <div class='ocr_carea' id='block_1_78' title="bbox 1904 3192 3486 3263">
    <p class='ocr_par' dir='ltr' id='par_1_78' title="bbox 1904 3192 3486 3263">
     <span class='ocr_line' id='line_1_78' title="bbox 1904 3192 3486 3263; baseline 0.002 -17"><span class='ocrx_word' id='word_1_551' title='bbox 1904 3192 2205 3247; x_wconf 84' lang='lat' dir='ltr'><strong>mercedem</strong></span> <span class='ocrx_word' id='word_1_552' title='bbox 2230 3203 2544 3262; x_wconf 78' lang='lat' dir='ltr'><strong>exspectare</strong></span> <span class='ocrx_word' id='word_1_553' title='bbox 2568 3202 2839 3263; x_wconf 71' lang='lat' dir='ltr'><strong>perpetua:</strong></span> <span class='ocrx_word' id='word_1_554' title='bbox 2866 3192 3243 3259; x_wconf 90' lang='lat' dir='ltr'><strong>beatitudinis,</strong></span> <span class='ocrx_word' id='word_1_555' title='bbox 3272 3194 3486 3249; x_wconf 86' lang='lat' dir='ltr'><strong>dicente</strong></span> 
     </span>
    </p>
   </div>
   <div class='ocr_carea' id='block_1_79' title="bbox 1904 3277 3485 3357">
    <p class='ocr_par' dir='ltr' id='par_1_79' title="bbox 1904 3277 3485 3357">
     <span class='ocr_line' id='line_1_79' title="bbox 1904 3277 3485 3357; baseline 0 -18"><span class='ocrx_word' id='word_1_556' title='bbox 1904 3284 2130 3340; x_wconf 90' lang='lat' dir='ltr'><strong>Domino</strong></span> <span class='ocrx_word' id='word_1_557' title='bbox 2144 3291 2237 3340; x_wconf 90' lang='lat' dir='ltr'><strong>tuo</strong></span> <span class='ocrx_word' id='word_1_558' title='bbox 2253 3303 2266 3338; x_wconf 90' lang='lat'><strong>:</strong></span> <span class='ocrx_word' id='word_1_559' title='bbox 2286 3284 2434 3356; x_wconf 82' lang='lat' dir='ltr'><strong>Euge</strong></span> <span class='ocrx_word' id='word_1_560' title='bbox 2450 3302 2589 3339; x_wconf 86' lang='lat' dir='ltr'><strong>serve</strong></span> <span class='ocrx_word' id='word_1_561' title='bbox 2606 3285 2735 3339; x_wconf 85' lang='lat' dir='ltr'><strong>bone</strong></span> <span class='ocrx_word' id='word_1_562' title='bbox 2753 3294 2800 3338; x_wconf 88' lang='lat' dir='ltr'><strong>et</strong></span> <span class='ocrx_word' id='word_1_563' title='bbox 2813 3277 2980 3347; x_wconf 75' lang='lat' dir='ltr'><strong>ﬁdelis</strong></span> <span class='ocrx_word' id='word_1_564' title='bbox 2997 3283 3212 3355; x_wconf 80' lang='lat' dir='ltr'><strong>(Matth.</strong></span> <span class='ocrx_word' id='word_1_565' title='bbox 3230 3300 3355 3351; x_wconf 87' lang='lat' dir='ltr'><strong>xxv,</strong></span> <span class='ocrx_word' id='word_1_566' title='bbox 3371 3284 3485 3357; x_wconf 77' lang='grc'><strong>21).</strong></span> 
     </span>
    </p>
   </div>
   <div class='ocr_carea' id='block_1_80' title="bbox 2418 3417 2968 3475">
    <p class='ocr_par' dir='ltr' id='par_1_80' title="bbox 2418 3417 2968 3475">
     <span class='ocr_line' id='line_1_80' title="bbox 2418 3417 2968 3475; baseline 0 -2"><span class='ocrx_word' id='word_1_567' title='bbox 2418 3418 2752 3475; x_wconf 84' lang='lat' dir='ltr'><strong>EPISTOLA</strong></span> <span class='ocrx_word' id='word_1_568' title='bbox 2791 3417 2968 3473; x_wconf 84' lang='lat' dir='ltr'><strong>LVIII.</strong></span> 
     </span>
    </p>
   </div>
   <div class='ocr_carea' id='block_1_81' title="bbox 2122 3507 3270 3579">
    <p class='ocr_par' dir='ltr' id='par_1_81' title="bbox 2122 3507 3270 3579">
     <span class='ocr_line' id='line_1_81' title="bbox 2122 3507 3270 3579; baseline -0.001 -15"><span class='ocrx_word' id='word_1_569' title='bbox 2122 3508 2485 3564; x_wconf 84' lang='lat' dir='ltr'><strong>Consolatoria</strong></span> <span class='ocrx_word' id='word_1_570' title='bbox 2512 3511 2581 3564; x_wconf 83' lang='lat' dir='ltr'><strong>ad</strong></span> <span class='ocrx_word' id='word_1_571' title='bbox 2619 3520 2835 3564; x_wconf 83' lang='lat' dir='ltr'><strong>matrem</strong></span> <span class='ocrx_word' id='word_1_572' title='bbox 2865 3509 2929 3564; x_wconf 85' lang='lat' dir='ltr'><strong>de</strong></span> <span class='ocrx_word' id='word_1_573' title='bbox 2958 3518 3122 3564; x_wconf 88' lang='lat' dir='ltr'><strong>morte</strong></span> <span class='ocrx_word' id='word_1_574' title='bbox 3149 3507 3270 3579; x_wconf 75' lang='lat' dir='ltr'><strong>ﬁlii.</strong></span> 
     </span>
    </p>
   </div>
   <div class='ocr_carea' id='block_1_82' title="bbox 2520 3600 2884 3673">
    <p class='ocr_par' dir='ltr' id='par_1_82' title="bbox 2520 3600 2884 3673">
     <span class='ocr_line' id='line_1_82' title="bbox 2520 3600 2884 3673; baseline 0 -18"><span class='ocrx_word' id='word_1_575' title='bbox 2520 3600 2697 3673; x_wconf 83' lang='lat' dir='ltr'><strong>(Anno</strong></span> <span class='ocrx_word' id='word_1_576' title='bbox 2736 3600 2884 3673; x_wconf 80' lang='lat' dir='ltr'><strong>79s.)</strong></span> 
     </span>
    </p>
   </div>
   <div class='ocr_carea' id='block_1_83' title="bbox 1982 3698 3486 3783">
    <p class='ocr_par' dir='ltr' id='par_1_83' title="bbox 1982 3698 3486 3783">
     <span class='ocr_line' id='line_1_83' title="bbox 1982 3698 3486 3783; baseline 0 -11"><span class='ocrx_word' id='word_1_577' title='bbox 1982 3726 2005 3755; x_wconf 74' lang='grc' dir='ltr'><strong>ο</strong></span> <span class='ocrx_word' id='word_1_578' title='bbox 2028 3714 2373 3772; x_wconf 71' lang='lat' dir='ltr'><strong>Cbarissimte</strong></span> <span class='ocrx_word' id='word_1_579' title='bbox 2402 3714 2458 3770; x_wconf 91' lang='lat' dir='ltr'><strong>in</strong></span> <span class='ocrx_word' id='word_1_580' title='bbox 2483 3714 2699 3771; x_wconf 91' lang='lat' dir='ltr'><strong>Christo</strong></span> <span class='ocrx_word' id='word_1_581' title='bbox 2726 3714 2907 3783; x_wconf 89' lang='lat' dir='ltr'><strong>matri,</strong></span> <span class='ocrx_word' id='word_1_582' title='bbox 2938 3698 3112 3772; x_wconf 83' lang='lat' dir='ltr'><strong>ﬁdelis</strong></span> <span class='ocrx_word' id='word_1_583' title='bbox 3138 3711 3191 3769; x_wconf 92' lang='lat' dir='ltr'><strong>in</strong></span> <span class='ocrx_word' id='word_1_584' title='bbox 3219 3713 3486 3772; x_wconf 86' lang='lat' dir='ltr'><strong>charitate</strong></span> 
     </span>
    </p>
   </div>
   <div class='ocr_carea' id='block_1_84' title="bbox 1906 3808 2895 3864">
    <p class='ocr_par' dir='ltr' id='par_1_84' title="bbox 1906 3808 2895 3864">
     <span class='ocr_line' id='line_1_84' title="bbox 1906 3808 2895 3864; baseline -0.003 0"><span class='ocrx_word' id='word_1_585' title='bbox 1906 3808 2049 3864; x_wconf 91' lang='lat' dir='ltr'><strong>ﬁlius</strong></span> <span class='ocrx_word' id='word_1_586' title='bbox 2074 3808 2333 3863; x_wconf 90' lang='lat' dir='ltr'><strong>Alcuinus</strong></span> <span class='ocrx_word' id='word_1_587' title='bbox 2358 3808 2616 3863; x_wconf 87' lang='lat' dir='ltr'><strong>diaconus</strong></span> <span class='ocrx_word' id='word_1_588' title='bbox 2645 3808 2895 3864; x_wconf 88' lang='lat' dir='ltr'><strong>salutem.</strong></span> 
     </span>
    </p>
   </div>
   <div class='ocr_carea' id='block_1_85' title="bbox 1979 3894 3487 3969">
    <p class='ocr_par' dir='ltr' id='par_1_85' title="bbox 1979 3894 3487 3969">
     <span class='ocr_line' id='line_1_85' title="bbox 1979 3894 3487 3969; baseline -0.003 -15"><span class='ocrx_word' id='word_1_589' title='bbox 1979 3901 2128 3954; x_wconf 87' lang='lat' dir='ltr'><strong>Multi</strong></span> <span class='ocrx_word' id='word_1_590' title='bbox 2160 3907 2285 3955; x_wconf 92' lang='lat' dir='ltr'><strong>sunt</strong></span> <span class='ocrx_word' id='word_1_591' title='bbox 2326 3900 2379 3954; x_wconf 93' lang='lat' dir='ltr'><strong>in</strong></span> <span class='ocrx_word' id='word_1_592' title='bbox 2424 3900 2781 3969; x_wconf 88' lang='lat' dir='ltr'><strong>prosperitate</strong></span> <span class='ocrx_word' id='word_1_593' title='bbox 2815 3898 3013 3964; x_wconf 89' lang='lat' dir='ltr'><strong>amici,</strong></span> <span class='ocrx_word' id='word_1_594' title='bbox 3061 3894 3115 3951; x_wconf 91' lang='lat' dir='ltr'><strong>in</strong></span> <span class='ocrx_word' id='word_1_595' title='bbox 3163 3897 3487 3952; x_wconf 88' lang='lat' dir='ltr'><strong>adversitate</strong></span> 
     </span>
    </p>
   </div>
   <div class='ocr_carea' id='block_1_86' title="bbox 1907 3984 3488 4059">
    <p class='ocr_par' dir='ltr' id='par_1_86' title="bbox 1907 3984 3488 4059">
     <span class='ocr_line' id='line_1_86' title="bbox 1907 3984 3488 4059; baseline -0.004 -13"><span class='ocrx_word' id='word_1_596' title='bbox 1907 3992 2052 4056; x_wconf 90' lang='lat' dir='ltr'><strong>rari;</strong></span> <span class='ocrx_word' id='word_1_597' title='bbox 2091 4000 2145 4046; x_wconf 91' lang='lat' dir='ltr'><strong>et</strong></span> <span class='ocrx_word' id='word_1_598' title='bbox 2179 4005 2244 4046; x_wconf 91' lang='lat' dir='ltr'><strong>eo</strong></span> <span class='ocrx_word' id='word_1_599' title='bbox 2282 3991 2557 4044; x_wconf 88' lang='lat' dir='ltr'><strong>cbariores</strong></span> <span class='ocrx_word' id='word_1_600' title='bbox 2593 4004 2700 4059; x_wconf 92' lang='lat' dir='ltr'><strong>quo</strong></span> <span class='ocrx_word' id='word_1_601' title='bbox 2736 3988 3003 4053; x_wconf 88' lang='lat' dir='ltr'><strong>rariores;</strong></span> <span class='ocrx_word' id='word_1_602' title='bbox 3044 3995 3098 4042; x_wconf 89' lang='lat' dir='ltr'><strong>et</strong></span> <span class='ocrx_word' id='word_1_603' title='bbox 3132 4002 3256 4041; x_wconf 89' lang='lat' dir='ltr'><strong>cum</strong></span> <span class='ocrx_word' id='word_1_604' title='bbox 3292 3984 3488 4040; x_wconf 74' lang='lat' dir='ltr'><strong>smculo</strong></span> 
     </span>
    </p>
   </div>
   <div class='ocr_carea' id='block_1_87' title="bbox 1908 4076 3556 4147">
    <p class='ocr_par' dir='ltr' id='par_1_87' title="bbox 1908 4076 3556 4147">
     <span class='ocr_line' id='line_1_87' title="bbox 1908 4076 3556 4147; baseline -0.006 -8"><span class='ocrx_word' id='word_1_605' title='bbox 1908 4093 2186 4139; x_wconf 83' lang='lat' dir='ltr'><strong>mutantur</strong></span> <span class='ocrx_word' id='word_1_606' title='bbox 2211 4091 2438 4137; x_wconf 89' lang='lat' dir='ltr'><strong>mentes.</strong></span> <span class='ocrx_word' id='word_1_607' title='bbox 2477 4080 2705 4147; x_wconf 85' lang='lat' dir='ltr'><strong>Quidam</strong></span> <span class='ocrx_word' id='word_1_608' title='bbox 2734 4081 2788 4135; x_wconf 92' lang='lat' dir='ltr'><strong>in</strong></span> <span class='ocrx_word' id='word_1_609' title='bbox 2818 4080 3074 4133; x_wconf 87' lang='lat' dir='ltr'><strong>felicitate</strong></span> <span class='ocrx_word' id='word_1_610' title='bbox 3103 4078 3326 4131; x_wconf 89' lang='lat' dir='ltr'><strong>alterius</strong></span> <span class='ocrx_word' id='word_1_611' title='bbox 3353 4076 3489 4131; x_wconf 89' lang='lat' dir='ltr'><strong>bila—</strong></span> <span class='ocrx_word' id='word_1_612' title='bbox 3552 4078 3556 4082; x_wconf 81' lang='grc'><em>’</em></span> 
     </span>
    </p>
   </div>
   <div class='ocr_carea' id='block_1_88' title="bbox 1908 4164 3487 4237">
    <p class='ocr_par' dir='ltr' id='par_1_88' title="bbox 1908 4164 3487 4237">
     <span class='ocr_line' id='line_1_88' title="bbox 1908 4164 3487 4237; baseline -0.005 -8"><span class='ocrx_word' id='word_1_613' title='bbox 1908 4182 2146 4237; x_wconf 90' lang='lat' dir='ltr'><strong>rescunt,</strong></span> <span class='ocrx_word' id='word_1_614' title='bbox 2174 4171 2504 4226; x_wconf 87' lang='lat' dir='ltr'><strong>infelicitatis</strong></span> <span class='ocrx_word' id='word_1_615' title='bbox 2531 4175 2906 4237; x_wconf 91' lang='lat' dir='ltr'><strong>tempestatem</strong></span> <span class='ocrx_word' id='word_1_616' title='bbox 2934 4165 3205 4236; x_wconf 83' lang='lat' dir='ltr'><strong>refugiunt</strong></span> <span class='ocrx_word' id='word_1_617' title='bbox 3230 4164 3379 4236; x_wconf 62' lang='grc' dir='ltr'><strong>μη,</strong></span> <span class='ocrx_word' id='word_1_618' title='bbox 3403 4180 3487 4221; x_wconf 84' lang='lat' dir='ltr'><strong>re-</strong></span> 
     </span>
    </p>
   </div>
   <div class='ocr_carea' id='block_1_89' title="bbox 1908 4256 3485 4334">
    <p class='ocr_par' dir='ltr' id='par_1_89' title="bbox 1908 4256 3485 4334">
     <span class='ocr_line' id='line_1_89' title="bbox 1908 4256 3485 4334; baseline -0.006 -17"><span class='ocrx_word' id='word_1_619' title='bbox 1908 4261 2089 4334; x_wconf 85' lang='lat' dir='ltr'><strong>fugit].</strong></span> <span class='ocrx_word' id='word_1_620' title='bbox 2117 4260 2252 4315; x_wconf 86' lang='lat' dir='ltr'><strong>Nam</strong></span> <span class='ocrx_word' id='word_1_621' title='bbox 2276 4259 2415 4315; x_wconf 90' lang='lat' dir='ltr'><strong>sicut</strong></span> <span class='ocrx_word' id='word_1_622' title='bbox 2433 4260 2524 4314; x_wconf 87' lang='lat' dir='ltr'><strong>lux</strong></span> <span class='ocrx_word' id='word_1_623' title='bbox 2545 4266 2602 4313; x_wconf 89' lang='lat' dir='ltr'><strong>et</strong></span> <span class='ocrx_word' id='word_1_624' title='bbox 2622 4258 2856 4314; x_wconf 84' lang='lat' dir='ltr'><strong>tenebrae</strong></span> <span class='ocrx_word' id='word_1_625' title='bbox 2877 4257 3154 4310; x_wconf 87' lang='lat' dir='ltr'><strong>variantur</strong></span> <span class='ocrx_word' id='word_1_626' title='bbox 3172 4256 3317 4310; x_wconf 90' lang='lat' dir='ltr'><strong>vices</strong></span> <span class='ocrx_word' id='word_1_627' title='bbox 3339 4268 3485 4320; x_wconf 89' lang='lat' dir='ltr'><strong>suas,</strong></span> 
     </span>
    </p>
   </div>
   <div class='ocr_carea' id='block_1_90' title="bbox 1907 4344 3487 4422">
    <p class='ocr_par' dir='ltr' id='par_1_90' title="bbox 1907 4344 3487 4422">
     <span class='ocr_line' id='line_1_90' title="bbox 1907 4344 3487 4422; baseline -0.006 -14"><span class='ocrx_word' id='word_1_628' title='bbox 1907 4353 1983 4409; x_wconf 88' lang='lat' dir='ltr'><strong>ita</strong></span> <span class='ocrx_word' id='word_1_629' title='bbox 2020 4350 2177 4421; x_wconf 85' lang='lat' dir='ltr'><strong>hujus</strong></span> <span class='ocrx_word' id='word_1_630' title='bbox 2215 4351 2338 4406; x_wconf 68' lang='lat' dir='ltr'><strong>vitae</strong></span> <span class='ocrx_word' id='word_1_631' title='bbox 2383 4349 2714 4422; x_wconf 88' lang='lat' dir='ltr'><strong>prosperitas</strong></span> <span class='ocrx_word' id='word_1_632' title='bbox 2757 4356 2812 4405; x_wconf 90' lang='lat' dir='ltr'><strong>et</strong></span> <span class='ocrx_word' id='word_1_633' title='bbox 2859 4347 3156 4403; x_wconf 86' lang='lat' dir='ltr'><strong>adversitas</strong></span> <span class='ocrx_word' id='word_1_634' title='bbox 3200 4344 3487 4401; x_wconf 86' lang='lat' dir='ltr'><strong>variahiles</strong></span> 
     </span>
    </p>
   </div>
   <div class='ocr_carea' id='block_1_91' title="bbox 291 4508 3487 4598">
    <p class='ocr_par' dir='ltr' id='par_1_91' title="bbox 291 4508 3487 4598">
     <span class='ocr_line' id='line_1_91' title="bbox 291 4508 3487 4598; baseline -0.004 -9"><span class='ocrx_word' id='word_1_635' title='bbox 291 4535 318 4564; x_wconf 81' lang='grc'><strong>⁸</strong></span> <span class='ocrx_word' id='word_1_636' title='bbox 355 4519 719 4598; x_wconf 55' lang='grc' dir='ltr'><strong>Χρηράοειξέηο</strong></span> <span class='ocrx_word' id='word_1_637' title='bbox 742 4525 825 4598; x_wconf 75' lang='lat' dir='ltr'><strong>De</strong></span> <span class='ocrx_word' id='word_1_638' title='bbox 851 4525 935 4598; x_wconf 61' lang='lat' dir='ltr'><strong>bis</strong></span> <span class='ocrx_word' id='word_1_639' title='bbox 958 4524 1296 4598; x_wconf 65' lang='lat' dir='ltr'><strong>VidgLudov-</strong></span> <span class='ocrx_word' id='word_1_640' title='bbox 1334 4523 1717 4598; x_wconf 65' lang='lat' dir='ltr'><strong>ThomaSSin&#39;Js</strong></span> <span class='ocrx_word' id='word_1_641' title='bbox 1747 4524 1800 4579; x_wconf 77' lang='lat' dir='ltr'><strong>in</strong></span> <span class='ocrx_word' id='word_1_642' title='bbox 1832 4508 1886 4570; x_wconf 70' lang='lat' dir='ltr'><strong>D</strong></span> <span class='ocrx_word' id='word_1_643' title='bbox 1909 4530 2160 4588; x_wconf 85' lang='lat' dir='ltr'><strong>defensor</strong></span> <span class='ocrx_word' id='word_1_644' title='bbox 2198 4530 2455 4585; x_wconf 82' lang='lat' dir='ltr'><strong>adversus</strong></span> <span class='ocrx_word' id='word_1_645' title='bbox 2491 4528 2626 4584; x_wconf 90' lang='lat' dir='ltr'><strong>alios</strong></span> <span class='ocrx_word' id='word_1_646' title='bbox 2664 4534 3036 4598; x_wconf 85' lang='lat' dir='ltr'><strong>persecutores</strong></span> <span class='ocrx_word' id='word_1_647' title='bbox 3074 4523 3392 4593; x_wconf 84' lang='lat' dir='ltr'><strong>imploratur</strong></span> <span class='ocrx_word' id='word_1_648' title='bbox 3418 4520 3487 4598; x_wconf 76' lang='lat' dir='ltr'><strong>ab</strong></span> 
     </span>
    </p>
   </div>
   <div class='ocr_carea' id='block_1_92' title="bbox 229 4587 1799 4716">
    <p class='ocr_par' dir='ltr' id='par_1_92' title="bbox 229 4587 1799 4716">
     <span class='ocr_line' id='line_1_92' title="bbox 229 4587 1799 4665; baseline 0.002 -20"><span class='ocrx_word' id='word_1_649' title='bbox 229 4587 339 4647; x_wconf 70' lang='lat' dir='ltr'><strong>Yet.</strong></span> <span class='ocrx_word' id='word_1_650' title='bbox 371 4594 445 4649; x_wconf 82' lang='lat' dir='ltr'><strong>et‘</strong></span> <span class='ocrx_word' id='word_1_651' title='bbox 471 4593 602 4649; x_wconf 84' lang='lat' dir='ltr'><strong>Nov.</strong></span> <span class='ocrx_word' id='word_1_652' title='bbox 633 4594 837 4650; x_wconf 84' lang='lat' dir='ltr'><strong>Eccles.</strong></span> <span class='ocrx_word' id='word_1_653' title='bbox 880 4594 1160 4665; x_wconf 88' lang='lat' dir='ltr'><strong>disciplina</strong></span> <span class='ocrx_word' id='word_1_654' title='bbox 1191 4603 1332 4664; x_wconf 90' lang='lat' dir='ltr'><strong>part.</strong></span> <span class='ocrx_word' id='word_1_655' title='bbox 1374 4610 1414 4659; x_wconf 83' lang='grc' dir='ltr'><strong>ι,</strong></span> <span class='ocrx_word' id='word_1_656' title='bbox 1454 4594 1543 4649; x_wconf 91' lang='lat' dir='ltr'><strong>lib.</strong></span> <span class='ocrx_word' id='word_1_657' title='bbox 1578 4611 1642 4659; x_wconf 83' lang='grc' dir='ltr'><strong>ιι,</strong></span> <span class='ocrx_word' id='word_1_658' title='bbox 1679 4610 1799 4665; x_wconf 89' lang='lat' dir='ltr'><strong>cap.</strong></span> 
     </span>
     <span class='ocr_line' id='line_1_93' title="bbox 229 4662 603 4716; baseline 0 0"><span class='ocrx_word' id='word_1_659' title='bbox 229 4662 311 4716; x_wconf 84' lang='lat'><strong>89.</strong></span> <span class='ocrx_word' id='word_1_660' title='bbox 345 4663 603 4716; x_wconf 58' lang='lat' dir='ltr'><strong>Passum.</strong></span> 
     </span>
    </p>
   </div>
   <div class='ocr_carea' id='block_1_93' title="bbox 264 4679 603 4719">
    <p class='ocr_par' dir='ltr' id='par_1_93' title="bbox 264 4679 603 4719">
     <span class='ocr_line' id='line_1_94' title="bbox 264 4679 603 4719; baseline 0.006 -3"><span class='ocrx_word' id='word_1_661' title='bbox 264 4679 311 4716; x_wconf 60' lang='grc' dir='ltr'><strong>ξ.</strong></span> <span class='ocrx_word' id='word_1_662' title='bbox 345 4679 603 4719; x_wconf 65' lang='grc' dir='ltr'><strong>ιιλεδιοΝ.</strong></span> 
     </span>
    </p>
   </div>
   <div class='ocr_carea' id='block_1_94' title="bbox 294 4731 1641 4805">
    <p class='ocr_par' dir='ltr' id='par_1_94' title="bbox 294 4731 1641 4805">
     <span class='ocr_line' id='line_1_95' title="bbox 294 4731 1641 4805; baseline 0.001 -18"><span class='ocrx_word' id='word_1_663' title='bbox 294 4733 321 4772; x_wconf 73' lang='grc' dir='ltr'><strong>ι»</strong></span> <span class='ocrx_word' id='word_1_664' title='bbox 360 4735 507 4805; x_wconf 63' lang='lat' dir='ltr'><strong>Edit.</strong></span> <span class='ocrx_word' id='word_1_665' title='bbox 541 4733 789 4805; x_wconf 82' lang='lat' dir='ltr'><strong>Quercet.</strong></span> <span class='ocrx_word' id='word_1_666' title='bbox 820 4734 907 4799; x_wconf 87' lang='lat'><strong>7&#39;1,</strong></span> <span class='ocrx_word' id='word_1_667' title='bbox 936 4734 1116 4790; x_wconf 88' lang='lat' dir='ltr'><strong>Canis.</strong></span> <span class='ocrx_word' id='word_1_668' title='bbox 1147 4733 1217 4788; x_wconf 70' lang='grc'>44</span> <span class='ocrx_word' id='word_1_669' title='bbox 1249 4731 1501 4805; x_wconf 83' lang='lat' dir='ltr'><strong>(Froben.</strong></span> <span class='ocrx_word' id='word_1_670' title='bbox 1531 4732 1641 4803; x_wconf 76' lang='lat'><strong>5|).</strong></span> 
     </span>
    </p>
   </div>
   <div class='ocr_carea' id='block_1_95' title="bbox 296 4803 1807 4874">
    <p class='ocr_par' dir='ltr' id='par_1_95' title="bbox 296 4803 1807 4874">
     <span class='ocr_line' id='line_1_96' title="bbox 296 4803 1807 4874; baseline 0.002 -18"><span class='ocrx_word' id='word_1_671' title='bbox 296 4813 318 4874; x_wconf 60' lang='grc' dir='ltr'>ξ</span> <span class='ocrx_word' id='word_1_672' title='bbox 361 4803 674 4858; x_wconf 67' lang='grc' dir='ltr'><strong>ίΕιΙιεινεάο</strong></span> <span class='ocrx_word' id='word_1_673' title='bbox 714 4805 968 4874; x_wconf 85' lang='lat' dir='ltr'><strong>episcopo.</strong></span> <span class='ocrx_word' id='word_1_674' title='bbox 1021 4805 1171 4859; x_wconf 90' lang='lat' dir='ltr'><strong>Hanc</strong></span> <span class='ocrx_word' id='word_1_675' title='bbox 1213 4803 1662 4874; x_wconf 71' lang='lat' dir='ltr'><strong>inscriptionem,</strong></span> <span class='ocrx_word' id='word_1_676' title='bbox 1687 4819 1807 4874; x_wconf 68' lang='lat' dir='ltr'><strong>qua:</strong></span> 
     </span>
    </p>
   </div>
   <div class='ocr_carea' id='block_1_96' title="bbox 231 4860 1808 4941">
    <p class='ocr_par' dir='ltr' id='par_1_96' title="bbox 231 4860 1808 4941">
     <span class='ocr_line' id='line_1_97' title="bbox 231 4860 1808 4941; baseline 0.003 -17"><span class='ocrx_word' id='word_1_677' title='bbox 231 4860 457 4926; x_wconf 74' lang='lat' dir='ltr'><strong>habetur</strong></span> <span class='ocrx_word' id='word_1_678' title='bbox 483 4874 623 4941; x_wconf 90' lang='lat' dir='ltr'><strong>apud</strong></span> <span class='ocrx_word' id='word_1_679' title='bbox 646 4860 947 4939; x_wconf 76' lang='lat' dir='ltr'><strong>Canisium,</strong></span> <span class='ocrx_word' id='word_1_680' title='bbox 978 4875 1157 4928; x_wconf 88' lang='lat' dir='ltr'><strong>omisit</strong></span> <span class='ocrx_word' id='word_1_681' title='bbox 1194 4860 1578 4940; x_wconf 75' lang='lat' dir='ltr'><strong>Quereétanus.</strong></span> <span class='ocrx_word' id='word_1_682' title='bbox 1622 4860 1808 4928; x_wconf 80' lang='lat' dir='ltr'><strong>Nullus</strong></span> 
     </span>
    </p>
   </div>
   <div class='ocr_carea' id='block_1_97' title="bbox 232 4942 1806 5014">
    <p class='ocr_par' dir='ltr' id='par_1_97' title="bbox 232 4942 1806 5014">
     <span class='ocr_line' id='line_1_98' title="bbox 232 4942 1806 5014; baseline 0 -19"><span class='ocrx_word' id='word_1_683' title='bbox 232 4948 355 5014; x_wconf 72' lang='lat' dir='ltr'><strong>vero</strong></span> <span class='ocrx_word' id='word_1_684' title='bbox 376 4942 585 5014; x_wconf 85' lang='lat' dir='ltr'><strong>dubito,</strong></span> <span class='ocrx_word' id='word_1_685' title='bbox 611 4942 893 5014; x_wconf 88' lang='lat' dir='ltr'><strong>legendum</strong></span> <span class='ocrx_word' id='word_1_686' title='bbox 914 4958 1032 4999; x_wconf 88' lang='lat' dir='ltr'><strong>esse</strong></span> <span class='ocrx_word' id='word_1_687' title='bbox 1055 4962 1070 4997; x_wconf 87' lang='lat'><strong>:</strong></span> <span class='ocrx_word' id='word_1_688' title='bbox 1099 4944 1428 5014; x_wconf 68' lang='lat' dir='ltr'><strong>Ai&#39;thelardo.</strong></span> <span class='ocrx_word' id='word_1_689' title='bbox 1461 4944 1638 4999; x_wconf 88' lang='lat' dir='ltr'><strong>Monet</strong></span> <span class='ocrx_word' id='word_1_690' title='bbox 1663 4943 1806 5014; x_wconf 86' lang='lat' dir='ltr'><strong>enim</strong></span> 
     </span>
    </p>
   </div>
   <div class='ocr_carea' id='block_1_98' title="bbox 233 5010 1805 5083">
    <p class='ocr_par' dir='ltr' id='par_1_98' title="bbox 233 5010 1805 5083">
     <span class='ocr_line' id='line_1_99' title="bbox 233 5010 1805 5083; baseline 0.002 -21"><span class='ocrx_word' id='word_1_691' title='bbox 233 5022 295 5083; x_wconf 66' lang='lat' dir='ltr'><strong>ue</strong></span> <span class='ocrx_word' id='word_1_692' title='bbox 332 5010 590 5082; x_wconf 90' lang='lat' dir='ltr'><strong>fugiendo</strong></span> <span class='ocrx_word' id='word_1_693' title='bbox 631 5010 805 5083; x_wconf 77' lang='lat' dir='ltr'><strong>gentis</strong></span> <span class='ocrx_word' id='word_1_694' title='bbox 842 5029 954 5068; x_wconf 69' lang='lat' dir='ltr'><strong>suae</strong></span> <span class='ocrx_word' id='word_1_695' title='bbox 990 5013 1321 5069; x_wconf 78' lang='lat' dir='ltr'><strong>vexationem</strong></span> <span class='ocrx_word' id='word_1_696' title='bbox 1344 5053 1359 5077; x_wconf 95' lang='lat'><strong>,</strong></span> <span class='ocrx_word' id='word_1_697' title='bbox 1389 5029 1603 5083; x_wconf 81' lang='lat' dir='ltr'><strong>gregem</strong></span> <span class='ocrx_word' id='word_1_698' title='bbox 1643 5013 1745 5083; x_wconf 88' lang='lat' dir='ltr'><strong>sibi</strong></span> <span class='ocrx_word' id='word_1_699' title='bbox 1776 5028 1805 5066; x_wconf 93' lang='lat' dir='ltr'><strong>a</strong></span> 
     </span>
    </p>
   </div>
   <div class='ocr_carea' id='block_1_99' title="bbox 232 5075 1808 5152">
    <p class='ocr_par' dir='ltr' id='par_1_99' title="bbox 232 5075 1808 5152">
     <span class='ocr_line' id='line_1_100' title="bbox 232 5075 1808 5152; baseline 0.002 -20"><span class='ocrx_word' id='word_1_700' title='bbox 232 5075 337 5152; x_wconf 74' lang='lat' dir='ltr'><strong>D_ec</strong></span> <span class='ocrx_word' id='word_1_701' title='bbox 356 5075 425 5152; x_wconf 72' lang='lat' dir='ltr'><strong>ad</strong></span> <span class='ocrx_word' id='word_1_702' title='bbox 448 5075 738 5152; x_wconf 80' lang='lat' dir='ltr'><strong>regendum</strong></span> <span class='ocrx_word' id='word_1_703' title='bbox 760 5084 1106 5138; x_wconf 88' lang='lat' dir='ltr'><strong>commissum</strong></span> <span class='ocrx_word' id='word_1_704' title='bbox 1126 5075 1366 5146; x_wconf 82' lang='lat' dir='ltr'><strong>deserat;</strong></span> <span class='ocrx_word' id='word_1_705' title='bbox 1387 5075 1527 5151; x_wconf 65' lang='lat' dir='ltr'><strong>quod</strong></span> <span class='ocrx_word' id='word_1_706' title='bbox 1546 5082 1808 5137; x_wconf 90' lang='lat' dir='ltr'><strong>monitum</strong></span> 
     </span>
    </p>
   </div>
   <div class='ocr_carea' id='block_1_100' title="bbox 234 5146 1810 5233">
    <p class='ocr_par' dir='ltr' id='par_1_100' title="bbox 234 5146 1810 5233">
     <span class='ocr_line' id='line_1_101' title="bbox 234 5146 1810 5233; baseline 0.001 -30"><span class='ocrx_word' id='word_1_707' title='bbox 234 5146 636 5233; x_wconf 51' lang='lat' dir='ltr'><strong>@thilhardpm</strong></span> <span class='ocrx_word' id='word_1_708' title='bbox 665 5153 1122 5233; x_wconf 70' lang='lat' dir='ltr'><strong>Dorpvernepsem</strong></span> <span class='ocrx_word' id='word_1_709' title='bbox 1150 5146 1458 5233; x_wconf 68' lang='lat' dir='ltr'><strong>episcopum</strong></span> <span class='ocrx_word' id='word_1_710' title='bbox 1489 5151 1690 5233; x_wconf 73' lang='lat' dir='ltr'><strong>tangit,</strong></span> <span class='ocrx_word' id='word_1_711' title='bbox 1715 5166 1810 5233; x_wconf 57' lang='lat' dir='ltr'><strong>cu:-</strong></span> 
     </span>
    </p>
   </div>
   <div class='ocr_carea' id='block_1_101' title="bbox 231 5217 1805 5360">
    <p class='ocr_par' dir='ltr' id='par_1_101' title="bbox 231 5217 1805 5360">
     <span class='ocr_line' id='line_1_102' title="bbox 231 5217 1805 5292; baseline 0.001 -21"><span class='ocrx_word' id='word_1_712' title='bbox 231 5217 314 5286; x_wconf 83' lang='lat' dir='ltr'><strong>jus</strong></span> <span class='ocrx_word' id='word_1_713' title='bbox 338 5222 507 5276; x_wconf 90' lang='lat' dir='ltr'><strong>etiam</strong></span> <span class='ocrx_word' id='word_1_714' title='bbox 534 5220 732 5276; x_wconf 89' lang='lat' dir='ltr'><strong>factam</strong></span> <span class='ocrx_word' id='word_1_715' title='bbox 754 5223 943 5277; x_wconf 90' lang='lat' dir='ltr'><strong>deinde</strong></span> <span class='ocrx_word' id='word_1_716' title='bbox 973 5221 1148 5292; x_wconf 86' lang='lat' dir='ltr'><strong>fugam</strong></span> <span class='ocrx_word' id='word_1_717' title='bbox 1177 5217 1446 5291; x_wconf 84' lang='lat' dir='ltr'><strong>improbat</strong></span> <span class='ocrx_word' id='word_1_718' title='bbox 1471 5217 1693 5291; x_wconf 76' lang='lat' dir='ltr'><strong>epistola</strong></span> <span class='ocrx_word' id='word_1_719' title='bbox 1718 5219 1805 5274; x_wconf 78' lang='lat'><strong>75.</strong></span> 
     </span>
     <span class='ocr_line' id='line_1_103' title="bbox 299 5288 1805 5360; baseline -0.004 -14"><span class='ocrx_word' id='word_1_720' title='bbox 299 5288 328 5328; x_wconf 69' lang='grc' dir='ltr'>ἀ</span> <span class='ocrx_word' id='word_1_721' title='bbox 366 5289 570 5360; x_wconf 81' lang='lat' dir='ltr'><strong>Scripsi</strong></span> <span class='ocrx_word' id='word_1_722' title='bbox 598 5292 666 5345; x_wconf 85' lang='lat' dir='ltr'><strong>ad</strong></span> <span class='ocrx_word' id='word_1_723' title='bbox 694 5290 940 5360; x_wconf 72' lang='lat' dir='ltr'><strong>Oﬂ‘anum</strong></span> <span class='ocrx_word' id='word_1_724' title='bbox 978 5307 1164 5360; x_wconf 88' lang='lat' dir='ltr'><strong>regem.</strong></span> <span class='ocrx_word' id='word_1_725' title='bbox 1199 5291 1322 5346; x_wconf 58' lang='lat' dir='ltr'><strong>Haec</strong></span> <span class='ocrx_word' id='word_1_726' title='bbox 1349 5292 1570 5360; x_wconf 86' lang='lat' dir='ltr'><strong>epistola</strong></span> <span class='ocrx_word' id='word_1_727' title='bbox 1600 5289 1805 5360; x_wconf 86' lang='lat' dir='ltr'><strong>deside-</strong></span> 
     </span>
    </p>
   </div>
   <div class='ocr_carea' id='block_1_102' title="bbox 411 5305 1811 5345">
    <p class='ocr_par' dir='ltr' id='par_1_102' title="bbox 411 5305 1811 5345">
     <span class='ocr_line' id='line_1_104' title="bbox 411 5305 1811 5345; baseline -0.001 0"><span class='ocrx_word' id='word_1_728' title='bbox 411 5308 570 5345; x_wconf 70' lang='lat' dir='ltr'><strong>enus:</strong></span> <span class='ocrx_word' id='word_1_729' title='bbox 598 5305 665 5345; x_wconf 84' lang='grc' dir='ltr'><em>αα</em></span> <span class='ocrx_word' id='word_1_730' title='bbox 694 5305 940 5345; x_wconf 83' lang='lat' dir='ltr'><strong>Ultanum</strong></span> <span class='ocrx_word' id='word_1_731' title='bbox 978 5307 1164 5345; x_wconf 88' lang='lat' dir='ltr'><strong>reaem.</strong></span> <span class='ocrx_word' id='word_1_732' title='bbox 1200 5305 1322 5345; x_wconf 68' lang='grc' dir='ltr'><strong>τιωο</strong></span> <span class='ocrx_word' id='word_1_733' title='bbox 1349 5305 1570 5345; x_wconf 70' lang='grc' dir='ltr'><strong>θῡιςιοιίι</strong></span> <span class='ocrx_word' id='word_1_734' title='bbox 1600 5305 1811 5344; x_wconf 83' lang='lat' dir='ltr'><strong>uesme-</strong></span> 
     </span>
    </p>
   </div>
   <div class='ocr_carea' id='block_1_103' title="bbox 236 5305 1809 5430">
    <p class='ocr_par' dir='ltr' id='par_1_103' title="bbox 236 5305 1809 5430">
     <span class='ocr_line' id='line_1_105' title="bbox 299 5305 1809 5361; baseline -0.001 -16"><span class='ocrx_word' id='word_1_735' title='bbox 299 5305 328 5328; x_wconf 76' lang='grc' dir='ltr'>α</span> <span class='ocrx_word' id='word_1_736' title='bbox 366 5305 570 5361; x_wconf 71' lang='grc' dir='ltr'><strong>δσηρει</strong></span> <span class='ocrx_word' id='word_1_737' title='bbox 598 5305 665 5345; x_wconf 83' lang='grc' dir='ltr'><em>αα</em></span> <span class='ocrx_word' id='word_1_738' title='bbox 694 5305 940 5360; x_wconf 70' lang='lat' dir='ltr'><strong>tif/anum</strong></span> <span class='ocrx_word' id='word_1_739' title='bbox 978 5307 1164 5360; x_wconf 89' lang='lat' dir='ltr'><strong>regem.</strong></span> <span class='ocrx_word' id='word_1_740' title='bbox 1200 5305 1322 5346; x_wconf 61' lang='lat' dir='ltr'><strong>uase</strong></span> <span class='ocrx_word' id='word_1_741' title='bbox 1349 5305 1570 5359; x_wconf 79' lang='lat' dir='ltr'><strong>epistom</strong></span> <span class='ocrx_word' id='word_1_742' title='bbox 1600 5305 1809 5344; x_wconf 82' lang='lat' dir='ltr'><strong>aesme—</strong></span> 
     </span>
     <span class='ocr_line' id='line_1_106' title="bbox 236 5359 1809 5430; baseline 0.003 -21"><span class='ocrx_word' id='word_1_743' title='bbox 236 5365 414 5430; x_wconf 76' lang='lat' dir='ltr'><strong>ratur;</strong></span> <span class='ocrx_word' id='word_1_744' title='bbox 459 5375 526 5415; x_wconf 91' lang='lat' dir='ltr'><strong>ex</strong></span> <span class='ocrx_word' id='word_1_745' title='bbox 564 5377 668 5430; x_wconf 89' lang='lat' dir='ltr'><strong>qua</strong></span> <span class='ocrx_word' id='word_1_746' title='bbox 699 5362 822 5415; x_wconf 88' lang='lat' dir='ltr'><strong>sciri</strong></span> <span class='ocrx_word' id='word_1_747' title='bbox 864 5362 1113 5415; x_wconf 85' lang='lat' dir='ltr'><strong>fortassis</strong></span> <span class='ocrx_word' id='word_1_748' title='bbox 1149 5369 1328 5428; x_wconf 89' lang='lat' dir='ltr'><strong>posset</strong></span> <span class='ocrx_word' id='word_1_749' title='bbox 1370 5376 1488 5428; x_wconf 72' lang='lat' dir='ltr'><strong>qum</strong></span> <span class='ocrx_word' id='word_1_750' title='bbox 1534 5359 1692 5414; x_wconf 91' lang='lat' dir='ltr'><strong>fuerit</strong></span> <span class='ocrx_word' id='word_1_751' title='bbox 1720 5359 1809 5413; x_wconf 90' lang='lat' dir='ltr'><strong>illa</strong></span> 
     </span>
    </p>
   </div>
   <div class='ocr_carea' id='block_1_104' title="bbox 238 5426 1807 5499">
    <p class='ocr_par' dir='ltr' id='par_1_104' title="bbox 238 5426 1807 5499">
     <span class='ocr_line' id='line_1_107' title="bbox 238 5426 1807 5499; baseline -0.001 -17"><span class='ocrx_word' id='word_1_752' title='bbox 238 5426 512 5499; x_wconf 62' lang='lat' dir='ltr'><strong>tribulatio</strong></span> <span class='ocrx_word' id='word_1_753' title='bbox 533 5426 692 5499; x_wconf 80' lang='lat' dir='ltr'><strong>quam</strong></span> <span class='ocrx_word' id='word_1_754' title='bbox 720 5430 1106 5485; x_wconf 58' lang='lat' dir='ltr'><strong>zEtbelhardus</strong></span> <span class='ocrx_word' id='word_1_755' title='bbox 1124 5426 1323 5497; x_wconf 64' lang='lat' dir='ltr'><strong>agente</strong></span> <span class='ocrx_word' id='word_1_756' title='bbox 1347 5426 1443 5483; x_wconf 73' lang='lat' dir='ltr'><strong>sua</strong></span> <span class='ocrx_word' id='word_1_757' title='bbox 1473 5430 1580 5499; x_wconf 91' lang='lat' dir='ltr'><strong>pati</strong></span> <span class='ocrx_word' id='word_1_758' title='bbox 1604 5430 1807 5499; x_wconf 79' lang='lat' dir='ltr'><strong>debuit.</strong></span> 
     </span>
    </p>
   </div>
   <div class='ocr_carea' id='block_1_105' title="bbox 237 5493 1811 5570">
    <p class='ocr_par' dir='ltr' id='par_1_105' title="bbox 237 5493 1811 5570">
     <span class='ocr_line' id='line_1_108' title="bbox 237 5493 1811 5570; baseline 0.002 -21"><span class='ocrx_word' id='word_1_759' title='bbox 237 5493 512 5570; x_wconf 32' lang='lat' dir='ltr'><strong>Nou‘ergo</strong></span> <span class='ocrx_word' id='word_1_760' title='bbox 545 5493 611 5555; x_wconf 74' lang='lat' dir='ltr'><strong>de</strong></span> <span class='ocrx_word' id='word_1_761' title='bbox 648 5501 736 5555; x_wconf 89' lang='lat' dir='ltr'><strong>illa</strong></span> <span class='ocrx_word' id='word_1_762' title='bbox 775 5500 860 5555; x_wconf 91' lang='lat' dir='ltr'><strong>hic</strong></span> <span class='ocrx_word' id='word_1_763' title='bbox 893 5493 1264 5570; x_wconf 75' lang='lat' dir='ltr'><strong>persecutione</strong></span> <span class='ocrx_word' id='word_1_764' title='bbox 1296 5493 1811 5570; x_wconf 14' lang='lat' dir='ltr'><strong>agitur&#39;quamAOﬁ&#39;a</strong></span> 
     </span>
    </p>
   </div>
   <div class='ocr_carea' id='block_1_106' title="bbox 241 5568 1813 5635">
    <p class='ocr_par' dir='ltr' id='par_1_106' title="bbox 241 5568 1813 5635">
     <span class='ocr_line' id='line_1_109' title="bbox 241 5568 1813 5635; baseline 0.001 -15"><span class='ocrx_word' id='word_1_765' title='bbox 241 5580 331 5621; x_wconf 88' lang='lat' dir='ltr'><strong>rex</strong></span> <span class='ocrx_word' id='word_1_766' title='bbox 361 5568 681 5626; x_wconf 80' lang='lat' dir='ltr'><strong>Merciorum</strong></span> <span class='ocrx_word' id='word_1_767' title='bbox 704 5571 943 5625; x_wconf 67' lang='lat' dir='ltr'><strong>ecclesia:</strong></span> <span class='ocrx_word' id='word_1_768' title='bbox 967 5568 1353 5624; x_wconf 34' lang='lat' dir='ltr'><strong>Cantuariensi’</strong></span> <span class='ocrx_word' id='word_1_769' title='bbox 1375 5570 1581 5630; x_wconf 80' lang='lat' dir='ltr'><strong>intulit,</strong></span> <span class='ocrx_word' id='word_1_770' title='bbox 1608 5568 1813 5635; x_wconf 83' lang='lat' dir='ltr'><strong>episco-</strong></span> 
     </span>
    </p>
   </div>
   <div class='ocr_carea' id='block_1_107' title="bbox 240 5638 1811 5709">
    <p class='ocr_par' dir='ltr' id='par_1_107' title="bbox 240 5638 1811 5709">
     <span class='ocr_line' id='line_1_110' title="bbox 240 5638 1811 5709; baseline 0 -18"><span class='ocrx_word' id='word_1_771' title='bbox 240 5646 395 5702; x_wconf 83' lang='lat' dir='ltr'><strong>patus</strong></span> <span class='ocrx_word' id='word_1_772' title='bbox 433 5640 558 5696; x_wconf 93' lang='lat' dir='ltr'><strong>huic</strong></span> <span class='ocrx_word' id='word_1_773' title='bbox 586 5641 697 5695; x_wconf 91' lang='lat' dir='ltr'><strong>sedi</strong></span> <span class='ocrx_word' id='word_1_774' title='bbox 727 5639 1128 5709; x_wconf 74' lang='lat' dir='ltr'><strong>metropoliticze</strong></span> <span class='ocrx_word' id='word_1_775' title='bbox 1157 5639 1423 5709; x_wconf 85' lang='lat' dir='ltr'><strong>subjectos</strong></span> <span class='ocrx_word' id='word_1_776' title='bbox 1454 5638 1811 5709; x_wconf 73' lang='lat' dir='ltr'><strong>Liclnefeldam</strong></span> 
     </span>
    </p>
   </div>
   <div class='ocr_carea' id='block_1_108' title="bbox 244 5708 1813 5777">
    <p class='ocr_par' dir='ltr' id='par_1_108' title="bbox 244 5708 1813 5777">
     <span class='ocr_line' id='line_1_111' title="bbox 244 5708 1813 5777; baseline 0.002 -19"><span class='ocrx_word' id='word_1_777' title='bbox 244 5710 630 5777; x_wconf 83' lang='lat' dir='ltr'><strong>transferendo,</strong></span> <span class='ocrx_word' id='word_1_778' title='bbox 672 5717 729 5764; x_wconf 93' lang='lat' dir='ltr'><strong>ut</strong></span> <span class='ocrx_word' id='word_1_779' title='bbox 756 5708 1003 5765; x_wconf 79' lang='lat' dir='ltr'><strong>Canisius</strong></span> <span class='ocrx_word' id='word_1_780' title='bbox 1040 5710 1142 5764; x_wconf 92' lang='lat' dir='ltr'><strong>hoc</strong></span> <span class='ocrx_word' id='word_1_781' title='bbox 1180 5708 1295 5764; x_wconf 87' lang='lat' dir='ltr'><strong>loco</strong></span> <span class='ocrx_word' id='word_1_782' title='bbox 1328 5708 1671 5762; x_wconf 85' lang='lat' dir='ltr'><strong>existimavit.</strong></span> <span class='ocrx_word' id='word_1_783' title='bbox 1703 5709 1813 5761; x_wconf 88' lang='lat' dir='ltr'><strong>Imo</strong></span> 
     </span>
    </p>
   </div>
   <div class='ocr_carea' id='block_1_109' title="bbox 245 5777 1813 5851">
    <p class='ocr_par' dir='ltr' id='par_1_109' title="bbox 245 5777 1813 5851">
     <span class='ocr_line' id='line_1_112' title="bbox 245 5777 1813 5851; baseline 0 -21"><span class='ocrx_word' id='word_1_784' title='bbox 245 5791 334 5831; x_wconf 76' lang='lat' dir='ltr'><strong>rex</strong></span> <span class='ocrx_word' id='word_1_785' title='bbox 360 5778 474 5837; x_wconf 78' lang='lat' dir='ltr'><strong>Oll’a</strong></span> <span class='ocrx_word' id='word_1_786' title='bbox 502 5782 591 5838; x_wconf 94' lang='lat' dir='ltr'><strong>hic</strong></span> <span class='ocrx_word' id='word_1_787' title='bbox 620 5796 723 5837; x_wconf 89' lang='lat' dir='ltr'><strong>non</strong></span> <span class='ocrx_word' id='word_1_788' title='bbox 750 5789 807 5834; x_wconf 88' lang='lat' dir='ltr'><strong>ut</strong></span> <span class='ocrx_word' id='word_1_789' title='bbox 836 5788 1148 5851; x_wconf 89' lang='lat' dir='ltr'><strong>persecutor</strong></span> <span class='ocrx_word' id='word_1_790' title='bbox 1176 5779 1596 5850; x_wconf 84' lang='lat' dir='ltr'><strong>reprehenditur,</strong></span> <span class='ocrx_word' id='word_1_791' title='bbox 1626 5777 1718 5832; x_wconf 85' lang='lat' dir='ltr'><strong>sed</strong></span> <span class='ocrx_word' id='word_1_792' title='bbox 1756 5784 1813 5831; x_wconf 92' lang='lat' dir='ltr'><strong>ut</strong></span> 
     </span>
    </p>
   </div>
   <div class='ocr_carea' id='block_1_110' title="bbox 1907 4592 3486 4671">
    <p class='ocr_par' dir='ltr' id='par_1_110' title="bbox 1907 4592 3486 4671">
     <span class='ocr_line' id='line_1_113' title="bbox 1907 4592 3486 4671; baseline -0.008 -15"><span class='ocrx_word' id='word_1_793' title='bbox 1907 4601 2153 4657; x_wconf 92' lang='lat' dir='ltr'><strong>Alcuino.</strong></span> <span class='ocrx_word' id='word_1_794' title='bbox 2186 4600 2313 4655; x_wconf 89' lang='lat' dir='ltr'><strong>Inde</strong></span> <span class='ocrx_word' id='word_1_795' title='bbox 2335 4615 2463 4655; x_wconf 89' lang='lat' dir='ltr'><strong>vero</strong></span> <span class='ocrx_word' id='word_1_796' title='bbox 2488 4600 2651 4671; x_wconf 79' lang='lat' dir='ltr'><strong>etiam</strong></span> <span class='ocrx_word' id='word_1_797' title='bbox 2666 4592 2965 4671; x_wconf 62' lang='lat' dir='ltr'><strong>&#39;palam_est</strong></span> <span class='ocrx_word' id='word_1_798' title='bbox 2981 4636 2995 4659; x_wconf 92' lang='lat'><strong>,</strong></span> <span class='ocrx_word' id='word_1_799' title='bbox 3023 4592 3486 4671; x_wconf 55' lang='lat' dir='ltr'><strong>praesentempr</strong></span> 
     </span>
    </p>
   </div>
   <div class='ocr_carea' id='block_1_111' title="bbox 1906 4661 3485 4736">
    <p class='ocr_par' dir='ltr' id='par_1_111' title="bbox 1906 4661 3485 4736">
     <span class='ocr_line' id='line_1_114' title="bbox 1906 4661 3485 4736; baseline -0.008 -9"><span class='ocrx_word' id='word_1_800' title='bbox 1906 4673 2100 4728; x_wconf 90' lang='lat' dir='ltr'><strong>stolam</strong></span> <span class='ocrx_word' id='word_1_801' title='bbox 2137 4671 2278 4725; x_wconf 88' lang='lat' dir='ltr'><strong>ultra</strong></span> <span class='ocrx_word' id='word_1_802' title='bbox 2307 4684 2508 4724; x_wconf 90' lang='lat' dir='ltr'><strong>annum</strong></span> <span class='ocrx_word' id='word_1_803' title='bbox 2543 4667 2645 4723; x_wconf 84' lang='lat'><strong>796</strong></span> <span class='ocrx_word' id='word_1_804' title='bbox 2669 4661 2776 4736; x_wconf 77' lang='lat' dir='ltr'><strong>quo</strong></span> <span class='ocrx_word' id='word_1_805' title='bbox 2804 4664 2921 4721; x_wconf 84' lang='lat' dir='ltr'><strong>Oﬁ‘a</strong></span> <span class='ocrx_word' id='word_1_806' title='bbox 2948 4661 3043 4719; x_wconf 68' lang='lat' dir='ltr'><strong>rex</strong></span> <span class='ocrx_word' id='word_1_807' title='bbox 3072 4664 3237 4728; x_wconf 90' lang='lat' dir='ltr'><strong>obiit,</strong></span> <span class='ocrx_word' id='word_1_808' title='bbox 3280 4661 3485 4718; x_wconf 74' lang='lat' dir='ltr'><strong>differri</strong></span> 
     </span>
    </p>
   </div>
   <div class='ocr_carea' id='block_1_112' title="bbox 1905 4756 3482 4882">
    <p class='ocr_par' dir='ltr' id='par_1_112' title="bbox 1905 4756 3482 4882">
     <span class='ocr_line' id='line_1_115' title="bbox 1905 4756 3482 4882; baseline -0.006 -20"><span class='ocrx_word' id='word_1_809' title='bbox 1905 4757 2015 4882; x_wconf 33' lang='lat'><strong>#02</strong></span> <span class='ocrx_word' id='word_1_810' title='bbox 2036 4756 2370 4863; x_wconf 48' lang='lat' dir='ltr'><strong>giitsti’i’ssimre</strong></span> <span class='ocrx_word' id='word_1_811' title='bbox 2406 4808 2459 4861; x_wconf 86' lang='lat' dir='ltr'><strong>in</strong></span> <span class='ocrx_word' id='word_1_812' title='bbox 2498 4806 2703 4882; x_wconf 64' lang='lat' dir='ltr'><strong>Christo</strong></span> <span class='ocrx_word' id='word_1_813' title='bbox 2740 4805 2917 4882; x_wconf 69' lang='lat' dir='ltr'><strong>matri.</strong></span> <span class='ocrx_word' id='word_1_814' title='bbox 2976 4802 3234 4882; x_wconf 64' lang='lat' dir='ltr'><strong>Matronae</strong></span> <span class='ocrx_word' id='word_1_815' title='bbox 3271 4799 3482 4882; x_wconf 67' lang='lat' dir='ltr'><strong>cuidam</strong></span> 
     </span>
    </p>
   </div>
   <div class='ocr_carea' id='block_1_113' title="bbox 1908 4870 3481 4949">
    <p class='ocr_par' dir='ltr' id='par_1_113' title="bbox 1908 4870 3481 4949">
     <span class='ocr_line' id='line_1_116' title="bbox 1908 4870 3481 4949; baseline -0.008 -15"><span class='ocrx_word' id='word_1_816' title='bbox 1908 4880 2249 4949; x_wconf 52' lang='lat' dir='ltr'><strong>Anglicanas,</strong></span> <span class='ocrx_word' id='word_1_817' title='bbox 2298 4886 2458 4949; x_wconf 84' lang='lat' dir='ltr'><strong>prout</strong></span> <span class='ocrx_word' id='word_1_818' title='bbox 2504 4876 2695 4944; x_wconf 87' lang='lat' dir='ltr'><strong>colligo</strong></span> <span class='ocrx_word' id='word_1_819' title='bbox 2741 4890 2807 4949; x_wconf 57' lang='lat' dir='ltr'><strong>es</strong></span> <span class='ocrx_word' id='word_1_820' title='bbox 2853 4873 2939 4949; x_wconf 82' lang='lat' dir='ltr'><strong>his</strong></span> <span class='ocrx_word' id='word_1_821' title='bbox 2981 4870 3218 4949; x_wconf 73' lang='lat' dir='ltr'><strong>epistola:</strong></span> <span class='ocrx_word' id='word_1_822' title='bbox 3257 4870 3481 4927; x_wconf 87' lang='lat' dir='ltr'><strong>verbis:</strong></span> 
     </span>
    </p>
   </div>
   <div class='ocr_carea' id='block_1_114' title="bbox 1910 4943 3486 5019">
    <p class='ocr_par' dir='ltr' id='par_1_114' title="bbox 1910 4943 3486 5019">
     <span class='ocr_line' id='line_1_117' title="bbox 1910 4943 3486 5019; baseline -0.008 -17"><span class='ocrx_word' id='word_1_823' title='bbox 1910 4943 2169 5019; x_wconf 55' lang='lat' dir='ltr'><strong>Ign&#39;orans</strong></span> <span class='ocrx_word' id='word_1_824' title='bbox 2218 4948 2274 5019; x_wconf 77' lang='lat' dir='ltr'><strong>iu</strong></span> <span class='ocrx_word' id='word_1_825' title='bbox 2300 4943 2475 5019; x_wconf 79' lang='lat' dir='ltr'><strong>hujus</strong></span> <span class='ocrx_word' id='word_1_826' title='bbox 2510 4944 2824 5019; x_wconf 78' lang='lat' dir='ltr'><strong>tempes_tatis</strong></span> <span class='ocrx_word' id='word_1_827' title='bbox 2867 4943 3074 5019; x_wconf 70' lang='lat' dir='ltr'><strong>miseria</strong></span> <span class='ocrx_word' id='word_1_828' title='bbox 3098 4981 3122 5019; x_wconf 83' lang='lat'><strong>,_</strong></span> <span class='ocrx_word' id='word_1_829' title='bbox 3162 4955 3286 5019; x_wconf 74' lang='lat' dir='ltr'><strong>qu_¢e_</strong></span> <span class='ocrx_word' id='word_1_830' title='bbox 3311 4954 3486 5019; x_wconf 63' lang='lat' dir='ltr'><strong>paper</strong></span> 
     </span>
    </p>
   </div>
   <div class='ocr_carea' id='block_1_115' title="bbox 1911 5008 3482 5085">
    <p class='ocr_par' dir='ltr' id='par_1_115' title="bbox 1911 5008 3482 5085">
     <span class='ocr_line' id='line_1_118' title="bbox 1911 5008 3482 5085; baseline -0.008 -13"><span class='ocrx_word' id='word_1_831' title='bbox 1911 5008 2140 5072; x_wconf 60' lang='lat' dir='ltr'><strong>trituram</strong></span> <span class='ocrx_word' id='word_1_832' title='bbox 2170 5008 2399 5070; x_wconf 68' lang='lat' dir='ltr'><strong>turbavit</strong></span> <span class='ocrx_word' id='word_1_833' title='bbox 2423 5008 2642 5085; x_wconf 66' lang='lat' dir='ltr'><strong>gentem.</strong></span> <span class='ocrx_word' id='word_1_834' title='bbox 2680 5013 2886 5067; x_wconf 84' lang='lat' dir='ltr'><strong>Turbas</strong></span> <span class='ocrx_word' id='word_1_835' title='bbox 2912 5011 3060 5085; x_wconf 74' lang='lat' dir='ltr'><strong>‘illas_</strong></span> <span class='ocrx_word' id='word_1_836' title='bbox 3075 5008 3181 5085; x_wconf 77' lang='lat' dir='ltr'><strong>abs</strong></span> <span class='ocrx_word' id='word_1_837' title='bbox 3201 5008 3362 5085; x_wconf 66' lang='lat' dir='ltr'><strong>dubio</strong></span> <span class='ocrx_word' id='word_1_838' title='bbox 3398 5008 3482 5085; x_wconf 73' lang='lat' dir='ltr'><strong>iu-</strong></span> 
     </span>
    </p>
   </div>
   <div class='ocr_carea' id='block_1_116' title="bbox 1911 5076 3485 5156">
    <p class='ocr_par' dir='ltr' id='par_1_116' title="bbox 1911 5076 3485 5156">
     <span class='ocr_line' id='line_1_119' title="bbox 1911 5076 3485 5156; baseline -0.006 -15"><span class='ocrx_word' id='word_1_839' title='bbox 1911 5088 2137 5156; x_wconf 89' lang='lat' dir='ltr'><strong>telligit,</strong></span> <span class='ocrx_word' id='word_1_840' title='bbox 2186 5100 2305 5156; x_wconf 61' lang='lat' dir='ltr'><strong>quae</strong></span> <span class='ocrx_word' id='word_1_841' title='bbox 2347 5076 2489 5139; x_wconf 70' lang='lat' dir='ltr'><strong>anho</strong></span> <span class='ocrx_word' id='word_1_842' title='bbox 2520 5084 2622 5156; x_wconf 55' lang='lat'><strong>799</strong></span> <span class='ocrx_word' id='word_1_843' title='bbox 2649 5090 2771 5156; x_wconf 79' lang='lat' dir='ltr'><strong>post</strong></span> <span class='ocrx_word' id='word_1_844' title='bbox 2797 5077 3292 5156; x_wconf 81' lang='lat' dir='ltr'><strong>nec_em__Ethelrcdi</strong></span> <span class='ocrx_word' id='word_1_845' title='bbox 3342 5076 3485 5146; x_wconf 89' lang='lat' dir='ltr'><strong>regis</strong></span> 
     </span>
    </p>
   </div>
   <div class='ocr_carea' id='block_1_117' title="bbox 1910 5149 3482 5223">
    <p class='ocr_par' dir='ltr' id='par_1_117' title="bbox 1910 5149 3482 5223">
     <span class='ocr_line' id='line_1_120' title="bbox 1910 5149 3482 5223; baseline -0.007 -12"><span class='ocrx_word' id='word_1_846' title='bbox 1910 5149 2465 5211; x_wconf 63' lang='lat' dir='ltr'><strong>Norfhanumbrorum</strong></span> <span class='ocrx_word' id='word_1_847' title='bbox 2493 5162 2547 5209; x_wconf 91' lang='lat' dir='ltr'><strong>et</strong></span> <span class='ocrx_word' id='word_1_848' title='bbox 2574 5149 2781 5223; x_wconf 81' lang='lat' dir='ltr'><strong>ngridi</strong></span> <span class='ocrx_word' id='word_1_849' title='bbox 2805 5152 2945 5222; x_wconf 84' lang='lat' dir='ltr'><strong>regis</strong></span> <span class='ocrx_word' id='word_1_850' title='bbox 2975 5149 3294 5205; x_wconf 83' lang='lat' dir='ltr'><strong>Merciorum</strong></span> <span class='ocrx_word' id='word_1_851' title='bbox 3312 5163 3352 5223; x_wconf 88' lang='lat' dir='ltr'><strong>_a</strong></span> <span class='ocrx_word' id='word_1_852' title='bbox 3383 5161 3482 5200; x_wconf 79' lang='lat' dir='ltr'><strong>va-</strong></span> 
     </span>
    </p>
   </div>
   <div class='ocr_carea' id='block_1_118' title="bbox 1910 5218 3481 5297">
    <p class='ocr_par' dir='ltr' id='par_1_118' title="bbox 1910 5218 3481 5297">
     <span class='ocr_line' id='line_1_121' title="bbox 1910 5218 3481 5297; baseline -0.008 -16"><span class='ocrx_word' id='word_1_853' title='bbox 1910 5227 2007 5282; x_wconf 89' lang='lat' dir='ltr'><strong>riis</strong></span> <span class='ocrx_word' id='word_1_854' title='bbox 2032 5227 2182 5297; x_wconf 80' lang='lat' dir='ltr'><strong>regni</strong></span> <span class='ocrx_word' id='word_1_855' title='bbox 2211 5225 2545 5297; x_wconf 83' lang='lat' dir='ltr'><strong>invasoribus</strong></span> <span class='ocrx_word' id='word_1_856' title='bbox 2576 5218 2987 5297; x_wconf 33' lang='lat' dir='ltr'><strong>m&#39;otm‘fuer&#39;unt</strong></span> <span class='ocrx_word' id='word_1_857' title='bbox 3029 5228 3275 5297; x_wconf 63' lang='lat' dir='ltr'><strong>matrem</strong></span> <span class='ocrx_word' id='word_1_858' title='bbox 3312 5218 3481 5297; x_wconf 76' lang='lat' dir='ltr'><strong>hanc,</strong></span> 
     </span>
    </p>
   </div>
   <div class='ocr_carea' id='block_1_119' title="bbox 1949 5285 3484 5367">
    <p class='ocr_par' dir='ltr' id='par_1_119' title="bbox 1949 5285 3484 5367">
     <span class='ocr_line' id='line_1_122' title="bbox 1949 5285 3484 5367; baseline -0.008 -17"><span class='ocrx_word' id='word_1_859' title='bbox 1949 5312 2073 5350; x_wconf 86' lang='lat' dir='ltr'><strong>nam</strong></span> <span class='ocrx_word' id='word_1_860' title='bbox 2094 5285 2357 5367; x_wconf 57' lang='lat' dir='ltr'><strong>Alcuinus</strong></span> <span class='ocrx_word' id='word_1_861' title='bbox 2375 5296 2454 5367; x_wconf 84' lang='lat' dir='ltr'><strong>ob</strong></span> <span class='ocrx_word' id='word_1_862' title='bbox 2473 5302 2709 5367; x_wconf 79' lang='lat' dir='ltr'><strong>mortem</strong></span> <span class='ocrx_word' id='word_1_863' title='bbox 2739 5292 2829 5367; x_wconf 72' lang='lat' dir='ltr'><strong>ﬁlii</strong></span> <span class='ocrx_word' id='word_1_864' title='bbox 2854 5290 3188 5367; x_wconf 63' lang='lat' dir='ltr'><strong>consolatur,</strong></span> <span class='ocrx_word' id='word_1_865' title='bbox 3220 5285 3484 5367; x_wconf 74' lang='lat' dir='ltr'><strong>Quendri-</strong></span> 
     </span>
    </p>
   </div>
   <div class='ocr_carea' id='block_1_120' title="bbox 1911 5311 3483 5431">
    <p class='ocr_par' dir='ltr' id='par_1_120' title="bbox 1911 5311 3483 5431">
     <span class='ocr_line' id='line_1_123' title="bbox 1949 5311 3483 5353; baseline -0.009 -3"><span class='ocrx_word' id='word_1_866' title='bbox 1949 5312 2073 5350; x_wconf 91' lang='lat' dir='ltr'><strong>uam</strong></span> <span class='ocrx_word' id='word_1_867' title='bbox 2099 5311 2357 5348; x_wconf 71' lang='lat' dir='ltr'><strong>AlClllnllS</strong></span> <span class='ocrx_word' id='word_1_868' title='bbox 2385 5311 2454 5349; x_wconf 85' lang='lat' dir='ltr'><strong>on</strong></span> <span class='ocrx_word' id='word_1_869' title='bbox 2482 5311 2709 5347; x_wconf 81' lang='lat' dir='ltr'><strong>mortem</strong></span> <span class='ocrx_word' id='word_1_870' title='bbox 2739 5311 2829 5345; x_wconf 82' lang='lat' dir='ltr'><strong>mu</strong></span> <span class='ocrx_word' id='word_1_871' title='bbox 2861 5311 3188 5352; x_wconf 77' lang='lat' dir='ltr'><strong>consulatur,</strong></span> <span class='ocrx_word' id='word_1_872' title='bbox 3220 5311 3483 5353; x_wconf 67' lang='grc' dir='ltr'><strong>ρυυιιιιι-ι-</strong></span> 
     </span>
     <span class='ocr_line' id='line_1_124' title="bbox 1911 5311 3483 5431; baseline -0.008 -12"><span class='ocrx_word' id='word_1_873' title='bbox 1911 5311 2033 5419; x_wconf 61' lang='lat' dir='ltr'><strong>3am</strong></span> <span class='ocrx_word' id='word_1_874' title='bbox 2079 5380 2173 5419; x_wconf 91' lang='lat' dir='ltr'><strong>seu</strong></span> <span class='ocrx_word' id='word_1_875' title='bbox 2215 5363 2609 5429; x_wconf 87' lang='lat' dir='ltr'><strong>Quindredam,</strong></span> <span class='ocrx_word' id='word_1_876' title='bbox 2660 5361 2866 5431; x_wconf 65' lang='lat' dir='ltr'><strong>praefati</strong></span> <span class='ocrx_word' id='word_1_877' title='bbox 2918 5359 3122 5427; x_wconf 83' lang='lat' dir='ltr'><strong>ngridi</strong></span> <span class='ocrx_word' id='word_1_878' title='bbox 3168 5356 3483 5431; x_wconf 69' lang='lat' dir='ltr'><strong>genitricem</strong></span> 
     </span>
    </p>
   </div>
   <div class='ocr_carea' id='block_1_121' title="bbox 1912 5423 3485 5511">
    <p class='ocr_par' dir='ltr' id='par_1_121' title="bbox 1912 5423 3485 5511">
     <span class='ocr_line' id='line_1_125' title="bbox 1912 5423 3485 5511; baseline -0.008 -23"><span class='ocrx_word' id='word_1_879' title='bbox 1912 5435 2078 5490; x_wconf 86' lang='lat' dir='ltr'><strong>fuisse</strong></span> <span class='ocrx_word' id='word_1_880' title='bbox 2115 5423 2727 5511; x_wconf 65' lang='lat' dir='ltr'><strong>quispiamexistimare</strong></span> <span class='ocrx_word' id='word_1_881' title='bbox 2762 5431 2872 5485; x_wconf 86' lang='lat' dir='ltr'><strong>fors</strong></span> <span class='ocrx_word' id='word_1_882' title='bbox 2898 5423 3110 5511; x_wconf 63' lang='lat' dir='ltr'><strong>posset;</strong></span> <span class='ocrx_word' id='word_1_883' title='bbox 3153 5423 3254 5511; x_wconf 71' lang='lat' dir='ltr'><strong>nisi</strong></span> 
     </span>
    </p>
   </div>
   <div class='ocr_carea' id='block_1_122' title="bbox 1911 5494 3483 5575">
    <p class='ocr_par' dir='ltr' id='par_1_122' title="bbox 1911 5494 3483 5575">
     <span class='ocr_line' id='line_1_126' title="bbox 1911 5494 3483 5575; baseline -0.007 -18"><span class='ocrx_word' id='word_1_884' title='bbox 1911 5520 2035 5575; x_wconf 85' lang='lat' dir='ltr'><strong>gere</strong></span> <span class='ocrx_word' id='word_1_885' title='bbox 2065 5494 2214 5559; x_wconf 73' lang='lat' dir='ltr'><strong>malit</strong></span> <span class='ocrx_word' id='word_1_886' title='bbox 2240 5494 2641 5575; x_wconf 74' lang='lat' dir='ltr'><strong>Edilthrudam,</strong></span> <span class='ocrx_word' id='word_1_887' title='bbox 2667 5516 2839 5575; x_wconf 78' lang='lat' dir='ltr'><strong>quam</strong></span> <span class='ocrx_word' id='word_1_888' title='bbox 2856 5494 3219 5575; x_wconf 23' lang='lat' dir='ltr'><strong>‘sﬁimilithcnob</strong></span> <span class='ocrx_word' id='word_1_889' title='bbox 3253 5494 3483 5575; x_wconf 78' lang='lat' dir='ltr'><strong>similem</strong></span> 
     </span>
    </p>
   </div>
   <div class='ocr_carea' id='block_1_123' title="bbox 1912 5565 3483 5646">
    <p class='ocr_par' dir='ltr' id='par_1_123' title="bbox 1912 5565 3483 5646">
     <span class='ocr_line' id='line_1_127' title="bbox 1912 5565 3483 5646; baseline -0.008 -17"><span class='ocrx_word' id='word_1_890' title='bbox 1912 5565 2129 5646; x_wconf 69' lang='lat' dir='ltr'><strong>causam</strong></span> <span class='ocrx_word' id='word_1_891' title='bbox 2165 5573 2471 5646; x_wconf 86' lang='lat' dir='ltr'><strong>consolatur</strong></span> <span class='ocrx_word' id='word_1_892' title='bbox 2504 5565 2818 5646; x_wconf 76' lang='lat' dir='ltr'><strong>iii_epistola</strong></span> <span class='ocrx_word' id='word_1_893' title='bbox 3035 5567 3150 5646; x_wconf 37' lang='lat' dir='ltr'><strong>Sed.</strong></span> <span class='ocrx_word' id='word_1_894' title='bbox 3172 5580 3285 5646; x_wconf 63' lang='lat' dir='ltr'><strong>cur</strong></span> <span class='ocrx_word' id='word_1_895' title='bbox 3327 5565 3483 5646; x_wconf 72' lang='lat' dir='ltr'><strong>binas</strong></span> 
     </span>
    </p>
   </div>
   <div class='ocr_carea' id='block_1_124' title="bbox 1912 5631 3483 5699">
    <p class='ocr_par' dir='ltr' id='par_1_124' title="bbox 1912 5631 3483 5699">
     <span class='ocr_line' id='line_1_128' title="bbox 1912 5631 3483 5699; baseline -0.008 0"><span class='ocrx_word' id='word_1_896' title='bbox 1912 5644 2299 5699; x_wconf 84' lang='lat' dir='ltr'><strong>consolatorias</strong></span> <span class='ocrx_word' id='word_1_897' title='bbox 2332 5644 2400 5696; x_wconf 94' lang='lat' dir='ltr'><strong>ob</strong></span> <span class='ocrx_word' id='word_1_898' title='bbox 2428 5631 2669 5698; x_wconf 80' lang='lat' dir='ltr'><strong>eamdem</strong></span> <span class='ocrx_word' id='word_1_899' title='bbox 2700 5654 2812 5695; x_wconf 89' lang='lat' dir='ltr'><strong>rem</strong></span> <span class='ocrx_word' id='word_1_900' title='bbox 2841 5637 3102 5694; x_wconf 89' lang='lat' dir='ltr'><strong>scriberet</strong></span> <span class='ocrx_word' id='word_1_901' title='bbox 3125 5634 3381 5691; x_wconf 76' lang='lat' dir='ltr'><strong>Alcuinus</strong></span> <span class='ocrx_word' id='word_1_902' title='bbox 3414 5631 3483 5687; x_wconf 87' lang='lat' dir='ltr'><strong>ad</strong></span> 
     </span>
    </p>
   </div>
   <div class='ocr_carea' id='block_1_125' title="bbox 1911 5712 2454 5770">
    <p class='ocr_par' dir='ltr' id='par_1_125' title="bbox 1911 5712 2454 5770">
     <span class='ocr_line' id='line_1_129' title="bbox 1911 5712 2454 5770; baseline -0.009 -1"><span class='ocrx_word' id='word_1_903' title='bbox 1911 5714 2157 5770; x_wconf 89' lang='lat' dir='ltr'><strong>eamdem</strong></span> <span class='ocrx_word' id='word_1_904' title='bbox 2187 5712 2454 5768; x_wconf 86' lang='lat' dir='ltr'><strong>matrem?</strong></span> 
     </span>
    </p>
   </div>
  </div>
