4056 6328
740 476 1074 539 EPISTOLA
1110 469 1227 535 LX.

649 580 715 617 AD
753 577 1082 617 ειωυυιευδι
1125 573 1321 614 REGEI.

810 652 987 723 (Anno
1013 650 1163 717 79.3.)

219 747 464 806 Hortatur
498 761 666 815 regem
704 743 772 797 ad
809 743 999 797 solium
1024 749 1272 815 _evectu_m
1296 780 1311 801 ,
1361 747 1417 791 ut
1453 746 1501 790 et
1538 750 1688 789 suam
1717 740 1775 815 .et

277 816 448 940 popuii
475 803 692 870 salutem
716 822 974 884 procuret.
1014 809 1263 881 Exemplo
1295 819 1677 862 antecesserunt
1711 803 1777 857 il-

302 905 385 941 um
416 896 590 941 terret.

280 978 407 1032 Viro
449 974 641 1031 illustri
683 986 708 1014 ι
736 968 1019 1027 .Erduulfo
1067 968 1181 1039 regi
1222 967 1479 1021 Alcuinus
1523 966 1778 1021 diaconus

217 1068 455 1124 salutem.

277 1158 483 1212 Memor
501 1156 734 1224 antiqure
760 1153 899 1208 inter
919 1167 1016 1208 nos
1043 1149 1300 1205 condicto
1324 1147 1589 1209 amicitim,
1617 1148 1779 1201 etiam

213 1255 262 1303 et
286 1245 605 1301 venerandae
636 1242 970 1298 salutationis
1004 1249 1201 1295 vestra:
1231 1238 1384 1292 valde
1418 1238 1777 1306 congaudens,

212 1339 391 1406 paucis
429 1337 730 1391 litterarum
769 1334 1010 1404 apicibus
1042 1341 1275 1387 vestram
1310 1329 1631 1385 laudabilem
1663 1343 1784 1398 per-

213 1444 390 1484 sonam
426 1428 492 1483 de
528 1426 882 1499 prosperitate
920 1422 1069 1494 regni
1109 1422 1261 1476 tibia
1287 1421 1396 1475 Deo
1428 1418 1606 1475 collati
1630 1416 1782 1489 1.913.,

213 1518 452 1592 conlati],
498 1526 553 1573 et
588 1518 652 1572 de
692 1516 862 1571 salute
894 1516 1086 1569 anima:
1124 1522 1229 1567 tuac
1265 1511 1552 1565 admonere
1580 1508 1782 1571 curavi,

213 1618 260 1665 et
296 1626 409 1679 quo
446 1606 605 1664 modo
646 1606 854 1662 stabilis
896 1606 991 1659 tibi
1036 1605 1265 1659 traditus
1304 1592 1477 1675 [Ma.,
1516 1595 1787 1672 traditur]

212 1700 404 1764 honor,
449 1699 560 1753 Deo
601 1698 872 1761 donante,
921 1705 1252 1766 permaneat.
1315 1693 1434 1747 Scis
1481 1691 1680 1761 optime
1724 1690 1789 1744 de

211 1788 406 1859 quibus
442 1796 494 1842 te
532 1787 711 1841 divina
756 1785 1120 1840 misericordia
1158 1782 1404 1838 liberavit
1426 1780 1702 1851 periculis,
1732 1782 1787 1835 et
1822 1818 1863 1878 Β

211 1893 370 1947 quam
416 1878 571 1933 facile
613 1886 697 1942 te,
747 1878 870 1931 dum
915 1875 1114 1941 voluit,
1158 1874 1406 1945 provexit
1446 1873 1500 1927 in
1544 1886 1784 1942 regnum.

212 1971 338 2026 Esto
381 1986 597 2041 semper
636 1984 844 2024 memor
883 1977 937 2023 et
976 1977 1160 2040 gratus
1200 1976 1309 2021 tam
1354 1964 1708 2019 maximorum
1737 1963 1793 2017 in

212 2069 263 2116 te
303 2062 402 2118 Dci
430 2062 714 2125 donorum,
760 2060 813 2115 in
855 2076 920 2115 eo
963 2060 1214 2122 maxime,
1257 2062 1612 2129 utquantum
1641 2052 1796 2110 intel-

212 2150 379 2225 ligere
419 2153 617 2218 valeas,
646 2152 789 2208 illius
821 2152 876 2207 in
910 2160 1021 2207 toto
1046 2151 1206 2207 corde
1231 2149 1398 2205 facias
1422 2147 1749 2203 voluntatem
1776 2158 1790 2201 ξ

212 2254 266 2301 et
300 2247 381 2301 sis
410 2247 665 2301 obediens
708 2243 879 2299 servis
918 2244 1035 2310 Dei,
1063 2243 1153 2312 qui
1196 2250 1247 2296 te
1287 2241 1353 2296 de
1392 2239 1658 2295 mandatis
1683 2235 1797 2307 ejus

212 2335 563 2389 admoneant.
614 2331 767 2388 Scito
793 2330 1095 2387 certissime
1119 2330 1260 2398 quod
1286 2328 1466 2382 nullus
1491 2327 1626 2380 alius
1652 2335 1795 2379 tuam

208 2424 388 2479 vitam
428 2436 753 2478 conservare
794 2428 988 2490 potest,
1017 2418 1119 2472 nisi
1164 2416 1253 2470 ille
1292 2415 1386 2485 qui
1428 2424 1482 2469 te
1523 2414 1588 2468 de
1628 2420 1801 2468 morte

206 2512 477 2569 liberavit
515 2510 799 2582 przesenti;
844 2524 945 2563 nec
987 2513 1091 2563 isto
1126 2515 1407 2577 protegere
1444 2513 1497 2560 et
1533 2504 1803 2559 custodire

209 2605 469 2666 honore,
532 2601 635 2657 nisi
688 2599 775 2655 illc
829 2596 919 2670 qui
975 2600 1206 2669 gratuita
1262 2596 1461 2668 pietate
1506 2594 1661 2648 istam
1707 2590 1804 2647 tibi

211 2693 492 2751 concessit
526 2692 860 2762 dignitatem.
912 2688 1079 2744 Serva
1119 2688 1405 2757 diligenter
1430 2687 1484 2740 in
1509 2687 1687 2739 animo
1712 2692 1805 2738 tuo

212 2792 269 2839 et
304 2797 479 2854 regno
516 2781 943 2836 misericordiam
974 2778 1027 2834 et
1051 2776 1338 2847 justitiam,
1366 2778 1492 2847 quia
1520 2775 1805 2832 Salomone

216 2866 457 2936 dicente,
504 2887 568 2927 ac
612 2870 784 2941 magis
824 2868 932 2923 Deo
977 2869 1322 2931 concedente,
1360 2868 1717 2922 misericordia
1757 2877 1805 2921 et

210 2964 430 3036 justitia
478 2962 777 3033 ﬁrmabitur
827 2960 1016 3016 solium
1076 2961 1220 3030 regni
1272 2958 1474 3033 (Prov.
1512 2975 1632 3023 va,
1674 2958 1801 3029 12).

124 3122 131 3133 ,
220 3053 520 3111 Considera
565 3051 954 3115 intentissime,
1000 3064 1099 3120 pro
1140 3050 1337 3119 quibus
1377 3049 1611 3118 peccatis
1654 3058 1807 3101 ante-

1530 422 1535 425 ,
1630 362 2007 422 EPISTOLE.

1798 480 1843 531 Α
1873 472 2155 542 Nunquam
2189 477 2367 525 tantus
2402 467 2661 524 nobilium
2703 474 2759 521 et
2798 445 3070 521 rectorum
3109 463 3327 535 sanguis
3358 463 3443 518 ef-

3330 352 3441 412 9.30

1874 566 2186 620 funderetur
2226 564 2281 618 in
2320 577 2384 617 ea
2408 602 2423 625 ,
2470 576 2570 615 nec
2609 560 2688 615 sic
2726 559 2843 614 loca
2885 566 3069 613 sancta
3111 556 3302 627 pagani
3342 555 3439 610 de-

1874 662 2167 718 vastarcnt,
2211 662 2266 707 et
2306 662 2454 706 tanta
2501 649 2756 719 iniustitia
2802 659 2857 705 et
2899 647 3206 719 arrogantia
3242 647 3446 701 valeret

1875 748 1929 802 in
1971 746 2201 817 populo,
2252 745 2355 799 nisi
2398 734 2676 813 perspicua
2723 741 2817 796 Dei
2863 740 3096 794 vindicta
3143 736 3448 792 immineret

1876 837 2271 893 habitatoribus
2308 843 2485 889 terrae.
2527 834 2605 887 Tu
2640 847 2769 886 vero
2803 832 2868 885 ad
2903 831 3145 892 meliora,
3181 836 3240 883 ut
3262 828 3447 892 credo,

1878 935 2121 982 servatus
2166 934 2405 993 tempora
2431 964 2445 987 ,
2510 931 2565 977 et
2609 922 2675 976 ad
2722 918 3109 975 correctionem
3152 918 3455 974 custoditus

1877 1019 2085 1091 patriae,
2126 1016 2220 1070 Dei
2263 1025 2315 1070 te
2355 1014 2648 1069 auxiliante
2689 1012 2881 1083 gratia.
2921 1025 3146 1079 operare
3184 1009 3328 1065 omni
3369 1009 3455 1064 in-

1879 1102 2115 1161 tentione
2156 1105 2208 1158 in
2248 1103 2344 1158 Dei
2385 1102 2660 1156 voluntate
2701 1101 2927 1155 salutem
2971 1099 3165 1154 animae
3207 1106 3351 1163 ture,
3398 1105 3455 1152 et

1879 1199 2287 1272 prosperitatem
2325 1194 2514 1264 patriae
2550 1200 2604 1246 et
2645 1192 2824 1261 populi
2866 1190 2960 1245 tibi
3003 1190 3295 1254 commissi,
3322 1204 3456 1259 qua-

1883 1297 2039 1345 tenus
2079 1304 2145 1343 ex
2188 1286 2521 1342 correctione
2564 1281 2928 1351 subiectorum
2976 1281 3165 1335 ditioni
3210 1289 3315 1335 tum
3358 1278 3456 1334 tibi

1886 1381 2096 1447 tuisque
2127 1376 2409 1447 nepotibus
2431 1387 2669 1443 [muscus
2690 1370 2919 1425 feliciter
2942 1369 3187 1424 tinuetur
3210 1383 3454 1438 regnum,

1885 1477 1940 1523 et
1979 1467 2141 1523 futuri
2184 1465 2335 1533 regni
2379 1463 2544 1533 gloria
2583 1461 2908 1516 mtemaliter
2942 1460 3287 1514 concedatur.
3334 1458 3461 1513 Haec

1887 1559 2153 1623 chartula,
2198 1558 2422 1611 obsecro
2460 1552 2737 1608 vobiscum
2786 1561 3031 1606 servetur
3066 1559 3121 1605 ct
3155 1551 3350 1621 saepius
3386 1552 3467 1606 le-

1889 1661 2064 1724 gatur,
2112 1650 2181 1703 ob
2224 1645 2540 1701 memoriam
2590 1642 2778 1698 salutis
2820 1652 3013 1697 vestrae
3059 1648 3113 1694 et
3160 1641 3463 1697 dilectionis

1890 1750 2106 1804 nostrae,
2133 1749 2194 1794 ut
2224 1737 2367 1793 Deus
2396 1736 2735 1805 omnipotens
2765 1734 2819 1788 in
2842 1731 3085 1805 profectu
3125 1740 3326 1787 sancta:
3352 1747 3465 1788 sua)

1890 1832 2149 1891 Ecclesia:
2189 1832 2257 1884 ad
2296 1827 2706 1900 prosperitatem
2746 1833 2985 1880 nostram
3022 1821 3189 1878 multo
3226 1833 3469 1891 tempore

1890 1928 1946 1983 in
1983 1940 2151 1996 regno
2190 1922 2503 1983 ﬂorentem,
2543 1928 2598 1972 et
2638 1917 2692 1971 in
2734 1916 2879 1972 omni
2921 1916 3062 1969 bono
3099 1915 3467 1985 proficientem

1891 2029 2213 2073 conservare
2247 2012 2518 2082 dignetur.
2560 2008 2691 2063 V‘ive
2735 2014 2791 2060 et
2829 2005 2947 2060 vale
2987 2004 3098 2059 Dco
3138 2004 3372 2058 donante
3412 2001 3469 2056 in

1892 2106 2086 2164 saecula
2123 2103 2470 2172 sempiterna.

2436 2185 2767 2245 EPISTOLA
2804 2185 2941 2240 LXI.

2478 2297 2547 2336 AD
2584 2294 2858 2335 OSBALDUI
2867 2316 2881 2331 .

2505 2371 2682 2443 (Anno
2712 2368 2862 2438 796.)

1902 2462 2206 2529 chaldum,
2252 2478 2403 2534 quem
2444 2469 2739 2533 suspectum
2789 2458 2939 2534 habet
2978 2456 3039 2511 ob
3087 2457 3401 2527 regiridium.
3426 2466 3475 2511 et

1972 2537 2151 2591 turbas
2175 2530 2373 2605 populi,
2403 2530 2662 2605 hortatur,
2691 2539 2748 2583 ut
2792 2530 2948 2584 vitam
2989 2538 3170 2590 mutet,
3193 2538 3239 2580 et
3261 2543 3371 2581 sua:
3412 2542 3475 2580 uc

1972 2606 2137 2680 gentis
2166 2602 2323 2659 saluti
2347 2602 2605 2657 consulat.

1972 2699 2181 2753 Dilecto
2207 2696 2381 2749 amico
2421 2693 2447 2732 δ
2473 2688 2705 2747 Osbaldo
2748 2685 3006 2744 Alcuinus
3045 2687 3303 2743 diaconus
3331 2686 3478 2742 salu-

1905 2797 2036 2844 tem.

1971 2876 2203 2932 Pmnitet
2233 2891 2319 2930 me
2373 2870 2448 2930 tui
2480 2875 2603 2944 quia
2638 2885 2743 2927 non
2774 2870 2998 2927 olzedisti
3046 2870 3196 2933 mihi,
3224 2870 3315 2939 qui
3358 2878 3484 2926 ante

1903 2966 2178 3025 biennium
2207 2966 2446 3037 persuasi
2478 2964 2573 3019 tibi
2599 2965 2652 3018 in
2682 2963 2876 3017 litteris
2902 2961 3037 3016 meis
3078 2961 3270 3015 laicam
3301 2968 3353 3016 te
3386 2960 3482 3015 de-

1905 3061 2122 3117 mittere
2172 3058 2659 3122 conversationem,
2703 3063 2757 3111 ct
2806 3056 2914 3110 Deo
2947 3054 3149 3109 servire
3190 3055 3484 3110 secundum

222 3160 471 3201 cessares
507 3143 586 3198 tui
626 3141 985 3213 perdidissent
1014 3141 1183 3195 vitam
1222 3147 1277 3195 et
1316 3155 1569 3210 regnum;
1599 3148 1653 3194 et
1681 3156 1806 3195 cau-

1910 3160 2092 3207 votum
2116 3158 2285 3204 tuum.
2306 3149 2446 3204 Ecce
2477 3148 2635 3202 modo
2662 3146 2813 3217 pejor
2839 3145 2999 3209 fama,
3025 3143 3290 3198 infelicior
3321 3158 3485 3201 causa

222 3237 434 3291 tissime
460 3236 714 3296 observa,
744 3248 843 3287 nec
879 3232 1004 3286 talia
1038 3246 1185 3301 agas,
1228 3245 1296 3284 ne
1340 3229 1444 3283 tale
1472 3230 1567 3285 tibi
1597 3228 1810 3286 eveniat

219 3326 509 3396 judicium.
550 3324 790 3381 Aliorum
819 3320 1052 3392 perjuria
1076 3321 1217 3375 Deus
1242 3321 1547 3386 damnavit;
1582 3321 1811 3376 aliorum

226 3417 494 3472 adulteria
520 3414 672 3487 [Ms.,
701 3410 966 3484 adultera]
997 3412 1236 3482 punivit;
1271 3410 1499 3465 aliorum
1527 3410 1812 3465 avaritiam

228 3519 279 3565 ct
315 3507 541 3563 fraudes
576 3504 901 3569 vindicavit;
954 3488 1182 3557 aliorum
1223 3499 1498 3570 injustitia:
1540 3516 1646 3554 non
1691 3499 1810 3570 pla-

231 3603 465 3654 cuerunt
502 3595 599 3649 illi.
644 3593 768 3648 Non
790 3602 864 3646 est
886 3606 1225 3663 personarum
1250 3599 1489 3660 acceptor
1509 3588 1648 3643 Deus
1673 3588 1808 3660 (Act.

231 3702 283 3753 ι,
310 3688 429 3759 54),
473 3685 567 3740 sed
605 3684 696 3755 qui
739 3682 868 3738 talia
911 3690 1094 3755 agunt,
1136 3696 1361 3752 regnum
1403 3680 1497 3735 Dei
1545 3694 1649 3734 non
1690 3695 1813 3750 pos-

232 3783 505 3838 sidebunt.
556 3779 719 3833 Erudi
763 3786 816 3833 te
855 3777 1030 3847 ipsum
1076 3775 1252 3846 primo
1291 3774 1342 3828 in
1384 3773 1529 3829 omni
1572 3773 1813 3829 bonitate

231 3879 283 3928 et
324 3870 657 3934 sobrietate;
703 3877 886 3938 postea
934 3874 1147 3938 gentem
1190 3866 1275 3920 cui
1318 3879 1548 3936 praeesse
1580 3864 1811 3932 videris,

235 3960 286 4019 in
329 3960 485 4021 omni
529 3958 789 4015 modestia
815 3958 934 4012 vita:
967 3963 1022 4010 et
1048 3955 1291 4017 vestitus,
1334 3953 1561 4012 inomni
1588 3953 1813 4009 veritate

238 4052 353 4111 fidei
400 4063 465 4109 et
503 4052 867 4123 iudiciorum,
919 4051 975 4104 in
1021 4047 1395 4105 observatione
1435 4047 1811 4102 mandatorum

238 4143 326 4200 Dei
351 4187 365 4209 ,
416 4151 480 4201 et
518 4144 798 4199 honestate
838 4156 1069 4197 morum.
1133 4137 1224 4195 Sic
1267 4139 1448 4208 itaque
1491 4145 1545 4191 et
1590 4152 1811 4207 regnum

241 4236 331 4290 tibi
371 4233 660 4298 firmabis,
710 4239 765 4288 et
804 4240 1018 4303 gentem
1065 4228 1299 4284 salvabis
1325 4268 1340 4294 ,
1364 4235 1445 4285 .et
1485 4228 1551 4281 ab
1594 4227 1676 4280 ira
1718 4225 1814 4280 Dei

241 4326 501 4383 liberabis
532 4325 698 4390 illam,
724 4340 843 4395 qua:
868 4323 1030 4378 certis
1061 4320 1229 4393 signis
1260 4320 1350 4375 diu
1376 4318 1688 4373 imminebat
1715 4317 1810 4371 illi.

307 4470 332 4499 ι
363 4455 661 4525 Acrduulfo
691 4456 814 4525 regi.
843 4453 996 4509 Hunc
1039 4453 1593 4525 scriptoresivetcres,
1625 4453 1814 4523 primis

244 4527 448 4582 duabus
497 4522 690 4581 litteris
738 4522 1117 4587 commutatis,
1158 4522 1466 4578 Eardulfum
1517 4522 1816 4579 nominant.

245 4596 290 4651 Is
314 4606 454 4654 teste
487 4595 773 4649 Hovcdeno
796 4594 885 4649 fol.
918 4592 1044 4656 406,
1071 4594 1356 4648 Etbelredo
1383 4593 1491 4662 regi
1530 4591 1820 4647 Northum-

244 4666 369 4723 bria:
420 4681 568 4721 anno
615 4663 718 4720 796
762 4681 791 4719 a
835 4664 948 4720 suis
989 4665 1169 4719 occiso
1215 4664 1267 4717 in
1298 4663 1487 4718 solium
1539 4663 1817 4718 successit.

254 4753 270 4786 ι
297 4733 541 4805 Eardulf,
577 4734 770 4805 inquit,
802 4733 941 4805 illius
985 4733 1330 4805 Earnulﬁje
1361 4732 1551 4805 exsilio
1603 4742 1822 4805 vocatus

250 4809 391 4876 regni
418 4803 607 4876 infulis
651 4802 734 4876 est
778 4804 1202 4876 sublimatus,‘et
1230 4802 1564 4876 Eboraciuin
1597 4803 1823 4876 ecclesia

250 4871 413 4930 sancti
470 4874 615 4929 Petri
657 4875 723 4928 ad
747 4874 917 4929 altare
944 4874 1083 4928 beati
1116 4872 1263 4927 Pauli
1291 4871 1402 4943 (ubi
1448 4872 1537 4926 illa
1560 4887 1692 4940 gens
1713 4872 1822 4940 pri-

250 4960 387 5000 mum
418 4954 737 5015 perceperat
778 4943 1006 5015 gratiam
1032 4943 1306 5015 baptismi)
1330 4951 1699 5015 consecratus
1742 4948 1826 4996 est

251 5011 476 5083 septimo
496 5011 760 5073 Kalendas
782 5011 969 5067 'Juuii.
1010 5034 1028 5065 ι
1060 5011 1191 5067 Vide
1217 5011 1437 5083 Pagium
1465 5012 1530 5065 ad
1559 5012 1703 5083 hunc
1730 5026 1827 5083 an-

252 5080 395 5150 num,
429 5100 489 5138 n.
513 5084 607 5149 25,
636 5092 692 5138 et
718 5083 913 5138 Alfort.
947 5083 1012 5136 ad
1037 5098 1236 5137 annum
1269 5080 1391 5146 τω,
1418 5098 1473 5135 n.
1502 5083 1554 5135 6.
1582 5080 1693 5135 ﬂac
1715 5081 1829 5150 epi-

257 5154 387 5209 stola
434 5153 696 5208 Alcuinus
742 5150 1084 5206 Aﬁrduulfum
1112 5169 1142 5207 a
1170 5152 1524 5221 praesentibus
1572 5151 1830 5219 periculis

254 5221 559 5287 liberatum,
583 5232 639 5277 et
658 5224 802 5292 regio
826 5237 994 5291 nuper
1021 5222 1154 5292 solio
1175 5222 1518 5277 sublimatum
1560 5221 1828 5287 hortatur,

260 5293 706 5372 ut_etnpropriam_
725 5291 780 5347 et
806 5291 989 5372 populi
1015 5291 1238 5372 salutem
1258 5299 1530 5372 procuret.

326 5362 355 5401 ι’
379 5358 632 5417 οἱὸαιάο.
662 5358 822 5418 Hunc
839 5358 1095 5415 Alcuinus
1134 5358 1409 5431 patritium
1454 5366 1611 5415 vocat
1637 5358 1689 5413 in
1720 5358 1832 5428 epi-

262 5432 392 5485 stola
422 5433 508 5497 ll,
529 5441 584 5486 et
624 5433 714 5485 hic
740 5432 886 5485 illum
933 5438 1239 5499 suspectum
1271 5431 1431 5484 habet
1470 5431 1693 5499 deduece
1738 5431 1832 5499 dp:-

262 5501 390 5555 mini
420 5503 524 5564 sui,
569 5516 760 5569 nempe
794 5497 1060 5556 Ethelredi
1094 5500 1255 5567 regis,
1308 5508 1468 5569 atque
1493 5497 1647 5553 eli‘usi
1680 5497 1831 5569 multi

264 5572 536 5651 sanguinis
577 5566 878 5651 principum
917 5586 980 5625 ac
1010 5566 1205 5651 .pop-uli
1262 5569 1316 5651 i_n
1342 5566 1448 5650 illis
1477 5567 1833 5651 turbisgnlluc

264 5637 498 5710 pertinet
544 5637 785 5710 narratio
830 5637 1052 5710 Rogerii
1102 5637 1372 5710 Hovexleni
1422 5653 1574 5710 pag,
1602 5637 1725 5695 406.
1776 5637 1830 5690 in

266 5707 430 5841 priori
457 5709 680 5778 cpistola
703 5711 889 5803 citata,
920 5707 1009 5791 ubi
1044 5709 1117 5762 ita
1153 5708 1340 5764 scribit
1371 5722 1431 5793 επ(
1467 5707 1665 5761 Eodem
1692 5722 1833 5761 anno

302 5776 414 5841 :96)
437 5778 685 5834 Ethelred
708 5795 804 5833 rex
851 5794 1061 5835 oecusus
1086 5788 1169 5833 est
1196 5777 1335 5841 apud
1371 5778 1563 5841 Lobre,
1593 5791 1683 5830 xuv
1711 5775 1828 5830 Kal.

292 5776 414 5847 796)
437 5775 685 5834 Ethelred
708 5795 804 5833 rex
851 5780 1061 5835 occisus
1086 5788 1169 5833 est
1196 5777 1335 5848 apud
1371 5776 1563 5841 Cobre,
1593 5791 1683 5830 xuv
1711 5775 1828 5830 Kal.

1911 3241 2148 3297 turbavit
2174 3240 2341 3293 vitam
2374 3249 2541 3293 tuam.
2571 3237 2862 3291 Revertere
2904 3242 3107 3299 tamen,
3140 3244 3412 3291 revertere
3433 3243 3489 3290 ct

1913 3331 2073 3402 imple
2093 3330 2235 3399 quod
2258 3328 2475 3392 vovisti,
2490 3336 2543 3381 et
2575 3340 2754 3395 quaere
2775 3340 2992 3380 causam
3017 3324 3284 3392 quomodo
3306 3324 3372 3380 ad
3393 3320 3487 3379 Dei

1911 3417 2186 3478 servitium
2212 3418 2493 3489 pervenire
2521 3416 2722 3481 valeas,
2744 3430 2812 3470 ne
2835 3429 3024 3485 pereas
3069 3428 3189 3469 cum
3217 3413 3415 3484 impiis,
3443 3411 3490 3469 si

1912 3514 2169 3568 innocens
2189 3526 2250 3566 es
2288 3510 2355 3565 de
2382 3510 2642 3580 sanguine
2681 3508 2892 3564 Domini
2916 3507 3023 3573 lui;
3067 3507 3112 3562 si
3135 3521 3263 3563 vero
3291 3520 3492 3563 nocens

1913 3605 1967 3660 in
1996 3618 2261 3660 consensu
2281 3601 2364 3657 vel
2386 3600 2632 3666 consilio,
2663 3600 2920 3655 confitere
2940 3608 3218 3669 peccatum
3241 3606 3411 3664 tuum,
3435 3604 3493 3655 et

1913 3695 2199 3752 reconcilia
2233 3705 2283 3749 te
2313 3693 2445 3757 Deo,
2469 3701 2523 3748 et
2551 3692 2673 3764 fuge
2722 3692 3036 3748 societatem
3084 3691 3489 3748 sceleratorum.

1913 3788 2102 3845 Melius
2140 3795 2224 3842 est
2267 3787 2363 3843 tibi
2388 3786 2626 3840 amicitia
2665 3784 2763 3841 Dei
2789 3792 2843 3841 et
2873 3794 3181 3842 sanctorum
3202 3800 3364 3855 quam
3393 3782 3496 3840 ini-

1912 3896 2017 3950 que
2060 3878 2351 3950 agentium.
2409 3875 2527 3932 Noli
2577 3876 2776 3931 addere
2813 3884 3090 3945 peccatum
3118 3891 3282 3946 super
3307 3890 3497 3945 pecca-

1913 3978 2025 4026 tum
2049 3984 2145 4040 per
2168 3968 2517 4024 vastationem
2550 3966 2761 4034 patriae,
2811 3979 2907 4035 per
2955 3965 3232 4033 sanguinis
3275 3964 3494 4019 ell‘usio-

1913 4076 2056 4116 nem.
2080 4060 2265 4130 Cogita
2291 4067 2526 4129 quantus
2559 4057 2777 4125 sanguis
2799 4071 2896 4124 per
2922 4064 2992 4119 te,
3023 4056 3109 4110 vel
3149 4071 3247 4125 per
3269 4056 3494 4126 propin-

1914 4165 2048 4219 quos
2080 4161 2200 4205 tuos
2228 4163 2435 4217 regum,
2464 4146 2766 4214 principum
2814 4152 2869 4199 et
2916 4144 3098 4214 populi
3143 4143 3346 4199 eﬁ‘usus
3390 4154 3493 4199 est.

1913 4238 2103 4295 Infelix
2124 4236 2417 4308 generatio,
2441 4251 2537 4305 per
2556 4249 2717 4305 quam
2742 4242 2889 4295 tanta
2917 4234 3057 4289 mala
3086 4242 3381 4290 evenerunt
3402 4248 3497 4303 pa-

1914 4329 2051 4386 triae.
2075 4328 2267 4383 Libera
2297 4334 2367 4392 te,
2390 4327 2615 4381 obsecro
2644 4340 2741 4396 per
2775 4325 2962 4391 Deum,
2989 4341 3059 4382 ne
3085 4324 3262 4380 anima
3290 4335 3380 4380 tua
3402 4340 3500 4395 pe-

1921 4458 2065 4529 Maji.
2093 4455 2289 4529 Oshald
2319 4470 2447 4529 vero
2464 4455 2714 4527 patritius
2748 4471 2778 4511 a
2821 4456 3136 4529 quibusdam
3176 4456 3344 4528 ipsius
3372 4472 3500 4527 gen-

1922 4527 2466 4598 tis‘principibushiu
2504 4541 2724 4598 regnum
2766 4534 2849 4598 est
2880 4527 3235 4598 constitutus.
3283 4535 3337 4581 et
3381 4534 3502 4597 post

1921 4596 2111 4669 viginti
2134 4596 2479 4669 septemdies
2507 4596 2840 4669 omui_regi:e
2870 4596 3083 4651 familia:
3112 4613 3174 4669 ac
3195 4596 3497 4668 principum

1924 4664 2008 4724 est
2036 4664 2295 4724 societate
2330 4664 2619 4737 destitutus
2648 4664 2984 4737 fugatusque,
3025 4676 3079 4719 et
3118 4664 3503 4737 de'rcgno'ex-

1922 4738 2130 4809 pulsus,
2160 4744 2319 4804 atque
2343 4734 2409 4787 ad
2454 4735 2684 4787 insulam
2717 4733 3204 4789 Lindisfarnensem
3227 4733 3345 4790 cum
3373 4752 3504 4837 pau—

1925 4809 2002 4837 ιιι..
2036 4806 2257 4837 οηηαιηιιο
2279 4821 2292 4832 -
2319 4811 2368 4837 ιιι
2403 4804 2524 4837 ιηιιο
2547 4804 2611 4837 ml
2638 4818 2817 4837 νινωπι
2840 4802 3109 4837 binim-nm
3136 4820 3256 4837 1mm
3282 4806 3370 4837 nn:
3392 4821 3503 4837 ...ομ

1925 4802 2004 4862 eis
2036 4802 2261 4875 secessit
2279 4821 2293 4867 ;
2308 4811 2374 4875 et
2402 4804 2524 4857 inde
2546 4804 2817 4875 adgregem
2840 4802 3256 4875 Pictorum‘cum
3281 4802 3503 4875 quibus-

1925 4877 2046 4954 dam
2077 4889 2120 4954 e'
2146 4874 2421 4954 fratribus
2452 4872 2667 4954 navigio
2694 4871 2954 4954 pervenit.
2991 4891 3010 4925 ι
3036 4871 3504 4954 AlfortJrs'Ethel-

1926 4946 2040 5001 redi
2078 4943 2473 4998 Northumbriae
2494 4941 2634 5012 regis
2659 4942 2857 4995 caedem
2881 4957 3002 4996 cum
3032 4958 3173 4997 anno
3197 4941 3297 4997 794
3318 4959 3505 5012 perpe-

1929 5031 2043 5071 ram
2085 5012 2323 5083 illigavit,
2379 5011 2571 5083 contra
2612 5012 2984 5083 auctoritatem
3028 5011 3504 5069 Huntindoniensis

1927 5101 2047 5157 pag.
2073 5081 2177 5157 544
2206 5082 2612 5157 quem_ipseme_t
2637 5081 2867 5157 citat,_et
2886 5088 3145 5157 pncterea
3177 5096 3347 5157 annos
3384 5091 3503 5157 tan-

1929 5101 2047 5157 pag.
2073 5096 2177 5139 544
2206 5097 2362 5151 quem
2388 5096 2612 5150 ipsemet
2637 5096 2789 5144 citat,
2814 5096 2867 5134 et
2927 5096 3145 5136 razlerea
3177 5096 3347 5136 annos
3384 5096 3503 5137 tan-

1929 5164 2040 5209 tum
2078 5154 2313 5221 quinque
2346 5150 2631 5221 Ethelrch
2651 5150 2856 5221 tribuit.
2883 5096 3085 5205 geribit
3104 5152 3247 5206 enim
3274 5151 3505 5206 Huntin-

1930 5219 2202 5279 donicnsis
2229 5219 2259 5293 ἐξ
2276 5237 2294 5270 α
2327 5219 2693 5293 Anno_Drit_ici
2717 5222 2855 5293 regis
2884 5220 3505 5293 (occidentaliumisaxof

1929 5292 2098 5361 num)
2152 5291 2459 5361 undecimo
2484 5290 2829 5361 Northumbri
2861 5290 3043 5361 regem,
3068 5306 3220 5345 suum
3251 5290 3503 5347 Ethelred

1929 5359 2258 5433 occiderunt.
2292 5378 2309 5411 ι
2331 5359 2417 5433 ΔΛᾶ
2448 5359 2563 5414 hzec
2604 5360 2835 5433 eclypsis
2858 5359 3101 5433 lunaris,
3130 5376 3247 5433 qua:
3276 5363 3505 5433 septimo

1929 5431 2199 5485 Ethelredi
2233 5430 2373 5499 regis
2402 5445 2558 5487 anno.
2597 5428 2791 5498 dieque
2813 5430 2883 5485 28
2908 5430 3107 5484 mensis
3145 5428 3352 5491 Martii,
3372 5428 3505 5485 feria

1931 5500 2185 5562 secunda,
2208 5508 2331 5569 post
2368 5500 2597 5553 mediam
2626 5508 2834 5553 noctem
2865 5502 2966 5554 boc
2991 5514 3132 5553 anno
3173 5499 3413 5569 contigit,
3448 5508 3509 5554 ut

1931 5571 2250 5651 observavit
2279 5568 2542 5651 Calvisius
2570 5570 2623 5651 in
2645 5583 2807 5651 opere
2850 5569 3249 5651 chronologico,
3276 5568 3505 5651 pertinet

1932 5641 1998 5694 ad
2028 5648 2344 5710 praesentem
2391 5637 2536 5710 (796)
2565 5637 2762 5710 (λιιι-ἰειί
2811 5654 3038 5710 annum,
3058 5637 3131 5710 ad
3165 5637 3324 5708 quem
3366 5638 3506 5710 idem

1932 5707 2251 5780 Ethelredus
2292 5708 2535 5780 pervcnit
2563 5707 2779 5780 (Pagius
2804 5709 2871 5763 ad
2906 5723 2995 5763 an.
3027 5707 3151 5777 796,
3184 5707 3339 5763 num.
3388 5707 3503 5780 25).

1934 5723 2251 5790 ntuetreuus
2292 5723 2535 5790 pervcnu
2563 5723 2731 5829 (rag7n

1934 5779 2054 5840 th.
2086 5788 2249 5835 etiam
2279 5786 2437 5846 epist.
2478 5777 2536 5830 Η
2565 5785 2619 5830 et
2642 5778 2676 5831 4
2716 5816 2731 5831 .
