4056 6328
518 425 639 500 reat
659 440 715 498 in
735 449 1020 498 aeternum.
1053 439 1193 498 Dum
1221 439 1396 497 lucem
1426 442 1612 506 habes,
1644 455 1821 505 curre,
1850 454 2100 511 propera,
2131 447 2186 504 Α

520 534 714 589 festina
739 533 806 585 ad
833 532 927 586 Dei
958 532 1403 596 misericordiam,
1429 531 1518 600 qui
1560 540 1779 601 paratus
1819 538 1903 586 est
1927 530 2099 601 poeni-

521 636 701 684 tentes
745 627 1021 695 suscipere
1055 634 1109 682 et
1127 633 1500 683 convertentes
1526 624 1591 678 ad
1625 640 1685 680 se
1711 624 2000 688 consolari,
2031 637 2100 677 ne

522 718 705 773 veniat
730 717 825 771 tibi
851 716 987 783 dies,
1019 732 1124 786 qua
1164 717 1298 772 velis
1316 726 1370 770 et
1405 716 1510 769 non
1540 716 1734 784 possis.
1760 715 1881 770 Noli
1908 716 2102 774 erube-

525 807 786 862 scentiam
813 821 1082 876 opponere
1126 807 1222 861 tibi
1263 806 1564 861 dimittendi
1588 804 1739 877 [Hs.,
1763 804 2099 876 demittendi]

526 897 669 966 quod
704 896 894 965 cepisti
922 915 936 950 :
965 898 1136 967 major
1169 903 1253 951 est
1294 895 1666 950 erubescentia
1693 894 1929 949 animam
1957 903 2103 948 tuam

527 987 910 1057 perpetualiter
944 988 1140 1057 perire,
1171 1001 1331 1055 quam
1360 986 1552 1055 impios
1588 986 1732 1040 viros
1754 984 2101 1055 praesentiali-

527 1086 615 1133 ter
637 1079 913 1145 deserere;
945 1079 1039 1134 sed
1066 1079 1256 1150 magis,
1287 1079 1331 1133 si
1354 1078 1618 1148 quoslibet
1659 1093 1726 1133 ex
1750 1078 1853 1132 illis
1886 1091 2107 1133 convero

527 1176 646 1225 tere
670 1171 850 1226 valeas
880 1172 948 1224 ab
969 1171 1253 1241 impetrata
1287 1169 1635 1241 [perpetrata]
1660 1169 1882 1235 malitia,
1913 1167 1999 1223 fac
2026 1168 2107 1223 di-

530 1256 777 1327 ligenter,
816 1269 875 1314 ut
922 1260 1122 1315 habeas
1160 1262 1465 1315 mercedem
1512 1260 1876 1315 conversionis
1926 1267 2030 1313 tua:
2073 1275 2105 1313 a

528 1351 694 1417 male,
721 1360 775 1406 et
800 1351 1022 1407 alterius
1057 1353 1277 1422 pariter.
1307 1354 1373 1406 Et
1418 1353 1533 1408 haec
1580 1359 1663 1407 est
1699 1352 1958 1418 charitas,
1987 1369 2106 1423 qua:

529 1443 753 1511 cooperit
780 1442 1165 1496 multitudinem
1190 1454 1515 1513 peccatorum
1562 1442 1615 1514 (1
1642 1442 1785 1496 Petr.
1813 1460 1887 1509 tv,
1916 1443 2002 1514 9);
2050 1451 2106 1499 et

530 1529 646 1585 haec
672 1529 878 1586 faciens
910 1532 1031 1585 vive
1067 1530 1295 1587 feliciter
1318 1541 1373 1586 et
1418 1532 1668 1586 valetoin
1716 1547 1868 1601 pace.
1907 1534 2109 1601 Depre-

531 1633 627 1674 cor
649 1627 709 1674 ut
731 1620 845 1675 hrcc
866 1621 1108 1675 chartula
1130 1622 1323 1690 szepius
1351 1621 1405 1675 in
1449 1622 1735 1690 prmsentia
1764 1622 1971 1693 legatur
1993 1632 2104 1689 tua,

1386 331 1445 386 Β.
1486 330 1548 386 F.
1581 328 1803 385 ALBINl
1843 327 1971 385 SEU
2008 326 2284 385 ALCUINI
2320 327 2601 387 OPERUM
2638 330 2816 388 PARS
2847 332 2890 390 Ι.

3672 334 3780 392 εει

2712 442 3046 499 EPISTOLA
3084 442 3265 499 LXI“.

2478 538 2548 578 AD
2585 536 2889 579 C(ENULVUI
2930 537 3107 579 REGE!
3145 538 3476 580 IEBCIOBUI.

2792 613 2970 685 (Anno
3030 614 3178 686 796.)

2287 704 2370 757 Ad
2396 721 2609 775 regnum
2637 714 2865 760 evectum
2898 705 3141 759 hortatur
3165 706 3235 760 ad
3261 707 3432 777 regias
3451 708 3686 763 virtutes.
3733 752 3741 759 .

2270 796 2735 852 Excellentissimo
2761 798 2880 852 viro
2919 797 2948 837 ι)
2993 798 3254 855 C(enulvo
3305 800 3420 871 regi
3459 798 3785 856 Merciorum

2202 889 2421 944 humilis
2443 890 2603 944 levita
2635 889 2862 945 Albinus
2889 888 3139 944 salutem.

2273 973 2437 1033 Multa
2464 976 2595 1032 mihi
2623 977 2807 1033 laetitia
2834 988 2915 1033 est
2939 979 3004 1033 de
3023 985 3200 1033 vestra
3225 978 3486 1046 benitate,
3515 980 3783 1036 modestia

2202 1078 2258 1125 et
2287 1071 2568 1126 nobilitate
2595 1086 2825 1134 morum,
2856 1070 2995 1125 sicut
3036 1072 3242 1142 regiam
3283 1072 3599 1142 dignitatem
3628 1075 3788 1131 decet

2203 1164 2442 1228 Omnino,
2495 1170 2555 1217 ut
2607 1170 2809 1232 quanto
2848 1156 3131 1217 sublimior
3176 1172 3260 1219 est
3316 1162 3522 1221 honore
3546 1167 3783 1233 caeteris,

2202 1260 2355 1307 tanto
2382 1252 2611 1307 nobilior
2639 1252 2709 1306 sit
2733 1252 2878 1306 omni
2915 1267 3124 1306 morum
3161 1252 3513 1323 perfectione,
3557 1252 3787 1323 iustitia:

2204 1336 2419 1409 decore,
2477 1343 2691 1413 pietatis
2741 1343 3056 1409 sanctitate;
3107 1343 3235 1412 quia
3294 1343 3583 1399 clementia
3639 1344 3788 1416 regis

2204 1436 2447 1491 omnium
2483 1433 2781 1500 hominum,
2812 1444 2872 1488 ut
2902 1433 2957 1487 in
2998 1434 3235 1503 antiquis
3279 1434 3479 1505 legitur
3518 1436 3787 1502 historiis,

2207 1526 2469 1583 excellere
2490 1510 2643 1580 decet
2666 1524 3113 1591 consuetudines;
3145 1524 3307 1579 etiam
3332 1533 3389 1580 et
3415 1510 3604 1582 sancta
3638 1525 3791 1583 Scri-

2206 1625 2361 1688 ptura
2408 1618 2656 1672 dicente:
2690 1612 3055 1671 Misericordia
3095 1621 3150 1671 et
3193 1619 3394 1672 veritas
3441 1618 3645 1672 exaltat
3694 1635 3789 1674 so-

530 1719 593 1766 ut
614 1713 915 1767 recorderis
939 1713 1015 1767 tui
1039 1713 1207 1782 ipsius
1226 1714 1278 1767 in
1304 1714 1434 1778 Deo,
1458 1722 1512 1769 et
1538 1729 1831 1784 cognoscas
1850 1724 2107 1785 quantam
2137 1724 2172 1757 ο
2210 1710 2340 1764 lium
2364 1709 2545 1787 (Prov.
2579 1725 2667 1773 XX.
2695 1706 2807 1780 28)-
2832 1708 2900 1762 Et
2927 1707 2983 1762 in
3018 1701 3247 1763 Psalmis
3291 1708 3357 1763 de
3397 1702 3511 1764 Deo
3539 1710 3790 1780 omnipo-

533 1816 720 1857 curam
742 1803 855 1873 jam
876 1804 1033 1872 longe
1059 1804 1262 1873 positus
1280 1804 1507 1860 habeam
1531 1804 1719 1861 salutis
1745 1814 1867 1861 ιιιω,
1898 1806 1955 1861 Si
1977 1808 2108 1876 quid
2142 1793 2183 1851 Β
2210 1800 2339 1855 tenti
2374 1798 2609 1864 dicitur;
2656 1796 2923 1852 Universae
2963 1798 3060 1853 vite
3092 1798 3302 1853 Domini
3349 1798 3710 1854 misericordia
3738 1809 3792 1856 et

532 1893 714 1949 valeas
734 1895 958 1950 suadere
983 1894 1149 1966 genti,
1177 1911 1298 1949 eum
1327 1911 1432 1964 qua
1481 1896 1633 1951 exsul
1674 1896 1802 1962 eris,
1833 1897 1900 1952 de
1937 1897 2109 1953 salute

535 2000 655 2050 sua,
685 1987 797 2042 noli
826 1986 1113 2058 negligere,
1145 1995 1203 2040 ut
1230 1987 1389 2042 citius
1412 1987 1507 2043 Dei
1532 1988 1764 2043 donante
1791 1988 1962 2059 gratia
1990 2003 2112 2058 per-

535 2075 722 2131 venias
741 2077 809 2130 ad
832 2084 979 2130 tuam
1005 2076 1166 2131 etiam
1192 2077 1440 2130 salutem.

1060 2165 1390 2221 EPISTOLA
1416 2167 1572 2223 LXII.

883 2272 953 2311 AD
989 2273 1240 2322 QUEMDAI
1279 2274 1754 2314 Αιιοιιιεινιδεορυιί.

1146 2351 1324 2425 (Anno
1363 2351 1508 2424 796.)

538 2443 763 2501 Nuntiat
784 2462 913 2511 sese,
945 2444 1189 2515 depositis
1219 2444 1400 2502 swculi
1428 2443 1869 2516 occupationibus,
1899 2460 2110 2516 prepa-

924 2532 1042 2569 rare
1068 2516 1137 2569 ad
1158 2532 1434 2569 occursum
1462 2515 1695 2570 Domini.

606 2603 959 2661 Sanctissimo
982 2605 1122 2675 patri
1147 2606 1568 2677 archiepiscopo,
1600 2606 1817 2663 humilis
1848 2606 1989 2663 ﬁlius
2012 2605 2109 2662 Al-

538 2695 733 2752 cuinus
757 2697 1008 2752 salutem.

604 2786 755 2843 Sciat
781 2788 1091 2843 dulcissima
1136 2787 1477 2857 paternitatis
1501 2796 1696 2844 vestra:
1721 2789 1935 2845 dilectio
1968 2785 2112 2859 quod

530 2890 636 2947 ego
678 2876 820 2932 ﬁlius
874 2884 1014 2941 tuus,
1060 2890 1085 2919 α
1139 2877 1319 2932 εαξεωὶ
1360 2878 1801 2949 occupationibus
1834 2881 2107 2950 depositis,

535 2966 639 3021 soli
674 2966 786 3021 Deo
827 2981 1019 3021 vacare
1058 2968 1322 3023 desidem.
1355 2968 1478 3023 ideo
1525 2969 1782 3038 deprecor
1801 2967 2110 3023 Aimitatom

533 3066 795 3123 vestram,
830 3065 892 3112 ut
916 3072 1003 3112 me
1038 3058 1248 3113 eximiae
1270 3059 1570 3115 sanctitatis
1593 3068 1783 3117 vestra:
1808 3061 2111 3116 benedictio

534 3147 811 3203 et'oratio
855 3156 1245 3217 consequatur,
1289 3157 1554 3218 quatenus
1601 3149 1780 3205 divina
1826 3150 2108 3205 clementia
2136 3142 2181 3206 C

534 3253 735 3309 paucos
759 3241 883 3295 vitae
911 3256 1043 3295 meae
1072 3240 1187 3297 dies
1222 3241 1313 3311 qui
1364 3241 1656 3311 supersint,
1698 3241 1753 3296 in
1800 3256 1897 3297 suo
1924 3249 2111 3298 sancto

535 3329 757 3384 servitio
782 3330 847 3383 ad
874 3329 1099 3384 salutem
1126 3330 1319 3385 anima:
1339 3346 1470 3385 mea:
1499 3345 1820 3386 conservare
1841 3330 2107 3403 dignetur.

534 3416 674 3472 Dum
699 3418 845 3472 omni
872 3418 1075 3473 homini
1104 3433 1323 3472 necesse
1366 3426 1449 3472 est
1477 3419 1625 3488 vigili
1660 3434 1788 3474 cura
1819 3434 1876 3473 se
1905 3434 2112 3488 praepa-

534 3520 659 3561 rare
686 3508 752 3561 ad
778 3521 1059 3561 occursum
1082 3506 1292 3561 Domini
1332 3507 1426 3562 Dei
1453 3508 1555 3573 sui,
1579 3517 1780 3578 quanto
1822 3509 1994 3579 magis
2028 3523 2111 3563 se-

534 3598 798 3662 nioribus,
824 3597 915 3666 qui
937 3604 1062 3651 sunt
1084 3597 1241 3651 annis
1263 3606 1317 3653 et
1340 3598 1743 3655 inﬁrmitatibus
1764 3601 1968 3655 crebris
1984 3618 2113 3657 con-

534 3686 716 3752 fracti,
744 3702 870 3742 suas
910 3686 1137 3741 sollicita
1185 3703 1316 3742 cura
1361 3687 1634 3758 lampades
1678 3704 1895 3756 ornare,
1925 3697 1985 3744 ut
2030 3690 2112 3745 di-

534 3771 676 3850 gnus
710 3779 942 3834 donante
973 3777 1084 3832 Deo
1132 3776 1395 3835 efﬁciatur
1442 3778 1742 3834 lucentibus
1774 3778 2110 3848 lampadibus

537 3868 693 3942 [Ms.,
723 3867 1017 3941 lampades]
1047 3882 1334 3924 occurrere
1379 3868 1582 3924 cmlesd
1612 3880 1828 3938 sponso,
1856 3883 1925 3924 ne
1965 3869 2111 3926 foras

532 3970 680 4019 stare
708 3968 953 4031 cogatur,
985 3960 1309 4015 intrantibus
1331 3960 1453 4015 aliis
1477 3960 1545 4015 ad
1568 3960 1868 4015 convivium
1891 3962 2109 4029 superni

535 4055 697 4125 regis,
728 4054 873 4123 quod
924 4051 1099 4123 pietas
1139 4052 1351 4107 Domini
1407 4052 1580 4106 nostri
1626 4050 1753 4106 Jesu
1792 4050 1993 4106 Christi
2022 4067 2110 4108 me

533 4146 729 4201 Filium
766 4155 917 4200 tuum
960 4143 1255 4207 vobiscum,
1285 4143 1625 4198 sanctissime
1646 4141 1823 4207 Pater,
1852 4150 2107 4213 perpetua

533 4238 891 4308 prosperitate
920 4236 1124 4290 intrare
1166 4235 1445 4291 concedat.
1478 4234 1734 4289 Dominus
1755 4234 1901 4289 Deus
1940 4249 2106 4289 vene-

534 4328 761 4381 randam
793 4325 1095 4380 sanctitatis
1137 4331 1329 4378 vestrm
1369 4325 1629 4380 caniciem
1664 4335 1970 4403 sanctarum
2012 4326 2108 4381 do-

533 4417 620 4471 nis
643 4417 899 4469 virtutum
933 4413 1151 4486 [Supple
1191 4411 1402 4479 ﬂorere,
1433 4414 1508 4469 vel
1536 4414 1726 4486 simile]
1752 4415 1933 4483 faciat,
1965 4416 2105 4472 desi-

535 4505 909 4562 derantissime
938 4503 1125 4559 Pater!

599 4650 624 4678 ει
642 4636 833 4710 chuli
848 4636 1270 4710 occupationibus
1290 4635 1950 4710 depositisliucpertinet,
1965 4642 2109 4710 quod

532 4708 790 4776 Alcuinus
811 4708 998 4762 scribit
1038 4708 1091 4761 in
1111 4708 1268 4776 epist.
1300 4707 1400 4763 129
1435 4708 1503 4763 ad
1548 4707 1798 4763 Carolum
1820 4709 1943 4763 data
1965 4707 2108 4768 anno

534 4778 659 4834 80!.
693 4774 894 4851 «_ere,
929 4777 1119 4851 inquit,
1144 4774 1281 4832 'ante
1315 4778 1882 4851 hocquinqgennium
1915 4779 1990 4851 (id
2025 4790 2109 4838 est

535 4863 675 4918 anno
702 4845 804 4901 796
816 4846 847 4918 ί)
878 4846 1160 4918 saeculares
1203 4845 1979 4916 occupationes,'Deumtestor
1999 4867 2108 4908 non

534 4917 679 4990 ﬁcto]
703 4916 866 4971 corde
902 4916 1168 4990 declinare
1184 4918 1452 4990 cogitavi;
1477 4918 1571 4990 sed
1591 4926 1789 4990 vestrae
1807 4920 1908 4987 pia:
1929 4924 2108 4990 provi~

535 4986 731 5040 dentia:
780 4986 1006 5040 consilio
1033 4985 1320 5040 translatus
1359 5002 1476 5041 sum
1509 4988 1563 5040 in
1610 4985 1887 5042 servitium
1929 4985 2106 5048 sancti

535 5055 774 5127 hlartini,
823 5054 948 5109 ﬁdei
990 5055 1268 5127 catholicae
1312 5056 1774 5127 etuecclesiasticte
1819 5061 2105 5127 sanctioni,

534 5125 646 5181 Deo
673 5126 924 5197 donante,
951 5125 1267 5193 proficuum.
1306 5144 1324 5178 ι
1359 5124 1507 5197 Hinc,
1523 5127 1818 5197 epistolam
1866 5124 2104 5197 praesen;

535 5204 643 5251 tem
668 5195 924 5263 scriptam
951 5208 1071 5248 esse
1092 5207 1285 5249 censeo
1313 5209 1453 5250 anno
1479 5195 1580 5249 796
1600 5210 1706 5264 quo
1723 5195 1980 5252 Alcuinus
2006 5214 2107 5254 sa“:-

535 5266 640 5320 culi
665 5264 1104 5334 occupationibus
1116 5263 1374 5333 depositis
1389 5264 1565 5318 aulam
1590 5263 1897 5334 relinquens
1920 5267 1975 5321 in
1999 5269 2110 5323 Tu.

537 5350 768 5390 ronense
805 5333 1194 5404 monasterium
1239 5335 1482 5399 secessit,
1532 5334 1598 5389 de
1642 5333 1754 5404 quo
1783 5350 2000 5392 secessu
2050 5338 2106 5393 in

536 5404 856 5475 Prazfatione
890 5402 1124 5475 generali
1145 5402 1299 5475 plura
1321 5404 1572 5475 diximus.

608 5474 635 5546 Ρ
674 5472 1134 5546 Cmnulpo.__Ali_is_
1160 5472 1417 5542 Kenulfus
1442 5473 1791 5546 nominatur,
1842 5476 1934 5543 qui
1981 5486 2104 5546 post

534 5541 966 5616 obitum_i£_gfridi
1014 5543 1257 5616 diadema
1307 5544 1455 5613 regni
1506 5543 1823 5616 Merciorum
1859 5541 2107 5616 suscepit

536 5628 677 5683 anno
725 5612 826 5683 796
880 5621 1005 5683 ante
1058 5613 1198 5667 diem
1253 5612 1452 5683 nonum
1499 5615 1698 5669 mensis
1751 5612 2101 5683 Novembris,

529 5680 681 5751 juxta
715 5682 1001 5754 calculum]
1040 5682 1374 5754 celeberrimi
1424 5682 1574 5754 Pagii
1610 5685 1678 5741 ad
1721 5700 1920 5741 annum
1975 5680 2099 5754 79o,

534 5749 683 5805 num.
712 5749 799 5817 9.5,
823 5758 877 5806 et
910 5751 1033 5817 8‘2I,
1070 5768 1218 5807 num.
1247 5752 1318 5806 22
1345 5760 1400 5806 et
1426 5752 1512 5808 25.

2130 4493 2185 4553 D

2206 1890 2395 1945 veritas
2437 1887 2608 1961 (Psal.
2638 1904 2783 1953 xxw,
2818 1888 2927 1961 10).
2953 1889 3221 1956 Quantum
3251 1888 3477 1961 quisque
3503 1889 3626 1959 plus
3647 1890 3793 1945 veri-

2206 1980 2334 2034 tatis
2358 1987 2413 2034 et
2432 1956 2816 2033 misericordiae
2848 1956 3100 2049 operibus
3126 1956 3314 2050 fulget,
3343 1956 3493 2033 tanto
3504 1956 3791 2050 majorem

2207 2068 2370 2127 habet
2394 2070 2527 2125 inse
2554 2068 2848 2125 divinitatis
2873 2066 3182 2139 imaginem.
3611 2071 3621 2077 ”

2275 2160 2428 2216 Illum
2456 2174 2668 2231 semper
2696 2161 2902 2215 habeas
2937 2159 2992 2214 in
3034 2166 3235 2225 mente,
3271 2170 3294 2198 ο
3343 2153 3435 2229 qui
3460 2166 3514 2213 te
3556 2170 3791 2228 egenum

2206 2251 2478 2316 exaltavit,
2507 2259 2560 2305 et
2580 2251 2758 2322 posuit
2785 2266 2946 2321 super
2966 2249 3427 2321 principespopuli
3453 2248 3556 2304 sui.
3589 2246 3792 2303 Recto-

2209 2358 2325 2398 rem
2357 2352 2408 2397 te
2442 2342 2611 2412 magis
2636 2357 2886 2412 agnosce,
2939 2350 3212 2411 pastorem
3262 2350 3316 2396 et
3356 2341 3792 2411 dispensatorem

2208 2430 2471 2489 donorum
2503 2432 2618 2497 Dei,
2650 2447 2809 2502 quam
2842 2433 3116 2488 dominum
3142 2431 3225 2486 vel
3258 2440 3586 2487 exactorem.
3631 2430 3792 2487 Sem-

2207 2539 2305 2593 per
2337 2524 2393 2579 in
2431 2533 2608 2579 mente
2643 2524 2842 2579 habeas
2866 2521 3100 2595 Optimos
3140 2523 3168 2563 ά
3200 2523 3516 2579 nobilissimi
3538 2537 3789 2579 anteces-

2208 2616 2347 2670 seris
2377 2614 2451 2669 tui
2482 2629 2678 2682 mores,
2701 2616 3018 2671 modestiam
3044 2616 3098 2670 in
3128 2615 3561 2680 conversatione,
3588 2622 3645 2669 et
3673 2623 3791 2669 stu-

2209 2706 2357 2763 dium
2384 2708 2439 2762 in
2487 2708 2804 2779 corrigendo
2833 2707 2999 2761 vitam
3037 2707 3217 2778 populi
3258 2706 3571 2762 Christiani.
3619 2706 3792 2776 Quid‘

2211 2800 2339 2870 quid
2362 2812 2493 2854 vero
2517 2798 2604 2853 ille
2632 2799 2685 2852 in
2705 2814 2871 2868 regno
2894 2797 2988 2853 tibi
3017 2813 3047 2851 a
3071 2797 3180 2854 Deo
3199 2798 3324 2852 dato
3346 2794 3485 2852 bene
3503 2798 3792 2868 disposuit,

2210 2890 2312 2946 hoc
2349 2898 2439 2943 tua
2473 2886 2877 2961 diligentissime
2905 2895 3262 2958 prosequatur
3290 2889 3501 2943 devotio
3528 2902 3542 2942 :
3581 2891 3632 2944 si
3661 2886 3795 2958 quid

2209 2992 2340 3035 vero
2362 2994 2524 3033 avare
2550 2979 2633 3033 vel
2658 2979 2945 3034 crudeliter
2974 2979 3157 3050 gessit,
3195 2980 3297 3034 hoc
3325 2980 3545 3035 omnino
3568 2980 3665 3035 tibi
3698 2995 3793 3035 ca-

2209 3084 2336 3127 vere
2359 3067 2721 3124 necessarium
2766 3083 2885 3124 esse.
2913 3084 3160 3139 agnosce.
3192 3068 3308 3125 Non
3344 3070 3488 3126 enim
3516 3070 3633 3127 sine
3662 3086 3798 3127 cau-

2212 3177 2272 3217 sa
2306 3172 2331 3200 °
2374 3158 2734 3215 nobilissimus
2784 3156 2924 3215 ﬁlius
2976 3160 3116 3215 illius
3169 3170 3278 3216 tam
3322 3177 3492 3231 parvo
3548 3170 3796 3231 tempore

2210 3251 2348 3306 vixit
2383 3266 2546 3321 super
2575 3246 2818 3321 patrem;
2860 3269 3001 3323 saepe
3030 3254 3222 3309 merita
3244 3256 3416 3325 patris
3442 3257 3792 3313 vindicantur

2211 3338 2267 3397 in
2290 3342 2417 3397 ﬁliis
2446 3341 2598 3413 [Ms.,
2626 3340 2807 3416 ﬁlios].
2851 3344 3061 3400 llabcas
3088 3342 3427 3403 consiliarios
3468 3349 3789 3418 prudentes,

2209 3426 2380 3487 Deum
2411 3433 2677 3499 timentes,
2701 3431 2966 3502 justitiam
2990 3445 3253 3502 amantes,
3281 3452 3469 3507 pacem
3497 3454 3619 3493 cum
3644 3440 3789 3494 ami-

2210 3523 2288 3578 cis
2316 3521 2701 3589 desiderantes,
2735 3523 2894 3578 ﬁdem
2933 3533 2989 3579 et
3017 3527 3357 3583 sanctitatem
3400 3526 3456 3581 in
3498 3542 3793 3582 conversa-

2210 3609 2355 3665 tione
2387 3611 2475 3679 pia
2513 3612 2876 3667 ostendentes.
2912 3613 3056 3669 Gens
3082 3615 3225 3670 enim
3264 3613 3560 3687 Anglorum
3602 3618 3792 3674 multis

2207 3715 2429 3775 propter
2454 3713 2671 3775 peccata
2689 3703 2945 3776 fatigatur
2967 3706 3422 3773 tribulationibus,
3452 3722 3571 3776 qum
3594 3722 3789 3778 regum

2208 3797 2469 3861 bonitate,
2503 3804 2558 3852 et
2585 3798 2924 3853 sacerdotum
2946 3797 3147 3853 Christi
3179 3796 3581 3868 praedicatione,
3612 3808 3788 3874 etpo-

2207 3889 2320 3959 puli
2350 3890 2607 3961 religione
2638 3890 2889 3961 erigenda
2917 3898 3000 3946 est
3039 3890 3106 3945 ad
3138 3888 3344 3959 antiqui
3373 3886 3584 3945 culmen
3619 3891 3790 3947 hono-

2208 3980 2313 4046 ris;
2361 3987 2626 4048 quatenus
2656 3978 2940 4035 benedicta
2974 3988 3188 4050 patrum
3236 3988 3545 4036 nostrorum
3589 3996 3784 4051 proge-

2207 4072 2325 4127 nies
2361 4083 2675 4142 perpetuam
2722 4080 2992 4127 mereatur
3038 4071 3313 4142 possidere
3354 4070 3694 4137 felicitatem,
3732 4081 3789 4128 et

2206 4160 2487 4230 praesentis
2512 4159 2664 4229 regni
2696 4159 3064 4225 stabilitatem,
3106 4169 3161 4222 et
3189 4170 3376 4216 contra
3400 4159 3650 4216 inimicos
3674 4159 3786 4218 for-

2205 4244 2508 4313 titudinem,
2541 4257 2604 4303 ut
2632 4248 2873 4305 Ecclesia
2915 4248 3115 4305 Christi
3161 4259 3368 4307 crescat
3409 4261 3465 4307 et
3489 4252 3743 4323 proﬁciat
3769 4292 3786 4320 ,

2206 4338 2346 4392 sicut
2383 4354 2413 4392 a
2453 4339 2654 4394 sanctis
2679 4338 2929 4396 Patribus
2987 4342 3234 4397 ordinata
3279 4351 3413 4398 erat.
3462 4343 3788 4400 Sacerdotes

2206 4426 2405 4483 Christi
2433 4444 2662 4498 semper,
2691 4429 2990 4486 clarissime
3019 4441 3219 4497 rector,
3239 4433 3534 4489 honoriﬁce
3556 4434 3782 4502 habeas,

2209 4518 2331 4588 quia
2355 4524 2555 4586 quanto
2574 4519 2694 4589 plus
2719 4518 2918 4575 Christi
2955 4536 3159 4589 servos,
3189 4531 3245 4578 et
3270 4523 3420 4578 verbi
3459 4523 3555 4578 Dei
3581 4525 3786 4594 praedi-

2280 4662 2303 4691 c
2348 4649 2450 4716 Qui
2494 4660 2543 4705 te
2567 4667 2783 4720 egenum
2807 4652 3073 4708 exultavit.
3112 4654 3420 4720 Enimvero,
3444 4663 3502 4710 ut
3538 4654 3787 4710 Aifortus

2207 4722 2275 4777 ad
2319 4737 2515 4775 annum
2546 4721 2649 4776 797
2680 4722 2792 4776 ait:
2829 4741 2847 4774 ι
2887 4723 3144 4779 Kenulfus
3187 4724 3332 4780 nullo
3370 4723 3511 4790 jure,
3559 4725 3790 4779 titulove

2207 4739 2275 4777 au
2319 4739 2515 4775 annum
2556 4739 2644 4776 nu
2680 4739 2792 4776 an:
2829 4741 2847 4774 ι
2889 4739 3144 4779 nenuuus
3187 4739 3332 4780 nunc
3397 4741 3511 4790 ure,
3559 4739 3788 4779 titulove

2207 4791 2624 4867 sanguinis,_se_d
2652 4792 2821 4867 solum
2848 4794 3103 4848 virtutum
3124 4739 3625 4867 Ameritozligfrido)
3659 4810 3788 4867 suc:

2206 4860 2548 4933 cessitaFuit
2570 4860 2763 4933 Penda!
2787 4877 2974 4932 nepos,
3015 4878 3083 4918 ex
3110 4860 3657 4929 Chenalch'io'fratre,
3690 4863 3785 4933 qui

2206 4931 2547 4985 Kentwinum
2575 4931 2776 5001 genuit,
2806 4931 3355 4995 et’illeCutlibertum
3391 4933 3655 5003 Kenulphi
3686 4931 3788 5002 pa-

2209 5009 2438 5054 rentem.
2476 5020 2494 5051 ι

2275 5069 2304 5109 ά
2380 5066 2705 5123 Nobilissimi
2730 5073 3087 5126 antecesseris.
3123 5070 3292 5126 Offam
3330 5072 3651 5127 Merciorum
3697 5087 3790 5126 re-

2206 5153 2326 5209 gem
2355 5147 2525 5203 notat,
2572 5141 2675 5193 hoc
2723 5155 2863 5197 anno
2904 5141 3233 5208 defunctum,
3290 5150 3351 5197 ut
3396 5142 3591 5211 saepius
3641 5134 3775 5197 dixi-

2206 5224 2350 5263 mus.

2280 5289 2303 5317 ο
2347 5276 2713 5350 Nobilissimus
2737 5277 3059 5350 ﬁliusillius,
3088 5278 3356 5348 ngridus.
3389 5280 3616 5336 Causam
3641 5295 3751 5350 pra
3768 5314 3793 5326 -

2207 5347 2404 5402 maturi
2431 5347 2589 5419 hujus
2630 5348 2807 5401 obitus
2832 5347 3088 5419 Alcuinus
3133 5347 3187 5403 in
3233 5351 3460 5419 epistola
3485 5351 3551 5405 ad
3580 5347 3792 5405 Osbcr-

2206 5425 2320 5490 tum
2369 5417 2689 5490 patritium,_
2718 5432 2838 5486 quae
2886 5417 3439 5484 desideratum—hanc
3491 5421 3731 5490 assignat
3771 5443 3786 5480 :

2211 5504 2229 5536 ι
2263 5485 2616 5560 Nominquit,
2641 5488 2712 5541 ob
2734 5485 2954 5557 peccata
2997 5500 3091 5543 sua
3115 5489 3335 5560 _(morte
3373 5485 3624 5544 sublatus
3644 5498 3749 5557 est;
3770 5536 3784 5560 ,

2205 5556 2448 5629 seriquia
2480 5566 2642 5629 pater
2674 5556 2804 5611 suus
2854 5571 2952 5629 pro
2999 5556 3408 5629 conﬁrmatione
3457 5556 3783 5629 regnigejus

2205 5626 2429 5695 multum
2460 5626 2771 5695 sanguinem
2810 5628 3013 5683 ell'udit.
3054 5646 3074 5681 ›
3106 5626 3597 5686 Malmesburiensis
3630 5626 3731 5683 lib.
3762 5644 3782 5684 ι

2205 5694 2336 5766 Reg.
2366 5693 2520 5763 Angl.
2547 5693 2665 5765 cap.
2695 5695 2748 5748 4.
