4056 6328
187 403 271 462 233
1582 391 1968 450 EPlSTOLE.

3301 394 3408 453 254

185 528 357 577 catores
374 513 750 570 venerabiliter
773 514 1056 580 observas,
1085 520 1237 568 tanto
1259 512 1432 583 magis
1464 510 1715 568 Christus
1743 511 1798 569 Δ
1819 516 1879 563 ut
1918 508 2172 579 proﬁcias
2211 509 2269 564 in
2306 507 2594 578 sapientia,
2632 506 2690 562 in
2737 521 2941 574 amore,
2990 517 3047 564 et
3067 511 3272 566 honore
3315 521 3416 570 co-

181 629 258 670 rex
280 626 421 666 verus
448 617 506 664 et
527 608 649 678 pius
660 616 814 663 tuum
833 608 1094 664 honorem
1118 604 1322 661 exaltat
1344 613 1400 660 et
1411 601 1718 668 conﬁrmat,

181 705 465 768 sanctissuis
482 703 958 762 intercedentibus.
987 701 1211 757 Summa
1233 698 1424 756 aeterni
1445 698 1592 770 regis
1611 696 1725 768 pie-

179 809 244 856 tas
266 813 352 854 vos
375 797 616 868 longaeva
644 794 1007 867 prosperitate
1062 807 1291 864 regnare
1338 789 1621 856 concedat,
1669 797 1726 844 et

177 891 379 966 perpetui
411 891 564 963 regni
593 891 984 947 beatitudinem
1010 889 1166 946 vobis
1184 889 1423 945 tribuere
1451 886 1720 960 dignetur,

174 983 353 1042 domine
387 982 905 1040 desiderantissime.

645 1093 980 1151 EPISTOLA
1017 1093 1201 1150 LXIV.

720 1203 789 1242 AD
839 1199 1129 1242 SIIIEONEI.

743 1277 922 1349 (Anno
971 1275 1118 1347 796.)

168 1373 445 1429 Memoriam
483 1347 807 1428 commendat
837 1369 1155 1424 traditarum
1176 1367 1277 1422 sibi
1306 1347 1431 1422 olim
1459 1365 1728 1422 doctrina-

621 1458 738 1496 rum
765 1451 812 1495 et
855 1456 1012 1494 novas
1052 1438 1223 1494 addit.

221 1535 540 1591 Veneranda;
568 1533 844 1605 dignitatis
864 1540 920 1587 et
948 1530 1272 1587 dulcissima:
1298 1530 1584 1586 charttatis
1614 1527 1724 1583 lilio

165 1640 184 1668 ι
202 1626 420 1682 Simeoni
445 1639 658 1680 summo
679 1621 946 1679 sacerdoti
962 1621 1190 1677 Albinus
1207 1621 1488 1693 praesentis
1507 1635 1730 1690 prospe-

162 1719 312 1774 ritatis
346 1727 401 1773 et
441 1725 714 1790 perpetuae
761 1715 1112 1772 beatitudinis
1142 1715 1196 1770 in
1232 1715 1450 1772 Christo
1477 1715 1726 1769 salutem.

215 1808 364 1864 Multa
388 1810 527 1865 mihi
554 1808 750 1864 ﬁducia
780 1809 943 1863 estin
978 1807 1086 1863 ﬁde
1104 1816 1305 1873 vestra,
1336 1817 1392 1863 et
1411 1807 1581 1862 multa
1606 1806 1725 1861 laus

1825 617 1944 656 ram
1971 602 2082 657 Deo
2106 609 2161 656 et
2185 600 2516 668 hominibus,
2548 610 2610 656 ut
2634 601 2767 657 nihil
2790 604 2890 658 tibi
2913 605 3053 660 desit
3080 605 3135 659 in
3158 605 3266 660 ulla
3291 620 3416 678 gra-

1827 692 1921 760 tia,
1961 694 2057 750 sed
2085 694 2284 764 ubique
2336 694 2458 764 pius
2507 708 2771 764 appareas
2818 703 2873 752 et
2925 697 3174 752 amabilis
3217 696 3331 754 Deo
3357 706 3416 754 et

1825 783 1973 838 omni
2018 783 2236 855 populo.
2281 784 2490 839 Vestra:
2535 785 2889 842 beatitudinis
2917 789 3312 855 auctoritatem,
3363 795 3420 845 et

1824 873 1982 930 bona:
2035 875 2328 930 voluntatis
2378 875 2630 930 allectum
2695 876 2838 933 Deus
2891 877 3140 936 Christus
3195 894 3413 950 augere,

1825 965 2067 1021 exaltare
2096 973 2152 1020 et
2175 981 2500 1021 conservare
2528 967 2780 1039 dignetur
2808 969 2862 1022 in
2885 978 3142 1025 aeternum
3159 1011 3174 1036 ,
3204 970 3421 1027 domine

1825 1056 1904 1112 ﬁli
1932 1057 1988 1112 in
2020 1054 2238 1113 Christo
2280 1057 2620 1125 charissime,
2651 1066 2708 1115 et
2755 1059 2811 1115 in
2854 1061 3004 1118 omni
3043 1062 3186 1120 bono
3209 1061 3423 1120 deside-

1829 1148 2160 1208 rantissime.

2360 1229 2699 1288 EPISTOLA
2738 1232 2880 1291 LXV

2223 1335 2291 1375 AD
2345 1335 2612 1378 SlIIONBI
2660 1339 3029 1382 SACERDOTEI.

1829 1412 1898 1470 In
1923 1417 2185 1486 prosperis
2223 1425 2272 1490 et
2295 1416 2542 1490 adversis
2565 1420 2751 1490 suadet
2787 1422 2951 1475 animi
2979 1424 3424 1490 moderationem;

1900 1502 2120 1540 munera
2169 1487 2359 1552 mittit,
2402 1490 2588 1544 suadet
2623 1489 2926 1546 Romanum
2979 1491 3232 1547 Ordinem
3249 1487 3427 1548 doceri

1903 1555 2120 1631 elerum.
2172 1556 2468 1631 Melius_se
2500 1560 2690 1614 habere
2740 1563 2944 1615 nuntiat
2989 1580 3053 1616 ea:
3095 1565 3424 1631 inﬁrmitate.

1904 1625 2153 1680 Studium
2177 1645 2341 1682 sacra:
2379 1629 2612 1685 lectionis
2634 1644 2682 1685 et
2711 1631 2981 1703 sapientia:
3007 1625 3354 1688 commendat.

1904 1718 2133 1774 Albinus
2160 1731 2181 1758 ε
2216 1718 2455 1775 Simeoni
2486 1723 2754 1778 sacerdoti
2784 1723 3036 1778 salutem.

1904 1807 2125 1865 Gaudeo
2150 1810 2216 1865 de
2250 1811 2600 1868 tribulatione
2639 1822 2695 1868 et
2727 1813 3089 1884 prosperitate
3126 1823 3324 1883 vestra,
3353 1814 3434 1871 ﬁli

158 1899 199 1977 in
224 1901 464 1956 bonitate
491 1909 704 1966 vestra;
741 1908 795 1956 et
829 1914 1084 1970 magnum
1103 1899 1448 1964 desiderium,
1480 1907 1539 1954 ut
1562 1899 1729 1968 proﬁ-
1757 1879 1808 1942 Β
1834 1902 1909 1958 mi
1959 1902 2300 1969 charissime,
2359 1903 2485 1974 quia
2531 1879 2809 1961 tribulatio
2858 1879 3102 1977 corporis
3151 1879 3318 1962 salus
3347 1914 3434 1962 est

157 1992 250 2047 cias
276 1993 341 2048 de
377 1994 466 2049 die
491 1994 547 2048 in
573 1993 716 2048 diem
744 1993 798 2047 in
825 1992 1092 2048 charitate
1138 1991 1364 2059 Christi,
1402 1993 1458 2047 in
1505 2008 1731 2047 conver-

154 2087 341 2142 satione
373 2087 642 2158 religiosa:
665 2087 812 2151 vitae,
847 2095 903 2142 et
933 2086 989 2140 in
1038 2095 1331 2157 conspectu
1383 2086 1483 2142 Dei
1510 2087 1566 2141 in
1603 2101 1729 2141 san-

153 2186 341 2232 ctorum
377 2178 552 2248 gloria
585 2179 924 2245 meritorum,
965 2177 1030 2232 de
1069 2179 1264 2248 quibus
1295 2179 1495 2248 saepius
1525 2178 1731 2233 sancti-

150 2275 291 2324 tatem
325 2279 479 2326 tuam
518 2271 718 2326 litteris
749 2271 885 2325 meis
926 2271 1218 2327 admonere
1248 2272 1467 2338 curavi;
1505 2281 1566 2326 ut
1593 2272 1735 2327 sicut

147 2360 222 2415 Dei
247 2363 434 2432 gratia
477 2363 731 2426 donante,
766 2376 959 2431 meque
995 2370 1212 2418 teneros
1252 2362 1533 2418 erudiente
1564 2377 1736 2417 annos

142 2456 194 2510 ad
215 2457 374 2512 hunc
410 2456 643 2512 feliciter
683 2456 1042 2510 sanctissima:
1077 2456 1357 2527 dignitatis
1390 2456 1419 2495 ιι
1441 2455 1738 2526 perductus

144 2563 185 2602 es
216 2549 486 2620 gradum,
518 2548 591 2602 ita
640 2555 753 2602 toto
783 2548 962 2603 cordis
1006 2548 1111 2604 mei
1165 2546 1361 2604 aﬁ‘ectu
1409 2555 1536 2617 opto
1567 2546 1738 2600 Deum

143 2655 284 2710 quem
334 2640 608 2709 deprecor
638 2647 696 2692 ut
733 2656 946 2711 semper
988 2647 1041 2694 te
1070 2641 1125 2694 in
1154 2641 1429 2696 anteriora
1473 2639 1737 2697 extendas

145 2747 252 2785 eum
275 2730 568 2801 Apostolo,
613 2731 785 2786 donec
821 2733 1105 2801 pervenias
1135 2734 1203 2788 ad
1231 2733 1519 2789 sublimem
1544 2749 1742 2805 perpe-

148 2830 238 2877 tuae
284 2822 650 2879 beatitudinis
685 2838 979 2878 coronam:
1027 2825 1082 2879 in
1133 2832 1450 2896 tantumque
1496 2842 1740 2897 praesens

148 2922 252 2971 tuas
275 2916 502 2986 implevi
526 2916 779 2985 precibus
810 2932 987 2985 aures,
1018 2918 1284 2973 etahsens
1297 2919 1483 2974 oculos
1495 2920 1740 2990 apicibus

150 3007 461 3078 paginarum
489 3024 753 3075 mearum,
796 3018 856 3064 ut
880 3012 1040 3066 modo
1067 3011 1201 3066 nihil
1229 3012 1352 3068 novi
1381 3013 1625 3068 invenire
1645 3029 1738 3067 va-

150 3097 236 3166 leo,
265 3100 416 3170 quod
452 3109 740 3158 transacta:
768 3101 1072 3159 sedulitatis
1112 3118 1246 3159 meae
1279 3104 1550 3160 devotioni
1580 3103 1735 3176 [Ms.,

153 3196 410 3246 transacta
443 3191 754 3266 devotione]
785 3195 957 3264 possit
985 3196 1358 3266 superaugeri,
1383 3196 1488 3252 nisi
1510 3205 1569 3251 ut
1592 3195 1738 3252 dicta

151 3279 284 3352 [.lls.,
317 3283 550 3357 dilecta]
587 3295 827 3354 paternae
874 3287 1092 3358 pietatis
1135 3287 1379 3359 vigilanti
1435 3288 1741 3344 recorderis

153 3373 328 3440 animo,
378 3386 438 3431 et
467 3376 674 3447 scripta
713 3378 816 3448 pia:
847 3380 1228 3436 admonitionis
1268 3381 1464 3452 saepius
1501 3381 1746 3453 relegere

153 3465 364 3522 studeas.
395 3467 459 3522 In
487 3468 688 3537 quibus
721 3485 851 3525 vero
883 3471 930 3526 si
967 3472 1100 3542 quid
1128 3472 1308 3527 minus
1338 3489 1474 3528 mea;
1498 3473 1746 3529 dilectio-

154 3554 224 3608 nis
267 3556 411 3628 stylo
457 3567 748 3613 exaratum
809 3559 1072 3627 invenias,
1127 3577 1234 3617 non
1281 3578 1416 3618 mea:
1470 3563 1626 3634 culpa
1662 3573 1746 3619 est

153 3647 444 3718 voluntatis,
508 3653 606 3707 sed
645 3651 942 3708 obliviosos
980 3653 1300 3722 ignorantiae
1328 3671 1499 3720 error,
1540 3647 1627 3711 cui
1666 3666 1747 3711 ta-

152 3752 255 3794 men
277 3740 359 3797 fas
385 3754 487 3798 est
523 3743 729 3814 ignosci
761 3762 774 3798 :
807 3752 971 3814 atque
1004 3745 1210 3800 utinam
1236 3756 1430 3802 vestra:
1460 3747 1748 3802 beatitudi-

149 3831 220 3886 nis
251 3844 356 3890 tatn
399 3852 590 3908 prona
639 3838 709 3891 sit
751 3836 965 3891 devotio
1015 3837 1083 3892 ad
1118 3839 1502 3908 perﬁciendam
1532 3840 1748 3908 scriptae

153 3928 530 3988 admonitionis
577 3932 795 3997 seriem,
828 3947 991 4002 quam
1019 3948 1141 3988 mea
1176 3934 1416 4005 gaudens
1441 3941 1526 3988 est
1549 3934 1617 3988 ad
1637 3950 1748 3989 mo-

153 4024 364 4079 nendum
410 4024 687 4080 Charitas.
743 4022 858 4079 Hoc
908 4031 1118 4079 tantum
1165 4040 1330 4078 unum
1370 4024 1503 4078 mihi
1541 4025 1598 4078 in
1647 4025 1748 4080 bac

156 4113 368 4171 chartula
399 4118 470 4172 ad
491 4131 712 4172 monere
743 4125 923 4171 ratum
959 4117 1264 4190 videbatur,
1295 4124 1560 4185 quatenus
1581 4115 1749 4170 animi

157 4209 219 4262 tui
240 4213 606 4276 nobilitatem,
644 4226 806 4281 quam
835 4210 890 4264 in
921 4217 973 4264 te
1002 4209 1206 4278 optime
1246 4209 1506 4272 sciebam,
1538 4217 1592 4262 et
1624 4223 1750 4262 san-

163 4307 245 4352 ctae
277 4302 396 4357 ﬁdei
451 4301 828 4371 integritatem
859 4315 1020 4371 quam
1053 4299 1252 4354 habere
1298 4299 1365 4354 ad
1395 4313 1583 4353 omnes
1611 4297 1749 4353 sole.

164 4385 258 4453 bas,
314 4393 483 4448 nullis
540 4391 843 4445 amicorum
890 4387 1165 4454 consiliis,
1218 4387 1362 4442 nulla
1409 4387 1748 4442 saecularium

166 4480 434 4538 ambitione
467 4482 870 4539 desideriorum
893 4480 1187 4550 corrumpi,
1219 4480 1303 4535 vel
1329 4480 1600 4535 immutari
1628 4495 1751 4550 per-

1765 3239 1817 3308 C

1833 1998 2062 2064 animm;
2103 2007 2158 2053 et
2185 1998 2522 2069 prosperitas
2543 2000 2668 2054 vitae
2712 1997 2878 2068 hujus
2903 2000 3162 2070 gaudium
3191 2008 3273 2055 est
3300 1999 3437 2054 ami—

1834 2106 2042 2145 eorum.
2089 2089 2380 2157 Memento,
2425 2092 2567 2160 quod
2601 2107 2790 2148 omnes
2839 2092 3013 2148 sancti
3061 2091 3436 2149 tribulationes

1834 2182 1980 2252 passi
2019 2190 2144 2236 sunt
2184 2181 2237 2236 in
2264 2183 2369 2238 hoc
2401 2184 2621 2249 mundo,
2653 2199 2885 2253 quarum
2918 2185 3186 2240 acerbitas
3215 2200 3324 2240 non
3349 2190 3438 2239 est

1837 2275 2102 2344 condigna
2150 2273 2346 2330 futurze
2400 2276 2752 2332 beatitudinis
2815 2277 3272 2332 remuneratione.
3329 2275 3435 2341 Qui

1836 2366 1960 2438 plus
1987 2367 2173 2421 oneris
2198 2374 2382 2436 portat
2411 2367 2466 2421 in
2514 2368 2696 2433 dorso,
2745 2369 2868 2440 plus
2919 2369 3133 2423 sudoris
3189 2367 3352 2423 sentit
3383 2368 3442 2422 in

1839 2471 2088 2524 corpore.
2128 2454 2270 2522 Quid
2314 2464 2397 2510 est
2449 2454 2611 2524 hujus
2656 2457 2839 2513 saeculi
2879 2459 3070 2522 honor,
3120 2459 3223 2512 nisi
3276 2473 3443 2528 grave

1839 2550 2050 2622 pondus
2084 2550 2344 2605 viatoris?
2395 2549 2559 2606 Liber
2604 2551 2779 2605 viator
2817 2549 3029 2606 felicius
3085 2551 3230 2606 vadit
3276 2565 3442 2621 quam

1841 2642 2178 2697 sarcinarum
2212 2641 2581 2712 magnitudine
2605 2649 2855 2697 onustus.
2881 2643 3082 2699 Tamen
3123 2644 3189 2698 ad
3222 2658 3441 2699 mensu-

1843 2751 1959 2791 ram
1989 2736 2279 2805 unicuique
2311 2736 2608 2791 secundum
2643 2751 2796 2791 suam
2835 2736 3294 2806 dispensationem
3343 2735 3437 2791 dat

1841 2825 2007 2892 Deus,
2034 2825 2155 2881 aliis
2184 2827 2280 2888 sic,
2307 2826 2429 2880 aliis
2454 2840 2582 2880 vero
2621 2825 2720 2882 sic.
2775 2824 2880 2881 Sed
2907 2827 3276 2897 unusquisque
3303 2825 3436 2882 ﬁdo-

1842 2917 1970 2973 liter
2000 2918 2228 2981 laboret,
2255 2927 2314 2970 ut
2342 2916 2574 2972 feliciter
2595 2927 2790 2988 regnet
2816 2933 2939 2972 cum
2957 2917 3194 2974 Christo.

1917 3009 1942 3048 ἀ
1971 3008 2234 3064 Cuculum
2256 3009 2532 3064 vernalem
2563 3024 2718 3064 avem
2745 3019 2942 3065 vestrae
2964 3011 3137 3065 direxi
3166 3011 3445 3070 sanctitati

1844 3117 1967 3157 cum
2019 3100 2353 3156 munusculis
2381 3101 2671 3170 parvitatis
2723 3116 2896 3156 meae:
2927 3103 3088 3158 modo
3131 3115 3261 3159 vero
3303 3117 3437 3174 par-

1845 3213 1974 3251 vum
2017 3195 2146 3266 quid
2169 3195 2280 3250 vini
2327 3195 2500 3250 direxi
2537 3195 2693 3249 vobis
2730 3200 2786 3250 et
2813 3193 3077 3251 fratribus
3103 3203 3159 3252 et
3207 3195 3437 3261 amicis;

1845 3295 1898 3340 et
1930 3287 1995 3340 de
2036 3295 2226 3357 stagno
2263 3283 2439 3356 [forte,
2467 3282 2684 3357 stanno]
2714 3284 2884 3340 libras
2910 3302 2941 3342 c
2968 3285 3036 3340 ad
3062 3301 3226 3357 opera
3251 3300 3440 3342 neces-

1845 3379 1988 3434 saria
2017 3377 2300 3442 facienda;
2329 3386 2384 3431 et
2419 3389 2442 3416 ο
2467 3376 2733 3432 caucellos
2767 3385 3018 3447 quatuor.
3051 3378 3276 3435 Videtur
3318 3393 3444 3434 con-

1844 3472 2065 3541 dignum
2087 3478 2147 3524 ut
2162 3467 2478 3524 domuscula
2491 3469 2798 3525 cloccarum
2825 3479 3021 3541 stagno
3049 3477 3263 3528 tegatur
3277 3484 3446 3541 prop—

1845 3572 1932 3617 ter
1957 3569 2343 3617 ornamentum
2372 3571 2428 3616 et
2457 3561 2562 3616 loci
2593 3561 2988 3617 celebritatem.

1822 3701 1838 3717 ,
1916 3652 1993 3707 De
2017 3653 2355 3708 ordinatione
2391 3661 2447 3708 et
2482 3652 2834 3724 dispositione
2866 3651 3096 3709 Missalis
3116 3652 3307 3709 Libelli
3345 3669 3443 3710 ne-

1847 3749 1960 3802 scio
1989 3763 2088 3802 cur
2134 3746 2511 3813 demandasti;
2543 3746 2786 3817 nunquid
2833 3761 2941 3802 non
2988 3747 3155 3802 habes
3194 3746 3442 3804 Romano

1848 3855 2000 3895 more
2030 3840 2313 3895 ordinatos
2341 3838 2550 3894 libellos
2581 3839 2911 3894 sacratorios
2937 3840 3317 3895 abundanter?
3337 3839 3449 3894 Ha-

1847 3931 1945 3986 bes
1963 3945 2179 4001 quoque
2191 3937 2246 3984 et
2267 3929 2466 3984 veteris
2481 3929 2887 3983 consuetudinis
2907 3928 3239 3984 sullicienter
3252 3929 3448 3985 Sacra-

1851 4025 2117 4081 mentaria
2150 4022 2356 4092 majora
2380 4039 2395 4088 ;
2426 4023 2555 4091 quid
2582 4029 2718 4092 Opus
2743 4030 2828 4076 est
2870 4037 3006 4076 nova
3036 4023 3289 4086 condere,
3317 4022 3446 4078 dum

1849 4127 2034 4175 vetera
2076 4115 2391 4172 sulliciunt?
2433 4114 2651 4182 Aliquid
2674 4113 2966 4168 voluissem
2992 4121 3140 4167 tuam
3179 4112 3449 4183 incepisse

1851 4209 2229 4264 auctoritatem
2255 4204 2485 4260 Romani
2515 4203 2734 4260 Ordinis
2765 4204 2820 4258 in
2849 4203 2997 4258 clero
3026 4211 3137 4270 tuo,
3177 4213 3238 4258 ut
3257 4218 3446 4258 exem-

1848 4299 1935 4371 pla
1964 4315 1994 4354 a
2020 4307 2072 4354 te
2099 4303 2402 4362 sumantur,
2445 4303 2500 4350 et
2522 4294 2888 4350 ecclesiastica
2916 4294 3096 4351 ofﬁcia
3126 4294 3450 4351 venerabili-

1853 4409 1936 4454 ter
1959 4407 2014 4453 et
2054 4394 2397 4451 laudabiliter
2423 4393 2701 4449 vobiscum
2737 4401 2984 4463 agantur.
3039 4390 3144 4447 Sed
3185 4392 3294 4452 rari
3323 4398 3451 4448 sunt

1853 4487 2143 4557 adjutores,
2188 4485 2326 4541 forte
2371 4484 2504 4539 dicis
2531 4501 2544 4550 ;
2575 4483 2668 4538 sed
2721 4481 2893 4552 major
2934 4483 3087 4538 bona:
3136 4481 3452 4538 intentionis

166 4572 344 4628 mittas.
386 4576 512 4631 Non
543 4577 723 4630 omnis
766 4575 975 4630 amicus
1009 4573 1351 4629 consiliarius
1376 4587 1495 4628 esse
1532 4574 1750 4654 poterit,
1782 4595 1833 4656 ι)
1859 4581 2009 4636 labor
2055 4578 2247 4650 majori
2286 4593 2511 4632 summae
2557 4576 2832 4630 felicitatis
2873 4575 3310 4629 remunerabitur
3358 4588 3451 4629 co-

167 4661 353 4723 dicente
382 4670 676 4740 Scriptura
702 4689 714 4723 :
748 4669 918 4724 Amici
954 4669 1046 4722 tibi
1075 4669 1176 4723 sint
1207 4667 1376 4732 multi,
1409 4667 1746 4722 consiliarius

167 4765 315 4811 autem
339 4777 484 4814 unus
518 4759 715 4832 (Eccli.
751 4775 799 4813 rt
819 4800 832 4822 ,
862 4758 937 4830 6).
964 4757 1085 4813 Noli
1124 4767 1268 4812 tuam
1295 4757 1592 4811 bonitatem
1615 4756 1748 4810 alio-

167 4861 269 4902 rum
300 4851 659 4923 improbitate
696 4853 1000 4908 obscurari.
1051 4851 1183 4906 Nolo
1237 4867 1388 4906 amor
1431 4859 1557 4905 tuus
1587 4865 1749 4919 quem

168 4939 284 4997 bona
307 4946 520 5016 pietate
546 4954 603 5001 et
623 4945 900 5001 voluntate
939 4961 1004 5000 ex
1051 4945 1158 4999 tuis
1183 4945 1267 5000 vel
1298 4945 1490 4999 alienis
1515 4958 1754 4997 comme-
1795 4945 1802 4948 ’

170 5035 323 5104 misti,
367 5040 604 5096 alterius
628 5039 953 5111 negligentia
988 5038 1073 5092 vel
1104 5037 1308 5092 malitia
1333 5038 1628 5102 obruatur;
1659 5035 1754 5090 sed

227 5181 249 5209 ἰ
289 5171 532 5228 Simeoni
555 5190 760 5228 summa
791 5173 1069 5227 sacerdoti.
1099 5171 1210 5227 Hoc
1237 5189 1432 5227 nomen
1466 5170 1752 5242 Symeonis

171 5239 490 5312 gdscititium
549 5261 672 5301 esse
731 5241 994 5298 Eanbaldi
1051 5244 1286 5311 junioris
1357 5239 1753 5312 archiepiscopi

170 5307 522 5371 Eboracensis
559 5332 704 5370 nunc
760 5307 1105 5368 inanil'estuin
1151 5324 1232 5367 est
1277 5329 1343 5368 ex
1395 5314 1497 5367 alia
1543 5307 1756 5366 Alcuiiii

170 5383 378 5450 epistola
419 5386 632 5442 codicis
673 5385 967 5449 Harleiani,
1010 5384 1077 5437 ad
1121 5383 1466 5454 Eanbaldumi
1505 5383 1760 5454 archiepi-

170 5466 368 5524 scopum
416 5456 772 5512 Eboracensis
797 5454 1028 5511 ecclesia:
1072 5464 1409 5525 cognomento
1440 5453 1756 5524 Symonem,

170 5525 315 5590 paulo
340 5537 470 5590 post
499 5527 826 5583 exhibenda.

232 5594 258 5632 δ
311 5593 618 5653 Perductus
671 5616 723 5654 es
772 5597 1015 5668 gradum.
1076 5597 1155 5651 Ex
1202 5593 1523 5668 bisﬂverbis
1563 5593 1762 5668 colligo

1855 4689 1987 4730 rona
2011 4691 2026 4726 :
2052 4681 2107 4727 et
2136 4671 2366 4726 feliciter
2392 4671 2622 4733 laborat,
2653 4668 2745 4737 qui
2787 4668 2891 4721 sibi
2921 4668 3190 4721 construit
3226 4667 3448 4722 domum

1854 4767 1907 4820 iu
1931 4778 2098 4835 regno
2127 4763 2242 4826 Dei,
2267 4762 2451 4830 parvis
2471 4774 2666 4829 magna
2680 4765 2734 4812 et
2763 4774 2962 4827 parans
2988 4758 3208 4813 caducis
3222 4770 3446 4824 aeterna,

1855 4854 2086 4911 terrenis
2135 4852 2376 4908 coelestia
2423 4867 2608 4907 emens
2633 4866 2646 4916 ;
2674 4858 2897 4920 propter
2940 4850 3100 4904 unius
3143 4851 3450 4920 margarita:

1854 4948 2181 5018 emptionem
2210 4944 2394 5000 omnia
2420 4943 2719 5006 dimittens,
2754 4949 2814 4994 ut
2835 4945 2956 4996 eam
2986 4938 3258 5012 possideat
3287 4955 3450 5009 quam

1856 5040 2080 5103 invenit,
2103 5046 2158 5092 et
2183 5037 2433 5092 omnibus
2461 5033 2696 5105 praetulit
2720 5049 2974 5105 gazarum
3004 5033 3228 5089 deliciis.

1929 5185 1952 5213 ο
1994 5172 2227 5229 Simeoni
2256 5170 2534 5225 sacerdoti.
2569 5169 2753 5225 Eidem
2800 5171 2982 5234 credo,
3031 5169 3097 5223 ad
3125 5185 3284 5240 quem
3315 5184 3452 5240 pras-

1859 5245 2054 5301 cedens
2095 5242 2318 5312 epistola
2352 5242 2553 5310 scripta
2599 5250 2701 5306 est,
2735 5243 2820 5296 cui
2862 5239 3155 5312 propterea
3178 5241 3316 5293 hanc
3363 5239 3451 5312 atl-

1852 5315 2080 5386 jungere
2112 5310 2517 5386 voluitetiamsi
2544 5313 2610 5367 de
2654 5328 2797 5367 anno
2821 5310 2877 5367 et
2902 5310 3020 5366 loco
3067 5326 3175 5380 quo
3208 5317 3262 5364 et
3309 5310 3451 5364 unde

1860 5384 1985 5442 data
2016 5384 2087 5438 sit
2115 5384 2337 5438 minime
2368 5389 2596 5438 constet.

1933 5455 1958 5494 ἀ
1991 5453 2268 5509 Cuculum.
2301 5455 2376 5508 De
2403 5453 2496 5509 illo
2523 5453 2643 5508 vide
2665 5451 2891 5509 inferius
2913 5449 3198 5523 epistolam
3226 5451 3295 5505 ad
3324 5448 3454 5504 Cal-

1861 5528 2045 5583 vinum
2070 5534 2125 5579 et
2147 5525 2432 5580 Cuculum.

1939 5610 1960 5637 ε
1994 5595 2290 5652 Caucellos.
2332 5593 2612 5650 Caucellus
2660 5595 2958 5660 vasculum,
2991 5591 3376 5648 diminutivum
3419 5608 3454 5647 a

171 5659 300 5722 hanc
328 5669 623 5738 epistolam
658 5659 917 5739 scriptam
940 5666 1106 5724 fuisse
1135 5682 1244 5723 non
1274 5666 1363 5739 diu
1393 5675 1517 5735 post
1541 5659 1766 5720 electib-
1865 5685 2077 5724 caucus.
2123 5666 2328 5738 Regula
2355 5665 2597 5738 Magistri
2632 5681 2749 5734 cap.
2773 5665 2878 5739 27:
2921 5684 2939 5716 ε
2968 5664 3163 5739 Bibere
3191 5664 3237 5739 s_i
3264 5663 3456 5739 volue-

173 5747 282 5791 nem
319 5739 602 5809 ,Eanbaldi
654 5742 722 5794 ad
767 5738 1290 5809 archiepiscopatum
1341 5738 1762 5809 Eboracensem,

174 5818 283 5880 (tua:
306 5808 456 5865 facta
483 5820 571 5866 est
597 5827 739 5867 anno
763 5811 868 5872 796
909 5808 970 5865 ut
1014 5810 1320 5866 notavimus
1346 5824 1511 5880 supra
1547 5808 1617 5864 ad
1651 5808 1766 5879 epi-

171 5878 358 5938 Slolam
395 5881 491 5937 56.

579 5973 855 6036 Panos.
903 5971 980 6035 C.

1868 5741 1959 5805 rit,
2001 5735 2332 5810 aquam'non
2365 5735 2755 5810 ab'urceouno
2785 5736 3002 5801 haustu,
3034 5735 3127 5791 sed
3155 5735 3223 5789 ad
3243 5735 3452 5810 caligis,

1868 5821 1960 5867 aut
1995 5805 2245 5883 galletmi,
2278 5816 2372 5863 aut
2419 5805 2637 5883 cancelli
2685 5806 2834 5860 bibat
2878 5821 3216 5883 mensuram.
3254 5827 3274 5860 ι
3328 5805 3451 5860 Vid.

1870 5883 1951 5938 Du
1980 5875 2160 5954 Gange
2185 5880 2361 5938 Gloss.
2400 5893 2518 5936 voc.
2549 5875 2756 5932 Caucus
2780 5883 2837 5934 et
2868 5875 3164 5933 Caucellus.

3018 5970 3062 6034 8
