4056 6328
488 434 497 441 ’
570 435 681 495 150

1490 415 1549 469 Β.
1590 411 1652 468 ιτ.
1689 403 1919 464 ALBINI
1956 400 2088 461 SEU
2122 396 2401 458 ALCUlNl
2432 388 2717 454 OPER-UM
2752 384 2936 445 PARS
2968 382 3015 442 ι.

643 540 826 619 [Satis
852 535 986 595 mihi
1001 512 1179 609 placet
1200 527 1491 588 concordia
1525 525 1669 619 inter
1689 520 1862 576 ﬁlium
1887 530 2067 619 meum
2096 521 2163 619 et
2186 521 2241 583 Α
2264 519 2366 619 set,
2378 518 2441 619 ιιι
2453 508 2549 619 tibi
2570 499 2971 619 licuissetapud
2994 506 3243 619 sancttu‘m
3262 491 3573 619 amandum
3585 489 3853 619 hiemant,

574 604 798 699 fratrem
853 604 1024 690 tuum,
1078 638 1241 696 quem
1284 624 1508 674 vocatus
1556 612 1781 667 visitare
1831 606 2048 663 venisti.
2094 604 2162 659 Et

575 697 715 789 bene
742 721 917 781 fecisti
945 734 1035 776 me
1061 712 1333 775 hortando
1358 709 1426 765 ad
1453 705 1774 763 charitatem
1796 700 1914 780 ejus
1940 697 2160 762 reverti,

576 823 720 882 unde
746 828 1023 887 nunquam
1069 821 1295 866 aversus
1324 801 1431 869 fui;
1464 799 1593 855 licet
1639 794 2029 852 dubitationem
2075 789 2168 845 ali-

578 926 742 986 quam
790 882 1126 978 agnovissem
1171 898 1239 953 de
1280 909 1402 950 mea
1440 890 1548 946 ﬁde
1594 890 1649 944 in
1689 887 1795 943 tuis
1831 882 2168 940 suavissimis

581 972 852 1074 iipicibus:
896 992 1051 1062 Quod
1093 1003 1225 1045 vero
1267 983 1444 1049 dixit,
1486 989 1547 1036 ut
1591 978 1902 1039 habuissem
1954 990 2077 1031 eum
2115 972 2169 1025 in

581 1097 745 1154 domo
787 1091 856 1148 ad
904 1082 1281 1147 erudiendum,
1331 1079 1642 1135 nullatenus
1681 1091 1713 1130 a
1745 1089 2019 1145 quoquam
2046 1079 2173 1126 ante

583 1185 784 1244 audivi.
814 1176 1040 1249 Tamen]
1074 1176 1252 1240 scias,
1303 1171 1447 1242 quod
1497 1170 1552 1223 in
1603 1182 1821 1224 camera
1850 1162 2174 1221 humilitatis

584 1274 853 1349 superbia
871 1286 981 1327 non
1007 1268 1189 1340 placet
1207 1264 1475 1328 habitare,
1503 1260 1630 1331 quia
1659 1259 1802 1330 quod
1828 1257 1918 1312 illa
1942 1254 2178 1312 adiﬁcat

583 1369 689 1427 hoc
715 1366 818 1423 ista
855 1360 1105 1419 destruit.
1158 1356 1303 1414 Ecce
1358 1368 1498 1425 ego,
1540 1358 1805 1421 quantum
1845 1349 1900 1404 in
1934 1361 2023 1402 me
2071 1352 2175 1409 est,

585 1466 804 1531 apertas
851 1455 1026 1511 habeo
1070 1464 1264 1506 manus
1319 1443 1638 1514 amplectari
1690 1441 2017 1505 venientem,
2069 1453 2179 1492 non

589 1564 844 1624 respuere
870 1551 1205 1619 precantem.
1249 1540 1364 1596 Hoc
1394 1538 1535 1609 apud
1556 1550 1745 1593 omnes
1780 1547 1999 1590 servare
2034 1547 2178 1603 pra-

589 1641 759 1706 ﬁnivi,
791 1647 850 1695 ut
881 1636 1090 1693 nullum
1137 1631 1452 1703 abjicerem,
1504 1628 1621 1694 sed,
1673 1639 2049 1698 quemcunque
2090 1637 2182 1692 po—

593 1734 840 1797 tuissem,
871 1729 1224 1784 attraherem.
1264 1722 1502 1798 [Quanto
1526 1718 1697 1789 magis
1722 1718 1789 1773 de
1817 1725 1927 1771 tam
1952 1714 2184 1787 probato

593 1826 712 1880 viro
736 1831 793 1880 et
821 1831 932 1877 tam
952 1817 1205 1874 laudabili
1227 1828 1461 1887 persona
1482 1820 1537 1868 et
1558 1810 1725 1866 tantis
1753 1809 1885 1864 mihi
1912 1807 2074 1863 bonis
2115 1818 2183 1857 ex

2261 599 2422 674 forte]
2450 599 2784 669 aliquantum
2813 591 3094 663 temporis,
3112 588 3330 645 Christo
3355 583 3672 647 miserante,
3703 581 3859 638 nobis

2262 701 2626 766 Opportunum
2679 694 2823 744 esset
2874 683 3035 741 simul
3079 681 3328 739 habitare
3352 719 3366 743 ,
3413 686 3474 732 ut
3518 674 3863 745 frangeretur

2262 786 2613 861 propheticus
2658 781 2814 853 panis
2851 779 2998 833 inter
3056 790 3177 839 nos,
3208 774 3275 828 de
3320 786 3429 842 quo
3477 768 3686 824 dictum
3733 773 3859 821 est:

2266 856 2481 951 Frange
2506 873 2757 932 esurienti
2782 887 2973 943 panem
2996 879 3144 923 tuum
3186 862 3345 936 (Isai.
3370 876 3523 926 Lvm,
3548 858 3626 930 7).
3659 856 3867 913 Licuis-

2269 982 2352 1031 set
2377 948 2534 1028 nobis
2557 967 2772 1025 assidue
2796 980 2902 1020 una
2930 976 3062 1017 voce
3100 968 3156 1015 et
3181 970 3289 1013 una
3314 955 3420 1011 ﬁde
3459 960 3684 1010 cantare
3714 967 3728 1004 :
3762 948 3868 1003 Pa-

2271 1082 2387 1123 nem
2412 1071 2648 1119 nostrum
2664 1055 3031 1132 quotidianum
3057 1052 3129 1106 da
3150 1048 3299 1105 nobis
3317 1045 3473 1101 hodie
3503 1043 3657 1117 (Luc.
3681 1058 3762 1108 ιι,
3789 1040 3865 1113 '5).

2274 1154 2386 1232 [Et]
2425 1169 2493 1208 ex
2519 1169 2584 1210 eo
2610 1148 2778 1214 vesci,
2803 1147 2897 1218 qui
2941 1146 3016 1200 ait
3047 1163 3060 1197 :
3108 1141 3222 1213 Ego
3263 1155 3380 1194 sum
3405 1136 3558 1209 panis
3587 1135 3755 1201 vivus,
3784 1132 3870 1205 qui
3962 1140 3965 1143 ‘

2274 1228 2339 1307 de
2361 1247 2486 1305 calo
2526 1241 2799 1307 descendi,
2840 1241 2886 1295 si
2912 1238 3028 1310 quis
3058 1230 3454 1289 manducauerit
3482 1244 3549 1284 ea:
3590 1228 3690 1281 hoc
3717 1241 3871 1297 pane,

2275 1343 2405 1399 vivet
2431 1339 2488 1394 in
2533 1346 2784 1393 wtemum
2822 1317 3007 1403 (Joan.
3047 1324 3135 1390 'v1,
3173 1324 3261 1388 51,
3302 1319 3417 1394 52).
3449 1319 3532 1377 0!
3572 1333 3740 1389 quam
3784 1316 3873 1387 ju.

2278 1434 2456 1491 cunda
2478 1438 2563 1487 est
2596 1427 2860 1491 charitas,
2892 1432 2946 1480 et
2973 1437 3139 1492 quam
3177 1418 3349 1475 dulcis
3378 1417 3670 1489 prasentia
3712 1412 3873 1475 illius,

2278 1531 2336 1580 et
2372 1536 2536 1594 quam
2560 1519 2688 1575 felix
2709 1518 2838 1580 vita,
2866 1515 2958 1571 ubi
2982 1526 3262 1583 nunquam
3290 1508 3464 1565 deerit
3494 1506 3636 1577 quod
3667 1518 3877 1574 semper

2282 1613 2524 1670 amatur!
2556 1626 2677 1682 qua
2697 1621 2841 1664 nunc
2863 1609 2917 1663 in
2941 1606 3216 1661 absentem
3259 1601 3394 1675 [Al.,
3425 1597 3672 1671 absente]
3708 1598 3876 1661 ardet,

2283 1717 2415 1764 tunc
2439 1706 2493 1760 in
2513 1709 2782 1776 prasente
2803 1701 3038 1757 latatur.
3068 1697 3223 1752 Licet
3250 1695 3450 1764 ubique
3479 1693 3625 1749 Deus
3644 1703 3881 1763 prasens

2285 1799 2377 1863 sit,
2412 1804 2591 1852 tamen
2634 1793 2792 1848 aliter
2814 1792 2869 1847 in
2909 1789 3145 1859 imagine
3170 1802 3268 1858 per
3307 1784 3585 1856 speculum
3613 1782 3880 1851 cernitur,

596 1877 1043 1984 multotempore
1088 1877 1397 1979 coniuncto,
1429 1906 1652 1963 credere
1694 1902 1978 1959 dissidium
2026 1897 2177 1971 [Ms.,
2212 1900 2261 1960 Β
2290 1891 2448 1946 aliter
2480 1890 2536 1944 in
2558 1887 2847 1961 praesentia
2884 1900 2982 1957 per
3010 1883 3245 1954 speciem
3268 1880 3480 1936 videtur
3506 1897 3519 1932 :
3546 1878 3613 1933 de
3635 1892 3743 1948 qua
3772 1877 3881 1948 ipsa

599 2002 931 2076 descidium]
980 2017 1101 2058 non-
1136 1999 1320 2056 debuit
1356 2005 1546 2054 sancta
1593 2002 1648 2050 et
1693 1990 2016 2054 venerabilis
2061 2006 2191 2061 pru-

601 2100 780 2158 deutia
816 2106 1017 2154 vestra.
1052 2093 1206 2161 Quod
1233 2107 1363 2148 vero
1392 2092 1460 2146 de
1484 2089 1596 2144 ﬁlio
1617 2102 1759 2153 meo,
1791 2084 1962 2141 fratre
1994 2092 2049 2139 et
2096 2098 2192 2137 ne-

598 2201 725 2264 pote
750 2198 862 2255 tuo,
891 2187 1078 2244 durius
1117 2184 1401 2254 scripsisti,
1432 2182 1614 2237 videat
1641 2177 1878 2234 charitas
1920 2186 1974 2231 et
2018 2175 2194 2247 pietas

602 2290 694 2338 tua
729 2296 797 2335 ne
824 2278 1000 2334 inanis
1026 2275 1121 2331 ﬁat
1145 2275 1301 2329 labor
1329 2281 1531 2337 noster,
1563 2280 1618 2326 et
1643 2285 1713 2324 ne
1731 2268 1988 2339 perdatur
2013 2264 2194 2320 anima

603 2390 704 2446 pro
728 2387 833 2444 qua
860 2371 1108 2428 Christus
1138 2367 1275 2423 mori
1320 2381 1429 2420 non
1465 2361 1748 2419 dubitavit.
1792 2360 1931 2414 Ecce
1958 2372 2081 2412 eum
2111 2372 2196 2411 re-

607 2464 731 2519 misi
765 2470 874 2518 tua
904 2459 1198 2524 dilectioni,
1230 2464 1291 2512 ut
1322 2455 1492 2511 facias
1535 2453 1602 2508 de
1630 2451 1723 2507 illo
1766 2450 1907 2505 sicut
1950 2447 2199 2503 videatur

606 2557 906 2631 prudentia
949 2553 1083 2629 [Al.,
1129 2550 1503 2625 providentia]
1543 2558 1767 2615 vestra;
1816 2547 1872 2601 in
1910 2553 2001 2601 tua
2052 2542 2198 2598 enim

605 2657 873 2723 potestate
898 2643 985 2702 est
1022 2644 1107 2701 vel
1153 2644 1268 2710 ille,
1300 2643 1383 2698 vel
1414 2640 1676 2698 beneﬁcia
1703 2654 1823 2711 qua
1856 2638 2039 2693 habet.
2089 2633 2201 2691 Fac

609 2741 907 2797 secundum
932 2737 1076 2807 quod
1110 2751 1178 2791 ex
1201 2734 1346 2790 illius
1368 2732 1656 2804 intelligas,
1684 2738 1810 2786 ante
1838 2728 2025 2785 oculos
2051 2734 2195 2793 tuos,

609 2830 843 2896 meritis,
869 2844 978 2883 non
1003 2825 1300 2883 secundum
1340 2826 1505 2880 verba
1535 2823 1859 2878 invidorum.
1887 2819 2033 2875 Nihil
2054 2818 2203 2874 enim

610 2935 824 2980 necum
864 2928 1043 2992 potest
1085 2920 1141 2974 in
1194 2919 1429 2974 tristitia
1475 2917 1665 2987 spiritu
1709 2915 1991 2987 proﬁcere.
2024 2913 2204 2970 Unum

613 3031 647 3074 θ
695 3015 906 3072 duobus
941 3012 1075 3068 mihi
1128 3010 1344 3066 videtur
1381 3008 1666 3065 consilium
1708 3024 1723 3061 :
1772 3015 1867 3062 aut
1908 3022 1974 3062 ex
2019 3012 2205 3061 nostra

2292 1984 2508 2042 Veritas
2534 1982 2609 2036 ait
2639 1999 2652 2035 :
2682 1980 2833 2035 Beati
2862 1976 3059 2032 mundo
3100 1973 3275 2040 corde,
3307 1972 3557 2044 quoniam
3580 1970 3682 2041 ipsi
3712 1969 3879 2023 Deum

2292 2078 2535 2134 videbunt
2562 2072 2778 2148 (Matth.
2817 2087 2871 2137 v,
2921 2069 2998 2142 8).
3032 2067 3319 2122 Mundetur
3368 2063 3528 2120 modo
3559 2078 3656 2118 cor
3692 2062 3748 2116 in
3789 2061 3887 2115 hac

2292 2165 2751 2240 peregrinatione,
2784 2169 2844 2217 ut
2891 2161 2948 2216 in
2990 2158 3168 2230 patria
3198 2156 3342 2211 illius
3370 2153 3702 2211 beatissima
3728 2151 3887 2207 visio—

2296 2258 2382 2313 nis
2400 2256 2507 2312 frui
2536 2255 2715 2310 liceat.
2743 2252 2974 2309 Utamur
3012 2249 3115 2304 hoc
3150 2247 3353 2303 mundo
3377 2245 3624 2318 perituro
3659 2243 3715 2299 in
3761 2242 3888 2299 cha-

2298 2353 2460 2408 ritate
2488 2364 2594 2404 non
2624 2346 2888 2418 peritura,
2926 2351 2987 2399 ut
3018 2342 3266 2397 fruamur
3310 2341 3421 2397 Deo
3465 2341 3522 2395 in
3561 2338 3731 2411 gloria
3773 2350 3892 2410 per-

2298 2449 2569 2499 manente.
2615 2439 2660 2495 O
2709 2436 2963 2494 Domine!
3019 2432 3194 2508 [Iesu]
3219 2432 3307 2489 fac
3344 2447 3445 2489 nos
3486 2430 3814 2503 diligerete,
3840 2435 3894 2483 et

2299 2533 2476 2590 odisse
2510 2546 2635 2588 eum
2660 2531 2726 2586 de
2754 2545 2861 2600 quo
2906 2526 3091 2582 dixisti
3120 2544 3142 2578 τ
3171 2524 3404 2579 Mundus
3435 2540 3517 2578 me
3566 2523 3679 2577 odit
3707 2522 3888 2594 (loca.

2301 2642 2392 2693 xv,
2429 2624 2539 2697 18).
2566 2622 2639 2681 Ut
2670 2637 2769 2694 per
2790 2630 2843 2677 te
2867 2621 3069 2676 donum
3097 2619 3333 2691 Spiritus
3360 2616 3631 2674 Paracleti
3659 2614 3894 2687 accipia-

2302 2733 2444 2783 mus,
2484 2731 2637 2787 quem
2657 2725 2885 2768 mundus
2905 2730 3010 2768 non
3028 2721 3195 2782 potest
3223 2711 3476 2782 accipere,
3494 2712 3619 2782 quia
3640 2724 3749 2763 non
3763 2706 3897 2762 videt

2303 2825 2444 2875 eum,
2483 2823 2574 2862 nec
2599 2806 2698 2861 scit
2725 2792 2843 2860 cuin
2890 2803 3072 2872 (Joan.
3106 2818 3219 2869 xw,
3264 2801 3376 2875 l7).
3421 2800 3542 2857 Noli
3582 2815 3680 2855 nos
3708 2812 3898 2854 secun-

2306 2902 2433 2958 dum
2465 2909 2571 2955 tua
2598 2897 2842 2953 veritatis
2872 2894 3291 2967 promissionem
3324 2893 3598 2964 orphanos
3624 2890 3897 2960 relinque-

2308 3012 2369 3050 re
2385 3036 2400 3061 ,
2428 2992 2523 3050 sed
2546 2993 2701 3048 mitte
2723 2991 2777 3046 in
2807 3005 2907 3046 nos
2926 2988 3176 3060 spiritum
3200 2985 3474 3052 veritatis,
3498 2986 3590 3055 qui
3617 2984 3899 3041 nobiscum

615 3107 794 3181 gratia
822 3119 947 3162 eum
979 3105 1177 3159 domno
1214 3100 1332 3173 regi
1368 3099 1741 3164 commendes;
1772 3096 1858 3152 vel
1897 3105 2074 3152 tecum
2112 3095 2210 3149 ha—
2309 3092 2528 3142 maneat
2568 3084 2626 3139 in
2676 3090 2940 3139 aternum
2993 3079 3158 3153 (Ibid.
3186 3120 3201 3146 ,
3250 3096 3383 3134 vers.
3417 3077 3513 3144 l6,
3544 3076 3654 3148 l7).
3707 3074 3752 3132 Ο
3788 3073 3902 3129 Rex

615 3165 778 3265 beas;
829 3196 1003 3253 donec
1032 3165 1305 3266 agnoscas
1322 3207 1390 3247 ex
1418 3191 1560 3246 illius
1601 3188 2025 3250 conversatione,
2077 3185 2209 3256 quid
2312 3180 2497 3250 gloria.
2536 3186 2592 3234 et
2632 3176 2860 3232 Domine
2907 3175 3169 3229 virtutum
3215 3171 3388 3238 (Psal.
3435 3186 3594 3235 χχιιι,
3626 3168 3745 3234 l0),
3792 3165 3903 3223 bel-

618 3290 686 3345 de
813 3287 947 3342 utile
980 3260 1274 3352 sit,vdonec
1321 3283 1518 3338 iterum
1566 3289 1770 3347 nostra,
1821 3279 2036 3334 volente
2068 3277 2201 3343 Deo,
2233 3280 2282 3344 ο
2310 3272 2450 3327 lator
2478 3278 2664 3326 noster
2686 3277 2741 3324 et
2759 3284 2865 3340 pax
2886 3279 3091 3332 nostra,
3113 3267 3207 3337 qui
3232 3264 3416 3320 dixisti
3446 3278 3461 3318 :
3490 3260 3783 3330 Conﬁdite,
3815 3273 3901 3329 ego

618 3380 907 3439 collocutio
936 3379 1047 3433 fiat.
1093 3375 1308 3446 Aliquid
1338 3383 1518 3430 tamen
1542 3381 1600 3429 ut
1644 3374 1842 3428 habeat
1884 3370 2207 3426 consolatio-

620 3473 728 3539 nis,
760 3470 900 3527 forte
927 3468 1119 3524 melius
1163 3474 1269 3532 est,
1317 3466 1608 3521 secundum
1652 3463 1973 3519 humilitatis
1997 3469 2052 3515 et
2079 3462 2208 3516 obe-

621 3563 838 3628 dientia
862 3559 1298 3631 promissionem,
1334 3571 1401 3610 ue
1431 3555 1686 3610 continua
1714 3552 2067 3608 absorbeatur
2104 3551 2208 3605 tris

622 3652 772 3710 stitia
787 3649 874 3723 (II
902 3646 1025 3704 Cor.
1053 3647 1209 3717 11,7).
1238 3645 1305 3700 Et
1319 3645 1366 3700 si
1388 3657 1416 3686 ι
1437 3642 1612 3698 Witto
1634 3642 1819 3698 veniat
1837 3641 1907 3696 ad
1934 3657 2051 3706 vos,
2067 3640 2209 3710 apud

622 3759 747 3800 eum
781 3743 990 3799 discere
1018 3746 1213 3812 potest.
1247 3738 1314 3793 Et
1339 3737 1409 3802 si,
1442 3736 1552 3791 Deo
1592 3735 1826 3799 volente,
1855 3733 2056 3799 veniat,
2087 3733 2212 3788 vide

624 3835 947 3907 diligenter:
980 3847 1048 3887 ne
1097 3828 1275 3885 inanis
1302 3828 1399 3882 ﬁat
1447 3824 1708 3881 habitatio
1736 3824 1880 3878 illius
1908 3821 2210 3890 vobiscum,

624 3933 686 3981 ut
705 3922 968 3998 quantum
998 3936 1084 3977 me
1127 3919 1403 3975 tristiﬁcat
1426 3916 1669 3973 absentia
1696 3915 1858 3980 illius,
1889 3922 2096 3969 tantum
2116 3928 2215 3969 vos

626 4015 864 4073 latiﬁcet
884 4012 1199 4086 praesentia,
1228 4019 1283 4066 et
1325 4008 1567 4065 defectus
1603 4022 1756 4062 meus
1784 4012 1964 4061 vester
1991 4005 2063 4061 sit
2089 4018 2216 4077 pro-

626 4106 820 4166 fectus.
871 4103 942 4161 Et
964 4104 1010 4159 si
1037 4103 1374 4173 aliquantum
1423 4099 1681 4169 temporis
1727 4097 1812 4152 vis
1856 4111 1981 4152 eum
2010 4096 2065 4150 in
2106 4111 2218 4152 mo-

629 4198 873 4257 nasterio
893 4198 922 4239 ιι
951 4195 1124 4251 sancti
1166 4191 1459 4250 Hrodherti
1502 4188 1774 4247 demorari
1804 4203 2024 4244 necesse
2046 4187 2097 4242 ei
2124 4201 2215 4242 es-

628 4305 731 4364 set,
774 4301 999 4367 propter
1035 4290 1362 4362 adiutorium
1410 4287 1689 4344 hominum
1736 4284 2038 4355 linguaque
2082 4281 2220 4338 noti-

632 4388 785 4449 tiam,
812 4395 837 4425 ο
876 4382 1251 4439 Aedilbertum
1292 4378 1497 4435 habere
1541 4392 1746 4441 secum,
1771 4384 1830 4430 ut
1856 4374 2055 4429 nostris
2096 4389 2221 4428 eru-

632 4475 925 4536 ditionibus
974 4480 1247 4536 assuetus,
1278 4478 1333 4524 et
1378 4469 1594 4523 illorum
1640 4466 1882 4521 moribus
1936 4466 2217 4529 educatus,

632 4569 847 4628 medius
874 4565 970 4622 ﬁat
1015 4564 1069 4618 in
1102 4563 1381 4617 ambarum
1409 4560 1647 4629 partium
1691 4557 1957 4628 profectu.
1990 4556 2215 4623 Tamen,

2312 3366 2409 3421 vici
2437 3362 2692 3417 mundum
2717 3360 2898 3433 (loan.
2922 3375 3031 3424 xvi,
3055 3359 3169 3429 55).
3203 3356 3373 3413 Vince
3397 3355 3525 3411 etin
3553 3352 3710 3409 nobis
3734 3351 3906 3407 servis

2315 3457 2437 3512 tuis.
2469 3454 2572 3528 [Tu
2622 3451 2752 3526 scis]
2781 3452 2908 3522 quia
2956 3451 3071 3506 sine
3116 3458 3169 3505 te
3218 3447 3351 3503 nihil
3388 3447 3566 3502 facere
3613 3455 3906 3516 possumus

2313 3550 2497 3624 (Joan.
2513 3564 2606 3614 xv,
2630 3546 2708 3619 5).
2726 3546 2804 3601 Da
2821 3560 2942 3601 cum
2965 3544 3158 3599 fiducia
3179 3541 3352 3598 servis
3378 3543 3485 3597 tuis
3504 3540 3651 3610 loqui
3681 3538 3906 3594 verbum

2315 3651 2486 3705 tuum,
2515 3648 2568 3696 et
2595 3639 2940 3710 loquentibus
2966 3636 3231 3706 exemplis
3272 3635 3580 3699 ostendere,
3614 3632 3762 3703 quod
3816 3643 3904 3685 ore

2313 3733 2625 3804 pradicent.
2658 3730 2737 3786 Da
2769 3728 2906 3786 velle
2930 3738 2985 3785 et
3010 3728 3270 3800 perﬁcere
3295 3726 3553 3800 (Philipp.
3576 3742 3654 3791 ιι,
3686 3723 3815 3794 l3);
3844 3721 3907 3775 da

2315 3830 2376 3878 ut
2410 3822 2779 3878 misericordia
2810 3829 2902 3876 tua
2944 3821 3241 3893 praveniat
3267 3818 3440 3892 (Psal.
3473 3834 3628 3885 Lvm,
3680 3814 3771 3886 ll)
3797 3855 3815 3879 ,
3859 3820 3911 3867 et

2315 3915 2686 3971 misericordia
2737 3921 2826 3969 tua
2870 3916 3233 3984 subsequatur
3276 3928 3377 3968 nos
3423 3910 3597 3983 (Psal.
3628 3925 3769 3973 χιιι,
3806 3905 3859 3979 6)
3892 3920 3906 3959 :

2315 4005 2608 4077 praeveniat
2647 4004 2717 4059 ad
2772 4004 3175 4075 incipiendum,
3212 4005 3573 4074 subsequatur
3623 4001 3691 4057 ad
3742 3997 3909 4070 perﬁ-

2316 4094 2566 4151 ciendum
2622 4092 2755 4167 [Al.,
2815 4092 3191 4165 implendum].
3246 4093 3386 4160 Quid
3439 4092 3594 4162 plura
3647 4091 3914 4146 habemus

2318 4189 2518 4252 dicere,
2547 4186 2651 4241 nisi
2682 4194 2740 4240 ut
2770 4184 2866 4240 ﬁat
2890 4186 3137 4241 voluntas
3169 4193 3260 4240 tua
3286 4226 3300 4251 ,
3351 4186 3444 4255 qui
3476 4185 3561 4240 vis
3586 4197 3776 4240 omnes
3822 4182 3923 4259 ho:

2318 4280 2493 4335 mines
2518 4277 2697 4334 salvos
2722 4276 2879 4333 ﬁeri?
2905 4276 2959 4349 (Ι
3006 4277 3142 4331 Tim.
3174 4293 3214 4332 ιι
3234 4318 3249 4342 ,
3290 4276 3371 4348 4.)
3404 4276 3520 4332 Tua
3550 4276 3804 4331 voluntas
3830 4289 3912 4329 sa-

2318 4372 2404 4427 lus
2430 4379 2515 4427 est
2548 4378 2755 4437 nostra,
2787 4369 2956 4442 gloria
2998 4378 3183 4426 nostra
3232 4377 3288 4424 et
3316 4368 3595 4425 beatitudo
3624 4376 3839 4423 nostra.
3894 4379 3901 4385 ·

2391 4462 2496 4518 Per
2518 4461 2806 4533 quemdam
2822 4462 3019 4517 mentis
3029 4476 3334 4527 excessum,
3350 4476 3384 4514 ο
3398 4458 3568 4514 frater
3578 4457 3912 4521 venerande,

2323 4555 2439 4610 hac
2461 4552 2673 4609 locutus
2698 4568 2840 4619 sum,
2862 4568 2970 4608 non
2992 4560 3105 4607 tam
3144 4553 3393 4608 ordinate
3417 4566 3582 4621 quam
3611 4548 3916 4620 epistolaris

634 4668 695 4714 ut
716 4657 870 4713 vobis
890 4654 1126 4719 videtur,
1158 4651 1274 4717 ﬁat,
1319 4657 1376 4705 et
1395 4649 1556 4704 citius
1576 4663 1663 4704 me
1697 4648 1837 4704 scire
1863 4647 2073 4703 faciatis
2092 4646 2222 4716 quid
2252 4658 2305 4718 ι)
2326 4644 2562 4716 postulat
2583 4644 2852 4714 angustia,
2877 4644 2971 4700 sed
2998 4652 3108 4700 tam
3133 4643 3380 4701 aﬁ‘ective
3396 4660 3559 4715 quam
3586 4643 3779 4697 intima
3801 4658 3917 4697 cor-

633 4747 789 4804 vobis
810 4745 1042 4816 placeat.
1080 4742 1147 4797 Et
1171 4740 1200 4781 τι
1231 4741 1298 4796 de
1337 4739 1518 4795 domui
1567 4739 1710 4809 regis
1738 4738 2046 4794 reversione
2080 4748 2103 4776 θ
2129 4753 2222 4792 ve-

636 4837 1080 4912 stroque'itinere
1106 4834 1189 4890 vel
1220 4834 1573 4897 habitatione,
1597 4840 1651 4888 et
1674 4832 1743 4887 de
1767 4833 1964 4887 domno
1994 4839 2216 4901 aposto-

635 4933 758 4998 lico,
795 4930 818 4972 ί
845 4939 903 4988 et
943 4929 1116 4986 sancti
1140 4927 1293 4982 Pauli
1332 4943 1514 4993 causa,
1546 4936 1602 4983 et
1647 4926 1859 4982 cateris
1908 4927 2069 4981 rebus
2098 4940 2219 4995 qua

636 5024 795 5081 nobis
821 5028 947 5078 sunt
974 5019 1279 5077 necessaria
1324 5020 1425 5090 71
1455 5019 1541 5106 v.el
1576 5018 1814 5089 jucunda
1854 5019 2060 5075 audire.
2109 5018 2225 5074 Hoc

638 5116 780 5174 scias
830 5113 1135 5171 certissime
1176 5112 1320 5182 quod
1368 5112 1425 5166 in
1467 5111 1749 5167 Toronicis
1797 5111 2041 5181 partibus
2085 5124 2223 5181 pene

638 5207 775 5264 nihil
820 5204 1080 5262 remansit
1102 5203 1235 5269 vini,
1281 5201 1603 5274 frugumque
1653 5203 1981 5258 abundantia
2015 5202 2104 5256 vix
2155 5201 2225 5256 ad

638 5300 985 5357 medietatem
1005 5296 1230 5353 alterius
1254 5295 1399 5350 anni.
1432 5295 1556 5351 Ideo
1588 5296 1802 5361 vadam,
1844 5295 2055 5351 volente
2083 5294 2219 5360 Deo,

638 5390 861 5448 visitare
901 5388 1112 5453 fratres,
1142 5399 1197 5444 et
1225 5386 1476 5443 ordinare
1500 5403 1588 5445 res
1614 5388 1851 5455 illorum,
1883 5403 2134 5444 reversus
2171 5387 2227 5442 in

640 5479 948 5541 hisiterum
968 5496 1183 5538 morare
1206 5479 1473 5551 partibus.
1509 5477 1568 5535 Si
1608 5479 1806 5536 domno
1845 5481 1960 5552 regi
1991 5480 2225 5550 placuis-

717 5625 745 5696 ξ
784 5612 971 5696 Witto.
1021 5611 1201 5696 Witz‘o
1227 5609 1369 5694 forte
1404 5625 1499 5666 seu
1525 5609 1798 5668 Candidus
1820 5611 2030 5667 Alcuini
2068 5612 2229 5670 disci-

1763 5752 1820 5809 ε.

725 5838 1161 5949 ἔϐἰίιάίιὺεηιιηι.
1189 5891 1352 5981 πρῃε
1381 5894 1427 5951 is
1466 5902 1547 5951 est
1572 5895 1883 5953 Adalbertus
1910 5893 2121 5953 Alcuini
2156 5898 2236 5954 di-

2326 4740 2410 4794 dis
2431 4739 2774 4807 compunctio
2819 4738 3017 4808 exegit.
3050 4736 3131 4793 Tn
3183 4746 3388 4804 tamen,
3418 4736 3733 4792 dulcissime
3760 4735 3921 4789 Pater

2326 4840 2383 4887 et
2408 4830 2693 4887 familiaris
2729 4846 2916 4896 meus,
2964 4831 3236 4901 patienter
3280 4831 3488 4886 sustine
3507 4829 3690 4885 cordis
3710 4828 3818 4883 mei
3846 4825 3921 4880 la-

2327 4938 2561 4994 crymas,
2590 4930 2645 4976 et
2676 4929 2853 4977 tecum
2880 4923 3111 4978 reconde
3135 4922 3277 4993 quod
3304 4937 3516 4977 mecum
3545 4916 3919 4984 audisti.Quis

2326 5018 2451 5083 scit,
2479 5016 2585 5072 nisi
2607 5015 2696 5071 ille
2729 5017 2821 5086 qui
2856 5016 3037 5071 omnia
3063 5015 3187 5082 scit.
3218 5015 3266 5071 si
3289 5030 3413 5070 cras
3433 5013 3570 5069 mihi
3602 5012 3766 5067 liceat
3792 5009 3925 5065 serio

2326 5112 2457 5166 bere
2484 5109 2582 5166 tibi
2609 5151 2624 5176 ,
2683 5117 2775 5164 aut
2822 5117 2943 5180 post
2978 5125 3100 5165 cras
3148 5108 3334 5165 dulces
3378 5117 3556 5163 tecum
3604 5104 3925 5162 collationes

2329 5204 2471 5279 [Al.,
2510 5202 2940 5277 consolationes]
2980 5204 3159 5259 dicere
3194 5203 3279 5258 vel
3328 5200 3548 5257 audire?
3586 5200 3759 5255 Hodie
3789 5196 3927 5253 mihi

2330 5299 2477 5354 dedit
2513 5298 2746 5368 spatium
2791 5299 2964 5367 pietas
3013 5296 3131 5363 illa,
3179 5312 3298 5366 qua
3321 5295 3502 5352 omnia
3526 5293 3661 5349 mihi
3694 5291 3928 5350 contth

2248 5454 2252 5459 ἱ
2329 5390 2470 5445 bona
2502 5404 2620 5457 qua
2642 5388 2832 5443 habeo.
2863 5388 3204 5458 Quapropter
3231 5394 3412 5443 tacere
3439 5401 3546 5442 non
3585 5384 3745 5439 debui
3796 5382 3927 5453 quia

2302 5562 2305 5563 ν
2330 5480 2514 5537 nescio
2547 5480 2677 5551 quid
2701 5488 2927 5536 ventura
2959 5480 3138 5550 pariat
3164 5479 3297 5536 dies.
3327 5479 3408 5535 Tu
3438 5493 3598 5544 vero,
3647 5475 3929 5532 unanimis

2332 5615 2585 5726 scirulus,
2627 5616 2853 5698 posthac
2870 5616 3051 5699 abbas
3074 5613 3478 5697 Ferrariensis?

2480 5685 2551 5726 Dp,
2569 5685 2745 5726 damna
2774 5703 2906 5726 unm
2945 5701 3250 5726 reuersum»,
3305 5682 3383 5726 Ah
3428 5699 3478 5726 m

2447 5685 2551 5768 ,οε
2569 5680 2747 5768 damni
2774 5687 2906 5767 regis
2934 5682 3383 5768 reversioneL‘Ab
3428 5682 3772 5755 expeditione
3818 5680 3925 5736 Sa—

2338 5756 2560 5825 xonica;
2594 5756 2718 5810 vide
2741 5755 2899 5825 epist.
2931 5755 3001 5813 53
3025 5757 3190 5819 (nunc
3213 5755 3325 5825 57).

2413 5840 2437 5867 ο
2486 5824 2765 5897 Yestroque
2776 5824 2988 5897 itinere.
3016 5826 3149 5882 Vide
3163 5824 3394 5897 ibidem.

2417 5898 2435 5938 ί
2477 5895 2661 5953 Sancti
2679 5891 2857 5952 'Pauli
2878 5914 3059 5953 causa.
3077 5895 3212 5952 Vide
3240 5895 3441 5952 ibidem
3469 5903 3526 5951 et
3546 5893 3675 5951 alibi
3698 5891 3928 5966 πρὶν.
