4056 6328
193 376 270 434 ιιι
1587 359 1945 417 EPISTOL/E
1958 401 1970 414 .

3313 363 3419 422 ω

192 487 344 544 frater,
363 483 590 532 aeternos
621 473 735 529 dies
761 463 974 542 semper
992 473 1190 529 habeto
1216 474 1272 528 in
1301 480 1509 540 mente,
1541 481 1596 528 et
1637 487 1735 542 per
1760 475 1809 536 Α
1837 473 2014 528 nullus
2045 471 2227 529 saeculi
2251 473 2428 539 luxus,
2454 473 2569 544 ipso
2607 437 2918 543 πεπώωο
2938 473 3148 544 Iudice,
3181 489 3423 549 accepta-

190 570 458 649 patientiam
509 580 666 619 curre
702 566 804 619 iter
845 568 986 634 quod
1039 566 1133 619 tibi
1160 565 1408 621 Christus
1461 563 1724 631 ostendit;

190 665 287 737 quia
315 659 395 730 qui
425 656 666 726 sequitur
687 655 979 721 illum,non
1009 655 1248 718 ambulat
1275 655 1326 710 in
1358 653 1612 719 tenebris,
1635 655 1730 710 sed

187 752 369 813 habebit
398 750 577 804 lumen
624 747 748 802 vitae
775 747 958 819 (Joan.
984 763 1106 812 vm,
1136 746 1244 818 l2).
1290 746 1379 800 ille
1410 746 1504 800 tibi
1550 747 1620 801 sit
1648 747 1730 802 ci-

185 849 266 903 bus
290 852 336 897 et
360 850 538 911 potus,
569 839 806 893 charitas
835 847 889 893 et
934 837 1124 916 gloria.
1170 836 1285 891 Non
1335 836 1609 890 subvertat
1637 851 1733 891 cor

185 950 306 994 tuum
325 932 544 989 ambitio
582 930 784 995 saeculi,
813 929 1146 984 adulantium
1175 927 1373 991 officia,
1404 929 1610 998 species
1638 945 1732 984 va-

186 1028 354 1090 nitatis,
377 1025 538 1078 timor
565 1022 863 1093 potentium
880 1062 894 1086 ,
935 1022 1092 1075 minae
1119 1019 1447 1084 crudelium;
1491 1021 1584 1074 sed
1608 1021 1733 1075 {edi-

102 1146 104 1148 τ
184 1122 259 1175 lica
282 1119 490 1173 domum
517 1127 664 1169 tuam
690 1129 851 1183 supra
886 1114 1096 1168 firmam
1125 1121 1334 1182 petram
1377 1112 1592 1183 (Matth.
1628 1130 1727 1181 vn,

181 1214 250 1277 ΘΔ,
277 1210 378 1283 25),
404 1209 548 1263 unde
570 1216 621 1262 te
656 1206 814 1261 nullae
845 1213 1192 1275 tempestates
1235 1205 1466 1259 evellere
1494 1204 1728 1260 valeant.

181 1307 263 1362 Sed
287 1314 360 1359 sta
378 1303 676 1373 intrepidus
705 1302 912 1372 linguas
936 1300 1332 1354 detrahentium
1358 1307 1728 1364 contemnens,

179 1408 221 1452 et
242 1413 323 1451 ora
345 1395 676 1450 laudantium
704 1410 808 1449 non
853 1408 1081 1457 curans;
1110 1399 1164 1446 et
1196 1407 1545 1461 quoscunque
1577 1400 1732 1462 pote-

179 1491 253 1553 ris,
277 1489 440 1560 gratia
472 1469 764 1542 auxiliante
792 1483 1090 1558 [superna]
1140 1492 1315 1539 tecum
1356 1485 1408 1538 in
1455 1485 1598 1539 hunc
1624 1492 1734 1538 sta-

180 1592 268 1636 tum
301 1583 422 1638 vitae
477 1597 606 1652 rape
640 1581 908 1650 precibus,
940 1579 1162 1633 monitis
1187 1620 1201 1642 ,
1252 1577 1730 1649 castigationibus,

176 1673 422 1743 exemplis,
452 1681 510 1727 ut
532 1689 652 1727 cum
683 1671 961 1740 multiplici
997 1670 1196 1726 laboris
1238 1669 1415 1725 fructu
1445 1669 1731 1740 multiplici

177 1767 338 1836 dignus
379 1767 627 1821 mercede
665 1781 925 1835 appareas
964 1765 1019 1819 in
1065 1775 1352 1834 conspectu
1387 1765 1597 1818 Domini
1634 1764 1729 1820 Dei

176 1859 248 1919 tui.
276 1860 511 1928 mihique
542 1867 646 1912 tuae
672 1859 862 1913 salutis
889 1859 1139 1913 consocio
1165 1857 1394 1912 assiduis
1430 1857 1733 1911 sanctitatis

174 1959 256 2003 ture
279 1950 529 2018 precibus
557 1939 844 2005 subvenire
891 1958 1198 2004 memento:
1241 1957 1508 2018 quatenus
1547 1945 1735 2000 Salva-

173 2051 239 2095 tor
270 2042 506 2095 omnium
538 2057 622 2095 me
648 2042 830 2096 multis
870 2049 1216 2112 peccatorum
1245 2039 1559 2094 vulneribus
1603 2053 1734 2093 con-

169 2130 344 2184 fossum
363 2173 379 2195 ,
411 2131 560 2202 larga
585 2146 695 2186 suze
725 2132 943 2202 pietatis
975 2130 1262 2186 clementia
1293 2130 1502 2186 salvare
1549 2129 1735 2197 digne-

169 2229 236 2274 tur
254 2231 305 2276 et
326 2225 657 2279 constituere
680 2266 694 2288 ,
741 2224 866 2279 licet
899 2231 1224 2288 extremum,
1263 2223 1318 2277 in
1348 2231 1494 2277 sorte
1519 2229 1735 2276 aeternae

164 2315 494 2371 beatitudinis
518 2325 716 2381 tecum,
745 2316 1066 2370 charissime
1092 2315 1273 2380 Pater,
1298 2313 1472 2367 frater
1497 2322 1552 2368 et
1576 2313 1668 2367 ﬁli.

638 2439 664 2466 τι
705 2425 1039 2480 EPISTOLA
1080 2423 1243 2479 LXX.

571 2532 638 2571 AD
675 2531 955 2576 SPERATUM
993 2529 1302 2571 EPISCOPUI.

765 2605 942 2673 (Anno
981 2605 1132 2678 797.)

160 2696 301 2750 Illum
337 2714 372 2749 a
422 2697 738 2768 vanitatibus
773 2699 932 2768 hujus
974 2699 1090 2753 vita:
1121 2700 1462 2766 dehortatur;
1507 2699 1738 2755 inculcat

430 2783 548 2820 vero
574 2767 752 2837 ofﬁcia
779 2767 1032 2840 episcopis
1072 2771 1449 2826 convenientia.

215 2857 569 2915 Sanctissimo
620 2858 775 2914 fratri
813 2868 868 2915 et
908 2861 1019 2916 tilio
1072 2863 1392 2919 charissima
1433 2863 1461 2903 ι)
1511 2861 1740 2934 Sperato

161 2949 414 3018 episcopo,
445 2950 664 3004 humilis
694 2951 856 3006 Pater
878 2952 1104 3009 Albinus
1132 2953 1382 3008 salutem.

221 3041 377 3095 Valde
404 3056 493 3096 me
539 3050 734 3098 vestrae
760 3044 1043 3100 cbaritatis
1064 3061 1218 3099 amor
1246 3045 1487 3115 quotidie
1520 3044 1695 3100 reﬁcit
1719 3087 1734 3110 ,

164 3139 205 3183 et
224 3130 489 3187 fidelitatis
513 3143 746 3190 mentem
781 3152 953 3190 meam
982 3139 1249 3193 certitudo
1284 3139 1621 3193 abundanter
1647 3138 1738 3194 liB-

164 3219 326 3288 tiﬁcat,
351 3225 423 3278 ita
448 3234 509 3278 ut
532 3225 584 3279 in
609 3225 814 3294 primos
832 3229 1116 3296 parvitatis
1137 3245 1270 3285 mete
1300 3230 1523 3294 amicos,
1541 3236 1734 3284 vestrae

162 3315 396 3372 bonitatis
439 3335 640 3374 nomen
680 3329 735 3373 et
772 3321 1054 3377 suavitatis
1082 3322 1248 3378 facies
1277 3323 1444 3378 menti
1487 3337 1619 3376 meae
1650 3337 1735 3375 ra-

159 3407 328 3465 dicitus
367 3411 605 3466 infixum
663 3423 999 3482 permaneat.
1056 3416 1124 3470 Et
1160 3417 1230 3470 ob
1285 3416 1422 3480 hoc,
1470 3427 1732 3486 quantum

159 3501 412 3561 cbaritatis
437 3509 756 3564 recordatio
798 3510 1070 3578 laetificat,
1121 3521 1328 3568 tantum
1364 3514 1623 3569 absentia:
1651 3513 1734 3568 la-

160 3605 376 3664 crymosa
426 3598 806 3670 longinquitas
841 3604 1166 3660 mmstificat.
1210 3604 1315 3660 Sed
1359 3607 1625 3675 patienter
1652 3605 1733 3660 fe-

161 3686 354 3744 rendum
378 3699 474 3746 est.
499 3692 641 3762 quod
677 3695 980 3750 necessario
1009 3696 1342 3752 tolerandum
1386 3714 1505 3753 esse
1543 3699 1733 3769 digno-

161 3779 322 3835 scitur.
366 3785 430 3838 Et
495 3799 719 3840 currens
743 3787 987 3842 chartula
1016 3789 1264 3844 ostendat
1289 3790 1343 3844 in
1371 3790 1566 3846 litteris
1591 3791 1735 3861 quod

164 3867 314 3941 lingua
344 3891 612 3932 resonare
641 3892 745 3932 non
780 3878 920 3934 valet
965 3880 1017 3934 in
1046 3881 1287 3944 auribus,
1313 3889 1580 3952 quatenus
1604 3897 1734 3938 ocu-

164 3959 307 4020 lorum
327 3967 524 4026 ofﬁcio
550 3970 679 4026 illud
706 3981 964 4043 agnoscat
1007 3975 1149 4044 quod
1173 3975 1301 4029 olim
1333 3975 1544 4029 aurium
1576 3975 1733 4030 mini-

165 4058 302 4111 sterio
328 4062 521 4117 cordis
547 4075 813 4119 secretum
844 4067 1114 4135 cognovit.
1427 4112 1433 4119 .

219 4148 390 4208 Vestra
441 4171 584 4210 vero
630 4159 933 4212 veneranda
991 4158 1252 4213 sanctitas
1320 4157 1502 4212 varios
1548 4157 1733 4214 saeculi

165 4252 360 4300 eventus
387 4249 597 4318 sepius
626 4249 964 4314 consideret,
1003 4257 1058 4304 et
1103 4249 1224 4318 quis
1271 4263 1429 4304 casus
1454 4249 1612 4303 nobis
1647 4263 1729 4302 re-

167 4347 370 4405 maneat,
393 4359 514 4397 non
561 4343 818 4397 obliviosa
874 4351 1050 4398 mente
1086 4344 1384 4398 retineatur
1413 4360 1426 4394 :
1460 4341 1734 4411 totiusque

169 4421 355 4483 humani
382 4431 605 4502 generis
629 4433 872 4504 exempla
905 4449 1004 4488 nos
1038 4434 1284 4498 doceant,
1314 4447 1474 4502 quam
1521 4431 1733 4500 pericu-

174 4515 263 4573 losa
297 4522 425 4587 dies,
455 4541 622 4597 quam
659 4529 1002 4582 metuendum
1050 4528 1309 4599 judicium
1349 4527 1554 4582 incerto
1594 4533 1729 4580 tem-

171 4620 278 4672 POI‘C
310 4614 460 4670 nobis
488 4616 796 4672 immineat.
821 4617 1195 4688 Praeparemus
1220 4634 1316 4672 nos
1357 4618 1410 4672 in
1443 4630 1726 4672 occursum

175 4704 322 4769 magni
365 4704 531 4776 Regis
564 4707 763 4778 (Amos,
796 4723 888 4774 iv,
937 4709 1023 4780 12)
1050 4751 1064 4774 ,
1115 4717 1176 4764 ιιι
1223 4709 1369 4779 pium
1394 4709 1731 4763 inveniamus

174 4801 305 4854 quem
335 4797 515 4852 nullus
551 4797 789 4868 effugere
814 4801 1009 4855 valeat.
1057 4801 1195 4869 Quid
1217 4817 1344 4857 vero
1381 4803 1622 4856 muneris
1677 4802 1731 4856 in

176 4886 393 4941 manibus
418 4888 692 4958 feramus,
736 4894 975 4961 quotidie
997 4896 1339 4966 cogitandum
1361 4903 1444 4950 est
1465 4937 1479 4961 ,
1521 4896 1732 4951 dicente

177 4971 426 5048 Scriptura
452 5003 464 5039 :
497 4983 624 5040 Non
652 5004 904 5058 apparens
924 5006 1114 5043 vacuus
1141 4990 1195 5043 in
1219 4998 1492 5060 conspectu
1521 4989 1734 5043 Domini

177 5065 255 5122 Dei
272 5077 343 5129 tui
368 5077 563 5149 (Eccli.
615 5095 781 5146 xxxv,
805 5079 880 5151 6).
909 5081 1063 5136 Nulla
1114 5082 1186 5137 ibi
1217 5082 1559 5136 metallorum
1614 5095 1732 5151 spe-

177 5159 285 5226 Cies,
315 5168 491 5225 nullus
515 5186 850 5241 gemmarum
877 5171 1072 5243 fulgor,
1100 5173 1243 5228 nulla
1269 5174 1498 5228 vestium
1523 5173 1736 5228 vanitas

234 5338 417 5420 fﬁdit.
447 5345 702 5420 Quercet.
737 5348 836 5404 108
856 5364 933 5420 ex
959 5363 1059 5403 ms.
1092 5347 1345 5420 (Froben.
1375 5348 1484 5414 56)-

233 5409 258 5448 δ
285 5409 523 5489 Sperato
545 5418 803 5489 episcopo.
849 5419 1018 5489 Nemo
1056 5409 1235 5488 prodit
1263 5417 1416 5486 cujus
1447 5409 1593 5473 sedis
1627 5419 1738 5489 epi-

176 5493 348 5561 scopus
390 5483 676 5561 fuerithn
717 5483 910 5561 'Anglia
964 5483 1142 5561 tamen
1193 5483 1560 5558 episcopatum
1601 5483 1739 5561 obti-

363 5569 428 5638 εξ
465 5572 577 5644 Ipsa
599 5560 699 5614 hac
720 5559 945 5644 epistola
972 5559 1148 5644 colligi
1177 5575 1333 5643 posse
1355 5561 1595 5622 videtur;
1620 5560 1741 5613 hor-

176 5628 303 5675 tatur
327 5627 472 5700 enim
498 5628 671 5700 ;_Lege
696 5627 887 5700 saipius
921 5630 1055 5684 beati
1078 5627 1316 5699 Gregorii
1343 5645 1742 5685 PBEDICATORIS

177 5705 348 5769 HOS‘I'EI
387 5695 639 5769 libellum.
673 5695 806 5754 Vide
833 5703 992 5755 etiam
1020 5712 1132 5755 not.
1163 5695 1277 5769 seq.

238 5773 257 5845 ξ
287 5763 396 5820 Rex
423 5765 881 5856 iligflgﬁssimus.
924 5771 1081 5856 Off‘a,‘
1098 5763 1257 5856 puto,
1279 5786 1375 5825 rex
1396 5771 1737 5852 Merciorum,

179 5833 254 5900 qui
278 5850 416 5892 anno
449 5837 550 5892 787
579 5838 747 5895 ﬁlium
774 5857 931 5896 suum
970 5833 1249 5912 ngriduni
1280 5857 1460 5911 regem
1490 5833 1742 5898 coronari

1830 566 1956 620 bilis
1995 569 2117 621 erit.
2149 564 2265 620 Nisi
2292 564 2404 621 sola
2439 566 2902 638 eleemosynarum
2939 565 3185 639 largitio,
3230 579 3282 625 et
3310 587 3422 630 me-

1833 657 2059 711 ritorum
2079 655 2455 728 multiplicatio
2474 658 2738 714 bonorum
2759 658 3020 729 proderit.
3044 659 3313 734 Quidquid
3333 664 3424 722 hic

1833 751 2038 820 geritur
2062 792 2077 816 ,
2128 750 2238 807 illic
2262 751 2606 821 dijudicatur.
2638 751 2704 806 Et
2740 753 2916 809 omnis
2943 753 3157 810 bonitas
3201 757 3424 828 praemio

1831 843 2184 900 coronabitur
2238 853 2534 915 perpetuo,
2591 843 2875 914 omnisque
2903 845 3163 917 iniquitas
3207 848 3426 905 aeternis

1833 938 2177 994 damnabitur
2217 939 2518 993 tormentis.

1904 1028 2031 1084 Haec
2074 1030 2270 1084 animis
2300 1015 2614 1086 inhazreant
2648 1031 2871 1098 nostris,
2892 1033 2998 1088 hoc
3022 1033 3260 1104 prudens
3286 1047 3428 1104 prae—

1831 1119 2010 1174 videat
2041 1120 2271 1175 cautela.
2302 1120 2380 1175 Ne
2408 1119 2496 1174 illa
2520 1121 2608 1176 die
2633 1123 2790 1193 inops
2812 1122 3076 1178 bonorum
3103 1125 3425 1180 meritorum

1832 1213 2012 1283 lugeat
2065 1215 2276 1280 anima;
2323 1213 2418 1268 sed
2443 1215 2588 1268 utde
2614 1215 2845 1285 simplici
2882 1217 3118 1287 gaudeat
3167 1216 3428 1272 bonitatis

1832 1307 2008 1362 fructu
2037 1348 2052 1371 ,
2101 1307 2335 1361 maxima
2371 1322 2502 1360 cura
2557 1307 2904 1377 cogitandum
2953 1316 3054 1362 est.
3108 1308 3221 1364 Hoc
3246 1320 3427 1364 vestra

1832 1416 2008 1454 meam
2033 1399 2270 1454 fraterna
2302 1399 2606 1455 sollicitudo
2652 1400 2950 1468 segnitiem,
2985 1410 3295 1457 sanctarum
3349 1401 3429 1455 lit-

1833 1498 2073 1546 terarum
2101 1493 2259 1554 serie,
2287 1492 2481 1561 saepius
2505 1492 2813 1546 admoneat.
2841 1491 2972 1546 Nam
3016 1509 3148 1547 meae
3172 1494 3432 1549 exhorta-

1836 1584 1999 1638 tionis
2029 1585 2190 1639 verba
2217 1599 2358 1638 verae
2379 1583 2682 1638 dilectionis
2701 1583 2842 1654 stylo
2865 1592 2994 1638 sunt
3016 1592 3256 1638 exarata.
3287 1582 3430 1650 Quo-
3497 1600 3504 1602 '

1833 1677 1965 1730 tidie
1989 1691 2276 1746 operemur
2319 1676 2544 1741 bonum,
2574 1675 2699 1729 dum
2745 1683 2955 1745 tempus
2985 1675 3250 1730 habemus
3280 1672 3427 1744 (Gal.

1835 1784 1913 1832 Vl,
1947 1768 2064 1839 10);
2105 1783 2172 1822 ne
2195 1783 2292 1822 nos
2321 1768 2557 1822 tenebrae
2598 1768 3058 1838 comprehendant
3093 1768 3278 1840 (Joan.
3308 1784 3426 1837 xu,

1768 1838 1808 1898 Β
1836 1860 1948 1931 55),
1974 1876 2074 1914 nec
2098 1861 2395 1930 imparatos
2436 1859 2525 1914 illa
2569 1859 2856 1915 metuenda
2904 1861 3018 1916 dies
3048 1861 3303 1915 inveniat.
3348 1860 3430 1914 Tu

1835 1969 1966 2008 vero
1998 1950 2254 2022 pastorali
2283 1951 2482 2019 pietate
2504 1966 2568 2004 ac
2596 1949 2916 2005 sacerdotali
2947 1951 3294 2014 auctoritate,
3318 1965 3425 2004 non

1837 2045 2007 2100 solum
2030 2061 2204 2098 meam
2227 2044 2491 2099 suscitare
2522 2043 2718 2098 litteris
2745 2045 3046 2100 socordiam
3076 2045 3313 2109 studeas,
3334 2043 3429 2100 sed

1836 2138 1999 2192 etia‘m
2031 2136 2282 2191 omnibus
2305 2147 2357 2189 te
2396 2136 2735 2192 audientibus
2759 2137 2847 2206 pia
2883 2137 3230 2206 paternitate,
3258 2144 3318 2190 ut
3355 2136 3433 2190 vi-

1837 2228 2025 2299 gilent,
2056 2228 2352 2298 praedicare
2381 2243 2490 2282 non
2542 2242 2738 2283 cesses.
2775 2226 2833 2281 Si
2858 2227 3040 2298 lingua
3083 2226 3432 2282 sacerdotalis

1839 2321 2004 2376 clavis
2030 2328 2112 2375 est
2139 2319 2375 2374 caelestis
2400 2320 2576 2389 regni,
2605 2320 2759 2374 decet
2786 2329 2844 2373 ut
2886 2328 3072 2390 guttur
3111 2319 3256 2373 illius
3304 2317 3433 2372 tuba

1841 2414 1913 2468 sit
1933 2414 2119 2468 aeterni
2138 2413 2322 2482 Regis,
2349 2413 2562 2467 dicente
2583 2415 2845 2483 propheta
2873 2431 2883 2442 ·
2919 2412 3122 2477 Clama,
3148 2429 3211 2467 ne
3233 2427 3430 2475 cesses;

1841 2505 2016 2561 exalto
2045 2508 2179 2560 sicut
2199 2506 2323 2559 tuba
2346 2521 2515 2559 vocem
2540 2514 2685 2558 tuam
2709 2504 2864 2575 (Isai.
2905 2520 3059 2568 Lvm,
3082 2503 3155 2574 1).
3184 2503 3317 2571 Quis
3372 2518 3431 2570 se

1841 2604 1998 2668 parat
2019 2596 2124 2668 73
2147 2597 2214 2652 ad
2234 2595 2451 2661 bellum,
2477 2596 2522 2651 si
2547 2610 2725 2664 praeco
2757 2595 2810 2649 in
2837 2595 3031 2650 castris
3069 2610 3177 2648 non
3202 2594 3433 2648 clamat?

1842 2687 1974 2754 Quis
2014 2687 2260 2742 hostibus
2287 2687 2595 2742 succinctus
2618 2687 2672 2741 in
2698 2687 2865 2741 armis
2893 2687 3103 2741 obsistit
3125 2686 3429 2753 introitum,

1843 2783 1887 2836 si
1919 2781 2223 2851 speculator
2254 2783 2307 2836 in
2359 2781 2502 2836 celso
2549 2783 2715 2837 turris
2750 2782 2966 2852 fastigio
3023 2782 3254 2836 dormit?
3299 2782 3444 2850 Quis‘

1843 2887 2061 2942 gregem
2089 2889 2118 2927 a
2146 2872 2394 2941 luporum
2425 2873 2574 2927 rabie
2609 2871 2865 2937 defendit,
2900 2874 2942 2926 si
2979 2881 3164 2943 pastor
3184 2873 3237 2928 in
3267 2873 3429 2930 silve-

1844 2964 2046 3018 stribus
2092 2963 2318 3018 luxuriae
2361 2963 2541 3018 dumis
2583 2963 2794 3018 latitat?
2828 2963 2961 3031 Quis
3005 2962 3248 3020 florentis
3285 2965 3429 3021 ruris

1843 3069 2042 3124 pascua
2072 3054 2218 3124 gregi
2249 3053 2610 3116 demonstrat,
2647 3052 2690 3108 si
2734 3053 2927 3108 ductor
2962 3055 3294 3123 vagabundis
3333 3069 3434 3125 per

1843 3148 2029 3204 foveas
2059 3149 2298 3218 vestigiis
2322 3150 2504 3203 errat?
2549 3148 2690 3218 Lege
2721 3148 2938 3218 saepius.
2974 3147 3200 3204 obsecro
3226 3190 3241 3213 ,
3286 3148 3430 3204 beati

1840 3242 2084 3312 Gregorii
2137 3242 2505 3312 przedicatoris
2561 3240 2733 3295 nostri
2782 3239 3021 3295 libellum
3071 3240 3136 3294 de
3168 3237 3427 3310 pastorali

1839 3349 1990 3399 cura,
2022 3333 2161 3387 utin
2210 3347 2274 3386 eo
2303 3331 2603 3402 periculum
2651 3330 3000 3386 sacerdotalis
3040 3329 3206 3386 officii
3255 3345 3423 3400 agno-

1839 3441 1980 3490 scas,
2017 3433 2073 3480 et
2101 3426 2239 3479 bene
2263 3423 2539 3493 operantis
2578 3423 2718 3477 servi
2750 3424 3052 3478 mercedem
3086 3439 3192 3478 non
3237 3421 3430 3477 oblivi-

1839 3519 2028 3574 scaris.
2045 3516 2149 3572 Iste
2174 3515 2312 3571 liber
2338 3515 2445 3569 tuis
2469 3514 2664 3584 saepius
2687 3514 2946 3571 inhaereat
2973 3514 3255 3578 manibus;
3285 3512 3430 3567 illius

1837 3629 2026 3668 sensus
2055 3619 2160 3667 tuae
2207 3610 2436 3664 firmiter
2486 3609 2777 3679 infigantur
2822 3607 3136 3672 memoriae,
3186 3613 3246 3660 ut
3290 3607 3431 3662 scias

1836 3703 2068 3773 qualiter
2092 3702 2320 3772 quisque
2345 3700 2412 3755 ad
2438 3699 2828 3756 sacerdotalem
2858 3699 3120 3754 honorem
3148 3697 3426 3762 accedere,

1835 3806 1890 3851 et
1913 3797 2177 3853 accedens
2208 3803 2407 3864 quanta
2451 3794 2885 3850 consideratione
2929 3793 3164 3863 seipsum
3197 3791 3432 3847 circum-

1836 3889 2042 3958 spicere
2092 3887 2314 3951 debeat;
2357 3892 2413 3940 et
2440 3885 2637 3954 quibus
2689 3883 2949 3952 exemplis
2983 3882 3164 3936 vivere
3208 3894 3429 3936 necesse

1835 3978 1939 4042 sit;
1995 3985 2050 4031 et
2096 3983 2296 4046 quanta
2346 3975 2644 4028 intentione
2674 3973 2968 4042 praedicare
3013 3971 3325 4040 ‘jubeatur;
3370 3978 3426 4023 et

1835 4069 1964 4138 quid
1991 4069 2076 4122 cui
2103 4081 2348 4136 personae
2384 4065 2690 4127 conveniat,
2718 4063 2956 4118 maxima
2983 4060 3308 4116 discretione
3327 4058 3426 4113 de-

1835 4160 2070 4228 scripsit.

1908 4249 2028 4306 Scis
2056 4250 2279 4320 optime,
2311 4257 2514 4319 quanta
2559 4246 2859 4302 intentione
2888 4255 2910 4285 °
2941 4259 3039 4301 rex
3079 4241 3168 4299 ille
3194 4241 3430 4300 clarissi-

1835 4359 1957 4399 mus
1990 4343 2158 4397 lilium
2202 4356 2357 4396 suum
2401 4339 2597 4413 [Edit.,
2629 4338 2739 4394 filio
2783 4337 2903 4412 suo]
2949 4336 3309 4410 praeparavit,
3359 4345 3424 4391 ut

1837 4435 2220 4500 arbitrabatur,
2265 4449 2429 4506 regno
2453 4434 2757 4490 haeredem:
2792 4434 2903 4498 sed,
2957 4441 3017 4488 ut
3044 4448 3228 4488 rerum
3265 4445 3429 4486 even-

1835 4534 1924 4580 tus
1944 4526 2369 4590 demonstrabat,
2397 4526 2617 4580 exemit.
2645 4522 2771 4579 inde
2789 4524 2991 4595 poteris
3013 4522 3324 4579 szecularem
3351 4522 3431 4576 in-

1834 4615 2074 4687 telligere
2111 4617 2463 4686 sapientiam,
2509 4624 2565 4670 et
2591 4631 2752 4685 quam
2801 4631 2987 4671 verum
3013 4623 3128 4681 est,
3180 4623 3240 4668 ut
3276 4612 3429 4668 Psal-

1832 4707 1991 4762 mista
2021 4707 2168 4761 canit
2195 4725 2206 4761 τ
2259 4705 2380 4760 Nisi
2423 4705 2680 4760 Dominus
2708 4705 3043 4775 aediﬁcaverit
3072 4705 3423 4780 [custodierit]

1833 4804 2065 4864 domum,
2098 4804 2152 4856 in
2179 4818 2369 4856 vanum
2407 4799 2622 4871 vigilant
2650 4801 2741 4871 qui
2771 4801 3067 4854 custodiunt
3093 4817 3209 4854 eam
3244 4799 3420 4872 (Psal.

1832 4911 2013 4960 cxxvr,
2048 4894 2121 4965 l).
2172 4893 2343 4948 Homo
2388 4893 2609 4963 cogitat,
2650 4892 2791 4947 Deus
2823 4891 3051 4961 judicat.
3101 4890 3309 4946 incerta
3340 4898 3426 4945 est

1835 4989 2083 5043 humanae
2124 4986 2424 5055 prudentiae
2473 4984 2818 5040 saecularibus
2856 4983 3192 5055 providentia
3236 4982 3420 5038 rebus.

1835 5078 1947 5132 Hoc
1967 5077 2140 5132 solum
2169 5076 2237 5130 de
2263 5073 2458 5130 futuris
2481 5075 2909 5130 considerantem
2944 5088 3052 5129 non
3081 5071 3248 5139 fallat,
3278 5073 3424 5143 quod

1835 5171 2072 5225 Charitas
2099 5169 2154 5224 in
2173 5169 2458 5240 praeceptis
2484 5169 2578 5224 Dei
2604 5167 2764 5237 hujus
2789 5169 2912 5223 vitae
2931 5167 3264 5240 temporibus
3298 5181 3424 5237 per-

1836 5352 1992 5417 fecit,
2048 5345 2139 5422 q'ui
2183 5359 2360 5406 tamen
2387 5357 2613 5422 parente
2648 5357 2864 5406 mortuo
2895 5365 3000 5422 non
3048 5349 3154 5406 nisi
3184 5348 3422 5421 quinque

1837 5421 2111 5478 mensibus
2150 5437 2373 5492 regnum
2405 5421 2611 5484 tenuit,
2659 5431 2834 5476 morte
2876 5421 3172 5492 sublatus:
3205 5436 3311 5492 non
3350 5422 3420 5477 ob

1836 5500 2060 5564 peccata
2089 5509 2184 5547 sua
2203 5490 2234 5555 ,’
2263 5493 2356 5564 sed
2383 5493 2508 5562 quia
2549 5500 2702 5564 pater
2728 5507 2857 5564 suus
2879 5505 2978 5564 pro
3013 5490 3420 5564 confirmatione

1841 5560 1988 5633 regni
2017 5563 2131 5631 ejus
2172 5560 2414 5618 multum
2435 5563 2746 5633 sanguinem
2781 5561 2986 5633 effudit,
3028 5582 3047 5614 ι
3094 5568 3150 5616 ιιι
3177 5560 3304 5633 alibi
3339 5561 3418 5615 lo-

1839 5630 2022 5703 quitur
2045 5630 2302 5688 Alcuinus
2329 5633 2384 5686 in
2427 5630 2651 5701 epistola
2685 5632 2753 5686 ad
2790 5630 3077 5703 Osbertum
3106 5632 3415 5703 patricium,

1839 5694 1958 5774 quae
1986 5705 2344 5768 desideratur,
2390 5711 2444 5758 et
2458 5694 2537 5774 ἐις
2567 5701 2956 5774 quaeaverba
2977 5694 3414 5774 citat'blalmesb.

1841 5771 1934 5846 lib.
1969 5790 1985 5828 ι
2026 5790 2138 5846 reg.
2169 5775 2323 5846 Angl.
2356 5789 2477 5846 cap.
2505 5771 2559 5826 4.
2595 5771 2712 5828 Vid.
2755 5771 2959 5826 Alford.
3008 5771 3200 5828 Annal.
3227 5771 3420 5844 Anglo-

1845 5841 1972 5898 Sax.
2001 5841 2156 5901 annis
2183 5841 2282 5900 787
2305 5853 2359 5896 et
2380 5841 2500 5900 796.

2723 5929 2756 5960 ἢ
