4056 6328
573 411 680 474 ’45

1424 405 1484 458 B.
1527 403 1589 457 F.
1631 396 1854 453 ALBlNl
1894 393 2025 450 seu
2066 375 2342 447 ALCUlNl
2379 384 2659 446 OPERUM
2691 381 2872 440 psus
2908 381 2950 436 1.

3744 365 3846 427 ΞΗ

577 535 705 608 agit.
753 530 836 588 Sit
883 529 978 588 tibi
1009 528 1156 597 larga
1194 531 1384 578 manus
1407 520 1460 574 in
1503 502 1896 586 eleemosynis;
1936 482 2156 565 sit'stu-
2188 475 2352 565 Kcro
2381 544 2396 568 ,
2439 495 2722 557 charitatis
2765 481 3106 553 hortamenta
3157 505 3432 565 spernere.
3483 478 3608 545 Scio
3651 483 3849 560 [Edit.,

1603 606 1606 608 _
1775 599 1782 608 .
1867 605 1876 608 -
2281 597 2284 600 η
2325 595 2358 608 ο-
2401 591 2420 608 1
2454 602 2464 608 .
2535 593 2547 608 1
2699 605 2789 608 μην
2817 589 2860 608 9-
2907 587 3094 608 _..-I:__-
3121 601 3279 608 ..ΑΜ-Α
3310 593 3358 608 ,ι
3399 579 3689 608 ..ιλ-Α’ΛΑιεηη
3725 595 3825 608 “nn

577 579 728 686 diosa
743 622 924 698 lingua
942 620 996 681 in
1011 579 1422 694 praedicatione;
1446 611 1518 666 sit
1533 606 1715 665 sobria
1736 599 1845 661 vita
1866 605 1918 660 in
1933 615 2160 659 conver-
2263 591 2420 666 Scito]
2453 602 2504 647 te
2535 593 2649 646 haec
2689 589 2868 645 omnia
2906 587 3098 642 melius
3121 601 3282 640 nosse
3307 593 3362 639 et
3399 579 3692 654 perfectius
3724 595 3853 652 ope-

2095 683 2127 698 _--
2360 689 2370 698 .
2427 683 2458 698 Α
2516 687 2529 698 -
2726 685 2738 697 ι
2927 675 2962 698 I,
3015 677 3097 698 ,m-
3121 685 3219 698 _.,,_
3257 695 3336 698 μ--
3370 675 3562 698 -..ιειμη
3599 669 3694 698 ,ξιξ
3728 689 3820 698 -..Α

576 720 786 782 satione
811 683 854 785 ;⁹
876 707 948 773 sit
991 683 1342 772 sacerdotalis
1387 703 1682 761 auctoritas
1730 702 1784 755 in
1835 683 2162 784 castigandis

575 779 822 886 reprobis
846 829 861 878 ;
892 810 962 866 sit
991 807 1223 876 benigna
1246 789 1547 857 sollicitudo
1575 796 1630 851 in
1657 791 1962 848 r'elovendis
1990 779 2166 842 humi-

575 879 739 964 libus.
793 903 878 958 Sit
919 889 1015 955 tibt
1040 898 1190 954 clara
1218 895 1271 949 in
1317 891 1563 946 veritatis
1605 887 1904 942 assertione
1948 879 2163 943 ﬁducia,

576 997 707 1054 nulli
733 1009 961 1068 parcens
983 1002 1248 1062 personae,
1291 999 1398 1058 quo
1424 982 1601 1037 minus
1629 975 1897 1048 :equitatis
1925 969 2169 1043 proferas

573 1089 853 1164 judicium.
889 1085 967 1140 Sit
993 1081 1088 1138 tibi
1116 1068 1441 1136 venerabilis
1468 1065 1810 1143 quotidianus
1849 1081 1980 1120 usus
2009 1063 2061 1117 in
2084 1077 2170 1115 ec-

579 1157 894 1240 clesiasticis
920 1174 1130 1240 olliciis,
1161 1177 1222 1226 ut
1241 1167 1422 1226 omnia
1443 1161 1740 1220 honoriﬁce
1761 1157 1892 1214 ﬁant
1919 1170 2038 1226 qua:
2078 1161 2171 1207 tua

577 1263 811 1347 dignitas
839 1270 894 1324 in
921 1265 1019 1322 Dei
1045 1251 1195 1321 cultu
1241 1253 1434 1316 debeat
1457 1258 1764 1311 observare.
1814 1243 1948 1317 Quia
1979 1244 2171 1302 melius

576 1337 687 1431 est,
727 1361 1068 1420 sacerdotem
1110 1353 1314 1412 Christi
1362 1349 1416 1406 in
1460 1338 1824 1405 ecclesiastico
1869 1337 2170 1396 ministerio

576 1456 802 1520 laudari,
837 1467 999 1526 quam
1029 1451 1082 1504 in
1113 1437 1482 1504 conviviorum
1509 1445 1768 1512 apparatu
1799 1433 1980 1506 (Prov.
2012 1443 2169 1493 χχιιι,

576 1551 691 1621 20).
718 1550 848 1616 Quae
874 1547 993 1602 laus
1017 1552 1101 1600 est
1131 1547 1340 1621 tantum
1359 1532 1703 1592 accumulare
1727 1542 1972 1585 mensam
1999 1533 2168 1588 tuam,

576 1651 634 1700 ut
667 1615 756 1699 vis
783 1638 989 1712 portari
1018 1615 1211 1706 possit,
1263 1638 1317 1686 et
1359 1627 1607 1685 Christus
1641 1631 1765 1678 ante
1815 1615 2012 1676 ostium
2045 1633 2172 1672 esu-

577 1731 726 1790 riat?
768 1703 861 1804 tua
889 1703 1133 1784 dicturus
1159 1722 1264 1780 erit
1293 1722 1345 1776 in
1377 1719 1463 1775 die
1495 1714 1761 1773 terribili:
1803 1707 2053 1780 Quandiu
2081 1703 2172 1762 uni

578 1917 692 1974 40).

651 1917 881 2064 l)mnino
904 1993 1108 2060 habeas
1129 2000 1184 2056 in
1213 1995 1473 2054 comitatu
1501 2005 1594 2050 tuo
1617 1991 1936 2066 prudentem
1962 1987 2176 2060 diSpen-

581 2109 839 2165 satorem,
871 2097 963 2169 qui
985 2107 1283 2168 pauperum
1310 2106 1498 2156 curam
1526 2069 1750 2144 sollicita
1777 2085 1976 2156 pietate
1999 2082 2179 2154 provi-

581 2195 726 2252 deat.
759 2170 950 2246 Llelius
978 2196 1061 2244 est
1089 2193 1352 2257 pauperes
1381 2182 1540 2237 edere
1565 2179 1632 2235 de
1660 2192 1844 2233 mensa
1875 2185 1988 2239 tua,
2016 2189 2178 2246 quam

580 2289 876 2348 histriones
911 2283 998 2342 vel
1034 2282 1342 2338 luxuriosos
1385 2275 1672 2350 quoslibet.
1719 2271 2050 2327 Ebrietatem
2090 2280 2178 2350 se-

584 2389 815 2446 ctantes,
853 2379 1015 2433 beato
1043 2354 1378 2444 llieronymo
1403 2339 1642 2432 dicente,
1693 2363 1845 2435 quasi
1881 2359 2076 2416 inferni
2104 2339 2182 2412 lo-

581 2488 739 2528 veam
769 2469 969 2526 devita.
1005 2455 1120 2522 Duo
1145 2455 1291 2519 mala
1315 2464 1458 2516 Sunt.
1507 2458 1749 2514 Primum
1775 2472 1786 2506 :
1823 2459 2011 2507 contra
2039 2464 2181 2520 prce-

584 2574 803 2638 eeptum
827 2561 920 2618 Dei
947 2575 1128 2632 agere,
1160 2557 1253 2630 qui
1285 2558 1400 2617 ait:
1428 2553 1614 2610 Cavete
1643 2566 1730 2604 vos
1761 2547 1824 2602 ab
1856 2535 1996 2600 omni
2022 2543 2186 2598 ebrie-

585 2637 692 2715 tate
740 2665 790 2712 et
833 2652 1053 2726 crapula
1089 2650 1255 2724 (Luc.
1304 2665 1415 2712 χχι,
1470 2645 1597 2716 54).
1655 2640 2010 2698 Secundum:
2063 2637 2186 2693 inde

585 2749 802 2806 laudem
837 2760 1116 2817 qumrere,
1161 2742 1304 2797 unde
1351 2737 1725 2812 pmnitentiam
1774 2748 1934 2806 agerc
1983 2729 2184 2786 debuit.

590 2837 786 2896 Beatus
811 2839 964 2892 homo
992 2837 1081 2908 qui
1124 2851 1228 2888 non
1268 2831 1471 2901 respicit
1497 2831 1552 2882 in
1579 2827 1830 2882 vanitates
1859 2832 1905 2878 et
1944 2821 2012 2876 ad
2047 2821 2189 2876 iusa-

591 2936 707 2990 nias
743 2933 912 3006 falsas
957 2929 1128 3004 (Psal.
1177 2943 1364 2990 xxnx,
1414 2923 1490 2996 5).
1535 2924 1749 2978 Insania
1789 2929 1874 2977 est
1902 2919 2190 2975 vestimen-

591 3036 773 3086 torum
795 3041 1014 3098 pompa,
1045 3031 1100 3078 et
1123 3021 1336 3077 assidua
1365 3018 1646 3073 ebrietatis
1669 3015 1903 3080 luxuria,
1928 3015 2190 3084 propheta

594 3120 847 3178 dicente:
895 3117 981 3173 Va:
1017 3115 1156 3172 vobis
1185 3113 1274 3185 qui
1299 3120 1532 3184 potentes
1562 3110 1682 3164 estis
1714 3108 1782 3162 ad
1811 3107 2085 3161 bibendum
2119 3107 2193 3160 ri-

2267 689 2394 743 rari.
2427 683 2531 741 Sed
2564 685 2740 756 magni
2771 675 2972 738 amoris
3005 677 3228 735 affectus
3257 695 3342 732 me
3365 675 3568 752 optima
3599 669 3697 728 tibi
3727 689 3854 727 sua-

2267 782 2405 866 dere.
2419 771 2582 846 cogit.
2611 775 2851 845 Equum
2879 780 2963 828 est
2987 779 3047 826 ut
3069 766 3210 841 quod
3235 769 3475 826 Charitas
3501 761 3734 821 libenter
3758 761 3857 818 itu-

2268 863 2472 944 pendit,
2504 868 2780 925 humilitas
2801 874 3078 944 gratanter
3099 863 3347 934 accipiat.

2341 1010 2566 1065 Summa
2595 1007 2691 1061 Dei
2718 1002 2894 1077 pietas
2921 1003 3106 1058 multis
3144 1001 3372 1056 feliciter
3397 1000 3550 1054 annis

2410 1101 2706 1156 Conservet
2726 1100 2945 1162 charos,
2970 1105 3130 1166 teque
3157 1095 3386 1164 tuosque
3413 1091 3594 1147 simul.

2343 1195 2432 1252 Sis
2457 1205 2667 1249 memor
2691 1191 2890 1256 Albini,
2924 1197 3189 1244 memoret
3217 1193 3274 1240 te
3291 1185 3540 1241 Christus
3557 1183 3614 1238 in
3635 1175 3831 1248 rerum,

2414 1284 2532 1340 lam
2563 1284 2661 1340 tibi
2686 1287 3004 1355 perpetuum
3030 1279 3104 1333 sit
3135 1278 3251 1332 sine
3277 1275 3384 1330 line
3409 1274 3576 1330 decus

2792 1407 3129 1468 EPISTOLA
3156 1406 3340 1464 LXXI.

2712 1545 2779 1583 AD
2808 1543 3086 1584 SPERATUI
3121 1540 3368 1581 EPISCOI‘U
3377 1541 3431 1578 id.

2267 1639 2504 1715 ’Ettoptat
2533 1641 2676 1697 illius
2703 1642 2992 1715 amicitiam
3020 1637 3325 1715 continuam
3355 1647 3402 1690 et
3429 1637 3676 1690 hortatur
3705 1635 3775 1689 ml
3796 1637 3871 1691 vi-

2749 1724 2858 1768 tam
2886 1712 3124 1783 episcopo
3149 1707 3384 1780 dignam.

577 1842 643 1882 ea:
684 1822 916 1878 minimis
956 1819 1084 1874 meis
1120 1811 1334 1887 fecistis,
1380 1807 1508 1866 mihi
1555 1809 1749 1880 fecistis
1777 1798 1992 1878 (Matth.
2042 1817 2169 1867 xxv,
2200 1843 2250 1929 ὁ
2347 1830 2706 1887 Dilectissimo
2744 1826 2893 1881 Pam
2919 1837 2953 1897 2
2983 1823 3214 1896 sperato
3241 1822 3497 1893 episcopo
3539 1819 3716 1876 ﬁdem
3741 1821 3872 1876 amp

2278 1940 2377 1980 eus
2401 1922 2663 1977 Alcuinns
2689 1919 2940 1974 salutem.

2349 2015 2695 2086 Serapiterna
2731 2025 2820 2066 me
2847 2008 2994 2080 cogit
3021 2007 3262 2063 ebaritas
3283 2007 3479 2076 sapius
3513 2009 3714 2062 vestrm
3747 2003 3875 2060 dite.

2281 2107 2445 2165 etioni
2479 2105 2747 2160 litterulas
2789 2103 3026 2174 dirigere
3051 2143 3066 2166 ,
3107 2101 3233 2156 licet
3255 2101 3435 2156 minus
3459 2099 3696 2155 videaris
3725 2099 3875 2154 nobis

2283 2203 2457 2257 vicem
2487 2199 2784 2270 rependere
2828 2197 2938 2252 tuis
2960 2197 3198 2260 litteris;
3237 2197 3418 2249 tamen
3461 2202 3564 2265 ego
3585 2206 3697 2248 non
3727 2203 3876 2249 cesso

2286 2294 2382 2349 tibi
2406 2291 2820 2364 prosperitatem
2845 2291 3053 2359 optare,
3081 2293 3136 2342 et
3154 2298 3254 2356 per
3275 2287 3492 2341 chartas
3515 2294 3620 2341 tua:
3641 2283 3878 2340 innotes-

2273 2403 2409 2446 cere
2439 2385 2714 2443 sanctitati
2749 2394 2892 2452 quod
2919 2381 3229 2436 nullatenus
3255 2393 3409 2435 mens
3437 2393 3554 2434 mea
3583 2378 3664 2432 tui
3687 2377 3880 2432 haheat

2286 2481 2633 2544 oblivionem,
2681 2477 2776 2532 sed
2799 2475 3124 2532 omnimodis
3151 2473 3306 2529 ﬁrma
3335 2471 3518 2530 radice
3537 2471 3616 2526 tui
3649 2469 3881 2526 nominis

2289 2577 2534 2634 obtineat
2562 2575 2904 2630 memoriam.

2362 2670 2639 2728 Recordor
2690 2667 3029 2724 dulcedinem
3077 2673 3316 2721 vestram
3363 2670 3424 2718 et
3469 2661 3883 2734 germanitatem

2292 2782 2452 2836 quam
2477 2765 2766 2820 habuimus
2807 2763 2953 2816 tuter
2987 2770 3086 2816 nos
3115 2746 3401 2832 prtesentia
3441 2755 3736 2822 corporali,
3771 2770 3886 2827 qua

2291 2863 2454 2918 etiam
2481 2859 2796 2930 Spiritaliter
2821 2856 3100 2914 observari
3126 2853 3306 2920 debet,
3349 2863 3450 2910 nec
3478 2849 3589 2908 tilia
3617 2861 3884 2909 terrarum
3985 2899 3992 2910 .

2292 2953 2683 3024 longinquitate
2709 2949 2894 3015 deleri,
2933 2951 3200 3021 quatenus
3226 2937 3465 3003 amicitia
3483 2945 3613 3002 olim
3642 2947 3884 3002 candicta

2292 3045 2682 3121 peniet'ualltcr
2708 3051 3076 3102 conservetur.
3114 3039 3195 3098 Tu
3226 3055 3378 3106 vero,
3423 3039 3769 3098 sanctissime
3792 3035 3887 3096 Pa-

2295 3154 2398 3206 ter,
2433 3141 2716 3200 considera
2740 3139 3025 3210 diligenter
3048 3137 3226 3193 locum
3254 3135 3488 3192 nominis
3510 3131 3612 3199 tul,
3655 3129 3750 3189 ubi
3780 3145 3888 3189 ma-

595 3233 747 3282 καθ’
769 3223 818 3270 ⁸⁸
856 3213 952 3268 "iri
979 3209 1138 3308 ’9'?“
1169 3193 1238 3261 αδ
1264 3203 1582 3308 Μίδθθῗάξυη
1628 3201 1927 3308 θθνίίῖίσίωη
1953 3198 2108 3306 (ιδῗώ
2137 3214 2191 3264 ν’
2219 3245 2264 3308 c
2297 3193 2908 3300 "stillas:
2933 3193 3166 3302 dignitas
3193 3235 3307 3295 tua,
3337 3231 3394 3283 et
3419 3218 3564 3299 quod
3592 3193 3792 3282 dicetis
3826 3223 3888 3281 ab

593 3309 712 3382 22).
746 3308 851 3375 Qui
875 3308 957 3362 his
985 3303 1294 3368 delectatur,
1337 3308 1396 3354 ttt
1421 3297 1672 3354 Salomon
1717 3296 1810 3360 ait,
1849 3312 1952 3350 non
1973 3297 2068 3350 erit
2097 3312 2186 3350 sa-

596 3405 744 3476 piens
767 3399 950 3474 (Prov.
981 3412 1073 3462 xx,
1103 3395 1178 3468 l).
1221 3394 1280 3449 In
1319 3401 1371 3448 te
1399 3391 1544 3447 enim
1583 3389 1888 3460 exemplum
1925 3389 1996 3442 sit
2023 3387 2189 3442 totius

599 3493 910 3556 sobrietatis
935 3498 990 3546 et
1019 3485 1382 3544 continentiae.
1417 3485 1593 3540 Verba
1623 3482 1717 3537 Dei
1749 3482 1994 3552 legantur
2016 3481 2070 3536 in
2107 3496 2192 3536 sa-

600 3584 858 3645 cerdotali
901 3579 1167 3638 convivio.
1216 3577 1294 3634 lbi
1341 3571 1496 3634 decet
1540 3575 1798 3630 lectorem
1828 3574 2033 3639 audire,
2083 3587 2192 3627 non

600 3681 960 3739 citharistam.
977 3674 1222 3746 Angusta
1245 3679 1330 3727 est
1347 3671 1568 3735 domus;
1595 3677 1855 3738 utrosque
1879 3676 2066 3722 tenere
2082 3682 2193 3721 non

600 3772 822 3846 poterit.
873 3767 992 3826 Non
1017 3766 1132 3824 vult
1151 3777 1248 3822 rex
1275 3761 1511 3820 scelestis
1537 3776 1658 3816 cum
1688 3759 1910 3832 paganis
1938 3767 1994 3812 et
2017 3757 2194 3828 perdi-

601 3868 676 3922 tis
702 3864 1082 3922 nominetenus
1115 3857 1334 3931 regibus
1362 3853 1794 3911 communionem
1821 3850 2042 3916 habere,
2066 3848 2195 3920 quia

601 3961 722 4021 Rc:
749 3959 838 4016 ille
863 3965 1100 4014 aeternus
1141 3958 1333 4024 regnat
1366 3951 1422 4005 in
1451 3947 1606 4006 caelis
1624 3985 1640 4014 ,
1687 3945 1778 4000 ille
1805 3959 2048 4016 paganus
2075 3958 2197 4013 per-

601 4055 750 4112 ditus
771 4051 982 4126 plangit
1019 4049 1077 4104 in
1106 4045 1356 4104 inferne:
1399 4059 1560 4099 meos
1607 4039 1898 4112 legentium
1925 4037 2116 4092 audire
2141 4037 2196 4090 in

602 4147 851 4204 domibus
881 4146 1008 4209 tuis,
1034 4156 1143 4196 non
1164 4138 1452 4194 ridentium
1494 4135 1707 4188 turbam
1739 4133 1792 4186 in
1821 4130 2033 4202 plateis.

667 4235 1008 4294 Clerieorlm
1033 4230 1168 4286 tales
1191 4228 1394 4284 habeas
1413 4225 1611 4289 socios,
1625 4238 1690 4278 ex
1714 4236 1945 4292 quorum
1973 4234 2198 4274 conver-

604 4329 815 4386 satione
841 4335 933 4380 tua
956 4324 1203 4380 laudetur
1231 4319 1546 4374 auctoritas.
1579 4313 1754 4370 Filius
1793 4317 2000 4386 sapiens
2029 4313 2199 4384 gloria

606 4429 680 4478 est
703 4420 894 4492 patris,
922 4425 980 4472 et
999 4423 1190 4472 contra
1212 4412 1358 4482 [ilius
1385 4409 1576 4466 stultus
1603 4411 1893 4480 ignominia
1913 4418 1986 4462 est
2015 4407 2200 4462 matris

609 4511 792 4586 (Prov.
820 4525 875 4576 κ,
910 4506 985 4579 l).
1017 4503 1318 4572 Quomodo,
1349 4501 1560 4558 dicente
1587 4497 1843 4569 Apostoio
1869 4496 1922 4568 (Ι
1949 4497 2083 4550 Tim.
2113 4513 2198 4562 ιιι,

605 4602 685 4677 5),
715 4617 902 4659 curam
926 4598 1183 4656 Ecclesiae
1205 4595 1404 4665 poterit
1426 4594 1648 4659 habere,
1678 4592 1950 4675 quisnam
1979 4592 2196 4648 domum

606 4671 780 4754 nescit
810 4692 1036 4764 regere?
1065 4688 1289 4746 Ovicala
1311 4703 1432 4758 quae
1452 4686 1520 4742 de
1543 4700 1730 4742 mensa
1752 4671 1988 4742 comedit
2015 4691 2200 4754 pasto-

609 4787 710 4854 ris,
759 4783 1094 4856 vagabundis
1125 4789 1273 4837 errat
1308 4779 1604 4850 gressibus.
1655 4776 1934 4845 Quomodo
1984 4768 2198 4832 cautam

609 4883 776 4941 habet
813 4877 1282 4936 conversationem
1303 4913 1320 4940 ,
1361 4889 1484 4944 quae
1525 4873 1696 4928 libero
1719 4872 1854 4942 pede
1895 4887 1994 4942 per
2022 4872 2199 4942 campi

607 4976 950 5034 latitudinem
987 4970 1286 5028 discurrit?
1340 4969 1408 5024 Et
1430 4983 1500 5023 ex
1527 4966 1770 5022 doctrina
1811 4967 2195 5035 discipulorum

609 5075 839 5141 augetur
859 5065 1129 5138 sapientia
1164 5062 1404 5120 doctoris
1434 5075 1450 5115 :
1491 5061 1584 5132 qui
1607 5060 1847 5116 studiose
1874 5061 2034 5114 docet
2051 5055 2196 5128 quod

611 5161 783 5227 novit,
823 5172 970 5229 same
1017 5154 1272 5226 agnovit,
1323 5153 1500 5228 divina
1535 5153 1770 5208 donante
1809 5152 2004 5222 gratia,
2056 5151 2200 5220 quod

610 5253 844 5325 ignorat.
873 5249 1187 5304 Maledictus
1216 5246 1308 5316 qui
1339 5244 1616 5299 abscondit
1639 5243 1905 5300 frumenta
1943 5244 1998 5298 in
2035 5259 2202 5314 popu-

611 5343 681 5399 lis
706 5342 886 5416 (Prov.
917 5355 1000 5408 utr,
1023 5338 1137 5412 26),
1166 5345 1221 5392 et
1241 5338 1428 5392 beatus
1447 5335 1540 5405 qui
1565 5335 1800 5390 seminat
1827 5350 1988 5406 super
2013 5347 2204 5389 comes

613 5444 793 5506 agros.
811 5431 970 5486 Mane
997 5428 1196 5484 semina
1223 5438 1398 5481 semen
1423 5431 1651 5489 tuum,et
1681 5437 1884 5494 vespere
1909 5435 2010 5478 non
2040 5431 2200 5477 cesset

615 5515 723 5600 75.
754 5535 940 5578 manus
983 5530 1094 5574 tua.
1145 5512 1286 5585 Quia
1313 5517 1478 5571 nescis
1500 5513 1626 5587 quid
1649 5512 1832 5568 melius
1862 5515 2084 5576 oriatur,
2105 5513 2200 5566 etsi

613 5625 889 5685 utrumque
909 5613 1008 5668 hoc
1031 5612 1285 5684 optimum
1315 5617 1389 5664 est
1421 5604 1620 5679 (Eccle.
1671 5621 1746 5668 χι,
1781 5603 1854 5674 6).
1885 5604 2074 5660 Nullus
2097 5603 2203 5659 erit

613 5706 668 5760 in
705 5707 808 5763 hoc
829 5705 1028 5762 szeculo
1052 5703 1454 5774 sempiternus;
1495 5699 1616 5754 ideo
1641 5699 1929 5754 contendat
1953 5697 2202 5769 quisque,

612 5803 676 5852 ut
709 5792 786 5854 ibi
809 5791 948 5852 bene
973 5796 1121 5850 vivat
1163 5791 1254 5850 ubi
1290 5791 1652 5863 sempiternus
1690 5789 1813 5846 erit.
1861 5783 1982 5846 Noli
2005 5831 2018 5858 ,
2051 5788 2208 5845 obse-

2293 3327 2566 3394 omnibus,
2615 3325 2717 3382 hoc
2761 3338 2925 3396 opere
2973 3323 3218 3394 impleas.
3274 3317 3627 3376 Fiduclaliter
3657 3317 3888 3390 praedic:

2291 3423 2439 3481 omni
2466 3437 2733 3494 personae,
2761 3427 3078 3491 opportune,
3109 3411 3596 3487 importune,idem
3621 3402 3821 3468 voljiltl
3841 3410 3890 3468 et
3935 3451 3941 3455 -

2295 3504 2496 3572 nolenti
2527 3512 2613 3586 (II
2645 3511 2780 3565 Tim.
2808 3508 2908 3579 tv).
2950 3509 3008 3562 in
3037 3506 3281 3562 molibus
3305 3505 3415 3561 tuis
3443 3499 3686 3576 fulgeant
3712 3495 3890 3559 eretu-

2296 3609 2384 3681 pla
2414 3605 2738 3672 sanctitatis,
2783 3610 2839 3658 et
2869 3603 2924 3657 in
2947 3595 3127 3656 verbis
3168 3595 3416 3655 veritatis
3454 3597 3772 3670 prtedicatio
3812 3587 3890 3652 lil-

2294 3711 2490 3768 tescat,
2535 3702 2660 3772 quia
2699 3699 2816 3756 hmo
2854 3695 2959 3754 duo
2983 3693 3222 3750 maxime
3263 3689 3590 3750 comcniunt
3618 3681 3886 3764 episcopo,

2296 3807 2355 3854 nt
2391 3795 2550 3854 bonis
2591 3795 2734 3850 vivat
2779 3789 3025 3848 moribus
3069 3791 3123 3845 et
3165 3780 3566 3861 prmdicationis
3592 3781 3756 3843 verba
3787 3785 3890 3842 non

2297 3899 2488 3954 taceat,
2519 3889 2658 3947 sicut
2697 3887 2814 3960 ipsa
2837 3885 3052 3943 Veritas
3083 3884 3199 3939 ait:
3236 3879 3354 3939 Sitit
3377 3881 3541 3937 lumbi
3581 3867 3740 3936 vestri
3761 3879 3891 3960 pra!-

2297 3987 2453 4042 cincti
2481 3995 2529 4040 et
2569 3959 2798 4038 lacerate
2839 3979 3082 4034 ardentes
3130 3971 3187 4032 iri
3226 3975 3470 4032 manibus
3511 3967 3695 4030 vestris
3741 3959 3886 4048 (lar.

2296 4079 2419 4152 'xn).
2465 4079 2520 4134 In
2551 4076 2748 4131 lumbis
2777 4087 2990 4129 morum
3021 4071 3249 4127 castitas
3287 4075 3340 4126 ct
3377 4059 3431 4125 in
3461 4067 3684 4125 lucerna
3717 4067 3890 4124 lumen

2297 4166 2446 4226 verbi
2474 4167 2570 4224 Dei
2592 4167 3012 4223 demonstratur.
3043 4161 3259 4218 Habeas
3280 4151 3786 4232 irreprehensibile's
3809 4174 3891 4214 so-

2299 4264 2432 4329 cios,
2471 4269 2532 4318 ut
2558 4279 2624 4318 ex
2668 4257 2774 4316 illis
2818 4249 2978 4314 alieni
3025 4257 3240 4313 discant
3273 4253 3396 4311 vita
3435 4251 3792 4327 religionem;
3842 4257 3894 4309 et

2300 4353 2631 4414 aediﬁcentur
2659 4347 2968 4421 quicunque
2996 4346 3217 4403 veniant
3243 4339 3310 4402 ad
3347 4351 3422 4413 te,
3452 4346 3566 4402 sive
3587 4362 3655 4401 ex
3680 4350 3733 4402 te
3758 4338 3890 4419 ipso,

2301 4451 2414 4507 sive
2451 4463 2518 4502 ex
2555 4445 2679 4500 illis.
2732 4437 3004 4499 Lectionis
3030 4448 3160 4496 vero
3205 4435 3444 4495 studium
3481 4435 3791 4493 nullatenus
3817 4437 3894 4493 di-

2300 4541 2476 4604 mitte,
2504 4537 2596 4593 sed
2625 4536 2826 4591 habeas
2852 4533 2988 4588 tales
3018 4530 3246 4600 juvenes
3275 4531 3414 4601 apud
3443 4536 3519 4594 te,
3553 4529 3649 4599 ιιιιὶ
3689 4543 3895 4600 semper

2227 4637 2276 4698 D
2301 4635 2529 4698 discant,
2554 4640 2608 4688 et
2637 4631 2811 4700 magis
2839 4627 3110 4700 gaudeant
3154 4624 3364 4682 discere
3387 4641 3550 4696 quam
3593 4615 3852 4682 inebriari
3878 4641 3892 4690 ;

2301 4723 2413 4784 Deo
2453 4721 2656 4781 servire
2692 4729 2746 4777 ct
2773 4735 2880 4776 non
2917 4717 3098 4776 sicculi
3137 4717 3335 4774 sectari
3363 4729 3608 4788 pompas.
3637 4711 3820 4770 Talem
3846 4725 3894 4770 te

2299 4835 2452 4892 para,
2502 4815 2715 4888 qualem
2745 4823 2798 4870 te
2827 4815 3013 4885 cupias
3059 4819 3204 4868 stare
3235 4793 3360 4866 ante
3391 4809 3626 4867 tribunal
3652 4801 3851 4866 Christi
3876 4827 3890 4876 ;

2302 4911 2514 4980 meique
2543 4923 2756 4978 semper
2780 4919 2990 4962 memor
3015 4913 3132 4961 esto
3162 4905 3216 4958 in
3243 4899 3579 4959 orationibus
3611 4903 3738 4968 tuis,
3769 4917 3897 4974 qua-

2301 5013 2459 5058 tenus
2486 5001 2665 5056 divina
2701 4997 2988 5054 clementia
3035 4995 3151 5052 dies
3179 5010 3330 5051 meos
3370 4995 3438 5050 ad
3469 4993 3628 5049 ﬁnem
3669 4989 3894 5050 deducat

2299 5095 2618 5168 perfectum,
2644 5101 2698 5148 et
2743 5099 2803 5148 ut
2826 5099 2884 5148 tu
2909 5093 3111 5147 habeas
3137 5089 3442 5146 mercedem
3465 5091 3662 5144 bonam
3691 5103 3760 5142 ex
3788 5103 3892 5150 me,

2300 5185 2354 5246 et
2382 5199 2482 5260 ego
2506 5185 2874 5242 remissionem
2901 5194 3252 5255 peccatorum
3278 5199 3375 5254 per
3402 5183 3474 5236 te.
3499 5181 3660 5236 Fides
3686 5195 3817 5236 vero
3842 5187 3898 5236 et

2302 5280 2518 5336 dilectio
2542 5285 2724 5333 sancta
2752 5291 3028 5346 nunquam
3058 5273 3311 5346 frigescat
3351 5273 3404 5327 in
3449 5272 3645 5326 animis
3673 5271 3892 5333 nostris,

2304 5373 2398 5430 sed
2439 5386 2652 5443 semper
2677 5369 2848 5442 magis
2879 5369 3159 5440 magisque
3195 5370 3457 5440 augeatur
3480 5407 3497 5432 ,
3529 5361 3750 5442 Christo
3788 5364 3898 5418 Deo

2307 5437 2621 5528 miserante,
2653 5461 2747 5533 qui
2769 5437 2925 5516 nobis
2953 5437 3220 5530 propitius
3255 5437 3326 5514 sit
3357 5458 3409 5511 in
3439 5437 3721 5511 aeternum.
3759 5453 3898 5524 Opto

2306 5563 2362 5608 te
2385 5555 2584 5619 valere,
2611 5562 2667 5609 et
2691 5554 2745 5608 in
2762 5551 2966 5609 Christi
2987 5550 3252 5605 charitate
3275 5548 3559 5618 proﬁcere,
3585 5545 3898 5602 dulcissime

2307 5645 2470 5702 Pater
2491 5647 2504 5701 ἓ
2596 5665 2602 5671 ·

687 5946 712 5975 ι
751 5932 970 6008 Sperato
1011 5934 1268 6004 episcopo.
1307 5927 1547 5987 ‘lncertae
1593 5930 1736 5988 sedis
1782 5930 1837 5986 in
1875 5929 2087 6003 Anglia,
2119 5929 2188 5985 ad
2209 5942 2370 6002 quem
2398 5926 2564 5982 etiam
2592 5934 2770 5981 exstat
2795 5925 3018 5996 epistola
3059 5925 3128 5980 56
3157 5925 3323 6000 (nunc
3346 5923 3458 6003 70).
