4074 6460
519 333 624 392 Ωιτ

1404 329 1467 384 Β.
1507 325 1571 382 F.
1609 324 1837 382 ALBINI
1872 322 2005 382 SEU
2039 320 2317 382 ALCUINI
2353 321 2637 382 OPERUM
2671 320 2852 380 PARS
2883 322 2931 378 ι.

3680 325 3789 386 νε

521 457 578 505 et
624 459 733 501 non
774 451 934 512 sunt,
981 443 1084 500 nisi
1124 443 1482 509 verbotenus,
1530 439 1726 506 amici,
1769 439 1929 496 factis
1968 453 2100 494 vero
2127 441 2178 498 Δ
2203 436 2398 491 amico.
2453 437 2640 491 Melius
2688 445 2772 491 est
2813 437 3057 493 cauterio
3108 446 3303 492 sanare
3352 436 3581 506 vulnus,
3629 454 3795 510 quam

521 553 749 594 immicn.

593 631 798 686 Horum
826 629 1156 701 perversitas
1178 627 1404 684 multum
1434 626 1738 697 inquietam
1765 625 1901 683 solet
1927 633 2109 682 custo-

523 724 619 778 des
662 721 1027 776 Ecclesiarum
1071 718 1306 786 Christi,
1349 719 1489 774 sicut
1530 718 1584 772 in
1628 719 1950 775 charissimo
1993 720 2106 776 ﬁlio

522 829 646 869 meo
673 825 696 852 ι
730 811 982 867 Simeone
1011 827 1222 867 summo
1261 813 1542 868 sacerdote
1582 813 1877 884 intelligere
1918 823 2106 884 potes,

523 907 738 962 easdem
757 906 822 960 ab
849 905 1028 976 impiis
1055 906 1291 974 patiente
1315 905 1608 969 molestias,
1639 921 1774 977 quas
1798 917 2106 964 antecesso—

524 1016 614 1054 res
653 1000 795 1054 illius
823 999 891 1052 ab
921 999 1153 1053 inimicis
1183 997 1385 1054 Christi
1415 1000 1656 1069 perpessi
1688 1009 1832 1055 sunt.
1865 1000 2105 1068 Quorum

521 1094 881 1148 contrarietas
930 1092 1111 1146 debito
1161 1091 1303 1157 ﬁne,
1352 1094 1646 1150 secundum
1690 1093 1951 1163 judicium
1999 1095 2107 1166 76

517 1183 646 1253 justi
693 1183 787 1237 Dei
827 1183 968 1252 perit
1013 1180 1146 1254 [F.,
1179 1182 1422 1256 periit],
1453 1184 1592 1241 sicut
1620 1191 1676 1240 et
1705 1184 1788 1240 his
1817 1186 1909 1256 qui
1941 1187 2106 1242 modo

522 1277 876 1330 adversantur
912 1275 1281 1345 pmdicationi
1320 1277 1558 1346 praedicti
1589 1277 1682 1332 lilii
1714 1279 1882 1332 nostri
1911 1287 1968 1332 et
1994 1294 2107 1334 ser-

521 1383 711 1422 vorum
739 1367 863 1431 Dei,
897 1368 1023 1437 quia
1053 1376 1174 1439 post
1201 1383 1296 1424 vos
1323 1376 1480 1434 sunt,
1522 1378 1669 1424 certa
1710 1377 1952 1424 remanet
1984 1387 2108 1440 per-

521 1459 671 1513 ditio.
719 1457 798 1512 Tu
842 1467 1022 1514 tamen
1068 1459 1210 1515 illius
1249 1461 1446 1515 bonam
1489 1461 1817 1516 voluntatem
1856 1463 2107 1532 precibus

520 1549 811 1618 adjuvare,
865 1551 1334 1607 exhortationibus
1387 1553 1710 1619 admonere,
1765 1563 1827 1608 ut
1876 1556 2107 1610 viriliter

521 1651 681 1712 agat,
711 1642 1016 1698 nullatenus
1055 1643 1296 1699 desiste:
1329 1645 1454 1714 quia
1498 1646 1549 1699 in
1590 1645 1763 1701 salute
1803 1647 1945 1704 illius
1983 1665 2107 1719 pro-

520 1735 752 1805 speritas
780 1744 959 1790 vestra
987 1737 1268 1802 consistit,
1317 1746 1373 1792 et
1418 1739 1470 1792 in
1521 1739 1765 1809 profectu
1813 1742 2105 1799 voluntatis

2205 527 2591 582 blandimentis
2619 529 2826 584 nutrire
2847 569 2862 593 ,
2892 537 2953 584 ut
2977 527 3130 600 pejor
3158 529 3358 604 [pejus]
3388 531 3501 588 fiat.

2280 618 2595 674 Consideret
2632 621 2900 691 sagacitas
2928 630 3018 677 tua
3048 631 3258 693 tempus
3276 664 3292 690 ,
3320 623 3497 678 locum
3522 631 3579 679 et
3605 630 3797 696 pera)-

2206 726 2372 778 nam;
2427 728 2534 782 quo
2582 721 2849 782 tempore,
2899 729 3006 784 quo
3047 714 3201 781 loco,
3246 716 3331 770 cui
3373 731 3620 787 personae
3661 717 3796 789 quid

2207 803 2491 860 dicendum
2531 807 2620 860 sit.
2662 807 2792 872 Quae
2824 809 3024 878 optime
3064 810 3117 864 in
3152 810 3291 866 libro
3325 811 3470 866 beati
3503 810 3791 884 Gregorii,

2207 899 2298 968 qui
2323 899 2619 955 Pastoralis
2649 901 2867 967 dicitur,
2900 903 3001 974 legi
3031 912 3084 957 et
3110 903 3339 960 discerni
3369 916 3614 975 possunt.
3645 905 3798 962 Nun-

2206 1006 2368 1059 quam
2409 1007 2565 1047 sacra
2606 993 2766 1047 lectio
2803 994 3135 1065 temporibus
3172 997 3486 1066 opportunis
3525 999 3590 1052 de
3619 999 3798 1054 mani-

2207 1082 2309 1136 bus
2335 1084 2552 1137 recedat
2576 1084 2699 1138 tuis.
2731 1086 2890 1140 Viccs
2915 1102 3037 1141 suas
3065 1087 3300 1142 habeant
3325 1088 3485 1144 lectio
3511 1099 3566 1143 et
3592 1091 3793 1146 oratio.

2208 1172 2276 1227 Et
2301 1189 2406 1229 non
2438 1188 2543 1229 nox
2563 1215 2578 1240 ,
2612 1191 2786 1245 neque
2816 1177 2931 1232 dies
2959 1180 3307 1249 protrahatur
3336 1180 3390 1234 in
3419 1182 3683 1237 conviviis
3709 1183 3799 1239 vel

2206 1265 2589 1333 ebrietatibus,
2622 1276 2716 1322 aut
2751 1269 3278 1326 confabulationibus
3311 1288 3417 1327 non
3450 1273 3798 1329 necessariis.

2206 1361 2352 1416 Inter
2389 1363 2582 1433 pocula
2625 1379 2790 1418 sonus
2827 1373 2880 1418 et
2912 1380 3092 1419 sermo
3132 1366 3502 1422 aedificationis
3547 1368 3803 1422 audiatur

2209 1471 2390 1510 coram
2424 1455 2837 1511 admonentibus
2866 1456 2994 1529 [F.,
3025 1457 3475 1532 admanentibus]
3504 1458 3586 1513 vel
3615 1459 3802 1530 palam

2208 1548 2480 1611 omnibus,
2497 1547 2579 1601 vel
2599 1548 2818 1602 cuilibet
2833 1549 3152 1604 considenti.
3171 1550 3542 1606 Puerilisaetas
3560 1552 3668 1606 tuis
3691 1567 3805 1606 ser-

2208 1639 2460 1693 monibus
2490 1655 2518 1692 a
2550 1638 2761 1693 ﬂamma
2789 1651 3038 1694 servetur
3061 1642 3342 1704 vitiorum,
3373 1652 3642 1714 quatenus
3665 1651 3807 1698 etas

2211 1729 2421 1785 illorum
2447 1731 2542 1785 tibi
2571 1732 2817 1801 proﬁciat
2847 1733 2900 1786 in
2930 1735 3232 1789 mercedem
3258 1745 3526 1806 perpetua:
3552 1752 3810 1793 remune-

519 1827 675 1880 bon:e
702 1828 854 1881 nobis
877 1828 1126 1883 omnibus
1153 1845 1360 1885 merces
1385 1833 1525 1901 apud
1553 1833 1720 1887 Deum
1752 1837 2104 1905 reputabitur.

2221 1823 2459 1877 rationis.
2500 1823 2616 1878 Non
2656 1825 2749 1878 tibi
2783 1826 2854 1879 sit
2887 1825 3009 1880 viiis
3040 1826 3251 1891 anima,
3279 1843 3377 1896 pro
3407 1845 3512 1899 qua
3543 1829 3810 1884 Dominus

522 1917 657 1985 Quia
675 1934 799 1988 ego,
821 1918 946 1974 licet
969 1919 1217 1992 indignus
1237 1921 1418 1986 Pater,
1444 1924 1645 1978 nutrivi
1661 1967 1675 1989 ,
1698 1926 1954 1993 educavi,
1972 1939 2028 1983 et
2050 1929 2114 1984 ad

522 2009 825 2081 perfectum
850 2011 1075 2081 perduxi
1102 2012 1275 2067 virum
1297 2028 1458 2084 quem
1481 2030 1577 2069 vos
1599 2015 1836 2086 elegistis
1867 2018 1919 2071 in
1939 2020 2118 2088 ponti-

528 2101 720 2157 ﬁcatus
746 2102 1026 2157 honorem.
1045 2102 1252 2174 Saepius
1271 2105 1499 2160 admone
1523 2105 1674 2160 illum
1702 2107 1767 2160 de
1791 2109 2118 2178 precationis

527 2190 650 2266 [F.,
681 2192 1110 2266 praedicationis]
1144 2195 1296 2249 verbi
1326 2195 1421 2250 Dei
1461 2197 1716 2252 instantia
1754 2207 1810 2254 et
1845 2200 2120 2268 patientiae

523 2283 700 2351 bono,
734 2300 852 2354 quae
881 2286 1038 2341 valde
1079 2290 1383 2344 necessaria
1427 2298 1511 2344 est
1555 2291 1630 2344 illi
1674 2291 1939 2348 habitanti
1978 2295 2122 2350 inter

525 2377 680 2449 lupos
707 2387 763 2434 et
791 2389 1086 2450 serpentes.
1121 2381 1326 2437 Memor
1353 2383 1426 2438 sit
1453 2385 1682 2440 dicentis
1710 2385 1913 2442 Christi
1945 2407 1957 2441 :
1987 2387 2124 2443 Con-

525 2472 706 2541 ﬁdite,
737 2489 828 2543 ego
860 2475 957 2527 vici
983 2475 1236 2529 mundum
1267 2476 1461 2548 (Joan.
1487 2494 1610 2545 xvr,
1633 2480 1746 2550 55).
1781 2479 1913 2535 Item
1943 2491 2122 2538 mente

529 2565 824 2635 saepissime
877 2566 1186 2621 consideret
1232 2567 1361 2638 quid
1415 2569 1531 2640 ipsa
1587 2571 1801 2626 Veritas
1847 2573 2123 2644 discipulis

530 2657 642 2711 suis
667 2657 1041 2726 praecepisset,
1075 2658 1202 2714 dum
1243 2674 1338 2716 eos
1376 2663 1443 2715 ad
1483 2663 1884 2733 praedicationis
1925 2666 2126 2721 direxit

534 2747 774 2802 officium
802 2767 815 2801 :
850 2748 987 2802 Ecce
1022 2767 1114 2820 ego
1149 2753 1297 2806 mitto
1325 2769 1412 2808 vos
1437 2755 1569 2809 sicut
1599 2772 1715 2810 oves
1749 2757 1804 2810 in
1837 2759 2008 2812 medio
2039 2758 2126 2813 lu-

529 2858 735 2906 porum.
772 2841 950 2895 Estote
979 2859 1100 2913 ergo
1126 2845 1404 2914 prudentes
1429 2848 1562 2900 sicut
1597 2860 1888 2918 serpentes,
1919 2860 1965 2904 et
1998 2852 2125 2904 sim-

527 2930 687 3001 plices
716 2932 848 2984 sicul
877 2931 1150 2987 columbae.
1185 2933 1370 2990 Cavete
1399 2937 1462 2990 ab
1491 2937 1786 2994 hominibus
1815 2940 2030 3012 (Matth.
2066 2958 2119 3008 ι,

539 3025 639 3088 ιδ,
674 3023 801 3096 η).
846 3023 1091 3082 Admone
1132 3026 1282 3082 illum
1322 3029 1658 3102 diligentius,
1710 3049 1777 3089 ne
1820 3036 1890 3090 sit
1941 3022 2125 3091 saeculi

533 3126 763 3181 amator,
815 3133 883 3172 ne
933 3119 1304 3176 adulatoribus
1347 3125 1728 3192 consentiens,
1782 3143 1850 3183 ne
1898 3139 2121 3200 propter

530 3209 956 3282 propinquorum
987 3215 1196 3268 turbam
1226 3230 1381 3270 suum
1423 3217 1808 3288 cupiditatibus
1847 3181 2119 3277 terrentium
2146 3181 2194 3246 ϐ

532 3303 619 3356 vel
649 3303 957 3358 divitiarum
998 3305 1235 3362 involvat
1270 3307 1510 3364 animum
1535 3351 1550 3375 ,
1591 3310 1686 3364 sed
1723 3311 1905 3366 divino
1945 3313 2125 3385 rigore

536 3397 740 3466 regiam
782 3397 922 3450 viam
956 3398 1008 3451 in
1040 3399 1288 3454 omnibus
1331 3401 1528 3470 ubique
1575 3410 1771 3456 teneat.
1819 3403 2006 3458 Melior
2042 3413 2127 3460 est

534 3487 782 3544 Christus
819 3489 1153 3559 propinquus
1177 3498 1232 3544 et
1259 3491 1496 3557 amicus,
1527 3507 1691 3562 quam
1740 3493 1905 3550 totius
1943 3495 2124 3551 saaculi

535 3595 822 3636 numerosa
852 3581 1224 3651 propinquitas
1250 3581 1337 3637 vel
1367 3583 1622 3637 amicitia.

611 3672 747 3726 Vide
777 3673 907 3742 quid
935 3673 1178 3728 charitas
1203 3672 1353 3729 facit.
1386 3675 1523 3728 Dum
1553 3681 1607 3730 te
1634 3677 1926 3732 admonere
1963 3677 2124 3732 fami-

535 3762 659 3816 liari
690 3763 830 3836 stylo
856 3779 1083 3820 exorsus
1110 3779 1230 3819 sum
1249 3805 1265 3830 ,
1299 3774 1520 3836 repente
1549 3782 1634 3822 me
1663 3768 1946 3823 charitatis
1975 3768 2128 3824 flam-

541 3871 631 3910 ma
659 3856 930 3911 transtulit
959 3856 1026 3911 ad
1057 3857 1226 3913 illum.
1263 3858 1370 3915 Sed
1399 3859 1616 3932 ignosce
1643 3862 1805 3927 mihi,
1839 3863 1980 3932 quod
2011 3865 2128 3921 haec

536 3963 708 4019 pauca
737 3949 802 4002 de
832 3947 974 4003 illius
1002 3948 1245 4018 profectu
1274 3951 1370 4006 tibi
1411 3953 1696 4009 destinatis
1737 3955 1938 4011 inserui
1980 3954 2124 4010 litte-

543 4041 718 4097 rulis:
759 4051 955 4114 cptans
992 4050 1044 4096 te
1082 4051 1138 4097 et
1176 4043 1229 4098 in
1273 4045 1377 4101 hac
1417 4055 1656 4117 pateram
1699 4047 1820 4103 ﬁdei
1863 4049 2127 4108 felicitate

541 4133 808 4205 proﬁcere
837 4149 1020 4190 coram
1050 4133 1161 4190 Deo
1183 4176 1197 4201 ,
1225 4144 1288 4191 ut
1323 4137 1400 4193 sis
1443 4136 1498 4192 in
1539 4139 1788 4194 omnibus
1816 4139 1958 4197 illius
1985 4143 2128 4197 veri-

543 4228 671 4283 tatis
701 4237 958 4292 assertor,
996 4244 1102 4282 non
1135 4227 1388 4286 falsitatis
1425 4230 1688 4286 adulator.
1727 4230 1872 4288 Bene
1905 4234 2126 4304 quidam

543 4319 877 4374 adulatorem
917 4319 1160 4375 deﬁnivit
1202 4321 1426 4377 dicens:
1478 4323 1738 4378 Adulator
1780 4336 1854 4380 est
1903 4325 2126 4382 blandus

539 4413 782 4465 inimicus
807 4429 825 4466 :
852 4421 908 4465 et
932 4427 1117 4466 verum
1146 4413 1258 4480 ait;
1285 4413 1502 4483 plurimi
1532 4431 1764 4486 namque
1792 4428 1916 4473 sunt
1947 4420 2129 4474 adula-

540 4516 687 4562 tores
726 4507 986 4572 divitum,
1025 4515 1080 4562 et
1117 4508 1274 4577 pauci
1314 4510 1697 4566 admonitores.
1741 4512 1808 4566 Et
1833 4513 2022 4568 melior
2046 4523 2128 4569 est

539 4614 679 4654 unus
729 4613 920 4654 suasor
957 4599 1207 4654 veritatis
1249 4614 1412 4670 quam
1449 4601 1592 4656 mille
1631 4603 1939 4661 adulatores
1971 4605 2125 4662 falsi-

541 4691 689 4746 tatis.
720 4691 1022 4763 Quaproter
1045 4692 1150 4748 hoc
1179 4692 1370 4748 vitium
1398 4695 1722 4751 omnimodis
1753 4696 1849 4751 tibi
1890 4713 2086 4754 caveas
2108 4741 2125 4767 ,

539 4785 854 4840 charissime
877 4785 983 4847 ﬁli,
1011 4793 1065 4840 et
1089 4800 1304 4856 semper
1326 4802 1504 4842 sermo
1530 4795 1654 4842 tuus
1675 4789 1902 4843 veritate
1927 4790 2122 4861 vigeat.

539 4877 692 4932 Licet
718 4877 917 4932 veritas
945 4893 1194 4948 rugosam
1235 4878 1432 4934 habeat
1470 4878 1734 4946 frontem,
1780 4888 1960 4936 tamen
2001 4881 2124 4936 soli-

543 4970 671 5023 dum
722 4967 924 5024 habere
978 4969 1112 5023 solet
1159 4969 1464 5024 consilium.
1523 4969 1580 5024 Si
1607 4985 1707 5039 pro
1757 4972 1902 5026 omni
1952 4973 2127 5027 otioso

539 5062 709 5118 verbo
735 5063 993 5118 reddituri
1037 5064 1238 5119 erimus
1283 5064 1550 5120 rationem
1597 5065 1830 5140 (Matth.
1860 5084 1964 5133 xu,
1989 5068 2123 5139 56),

543 5160 746 5226 quanto
775 5155 947 5224 magis
973 5169 1072 5224 pro
1099 5156 1262 5210 noxio
1288 5156 1373 5211 vel
1403 5154 1578 5212 fallaci
1603 5158 1626 5211 ?
1659 5157 1730 5211 Os
1768 5160 1907 5228 quod
1941 5161 2128 5214 menti-

544 5257 631 5301 tur
656 5245 843 5301 occidit
871 5247 1101 5300 animam
1132 5245 1286 5317 (Sap.
1312 5260 1366 5312 ι,
1394 5247 1504 5320 ll).
1542 5246 1649 5303 Pro
1677 5249 1920 5304 veritatis
1947 5249 2128 5304 ofﬁcio

545 5354 723 5395 sermo
766 5347 850 5395 est
894 5339 1099 5394 homini
1141 5343 1328 5407 datus,
1374 5356 1481 5396 non
1525 5340 1778 5396 falsitatis
1823 5343 2124 5412 iniquitate.

549 5427 828 5500 Nunquam
863 5429 1108 5486 adulator
1143 5446 1306 5488 verus
1344 5441 1429 5488 est
1465 5434 1705 5498 amicus,
1737 5433 1829 5487 sed
1864 5434 2126 5500 blandus,

462 5579 469 5587 ,
547 5529 607 5576 ut
641 5523 856 5590 dicitur,
894 5524 1164 5580 inimicus.
1201 5521 1450 5579 Gladium
1493 5524 1652 5578 melle
1686 5523 1842 5579 litum
1884 5525 2129 5596 porriges

619 5706 646 5732 ι
684 5691 926 5749 Simeone
943 5712 1146 5750 summa
1173 5694 1461 5751 sacerdote.
1495 5695 1650 5751 Hunc
1671 5693 2130 5753 Wormatiensem

550 5763 857 5837 episcopum
878 5775 1034 5821 vocat
1064 5765 1262 5837 Mabill.
1289 5768 1342 5821 i'n
1367 5766 1520 5837 Elog.
1543 5767 1778 5831 Alcuini,
1804 5765 1831 5837 §
1861 5767 1948 5832 12,
1966 5783 2020 5820 n.
2037 5767 2127 5823 66.

554 5807 864 5889 stragi;
889 5807 1050 5903 ara:
1064 5807 1342 5891 ῒῐὶἱὶἑὶῐίἱῖ
1360 5807 1558 5907 ﬁcii;
1566 5807 1948 5906 ’ἑῦἷὲἔὸᾖέιὰἶὲ
1966 5807 2149 5893 Ubii;-

2215 1912 2452 1967 omnium
2481 1913 2617 1968 mori
2640 1915 2889 1985 dignatus
2915 1926 3017 1971 est.
3056 1915 3133 1971 Ne
3163 1919 3313 1974 dicas
3343 1919 3395 1973 in
3429 1920 3642 1986 animo,
3673 1921 3811 1990 quid

2217 2003 2284 2057 ad
2309 2019 2394 2057 me
2419 2005 2683 2073 pertinet,
2711 2006 2823 2061 sive
2851 2008 2988 2062 bene
3010 2049 3024 2073 ,
3055 2009 3167 2063 sive
3195 2009 3333 2064 male
3361 2007 3565 2066 faciat?
3592 2011 3694 2067 Ubi
3722 2019 3814 2066 est

2218 2095 2472 2160 charitas,
2505 2097 2551 2152 si
2579 2107 2851 2154 errantem
2878 2102 3149 2170 corrigere
3178 2119 3283 2158 non
3312 2106 3514 2159 curas?
3536 2105 3812 2160 Memento

2218 2185 2532 2256 Apostolum
2592 2189 2902 2245 dicentem:
2956 2191 3085 2257 Quis
3131 2193 3556 2263 scandalizatur,
3610 2207 3658 2250 et
3712 2214 3812 2268 ego

2221 2293 2325 2331 non
2352 2295 2478 2332 uror
2507 2279 2526 2352 (
2533 2279 2595 2332 11
2622 2279 2744 2336 Cor.
2772 2297 2827 2336 χι
2847 2323 2863 2348 ,
2882 2282 3016 2354 29)?
3043 2283 3275 2340 Alterius
3304 2296 3617 2355 peccatum,
3648 2305 3812 2344 suum

2222 2366 2348 2424 fecit
2375 2371 2633 2427 dolorem.
2675 2372 2814 2441 Quid
2841 2374 3010 2430 babes
3039 2376 3382 2448 Redemptori
3413 2389 3504 2435 tuo
3533 2391 3589 2436 et
3631 2379 3812 2440 Judici

2223 2462 2464 2516 omnium
2495 2464 2547 2518 in
2579 2465 2665 2520 die
2689 2481 2886 2539 magno
2913 2470 3199 2524 ostendere
3217 2511 3230 2534 ,
3265 2472 3310 2526 si
3339 2473 3548 2528 animas
3563 2459 3683 2528 'non
3713 2476 3817 2529 ha-

2224 2555 2342 2620 bes,
2373 2564 2466 2612 tuo
2493 2557 2677 2614 labore
2709 2561 3011 2630 redemptas
3041 2577 3068 2615 a
3095 2561 3292 2618 diaboli
3322 2565 3600 2631 servitute,
3627 2571 3816 2622 osten-

2223 2646 2463 2703 dendas?
2492 2649 2732 2716 Quantas
2759 2651 2816 2706 in
2843 2653 2946 2708 hoc
2975 2654 3166 2710 exsilio
3194 2657 3301 2710 tuis
3325 2656 3587 2713 doctrinis
3611 2659 3680 2713 ab
3709 2659 3820 2714 ini-

2225 2742 2430 2810 quitate
2459 2758 2710 2808 revocas,
2739 2755 2793 2800 et
2822 2746 2877 2800 in
2907 2746 3048 2800 viam
3079 2749 3325 2803 veritatis
3350 2749 3593 2814 reducis,
3619 2751 3817 2820 procul

2226 2832 2389 2888 dubio
2417 2841 2594 2889 tantas
2621 2835 2848 2905 recipies
2876 2839 3151 2894 mercedes
3186 2839 3240 2893 in
3276 2841 3363 2894 die
3400 2839 3510 2894 illa.
3551 2840 3676 2896 ideo
3704 2859 3820 2899 non

2226 2933 2402 2979 cesset
2435 2925 2675 2980 charitas
2706 2927 2963 2996 operandi
2997 2929 3139 2982 bona
3167 2929 3454 2985 omnibus:
3497 2936 3604 2985 η·οη
3638 2941 3822 2987 cesset

2227 3016 2406 3087 lingua
2449 3015 2697 3086 loquendi
2742 3018 2807 3072 de
2850 3019 3005 3073 bonis
3044 3020 3110 3073 ad
3157 3035 3379 3084 omnes,
3423 3021 3522 3074 hos
3559 3023 3822 3090 precibus

2227 3109 2595 3178 persuadens,
2649 3108 2769 3164 illos
2821 3111 3108 3166 severitate
3159 3113 3466 3181 castigans,
3515 3115 3819 3169 secundum

2225 3199 2440 3254 modum
2477 3199 2896 3270 uniuscujusque
2932 3203 3106 3256 aetatis
3134 3202 3219 3258 vel
3255 3219 3518 3273 personae.
3561 3204 3691 3258 Esto
3728 3204 3819 3259 lu-

2225 3310 2385 3349 cerna
2421 3297 2474 3348 in
2511 3295 2669 3349 domo
2699 3293 2830 3360 Dei,
2863 3304 2918 3350 et
2947 3311 3043 3365 per
3079 3305 3132 3352 te
3169 3297 3384 3366 plurimi
3421 3297 3817 3366 illuminentur,

2225 3395 2281 3441 et
2308 3401 2338 3441 a
2371 3386 2608 3441 tenebris
2638 3386 2891 3441 vitiorum
2921 3387 2976 3441 in
3004 3387 3146 3442 viam
3175 3398 3448 3459 perpetuae
3484 3389 3618 3445 lucis
3654 3405 3821 3446 revo-

2225 3487 2436 3534 centur.
2479 3477 2594 3534 Non
2633 3479 2806 3532 deerit
2844 3479 2940 3532 tibi
2968 3481 3138 3550 gratia
3171 3480 3479 3548 adjuvantis
3509 3481 3636 3547 Dei,
3666 3482 3716 3536 si
3749 3483 3826 3537 in-

2225 3572 2329 3626 erit
2363 3571 2612 3625 voluntas
2646 3570 3028 3626 admonitionis
3061 3579 3281 3627 sanctaa.
3333 3570 3522 3628 Scribe
3567 3573 3820 3643 Evange-

2227 3661 2356 3716 lium
2383 3662 2488 3732 77
2518 3661 2571 3715 iu
2600 3663 2760 3716 corde
2788 3671 2899 3728 tuo,
2926 3671 2980 3718 et
3003 3664 3057 3717 in
3082 3663 3341 3717 memoria
3371 3671 3625 3717 maneant
3650 3665 3824 3719 mira-

2228 3753 2369 3818 cula,
2400 3753 2487 3808 vel
2510 3755 2674 3809 verba
2696 3753 2912 3809 Domini
2936 3756 3105 3810 nostri
3123 3753 3250 3810 Jesu
3279 3755 3477 3810 Christi
3505 3797 3517 3810 .
3547 3766 3602 3811 et
3623 3758 3826 3828 saepius

2226 3844 2553 3916 psalmorum
2583 3844 2700 3900 vice
2727 3847 2909 3900 canito
2937 3845 3286 3917 Evangelium
3305 3889 3320 3912 ,
3349 3849 3584 3902 maxime
3613 3864 3820 3905 secun-

2230 3937 2354 3991 dum
2380 3933 2640 3990 Joannem
2659 3977 2674 4000 ,
2701 3936 2791 3991 ubi
2815 3936 3006 3992 altiora
3031 3937 3282 4009 leguntur
3309 3939 3486 3993 inesse
3514 3941 3778 4010 mysteria
3805 3959 3819 3996 :

2228 4027 2283 4084 iu
2314 4042 2419 4099 quo
2450 4041 2549 4100 ego
2579 4028 2645 4082 de
2673 4026 2895 4082 Patrum
2925 4029 3118 4085 libellis
3148 4029 3332 4087 laboro
3359 4031 3384 4070 ι’
3414 4031 3822 4104 Expositionem

2229 4122 2379 4176 brevi
2411 4137 2659 4177 sermone
2699 4138 2957 4193 peragere
2987 4142 2998 4177 :
3033 4139 3168 4194 Opus
3205 4127 3596 4192 necessarium,
3629 4127 3820 4182 vobis-

2229 4229 2332 4284 que
2372 4211 2700 4282 jucundum,
2749 4215 2793 4269 si
2839 4215 3072 4271 donante
3118 4215 3229 4273 Deo
3266 4217 3598 4288 perﬁciatur,
3649 4229 3702 4274 et
3749 4222 3820 4276 ad

2230 4319 2327 4360 vos
2355 4295 2638 4374 pervenire
2674 4305 2891 4374 poterit.

2303 4414 2383 4468 Tu
2411 4431 2540 4469 vero
2572 4430 2760 4485 pacem
2791 4432 2914 4470 cum
2939 4417 3192 4473 omnibus
3222 4416 3338 4490 [F.,
3365 4419 3694 4492 hominibus]
3722 4421 3823 4475 ba-

2231 4505 2379 4571 beas,
2411 4505 2608 4560 bellum
2631 4521 2755 4561 cum
2795 4508 2965 4573 vitiis,
3008 4511 3357 4566 concordiam
3383 4527 3505 4565 cum
3536 4510 3819 4578 fratribus,

2233 4611 2520 4668 moresque
2540 4595 2810 4665 iucundos
2849 4616 2971 4655 cum
3005 4603 3084 4657 eis
3113 4604 3203 4674 qui
3237 4613 3544 4660 sanctorum
3574 4607 3826 4662 moribus

2230 4688 2608 4745 consociantur
2634 4700 2689 4747 et
2716 4693 2903 4748 vivunt
2929 4713 2942 4749 :
2973 4696 3344 4768 patienterque
3374 4707 3494 4752 tuas
3527 4698 3692 4753 suffer
3728 4700 3821 4753 in-

2219 4780 2420 4850 jurias;
2462 4782 2543 4837 vel
2569 4783 2742 4855 magis
2763 4785 2992 4852 dimitte,
3030 4795 3089 4841 ut
3118 4789 3420 4844 dimittatur
3443 4791 3558 4846 tibi.
3589 4791 3720 4846 Esto
3766 4794 3819 4847 in

2226 4875 2348 4930 cibo
2370 4876 2666 4941 modestus,
2694 4878 2746 4932 in
2771 4880 2962 4947 poculo
2987 4895 3200 4950 parcus,
3228 4883 3279 4936 in
3303 4883 3566 4953 loquendo
3581 4885 3819 4951 sobrius,

2225 4966 2282 5020 iu
2305 4966 2501 5036 vigiliis
2525 4967 2769 5033 devotus,
2794 4971 2860 5024 ad
2885 4987 3044 5026 omne
3068 4988 3204 5043 Opus
3234 4974 3327 5028 Dei
3360 4983 3662 5045 promptus,
3692 4977 3820 5046 pius

2228 5056 2295 5110 ad
2323 5070 2586 5126 pauperes
2615 5066 2669 5112 ct
2699 5059 2965 5127 inﬁrmos,
2989 5063 3294 5118 consolator
3322 5065 3684 5126 mmrentium,
3719 5068 3822 5120 ad-

2220 5147 2370 5219 jutor
2397 5148 2778 5216 laborantium,
2803 5155 3136 5222 compatiens
3157 5157 3398 5212 miseriis
3421 5158 3686 5222 omnium,
3710 5157 3821 5212 lar-

2228 5259 2329 5314 gus
2367 5244 2421 5297 in
2449 5243 2806 5316 eleemosyuis
2838 5249 3132 5302 secundum
3163 5249 3307 5304 vires
3331 5250 3581 5312 habendi,
3612 5265 3821 5305 memo-

2229 5352 2356 5391 rans
2383 5337 2703 5406 evangclicm
2747 5339 2920 5395 viduae
2957 5341 3062 5396 duo
3104 5343 3342 5406 minuta,
3390 5343 3820 5413 prophetamque

2229 5427 2496 5483 dicentem
2522 5445 2534 5481 :
2563 5427 2775 5500 Frange
2815 5433 3061 5486 esurienti
3083 5451 3271 5503 panem
3308 5443 3455 5487 tuum
3477 5432 3630 5506 (Isai.
3661 5450 3814 5498 Lvm,

2231 5518 2305 5589 7).
2335 5518 2476 5574 Cave
2519 5527 2590 5585 te,
2617 5522 2919 5591 praevidens
2955 5523 3333 5580 discretionem
3364 5525 3718 5596 elecmosynas
3757 5523 3818 5579 in

2232 5700 2437 5775 nuisse.
2466 5702 2586 5775 Vid.
2613 5703 2782 5775 epist.
2811 5704 3044 5773 priorem
3081 5703 3148 5758 ad
3175 5705 3349 5775 ipsum
3374 5703 3702 5760 Simeonem.

2305 5771 2332 5809 ι)
2367 5771 3016 5843 -Εςτροδὶιὶοὶιετῃξυμδιη
3056 5771 3240 5843 postea
3283 5775 3426 5830 circa
3466 5790 3666 5831 annum
3707 5773 3812 5830 800

2234 5840 2492 5904 absolvit;
2523 5857 2640 5894 eam
2673 5840 2794 5896 vide
2824 5840 2960 5896 infra
2989 5840 3141 5912 parte
3166 5859 3203 5900 ιι
3238 5846 3493 5915 Operum.
