  <div class='ocr_page' id='page_1' title='image "/cluster/home/n/w/nwhite01/storage/ocr_20150623/100/hvd.32044024239972/130.png"; bbox 0 0 4074 6450; ppageno 0'>
   <div class='ocr_carea' id='block_1_1' title="bbox 258 359 355 419">
    <p class='ocr_par' dir='ltr' id='par_1_1' title="bbox 258 359 355 419">
     <span class='ocr_line' id='line_1_1' title="bbox 258 359 355 419; baseline -0.021 0"><span class='ocrx_word' id='word_1_1' title='bbox 258 359 355 419; x_wconf 67' lang='grc' dir='ltr'>ω</span> 
     </span>
    </p>
   </div>
   <div class='ocr_carea' id='block_1_2' title="bbox 1667 346 2047 406">
    <p class='ocr_par' dir='ltr' id='par_1_2' title="bbox 1667 346 2047 406">
     <span class='ocr_line' id='line_1_2' title="bbox 1667 346 2047 406; baseline -0.003 -3"><span class='ocrx_word' id='word_1_2' title='bbox 1667 346 2047 406; x_wconf 64' lang='lat' dir='ltr'><strong>EPISTOLAE.</strong></span> 
     </span>
    </p>
   </div>
   <div class='ocr_carea' id='block_1_3' title="bbox 3373 356 3480 414">
    <p class='ocr_par' dir='ltr' id='par_1_3' title="bbox 3373 356 3480 414">
     <span class='ocr_line' id='line_1_3' title="bbox 3373 356 3480 414; baseline 0.019 -2"><span class='ocrx_word' id='word_1_3' title='bbox 3373 356 3480 414; x_wconf 76' lang='lat'><strong>250</strong></span> 
     </span>
    </p>
   </div>
   <div class='ocr_carea' id='block_1_4' title="bbox 259 458 3484 540">
    <p class='ocr_par' dir='ltr' id='par_1_4' title="bbox 259 458 3484 540">
     <span class='ocr_line' id='line_1_4' title="bbox 259 458 3484 540; baseline 0.001 -18"><span class='ocrx_word' id='word_1_4' title='bbox 259 480 492 540; x_wconf 82' lang='lat' dir='ltr'><strong>utroque,</strong></span> <span class='ocrx_word' id='word_1_5' title='bbox 516 474 574 522; x_wconf 89' lang='lat' dir='ltr'><strong>et</strong></span> <span class='ocrx_word' id='word_1_6' title='bbox 589 463 738 522; x_wconf 98' lang='lat' dir='ltr'><strong>danti</strong></span> <span class='ocrx_word' id='word_1_7' title='bbox 759 471 815 520; x_wconf 93' lang='lat' dir='ltr'><strong>et</strong></span> <span class='ocrx_word' id='word_1_8' title='bbox 834 461 1138 534; x_wconf 75' lang='lat' dir='ltr'><strong>accipienti,</strong></span> <span class='ocrx_word' id='word_1_9' title='bbox 1163 461 1412 517; x_wconf 83' lang='lat' dir='ltr'><strong>solatium</strong></span> <span class='ocrx_word' id='word_1_10' title='bbox 1437 473 1574 515; x_wconf 87' lang='lat' dir='ltr'><strong>esse.</strong></span> <span class='ocrx_word' id='word_1_11' title='bbox 1607 458 1817 528; x_wconf 88' lang='lat' dir='ltr'><strong>Ubique</strong></span> <span class='ocrx_word' id='word_1_12' title='bbox 1843 463 1893 524; x_wconf 75' lang='grc' dir='ltr'><strong>Α</strong></span> <span class='ocrx_word' id='word_1_13' title='bbox 1919 462 2041 516; x_wconf 88' lang='lat' dir='ltr'><strong>simi</strong></span> <span class='ocrx_word' id='word_1_14' title='bbox 2069 462 2124 516; x_wconf 92' lang='lat' dir='ltr'><strong>in</strong></span> <span class='ocrx_word' id='word_1_15' title='bbox 2148 463 2288 518; x_wconf 91' lang='lat' dir='ltr'><strong>bello</strong></span> <span class='ocrx_word' id='word_1_16' title='bbox 2304 503 2319 528; x_wconf 95' lang='lat'><strong>,</strong></span> <span class='ocrx_word' id='word_1_17' title='bbox 2351 469 2406 517; x_wconf 90' lang='lat' dir='ltr'><strong>et</strong></span> <span class='ocrx_word' id='word_1_18' title='bbox 2443 461 2728 532; x_wconf 77' lang='lat' dir='ltr'><strong>iustissimi</strong></span> <span class='ocrx_word' id='word_1_19' title='bbox 2756 463 2810 518; x_wconf 90' lang='lat' dir='ltr'><strong>in</strong></span> <span class='ocrx_word' id='word_1_20' title='bbox 2834 462 3082 533; x_wconf 88' lang='lat' dir='ltr'><strong>judiciis;</strong></span> <span class='ocrx_word' id='word_1_21' title='bbox 3124 480 3335 524; x_wconf 89' lang='lat' dir='ltr'><strong>morum</strong></span> <span class='ocrx_word' id='word_1_22' title='bbox 3382 485 3484 526; x_wconf 90' lang='lat' dir='ltr'><strong>no-</strong></span> 
     </span>
    </p>
   </div>
   <div class='ocr_carea' id='block_1_5' title="bbox 256 555 1813 634">
    <p class='ocr_par' dir='ltr' id='par_1_5' title="bbox 256 555 1813 634">
     <span class='ocr_line' id='line_1_5' title="bbox 256 555 1813 634; baseline -0.013 -7"><span class='ocrx_word' id='word_1_23' title='bbox 256 567 498 627; x_wconf 89' lang='lat' dir='ltr'><strong>discretio</strong></span> <span class='ocrx_word' id='word_1_24' title='bbox 525 563 726 634; x_wconf 91' lang='lat' dir='ltr'><strong>optime</strong></span> <span class='ocrx_word' id='word_1_25' title='bbox 753 560 897 616; x_wconf 88' lang='lat' dir='ltr'><strong>valet</strong></span> <span class='ocrx_word' id='word_1_26' title='bbox 915 601 930 624; x_wconf 91' lang='lat'><strong>,</strong></span> <span class='ocrx_word' id='word_1_27' title='bbox 957 573 1076 629; x_wconf 71' lang='lat' dir='ltr'><strong>qum</strong></span> <span class='ocrx_word' id='word_1_28' title='bbox 1103 569 1128 598; x_wconf 69' lang='grc' dir='ltr'>α</span> <span class='ocrx_word' id='word_1_29' title='bbox 1162 557 1301 611; x_wconf 86' lang='lat' dir='ltr'><strong>inter</strong></span> <span class='ocrx_word' id='word_1_30' title='bbox 1325 555 1616 610; x_wconf 84' lang='lat' dir='ltr'><strong>monachos</strong></span> <span class='ocrx_word' id='word_1_31' title='bbox 1641 561 1813 607; x_wconf 91' lang='lat' dir='ltr'><strong>mater</strong></span> 
     </span>
    </p>
   </div>
   <div class='ocr_carea' id='block_1_6' title="bbox 255 643 1815 717">
    <p class='ocr_par' dir='ltr' id='par_1_6' title="bbox 255 643 1815 717">
     <span class='ocr_line' id='line_1_6' title="bbox 255 643 1815 717; baseline -0.012 -1"><span class='ocrx_word' id='word_1_32' title='bbox 255 662 501 717; x_wconf 88' lang='lat' dir='ltr'><strong>virtutum</strong></span> <span class='ocrx_word' id='word_1_33' title='bbox 532 670 651 710; x_wconf 89' lang='lat' dir='ltr'><strong>esse</strong></span> <span class='ocrx_word' id='word_1_34' title='bbox 679 654 892 717; x_wconf 84' lang='lat' dir='ltr'><strong>dieitur,</strong></span> <span class='ocrx_word' id='word_1_35' title='bbox 935 650 1219 707; x_wconf 89' lang='lat' dir='ltr'><strong>Salomone</strong></span> <span class='ocrx_word' id='word_1_36' title='bbox 1254 655 1540 702; x_wconf 88' lang='lat' dir='ltr'><strong>attestante</strong></span> <span class='ocrx_word' id='word_1_37' title='bbox 1573 660 1588 699; x_wconf 91' lang='lat'><strong>:</strong></span> <span class='ocrx_word' id='word_1_38' title='bbox 1621 643 1815 714; x_wconf 87' lang='lat' dir='ltr'><strong>Palpe-</strong></span> 
     </span>
    </p>
   </div>
   <div class='ocr_carea' id='block_1_7' title="bbox 255 743 1810 826">
    <p class='ocr_par' dir='ltr' id='par_1_7' title="bbox 255 743 1810 826">
     <span class='ocr_line' id='line_1_7' title="bbox 255 743 1810 826; baseline -0.01 -15"><span class='ocrx_word' id='word_1_39' title='bbox 255 758 471 812; x_wconf 70' lang='lat' dir='ltr'><strong>lmetua:</strong></span> <span class='ocrx_word' id='word_1_40' title='bbox 498 752 794 826; x_wconf 72' lang='lat' dir='ltr'><strong>prwcedant</strong></span> <span class='ocrx_word' id='word_1_41' title='bbox 816 765 1021 821; x_wconf 75' lang='lat' dir='ltr'><strong>gressus</strong></span> <span class='ocrx_word' id='word_1_42' title='bbox 1048 757 1162 801; x_wconf 87' lang='lat' dir='ltr'><strong>tuos</strong></span> <span class='ocrx_word' id='word_1_43' title='bbox 1183 746 1362 819; x_wconf 82' lang='lat' dir='ltr'><strong>(Prov.</strong></span> <span class='ocrx_word' id='word_1_44' title='bbox 1393 761 1464 808; x_wconf 84' lang='lat' dir='ltr'><strong>Iv,</strong></span> <span class='ocrx_word' id='word_1_45' title='bbox 1487 743 1600 812; x_wconf 73' lang='lat'><strong>25),</strong></span> <span class='ocrx_word' id='word_1_46' title='bbox 1633 743 1684 796; x_wconf 89' lang='lat' dir='ltr'><strong>id</strong></span> <span class='ocrx_word' id='word_1_47' title='bbox 1709 749 1810 806; x_wconf 89' lang='lat' dir='ltr'><strong>est,</strong></span> 
     </span>
    </p>
   </div>
   <div class='ocr_carea' id='block_1_8' title="bbox 252 834 1816 904">
    <p class='ocr_par' dir='ltr' id='par_1_8' title="bbox 252 834 1816 904">
     <span class='ocr_line' id='line_1_8' title="bbox 252 834 1816 904; baseline -0.011 -1"><span class='ocrx_word' id='word_1_48' title='bbox 252 847 496 904; x_wconf 80' lang='lat' dir='ltr'><strong>discretio</strong></span> <span class='ocrx_word' id='word_1_49' title='bbox 517 852 670 898; x_wconf 87' lang='lat' dir='ltr'><strong>actus</strong></span> <span class='ocrx_word' id='word_1_50' title='bbox 694 849 835 896; x_wconf 90' lang='lat' dir='ltr'><strong>tuos.</strong></span> <span class='ocrx_word' id='word_1_51' title='bbox 875 838 972 894; x_wconf 89' lang='lat' dir='ltr'><strong>Cui</strong></span> <span class='ocrx_word' id='word_1_52' title='bbox 995 837 1271 894; x_wconf 71' lang='lat' dir='ltr'><strong>sententia:</strong></span> <span class='ocrx_word' id='word_1_53' title='bbox 1297 843 1350 902; x_wconf 83' lang='lat' dir='ltr'><strong>et</strong></span> <span class='ocrx_word' id='word_1_54' title='bbox 1381 834 1667 903; x_wconf 80' lang='lat' dir='ltr'><strong>Apostolus</strong></span> <span class='ocrx_word' id='word_1_55' title='bbox 1687 847 1816 888; x_wconf 89' lang='lat' dir='ltr'><strong>con-</strong></span> 
     </span>
    </p>
   </div>
   <div class='ocr_carea' id='block_1_9' title="bbox 250 924 1813 1002">
    <p class='ocr_par' dir='ltr' id='par_1_9' title="bbox 250 924 1813 1002">
     <span class='ocr_line' id='line_1_9' title="bbox 250 924 1813 1002; baseline -0.011 -8"><span class='ocrx_word' id='word_1_56' title='bbox 250 947 414 1002; x_wconf 83' lang='lat' dir='ltr'><strong>sonat,</strong></span> <span class='ocrx_word' id='word_1_57' title='bbox 439 936 530 990; x_wconf 91' lang='lat' dir='ltr'><strong>ubi</strong></span> <span class='ocrx_word' id='word_1_58' title='bbox 556 936 632 989; x_wconf 85' lang='lat' dir='ltr'><strong>ait</strong></span> <span class='ocrx_word' id='word_1_59' title='bbox 659 953 671 987; x_wconf 91' lang='lat'>:</span> <span class='ocrx_word' id='word_1_60' title='bbox 707 931 896 987; x_wconf 89' lang='lat' dir='ltr'><strong>Omnia</strong></span> <span class='ocrx_word' id='word_1_61' title='bbox 918 939 1085 985; x_wconf 86' lang='lat' dir='ltr'><strong>vestra</strong></span> <span class='ocrx_word' id='word_1_62' title='bbox 1113 930 1320 982; x_wconf 77' lang='lat' dir='ltr'><strong>honeste</strong></span> <span class='ocrx_word' id='word_1_63' title='bbox 1339 943 1454 980; x_wconf 90' lang='lat' dir='ltr'><strong>cum</strong></span> <span class='ocrx_word' id='word_1_64' title='bbox 1481 926 1661 979; x_wconf 79' lang='lat' dir='ltr'><strong>ordine</strong></span> <span class='ocrx_word' id='word_1_65' title='bbox 1681 924 1813 992; x_wconf 82' lang='lat' dir='ltr'><strong>ﬁant</strong></span> 
     </span>
    </p>
   </div>
   <div class='ocr_carea' id='block_1_10' title="bbox 249 1015 1813 1102">
    <p class='ocr_par' dir='ltr' id='par_1_10' title="bbox 249 1015 1813 1102">
     <span class='ocr_line' id='line_1_10' title="bbox 249 1015 1813 1102; baseline -0.011 -18"><span class='ocrx_word' id='word_1_66' title='bbox 249 1031 295 1102; x_wconf 92' lang='lat' dir='ltr'><strong>(I</strong></span> <span class='ocrx_word' id='word_1_67' title='bbox 322 1028 462 1094; x_wconf 58' lang='grc' dir='ltr'><strong>,σοι</strong></span> <span class='ocrx_word' id='word_1_68' title='bbox 497 1043 611 1092; x_wconf 73' lang='lat' dir='ltr'><strong>xxv,</strong></span> <span class='ocrx_word' id='word_1_69' title='bbox 642 1025 754 1096; x_wconf 75' lang='grc'><strong>40).</strong></span> <span class='ocrx_word' id='word_1_70' title='bbox 788 1024 854 1077; x_wconf 83' lang='grc' dir='ltr'>Ει</span> <span class='ocrx_word' id='word_1_71' title='bbox 896 1022 1132 1077; x_wconf 89' lang='lat' dir='ltr'><strong>comicus</strong></span> <span class='ocrx_word' id='word_1_72' title='bbox 1165 1019 1382 1089; x_wconf 87' lang='lat' dir='ltr'><strong>quidam</strong></span> <span class='ocrx_word' id='word_1_73' title='bbox 1410 1018 1528 1071; x_wconf 86' lang='lat' dir='ltr'><strong>ait:</strong></span> <span class='ocrx_word' id='word_1_74' title='bbox 1562 1015 1644 1068; x_wconf 87' lang='lat' dir='ltr'><strong>Ne</strong></span> <span class='ocrx_word' id='word_1_75' title='bbox 1686 1015 1813 1085; x_wconf 89' lang='lat' dir='ltr'><strong>quid</strong></span> 
     </span>
    </p>
   </div>
   <div class='ocr_carea' id='block_1_11' title="bbox 247 1111 1815 1186">
    <p class='ocr_par' dir='ltr' id='par_1_11' title="bbox 247 1111 1815 1186">
     <span class='ocr_line' id='line_1_11' title="bbox 247 1111 1815 1186; baseline -0.01 -8"><span class='ocrx_word' id='word_1_76' title='bbox 247 1123 409 1178; x_wconf 79' lang='lat' dir='ltr'><strong>nimis.</strong></span> <span class='ocrx_word' id='word_1_77' title='bbox 447 1122 504 1176; x_wconf 85' lang='lat' dir='ltr'><strong>In</strong></span> <span class='ocrx_word' id='word_1_78' title='bbox 535 1119 681 1174; x_wconf 89' lang='lat' dir='ltr'><strong>omni</strong></span> <span class='ocrx_word' id='word_1_79' title='bbox 708 1133 768 1172; x_wconf 94' lang='lat' dir='ltr'><strong>re</strong></span> <span class='ocrx_word' id='word_1_80' title='bbox 799 1113 1147 1186; x_wconf 85' lang='lat' dir='ltr'><strong>temperantia</strong></span> <span class='ocrx_word' id='word_1_81' title='bbox 1173 1111 1433 1166; x_wconf 89' lang='lat' dir='ltr'><strong>servanda</strong></span> <span class='ocrx_word' id='word_1_82' title='bbox 1466 1119 1566 1172; x_wconf 89' lang='lat' dir='ltr'><strong>est,</strong></span> <span class='ocrx_word' id='word_1_83' title='bbox 1591 1124 1708 1178; x_wconf 62' lang='lat' dir='ltr'><strong>quae</strong></span> <span class='ocrx_word' id='word_1_84' title='bbox 1732 1115 1815 1162; x_wconf 89' lang='lat' dir='ltr'><strong>est</strong></span> 
     </span>
    </p>
   </div>
   <div class='ocr_carea' id='block_1_12' title="bbox 245 1202 1812 1283">
    <p class='ocr_par' dir='ltr' id='par_1_12' title="bbox 245 1202 1812 1283">
     <span class='ocr_line' id='line_1_12' title="bbox 245 1202 1812 1283; baseline -0.01 -15"><span class='ocrx_word' id='word_1_85' title='bbox 245 1215 320 1268; x_wconf 88' lang='lat' dir='ltr'><strong>via</strong></span> <span class='ocrx_word' id='word_1_86' title='bbox 356 1213 510 1283; x_wconf 84' lang='lat' dir='ltr'><strong>regia</strong></span> <span class='ocrx_word' id='word_1_87' title='bbox 550 1210 714 1266; x_wconf 85' lang='lat' dir='ltr'><strong>totius</strong></span> <span class='ocrx_word' id='word_1_88' title='bbox 741 1209 864 1262; x_wconf 65' lang='lat' dir='ltr'><strong>vitae</strong></span> <span class='ocrx_word' id='word_1_89' title='bbox 892 1213 1118 1268; x_wconf 70' lang='lat' dir='ltr'><strong>nostrae,</strong></span> <span class='ocrx_word' id='word_1_90' title='bbox 1150 1219 1250 1258; x_wconf 93' lang='lat' dir='ltr'><strong>nec</strong></span> <span class='ocrx_word' id='word_1_91' title='bbox 1283 1203 1349 1257; x_wconf 90' lang='lat' dir='ltr'><strong>ad</strong></span> <span class='ocrx_word' id='word_1_92' title='bbox 1375 1202 1649 1257; x_wconf 73' lang='lat' dir='ltr'><strong>dexteram</strong></span> <span class='ocrx_word' id='word_1_93' title='bbox 1669 1240 1683 1265; x_wconf 90' lang='lat'><strong>,</strong></span> <span class='ocrx_word' id='word_1_94' title='bbox 1711 1213 1812 1254; x_wconf 90' lang='lat' dir='ltr'><strong>nec</strong></span> 
     </span>
    </p>
   </div>
   <div class='ocr_carea' id='block_1_13' title="bbox 242 1291 1811 1361">
    <p class='ocr_par' dir='ltr' id='par_1_13' title="bbox 242 1291 1811 1361">
     <span class='ocr_line' id='line_1_13' title="bbox 242 1291 1811 1361; baseline -0.01 -3"><span class='ocrx_word' id='word_1_95' title='bbox 242 1304 302 1358; x_wconf 86' lang='lat' dir='ltr'><strong>ad</strong></span> <span class='ocrx_word' id='word_1_96' title='bbox 326 1303 607 1358; x_wconf 87' lang='lat' dir='ltr'><strong>sinistram</strong></span> <span class='ocrx_word' id='word_1_97' title='bbox 653 1299 945 1361; x_wconf 86' lang='lat' dir='ltr'><strong>declinans,</strong></span> <span class='ocrx_word' id='word_1_98' title='bbox 992 1296 1084 1350; x_wconf 91' lang='lat' dir='ltr'><strong>sed</strong></span> <span class='ocrx_word' id='word_1_99' title='bbox 1112 1302 1268 1350; x_wconf 91' lang='lat' dir='ltr'><strong>caute</strong></span> <span class='ocrx_word' id='word_1_100' title='bbox 1294 1301 1349 1349; x_wconf 89' lang='lat' dir='ltr'><strong>et</strong></span> <span class='ocrx_word' id='word_1_101' title='bbox 1370 1293 1638 1361; x_wconf 81' lang='lat' dir='ltr'><strong>sapienter</strong></span> <span class='ocrx_word' id='word_1_102' title='bbox 1665 1291 1811 1345; x_wconf 89' lang='lat' dir='ltr'><strong>ince-</strong></span> 
     </span>
    </p>
   </div>
   <div class='ocr_carea' id='block_1_14' title="bbox 242 1386 1814 1466">
    <p class='ocr_par' dir='ltr' id='par_1_14' title="bbox 242 1386 1814 1466">
     <span class='ocr_line' id='line_1_14' title="bbox 242 1386 1814 1466; baseline -0.01 -13"><span class='ocrx_word' id='word_1_103' title='bbox 242 1400 363 1454; x_wconf 87' lang='lat' dir='ltr'><strong>dens</strong></span> <span class='ocrx_word' id='word_1_104' title='bbox 380 1439 395 1462; x_wconf 97' lang='lat'><strong>,</strong></span> <span class='ocrx_word' id='word_1_105' title='bbox 423 1395 585 1466; x_wconf 87' lang='lat' dir='ltr'><strong>quasi</strong></span> <span class='ocrx_word' id='word_1_106' title='bbox 615 1392 869 1464; x_wconf 83' lang='lat' dir='ltr'><strong>providus</strong></span> <span class='ocrx_word' id='word_1_107' title='bbox 895 1392 1070 1445; x_wconf 88' lang='lat' dir='ltr'><strong>viator</strong></span> <span class='ocrx_word' id='word_1_108' title='bbox 1095 1390 1161 1445; x_wconf 91' lang='lat' dir='ltr'><strong>ad</strong></span> <span class='ocrx_word' id='word_1_109' title='bbox 1193 1403 1436 1458; x_wconf 70' lang='lat' dir='ltr'><strong>superna:</strong></span> <span class='ocrx_word' id='word_1_110' title='bbox 1469 1386 1702 1440; x_wconf 78' lang='lat' dir='ltr'><strong>civitatis</strong></span> <span class='ocrx_word' id='word_1_111' title='bbox 1727 1399 1814 1438; x_wconf 88' lang='lat' dir='ltr'><strong>ar-</strong></span> 
     </span>
    </p>
   </div>
   <div class='ocr_carea' id='block_1_15' title="bbox 241 1479 1819 1562">
    <p class='ocr_par' dir='ltr' id='par_1_15' title="bbox 241 1479 1819 1562">
     <span class='ocr_line' id='line_1_15' title="bbox 241 1479 1819 1562; baseline -0.01 -15"><span class='ocrx_word' id='word_1_112' title='bbox 241 1508 346 1548; x_wconf 85' lang='lat' dir='ltr'><strong>cem</strong></span> <span class='ocrx_word' id='word_1_113' title='bbox 376 1503 711 1562; x_wconf 88' lang='lat' dir='ltr'><strong>properans,</strong></span> <span class='ocrx_word' id='word_1_114' title='bbox 742 1485 1020 1541; x_wconf 88' lang='lat' dir='ltr'><strong>ambulans</strong></span> <span class='ocrx_word' id='word_1_115' title='bbox 1049 1485 1112 1539; x_wconf 89' lang='lat' dir='ltr'><strong>de</strong></span> <span class='ocrx_word' id='word_1_116' title='bbox 1144 1485 1328 1538; x_wconf 78' lang='lat' dir='ltr'><strong>virtute</strong></span> <span class='ocrx_word' id='word_1_117' title='bbox 1347 1483 1399 1537; x_wconf 92' lang='lat' dir='ltr'><strong>in</strong></span> <span class='ocrx_word' id='word_1_118' title='bbox 1427 1482 1666 1536; x_wconf 75' lang='lat' dir='ltr'><strong>virtutem</strong></span> <span class='ocrx_word' id='word_1_119' title='bbox 1685 1521 1698 1544; x_wconf 97' lang='lat'><strong>,</strong></span> <span class='ocrx_word' id='word_1_120' title='bbox 1723 1479 1819 1533; x_wconf 89' lang='lat' dir='ltr'><strong>do-</strong></span> 
     </span>
    </p>
   </div>
   <div class='ocr_carea' id='block_1_16' title="bbox 241 1573 1815 1647">
    <p class='ocr_par' dir='ltr' id='par_1_16' title="bbox 241 1573 1815 1647">
     <span class='ocr_line' id='line_1_16' title="bbox 241 1573 1815 1647; baseline -0.008 -7"><span class='ocrx_word' id='word_1_121' title='bbox 241 1603 322 1640; x_wconf 87' lang='lat' dir='ltr'><strong>nec</strong></span> <span class='ocrx_word' id='word_1_122' title='bbox 351 1585 598 1640; x_wconf 80' lang='lat' dir='ltr'><strong>videatur</strong></span> <span class='ocrx_word' id='word_1_123' title='bbox 634 1581 774 1635; x_wconf 85' lang='lat' dir='ltr'><strong>Deus</strong></span> <span class='ocrx_word' id='word_1_124' title='bbox 812 1580 1025 1633; x_wconf 87' lang='lat' dir='ltr'><strong>deorum</strong></span> <span class='ocrx_word' id='word_1_125' title='bbox 1065 1579 1120 1631; x_wconf 88' lang='lat' dir='ltr'><strong>in</strong></span> <span class='ocrx_word' id='word_1_126' title='bbox 1174 1577 1304 1633; x_wconf 92' lang='lat' dir='ltr'><strong>Sion</strong></span> <span class='ocrx_word' id='word_1_127' title='bbox 1356 1573 1527 1647; x_wconf 88' lang='lat' dir='ltr'><strong>(Psal.</strong></span> <span class='ocrx_word' id='word_1_128' title='bbox 1574 1589 1815 1638; x_wconf 76' lang='lat' dir='ltr'><strong>Lxxxnl,</strong></span> 
     </span>
    </p>
   </div>
   <div class='ocr_carea' id='block_1_17' title="bbox 236 1670 1819 1750">
    <p class='ocr_par' dir='ltr' id='par_1_17' title="bbox 236 1670 1819 1750">
     <span class='ocr_line' id='line_1_17' title="bbox 236 1670 1819 1750; baseline -0.008 -16"><span class='ocrx_word' id='word_1_129' title='bbox 236 1679 317 1750; x_wconf 89' lang='lat'><strong>8);</strong></span> <span class='ocrx_word' id='word_1_130' title='bbox 348 1680 400 1733; x_wconf 92' lang='lat' dir='ltr'><strong>id</strong></span> <span class='ocrx_word' id='word_1_131' title='bbox 434 1685 558 1740; x_wconf 86' lang='lat' dir='ltr'><strong>est,</strong></span> <span class='ocrx_word' id='word_1_132' title='bbox 597 1677 649 1730; x_wconf 93' lang='lat' dir='ltr'><strong>in</strong></span> <span class='ocrx_word' id='word_1_133' title='bbox 693 1673 908 1743; x_wconf 89' lang='lat' dir='ltr'><strong>specula</strong></span> <span class='ocrx_word' id='word_1_134' title='bbox 935 1681 1148 1727; x_wconf 61' lang='lat' dir='ltr'><strong>aeternae</strong></span> <span class='ocrx_word' id='word_1_135' title='bbox 1189 1670 1555 1731; x_wconf 85' lang='lat' dir='ltr'><strong>beatitudinis,</strong></span> <span class='ocrx_word' id='word_1_136' title='bbox 1585 1683 1704 1738; x_wconf 68' lang='lat' dir='ltr'><strong>qua:</strong></span> <span class='ocrx_word' id='word_1_137' title='bbox 1735 1673 1819 1721; x_wconf 88' lang='lat' dir='ltr'><strong>est</strong></span> 
     </span>
    </p>
   </div>
   <div class='ocr_carea' id='block_1_18' title="bbox 145 1757 1814 1825">
    <p class='ocr_par' dir='ltr' id='par_1_18' title="bbox 145 1757 1814 1825">
     <span class='ocr_line' id='line_1_18' title="bbox 145 1757 1814 1825; baseline -0.009 0"><span class='ocrx_word' id='word_1_138' title='bbox 145 1777 156 1786; x_wconf 78' lang='lat'><strong><em>’</em></strong></span> <span class='ocrx_word' id='word_1_139' title='bbox 237 1770 480 1825; x_wconf 90' lang='lat' dir='ltr'><strong>omnium</strong></span> <span class='ocrx_word' id='word_1_140' title='bbox 505 1774 813 1822; x_wconf 91' lang='lat' dir='ltr'><strong>sanctorum</strong></span> <span class='ocrx_word' id='word_1_141' title='bbox 844 1778 1051 1818; x_wconf 88' lang='lat' dir='ltr'><strong>merces</strong></span> <span class='ocrx_word' id='word_1_142' title='bbox 1078 1769 1132 1817; x_wconf 90' lang='lat' dir='ltr'><strong>et</strong></span> <span class='ocrx_word' id='word_1_143' title='bbox 1164 1761 1448 1815; x_wconf 84' lang='lat' dir='ltr'><strong>retributio</strong></span> <span class='ocrx_word' id='word_1_144' title='bbox 1475 1759 1672 1815; x_wconf 90' lang='lat' dir='ltr'><strong>laboris</strong></span> <span class='ocrx_word' id='word_1_145' title='bbox 1711 1757 1814 1812; x_wconf 89' lang='lat' dir='ltr'><strong>sui.</strong></span> 
     </span>
    </p>
   </div>
   <div class='ocr_carea' id='block_1_19' title="bbox 1916 554 3484 630">
    <p class='ocr_par' dir='ltr' id='par_1_19' title="bbox 1916 554 3484 630">
     <span class='ocr_line' id='line_1_19' title="bbox 1916 554 3484 630; baseline 0.005 -19"><span class='ocrx_word' id='word_1_146' title='bbox 1916 554 2403 625; x_wconf 86' lang='lat' dir='ltr'><strong>bilitateconspicui</strong></span> <span class='ocrx_word' id='word_1_147' title='bbox 2421 598 2435 622; x_wconf 96' lang='lat'><strong>,</strong></span> <span class='ocrx_word' id='word_1_148' title='bbox 2461 557 2698 611; x_wconf 90' lang='lat' dir='ltr'><strong>consiliis</strong></span> <span class='ocrx_word' id='word_1_149' title='bbox 2717 559 2944 627; x_wconf 85' lang='lat' dir='ltr'><strong>providi,</strong></span> <span class='ocrx_word' id='word_1_150' title='bbox 2959 559 3156 628; x_wconf 88' lang='lat' dir='ltr'><strong>pietate</strong></span> <span class='ocrx_word' id='word_1_151' title='bbox 3171 560 3484 630; x_wconf 91' lang='lat' dir='ltr'><strong>laudabiles,</strong></span> 
     </span>
    </p>
   </div>
   <div class='ocr_carea' id='block_1_20' title="bbox 1914 646 3488 727">
    <p class='ocr_par' dir='ltr' id='par_1_20' title="bbox 1914 646 3488 727">
     <span class='ocr_line' id='line_1_20' title="bbox 1914 646 3488 727; baseline 0.007 -26"><span class='ocrx_word' id='word_1_152' title='bbox 1914 646 2053 704; x_wconf 80' lang='lat' dir='ltr'><strong>facie</strong></span> <span class='ocrx_word' id='word_1_153' title='bbox 2076 650 2416 705; x_wconf 87' lang='lat' dir='ltr'><strong>honorabiles</strong></span> <span class='ocrx_word' id='word_1_154' title='bbox 2436 691 2452 715; x_wconf 93' lang='lat'><strong>,</strong></span> <span class='ocrx_word' id='word_1_155' title='bbox 2480 650 2630 704; x_wconf 91' lang='lat' dir='ltr'><strong>vultu</strong></span> <span class='ocrx_word' id='word_1_156' title='bbox 2653 652 2987 708; x_wconf 80' lang='lat' dir='ltr'><strong>venerabiles</strong></span> <span class='ocrx_word' id='word_1_157' title='bbox 3004 661 3103 718; x_wconf 41' lang='lat' dir='ltr'><strong>,,et</strong></span> <span class='ocrx_word' id='word_1_158' title='bbox 3138 655 3283 708; x_wconf 82' lang='lat' dir='ltr'><strong>omni</strong></span> <span class='ocrx_word' id='word_1_159' title='bbox 3315 657 3488 727; x_wconf 87' lang='lat' dir='ltr'><strong>digni-</strong></span> 
     </span>
    </p>
   </div>
   <div class='ocr_carea' id='block_1_21' title="bbox 1915 737 3489 817">
    <p class='ocr_par' dir='ltr' id='par_1_21' title="bbox 1915 737 3489 817">
     <span class='ocr_line' id='line_1_21' title="bbox 1915 737 3489 817; baseline 0.007 -24"><span class='ocrx_word' id='word_1_160' title='bbox 1915 745 2023 793; x_wconf 88' lang='lat' dir='ltr'><strong>tate</strong></span> <span class='ocrx_word' id='word_1_161' title='bbox 2051 737 2354 794; x_wconf 88' lang='lat' dir='ltr'><strong>clarissimi.</strong></span> <span class='ocrx_word' id='word_1_162' title='bbox 2385 739 2509 795; x_wconf 64' lang='lat' dir='ltr'><strong>Hmc</strong></span> <span class='ocrx_word' id='word_1_163' title='bbox 2529 756 2643 805; x_wconf 91' lang='lat' dir='ltr'><strong>vos,</strong></span> <span class='ocrx_word' id='word_1_164' title='bbox 2666 743 2768 796; x_wconf 88' lang='lat' dir='ltr'><strong>viri</strong></span> <span class='ocrx_word' id='word_1_165' title='bbox 2794 744 3198 813; x_wconf 87' lang='lat' dir='ltr'><strong>sapientissimi,</strong></span> <span class='ocrx_word' id='word_1_166' title='bbox 3216 747 3267 800; x_wconf 91' lang='lat' dir='ltr'><strong>in</strong></span> <span class='ocrx_word' id='word_1_167' title='bbox 3292 747 3489 817; x_wconf 87' lang='lat' dir='ltr'><strong>quibus</strong></span> 
     </span>
    </p>
   </div>
   <div class='ocr_carea' id='block_1_22' title="bbox 1914 830 3484 907">
    <p class='ocr_par' dir='ltr' id='par_1_22' title="bbox 1914 830 3484 907">
     <span class='ocr_line' id='line_1_22' title="bbox 1914 830 3484 907; baseline 0.007 -22"><span class='ocrx_word' id='word_1_168' title='bbox 1914 831 2074 886; x_wconf 89' lang='lat' dir='ltr'><strong>modo</strong></span> <span class='ocrx_word' id='word_1_169' title='bbox 2100 830 2302 886; x_wconf 80' lang='lat' dir='ltr'><strong>Cantiae</strong></span> <span class='ocrx_word' id='word_1_170' title='bbox 2328 833 2490 887; x_wconf 89' lang='lat' dir='ltr'><strong>decus</strong></span> <span class='ocrx_word' id='word_1_171' title='bbox 2513 833 2784 898; x_wconf 87' lang='lat' dir='ltr'><strong>consistit,</strong></span> <span class='ocrx_word' id='word_1_172' title='bbox 2821 836 3102 906; x_wconf 83' lang='lat' dir='ltr'><strong>diligenter</strong></span> <span class='ocrx_word' id='word_1_173' title='bbox 3126 840 3484 907; x_wconf 87' lang='lat' dir='ltr'><strong>considerate,</strong></span> 
     </span>
    </p>
   </div>
   <div class='ocr_carea' id='block_1_23' title="bbox 1913 923 3488 1002">
    <p class='ocr_par' dir='ltr' id='par_1_23' title="bbox 1913 923 3488 1002">
     <span class='ocr_line' id='line_1_23' title="bbox 1913 923 3488 1002; baseline 0.008 -25"><span class='ocrx_word' id='word_1_174' title='bbox 1913 931 1970 977; x_wconf 92' lang='lat' dir='ltr'><strong>et</strong></span> <span class='ocrx_word' id='word_1_175' title='bbox 2023 923 2208 994; x_wconf 91' lang='lat' dir='ltr'><strong>longas</strong></span> <span class='ocrx_word' id='word_1_176' title='bbox 2269 926 2637 981; x_wconf 88' lang='lat' dir='ltr'><strong>successiones</strong></span> <span class='ocrx_word' id='word_1_177' title='bbox 2697 929 3149 986; x_wconf 89' lang='lat' dir='ltr'><strong>nobilissimorum</strong></span> <span class='ocrx_word' id='word_1_178' title='bbox 3203 943 3488 1002; x_wconf 88' lang='lat' dir='ltr'><strong>parentum</strong></span> 
     </span>
    </p>
   </div>
   <div class='ocr_carea' id='block_1_24' title="bbox 1914 1014 3342 1096">
    <p class='ocr_par' dir='ltr' id='par_1_24' title="bbox 1914 1014 3342 1096">
     <span class='ocr_line' id='line_1_24' title="bbox 1914 1014 3342 1096; baseline 0.009 -31"><span class='ocrx_word' id='word_1_179' title='bbox 1914 1023 2216 1069; x_wconf 89' lang='lat' dir='ltr'><strong>vestrorum</strong></span> <span class='ocrx_word' id='word_1_180' title='bbox 2245 1014 2457 1069; x_wconf 89' lang='lat' dir='ltr'><strong>imitare</strong></span> <span class='ocrx_word' id='word_1_181' title='bbox 2482 1018 2803 1072; x_wconf 90' lang='lat' dir='ltr'><strong>studeamini</strong></span> <span class='ocrx_word' id='word_1_182' title='bbox 2837 1018 2991 1090; x_wconf 82' lang='lat' dir='ltr'><strong>[Ms.,</strong></span> <span class='ocrx_word' id='word_1_183' title='bbox 3022 1023 3342 1096; x_wconf 90' lang='lat' dir='ltr'><strong>studimini].</strong></span> 
     </span>
    </p>
   </div>
   <div class='ocr_carea' id='block_1_25' title="bbox 1981 1107 3494 1181">
    <p class='ocr_par' dir='ltr' id='par_1_25' title="bbox 1981 1107 3494 1181">
     <span class='ocr_line' id='line_1_25' title="bbox 1981 1107 3494 1181; baseline 0.01 -21"><span class='ocrx_word' id='word_1_184' title='bbox 1981 1107 2160 1162; x_wconf 91' lang='lat' dir='ltr'><strong>Primo</strong></span> <span class='ocrx_word' id='word_1_185' title='bbox 2183 1108 2421 1163; x_wconf 91' lang='lat' dir='ltr'><strong>omnium</strong></span> <span class='ocrx_word' id='word_1_186' title='bbox 2444 1152 2459 1176; x_wconf 89' lang='lat'><strong>,</strong></span> <span class='ocrx_word' id='word_1_187' title='bbox 2490 1113 2578 1181; x_wconf 89' lang='lat' dir='ltr'><strong>qui</strong></span> <span class='ocrx_word' id='word_1_188' title='bbox 2608 1113 2658 1166; x_wconf 93' lang='lat' dir='ltr'><strong>in</strong></span> <span class='ocrx_word' id='word_1_189' title='bbox 2689 1113 2926 1169; x_wconf 85' lang='lat' dir='ltr'><strong>Ecclesia</strong></span> <span class='ocrx_word' id='word_1_190' title='bbox 2959 1115 3154 1171; x_wconf 89' lang='lat' dir='ltr'><strong>Christi</strong></span> <span class='ocrx_word' id='word_1_191' title='bbox 3183 1117 3292 1174; x_wconf 90' lang='lat' dir='ltr'><strong>Deo</strong></span> <span class='ocrx_word' id='word_1_192' title='bbox 3312 1121 3494 1174; x_wconf 81' lang='lat' dir='ltr'><strong>deser-</strong></span> 
     </span>
    </p>
   </div>
   <div class='ocr_carea' id='block_1_26' title="bbox 1918 1200 3492 1281">
    <p class='ocr_par' dir='ltr' id='par_1_26' title="bbox 1918 1200 3492 1281">
     <span class='ocr_line' id='line_1_26' title="bbox 1918 1200 3492 1281; baseline 0.008 -27"><span class='ocrx_word' id='word_1_193' title='bbox 1918 1200 2239 1273; x_wconf 67' lang='lat' dir='ltr'><strong>viuntiMs.,</strong></span> <span class='ocrx_word' id='word_1_194' title='bbox 2271 1204 2618 1277; x_wconf 87' lang='lat' dir='ltr'><strong>deserviant],</strong></span> <span class='ocrx_word' id='word_1_195' title='bbox 2659 1207 2866 1261; x_wconf 86' lang='lat' dir='ltr'><strong>discant</strong></span> <span class='ocrx_word' id='word_1_196' title='bbox 2907 1208 3188 1278; x_wconf 78' lang='lat' dir='ltr'><strong>diligenter</strong></span> <span class='ocrx_word' id='word_1_197' title='bbox 3222 1212 3492 1281; x_wconf 88' lang='lat' dir='ltr'><strong>quomodo</strong></span> 
     </span>
    </p>
   </div>
   <div class='ocr_carea' id='block_1_27' title="bbox 1921 1295 3494 1369">
    <p class='ocr_par' dir='ltr' id='par_1_27' title="bbox 1921 1295 3494 1369">
     <span class='ocr_line' id='line_1_27' title="bbox 1921 1295 3494 1369; baseline 0.005 -19"><span class='ocrx_word' id='word_1_198' title='bbox 1921 1296 2032 1350; x_wconf 92' lang='lat' dir='ltr'><strong>Deo</strong></span> <span class='ocrx_word' id='word_1_199' title='bbox 2059 1295 2303 1364; x_wconf 85' lang='lat' dir='ltr'><strong>placeant</strong></span> <span class='ocrx_word' id='word_1_200' title='bbox 2331 1295 2552 1367; x_wconf 83' lang='lat' dir='ltr'><strong>(Coloss.</strong></span> <span class='ocrx_word' id='word_1_201' title='bbox 2584 1315 2621 1361; x_wconf 90' lang='grc' dir='ltr'><strong>ι,</strong></span> <span class='ocrx_word' id='word_1_202' title='bbox 2654 1298 2765 1369; x_wconf 75' lang='grc'><strong>10),</strong></span> <span class='ocrx_word' id='word_1_203' title='bbox 2789 1302 3056 1368; x_wconf 91' lang='lat' dir='ltr'><strong>quomodo</strong></span> <span class='ocrx_word' id='word_1_204' title='bbox 3084 1301 3239 1357; x_wconf 86' lang='lat' dir='ltr'><strong>ﬁdem</strong></span> <span class='ocrx_word' id='word_1_205' title='bbox 3268 1304 3494 1358; x_wconf 82' lang='lat' dir='ltr'><strong>catholi-</strong></span> 
     </span>
    </p>
   </div>
   <div class='ocr_carea' id='block_1_28' title="bbox 1919 1388 3494 1459">
    <p class='ocr_par' dir='ltr' id='par_1_28' title="bbox 1919 1388 3494 1459">
     <span class='ocr_line' id='line_1_28' title="bbox 1919 1388 3494 1459; baseline 0.006 -17"><span class='ocrx_word' id='word_1_206' title='bbox 1919 1403 2224 1456; x_wconf 87' lang='lat' dir='ltr'><strong>cam,quam</strong></span> <span class='ocrx_word' id='word_1_207' title='bbox 2252 1388 2484 1457; x_wconf 90' lang='lat' dir='ltr'><strong>primum</strong></span> <span class='ocrx_word' id='word_1_208' title='bbox 2501 1390 2750 1446; x_wconf 89' lang='lat' dir='ltr'><strong>doctores</strong></span> <span class='ocrx_word' id='word_1_209' title='bbox 2775 1394 2941 1447; x_wconf 81' lang='lat' dir='ltr'><strong>uestri</strong></span> <span class='ocrx_word' id='word_1_210' title='bbox 2960 1394 3011 1448; x_wconf 90' lang='lat' dir='ltr'><strong>in</strong></span> <span class='ocrx_word' id='word_1_211' title='bbox 3023 1394 3104 1449; x_wconf 90' lang='lat' dir='ltr'><strong>eis</strong></span> <span class='ocrx_word' id='word_1_212' title='bbox 3117 1394 3494 1459; x_wconf 81' lang='lat' dir='ltr'><strong>lundaverunt.</strong></span> 
     </span>
    </p>
   </div>
   <div class='ocr_carea' id='block_1_29' title="bbox 1919 1478 3497 1557">
    <p class='ocr_par' dir='ltr' id='par_1_29' title="bbox 1919 1478 3497 1557">
     <span class='ocr_line' id='line_1_29' title="bbox 1919 1478 3497 1557; baseline 0.006 -25"><span class='ocrx_word' id='word_1_213' title='bbox 1919 1478 2161 1532; x_wconf 89' lang='lat' dir='ltr'><strong>obtinere</strong></span> <span class='ocrx_word' id='word_1_214' title='bbox 2185 1478 2414 1534; x_wconf 81' lang='lat' dir='ltr'><strong>firmiter</strong></span> <span class='ocrx_word' id='word_1_215' title='bbox 2439 1488 2492 1535; x_wconf 91' lang='lat' dir='ltr'><strong>et</strong></span> <span class='ocrx_word' id='word_1_216' title='bbox 2511 1481 2803 1550; x_wconf 65' lang='lat' dir='ltr'><strong>praedicare</strong></span> <span class='ocrx_word' id='word_1_217' title='bbox 2827 1483 3068 1550; x_wconf 87' lang='lat' dir='ltr'><strong>valeant;</strong></span> <span class='ocrx_word' id='word_1_218' title='bbox 3096 1486 3221 1555; x_wconf 87' lang='lat' dir='ltr'><strong>quia</strong></span> <span class='ocrx_word' id='word_1_219' title='bbox 3248 1487 3497 1557; x_wconf 85' lang='lat' dir='ltr'><strong>ignoran-</strong></span> 
     </span>
    </p>
   </div>
   <div class='ocr_carea' id='block_1_30' title="bbox 1921 1568 3497 1642">
    <p class='ocr_par' dir='ltr' id='par_1_30' title="bbox 1921 1568 3497 1642">
     <span class='ocr_line' id='line_1_30' title="bbox 1921 1568 3497 1642; baseline 0.008 -20"><span class='ocrx_word' id='word_1_220' title='bbox 1921 1569 1994 1622; x_wconf 87' lang='lat' dir='ltr'><strong>tia</strong></span> <span class='ocrx_word' id='word_1_221' title='bbox 2045 1568 2449 1639; x_wconf 88' lang='lat' dir='ltr'><strong>Scripturarum</strong></span> <span class='ocrx_word' id='word_1_222' title='bbox 2500 1572 2802 1642; x_wconf 82' lang='lat' dir='ltr'><strong>ignorantia</strong></span> <span class='ocrx_word' id='word_1_223' title='bbox 2837 1575 2930 1630; x_wconf 90' lang='lat' dir='ltr'><strong>Dei</strong></span> <span class='ocrx_word' id='word_1_224' title='bbox 2969 1584 3096 1630; x_wconf 88' lang='lat' dir='ltr'><strong>est:</strong></span> <span class='ocrx_word' id='word_1_225' title='bbox 3131 1587 3184 1631; x_wconf 93' lang='lat' dir='ltr'><strong>et</strong></span> <span class='ocrx_word' id='word_1_226' title='bbox 3232 1578 3277 1632; x_wconf 91' lang='lat' dir='ltr'><strong>si</strong></span> <span class='ocrx_word' id='word_1_227' title='bbox 3323 1595 3497 1634; x_wconf 70' lang='lat' dir='ltr'><strong>czccus</strong></span> 
     </span>
    </p>
   </div>
   <div class='ocr_carea' id='block_1_31' title="bbox 1921 1661 3493 1741">
    <p class='ocr_par' dir='ltr' id='par_1_31' title="bbox 1921 1661 3493 1741">
     <span class='ocr_line' id='line_1_31' title="bbox 1921 1661 3493 1741; baseline 0.008 -29"><span class='ocrx_word' id='word_1_228' title='bbox 1921 1674 2121 1714; x_wconf 64' lang='lat' dir='ltr'><strong>caecum</strong></span> <span class='ocrx_word' id='word_1_229' title='bbox 2135 1661 2302 1726; x_wconf 89' lang='lat' dir='ltr'><strong>ducit,</strong></span> <span class='ocrx_word' id='word_1_230' title='bbox 2329 1663 2525 1717; x_wconf 91' lang='lat' dir='ltr'><strong>cadunt</strong></span> <span class='ocrx_word' id='word_1_231' title='bbox 2547 1664 2772 1718; x_wconf 90' lang='lat' dir='ltr'><strong>amboin</strong></span> <span class='ocrx_word' id='word_1_232' title='bbox 2798 1663 3005 1721; x_wconf 81' lang='lat' dir='ltr'><strong>foveam</strong></span> <span class='ocrx_word' id='word_1_233' title='bbox 3029 1666 3243 1734; x_wconf 83' lang='lat' dir='ltr'><strong>(Matth.</strong></span> <span class='ocrx_word' id='word_1_234' title='bbox 3271 1686 3359 1734; x_wconf 83' lang='lat' dir='ltr'><strong>xv,</strong></span> <span class='ocrx_word' id='word_1_235' title='bbox 3384 1670 3493 1741; x_wconf 60' lang='lat' dir='ltr'><strong>li);</strong></span> 
     </span>
    </p>
   </div>
   <div class='ocr_carea' id='block_1_32' title="bbox 1922 1753 3498 1830">
    <p class='ocr_par' dir='ltr' id='par_1_32' title="bbox 1922 1753 3498 1830">
     <span class='ocr_line' id='line_1_32' title="bbox 1922 1753 3498 1830; baseline 0.006 -26"><span class='ocrx_word' id='word_1_236' title='bbox 1922 1759 1978 1804; x_wconf 91' lang='lat' dir='ltr'><strong>et</strong></span> <span class='ocrx_word' id='word_1_237' title='bbox 2025 1758 2243 1805; x_wconf 89' lang='lat' dir='ltr'><strong>econtra</strong></span> <span class='ocrx_word' id='word_1_238' title='bbox 2291 1753 2576 1808; x_wconf 87' lang='lat' dir='ltr'><strong>multitudo</strong></span> <span class='ocrx_word' id='word_1_239' title='bbox 2625 1755 2947 1824; x_wconf 89' lang='lat' dir='ltr'><strong>sapientium</strong></span> <span class='ocrx_word' id='word_1_240' title='bbox 2991 1758 3136 1813; x_wconf 89' lang='lat' dir='ltr'><strong>salus</strong></span> <span class='ocrx_word' id='word_1_241' title='bbox 3193 1767 3277 1813; x_wconf 91' lang='lat' dir='ltr'><strong>est</strong></span> <span class='ocrx_word' id='word_1_242' title='bbox 3318 1759 3498 1830; x_wconf 85' lang='lat' dir='ltr'><strong>populi</strong></span> 
     </span>
    </p>
   </div>
   <div class='ocr_carea' id='block_1_33' title="bbox 237 1818 3495 1927">
    <p class='ocr_par' dir='ltr' id='par_1_33' title="bbox 237 1818 3495 1927">
     <span class='ocr_line' id='line_1_33' title="bbox 237 1818 3495 1927; baseline -0.006 -12"><span class='ocrx_word' id='word_1_243' title='bbox 727 1857 898 1917; x_wconf 89' lang='lat' dir='ltr'><strong>corde,</strong></span> <span class='ocrx_word' id='word_1_244' title='bbox 921 1857 1044 1927; x_wconf 88' lang='lat' dir='ltr'><strong>quia</strong></span> <span class='ocrx_word' id='word_1_245' title='bbox 1066 1855 1231 1908; x_wconf 87' lang='lat' dir='ltr'><strong>Deum</strong></span> <span class='ocrx_word' id='word_1_246' title='bbox 1255 1853 1495 1907; x_wconf 84' lang='lat' dir='ltr'><strong>videbunt</strong></span> <span class='ocrx_word' id='word_1_247' title='bbox 1521 1851 1734 1922; x_wconf 76' lang='lat' dir='ltr'><strong>(Matth.</strong></span> <span class='ocrx_word' id='word_1_248' title='bbox 1761 1866 1814 1917; x_wconf 91' lang='lat' dir='ltr'><strong>v,</strong></span> <span class='ocrx_word' id='word_1_249' title='bbox 1846 1818 1892 1877; x_wconf 80' lang='grc' dir='ltr'><strong>Β</strong></span> <span class='ocrx_word' id='word_1_250' title='bbox 1924 1841 2077 1914; x_wconf 78' lang='lat' dir='ltr'><strong>(Sap-</strong></span> <span class='ocrx_word' id='word_1_251' title='bbox 2104 1859 2178 1907; x_wconf 77' lang='lat' dir='ltr'><strong>VI,</strong></span> <span class='ocrx_word' id='word_1_252' title='bbox 2225 1844 2334 1915; x_wconf 73' lang='grc'><strong>26).</strong></span> <span class='ocrx_word' id='word_1_253' title='bbox 2359 1844 2624 1900; x_wconf 81' lang='lat' dir='ltr'><strong>Adducite</strong></span> <span class='ocrx_word' id='word_1_254' title='bbox 2655 1818 2805 1902; x_wconf 76' lang='lat' dir='ltr'><strong>vobis</strong></span> <span class='ocrx_word' id='word_1_255' title='bbox 2834 1848 3080 1903; x_wconf 87' lang='lat' dir='ltr'><strong>doctores</strong></span> <span class='ocrx_word' id='word_1_256' title='bbox 3110 1859 3164 1905; x_wconf 82' lang='lat' dir='ltr'><strong>et</strong></span> <span class='ocrx_word' id='word_1_257' title='bbox 3207 1818 3495 1921; x_wconf 46' lang='lat' dir='ltr'><strong>mag-ieiros</strong></span> 
     </span>
    </p>
   </div>
   <div class='ocr_carea' id='block_1_34' title="bbox 235 1943 1816 2020">
    <p class='ocr_par' dir='ltr' id='par_1_34' title="bbox 235 1943 1816 2020">
     <span class='ocr_line' id='line_1_34' title="bbox 235 1943 1816 2020; baseline -0.006 -15"><span class='ocrx_word' id='word_1_258' title='bbox 235 1950 308 2020; x_wconf 88' lang='lat'><strong>8).</strong></span> <span class='ocrx_word' id='word_1_259' title='bbox 352 1950 434 2005; x_wconf 90' lang='lat' dir='ltr'><strong>Ibi</strong></span> <span class='ocrx_word' id='word_1_260' title='bbox 485 1949 619 2003; x_wconf 88' lang='lat' dir='ltr'><strong>beati</strong></span> <span class='ocrx_word' id='word_1_261' title='bbox 663 1949 752 2019; x_wconf 88' lang='lat' dir='ltr'><strong>qui</strong></span> <span class='ocrx_word' id='word_1_262' title='bbox 799 1947 1201 2017; x_wconf 78' lang='lat' dir='ltr'><strong>persecutionem</strong></span> <span class='ocrx_word' id='word_1_263' title='bbox 1240 1945 1528 2015; x_wconf 86' lang='lat' dir='ltr'><strong>patiuntur,</strong></span> <span class='ocrx_word' id='word_1_264' title='bbox 1569 1943 1816 2013; x_wconf 86' lang='lat' dir='ltr'><strong>quoniam</strong></span> 
     </span>
    </p>
   </div>
   <div class='ocr_carea' id='block_1_35' title="bbox 234 2033 1818 2112">
    <p class='ocr_par' dir='ltr' id='par_1_35' title="bbox 234 2033 1818 2112">
     <span class='ocr_line' id='line_1_35' title="bbox 234 2033 1818 2112; baseline -0.007 -16"><span class='ocrx_word' id='word_1_265' title='bbox 234 2045 472 2112; x_wconf 84' lang='lat' dir='ltr'><strong>ipsorum</strong></span> <span class='ocrx_word' id='word_1_266' title='bbox 501 2050 576 2096; x_wconf 84' lang='lat' dir='ltr'><strong>est</strong></span> <span class='ocrx_word' id='word_1_267' title='bbox 601 2056 813 2111; x_wconf 85' lang='lat' dir='ltr'><strong>regnum</strong></span> <span class='ocrx_word' id='word_1_268' title='bbox 840 2037 1085 2094; x_wconf 63' lang='lat' dir='ltr'><strong>calorum</strong></span> <span class='ocrx_word' id='word_1_269' title='bbox 1112 2036 1298 2108; x_wconf 89' lang='lat' dir='ltr'><strong>(Ibid.,</strong></span> <span class='ocrx_word' id='word_1_270' title='bbox 1329 2035 1436 2106; x_wconf 82' lang='grc'><strong>10).</strong></span> <span class='ocrx_word' id='word_1_271' title='bbox 1467 2034 1543 2089; x_wconf 88' lang='lat' dir='ltr'><strong>lbi</strong></span> <span class='ocrx_word' id='word_1_272' title='bbox 1575 2033 1709 2087; x_wconf 84' lang='lat' dir='ltr'><strong>beati</strong></span> <span class='ocrx_word' id='word_1_273' title='bbox 1729 2034 1818 2104; x_wconf 85' lang='lat' dir='ltr'><strong>qui</strong></span> 
     </span>
    </p>
   </div>
   <div class='ocr_carea' id='block_1_36' title="bbox 233 2125 1820 2200">
    <p class='ocr_par' dir='ltr' id='par_1_36' title="bbox 233 2125 1820 2200">
     <span class='ocr_line' id='line_1_36' title="bbox 233 2125 1820 2200; baseline -0.005 -13"><span class='ocrx_word' id='word_1_274' title='bbox 233 2134 474 2187; x_wconf 84' lang='lat' dir='ltr'><strong>habitant</strong></span> <span class='ocrx_word' id='word_1_275' title='bbox 495 2133 552 2186; x_wconf 87' lang='lat' dir='ltr'><strong>in</strong></span> <span class='ocrx_word' id='word_1_276' title='bbox 573 2133 726 2186; x_wconf 89' lang='lat' dir='ltr'><strong>domo</strong></span> <span class='ocrx_word' id='word_1_277' title='bbox 745 2131 979 2194; x_wconf 82' lang='lat' dir='ltr'><strong>Domini,</strong></span> <span class='ocrx_word' id='word_1_278' title='bbox 1012 2130 1134 2200; x_wconf 88' lang='lat' dir='ltr'><strong>quia</strong></span> <span class='ocrx_word' id='word_1_279' title='bbox 1152 2129 1207 2182; x_wconf 87' lang='lat' dir='ltr'><strong>in</strong></span> <span class='ocrx_word' id='word_1_280' title='bbox 1228 2126 1479 2183; x_wconf 64' lang='lat' dir='ltr'><strong>arculum</strong></span> <span class='ocrx_word' id='word_1_281' title='bbox 1501 2125 1681 2180; x_wconf 64' lang='grc' dir='ltr'><strong>διεσμιΙὶ</strong></span> <span class='ocrx_word' id='word_1_282' title='bbox 1702 2125 1820 2179; x_wconf 86' lang='lat' dir='ltr'><strong>lau-</strong></span> 
     </span>
    </p>
   </div>
   <div class='ocr_carea' id='block_1_37' title="bbox 233 2220 1164 2295">
    <p class='ocr_par' dir='ltr' id='par_1_37' title="bbox 233 2220 1164 2295">
     <span class='ocr_line' id='line_1_37' title="bbox 233 2220 1164 2295; baseline -0.005 -17"><span class='ocrx_word' id='word_1_283' title='bbox 233 2224 436 2278; x_wconf 82' lang='lat' dir='ltr'><strong>dabunt</strong></span> <span class='ocrx_word' id='word_1_284' title='bbox 477 2242 593 2278; x_wconf 85' lang='lat' dir='ltr'><strong>eum</strong></span> <span class='ocrx_word' id='word_1_285' title='bbox 625 2223 797 2295; x_wconf 87' lang='lat' dir='ltr'><strong>(Psal.</strong></span> <span class='ocrx_word' id='word_1_286' title='bbox 827 2237 1052 2286; x_wconf 80' lang='lat' dir='ltr'><strong>Lxxxm,</strong></span> <span class='ocrx_word' id='word_1_287' title='bbox 1088 2220 1164 2290; x_wconf 83' lang='lat'><strong>5).</strong></span> 
     </span>
    </p>
   </div>
   <div class='ocr_carea' id='block_1_38' title="bbox 300 2308 1818 2377">
    <p class='ocr_par' dir='ltr' id='par_1_38' title="bbox 300 2308 1818 2377">
     <span class='ocr_line' id='line_1_38' title="bbox 300 2308 1818 2377; baseline -0.006 -6"><span class='ocrx_word' id='word_1_288' title='bbox 300 2315 461 2372; x_wconf 84' lang='lat' dir='ltr'><strong>Hanc</strong></span> <span class='ocrx_word' id='word_1_289' title='bbox 502 2317 698 2370; x_wconf 88' lang='lat' dir='ltr'><strong>habeto</strong></span> <span class='ocrx_word' id='word_1_290' title='bbox 731 2313 1065 2377; x_wconf 89' lang='lat' dir='ltr'><strong>chartulam,</strong></span> <span class='ocrx_word' id='word_1_291' title='bbox 1095 2310 1442 2366; x_wconf 89' lang='lat' dir='ltr'><strong>dilectissime</strong></span> <span class='ocrx_word' id='word_1_292' title='bbox 1472 2308 1580 2375; x_wconf 87' lang='lat' dir='ltr'><strong>ﬁli,</strong></span> <span class='ocrx_word' id='word_1_293' title='bbox 1613 2308 1818 2363; x_wconf 87' lang='lat' dir='ltr'><strong>sociam</strong></span> 
     </span>
    </p>
   </div>
   <div class='ocr_carea' id='block_1_39' title="bbox 229 2400 1816 2478">
    <p class='ocr_par' dir='ltr' id='par_1_39' title="bbox 229 2400 1816 2478">
     <span class='ocr_line' id='line_1_39' title="bbox 229 2400 1816 2478; baseline -0.006 -15"><span class='ocrx_word' id='word_1_294' title='bbox 229 2409 350 2476; x_wconf 89' lang='lat' dir='ltr'><strong>tibi,</strong></span> <span class='ocrx_word' id='word_1_295' title='bbox 392 2409 512 2463; x_wconf 90' lang='lat' dir='ltr'><strong>vice</strong></span> <span class='ocrx_word' id='word_1_296' title='bbox 537 2417 776 2478; x_wconf 77' lang='lat' dir='ltr'><strong>paterna:</strong></span> <span class='ocrx_word' id='word_1_297' title='bbox 803 2405 1086 2460; x_wconf 90' lang='lat' dir='ltr'><strong>cbaritatis</strong></span> <span class='ocrx_word' id='word_1_298' title='bbox 1111 2403 1207 2458; x_wconf 90' lang='lat' dir='ltr'><strong>tibi</strong></span> <span class='ocrx_word' id='word_1_299' title='bbox 1227 2402 1535 2470; x_wconf 82' lang='lat' dir='ltr'><strong>loquentem</strong></span> <span class='ocrx_word' id='word_1_300' title='bbox 1556 2401 1611 2454; x_wconf 91' lang='lat' dir='ltr'><strong>in</strong></span> <span class='ocrx_word' id='word_1_301' title='bbox 1636 2400 1816 2465; x_wconf 88' lang='lat' dir='ltr'><strong>corde,</strong></span> 
     </span>
    </p>
   </div>
   <div class='ocr_carea' id='block_1_40' title="bbox 227 2482 1820 2557">
    <p class='ocr_par' dir='ltr' id='par_1_40' title="bbox 227 2482 1820 2557">
     <span class='ocr_line' id='line_1_40' title="bbox 227 2482 1820 2557; baseline -0.004 -4"><span class='ocrx_word' id='word_1_302' title='bbox 227 2509 283 2556; x_wconf 92' lang='lat' dir='ltr'><strong>te</strong></span> <span class='ocrx_word' id='word_1_303' title='bbox 333 2482 724 2554; x_wconf 74' lang='lat' dir='ltr'><strong>admonentem</strong></span> <span class='ocrx_word' id='word_1_304' title='bbox 773 2513 876 2551; x_wconf 93' lang='lat' dir='ltr'><strong>non</strong></span> <span class='ocrx_word' id='word_1_305' title='bbox 929 2496 1099 2551; x_wconf 90' lang='lat' dir='ltr'><strong>solum</strong></span> <span class='ocrx_word' id='word_1_306' title='bbox 1143 2494 1210 2549; x_wconf 92' lang='lat' dir='ltr'><strong>de</strong></span> <span class='ocrx_word' id='word_1_307' title='bbox 1259 2494 1429 2548; x_wconf 90' lang='lat' dir='ltr'><strong>salute</strong></span> <span class='ocrx_word' id='word_1_308' title='bbox 1457 2502 1579 2557; x_wconf 89' lang='lat' dir='ltr'><strong>tua,</strong></span> <span class='ocrx_word' id='word_1_309' title='bbox 1631 2507 1820 2547; x_wconf 89' lang='lat' dir='ltr'><strong>verum</strong></span> 
     </span>
    </p>
   </div>
   <div class='ocr_carea' id='block_1_41' title="bbox 223 2585 1822 2659">
    <p class='ocr_par' dir='ltr' id='par_1_41' title="bbox 223 2585 1822 2659">
     <span class='ocr_line' id='line_1_41' title="bbox 223 2585 1822 2659; baseline -0.004 -13"><span class='ocrx_word' id='word_1_310' title='bbox 223 2593 407 2646; x_wconf 88' lang='lat' dir='ltr'><strong>etiam</strong></span> <span class='ocrx_word' id='word_1_311' title='bbox 440 2591 507 2646; x_wconf 92' lang='lat' dir='ltr'><strong>de</strong></span> <span class='ocrx_word' id='word_1_312' title='bbox 535 2590 825 2644; x_wconf 91' lang='lat' dir='ltr'><strong>multorum</strong></span> <span class='ocrx_word' id='word_1_313' title='bbox 855 2587 1098 2659; x_wconf 82' lang='lat' dir='ltr'><strong>profectu</strong></span> <span class='ocrx_word' id='word_1_314' title='bbox 1131 2595 1187 2642; x_wconf 91' lang='lat' dir='ltr'><strong>et</strong></span> <span class='ocrx_word' id='word_1_315' title='bbox 1212 2585 1602 2657; x_wconf 89' lang='lat' dir='ltr'><strong>prosperitate,</strong></span> <span class='ocrx_word' id='word_1_316' title='bbox 1627 2598 1822 2654; x_wconf 88' lang='lat' dir='ltr'><strong>meque</strong></span> 
     </span>
    </p>
   </div>
   <div class='ocr_carea' id='block_1_42' title="bbox 225 2680 1821 2755">
    <p class='ocr_par' dir='ltr' id='par_1_42' title="bbox 225 2680 1821 2755">
     <span class='ocr_line' id='line_1_42' title="bbox 225 2680 1821 2755; baseline -0.004 -16"><span class='ocrx_word' id='word_1_317' title='bbox 225 2686 415 2755; x_wconf 89' lang='lat' dir='ltr'><strong>ipsum</strong></span> <span class='ocrx_word' id='word_1_318' title='bbox 448 2691 543 2738; x_wconf 94' lang='lat' dir='ltr'><strong>tuo</strong></span> <span class='ocrx_word' id='word_1_319' title='bbox 567 2691 784 2752; x_wconf 91' lang='lat' dir='ltr'><strong>pectore</strong></span> <span class='ocrx_word' id='word_1_320' title='bbox 813 2682 1051 2751; x_wconf 87' lang='lat' dir='ltr'><strong>quotidie</strong></span> <span class='ocrx_word' id='word_1_321' title='bbox 1085 2680 1582 2744; x_wconf 88' lang='lat' dir='ltr'><strong>commendantem,</strong></span> <span class='ocrx_word' id='word_1_322' title='bbox 1610 2686 1669 2734; x_wconf 92' lang='lat' dir='ltr'><strong>ut</strong></span> <span class='ocrx_word' id='word_1_323' title='bbox 1695 2693 1821 2732; x_wconf 89' lang='lat' dir='ltr'><strong>vera</strong></span> 
     </span>
    </p>
   </div>
   <div class='ocr_carea' id='block_1_43' title="bbox 229 2768 1817 2840">
    <p class='ocr_par' dir='ltr' id='par_1_43' title="bbox 229 2768 1817 2840">
     <span class='ocr_line' id='line_1_43' title="bbox 229 2768 1817 2840; baseline -0.004 -10"><span class='ocrx_word' id='word_1_324' title='bbox 229 2790 328 2830; x_wconf 89' lang='lat' dir='ltr'><strong>nos</strong></span> <span class='ocrx_word' id='word_1_325' title='bbox 354 2772 605 2828; x_wconf 89' lang='lat' dir='ltr'><strong>charitas</strong></span> <span class='ocrx_word' id='word_1_326' title='bbox 645 2771 835 2826; x_wconf 85' lang='lat' dir='ltr'><strong>ﬂorere</strong></span> <span class='ocrx_word' id='word_1_327' title='bbox 867 2771 1028 2825; x_wconf 77' lang='lat' dir='ltr'><strong>faciat</strong></span> <span class='ocrx_word' id='word_1_328' title='bbox 1072 2771 1125 2824; x_wconf 91' lang='lat' dir='ltr'><strong>in</strong></span> <span class='ocrx_word' id='word_1_329' title='bbox 1157 2769 1440 2840; x_wconf 69' lang='lat' dir='ltr'><strong>praeceptis</strong></span> <span class='ocrx_word' id='word_1_330' title='bbox 1465 2769 1668 2824; x_wconf 87' lang='lat' dir='ltr'><strong>Christi</strong></span> <span class='ocrx_word' id='word_1_331' title='bbox 1701 2768 1817 2836; x_wconf 87' lang='lat' dir='ltr'><strong>Dei,</strong></span> 
     </span>
    </p>
   </div>
   <div class='ocr_carea' id='block_1_44' title="bbox 233 2863 1425 2936">
    <p class='ocr_par' dir='ltr' id='par_1_44' title="bbox 233 2863 1425 2936">
     <span class='ocr_line' id='line_1_44' title="bbox 233 2863 1425 2936; baseline -0.005 -14"><span class='ocrx_word' id='word_1_332' title='bbox 233 2868 316 2922; x_wconf 92' lang='lat' dir='ltr'><strong>cui</strong></span> <span class='ocrx_word' id='word_1_333' title='bbox 342 2867 468 2922; x_wconf 90' lang='lat' dir='ltr'><strong>laus</strong></span> <span class='ocrx_word' id='word_1_334' title='bbox 493 2873 549 2922; x_wconf 92' lang='lat' dir='ltr'><strong>et</strong></span> <span class='ocrx_word' id='word_1_335' title='bbox 573 2865 739 2936; x_wconf 89' lang='lat' dir='ltr'><strong>gloria</strong></span> <span class='ocrx_word' id='word_1_336' title='bbox 769 2865 823 2918; x_wconf 92' lang='lat' dir='ltr'><strong>in</strong></span> <span class='ocrx_word' id='word_1_337' title='bbox 853 2863 1048 2920; x_wconf 66' lang='lat' dir='ltr'><strong>saacula</strong></span> <span class='ocrx_word' id='word_1_338' title='bbox 1078 2863 1425 2932; x_wconf 87' lang='lat' dir='ltr'><strong>sempiterna.</strong></span> 
     </span>
    </p>
   </div>
   <div class='ocr_carea' id='block_1_45' title="bbox 630 2973 1423 3049">
    <p class='ocr_par' dir='ltr' id='par_1_45' title="bbox 630 2973 1423 3049">
     <span class='ocr_line' id='line_1_45' title="bbox 630 2973 1423 3049; baseline -0.004 -17"><span class='ocrx_word' id='word_1_339' title='bbox 630 2979 740 3049; x_wconf 77' lang='lat'><strong>73</strong></span> <span class='ocrx_word' id='word_1_340' title='bbox 775 2978 804 3018; x_wconf 71' lang='grc' dir='ltr'><strong>ι)</strong></span> <span class='ocrx_word' id='word_1_341' title='bbox 841 2975 1175 3033; x_wconf 86' lang='lat' dir='ltr'><strong>EPISTOLA</strong></span> <span class='ocrx_word' id='word_1_342' title='bbox 1211 2973 1423 3029; x_wconf 79' lang='lat' dir='ltr'><strong>Lxxw</strong></span> 
     </span>
    </p>
   </div>
   <div class='ocr_carea' id='block_1_46' title="bbox 448 3080 1602 3126">
    <p class='ocr_par' dir='ltr' id='par_1_46' title="bbox 448 3080 1602 3126">
     <span class='ocr_line' id='line_1_46' title="bbox 448 3080 1602 3126; baseline -0.006 0"><span class='ocrx_word' id='word_1_343' title='bbox 448 3086 518 3125; x_wconf 79' lang='lat' dir='ltr'><strong>AD</strong></span> <span class='ocrx_word' id='word_1_344' title='bbox 544 3085 756 3126; x_wconf 66' lang='lat' dir='ltr'><strong>GENTEM</strong></span> <span class='ocrx_word' id='word_1_345' title='bbox 790 3083 860 3124; x_wconf 77' lang='grc' dir='ltr'><strong>ΕΤ</strong></span> <span class='ocrx_word' id='word_1_346' title='bbox 889 3084 1128 3124; x_wconf 66' lang='grc' dir='ltr'><strong>ΡΟΡυιυὶί</strong></span> <span class='ocrx_word' id='word_1_347' title='bbox 1164 3080 1602 3122; x_wconf 72' lang='lat' dir='ltr'><strong>CANTUARIORUI.</strong></span> 
     </span>
    </p>
   </div>
   <div class='ocr_carea' id='block_1_47' title="bbox 832 3160 1208 3234">
    <p class='ocr_par' dir='ltr' id='par_1_47' title="bbox 832 3160 1208 3234">
     <span class='ocr_line' id='line_1_47' title="bbox 832 3160 1208 3234; baseline -0.003 -19"><span class='ocrx_word' id='word_1_348' title='bbox 832 3161 1008 3234; x_wconf 87' lang='lat' dir='ltr'><strong>(Anno</strong></span> <span class='ocrx_word' id='word_1_349' title='bbox 1057 3160 1208 3233; x_wconf 91' lang='lat'><strong>797.)</strong></span> 
     </span>
    </p>
   </div>
   <div class='ocr_carea' id='block_1_48' title="bbox 243 3251 1818 3325">
    <p class='ocr_par' dir='ltr' id='par_1_48' title="bbox 243 3251 1818 3325">
     <span class='ocr_line' id='line_1_48' title="bbox 243 3251 1818 3325; baseline -0.004 -15"><span class='ocrx_word' id='word_1_350' title='bbox 243 3257 459 3311; x_wconf 88' lang='lat' dir='ltr'><strong>Illorum</strong></span> <span class='ocrx_word' id='word_1_351' title='bbox 490 3256 648 3325; x_wconf 79' lang='lat' dir='ltr'><strong>fidem</strong></span> <span class='ocrx_word' id='word_1_352' title='bbox 682 3272 744 3309; x_wconf 85' lang='lat' dir='ltr'><strong>ac</strong></span> <span class='ocrx_word' id='word_1_353' title='bbox 763 3253 1082 3308; x_wconf 83' lang='lat' dir='ltr'><strong>nobilitatem</strong></span> <span class='ocrx_word' id='word_1_354' title='bbox 1115 3252 1358 3325; x_wconf 73' lang='lat' dir='ltr'><strong>laudibus</strong></span> <span class='ocrx_word' id='word_1_355' title='bbox 1384 3251 1616 3325; x_wconf 74' lang='lat' dir='ltr'><strong>extollit:</strong></span> <span class='ocrx_word' id='word_1_356' title='bbox 1644 3268 1818 3325; x_wconf 83' lang='lat' dir='ltr'><strong>sacer-</strong></span> 
     </span>
    </p>
   </div>
   <div class='ocr_carea' id='block_1_49' title="bbox 304 3322 1816 3392">
    <p class='ocr_par' dir='ltr' id='par_1_49' title="bbox 304 3322 1816 3392">
     <span class='ocr_line' id='line_1_49' title="bbox 304 3322 1816 3392; baseline -0.005 -10"><span class='ocrx_word' id='word_1_357' title='bbox 304 3328 452 3382; x_wconf 81' lang='lat' dir='ltr'><strong>dotes</strong></span> <span class='ocrx_word' id='word_1_358' title='bbox 480 3322 541 3379; x_wconf 81' lang='lat' dir='ltr'><strong>ac</strong></span> <span class='ocrx_word' id='word_1_359' title='bbox 571 3325 763 3380; x_wconf 87' lang='lat' dir='ltr'><strong>nobiles</strong></span> <span class='ocrx_word' id='word_1_360' title='bbox 790 3325 1102 3378; x_wconf 82' lang='lat' dir='ltr'><strong>adhortatur</strong></span> <span class='ocrx_word' id='word_1_361' title='bbox 1139 3340 1157 3377; x_wconf 93' lang='lat'><strong><em>:</em></strong></span> <span class='ocrx_word' id='word_1_362' title='bbox 1190 3324 1511 3377; x_wconf 81' lang='lat' dir='ltr'><strong>calamitates</strong></span> <span class='ocrx_word' id='word_1_363' title='bbox 1546 3322 1816 3392; x_wconf 86' lang='lat' dir='ltr'><strong>deplorat;</strong></span> 
     </span>
    </p>
   </div>
   <div class='ocr_carea' id='block_1_50' title="bbox 307 3393 1819 3467">
    <p class='ocr_par' dir='ltr' id='par_1_50' title="bbox 307 3393 1819 3467">
     <span class='ocr_line' id='line_1_50' title="bbox 307 3393 1819 3467; baseline -0.002 -16"><span class='ocrx_word' id='word_1_364' title='bbox 307 3410 352 3452; x_wconf 89' lang='lat' dir='ltr'><strong>et</strong></span> <span class='ocrx_word' id='word_1_365' title='bbox 376 3408 430 3452; x_wconf 87' lang='lat' dir='ltr'><strong>ut</strong></span> <span class='ocrx_word' id='word_1_366' title='bbox 464 3397 914 3467; x_wconf 76' lang='lat' dir='ltr'><strong>archiepiscopum</strong></span> <span class='ocrx_word' id='word_1_367' title='bbox 955 3394 1330 3449; x_wconf 83' lang='lat' dir='ltr'><strong>Aedilhardum</strong></span> <span class='ocrx_word' id='word_1_368' title='bbox 1362 3412 1394 3448; x_wconf 90' lang='lat' dir='ltr'><strong>a</strong></span> <span class='ocrx_word' id='word_1_369' title='bbox 1419 3394 1542 3464; x_wconf 80' lang='lat' dir='ltr'><strong>fuga</strong></span> <span class='ocrx_word' id='word_1_370' title='bbox 1575 3393 1819 3448; x_wconf 86' lang='lat' dir='ltr'><strong>reducere</strong></span> 
     </span>
    </p>
   </div>
   <div class='ocr_carea' id='block_1_51' title="bbox 308 3466 814 3531">
    <p class='ocr_par' dir='ltr' id='par_1_51' title="bbox 308 3466 814 3531">
     <span class='ocr_line' id='line_1_51' title="bbox 308 3466 814 3531; baseline -0.01 -8"><span class='ocrx_word' id='word_1_371' title='bbox 308 3478 580 3531; x_wconf 87' lang='lat' dir='ltr'><strong>conentur,</strong></span> <span class='ocrx_word' id='word_1_372' title='bbox 610 3466 814 3520; x_wconf 81' lang='lat' dir='ltr'><strong>suadet.</strong></span> 
     </span>
    </p>
   </div>
   <div class='ocr_carea' id='block_1_52' title="bbox 314 3577 1819 3650">
    <p class='ocr_par' dir='ltr' id='par_1_52' title="bbox 314 3577 1819 3650">
     <span class='ocr_line' id='line_1_52' title="bbox 314 3577 1819 3650; baseline 0.001 -18"><span class='ocrx_word' id='word_1_373' title='bbox 314 3579 670 3636; x_wconf 68' lang='lat' dir='ltr'><strong>Nobilissimte</strong></span> <span class='ocrx_word' id='word_1_374' title='bbox 705 3579 851 3650; x_wconf 81' lang='lat' dir='ltr'><strong>genti</strong></span> <span class='ocrx_word' id='word_1_375' title='bbox 881 3588 935 3633; x_wconf 91' lang='lat' dir='ltr'><strong>et</strong></span> <span class='ocrx_word' id='word_1_376' title='bbox 986 3577 1181 3650; x_wconf 89' lang='lat' dir='ltr'><strong>populo</strong></span> <span class='ocrx_word' id='word_1_377' title='bbox 1223 3577 1506 3641; x_wconf 89' lang='lat' dir='ltr'><strong>laudabili,</strong></span> <span class='ocrx_word' id='word_1_378' title='bbox 1550 3585 1603 3632; x_wconf 92' lang='lat' dir='ltr'><strong>et</strong></span> <span class='ocrx_word' id='word_1_379' title='bbox 1655 3592 1819 3648; x_wconf 85' lang='lat' dir='ltr'><strong>regno</strong></span> 
     </span>
    </p>
   </div>
   <div class='ocr_carea' id='block_1_53' title="bbox 245 3669 1820 3742">
    <p class='ocr_par' dir='ltr' id='par_1_53' title="bbox 245 3669 1820 3742">
     <span class='ocr_line' id='line_1_53' title="bbox 245 3669 1820 3742; baseline -0.001 -16"><span class='ocrx_word' id='word_1_380' title='bbox 245 3671 506 3742; x_wconf 88' lang='lat' dir='ltr'><strong>imperiali</strong></span> <span class='ocrx_word' id='word_1_381' title='bbox 549 3671 966 3727; x_wconf 88' lang='lat' dir='ltr'><strong>Cantuariorum</strong></span> <span class='ocrx_word' id='word_1_382' title='bbox 993 3669 1210 3725; x_wconf 89' lang='lat' dir='ltr'><strong>humilis</strong></span> <span class='ocrx_word' id='word_1_383' title='bbox 1245 3669 1406 3724; x_wconf 90' lang='lat' dir='ltr'><strong>levita</strong></span> <span class='ocrx_word' id='word_1_384' title='bbox 1451 3669 1708 3725; x_wconf 89' lang='lat' dir='ltr'><strong>Alcuinus</strong></span> <span class='ocrx_word' id='word_1_385' title='bbox 1733 3684 1820 3724; x_wconf 88' lang='lat' dir='ltr'><strong>sa-</strong></span> 
     </span>
    </p>
   </div>
   <div class='ocr_carea' id='block_1_54' title="bbox 243 3764 422 3819">
    <p class='ocr_par' dir='ltr' id='par_1_54' title="bbox 243 3764 422 3819">
     <span class='ocr_line' id='line_1_54' title="bbox 243 3764 422 3819; baseline 0.006 -1"><span class='ocrx_word' id='word_1_386' title='bbox 243 3764 422 3819; x_wconf 85' lang='lat' dir='ltr'><strong>intem.</strong></span> 
     </span>
    </p>
   </div>
   <div class='ocr_carea' id='block_1_55' title="bbox 306 3854 1820 3924">
    <p class='ocr_par' dir='ltr' id='par_1_55' title="bbox 306 3854 1820 3924">
     <span class='ocr_line' id='line_1_55' title="bbox 306 3854 1820 3924; baseline -0.005 -7"><span class='ocrx_word' id='word_1_387' title='bbox 306 3860 490 3917; x_wconf 74' lang='lat' dir='ltr'><strong>Vestri</strong></span> <span class='ocrx_word' id='word_1_388' title='bbox 522 3859 731 3915; x_wconf 90' lang='lat' dir='ltr'><strong>decoris</strong></span> <span class='ocrx_word' id='word_1_389' title='bbox 772 3867 827 3914; x_wconf 93' lang='lat' dir='ltr'><strong>et</strong></span> <span class='ocrx_word' id='word_1_390' title='bbox 853 3865 1048 3912; x_wconf 70' lang='lat' dir='ltr'><strong>vestrae</strong></span> <span class='ocrx_word' id='word_1_391' title='bbox 1086 3855 1274 3912; x_wconf 88' lang='lat' dir='ltr'><strong>salutis</strong></span> <span class='ocrx_word' id='word_1_392' title='bbox 1295 3854 1450 3911; x_wconf 90' lang='lat' dir='ltr'><strong>valde</strong></span> <span class='ocrx_word' id='word_1_393' title='bbox 1473 3855 1700 3924; x_wconf 88' lang='lat' dir='ltr'><strong>cupidus</strong></span> <span class='ocrx_word' id='word_1_394' title='bbox 1720 3854 1820 3910; x_wconf 90' lang='lat' dir='ltr'><strong>has</strong></span> 
     </span>
    </p>
   </div>
   <div class='ocr_carea' id='block_1_56' title="bbox 241 3945 1822 4022">
    <p class='ocr_par' dir='ltr' id='par_1_56' title="bbox 241 3945 1822 4022">
     <span class='ocr_line' id='line_1_56' title="bbox 241 3945 1822 4022; baseline -0.004 -16"><span class='ocrx_word' id='word_1_395' title='bbox 241 3967 432 4022; x_wconf 85' lang='lat' dir='ltr'><strong>paucas</strong></span> <span class='ocrx_word' id='word_1_396' title='bbox 461 3951 752 4016; x_wconf 91' lang='lat' dir='ltr'><strong>litterulas,</strong></span> <span class='ocrx_word' id='word_1_397' title='bbox 777 3951 846 4004; x_wconf 93' lang='lat' dir='ltr'><strong>ob</strong></span> <span class='ocrx_word' id='word_1_398' title='bbox 872 3949 1090 4002; x_wconf 89' lang='lat' dir='ltr'><strong>nimiam</strong></span> <span class='ocrx_word' id='word_1_399' title='bbox 1120 3956 1313 4002; x_wconf 79' lang='lat' dir='ltr'><strong>vestrae</strong></span> <span class='ocrx_word' id='word_1_400' title='bbox 1343 3945 1714 4016; x_wconf 87' lang='lat' dir='ltr'><strong>prosperitatis</strong></span> <span class='ocrx_word' id='word_1_401' title='bbox 1741 3945 1822 4000; x_wconf 89' lang='lat' dir='ltr'><strong>di-</strong></span> 
     </span>
    </p>
   </div>
   <div class='ocr_carea' id='block_1_57' title="bbox 242 4037 1822 4108">
    <p class='ocr_par' dir='ltr' id='par_1_57' title="bbox 242 4037 1822 4108">
     <span class='ocr_line' id='line_1_57' title="bbox 242 4037 1822 4108; baseline -0.004 -12"><span class='ocrx_word' id='word_1_402' title='bbox 242 4042 557 4108; x_wconf 88' lang='lat' dir='ltr'><strong>lectionem,</strong></span> <span class='ocrx_word' id='word_1_403' title='bbox 613 4043 666 4096; x_wconf 93' lang='lat' dir='ltr'><strong>in</strong></span> <span class='ocrx_word' id='word_1_404' title='bbox 696 4054 978 4096; x_wconf 90' lang='lat' dir='ltr'><strong>commune</strong></span> <span class='ocrx_word' id='word_1_405' title='bbox 1004 4040 1154 4093; x_wconf 88' lang='lat' dir='ltr'><strong>vobis</strong></span> <span class='ocrx_word' id='word_1_406' title='bbox 1191 4037 1425 4108; x_wconf 81' lang='lat' dir='ltr'><strong>dirigere</strong></span> <span class='ocrx_word' id='word_1_407' title='bbox 1461 4037 1665 4092; x_wconf 81' lang='lat' dir='ltr'><strong>curavi.</strong></span> <span class='ocrx_word' id='word_1_408' title='bbox 1713 4037 1822 4091; x_wconf 74' lang='lat' dir='ltr'><strong>Vos</strong></span> 
     </span>
    </p>
   </div>
   <div class='ocr_carea' id='block_1_58' title="bbox 245 4128 1820 4207">
    <p class='ocr_par' dir='ltr' id='par_1_58' title="bbox 245 4128 1820 4207">
     <span class='ocr_line' id='line_1_58' title="bbox 245 4128 1820 4207; baseline -0.006 -18"><span class='ocrx_word' id='word_1_409' title='bbox 245 4152 361 4192; x_wconf 81' lang='lat' dir='ltr'><strong>vero</strong></span> <span class='ocrx_word' id='word_1_410' title='bbox 383 4135 714 4207; x_wconf 89' lang='lat' dir='ltr'><strong>principium</strong></span> <span class='ocrx_word' id='word_1_411' title='bbox 743 4132 930 4188; x_wconf 86' lang='lat' dir='ltr'><strong>salutis</strong></span> <span class='ocrx_word' id='word_1_412' title='bbox 955 4130 1277 4200; x_wconf 83' lang='lat' dir='ltr'><strong>Anglorum,</strong></span> <span class='ocrx_word' id='word_1_413' title='bbox 1306 4130 1516 4184; x_wconf 91' lang='lat' dir='ltr'><strong>initium</strong></span> <span class='ocrx_word' id='word_1_414' title='bbox 1546 4128 1820 4198; x_wconf 88' lang='lat' dir='ltr'><strong>prosperi-</strong></span> 
     </span>
    </p>
   </div>
   <div class='ocr_carea' id='block_1_59' title="bbox 249 4219 1823 4301">
    <p class='ocr_par' dir='ltr' id='par_1_59' title="bbox 249 4219 1823 4301">
     <span class='ocr_line' id='line_1_59' title="bbox 249 4219 1823 4301; baseline -0.008 -17"><span class='ocrx_word' id='word_1_415' title='bbox 249 4231 382 4296; x_wconf 86' lang='lat' dir='ltr'><strong>tatis,</strong></span> <span class='ocrx_word' id='word_1_416' title='bbox 427 4237 624 4301; x_wconf 87' lang='lat' dir='ltr'><strong>portus</strong></span> <span class='ocrx_word' id='word_1_417' title='bbox 667 4227 1004 4289; x_wconf 87' lang='lat' dir='ltr'><strong>intrantium,</strong></span> <span class='ocrx_word' id='word_1_418' title='bbox 1059 4223 1315 4291; x_wconf 89' lang='lat' dir='ltr'><strong>triumphi</strong></span> <span class='ocrx_word' id='word_1_419' title='bbox 1365 4222 1511 4285; x_wconf 87' lang='lat' dir='ltr'><strong>laus,</strong></span> <span class='ocrx_word' id='word_1_420' title='bbox 1547 4219 1823 4289; x_wconf 68' lang='lat' dir='ltr'><strong>sapientia:</strong></span> 
     </span>
    </p>
   </div>
   <div class='ocr_carea' id='block_1_60' title="bbox 247 4313 1824 4394">
    <p class='ocr_par' dir='ltr' id='par_1_60' title="bbox 247 4313 1824 4394">
     <span class='ocr_line' id='line_1_60' title="bbox 247 4313 1824 4394; baseline -0.008 -16"><span class='ocrx_word' id='word_1_421' title='bbox 247 4324 408 4394; x_wconf 84' lang='lat' dir='ltr'><strong>origo,</strong></span> <span class='ocrx_word' id='word_1_422' title='bbox 435 4332 499 4377; x_wconf 89' lang='lat' dir='ltr'><strong>et</strong></span> <span class='ocrx_word' id='word_1_423' title='bbox 520 4337 549 4374; x_wconf 92' lang='lat' dir='ltr'><strong>a</strong></span> <span class='ocrx_word' id='word_1_424' title='bbox 574 4321 725 4375; x_wconf 83' lang='lat' dir='ltr'><strong>vobis</strong></span> <span class='ocrx_word' id='word_1_425' title='bbox 752 4318 961 4390; x_wconf 88' lang='lat' dir='ltr'><strong>imperii</strong></span> <span class='ocrx_word' id='word_1_426' title='bbox 984 4325 1222 4387; x_wconf 88' lang='lat' dir='ltr'><strong>potestas</strong></span> <span class='ocrx_word' id='word_1_427' title='bbox 1246 4315 1418 4386; x_wconf 91' lang='lat' dir='ltr'><strong>prima</strong></span> <span class='ocrx_word' id='word_1_428' title='bbox 1438 4313 1737 4384; x_wconf 88' lang='lat' dir='ltr'><strong>processit,</strong></span> <span class='ocrx_word' id='word_1_429' title='bbox 1770 4320 1824 4367; x_wconf 87' lang='lat' dir='ltr'><strong>et</strong></span> 
     </span>
    </p>
   </div>
   <div class='ocr_carea' id='block_1_61' title="bbox 249 4404 1822 4480">
    <p class='ocr_par' dir='ltr' id='par_1_61' title="bbox 249 4404 1822 4480">
     <span class='ocr_line' id='line_1_61' title="bbox 249 4404 1822 4480; baseline -0.006 -13"><span class='ocrx_word' id='word_1_430' title='bbox 249 4413 357 4468; x_wconf 85' lang='lat' dir='ltr'><strong>ﬁdei</strong></span> <span class='ocrx_word' id='word_1_431' title='bbox 387 4413 677 4470; x_wconf 59' lang='lat' dir='ltr'><strong>catholicae</strong></span> <span class='ocrx_word' id='word_1_432' title='bbox 698 4411 848 4480; x_wconf 80' lang='lat' dir='ltr'><strong>origo</strong></span> <span class='ocrx_word' id='word_1_433' title='bbox 873 4418 1061 4464; x_wconf 81' lang='lat' dir='ltr'><strong>exorta</strong></span> <span class='ocrx_word' id='word_1_434' title='bbox 1081 4415 1184 4462; x_wconf 91' lang='lat' dir='ltr'><strong>est.</strong></span> <span class='ocrx_word' id='word_1_435' title='bbox 1215 4405 1370 4476; x_wconf 87' lang='lat' dir='ltr'><strong>Apud</strong></span> <span class='ocrx_word' id='word_1_436' title='bbox 1396 4420 1492 4461; x_wconf 90' lang='lat' dir='ltr'><strong>vos</strong></span> <span class='ocrx_word' id='word_1_437' title='bbox 1522 4404 1822 4459; x_wconf 90' lang='lat' dir='ltr'><strong>clarissima</strong></span> 
     </span>
    </p>
   </div>
   <div class='ocr_carea' id='block_1_62' title="bbox 249 4497 1820 4572">
    <p class='ocr_par' dir='ltr' id='par_1_62' title="bbox 249 4497 1820 4572">
     <span class='ocr_line' id='line_1_62' title="bbox 249 4497 1820 4572; baseline -0.006 -12"><span class='ocrx_word' id='word_1_438' title='bbox 249 4505 437 4562; x_wconf 89' lang='lat' dir='ltr'><strong>lumina</strong></span> <span class='ocrx_word' id='word_1_439' title='bbox 463 4504 758 4561; x_wconf 61' lang='lat' dir='ltr'><strong>Britanniae</strong></span> <span class='ocrx_word' id='word_1_440' title='bbox 789 4503 1160 4572; x_wconf 89' lang='lat' dir='ltr'><strong>requiescunt,</strong></span> <span class='ocrx_word' id='word_1_441' title='bbox 1187 4516 1286 4570; x_wconf 90' lang='lat' dir='ltr'><strong>per</strong></span> <span class='ocrx_word' id='word_1_442' title='bbox 1306 4514 1442 4569; x_wconf 90' lang='lat' dir='ltr'><strong>quos</strong></span> <span class='ocrx_word' id='word_1_443' title='bbox 1463 4499 1556 4552; x_wconf 74' lang='lat' dir='ltr'><strong>lux</strong></span> <span class='ocrx_word' id='word_1_444' title='bbox 1579 4497 1820 4552; x_wconf 87' lang='lat' dir='ltr'><strong>veritatis</strong></span> 
     </span>
    </p>
   </div>
   <div class='ocr_carea' id='block_1_63' title="bbox 252 4589 1818 4666">
    <p class='ocr_par' dir='ltr' id='par_1_63' title="bbox 252 4589 1818 4666">
     <span class='ocr_line' id='line_1_63' title="bbox 252 4589 1818 4666; baseline -0.006 -15"><span class='ocrx_word' id='word_1_445' title='bbox 252 4613 337 4666; x_wconf 90' lang='lat' dir='ltr'><strong>per</strong></span> <span class='ocrx_word' id='word_1_446' title='bbox 364 4607 540 4653; x_wconf 90' lang='lat' dir='ltr'><strong>totam</strong></span> <span class='ocrx_word' id='word_1_447' title='bbox 575 4594 904 4650; x_wconf 87' lang='lat' dir='ltr'><strong>Britanniam</strong></span> <span class='ocrx_word' id='word_1_448' title='bbox 936 4592 1175 4646; x_wconf 89' lang='lat' dir='ltr'><strong>emicuit.</strong></span> <span class='ocrx_word' id='word_1_449' title='bbox 1217 4592 1275 4646; x_wconf 92' lang='lat' dir='ltr'><strong>ln</strong></span> <span class='ocrx_word' id='word_1_450' title='bbox 1314 4589 1464 4644; x_wconf 88' lang='lat' dir='ltr'><strong>vobis</strong></span> <span class='ocrx_word' id='word_1_451' title='bbox 1509 4595 1818 4656; x_wconf 89' lang='lat' dir='ltr'><strong>utrumque,</strong></span> 
     </span>
    </p>
   </div>
   <div class='ocr_carea' id='block_1_64' title="bbox 253 4680 1824 4758">
    <p class='ocr_par' dir='ltr' id='par_1_64' title="bbox 253 4680 1824 4758">
     <span class='ocr_line' id='line_1_64' title="bbox 253 4680 1824 4758; baseline -0.006 -17"><span class='ocrx_word' id='word_1_452' title='bbox 253 4697 299 4741; x_wconf 89' lang='lat' dir='ltr'><strong>et</strong></span> <span class='ocrx_word' id='word_1_453' title='bbox 319 4687 706 4758; x_wconf 76' lang='lat' dir='ltr'><strong>philosophica:</strong></span> <span class='ocrx_word' id='word_1_454' title='bbox 744 4683 1038 4753; x_wconf 72' lang='lat' dir='ltr'><strong>disciplina:</strong></span> <span class='ocrx_word' id='word_1_455' title='bbox 1085 4684 1249 4738; x_wconf 90' lang='lat' dir='ltr'><strong>decus</strong></span> <span class='ocrx_word' id='word_1_456' title='bbox 1277 4680 1528 4744; x_wconf 87' lang='lat' dir='ltr'><strong>emicuit,</strong></span> <span class='ocrx_word' id='word_1_457' title='bbox 1561 4687 1614 4734; x_wconf 88' lang='lat' dir='ltr'><strong>et</strong></span> <span class='ocrx_word' id='word_1_458' title='bbox 1657 4693 1824 4734; x_wconf 75' lang='lat' dir='ltr'><strong>sacra:</strong></span> 
     </span>
    </p>
   </div>
   <div class='ocr_carea' id='block_1_65' title="bbox 254 4770 1822 4852">
    <p class='ocr_par' dir='ltr' id='par_1_65' title="bbox 254 4770 1822 4852">
     <span class='ocr_line' id='line_1_65' title="bbox 254 4770 1822 4852; baseline -0.007 -18"><span class='ocrx_word' id='word_1_459' title='bbox 254 4781 522 4852; x_wconf 86' lang='lat' dir='ltr'><strong>religionis</strong></span> <span class='ocrx_word' id='word_1_460' title='bbox 558 4779 776 4833; x_wconf 87' lang='lat' dir='ltr'><strong>claritas</strong></span> <span class='ocrx_word' id='word_1_461' title='bbox 801 4775 1020 4830; x_wconf 72' lang='lat' dir='ltr'><strong>etiulsit.</strong></span> <span class='ocrx_word' id='word_1_462' title='bbox 1056 4775 1113 4830; x_wconf 86' lang='lat' dir='ltr'><strong>In</strong></span> <span class='ocrx_word' id='word_1_463' title='bbox 1155 4774 1306 4829; x_wconf 88' lang='lat' dir='ltr'><strong>vobis</strong></span> <span class='ocrx_word' id='word_1_464' title='bbox 1328 4787 1459 4827; x_wconf 89' lang='lat' dir='ltr'><strong>vero</strong></span> <span class='ocrx_word' id='word_1_465' title='bbox 1506 4771 1722 4826; x_wconf 85' lang='lat' dir='ltr'><strong>fuerunt</strong></span> <span class='ocrx_word' id='word_1_466' title='bbox 1747 4770 1822 4824; x_wconf 93' lang='lat' dir='ltr'><strong>si-</strong></span> 
     </span>
    </p>
   </div>
   <div class='ocr_carea' id='block_1_66' title="bbox 253 4864 1822 4940">
    <p class='ocr_par' dir='ltr' id='par_1_66' title="bbox 253 4864 1822 4940">
     <span class='ocr_line' id='line_1_66' title="bbox 253 4864 1822 4940; baseline -0.005 -16"><span class='ocrx_word' id='word_1_467' title='bbox 253 4872 350 4924; x_wconf 89' lang='lat' dir='ltr'><strong>mul</strong></span> <span class='ocrx_word' id='word_1_468' title='bbox 376 4881 431 4926; x_wconf 89' lang='lat' dir='ltr'><strong>et</strong></span> <span class='ocrx_word' id='word_1_469' title='bbox 480 4870 716 4940; x_wconf 80' lang='lat' dir='ltr'><strong>religiosi</strong></span> <span class='ocrx_word' id='word_1_470' title='bbox 747 4869 993 4923; x_wconf 89' lang='lat' dir='ltr'><strong>doctores</strong></span> <span class='ocrx_word' id='word_1_471' title='bbox 1034 4865 1414 4922; x_wconf 81' lang='lat' dir='ltr'><strong>ecclesiasticae</strong></span> <span class='ocrx_word' id='word_1_472' title='bbox 1443 4864 1602 4927; x_wconf 87' lang='lat' dir='ltr'><strong>ﬁdei,</strong></span> <span class='ocrx_word' id='word_1_473' title='bbox 1653 4871 1706 4917; x_wconf 90' lang='lat' dir='ltr'><strong>et</strong></span> <span class='ocrx_word' id='word_1_474' title='bbox 1735 4878 1822 4917; x_wconf 89' lang='lat' dir='ltr'><strong>sa-</strong></span> 
     </span>
    </p>
   </div>
   <div class='ocr_carea' id='block_1_67' title="bbox 253 4955 1826 5031">
    <p class='ocr_par' dir='ltr' id='par_1_67' title="bbox 253 4955 1826 5031">
     <span class='ocr_line' id='line_1_67' title="bbox 253 4955 1826 5031; baseline -0.004 -15"><span class='ocrx_word' id='word_1_475' title='bbox 253 4965 563 5031; x_wconf 85' lang='lat' dir='ltr'><strong>pientissimi</strong></span> <span class='ocrx_word' id='word_1_476' title='bbox 585 4962 856 5031; x_wconf 85' lang='lat' dir='ltr'><strong>principes</strong></span> <span class='ocrx_word' id='word_1_477' title='bbox 883 4960 1079 5030; x_wconf 79' lang='lat' dir='ltr'><strong>regalis</strong></span> <span class='ocrx_word' id='word_1_478' title='bbox 1103 4959 1404 5029; x_wconf 81' lang='lat' dir='ltr'><strong>dignitatis,</strong></span> <span class='ocrx_word' id='word_1_479' title='bbox 1434 4966 1488 5011; x_wconf 92' lang='lat' dir='ltr'><strong>et</strong></span> <span class='ocrx_word' id='word_1_480' title='bbox 1516 4956 1618 5010; x_wconf 89' lang='lat' dir='ltr'><strong>viri</strong></span> <span class='ocrx_word' id='word_1_481' title='bbox 1649 4955 1826 5010; x_wconf 88' lang='lat' dir='ltr'><strong>fortis-</strong></span> 
     </span>
    </p>
   </div>
   <div class='ocr_carea' id='block_1_68' title="bbox 317 5074 1824 5146">
    <p class='ocr_par' dir='ltr' id='par_1_68' title="bbox 317 5074 1824 5146">
     <span class='ocr_line' id='line_1_68' title="bbox 317 5074 1824 5146; baseline -0.005 -12"><span class='ocrx_word' id='word_1_482' title='bbox 317 5090 341 5118; x_wconf 70' lang='grc'>⁸</span> <span class='ocrx_word' id='word_1_483' title='bbox 379 5079 532 5134; x_wconf 85' lang='lat' dir='ltr'><strong>Inter</strong></span> <span class='ocrx_word' id='word_1_484' title='bbox 565 5079 866 5132; x_wconf 80' lang='lat' dir='ltr'><strong>monachos.</strong></span> <span class='ocrx_word' id='word_1_485' title='bbox 893 5077 1018 5131; x_wconf 91' lang='lat' dir='ltr'><strong>Inde</strong></span> <span class='ocrx_word' id='word_1_486' title='bbox 1039 5076 1259 5146; x_wconf 88' lang='lat' dir='ltr'><strong>colligas</strong></span> <span class='ocrx_word' id='word_1_487' title='bbox 1282 5116 1296 5139; x_wconf 97' lang='lat'><strong>,</strong></span> <span class='ocrx_word' id='word_1_488' title='bbox 1325 5074 1607 5128; x_wconf 81' lang='lat' dir='ltr'><strong>Calvinum</strong></span> <span class='ocrx_word' id='word_1_489' title='bbox 1633 5088 1824 5128; x_wconf 89' lang='lat' dir='ltr'><strong>mona-</strong></span> 
     </span>
    </p>
   </div>
   <div class='ocr_carea' id='block_1_69' title="bbox 257 5146 1433 5214">
    <p class='ocr_par' dir='ltr' id='par_1_69' title="bbox 257 5146 1433 5214">
     <span class='ocr_line' id='line_1_69' title="bbox 257 5146 1433 5214; baseline -0.003 -11"><span class='ocrx_word' id='word_1_490' title='bbox 257 5148 401 5203; x_wconf 89' lang='lat' dir='ltr'><strong>chum</strong></span> <span class='ocrx_word' id='word_1_491' title='bbox 425 5149 595 5205; x_wconf 75' lang='lat' dir='ltr'><strong>fuisse</strong></span> <span class='ocrx_word' id='word_1_492' title='bbox 624 5150 677 5203; x_wconf 94' lang='lat' dir='ltr'><strong>in</strong></span> <span class='ocrx_word' id='word_1_493' title='bbox 697 5149 883 5203; x_wconf 89' lang='lat' dir='ltr'><strong>eadem</strong></span> <span class='ocrx_word' id='word_1_494' title='bbox 907 5147 1042 5202; x_wconf 82' lang='lat' dir='ltr'><strong>cella</strong></span> <span class='ocrx_word' id='word_1_495' title='bbox 1071 5146 1126 5200; x_wconf 89' lang='lat' dir='ltr'><strong>S.</strong></span> <span class='ocrx_word' id='word_1_496' title='bbox 1155 5146 1433 5214; x_wconf 84' lang='lat' dir='ltr'><strong>Stephani.</strong></span> 
     </span>
    </p>
   </div>
   <div class='ocr_carea' id='block_1_70' title="bbox 321 5214 1827 5289">
    <p class='ocr_par' dir='ltr' id='par_1_70' title="bbox 321 5214 1827 5289">
     <span class='ocr_line' id='line_1_70' title="bbox 321 5214 1827 5289; baseline -0.006 -12"><span class='ocrx_word' id='word_1_497' title='bbox 321 5219 345 5258; x_wconf 71' lang='grc' dir='ltr'>δ</span> <span class='ocrx_word' id='word_1_498' title='bbox 382 5221 534 5276; x_wconf 87' lang='lat' dir='ltr'><strong>Hanc</strong></span> <span class='ocrx_word' id='word_1_499' title='bbox 558 5219 838 5289; x_wconf 87' lang='lat' dir='ltr'><strong>epistolam</strong></span> <span class='ocrx_word' id='word_1_500' title='bbox 883 5235 1156 5289; x_wconf 87' lang='lat' dir='ltr'><strong>nunquam</strong></span> <span class='ocrx_word' id='word_1_501' title='bbox 1202 5225 1358 5289; x_wconf 85' lang='lat' dir='ltr'><strong>antea</strong></span> <span class='ocrx_word' id='word_1_502' title='bbox 1393 5215 1592 5270; x_wconf 88' lang='lat' dir='ltr'><strong>editam</strong></span> <span class='ocrx_word' id='word_1_503' title='bbox 1624 5214 1827 5269; x_wconf 83' lang='lat' dir='ltr'><strong>descri-</strong></span> 
     </span>
    </p>
   </div>
   <div class='ocr_carea' id='block_1_71' title="bbox 257 5287 1826 5358">
    <p class='ocr_par' dir='ltr' id='par_1_71' title="bbox 257 5287 1826 5358">
     <span class='ocr_line' id='line_1_71' title="bbox 257 5287 1826 5358; baseline -0.004 -13"><span class='ocrx_word' id='word_1_504' title='bbox 257 5293 449 5358; x_wconf 88' lang='lat' dir='ltr'><strong>psimus</strong></span> <span class='ocrx_word' id='word_1_505' title='bbox 465 5309 534 5346; x_wconf 79' lang='lat' dir='ltr'><strong>ex</strong></span> <span class='ocrx_word' id='word_1_506' title='bbox 563 5287 682 5345; x_wconf 81' lang='lat' dir='ltr'><strong>cod.</strong></span> <span class='ocrx_word' id='word_1_507' title='bbox 711 5306 810 5344; x_wconf 88' lang='lat' dir='ltr'><strong>ms.</strong></span> <span class='ocrx_word' id='word_1_508' title='bbox 831 5287 1027 5344; x_wconf 69' lang='lat' dir='ltr'><strong>Salisb.</strong></span> <span class='ocrx_word' id='word_1_509' title='bbox 1050 5306 1064 5353; x_wconf 93' lang='lat'><strong>;</strong></span> <span class='ocrx_word' id='word_1_510' title='bbox 1093 5288 1215 5341; x_wconf 88' lang='lat' dir='ltr'><strong>data</strong></span> <span class='ocrx_word' id='word_1_511' title='bbox 1243 5287 1441 5358; x_wconf 2' lang='lat' dir='ltr'><strong>eodem;</strong></span> <span class='ocrx_word' id='word_1_512' title='bbox 1459 5296 1826 5358; x_wconf 25' lang='lat' dir='ltr'><strong>tempore‘quo</strong></span> 
     </span>
    </p>
   </div>
   <div class='ocr_carea' id='block_1_72' title="bbox 258 5353 1824 5431">
    <p class='ocr_par' dir='ltr' id='par_1_72' title="bbox 258 5353 1824 5431">
     <span class='ocr_line' id='line_1_72' title="bbox 258 5353 1824 5431; baseline -0.003 -18"><span class='ocrx_word' id='word_1_513' title='bbox 258 5353 338 5414; x_wconf 81' lang='lat' dir='ltr'><strong>illa</strong></span> <span class='ocrx_word' id='word_1_514' title='bbox 364 5365 428 5418; x_wconf 88' lang='lat' dir='ltr'><strong>ad</strong></span> <span class='ocrx_word' id='word_1_515' title='bbox 451 5361 823 5423; x_wconf 87' lang='lat' dir='ltr'><strong>Athelardum,</strong></span> <span class='ocrx_word' id='word_1_516' title='bbox 850 5376 968 5431; x_wconf 65' lang='lat' dir='ltr'><strong>quae</strong></span> <span class='ocrx_word' id='word_1_517' title='bbox 983 5359 1253 5431; x_wconf 86' lang='lat' dir='ltr'><strong>sequitur.</strong></span> <span class='ocrx_word' id='word_1_518' title='bbox 1273 5357 1445 5431; x_wconf 87' lang='lat' dir='ltr'><strong>(Apud</strong></span> <span class='ocrx_word' id='word_1_519' title='bbox 1463 5353 1690 5431; x_wconf 76' lang='lat' dir='ltr'><strong>Froben.</strong></span> <span class='ocrx_word' id='word_1_520' title='bbox 1709 5353 1824 5425; x_wconf 80' lang='lat'><strong>59.)</strong></span> 
     </span>
    </p>
   </div>
   <div class='ocr_carea' id='block_1_73' title="bbox 324 5427 1825 5504">
    <p class='ocr_par' dir='ltr' id='par_1_73' title="bbox 324 5427 1825 5504">
     <span class='ocr_line' id='line_1_73' title="bbox 324 5427 1825 5504; baseline -0.005 -18"><span class='ocrx_word' id='word_1_521' title='bbox 324 5444 344 5470; x_wconf 73' lang='grc' dir='ltr'>ε</span> <span class='ocrx_word' id='word_1_522' title='bbox 387 5433 621 5504; x_wconf 79' lang='lat' dir='ltr'><strong>Populus</strong></span> <span class='ocrx_word' id='word_1_523' title='bbox 677 5427 934 5503; x_wconf 83' lang='lat' dir='ltr'><strong>paganus.</strong></span> <span class='ocrx_word' id='word_1_524' title='bbox 973 5427 1106 5484; x_wconf 78' lang='lat' dir='ltr'><strong>Darii</strong></span> <span class='ocrx_word' id='word_1_525' title='bbox 1161 5428 1445 5504; x_wconf 84' lang='lat' dir='ltr'><strong>nimi_r_u_m,</strong></span> <span class='ocrx_word' id='word_1_526' title='bbox 1495 5430 1583 5504; x_wconf 82' lang='lat' dir='ltr'><strong>qui</strong></span> <span class='ocrx_word' id='word_1_527' title='bbox 1642 5427 1825 5482; x_wconf 87' lang='lat' dir='ltr'><strong>littora</strong></span> 
     </span>
    </p>
   </div>
   <div class='ocr_carea' id='block_1_74' title="bbox 258 5499 1826 5628">
    <p class='ocr_par' dir='ltr' id='par_1_74' title="bbox 258 5499 1826 5628">
     <span class='ocr_line' id='line_1_74' title="bbox 258 5499 1826 5628; baseline -0.002 -73"><span class='ocrx_word' id='word_1_528' title='bbox 258 5499 536 5628; x_wconf 47' lang='lat' dir='ltr'><strong>Br‘ijtannim</strong></span> <span class='ocrx_word' id='word_1_529' title='bbox 566 5499 780 5560; x_wconf 76' lang='lat' dir='ltr'><strong>vastare</strong></span> <span class='ocrx_word' id='word_1_530' title='bbox 803 5510 1082 5572; x_wconf 62' lang='lat' dir='ltr'><strong>ceperunt</strong></span> <span class='ocrx_word' id='word_1_531' title='bbox 1103 5514 1244 5554; x_wconf 90' lang='lat' dir='ltr'><strong>anno</strong></span> <span class='ocrx_word' id='word_1_532' title='bbox 1275 5499 1396 5558; x_wconf 80' lang='lat'><strong>795.</strong></span> <span class='ocrx_word' id='word_1_533' title='bbox 1423 5499 1618 5567; x_wconf 60' lang='lat' dir='ltr'><strong>saepius</strong></span> <span class='ocrx_word' id='word_1_534' title='bbox 1642 5507 1826 5566; x_wconf 83' lang='lat' dir='ltr'><strong>postea</strong></span> 
     </span>
     <span class='ocr_line' id='line_1_75' title="bbox 262 5585 556 5628; baseline 0.003 -1"><span class='ocrx_word' id='word_1_535' title='bbox 262 5587 316 5627; x_wconf 88' lang='lat' dir='ltr'><strong>re</strong></span> <span class='ocrx_word' id='word_1_536' title='bbox 350 5585 556 5628; x_wconf 82' lang='lat' dir='ltr'><strong>euntes.</strong></span> 
     </span>
    </p>
   </div>
   <div class='ocr_carea' id='block_1_75' title="bbox 262 5585 1824 5717">
    <p class='ocr_par' dir='ltr' id='par_1_75' title="bbox 262 5585 1824 5717">
     <span class='ocr_line' id='line_1_76' title="bbox 262 5585 1824 5717; baseline 0.026 -36"><span class='ocrx_word' id='word_1_537' title='bbox 262 5585 728 5717; x_wconf 48' lang='grc' dir='ltr'><strong>Ἲθυᾷιίξῗιὶᾳιὶε</strong></span> <span class='ocrx_word' id='word_1_538' title='bbox 737 5644 912 5717; x_wconf 89' lang='lat' dir='ltr'><strong>modo.</strong></span> <span class='ocrx_word' id='word_1_539' title='bbox 949 5683 963 5697; x_wconf 92' lang='lat'><strong>.</strong></span> <span class='ocrx_word' id='word_1_540' title='bbox 1000 5682 1014 5696; x_wconf 93' lang='lat'><strong>.</strong></span> <span class='ocrx_word' id='word_1_541' title='bbox 1051 5682 1064 5697; x_wconf 91' lang='lat'><strong>.</strong></span> <span class='ocrx_word' id='word_1_542' title='bbox 1094 5658 1159 5717; x_wconf 66' lang='lat' dir='ltr'><strong>ex</strong></span> <span class='ocrx_word' id='word_1_543' title='bbox 1187 5643 1404 5717; x_wconf 57' lang='lat'><strong>0111549.“</strong></span> <span class='ocrx_word' id='word_1_544' title='bbox 1420 5657 1613 5717; x_wconf 48' lang='lat'><strong>1&#39;99&quot;!&quot;</strong></span> <span class='ocrx_word' id='word_1_545' title='bbox 1637 5657 1824 5717; x_wconf 58' lang='lat' dir='ltr'><strong>How&quot;</strong></span> 
     </span>
    </p>
   </div>
   <div class='ocr_carea' id='block_1_76' title="bbox 263 5711 1824 5784">
    <p class='ocr_par' dir='ltr' id='par_1_76' title="bbox 263 5711 1824 5784">
     <span class='ocr_line' id='line_1_77' title="bbox 263 5711 1824 5784; baseline -0.001 -17"><span class='ocrx_word' id='word_1_546' title='bbox 263 5715 342 5784; x_wconf 80' lang='lat' dir='ltr'><strong>pia</strong></span> <span class='ocrx_word' id='word_1_547' title='bbox 367 5711 642 5771; x_wconf 75' lang='lat' dir='ltr'><strong>invenitur.</strong></span> <span class='ocrx_word' id='word_1_548' title='bbox 692 5715 766 5770; x_wconf 87' lang='lat' dir='ltr'><strong>Ea</strong></span> <span class='ocrx_word' id='word_1_549' title='bbox 797 5716 864 5770; x_wconf 89' lang='lat' dir='ltr'><strong>de</strong></span> <span class='ocrx_word' id='word_1_550' title='bbox 913 5729 970 5769; x_wconf 88' lang='lat' dir='ltr'><strong>re</strong></span> <span class='ocrx_word' id='word_1_551' title='bbox 1006 5711 1623 5784; x_wconf 18' lang='lat' dir='ltr'><strong>audiendus&#39;ihlalmesb.</strong></span> <span class='ocrx_word' id='word_1_552' title='bbox 1647 5711 1824 5766; x_wconf 80' lang='lat' dir='ltr'><strong>librot</strong></span> 
     </span>
    </p>
   </div>
   <div class='ocr_carea' id='block_1_77' title="bbox 264 5782 1823 5857">
    <p class='ocr_par' dir='ltr' id='par_1_77' title="bbox 264 5782 1823 5857">
     <span class='ocr_line' id='line_1_78' title="bbox 264 5782 1823 5857; baseline 0 -21"><span class='ocrx_word' id='word_1_553' title='bbox 264 5782 326 5838; x_wconf 84' lang='lat' dir='ltr'><strong>de</strong></span> <span class='ocrx_word' id='word_1_554' title='bbox 351 5785 483 5857; x_wconf 66' lang='lat' dir='ltr'><strong>Reg.</strong></span> <span class='ocrx_word' id='word_1_555' title='bbox 515 5786 698 5857; x_wconf 79' lang='lat' dir='ltr'><strong>Angl.,</strong></span> <span class='ocrx_word' id='word_1_556' title='bbox 729 5801 779 5841; x_wconf 94' lang='lat' dir='ltr'><strong>c.</strong></span> <span class='ocrx_word' id='word_1_557' title='bbox 807 5787 831 5839; x_wconf 82' lang='lat' dir='ltr'><strong>l</strong></span> <span class='ocrx_word' id='word_1_558' title='bbox 865 5801 879 5840; x_wconf 90' lang='lat'><strong>:</strong></span> <span class='ocrx_word' id='word_1_559' title='bbox 919 5804 939 5837; x_wconf 71' lang='grc' dir='ltr'>ι</span> <span class='ocrx_word' id='word_1_560' title='bbox 971 5785 1098 5857; x_wconf 76' lang='lat' dir='ltr'><strong>Post</strong></span> <span class='ocrx_word' id='word_1_561' title='bbox 1118 5784 1240 5857; x_wconf 84' lang='lat' dir='ltr'><strong>illos</strong></span> <span class='ocrx_word' id='word_1_562' title='bbox 1267 5782 1557 5857; x_wconf 81' lang='lat' dir='ltr'><strong>(Withredi</strong></span> <span class='ocrx_word' id='word_1_563' title='bbox 1592 5782 1823 5857; x_wconf 78' lang='lat' dir='ltr'><strong>liberos,</strong></span> 
     </span>
    </p>
   </div>
   <div class='ocr_carea' id='block_1_78' title="bbox 267 5853 1824 5927">
    <p class='ocr_par' dir='ltr' id='par_1_78' title="bbox 267 5853 1824 5927">
     <span class='ocr_line' id='line_1_79' title="bbox 267 5853 1824 5927; baseline 0 -20"><span class='ocrx_word' id='word_1_564' title='bbox 267 5863 316 5908; x_wconf 91' lang='lat' dir='ltr'><strong>et</strong></span> <span class='ocrx_word' id='word_1_565' title='bbox 339 5853 511 5913; x_wconf 75' lang='lat' dir='ltr'><strong>Caritii</strong></span> <span class='ocrx_word' id='word_1_566' title='bbox 538 5853 729 5927; x_wconf 69' lang='lat' dir='ltr'><strong>reges,</strong></span> <span class='ocrx_word' id='word_1_567' title='bbox 768 5870 1000 5926; x_wconf 85' lang='lat' dir='ltr'><strong>quorum</strong></span> <span class='ocrx_word' id='word_1_568' title='bbox 1046 5853 1414 5910; x_wconf 82' lang='lat' dir='ltr'><strong>ultimuserat</strong></span> <span class='ocrx_word' id='word_1_569' title='bbox 1439 5853 1654 5909; x_wconf 83' lang='lat' dir='ltr'><strong>Alricus</strong></span> <span class='ocrx_word' id='word_1_570' title='bbox 1678 5891 1694 5917; x_wconf 86' lang='lat'><strong>,</strong></span> <span class='ocrx_word' id='word_1_571' title='bbox 1732 5853 1824 5923; x_wconf 88' lang='lat' dir='ltr'><strong>qui</strong></span> 
     </span>
    </p>
   </div>
   <div class='ocr_carea' id='block_1_79' title="bbox 1843 3180 1891 3242">
    <p class='ocr_par' dir='ltr' id='par_1_79' title="bbox 1843 3180 1891 3242">
     <span class='ocr_line' id='line_1_80' title="bbox 1843 3180 1891 3242; baseline 0 0"><span class='ocrx_word' id='word_1_572' title='bbox 1843 3180 1891 3242; x_wconf 90' lang='lat' dir='ltr'><strong>C</strong></span> 
     </span>
    </p>
   </div>
   <div class='ocr_carea' id='block_1_80' title="bbox 1851 4547 1900 4607">
    <p class='ocr_par' dir='ltr' id='par_1_80' title="bbox 1851 4547 1900 4607">
     <span class='ocr_line' id='line_1_81' title="bbox 1851 4547 1900 4607; baseline 0 0"><span class='ocrx_word' id='word_1_573' title='bbox 1851 4547 1900 4607; x_wconf 90' lang='lat' dir='ltr'><strong>D</strong></span> 
     </span>
    </p>
   </div>
   <div class='ocr_carea' id='block_1_81' title="bbox 1921 1935 3497 2010">
    <p class='ocr_par' dir='ltr' id='par_1_81' title="bbox 1921 1935 3497 2010">
     <span class='ocr_line' id='line_1_82' title="bbox 1921 1935 3497 2010; baseline 0.004 -20"><span class='ocrx_word' id='word_1_574' title='bbox 1921 1944 2120 2010; x_wconf 70' lang='lat' dir='ltr'><strong>sancta:</strong></span> <span class='ocrx_word' id='word_1_575' title='bbox 2151 1935 2467 2006; x_wconf 68' lang='lat' dir='ltr'><strong>Scripturtc,</strong></span> <span class='ocrx_word' id='word_1_576' title='bbox 2492 1955 2558 1993; x_wconf 91' lang='lat' dir='ltr'><strong>ne</strong></span> <span class='ocrx_word' id='word_1_577' title='bbox 2593 1939 2662 1993; x_wconf 91' lang='lat' dir='ltr'><strong>sit</strong></span> <span class='ocrx_word' id='word_1_578' title='bbox 2688 1940 2864 2009; x_wconf 88' lang='lat' dir='ltr'><strong>inopia</strong></span> <span class='ocrx_word' id='word_1_579' title='bbox 2897 1940 3034 2010; x_wconf 86' lang='lat' dir='ltr'><strong>apud</strong></span> <span class='ocrx_word' id='word_1_580' title='bbox 3062 1957 3157 1997; x_wconf 92' lang='lat' dir='ltr'><strong>vos</strong></span> <span class='ocrx_word' id='word_1_581' title='bbox 3186 1944 3333 1997; x_wconf 86' lang='lat' dir='ltr'><strong>verbi</strong></span> <span class='ocrx_word' id='word_1_582' title='bbox 3365 1943 3456 1996; x_wconf 88' lang='lat' dir='ltr'><strong>Dei</strong></span> <span class='ocrx_word' id='word_1_583' title='bbox 3482 1959 3497 2005; x_wconf 90' lang='lat'><strong>;</strong></span> 
     </span>
    </p>
   </div>
   <div class='ocr_carea' id='block_1_82' title="bbox 1920 2001 3501 2101">
    <p class='ocr_par' dir='ltr' id='par_1_82' title="bbox 1920 2001 3501 2101">
     <span class='ocr_line' id='line_1_83' title="bbox 1920 2001 3501 2101; baseline 0.004 -19"><span class='ocrx_word' id='word_1_584' title='bbox 1920 2001 2012 2082; x_wconf 66' lang='lat' dir='ltr'><strong>aint</strong></span> <span class='ocrx_word' id='word_1_585' title='bbox 2038 2028 2192 2083; x_wconf 91' lang='lat' dir='ltr'><strong>vobis</strong></span> <span class='ocrx_word' id='word_1_586' title='bbox 2217 2029 2387 2092; x_wconf 85' lang='lat' dir='ltr'><strong>desit,</strong></span> <span class='ocrx_word' id='word_1_587' title='bbox 2422 2029 2512 2098; x_wconf 90' lang='lat' dir='ltr'><strong>qui</strong></span> <span class='ocrx_word' id='word_1_588' title='bbox 2556 2031 2812 2099; x_wconf 91' lang='lat' dir='ltr'><strong>populum</strong></span> <span class='ocrx_word' id='word_1_589' title='bbox 2851 2031 2945 2086; x_wconf 91' lang='lat' dir='ltr'><strong>Dei</strong></span> <span class='ocrx_word' id='word_1_590' title='bbox 2987 2047 3173 2101; x_wconf 87' lang='lat' dir='ltr'><strong>regere</strong></span> <span class='ocrx_word' id='word_1_591' title='bbox 3198 2033 3402 2100; x_wconf 87' lang='lat' dir='ltr'><strong>valeat;</strong></span> <span class='ocrx_word' id='word_1_592' title='bbox 3435 2049 3501 2088; x_wconf 92' lang='lat' dir='ltr'><strong>ne</strong></span> 
     </span>
    </p>
   </div>
   <div class='ocr_carea' id='block_1_83' title="bbox 1917 2121 3501 2181">
    <p class='ocr_par' dir='ltr' id='par_1_83' title="bbox 1917 2121 3501 2181">
     <span class='ocr_line' id='line_1_84' title="bbox 1917 2121 3501 2181; baseline 0.003 -6"><span class='ocrx_word' id='word_1_593' title='bbox 1917 2121 2038 2177; x_wconf 85' lang='lat' dir='ltr'><strong>fons</strong></span> <span class='ocrx_word' id='word_1_594' title='bbox 2066 2123 2308 2176; x_wconf 88' lang='lat' dir='ltr'><strong>veritatis</strong></span> <span class='ocrx_word' id='word_1_595' title='bbox 2336 2123 2390 2177; x_wconf 92' lang='lat' dir='ltr'><strong>in</strong></span> <span class='ocrx_word' id='word_1_596' title='bbox 2415 2124 2567 2178; x_wconf 92' lang='lat' dir='ltr'><strong>vobis</strong></span> <span class='ocrx_word' id='word_1_597' title='bbox 2603 2125 2926 2179; x_wconf 87' lang='lat' dir='ltr'><strong>exsiccetur.</strong></span> <span class='ocrx_word' id='word_1_598' title='bbox 2973 2125 3148 2180; x_wconf 80' lang='lat' dir='ltr'><strong>Nolite</strong></span> <span class='ocrx_word' id='word_1_599' title='bbox 3188 2142 3286 2181; x_wconf 93' lang='lat' dir='ltr'><strong>vos</strong></span> <span class='ocrx_word' id='word_1_600' title='bbox 3313 2134 3501 2180; x_wconf 89' lang='lat' dir='ltr'><strong>contra</strong></span> 
     </span>
    </p>
   </div>
   <div class='ocr_carea' id='block_1_84' title="bbox 1919 2214 3504 2272">
    <p class='ocr_par' dir='ltr' id='par_1_84' title="bbox 1919 2214 3504 2272">
     <span class='ocr_line' id='line_1_85' title="bbox 1919 2214 3504 2272; baseline 0.003 -5"><span class='ocrx_word' id='word_1_601' title='bbox 1919 2214 2340 2269; x_wconf 85' lang='lat' dir='ltr'><strong>ecclesiasticam</strong></span> <span class='ocrx_word' id='word_1_602' title='bbox 2390 2216 2829 2270; x_wconf 88' lang='lat' dir='ltr'><strong>consuetudinem</strong></span> <span class='ocrx_word' id='word_1_603' title='bbox 2869 2217 3105 2272; x_wconf 88' lang='lat' dir='ltr'><strong>vanitate</strong></span> <span class='ocrx_word' id='word_1_604' title='bbox 3155 2219 3504 2272; x_wconf 85' lang='lat' dir='ltr'><strong>vestimento—</strong></span> 
     </span>
    </p>
   </div>
   <div class='ocr_carea' id='block_1_85' title="bbox 1920 2306 3505 2371">
    <p class='ocr_par' dir='ltr' id='par_1_85' title="bbox 1920 2306 3505 2371">
     <span class='ocr_line' id='line_1_86' title="bbox 1920 2306 3505 2371; baseline 0.003 -13"><span class='ocrx_word' id='word_1_605' title='bbox 1920 2320 2041 2358; x_wconf 91' lang='lat' dir='ltr'><strong>rum</strong></span> <span class='ocrx_word' id='word_1_606' title='bbox 2088 2320 2285 2360; x_wconf 86' lang='lat' dir='ltr'><strong>ornare</strong></span> <span class='ocrx_word' id='word_1_607' title='bbox 2307 2345 2322 2371; x_wconf 93' lang='lat'><strong>,</strong></span> <span class='ocrx_word' id='word_1_608' title='bbox 2363 2307 2459 2360; x_wconf 87' lang='lat' dir='ltr'><strong>sed</strong></span> <span class='ocrx_word' id='word_1_609' title='bbox 2496 2306 2739 2360; x_wconf 91' lang='lat' dir='ltr'><strong>moribus</strong></span> <span class='ocrx_word' id='word_1_610' title='bbox 2777 2321 2872 2361; x_wconf 89' lang='lat' dir='ltr'><strong>vos</strong></span> <span class='ocrx_word' id='word_1_611' title='bbox 2903 2308 3170 2362; x_wconf 86' lang='lat' dir='ltr'><strong>ostendite</strong></span> <span class='ocrx_word' id='word_1_612' title='bbox 3211 2307 3414 2362; x_wconf 90' lang='lat' dir='ltr'><strong>nobiles</strong></span> <span class='ocrx_word' id='word_1_613' title='bbox 3447 2315 3505 2362; x_wconf 90' lang='lat' dir='ltr'><strong>et</strong></span> 
     </span>
    </p>
   </div>
   <div class='ocr_carea' id='block_1_86' title="bbox 1920 2396 3502 2466">
    <p class='ocr_par' dir='ltr' id='par_1_86' title="bbox 1920 2396 3502 2466">
     <span class='ocr_line' id='line_1_87' title="bbox 1920 2396 3502 2466; baseline 0.004 -19"><span class='ocrx_word' id='word_1_614' title='bbox 1920 2403 2140 2448; x_wconf 88' lang='lat' dir='ltr'><strong>ornatos</strong></span> <span class='ocrx_word' id='word_1_615' title='bbox 2161 2436 2176 2460; x_wconf 96' lang='lat'><strong>,</strong></span> <span class='ocrx_word' id='word_1_616' title='bbox 2207 2404 2262 2449; x_wconf 90' lang='lat' dir='ltr'><strong>et</strong></span> <span class='ocrx_word' id='word_1_617' title='bbox 2293 2397 2676 2464; x_wconf 64' lang='lat' dir='ltr'><strong>praedicatione</strong></span> <span class='ocrx_word' id='word_1_618' title='bbox 2702 2397 2852 2451; x_wconf 90' lang='lat' dir='ltr'><strong>verbi</strong></span> <span class='ocrx_word' id='word_1_619' title='bbox 2873 2396 2969 2451; x_wconf 92' lang='lat' dir='ltr'><strong>Dei</strong></span> <span class='ocrx_word' id='word_1_620' title='bbox 2998 2405 3215 2466; x_wconf 89' lang='lat' dir='ltr'><strong>paratos</strong></span> <span class='ocrx_word' id='word_1_621' title='bbox 3234 2437 3250 2463; x_wconf 94' lang='lat'><strong>,</strong></span> <span class='ocrx_word' id='word_1_622' title='bbox 3277 2405 3337 2451; x_wconf 91' lang='lat' dir='ltr'><strong>ut</strong></span> <span class='ocrx_word' id='word_1_623' title='bbox 3380 2397 3502 2453; x_wconf 88' lang='lat' dir='ltr'><strong>laici</strong></span> 
     </span>
    </p>
   </div>
   <div class='ocr_carea' id='block_1_87' title="bbox 1921 2487 3505 2560">
    <p class='ocr_par' dir='ltr' id='par_1_87' title="bbox 1921 2487 3505 2560">
     <span class='ocr_line' id='line_1_88' title="bbox 1921 2487 3505 2560; baseline 0.002 -17"><span class='ocrx_word' id='word_1_624' title='bbox 1921 2497 1974 2543; x_wconf 91' lang='lat' dir='ltr'><strong>et</strong></span> <span class='ocrx_word' id='word_1_625' title='bbox 1998 2489 2163 2542; x_wconf 89' lang='lat' dir='ltr'><strong>vestri</strong></span> <span class='ocrx_word' id='word_1_626' title='bbox 2188 2487 2477 2542; x_wconf 90' lang='lat' dir='ltr'><strong>bellatores</strong></span> <span class='ocrx_word' id='word_1_627' title='bbox 2519 2503 2615 2557; x_wconf 89' lang='lat' dir='ltr'><strong>per</strong></span> <span class='ocrx_word' id='word_1_628' title='bbox 2639 2503 2734 2542; x_wconf 90' lang='lat' dir='ltr'><strong>vos</strong></span> <span class='ocrx_word' id='word_1_629' title='bbox 2761 2488 2928 2544; x_wconf 82' lang='lat' dir='ltr'><strong>fortes</strong></span> <span class='ocrx_word' id='word_1_630' title='bbox 2957 2489 3258 2544; x_wconf 78' lang='lat' dir='ltr'><strong>elﬁciantur</strong></span> <span class='ocrx_word' id='word_1_631' title='bbox 3276 2530 3292 2556; x_wconf 93' lang='lat'><strong>,</strong></span> <span class='ocrx_word' id='word_1_632' title='bbox 3320 2497 3374 2544; x_wconf 91' lang='lat' dir='ltr'><strong>et</strong></span> <span class='ocrx_word' id='word_1_633' title='bbox 3407 2505 3505 2560; x_wconf 86' lang='lat' dir='ltr'><strong>po-</strong></span> 
     </span>
    </p>
   </div>
   <div class='ocr_carea' id='block_1_88' title="bbox 1919 2575 2727 2648">
    <p class='ocr_par' dir='ltr' id='par_1_88' title="bbox 1919 2575 2727 2648">
     <span class='ocr_line' id='line_1_89' title="bbox 1919 2575 2727 2648; baseline -0.001 -15"><span class='ocrx_word' id='word_1_634' title='bbox 1919 2578 2077 2648; x_wconf 89' lang='lat' dir='ltr'><strong>pulus</strong></span> <span class='ocrx_word' id='word_1_635' title='bbox 2104 2579 2246 2632; x_wconf 90' lang='lat' dir='ltr'><strong>viam</strong></span> <span class='ocrx_word' id='word_1_636' title='bbox 2282 2578 2471 2634; x_wconf 89' lang='lat' dir='ltr'><strong>salutis</strong></span> <span class='ocrx_word' id='word_1_637' title='bbox 2497 2575 2727 2634; x_wconf 77' lang='lat' dir='ltr'><strong>incedat.</strong></span> 
     </span>
    </p>
   </div>
   <div class='ocr_carea' id='block_1_89' title="bbox 1994 2669 3504 2743">
    <p class='ocr_par' dir='ltr' id='par_1_89' title="bbox 1994 2669 3504 2743">
     <span class='ocr_line' id='line_1_90' title="bbox 1994 2669 3504 2743; baseline 0.002 -20"><span class='ocrx_word' id='word_1_638' title='bbox 1994 2669 2252 2724; x_wconf 87' lang='lat' dir='ltr'><strong>Similiter</strong></span> <span class='ocrx_word' id='word_1_639' title='bbox 2281 2671 2490 2726; x_wconf 89' lang='lat' dir='ltr'><strong>nobiles</strong></span> <span class='ocrx_word' id='word_1_640' title='bbox 2513 2671 2604 2740; x_wconf 86' lang='lat' dir='ltr'><strong>qui</strong></span> <span class='ocrx_word' id='word_1_641' title='bbox 2635 2680 2759 2725; x_wconf 90' lang='lat' dir='ltr'><strong>sunt</strong></span> <span class='ocrx_word' id='word_1_642' title='bbox 2781 2671 2836 2725; x_wconf 93' lang='lat' dir='ltr'><strong>in</strong></span> <span class='ocrx_word' id='word_1_643' title='bbox 2859 2671 3055 2741; x_wconf 91' lang='lat' dir='ltr'><strong>populo</strong></span> <span class='ocrx_word' id='word_1_644' title='bbox 3072 2687 3197 2728; x_wconf 89' lang='lat' dir='ltr'><strong>suas</strong></span> <span class='ocrx_word' id='word_1_645' title='bbox 3211 2672 3504 2743; x_wconf 83' lang='lat' dir='ltr'><strong>dignitates</strong></span> 
     </span>
    </p>
   </div>
   <div class='ocr_carea' id='block_1_90' title="bbox 1920 2761 3492 2832">
    <p class='ocr_par' dir='ltr' id='par_1_90' title="bbox 1920 2761 3492 2832">
     <span class='ocr_line' id='line_1_91' title="bbox 1920 2761 3492 2832; baseline -0.003 -13"><span class='ocrx_word' id='word_1_646' title='bbox 1920 2779 2042 2819; x_wconf 92' lang='lat' dir='ltr'><strong>cum</strong></span> <span class='ocrx_word' id='word_1_647' title='bbox 2060 2763 2298 2818; x_wconf 91' lang='lat' dir='ltr'><strong>consiliis</strong></span> <span class='ocrx_word' id='word_1_648' title='bbox 2325 2773 2530 2832; x_wconf 90' lang='lat' dir='ltr'><strong>regant,</strong></span> <span class='ocrx_word' id='word_1_649' title='bbox 2555 2771 2610 2817; x_wconf 92' lang='lat' dir='ltr'><strong>et</strong></span> <span class='ocrx_word' id='word_1_650' title='bbox 2637 2762 2832 2832; x_wconf 85' lang='lat' dir='ltr'><strong>populo</strong></span> <span class='ocrx_word' id='word_1_651' title='bbox 2849 2778 2945 2832; x_wconf 89' lang='lat' dir='ltr'><strong>per</strong></span> <span class='ocrx_word' id='word_1_652' title='bbox 2957 2761 3225 2829; x_wconf 82' lang='lat' dir='ltr'><strong>justitiam</strong></span> <span class='ocrx_word' id='word_1_653' title='bbox 3251 2762 3492 2832; x_wconf 66' lang='lat' dir='ltr'><strong>praesint,</strong></span> 
     </span>
    </p>
   </div>
   <div class='ocr_carea' id='block_1_91' title="bbox 1921 2850 3501 2922">
    <p class='ocr_par' dir='ltr' id='par_1_91' title="bbox 1921 2850 3501 2922">
     <span class='ocr_line' id='line_1_92' title="bbox 1921 2850 3501 2922; baseline -0.002 -15"><span class='ocrx_word' id='word_1_654' title='bbox 1921 2862 2163 2907; x_wconf 85' lang='lat' dir='ltr'><strong>amantes</strong></span> <span class='ocrx_word' id='word_1_655' title='bbox 2187 2862 2412 2922; x_wconf 90' lang='lat' dir='ltr'><strong>paterna</strong></span> <span class='ocrx_word' id='word_1_656' title='bbox 2441 2859 2641 2906; x_wconf 88' lang='lat' dir='ltr'><strong>statuta</strong></span> <span class='ocrx_word' id='word_1_657' title='bbox 2672 2852 2723 2905; x_wconf 92' lang='lat' dir='ltr'><strong>in</strong></span> <span class='ocrx_word' id='word_1_658' title='bbox 2747 2850 2966 2921; x_wconf 88' lang='lat' dir='ltr'><strong>judiciis</strong></span> <span class='ocrx_word' id='word_1_659' title='bbox 3011 2851 3180 2922; x_wconf 87' lang='lat' dir='ltr'><strong>magis</strong></span> <span class='ocrx_word' id='word_1_660' title='bbox 3211 2867 3370 2920; x_wconf 88' lang='lat' dir='ltr'><strong>quam</strong></span> <span class='ocrx_word' id='word_1_661' title='bbox 3408 2865 3501 2919; x_wconf 82' lang='lat' dir='ltr'><strong>pe-</strong></span> 
     </span>
    </p>
   </div>
   <div class='ocr_carea' id='block_1_92' title="bbox 1927 2940 3499 3010">
    <p class='ocr_par' dir='ltr' id='par_1_92' title="bbox 1927 2940 3499 3010">
     <span class='ocr_line' id='line_1_93' title="bbox 1927 2940 3499 3010; baseline 0 -14"><span class='ocrx_word' id='word_1_662' title='bbox 1927 2943 2134 2997; x_wconf 79' lang='lat' dir='ltr'><strong>cuniam</strong></span> <span class='ocrx_word' id='word_1_663' title='bbox 2153 2983 2166 3007; x_wconf 93' lang='lat'><strong>,</strong></span> <span class='ocrx_word' id='word_1_664' title='bbox 2216 2957 2335 3010; x_wconf 73' lang='lat' dir='ltr'><strong>qua:</strong></span> <span class='ocrx_word' id='word_1_665' title='bbox 2363 2942 2626 2996; x_wconf 91' lang='lat' dir='ltr'><strong>subvertit</strong></span> <span class='ocrx_word' id='word_1_666' title='bbox 2655 2943 2819 2995; x_wconf 90' lang='lat' dir='ltr'><strong>verba</strong></span> <span class='ocrx_word' id='word_1_667' title='bbox 2837 2940 3108 3009; x_wconf 66' lang='lat' dir='ltr'><strong>iustorum</strong></span> <span class='ocrx_word' id='word_1_668' title='bbox 3128 2982 3142 3007; x_wconf 93' lang='lat'><strong>,</strong></span> <span class='ocrx_word' id='word_1_669' title='bbox 3176 2951 3230 2996; x_wconf 94' lang='lat' dir='ltr'><strong>et</strong></span> <span class='ocrx_word' id='word_1_670' title='bbox 3256 2942 3499 2996; x_wconf 89' lang='lat' dir='ltr'><strong>unanimi</strong></span> 
     </span>
    </p>
   </div>
   <div class='ocr_carea' id='block_1_93' title="bbox 1919 3034 3500 3104">
    <p class='ocr_par' dir='ltr' id='par_1_93' title="bbox 1919 3034 3500 3104">
     <span class='ocr_line' id='line_1_94' title="bbox 1919 3034 3500 3104; baseline -0.003 -11"><span class='ocrx_word' id='word_1_671' title='bbox 1919 3035 2164 3098; x_wconf 81' lang='lat' dir='ltr'><strong>consilio,</strong></span> <span class='ocrx_word' id='word_1_672' title='bbox 2208 3035 2352 3104; x_wconf 89' lang='lat' dir='ltr'><strong>quod</strong></span> <span class='ocrx_word' id='word_1_673' title='bbox 2378 3036 2577 3088; x_wconf 89' lang='lat' dir='ltr'><strong>bonum</strong></span> <span class='ocrx_word' id='word_1_674' title='bbox 2600 3034 2689 3098; x_wconf 91' lang='lat' dir='ltr'><strong>sit,</strong></span> <span class='ocrx_word' id='word_1_675' title='bbox 2737 3035 2881 3104; x_wconf 85' lang='lat' dir='ltr'><strong>genti</strong></span> <span class='ocrx_word' id='word_1_676' title='bbox 2921 3043 3115 3089; x_wconf 66' lang='lat' dir='ltr'><strong>vestrm</strong></span> <span class='ocrx_word' id='word_1_677' title='bbox 3153 3034 3383 3088; x_wconf 89' lang='lat' dir='ltr'><strong>viriliter</strong></span> <span class='ocrx_word' id='word_1_678' title='bbox 3421 3034 3500 3088; x_wconf 83' lang='lat' dir='ltr'><strong>fa-</strong></span> 
     </span>
    </p>
   </div>
   <div class='ocr_carea' id='block_1_94' title="bbox 1920 3124 3500 3194">
    <p class='ocr_par' dir='ltr' id='par_1_94' title="bbox 1920 3124 3500 3194">
     <span class='ocr_line' id='line_1_95' title="bbox 1920 3124 3500 3194; baseline 0 -14"><span class='ocrx_word' id='word_1_679' title='bbox 1920 3126 2065 3181; x_wconf 89' lang='lat' dir='ltr'><strong>ciant</strong></span> <span class='ocrx_word' id='word_1_680' title='bbox 2103 3142 2116 3178; x_wconf 90' lang='lat'><strong>:</strong></span> <span class='ocrx_word' id='word_1_681' title='bbox 2155 3131 2210 3179; x_wconf 92' lang='lat' dir='ltr'><strong>et</strong></span> <span class='ocrx_word' id='word_1_682' title='bbox 2236 3132 2476 3178; x_wconf 91' lang='lat' dir='ltr'><strong>rectores</strong></span> <span class='ocrx_word' id='word_1_683' title='bbox 2501 3124 2653 3178; x_wconf 88' lang='lat' dir='ltr'><strong>vobis</strong></span> <span class='ocrx_word' id='word_1_684' title='bbox 2681 3125 2974 3194; x_wconf 65' lang='lat' dir='ltr'><strong>praeponite</strong></span> <span class='ocrx_word' id='word_1_685' title='bbox 2999 3125 3278 3180; x_wconf 85' lang='lat' dir='ltr'><strong>nobilitate</strong></span> <span class='ocrx_word' id='word_1_686' title='bbox 3300 3126 3500 3193; x_wconf 90' lang='lat' dir='ltr'><strong>claros,</strong></span> 
     </span>
    </p>
   </div>
   <div class='ocr_carea' id='block_1_95' title="bbox 1922 3215 3495 3288">
    <p class='ocr_par' dir='ltr' id='par_1_95' title="bbox 1922 3215 3495 3288">
     <span class='ocr_line' id='line_1_96' title="bbox 1922 3215 3495 3288; baseline 0 -18"><span class='ocrx_word' id='word_1_687' title='bbox 1922 3231 2131 3271; x_wconf 89' lang='lat' dir='ltr'><strong>morum</strong></span> <span class='ocrx_word' id='word_1_688' title='bbox 2159 3216 2418 3288; x_wconf 83' lang='lat' dir='ltr'><strong>dignitate</strong></span> <span class='ocrx_word' id='word_1_689' title='bbox 2463 3215 2601 3285; x_wconf 90' lang='lat' dir='ltr'><strong>pios,</strong></span> <span class='ocrx_word' id='word_1_690' title='bbox 2625 3215 2851 3285; x_wconf 70' lang='lat' dir='ltr'><strong>justitia:</strong></span> <span class='ocrx_word' id='word_1_691' title='bbox 2894 3215 3087 3270; x_wconf 91' lang='lat' dir='ltr'><strong>decore</strong></span> <span class='ocrx_word' id='word_1_692' title='bbox 3132 3216 3495 3282; x_wconf 88' lang='lat' dir='ltr'><strong>honorabiles,</strong></span> 
     </span>
    </p>
   </div>
   <div class='ocr_carea' id='block_1_96' title="bbox 1919 3307 3497 3381">
    <p class='ocr_par' dir='ltr' id='par_1_96' title="bbox 1919 3307 3497 3381">
     <span class='ocr_line' id='line_1_97' title="bbox 1919 3307 3497 3381; baseline 0.004 -21"><span class='ocrx_word' id='word_1_693' title='bbox 1919 3315 2186 3377; x_wconf 85' lang='lat' dir='ltr'><strong>quatenus</strong></span> <span class='ocrx_word' id='word_1_694' title='bbox 2215 3307 2396 3362; x_wconf 89' lang='lat' dir='ltr'><strong>divina</strong></span> <span class='ocrx_word' id='word_1_695' title='bbox 2417 3308 2790 3362; x_wconf 88' lang='lat' dir='ltr'><strong>misericordia</strong></span> <span class='ocrx_word' id='word_1_696' title='bbox 2815 3317 3049 3364; x_wconf 85' lang='lat' dir='ltr'><strong>vestram</strong></span> <span class='ocrx_word' id='word_1_697' title='bbox 3074 3319 3285 3381; x_wconf 84' lang='lat' dir='ltr'><strong>gentem</strong></span> <span class='ocrx_word' id='word_1_698' title='bbox 3304 3311 3497 3378; x_wconf 82' lang='lat' dir='ltr'><strong>guber-</strong></span> 
     </span>
    </p>
   </div>
   <div class='ocr_carea' id='block_1_97' title="bbox 1918 3402 3186 3475">
    <p class='ocr_par' dir='ltr' id='par_1_97' title="bbox 1918 3402 3186 3475">
     <span class='ocr_line' id='line_1_98' title="bbox 1918 3402 3186 3475; baseline 0.002 -21"><span class='ocrx_word' id='word_1_699' title='bbox 1918 3414 2071 3465; x_wconf 89' lang='lat' dir='ltr'><strong>nare,</strong></span> <span class='ocrx_word' id='word_1_700' title='bbox 2100 3407 2155 3454; x_wconf 91' lang='lat' dir='ltr'><strong>et</strong></span> <span class='ocrx_word' id='word_1_701' title='bbox 2193 3414 2540 3466; x_wconf 84' lang='lat' dir='ltr'><strong>conservare,</strong></span> <span class='ocrx_word' id='word_1_702' title='bbox 2571 3409 2627 3456; x_wconf 78' lang='lat' dir='ltr'><strong>et</strong></span> <span class='ocrx_word' id='word_1_703' title='bbox 2651 3402 2892 3456; x_wconf 85' lang='lat' dir='ltr'><strong>exaltare</strong></span> <span class='ocrx_word' id='word_1_704' title='bbox 2919 3403 3186 3475; x_wconf 89' lang='lat' dir='ltr'><strong>dignetur.</strong></span> 
     </span>
    </p>
   </div>
   <div class='ocr_carea' id='block_1_98' title="bbox 1989 3491 3498 3566">
    <p class='ocr_par' dir='ltr' id='par_1_98' title="bbox 1989 3491 3498 3566">
     <span class='ocr_line' id='line_1_99' title="bbox 1989 3491 3498 3566; baseline 0.002 -20"><span class='ocrx_word' id='word_1_705' title='bbox 1989 3491 2238 3547; x_wconf 86' lang='lat' dir='ltr'><strong>Imminet</strong></span> <span class='ocrx_word' id='word_1_706' title='bbox 2274 3508 2404 3548; x_wconf 91' lang='lat' dir='ltr'><strong>vero</strong></span> <span class='ocrx_word' id='word_1_707' title='bbox 2454 3492 2748 3546; x_wconf 85' lang='lat' dir='ltr'><strong>maximum</strong></span> <span class='ocrx_word' id='word_1_708' title='bbox 2798 3493 2986 3548; x_wconf 73' lang='lat' dir='ltr'><strong>insulae</strong></span> <span class='ocrx_word' id='word_1_709' title='bbox 3022 3494 3147 3548; x_wconf 91' lang='lat' dir='ltr'><strong>huic</strong></span> <span class='ocrx_word' id='word_1_710' title='bbox 3197 3501 3253 3549; x_wconf 91' lang='lat' dir='ltr'><strong>et</strong></span> <span class='ocrx_word' id='word_1_711' title='bbox 3300 3495 3498 3566; x_wconf 84' lang='lat' dir='ltr'><strong>p0pulo</strong></span> 
     </span>
    </p>
   </div>
   <div class='ocr_carea' id='block_1_99' title="bbox 1918 3585 3502 3663">
    <p class='ocr_par' dir='ltr' id='par_1_99' title="bbox 1918 3585 3502 3663">
     <span class='ocr_line' id='line_1_100' title="bbox 1918 3585 3502 3663; baseline 0.001 -23"><span class='ocrx_word' id='word_1_712' title='bbox 1918 3585 2184 3640; x_wconf 87' lang='lat' dir='ltr'><strong>habitanti</strong></span> <span class='ocrx_word' id='word_1_713' title='bbox 2215 3586 2269 3640; x_wconf 92' lang='lat' dir='ltr'><strong>in</strong></span> <span class='ocrx_word' id='word_1_714' title='bbox 2306 3601 2368 3640; x_wconf 92' lang='lat' dir='ltr'><strong>ea</strong></span> <span class='ocrx_word' id='word_1_715' title='bbox 2410 3585 2728 3663; x_wconf 74' lang='lat' dir='ltr'><strong>periculum.</strong></span> <span class='ocrx_word' id='word_1_716' title='bbox 2760 3585 2900 3640; x_wconf 89' lang='lat' dir='ltr'><strong>Ecce</strong></span> <span class='ocrx_word' id='word_1_717' title='bbox 2935 3587 3075 3656; x_wconf 91' lang='lat' dir='ltr'><strong>quod</strong></span> <span class='ocrx_word' id='word_1_718' title='bbox 3115 3600 3388 3655; x_wconf 89' lang='lat' dir='ltr'><strong>nunquam</strong></span> <span class='ocrx_word' id='word_1_719' title='bbox 3413 3602 3502 3641; x_wconf 88' lang='lat' dir='ltr'><strong>an-</strong></span> 
     </span>
    </p>
   </div>
   <div class='ocr_carea' id='block_1_100' title="bbox 1920 3675 3500 3748">
    <p class='ocr_par' dir='ltr' id='par_1_100' title="bbox 1920 3675 3500 3748">
     <span class='ocr_line' id='line_1_101' title="bbox 1920 3675 3500 3748; baseline 0.001 -17"><span class='ocrx_word' id='word_1_720' title='bbox 1920 3685 2008 3732; x_wconf 88' lang='lat' dir='ltr'><strong>tea</strong></span> <span class='ocrx_word' id='word_1_721' title='bbox 2033 3677 2277 3730; x_wconf 88' lang='lat' dir='ltr'><strong>auditum</strong></span> <span class='ocrx_word' id='word_1_722' title='bbox 2301 3675 2423 3741; x_wconf 79' lang='lat' dir='ltr'><strong>fuit,</strong></span> <span class='ocrx_word' id='word_1_723' title='bbox 2451 3688 2471 3713; x_wconf 75' lang='grc' dir='ltr'><strong>ο</strong></span> <span class='ocrx_word' id='word_1_724' title='bbox 2506 3677 2736 3745; x_wconf 92' lang='lat' dir='ltr'><strong>populus</strong></span> <span class='ocrx_word' id='word_1_725' title='bbox 2764 3691 3002 3746; x_wconf 82' lang='lat' dir='ltr'><strong>paganus</strong></span> <span class='ocrx_word' id='word_1_726' title='bbox 3031 3675 3166 3732; x_wconf 90' lang='lat' dir='ltr'><strong>solet</strong></span> <span class='ocrx_word' id='word_1_727' title='bbox 3187 3684 3401 3732; x_wconf 88' lang='lat' dir='ltr'><strong>vastare</strong></span> <span class='ocrx_word' id='word_1_728' title='bbox 3421 3677 3500 3748; x_wconf 89' lang='lat' dir='ltr'><strong>pi-</strong></span> 
     </span>
    </p>
   </div>
   <div class='ocr_carea' id='block_1_101' title="bbox 1920 3769 3498 3840">
    <p class='ocr_par' dir='ltr' id='par_1_101' title="bbox 1920 3769 3498 3840">
     <span class='ocr_line' id='line_1_102' title="bbox 1920 3769 3498 3840; baseline -0.001 -14"><span class='ocrx_word' id='word_1_729' title='bbox 1920 3772 2090 3826; x_wconf 84' lang='lat' dir='ltr'><strong>ratico</strong></span> <span class='ocrx_word' id='word_1_730' title='bbox 2127 3771 2410 3824; x_wconf 89' lang='lat' dir='ltr'><strong>latrocinio</strong></span> <span class='ocrx_word' id='word_1_731' title='bbox 2457 3770 2637 3823; x_wconf 89' lang='lat' dir='ltr'><strong>littora</strong></span> <span class='ocrx_word' id='word_1_732' title='bbox 2679 3778 2864 3824; x_wconf 88' lang='lat' dir='ltr'><strong>nostra</strong></span> <span class='ocrx_word' id='word_1_733' title='bbox 2903 3788 2915 3822; x_wconf 87' lang='lat'><strong>:</strong></span> <span class='ocrx_word' id='word_1_734' title='bbox 2956 3778 3010 3824; x_wconf 92' lang='lat' dir='ltr'><strong>et</strong></span> <span class='ocrx_word' id='word_1_735' title='bbox 3054 3769 3127 3823; x_wconf 91' lang='lat' dir='ltr'><strong>illi</strong></span> <span class='ocrx_word' id='word_1_736' title='bbox 3176 3769 3276 3840; x_wconf 93' lang='lat' dir='ltr'><strong>ipsi</strong></span> <span class='ocrx_word' id='word_1_737' title='bbox 3315 3771 3498 3840; x_wconf 92' lang='lat' dir='ltr'><strong>populi</strong></span> 
     </span>
    </p>
   </div>
   <div class='ocr_carea' id='block_1_102' title="bbox 1918 3861 3504 3933">
    <p class='ocr_par' dir='ltr' id='par_1_102' title="bbox 1918 3861 3504 3933">
     <span class='ocr_line' id='line_1_103' title="bbox 1918 3861 3504 3933; baseline -0.003 -14"><span class='ocrx_word' id='word_1_738' title='bbox 1918 3863 2229 3933; x_wconf 81' lang='lat' dir='ltr'><strong>Anglorum,</strong></span> <span class='ocrx_word' id='word_1_739' title='bbox 2257 3871 2311 3917; x_wconf 91' lang='lat' dir='ltr'><strong>et</strong></span> <span class='ocrx_word' id='word_1_740' title='bbox 2335 3879 2496 3933; x_wconf 89' lang='lat' dir='ltr'><strong>regna</strong></span> <span class='ocrx_word' id='word_1_741' title='bbox 2525 3871 2579 3917; x_wconf 90' lang='lat' dir='ltr'><strong>et</strong></span> <span class='ocrx_word' id='word_1_742' title='bbox 2617 3877 2770 3932; x_wconf 83' lang='lat' dir='ltr'><strong>reges</strong></span> <span class='ocrx_word' id='word_1_743' title='bbox 2793 3861 3116 3916; x_wconf 89' lang='lat' dir='ltr'><strong>dissentiunt</strong></span> <span class='ocrx_word' id='word_1_744' title='bbox 3139 3861 3282 3916; x_wconf 91' lang='lat' dir='ltr'><strong>inter</strong></span> <span class='ocrx_word' id='word_1_745' title='bbox 3320 3876 3407 3926; x_wconf 92' lang='lat' dir='ltr'><strong>se;</strong></span> <span class='ocrx_word' id='word_1_746' title='bbox 3448 3869 3504 3915; x_wconf 92' lang='lat' dir='ltr'><strong>et</strong></span> 
     </span>
    </p>
   </div>
   <div class='ocr_carea' id='block_1_103' title="bbox 1920 3951 3497 4022">
    <p class='ocr_par' dir='ltr' id='par_1_103' title="bbox 1920 3951 3497 4022">
     <span class='ocr_line' id='line_1_104' title="bbox 1920 3951 3497 4022; baseline -0.003 -14"><span class='ocrx_word' id='word_1_747' title='bbox 1920 3955 1948 3995; x_wconf 78' lang='grc' dir='ltr'>ά</span> <span class='ocrx_word' id='word_1_748' title='bbox 1970 3955 2060 4008; x_wconf 85' lang='lat' dir='ltr'><strong>vix</strong></span> <span class='ocrx_word' id='word_1_749' title='bbox 2091 3954 2283 4022; x_wconf 89' lang='lat' dir='ltr'><strong>aliquis</strong></span> <span class='ocrx_word' id='word_1_750' title='bbox 2312 3953 2490 4019; x_wconf 90' lang='lat' dir='ltr'><strong>modo,</strong></span> <span class='ocrx_word' id='word_1_751' title='bbox 2525 3953 2668 4022; x_wconf 91' lang='lat' dir='ltr'><strong>quod</strong></span> <span class='ocrx_word' id='word_1_752' title='bbox 2704 3953 2819 4007; x_wconf 92' lang='lat' dir='ltr'><strong>sine</strong></span> <span class='ocrx_word' id='word_1_753' title='bbox 2865 3952 3118 4021; x_wconf 80' lang='lat' dir='ltr'><strong>lacrymis</strong></span> <span class='ocrx_word' id='word_1_754' title='bbox 3147 3968 3254 4005; x_wconf 91' lang='lat' dir='ltr'><strong>non</strong></span> <span class='ocrx_word' id='word_1_755' title='bbox 3284 3951 3458 4006; x_wconf 92' lang='lat' dir='ltr'><strong>dicam</strong></span> <span class='ocrx_word' id='word_1_756' title='bbox 3482 3990 3497 4015; x_wconf 97' lang='lat'><strong>,</strong></span> 
     </span>
    </p>
   </div>
   <div class='ocr_carea' id='block_1_104' title="bbox 1922 4042 3499 4117">
    <p class='ocr_par' dir='ltr' id='par_1_104' title="bbox 1922 4042 3499 4117">
     <span class='ocr_line' id='line_1_105' title="bbox 1922 4042 3499 4117; baseline -0.005 -15"><span class='ocrx_word' id='word_1_757' title='bbox 1922 4063 1988 4102; x_wconf 83' lang='lat' dir='ltr'><strong>ex</strong></span> <span class='ocrx_word' id='word_1_758' title='bbox 2018 4049 2238 4117; x_wconf 76' lang='lat' dir='ltr'><strong>antiqua</strong></span> <span class='ocrx_word' id='word_1_759' title='bbox 2274 4062 2460 4116; x_wconf 86' lang='lat' dir='ltr'><strong>regum</strong></span> <span class='ocrx_word' id='word_1_760' title='bbox 2486 4045 2738 4115; x_wconf 87' lang='lat' dir='ltr'><strong>prosapia</strong></span> <span class='ocrx_word' id='word_1_761' title='bbox 2786 4044 3058 4097; x_wconf 90' lang='lat' dir='ltr'><strong>invenitur</strong></span> <span class='ocrx_word' id='word_1_762' title='bbox 3081 4082 3094 4106; x_wconf 94' lang='lat'><strong>,</strong></span> <span class='ocrx_word' id='word_1_763' title='bbox 3128 4049 3183 4096; x_wconf 91' lang='lat' dir='ltr'><strong>et</strong></span> <span class='ocrx_word' id='word_1_764' title='bbox 3236 4050 3387 4095; x_wconf 90' lang='lat' dir='ltr'><strong>tanto</strong></span> <span class='ocrx_word' id='word_1_765' title='bbox 3417 4042 3499 4094; x_wconf 92' lang='lat' dir='ltr'><strong>in-</strong></span> 
     </span>
    </p>
   </div>
   <div class='ocr_carea' id='block_1_105' title="bbox 1922 4131 3502 4207">
    <p class='ocr_par' dir='ltr' id='par_1_105' title="bbox 1922 4131 3502 4207">
     <span class='ocr_line' id='line_1_106' title="bbox 1922 4131 3502 4207; baseline -0.006 -13"><span class='ocrx_word' id='word_1_766' title='bbox 1922 4141 2183 4194; x_wconf 90' lang='lat' dir='ltr'><strong>certiores</strong></span> <span class='ocrx_word' id='word_1_767' title='bbox 2205 4147 2334 4193; x_wconf 92' lang='lat' dir='ltr'><strong>sunt</strong></span> <span class='ocrx_word' id='word_1_768' title='bbox 2365 4137 2610 4207; x_wconf 86' lang='lat' dir='ltr'><strong>originis,</strong></span> <span class='ocrx_word' id='word_1_769' title='bbox 2648 4143 2848 4204; x_wconf 88' lang='lat' dir='ltr'><strong>quanto</strong></span> <span class='ocrx_word' id='word_1_770' title='bbox 2879 4135 3117 4189; x_wconf 88' lang='lat' dir='ltr'><strong>minores</strong></span> <span class='ocrx_word' id='word_1_771' title='bbox 3147 4132 3165 4203; x_wconf 91' lang='lat'>[</span> <span class='ocrx_word' id='word_1_772' title='bbox 3190 4133 3320 4185; x_wconf 86' lang='lat' dir='ltr'><strong>Cod.</strong></span> <span class='ocrx_word' id='word_1_773' title='bbox 3359 4131 3502 4185; x_wconf 82' lang='lat' dir='ltr'><strong>Ilur-</strong></span> 
     </span>
    </p>
   </div>
   <div class='ocr_carea' id='block_1_106' title="bbox 1923 4222 3501 4296">
    <p class='ocr_par' dir='ltr' id='par_1_106' title="bbox 1923 4222 3501 4296">
     <span class='ocr_line' id='line_1_107' title="bbox 1923 4222 3501 4296; baseline -0.005 -13"><span class='ocrx_word' id='word_1_774' title='bbox 1923 4229 2146 4294; x_wconf 83' lang='lat' dir='ltr'><strong>leianus,</strong></span> <span class='ocrx_word' id='word_1_775' title='bbox 2196 4229 2568 4282; x_wconf 89' lang='lat' dir='ltr'><strong>incertioris...</strong></span> <span class='ocrx_word' id='word_1_776' title='bbox 2605 4223 2852 4296; x_wconf 90' lang='lat' dir='ltr'><strong>minoris]</strong></span> <span class='ocrx_word' id='word_1_777' title='bbox 2881 4233 3006 4279; x_wconf 89' lang='lat' dir='ltr'><strong>sunt</strong></span> <span class='ocrx_word' id='word_1_778' title='bbox 3029 4223 3376 4277; x_wconf 83' lang='lat' dir='ltr'><strong>fortitudinis.</strong></span> <span class='ocrx_word' id='word_1_779' title='bbox 3417 4222 3501 4277; x_wconf 91' lang='lat' dir='ltr'><strong>Si-</strong></span> 
     </span>
    </p>
   </div>
   <div class='ocr_carea' id='block_1_107' title="bbox 1924 4315 3503 4390">
    <p class='ocr_par' dir='ltr' id='par_1_107' title="bbox 1924 4315 3503 4390">
     <span class='ocr_line' id='line_1_108' title="bbox 1924 4315 3503 4390; baseline -0.004 -15"><span class='ocrx_word' id='word_1_780' title='bbox 1924 4321 2124 4376; x_wconf 87' lang='lat' dir='ltr'><strong>militer</strong></span> <span class='ocrx_word' id='word_1_781' title='bbox 2163 4329 2218 4374; x_wconf 90' lang='lat' dir='ltr'><strong>et</strong></span> <span class='ocrx_word' id='word_1_782' title='bbox 2255 4335 2350 4390; x_wconf 90' lang='lat' dir='ltr'><strong>per</strong></span> <span class='ocrx_word' id='word_1_783' title='bbox 2389 4318 2646 4373; x_wconf 89' lang='lat' dir='ltr'><strong>ecclesias</strong></span> <span class='ocrx_word' id='word_1_784' title='bbox 2687 4316 2890 4371; x_wconf 88' lang='lat' dir='ltr'><strong>Christi</strong></span> <span class='ocrx_word' id='word_1_785' title='bbox 2935 4316 3214 4386; x_wconf 89' lang='lat' dir='ltr'><strong>perierunt</strong></span> <span class='ocrx_word' id='word_1_786' title='bbox 3255 4315 3503 4369; x_wconf 86' lang='lat' dir='ltr'><strong>doctores</strong></span> 
     </span>
    </p>
   </div>
   <div class='ocr_carea' id='block_1_108' title="bbox 1923 4408 3505 4480">
    <p class='ocr_par' dir='ltr' id='par_1_108' title="bbox 1923 4408 3505 4480">
     <span class='ocr_line' id='line_1_109' title="bbox 1923 4408 3505 4480; baseline -0.004 -14"><span class='ocrx_word' id='word_1_787' title='bbox 1923 4412 2192 4476; x_wconf 85' lang='lat' dir='ltr'><strong>veritatis;</strong></span> <span class='ocrx_word' id='word_1_788' title='bbox 2235 4425 2423 4467; x_wconf 89' lang='lat' dir='ltr'><strong>omnes</strong></span> <span class='ocrx_word' id='word_1_789' title='bbox 2448 4424 2586 4480; x_wconf 90' lang='lat' dir='ltr'><strong>pene</strong></span> <span class='ocrx_word' id='word_1_790' title='bbox 2624 4408 2892 4464; x_wconf 86' lang='lat' dir='ltr'><strong>vanitates</strong></span> <span class='ocrx_word' id='word_1_791' title='bbox 2940 4408 3228 4463; x_wconf 71' lang='lat' dir='ltr'><strong>saeculares</strong></span> <span class='ocrx_word' id='word_1_792' title='bbox 3269 4423 3505 4477; x_wconf 88' lang='lat' dir='ltr'><strong>sequun-</strong></span> 
     </span>
    </p>
   </div>
   <div class='ocr_carea' id='block_1_109' title="bbox 1926 4499 3505 4573">
    <p class='ocr_par' dir='ltr' id='par_1_109' title="bbox 1926 4499 3505 4573">
     <span class='ocr_line' id='line_1_110' title="bbox 1926 4499 3505 4573; baseline -0.005 -13"><span class='ocrx_word' id='word_1_793' title='bbox 1926 4515 2046 4570; x_wconf 87' lang='lat' dir='ltr'><strong>tur,</strong></span> <span class='ocrx_word' id='word_1_794' title='bbox 2074 4513 2131 4560; x_wconf 91' lang='lat' dir='ltr'><strong>et</strong></span> <span class='ocrx_word' id='word_1_795' title='bbox 2160 4503 2472 4573; x_wconf 88' lang='lat' dir='ltr'><strong>disciplinas</strong></span> <span class='ocrx_word' id='word_1_796' title='bbox 2507 4502 2786 4573; x_wconf 88' lang='lat' dir='ltr'><strong>regulares</strong></span> <span class='ocrx_word' id='word_1_797' title='bbox 2805 4503 2933 4557; x_wconf 91' lang='lat' dir='ltr'><strong>odio</strong></span> <span class='ocrx_word' id='word_1_798' title='bbox 2963 4502 3160 4556; x_wconf 90' lang='lat' dir='ltr'><strong>habent</strong></span> <span class='ocrx_word' id='word_1_799' title='bbox 3195 4515 3208 4553; x_wconf 89' lang='lat'><strong>:</strong></span> <span class='ocrx_word' id='word_1_800' title='bbox 3248 4509 3298 4553; x_wconf 92' lang='lat' dir='ltr'><strong>et</strong></span> <span class='ocrx_word' id='word_1_801' title='bbox 3341 4499 3505 4554; x_wconf 89' lang='lat' dir='ltr'><strong>bella-</strong></span> 
     </span>
    </p>
   </div>
   <div class='ocr_carea' id='block_1_110' title="bbox 1927 4587 3500 4662">
    <p class='ocr_par' dir='ltr' id='par_1_110' title="bbox 1927 4587 3500 4662">
     <span class='ocr_line' id='line_1_111' title="bbox 1927 4587 3500 4662; baseline -0.003 -15"><span class='ocrx_word' id='word_1_802' title='bbox 1927 4602 2072 4648; x_wconf 88' lang='lat' dir='ltr'><strong>tores</strong></span> <span class='ocrx_word' id='word_1_803' title='bbox 2101 4592 2314 4646; x_wconf 88' lang='lat' dir='ltr'><strong>illorum</strong></span> <span class='ocrx_word' id='word_1_804' title='bbox 2341 4590 2513 4662; x_wconf 90' lang='lat' dir='ltr'><strong>magis</strong></span> <span class='ocrx_word' id='word_1_805' title='bbox 2540 4589 2782 4644; x_wconf 77' lang='lat' dir='ltr'><strong>avaritize</strong></span> <span class='ocrx_word' id='word_1_806' title='bbox 2823 4589 3042 4644; x_wconf 89' lang='lat' dir='ltr'><strong>student</strong></span> <span class='ocrx_word' id='word_1_807' title='bbox 3071 4603 3231 4658; x_wconf 88' lang='lat' dir='ltr'><strong>quam</strong></span> <span class='ocrx_word' id='word_1_808' title='bbox 3254 4587 3500 4656; x_wconf 65' lang='lat' dir='ltr'><strong>iustitiae.</strong></span> 
     </span>
    </p>
   </div>
   <div class='ocr_carea' id='block_1_111' title="bbox 1926 4679 3504 4754">
    <p class='ocr_par' dir='ltr' id='par_1_111' title="bbox 1926 4679 3504 4754">
     <span class='ocr_line' id='line_1_112' title="bbox 1926 4679 3504 4754; baseline -0.002 -16"><span class='ocrx_word' id='word_1_809' title='bbox 1926 4685 2126 4740; x_wconf 90' lang='lat' dir='ltr'><strong>Discite</strong></span> <span class='ocrx_word' id='word_1_810' title='bbox 2156 4695 2179 4723; x_wconf 78' lang='grc' dir='ltr'>θ</span> <span class='ocrx_word' id='word_1_811' title='bbox 2205 4683 2436 4754; x_wconf 86' lang='lat' dir='ltr'><strong>Gylbum</strong></span> <span class='ocrx_word' id='word_1_812' title='bbox 2481 4682 2572 4754; x_wconf 86' lang='lat' dir='ltr'><strong>[Id</strong></span> <span class='ocrx_word' id='word_1_813' title='bbox 2599 4683 2743 4747; x_wconf 88' lang='lat' dir='ltr'><strong>cod.,</strong></span> <span class='ocrx_word' id='word_1_814' title='bbox 2765 4679 3066 4748; x_wconf 77' lang='lat' dir='ltr'><strong>Giraldum]</strong></span> <span class='ocrx_word' id='word_1_815' title='bbox 3089 4681 3398 4736; x_wconf 89' lang='lat' dir='ltr'><strong>Brettonem</strong></span> <span class='ocrx_word' id='word_1_816' title='bbox 3421 4697 3504 4735; x_wconf 90' lang='lat' dir='ltr'><strong>sa-</strong></span> 
     </span>
    </p>
   </div>
   <div class='ocr_carea' id='block_1_112' title="bbox 1925 4771 3504 4845">
    <p class='ocr_par' dir='ltr' id='par_1_112' title="bbox 1925 4771 3504 4845">
     <span class='ocr_line' id='line_1_113' title="bbox 1925 4771 3504 4845; baseline -0.003 -16"><span class='ocrx_word' id='word_1_817' title='bbox 1925 4775 2340 4845; x_wconf 90' lang='lat' dir='ltr'><strong>pientissimum,</strong></span> <span class='ocrx_word' id='word_1_818' title='bbox 2355 4781 2410 4826; x_wconf 93' lang='lat' dir='ltr'><strong>et</strong></span> <span class='ocrx_word' id='word_1_819' title='bbox 2425 4773 2596 4828; x_wconf 78' lang='lat' dir='ltr'><strong>videte</strong></span> <span class='ocrx_word' id='word_1_820' title='bbox 2614 4787 2680 4826; x_wconf 78' lang='lat' dir='ltr'><strong>ex</strong></span> <span class='ocrx_word' id='word_1_821' title='bbox 2695 4772 2887 4842; x_wconf 82' lang='lat' dir='ltr'><strong>quibus</strong></span> <span class='ocrx_word' id='word_1_822' title='bbox 2904 4771 3082 4825; x_wconf 88' lang='lat' dir='ltr'><strong>causis</strong></span> <span class='ocrx_word' id='word_1_823' title='bbox 3099 4780 3348 4841; x_wconf 88' lang='lat' dir='ltr'><strong>parentes</strong></span> <span class='ocrx_word' id='word_1_824' title='bbox 3363 4771 3451 4824; x_wconf 88' lang='lat' dir='ltr'><strong>Bri</strong></span> <span class='ocrx_word' id='word_1_825' title='bbox 3461 4780 3504 4824; x_wconf 89' lang='lat' dir='ltr'><strong>t-</strong></span> 
     </span>
    </p>
   </div>
   <div class='ocr_carea' id='block_1_113' title="bbox 1927 4865 3502 4938">
    <p class='ocr_par' dir='ltr' id='par_1_113' title="bbox 1927 4865 3502 4938">
     <span class='ocr_line' id='line_1_114' title="bbox 1927 4865 3502 4938; baseline -0.003 -17"><span class='ocrx_word' id='word_1_826' title='bbox 1927 4876 2112 4922; x_wconf 91' lang='lat' dir='ltr'><strong>tonnm</strong></span> <span class='ocrx_word' id='word_1_827' title='bbox 2128 4865 2474 4938; x_wconf 88' lang='lat' dir='ltr'><strong>perdiderunt</strong></span> <span class='ocrx_word' id='word_1_828' title='bbox 2488 4879 2710 4934; x_wconf 83' lang='lat' dir='ltr'><strong>regnum</strong></span> <span class='ocrx_word' id='word_1_829' title='bbox 2730 4874 2785 4918; x_wconf 91' lang='lat' dir='ltr'><strong>et</strong></span> <span class='ocrx_word' id='word_1_830' title='bbox 2806 4865 3036 4936; x_wconf 86' lang='lat' dir='ltr'><strong>patriam</strong></span> <span class='ocrx_word' id='word_1_831' title='bbox 3061 4881 3076 4918; x_wconf 91' lang='lat'>:</span> <span class='ocrx_word' id='word_1_832' title='bbox 3101 4872 3154 4918; x_wconf 91' lang='lat' dir='ltr'><strong>et</strong></span> <span class='ocrx_word' id='word_1_833' title='bbox 3169 4865 3502 4919; x_wconf 87' lang='lat' dir='ltr'><strong>considerate</strong></span> 
     </span>
    </p>
   </div>
   <div class='ocr_carea' id='block_1_114' title="bbox 1925 4957 3505 5031">
    <p class='ocr_par' dir='ltr' id='par_1_114' title="bbox 1925 4957 3505 5031">
     <span class='ocr_line' id='line_1_115' title="bbox 1925 4957 3505 5031; baseline -0.004 -15"><span class='ocrx_word' id='word_1_834' title='bbox 1925 4969 2299 5031; x_wconf 80' lang='lat' dir='ltr'><strong>vosmetipsos,</strong></span> <span class='ocrx_word' id='word_1_835' title='bbox 2317 4961 2434 5015; x_wconf 88' lang='lat' dir='ltr'><strong>etin</strong></span> <span class='ocrx_word' id='word_1_836' title='bbox 2447 4959 2601 5014; x_wconf 88' lang='lat' dir='ltr'><strong>vobis</strong></span> <span class='ocrx_word' id='word_1_837' title='bbox 2610 4973 2745 5028; x_wconf 91' lang='lat' dir='ltr'><strong>pene</strong></span> <span class='ocrx_word' id='word_1_838' title='bbox 2756 4959 2950 5013; x_wconf 89' lang='lat' dir='ltr'><strong>similia</strong></span> <span class='ocrx_word' id='word_1_839' title='bbox 2969 4957 3274 5013; x_wconf 90' lang='lat' dir='ltr'><strong>invenietis.</strong></span> <span class='ocrx_word' id='word_1_840' title='bbox 3298 4957 3505 5010; x_wconf 85' lang='lat' dir='ltr'><strong>Timete</strong></span> 
     </span>
    </p>
   </div>
   <div class='ocr_carea' id='block_1_115' title="bbox 1928 5071 3501 5155">
    <p class='ocr_par' dir='ltr' id='par_1_115' title="bbox 1928 5071 3501 5155">
     <span class='ocr_line' id='line_1_116' title="bbox 1928 5071 3501 5155; baseline -0.006 -22"><span class='ocrx_word' id='word_1_841' title='bbox 1928 5093 2070 5133; x_wconf 90' lang='lat' dir='ltr'><strong>anno</strong></span> <span class='ocrx_word' id='word_1_842' title='bbox 2097 5075 2200 5131; x_wconf 69' lang='lat'><strong>794</strong></span> <span class='ocrx_word' id='word_1_843' title='bbox 2225 5074 2377 5155; x_wconf 78' lang='lat' dir='ltr'><strong>obiit)</strong></span> <span class='ocrx_word' id='word_1_844' title='bbox 2406 5072 2791 5155; x_wconf 59' lang='lat' dir='ltr'><strong>nobile_mgtim</strong></span> <span class='ocrx_word' id='word_1_845' title='bbox 2816 5087 3034 5155; x_wconf 72' lang='lat' dir='ltr'><strong>germen</strong></span> <span class='ocrx_word' id='word_1_846' title='bbox 3066 5071 3277 5155; x_wconf 52' lang='lat' dir='ltr'><strong>eraruit</strong></span> <span class='ocrx_word' id='word_1_847' title='bbox 3300 5111 3314 5134; x_wconf 94' lang='lat'><strong>,</strong></span> <span class='ocrx_word' id='word_1_848' title='bbox 3343 5083 3501 5150; x_wconf 80' lang='lat' dir='ltr'><strong>gene-</strong></span> 
     </span>
    </p>
   </div>
   <div class='ocr_carea' id='block_1_116' title="bbox 1929 5140 3499 5216">
    <p class='ocr_par' dir='ltr' id='par_1_116' title="bbox 1929 5140 3499 5216">
     <span class='ocr_line' id='line_1_117' title="bbox 1929 5140 3499 5216; baseline -0.006 -12"><span class='ocrx_word' id='word_1_849' title='bbox 1929 5164 2085 5204; x_wconf 88' lang='lat' dir='ltr'><strong>rosus</strong></span> <span class='ocrx_word' id='word_1_850' title='bbox 2129 5140 2803 5216; x_wconf 13' lang='lat' dir='ltr'><strong>sanguis&#39;ell‘riguit.g&#39;l‘nnc</strong></span> <span class='ocrx_word' id='word_1_851' title='bbox 2821 5140 3323 5216; x_wconf 79' lang='lat' dir='ltr'><strong>impudentissimus</strong></span> <span class='ocrx_word' id='word_1_852' title='bbox 3348 5140 3499 5208; x_wconf 84' lang='lat' dir='ltr'><strong>quis-</strong></span> 
     </span>
    </p>
   </div>
   <div class='ocr_carea' id='block_1_117' title="bbox 1929 5213 3497 5290">
    <p class='ocr_par' dir='ltr' id='par_1_117' title="bbox 1929 5213 3497 5290">
     <span class='ocr_line' id='line_1_118' title="bbox 1929 5213 3497 5290; baseline -0.007 -16"><span class='ocrx_word' id='word_1_853' title='bbox 1929 5235 2054 5290; x_wconf 91' lang='lat' dir='ltr'><strong>que,</strong></span> <span class='ocrx_word' id='word_1_854' title='bbox 2085 5218 2172 5273; x_wconf 91' lang='lat' dir='ltr'><strong>cui</strong></span> <span class='ocrx_word' id='word_1_855' title='bbox 2196 5213 2278 5270; x_wconf 80' lang='lat' dir='ltr'><strong>vel</strong></span> <span class='ocrx_word' id='word_1_856' title='bbox 2300 5217 2480 5290; x_wconf 81' lang='lat' dir='ltr'><strong>lingua</strong></span> <span class='ocrx_word' id='word_1_857' title='bbox 2506 5213 2739 5290; x_wconf 73' lang='lat' dir='ltr'><strong>divitias,</strong></span> <span class='ocrx_word' id='word_1_858' title='bbox 2763 5214 2844 5290; x_wconf 75' lang='lat' dir='ltr'><strong>vel</strong></span> <span class='ocrx_word' id='word_1_859' title='bbox 2874 5213 3038 5290; x_wconf 77' lang='lat' dir='ltr'><strong>factio</strong></span> <span class='ocrx_word' id='word_1_860' title='bbox 3072 5223 3497 5290; x_wconf 41' lang='lat' dir='ltr'><strong>terrorem-com-</strong></span> 
     </span>
    </p>
   </div>
   <div class='ocr_carea' id='block_1_118' title="bbox 1927 5280 3500 5360">
    <p class='ocr_par' dir='ltr' id='par_1_118' title="bbox 1927 5280 3500 5360">
     <span class='ocr_line' id='line_1_119' title="bbox 1927 5280 3500 5360; baseline -0.004 -20"><span class='ocrx_word' id='word_1_861' title='bbox 1927 5280 2248 5360; x_wconf 69' lang='lat' dir='ltr'><strong>paraverat,</strong></span> <span class='ocrx_word' id='word_1_862' title='bbox 2289 5288 2356 5360; x_wconf 79' lang='lat' dir='ltr'><strong>ad</strong></span> <span class='ocrx_word' id='word_1_863' title='bbox 2381 5280 2718 5360; x_wconf 71' lang='lat' dir='ltr'><strong>tyrannidem</strong></span> <span class='ocrx_word' id='word_1_864' title='bbox 2752 5285 3030 5360; x_wconf 68' lang='lat' dir='ltr'><strong>anhelare,</strong></span> <span class='ocrx_word' id='word_1_865' title='bbox 3075 5283 3374 5360; x_wconf 33' lang='lat' dir='ltr'><strong>tuncﬁregio</strong></span> <span class='ocrx_word' id='word_1_866' title='bbox 3415 5280 3500 5334; x_wconf 93' lang='lat' dir='ltr'><strong>in-</strong></span> 
     </span>
    </p>
   </div>
   <div class='ocr_carea' id='block_1_119' title="bbox 1929 5350 3499 5431">
    <p class='ocr_par' dir='ltr' id='par_1_119' title="bbox 1929 5350 3499 5431">
     <span class='ocr_line' id='line_1_120' title="bbox 1929 5350 3499 5431; baseline -0.006 -16"><span class='ocrx_word' id='word_1_867' title='bbox 1929 5350 2066 5431; x_wconf 71' lang='lat' dir='ltr'><strong>signi</strong></span> <span class='ocrx_word' id='word_1_868' title='bbox 2090 5350 2255 5431; x_wconf 70' lang='lat' dir='ltr'><strong>abuti.</strong></span> <span class='ocrx_word' id='word_1_869' title='bbox 2279 5350 2516 5431; x_wconf 67' lang='lat' dir='ltr'><strong>Quorum</strong></span> <span class='ocrx_word' id='word_1_870' title='bbox 2536 5356 2898 5431; x_wconf 78' lang='lat' dir='ltr'><strong>Aedilbertus,</strong></span> <span class='ocrx_word' id='word_1_871' title='bbox 2931 5350 3352 5431; x_wconf 70' lang='lat' dir='ltr'><strong>idemquePren,</strong></span> <span class='ocrx_word' id='word_1_872' title='bbox 3377 5365 3499 5430; x_wconf 79' lang='lat' dir='ltr'><strong>cum</strong></span> 
     </span>
    </p>
   </div>
   <div class='ocr_carea' id='block_1_120' title="bbox 1929 5419 3501 5497">
    <p class='ocr_par' dir='ltr' id='par_1_120' title="bbox 1929 5419 3501 5497">
     <span class='ocr_line' id='line_1_121' title="bbox 1929 5419 3501 5497; baseline -0.008 -11"><span class='ocrx_word' id='word_1_873' title='bbox 1929 5419 2145 5486; x_wconf 75' lang='lat' dir='ltr'><strong>biénnio</strong></span> <span class='ocrx_word' id='word_1_874' title='bbox 2175 5419 2504 5484; x_wconf 62' lang='lat' dir='ltr'><strong>Cantuaritis</strong></span> <span class='ocrx_word' id='word_1_875' title='bbox 2534 5426 2889 5497; x_wconf 89' lang='lat' dir='ltr'><strong>imperitaret,</strong></span> <span class='ocrx_word' id='word_1_876' title='bbox 2936 5425 2988 5477; x_wconf 93' lang='lat' dir='ltr'><strong>in</strong></span> <span class='ocrx_word' id='word_1_877' title='bbox 3037 5419 3260 5497; x_wconf 70' lang='lat' dir='ltr'><strong>Mei-Cios</strong></span> <span class='ocrx_word' id='word_1_878' title='bbox 3299 5419 3501 5487; x_wconf 84' lang='lat' dir='ltr'><strong>majora</strong></span> 
     </span>
    </p>
   </div>
   <div class='ocr_carea' id='block_1_121' title="bbox 1927 5493 3498 5565">
    <p class='ocr_par' dir='ltr' id='par_1_121' title="bbox 1927 5493 3498 5565">
     <span class='ocr_line' id='line_1_122' title="bbox 1927 5493 3498 5565; baseline -0.006 -11"><span class='ocrx_word' id='word_1_879' title='bbox 1927 5501 2134 5554; x_wconf 88' lang='lat' dir='ltr'><strong>viribus</strong></span> <span class='ocrx_word' id='word_1_880' title='bbox 2175 5514 2335 5553; x_wconf 89' lang='lat' dir='ltr'><strong>ausus</strong></span> <span class='ocrx_word' id='word_1_881' title='bbox 2365 5507 2420 5553; x_wconf 90' lang='lat' dir='ltr'><strong>et</strong></span> <span class='ocrx_word' id='word_1_882' title='bbox 2456 5500 2523 5551; x_wconf 89' lang='lat' dir='ltr'><strong>ab</strong></span> <span class='ocrx_word' id='word_1_883' title='bbox 2552 5493 2754 5552; x_wconf 79' lang='lat' dir='ltr'><strong>eisdem</strong></span> <span class='ocrx_word' id='word_1_884' title='bbox 2783 5502 2990 5565; x_wconf 89' lang='lat' dir='ltr'><strong>captus,</strong></span> <span class='ocrx_word' id='word_1_885' title='bbox 3031 5493 3260 5546; x_wconf 91' lang='lat' dir='ltr'><strong>vinculis</strong></span> <span class='ocrx_word' id='word_1_886' title='bbox 3287 5506 3498 5556; x_wconf 72' lang='lat' dir='ltr'><strong>melius,</strong></span> 
     </span>
    </p>
   </div>
   <div class='ocr_carea' id='block_1_122' title="bbox 1929 5568 2770 5640">
    <p class='ocr_par' dir='ltr' id='par_1_122' title="bbox 1929 5568 2770 5640">
     <span class='ocr_line' id='line_1_123' title="bbox 1929 5568 2770 5640; baseline -0.007 -14"><span class='ocrx_word' id='word_1_887' title='bbox 1929 5586 2122 5640; x_wconf 82' lang='lat' dir='ltr'><strong>corpus</strong></span> <span class='ocrx_word' id='word_1_888' title='bbox 2149 5569 2443 5640; x_wconf 83' lang='lat' dir='ltr'><strong>captivitati</strong></span> <span class='ocrx_word' id='word_1_889' title='bbox 2472 5568 2719 5640; x_wconf 65' lang='lat' dir='ltr'><strong>prtebuit.</strong></span> <span class='ocrx_word' id='word_1_890' title='bbox 2753 5588 2770 5640; x_wconf 59' lang='grc' dir='ltr'>ξ</span> 
     </span>
    </p>
   </div>
   <div class='ocr_carea' id='block_1_123' title="bbox 2005 5632 3505 5710">
    <p class='ocr_par' dir='ltr' id='par_1_123' title="bbox 2005 5632 3505 5710">
     <span class='ocr_line' id='line_1_124' title="bbox 2005 5632 3505 5710; baseline -0.007 -14"><span class='ocrx_word' id='word_1_891' title='bbox 2005 5632 2040 5681; x_wconf 77' lang='grc' dir='ltr'><strong>θ’</strong></span> <span class='ocrx_word' id='word_1_892' title='bbox 2064 5632 2306 5710; x_wconf 73' lang='lat' dir='ltr'><strong>Gylbum.</strong></span> <span class='ocrx_word' id='word_1_893' title='bbox 2337 5632 2726 5710; x_wconf 65' lang='lat' dir='ltr'><strong>Leg.&#39;Gildam_.</strong></span> <span class='ocrx_word' id='word_1_894' title='bbox 2759 5636 2885 5710; x_wconf 67' lang='lat' dir='ltr'><strong>Ejus</strong></span> <span class='ocrx_word' id='word_1_895' title='bbox 2901 5633 3101 5710; x_wconf 78' lang='lat' dir='ltr'><strong>_Vi_tam_</strong></span> <span class='ocrx_word' id='word_1_896' title='bbox 3117 5633 3384 5710; x_wconf 73' lang='lat' dir='ltr'><strong>dederunt</strong></span> <span class='ocrx_word' id='word_1_897' title='bbox 3403 5632 3505 5710; x_wconf 71' lang='lat' dir='ltr'><strong>ha-</strong></span> 
     </span>
    </p>
   </div>
   <div class='ocr_carea' id='block_1_124' title="bbox 1930 5704 3506 5785">
    <p class='ocr_par' dir='ltr' id='par_1_124' title="bbox 1930 5704 3506 5785">
     <span class='ocr_line' id='line_1_125' title="bbox 1930 5704 3506 5785; baseline -0.005 -19"><span class='ocrx_word' id='word_1_898' title='bbox 1930 5704 2208 5785; x_wconf 57' lang='lat' dir='ltr'><strong>giogra&#39;plii</strong></span> <span class='ocrx_word' id='word_1_899' title='bbox 2222 5704 2655 5785; x_wconf 57' lang='lat' dir='ltr'><strong>Antwerpienses</strong></span> <span class='ocrx_word' id='word_1_900' title='bbox 2665 5707 2734 5760; x_wconf 75' lang='lat'><strong>29</strong></span> <span class='ocrx_word' id='word_1_901' title='bbox 2756 5705 2881 5785; x_wconf 56' lang='lat' dir='ltr'><strong>{an1</strong></span> <span class='ocrx_word' id='word_1_902' title='bbox 2899 5704 3301 5785; x_wconf 36' lang='lat' dir='ltr'><strong>Epistola‘illf‘n‘s</strong></span> <span class='ocrx_word' id='word_1_903' title='bbox 3318 5705 3382 5758; x_wconf 88' lang='lat' dir='ltr'><strong>de</strong></span> <span class='ocrx_word' id='word_1_904' title='bbox 3403 5704 3506 5785; x_wconf 53' lang='lat'><strong>1:3}-</strong></span> 
     </span>
    </p>
   </div>
   <div class='ocr_carea' id='block_1_125' title="bbox 1929 5774 3500 5839">
    <p class='ocr_par' dir='ltr' id='par_1_125' title="bbox 1929 5774 3500 5839">
     <span class='ocr_line' id='line_1_126' title="bbox 1929 5774 3500 5839; baseline -0.007 0"><span class='ocrx_word' id='word_1_905' title='bbox 1929 5774 2072 5839; x_wconf 69' lang='lat' dir='ltr'><strong>cidio</strong></span> <span class='ocrx_word' id='word_1_906' title='bbox 2096 5774 2386 5836; x_wconf 68' lang='lat' dir='ltr'><strong>Britannia:</strong></span> <span class='ocrx_word' id='word_1_907' title='bbox 2411 5774 2587 5835; x_wconf 67' lang='lat' dir='ltr'><strong>eistat</strong></span> <span class='ocrx_word' id='word_1_908' title='bbox 2618 5787 2747 5833; x_wconf 87' lang='lat' dir='ltr'><strong>tom.</strong></span> <span class='ocrx_word' id='word_1_909' title='bbox 2773 5775 2883 5829; x_wconf 77' lang='lat' dir='ltr'><strong>Vill</strong></span> <span class='ocrx_word' id='word_1_910' title='bbox 2911 5775 3048 5830; x_wconf 88' lang='lat' dir='ltr'><strong>Bibl.</strong></span> <span class='ocrx_word' id='word_1_911' title='bbox 3077 5775 3176 5828; x_wconf 88' lang='lat' dir='ltr'><strong>SS.</strong></span> <span class='ocrx_word' id='word_1_912' title='bbox 3210 5775 3335 5839; x_wconf 78' lang='lat' dir='ltr'><strong>PP.,</strong></span> <span class='ocrx_word' id='word_1_913' title='bbox 3367 5774 3500 5831; x_wconf 80' lang='lat' dir='ltr'><strong>edit.</strong></span> 
     </span>
    </p>
   </div>
   <div class='ocr_carea' id='block_1_126' title="bbox 1931 5849 2438 5926">
    <p class='ocr_par' dir='ltr' id='par_1_126' title="bbox 1931 5849 2438 5926">
     <span class='ocr_line' id='line_1_127' title="bbox 1931 5849 2438 5926; baseline -0.016 -16"><span class='ocrx_word' id='word_1_914' title='bbox 1931 5853 2126 5926; x_wconf 77' lang='lat' dir='ltr'><strong>Lugd.,</strong></span> <span class='ocrx_word' id='word_1_915' title='bbox 2161 5866 2284 5922; x_wconf 82' lang='lat' dir='ltr'><strong>pag.</strong></span> <span class='ocrx_word' id='word_1_916' title='bbox 2314 5849 2438 5904; x_wconf 83' lang='lat'><strong>707.</strong></span> 
     </span>
    </p>
   </div>
  </div>
