4056 6328
307 345 332 358 .'\
344 343 400 357 I‘-

307 359 402 396 2-)0

1729 323 2106 398 nrtsrous.

3447 343 3554 405 254

304 455 400 508 tius
427 458 653 521 pugnat,
703 449 841 505 sicut
865 449 963 506 bos
1003 449 1176 506 lassus
1221 448 1414 504 fortius
1443 447 1553 519 figit
1591 447 1860 520 uagulam.
1891 455 1942 512 Α
1969 453 2092 520 tuit,
2129 455 2320 512 melius
2350 464 2432 512 est
2478 469 2538 512 ea
2567 457 2746 514 facere
2787 457 2890 531 ει
2945 473 3062 530 quze
3110 459 3308 516 suadeo
3336 503 3350 526 ,
3389 477 3552 532 quam

299 548 446 603 Sicut
472 546 716 602 diabolus
745 545 954 600 laetatus
978 553 1061 600 est
1109 547 1173 600 de
1223 543 1366 612 fuga,
1413 543 1498 598 fac
1539 551 1598 596 ut
1643 541 1869 612 gaudeat

295 642 537 698 Christus
561 641 628 694 de
671 639 950 710 multiplici
1003 639 1302 694 animarum
1338 653 1366 690 a
1406 645 1454 690 te
1493 633 1772 708 profectu;
1815 645 1870 691 et

293 742 380 790 tua
427 747 637 788 merces
663 731 838 801 major
885 741 1116 796 crescat,
1167 730 1380 785 dicente
1429 727 1542 800 ipsa
1587 729 1862 786 Veritate:

291 823 468 895 Hujus
495 807 743 896 gaudium
784 833 858 876 est
885 823 940 876 in
969 819 1108 876 caelis
1145 838 1320 875 corum
1351 819 1546 892 angelis
1577 821 1676 876 Dei
1715 840 1869 894 super

289 935 387 970 uno
409 924 678 986 peccatore
703 913 1053 984 pteniteutt'nm
1086 923 1294 984 agente,
1331 931 1486 984 quam
1516 931 1670 984 super
1703 931 1867 968 nona-

285 1009 425 1079 ginta
455 1025 632 1062 nor-em
660 1009 748 1078 qui
779 1023 880 1060 non
903 1005 1130 1076 indigent
1157 1007 1454 1076 paenitentia
1481 1007 1629 1076 (Luc.
1667 1024 1752 1071 xv,
1786 1007 1860 1079 7).

284 1100 406 1157 limo
458 1101 636 1156 omnia
674 1101 894 1154 omnino
923 1095 1332 1168 diligentissime
1373 1099 1721 1154 considerans
1748 1142 1762 1166 ,
1809 1101 1864 1154 in

282 1194 480 1250 Christi
511 1195 774 1250 charitate
806 1208 1020 1262 semper
1061 1189 1350 1262 proficias;
1392 1209 1582 1248 amans
1611 1193 1758 1247 illum
1797 1209 1862 1248 ex

279 1298 388 1346 toto
451 1291 654 1354 corde,
725 1279 836 1344 tota
891 1289 1092 1344 virtute
1146 1299 1200 1346 et
1238 1297 1348 1344 tota
1409 1297 1618 1356 mente,
1672 1289 1762 1359 qui
1810 1299 1862 1344 te

278 1382 534 1436 exaltavit
556 1422 572 1448 ,
613 1382 986 1438 bonoriiicavit
1021 1390 1076 1438 et
1110 1381 1449 1439 conservavit
1468 1381 1522 1436 in
1546 1375 1688 1436 diem
1722 1379 1864 1436 salu-

277 1473 342 1528 tis
367 1483 499 1529 tuae.

341 1566 712 1620 Vanissimum
743 1581 872 1620 vero
894 1567 1340 1620 vestimentorum
1369 1565 1594 1628 cultum,
1642 1569 1696 1618 et
1735 1579 1862 1618 con-

277 1657 542 1712 viviorum
575 1658 987 1712 immoderatum
1011 1673 1168 1711 usum
1203 1655 1450 1720 omnino,
1483 1663 1738 1726 quantum
1771 1671 1864 1708 va—

271 1747 400 1813 lcas,
436 1749 704 1819 expellere
726 1767 756 1804 a
779 1757 832 1802 te
859 1749 1072 1818 tuisque
1103 1747 1604 1814 consacerdotibus,
1635 1747 1719 1802 vel
1747 1763 1858 1801 ma-

271 1840 350 1910 gis
389 1841 542 1895 omni
585 1840 728 1895 clero
766 1848 824 1894 ct
874 1839 1252 1894 ecclesiastica:
1297 1839 1575 1908 dignitatis
1605 1839 1859 1910 gradibus
1889 1813 1938 1873 Β

273 1931 686 2003 diligentissime
711 1931 945 1986 studeas.
975 1929 1172 1986 Beatus
1200 1931 1419 1994 Petrus,
1452 1931 1702 2001 princeps
1733 1947 1860 2002 apo—

269 2025 555 2090 stolorum,
587 2025 780 2079 trinam
808 2021 1108 2092 negationis
1133 2023 1398 2078 maculam
1422 2021 1601 2094 (Joan.
1629 2041 1741 2088 xxx,
1773 2023 1858 2096 lii)

267 2119 466 2189 triplici
491 2117 841 2174 confessionis
856 2117 1082 2172 veritate
1100 2117 1298 2182 abluit;
1325 2126 1378 2171 tu
1399 2113 1578 2188 fugam
1603 2117 1860 2188 simplicis

265 2211 476 2267 erroris
523 2211 804 2280 multiplici
861 2207 1260 2280 prtedicationis
1295 2209 1436 2264 bono
1479 2209 1656 2264 ablue.
1692 2209 1758 2263 Et
1805 2217 1864 2264 ut

262 2303 507 2358 maxime
556 2311 863 2357 sanctarum
893 2301 1296 2370 Scripturarum
1352 2299 1512 2355 lectio
1565 2315 1660 2370 per
1713 2309 1858 2354 tuam

260 2394 672 2448 sanctissimam
717 2409 906 2446 curam
939 2401 1262 2458 renovetur,
1312 2401 1366 2445 et
1387 2389 1754 2448 ecclesiastica
1782 2389 1864 2447 di—

263 2487 460 2560 gnitas
495 2487 692 2557 ubique
727 2486 1014 2551 cxaltetur,
1038 2495 1092 2538 et
1124 2493 1310 2539 sancta
1341 2485 1510 2548 sedes,
1544 2500 1664 2553 qua:
1689 2485 1864 2554 prima

263 2577 371 2632 fuit
405 2578 460 2632 in
485 2577 608 2642 lide,
637 2577 808 2648 prima
839 2578 908 2631 sit
935 2577 988 2631 in
1012 2575 1158 2632 omni
1181 2575 1466 2645 sapientia,
1489 2567 1542 2629 et
1558 2577 1862 2643 sanctitate,

263 2680 318 2726 et
339 2671 584 2734 honore;
619 2677 676 2724 ut
705 2671 779 2724 ibi
810 2670 1149 2740 interrogans
1171 2669 1422 2732 inveniat,
1457 2669 1714 2740 ignorans
1756 2667 1864 2723 dis—

264 2771 354 2818 cat
380 2761 526 2832 quod
574 2761 770 2832 cupiat,
832 2761 1012 2816 sciens
1057 2759 1238 2814 videat
1268 2759 1411 2831 quod
1461 2749 1660 2814 laudet.
1707 2753 1775 2814 Et
1803 2767 1862 2814 ut

265 2854 528 2909 Ecclesia
557 2853 756 2918 unitas,
791 2869 909 2924 quae
947 2853 1144 2924 partim
1184 2851 1407 2908 discissa
1435 2859 1516 2907 est
1562 2865 1668 2906 non
1697 2851 1862 2906 ratio-

267 2947 452 3010 nabili,
487 2955 546 3002 ut
568 2945 802 3012 videtur,
832 2946 1288 3008 consideratione,
1323 2941 1416 3000 sed
1446 2943 1676 3014 quadam
1711 2953 1861 3013 pote-

266 3037 422 3094 statis
447 3037 772 3110 [Malmesb.,
794 3034 1032 3108 pietatis]
1061 3035 1373 3107 cupiditate,
1405 3047 1429 3074 α
1457 3035 1500 3089 si
1527 3031 1642 3088 fieri
1668 3035 1854 3103 possit,

264 3129 494 3199 paciﬁce
525 3127 809 3192 adunetur,
839 3137 891 3182 et
925 3127 1114 3182 scissio
1145 3125 1498 3190 resarciatur,
1531 3125 1728 3180 bonum
1775 3125 1854 3179 vi-

265 3223 419 3278 detur
447 3237 568 3276 esse
593 3236 716 3276 cum
746 3221 970 3276 consilio
996 3219 1236 3274 omnium
1277 3217 1616 3274 sacerdotum
1650 3216 1856 3274 Christi

262 3322 312 3369 et
340 3315 648 3384 coepiscopi
674 3312 938 3386 [Usserius
968 3311 1110 3384 legit,
1142 3311 1498 3386 coepiscopis]
1547 3309 1854 3366 Eboracen-

263 3409 334 3464 sis
379 3409 643 3464 Ecclesiae
671 3406 1006 3473 deliberare;
1067 3407 1142 3462 ita
1171 3415 1373 3472 tamen,
1405 3415 1464 3459 ut
1497 3405 1524 3444 ι)
1552 3407 1706 3476 pater
1731 3405 1852 3476 pius

265 3503 422 3574 pallio
459 3502 650 3556 diebus
679 3502 792 3556 suis
843 3516 952 3556 non
1001 3509 1252 3566 exuatur,
1289 3501 1415 3555 licet
1444 3499 1710 3554 ordinatio
1745 3500 1857 3569 epi-

269 3611 558 3666 scoporum
590 3595 656 3648 ad
685 3603 922 3648 sanctam
973 3603 1028 3649 et
1071 3595 1302 3665 primam
1352 3595 1532 3649 sedem
1588 3601 1852 3648 recurrat.

274 3685 392 3744 Haec
421 3687 611 3742 omnia
641 3695 730 3740 tua
752 3686 1092 3742 sanctissima
1122 3685 1386 3756 sapientia
1425 3685 1763 3750 consideret,
1798 3695 1855 3740 ut

275 3779 555 3838 charitatis
582 3779 868 3836 concordia
897 3779 990 3836 ﬁat
1011 3780 1152 3836 inter
1175 3781 1381 3852 primos
1403 3787 1649 3854 pastores
1686 3779 1856 3835 cccle-

273 3871 476 3926 siarum
500 3869 722 3960 Christi‘
1113 3951 1116 3954 _

333 3961 387 4020 Si
409 3964 550 4036 quid
570 3979 697 4036 ergo
725 3962 990 4036 superﬂue
1021 3965 1076 4018 in
1107 3964 1193 4020 his
1221 3965 1356 4020 meis
1398 3963 1650 4020 litterulis
1678 3961 1850 4019 dicta-

269 4057 428 4112 verim
461 4097 475 4124 ,
515 4064 608 4111 tua
651 4067 836 4114 sancta
867 4059 1126 4130 patientia
1151 4059 1401 4128 benigne,
1431 4060 1658 4112 obsecro
1680 4098 1692 4121 ,
1733 4073 1854 4110 sus-

269 4149 420 4220 cipiat
453 4191 472 4216 ,
507 4165 607 4205 nec
649 4151 780 4206 mihi
813 4152 1072 4206 scribenti
1107 4151 1366 4222 imputet,
1396 4151 1488 4204 sed
1523 4151 1618 4202 tibi
1641 4150 1850 4220 jubcnti

269 4239 526 4314 injungat.
551 4242 660 4298 Nec
681 4259 780 4316 ego
799 4253 1228 4314 prmsumptuosa
1259 4243 1563 4298 temeritate
1609 4241 1723 4312 egi,
1757 4243 1851 4297 sed

269 4333 456 4388 humili
484 4335 822 4400 obctlientia;
877 4335 1260 4399 considerans,
1297 4335 1428 4404 quid
1463 4333 1643 4388 multis
1689 4336 1851 4404 proti-

269 4441 380 4480 cere
425 4429 718 4502 potuisset,
767 4429 880 4484 sive
930 4428 1085 4500 culpa
1123 4438 1293 4492 esset,
1339 4429 1452 4484 sive
1482 4445 1588 4484 non
1616 4437 1758 4484 esset
1793 4429 1847 4482 in

1973 549 2240 604 omittere.
2279 549 2509 606 Omnino
2552 551 2844 606 allectuosa
2874 553 3139 608 charitatc
3171 551 3462 618 admoneo,
3491 563 3554 610 ut

1972 641 2236 696 instanter
2279 641 2539 711 prtedices
2589 643 2812 698 verbum
2859 641 2986 710 Dei;
3034 646 3140 699 hoc
3184 645 3266 701 est
3317 643 3552 702 ofﬁcium

1971 740 2122 786 tuum
2141 773 2155 796 ,
2187 731 2304 787 haec
2325 747 2534 788 merces
2557 737 2670 800 tua,
2695 733 2752 788 hi
2779 735 2987 790 fructus
3007 735 3206 804 operis,
3230 737 3344 792 hanc
3374 745 3556 792 sacer-

1971 815 2114 877 dotis
2141 819 2406 894 dignitas,
2435 823 2551 878 laus
2596 831 2651 879 et
2681 823 2884 890 honor;
2948 831 3208 895 quatenus
3267 825 3551 897 multiplici

1967 913 2166 969 laboris
2195 913 2371 970 fructu
2399 915 2450 969 in
2480 925 2768 987 conspectu
2804 917 3014 972 Domini
3039 915 3134 972 Del
3162 917 3244 972 sui
3273 925 3548 988 appareat,

1967 1013 2022 1060 et
2057 1001 2248 1074 dignus
2297 1007 2560 1060 clliciatur
2617 1005 3030 1062 desiderabilem
3079 1009 3264 1062 audire
3322 1015 3548 1064 vocem:

1965 1095 2146 1167 Euge,
2168 1113 2310 1152 serve
2348 1099 2476 1152 bone
2513 1105 2559 1152 et
2589 1095 2794 1169 ﬁdelis,
2831 1099 2958 1170 quia
3009 1113 3164 1170 super
3197 1111 3364 1170 pauca
3403 1099 3554 1170 {uiui

1963 1185 2165 1259 ﬁdelis,
2201 1205 2354 1259 super
2375 1187 2538 1241 multa
2567 1199 2614 1242 te
2644 1191 2960 1244 constituam
2985 1207 3004 1256 ;
3049 1191 3190 1244 intra
3219 1191 3274 1243 tu
3300 1190 3550 1259 gaudium

1965 1279 2178 1334 Domini
2225 1279 2322 1336 Del
2349 1281 2426 1334 tui
2469 1273 2681 1351 (Matth.
2731 1291 2870 1346 xxv,
2919 1281 3008 1346 21,
3039 1282 3151 1354 9.5).
3201 1281 3552 1350 Omnipotens

1965 1369 2106 1427 Deus
2133 1374 2510 1443 paternitatem
2563 1366 2798 1428 vestram
2847 1367 2912 1427 ad
2939 1374 3320 1428 exultationem
3347 1381 3550 1428 sancta!

1967 1477 2074 1518 suae
2111 1457 2364 1518 Ecclesia:
2411 1464 2462 1517 in
2503 1465 2648 1518 omni
2695 1471 2857 1534 apere
2897 1463 3138 1534 perlecta
3183 1463 3552 1533 multipliciter

1963 1553 2154 1612 ﬂorere
2179 1555 2364 1622 faciat,
2397 1556 2740 1611 sant-tissime
2771 1555 2930 1610 Pater
2955 1557 2966 1610 !

2425 1679 2444 1707 ο
2471 1665 2804 1722 EPISTULA
2849 1659 3080 1722 LXXVI.

2494 1755 2560 1794 AD
2590 1751 2806 1794 DOﬁl-NUH
2834 1749 3010 1794 REGE!
3022 1779 3035 1791 .

2283 1829 2458 1904 (Anno
2485 1833 2606 1898 797,
2655 1845 2841 1887 mense
2887 1830 3222 1898 Novembri.)

1959 1919 1994 1954 ⁸
2387 1921 2464 1980 De
2485 1925 2686 1980 ratione
2705 1925 2870 1980 saltus
2892 1924 3116 1980 lunaris.

2033 2027 2260 2082 Domino
2287 2021 2787 2080 desiderantissime
2814 2031 2866 2078 et
2896 2021 3043 2078 omni
3067 2021 3344 2092 sapientia:
3357 2021 3550 2076 decore

1963 2107 2263 2174 clarissimo
2295 2115 2462 2171 David
2491 2119 2604 2188 regi
2634 2111 2864 2172 Flaccus
2891 2113 3122 2171 Albinus
3149 2119 3418 2186 perpetutc
3455 2125 3550 2184 pa-

1963 2205 2042 2265 cis
2072 2219 2126 2264 et
2155 2207 2336 2280 gloria:
2367 2209 2614 2264 Salutem.

2035 2303 2222 2356 Solent
2260 2304 2443 2372 itaque
2489 2303 2554 2357 de
2605 2301 2751 2356 fonte
2807 2301 3090 2355 charitalis
3145 2299 3343 2369 sacpius
3387 2299 3550 2354 verba

1965 2375 2129 2446 liuere
2159 2393 2528 2458 salutationis;
2563 2391 2648 2446 vel
2682 2393 2726 2447 si
2761 2387 3132 2462 longinquitas
3159 2393 3426 2445 terrarum
3457 2403 3550 2445 vo—

1965 2475 2042 2538 cis
2072 2471 2245 2538 ollicia
2273 2491 2449 2554 neget,
2480 2483 2662 2554 apices
2686 2481 2992 2538 dilectionis
3023 2489 3329 2539 atramento
3351 2483 3552 2538 forma-

1965 2573 2006 2630 ti
2029 2575 2302 2632 multoties
2323 2581 2623 2632 recurrant.
2652 2577 2858 2632 Idcirco
2884 2575 3120 2647 simplici
3149 2583 3274 2631 voto
3287 2575 3550 2645 deprecor

1962 2675 2023 2723 ut
2047 2665 2206 2723 liceat
2230 2677 2425 2724 nostrae
2449 2669 2734 2740 pirvitatis
2761 2665 3062 2724 chartulam
3107 2670 3174 2724 ad
3205 2675 3398 2742 vestra:
3448 2679 3548 2723 au-

1963 2765 2232 2820 ctoritatis
2284 2767 2626 2836 prmscutiam
2679 2765 2874 2834 saepius
2921 2771 3222 2826 reeurrc‘re,
3285 2761 3548 2817 termitem

1963 2872 2082 2926 qua:
2121 2857 2204 2910 vel
2244 2865 2440 2910 vestrae
2471 2855 2748 2926 sapientia)
2772 2855 3033 2923 jucunda,
3065 2851 3148 2908 vel
3179 2861 3378 2909 nostrae
3417 2865 3546 2922 par-

1960 2947 2111 3002 vitati
2135 2945 2440 3002 necessaria
2465 2961 2583 3000 esse
2608 2947 2936 3000 arbitremur
2969 2961 2983 2999 :
3013 2953 3066 3000 et
3085 2939 3388 3016 opportuno
3411 2945 3548 2998 tem-

1959 3055 2089 3110 pore
2118 3035 2339 3093 Flaccus
2362 3043 2539 3092 vester
2561 3037 2772 3106 tegatur
2810 3037 2862 3091 in‘
2902 3035 3117 3102 litteris,
3149 3035 3242 3106 qui
3271 3035 3542 3107 quondam

1962 3125 2281 3185 audiebatur
2311 3129 2364 3183 in
2391 3127 2568 3184 verbis
2595 3127 2641 3181 δ.
2675 3127 2808 3182 Nam
2847 3139 3010 3184 causa
3057 3125 3216 3200 hujus
3265 3129 3549 3200 pungentis

1964 3223 2220 3278 chartula:
2247 3219 2452 3276 lunaris
2481 3219 2650 3276 saltus
2672 3219 2862 3276 etl‘ecta
2893 3231 2998 3288 est;
3021 3223 3112 3294 qui
3145 3221 3197 3276 in
3229 3215 3548 3277 haclucenti

1959 3311 2108 3372 Luna
2133 3315 2438 3371 Novembrii
2477 3315 2676 3370 mensis
2706 3325 2848 3370 anno
2873 3309 3062 3372 circuli
3097 3311 3542 3372 decennovenna-

1959 3401 2026 3467 lis
2054 3410 2350 3466 novissimo
2381 3419 2403 3448 θ
2433 3405 2737 3463 certissime
2769 3407 2962 3478 inspici
2990 3407 3212 3478 poterit.
3243 3407 3409 3478 Igitur
3435 3405 3550 3460 haec

1957 3503 2083 3560 luna
2119 3497 2430 3558 Novembrii
2460 3501 2682 3567 mensis,
2715 3515 2833 3572 qua:
2857 3517 2954 3574 per
2986 3491 3172 3556 decem
3202 3507 3255 3556 et
3277 3509 3400 3555 octo
3449 3509 3547 3552 an-

1957 3617 2055 3655 nos
2091 3599 2368 3654 triccsima
2403 3597 2837 3665 computabatur,
2871 3595 2924 3649 in
2957 3591 3063 3649 hoc
3099 3603 3240 3648 anno
3293 3587 3548 3663 praesenti

1953 3691 2162 3766 praefati
2189 3685 2380 3747 circuli
2413 3703 2554 3744 nono
2581 3685 2790 3743 decimo
2809 3729 2823 3752 ,
2875 3685 3296 3741 undetricesima
3325 3691 3546 3754 compu-

1957 3787 2058 3841 tari
2088 3783 2196 3858 82
2224 3785 2402 3840 debet.
2429 3783 2506 3837 lta
2534 3789 2592 3835 ut
2615 3781 2679 3836 de
2717 3779 2973 3836 vicesima
3000 3787 3160 3844 noua,
3187 3793 3306 3848 quae
3347 3775 3407 3830 tit
3449 3791 3544 3831 oc-

1957 3877 2110 3936 tavas
2131 3877 2247 3932 Kal.
2273 3877 2608 3942 Decembris,
2639 3883 2885 3929 vertatur
2913 3873 3140 3942 septima
3167 3869 3283 3926 Kal.
3329 3873 3380 3926 iu
3427 3869 3543 3942 pri-

1953 3987 2096 4026 mam
2131 3989 2141 4022 :
2170 3973 2224 4024 et
2255 3969 2314 4023 lit
2341 3969 2428 4024 die
2451 3967 2570 4020 Kal.
2593 3959 2969 4020 Decembrium
2992 3963 3239 4031 septima,
3273 3977 3392 4030 qum
3415 3959 3543 4027 jux-

1952 4071 2005 4118 ta
2035 4061 2313 4133 regulares
2355 4059 2574 4130 epactas
2620 4063 2770 4112 sexta
2802 4061 3108 4125 computata
3141 4061 3252 4116 est;
3286 4059 3340 4106 et
3386 4059 3545 4107 erunt

1953 4163 2064 4208 tres
2097 4153 2236 4206 luna:
2265 4151 2490 4221 pariter,
2517 4145 2738 4204 Octobri
2766 4139 2996 4210 scilicet,
3024 4149 3080 4198 et
3124 4141 3438 4208 Novembri,
3490 4151 3546 4198 et

1952 4245 2234 4302 Decembri
2273 4243 2474 4300 mensis
2505 4241 2974 4296 undetriccnarum
3015 4238 3246 4292 dierum.
3299 4233 3452 4303 Quod
3498 4251 3540 4289 si

1953 4339 2071 4410 quis
2095 4337 2365 4393 obstinata
2391 4335 2568 4390 mente
2591 4335 2770 4390 faecl‘c
2797 4331 3116 4404 neglexerit,
3155 4327 3207 4386 et
3241 4329 3414 4399 magis
3465 4343 3544 4384 rc-

1952 4419 2226 4502 gularibus
2265 4445 2424 4499 quam
2457 4423 2650 4482 rationi
2675 4425 2843 4484 saltus
2883 4423 3154 4490 lnnltitnr,
3188 4429 3243 4478 et
3271 4421 3387 4478 vult
3435 4419 3542 4478 Νο-

269 4519 401 4591 tuga.
433 4519 640 4576 Tamen
677 4531 938 4596 quantum
963 4539 1080 4578 inea
1110 4521 1322 4578 devotio
1354 4523 1702 4578 considerare
1745 4537 1844 4590 po-
1952 4515 2178 4580 vembrii
2210 4521 2411 4578 mensis
2439 4523 2620 4577 lunam
2669 4521 2888 4592 triginta
2935 4511 3140 4574 habere
3186 4517 3319 4582 dies,
3382 4525 3436 4571 et
3481 4517 3536 4572 in

333 4645 364 4704 ιγ
383 4631 444 4687 Si
476 4633 591 4701 ﬁeri
613 4635 794 4702 possit.
825 4633 1316 4689 Malmesburicnsis
1345 4635 1420 4690 ita
1461 4633 1618 4704 legit:
1653 4655 1668 4684 ε
1693 4633 1843 4700 Quod

270 4701 311 4782 si
343 4703 457 4758 fieri
487 4701 658 4786 possit
681 4714 736 4758 ut.
769 4707 990 4786 paciﬁci:
1031 4707 1313 4772 minuetur,
1343 4714 1397 4758 et
1434 4701 1622 4786 suum
1672 4721 1844 4786 resar-

272 4776 454 4836 ciatur,
489 4779 689 4828 bonum
730 4776 941 4828 videtur
970 4791 1108 4838 esse,
1164 4794 1284 4830 cum
1327 4777 1553 4830 ctmsilio
1603 4777 1842 4830 (mnium

271 4843 604 4916 sacerdotum
637 4847 834 4900 Christi
858 4855 910 4898 et
941 4847 1240 4916 coepiscepi
1269 4848 1433 4902 vestri
1481 4847 1842 4902 Eboracensis

275 4912 538 4982 Ecclesiae,
567 4925 630 4970 ut
659 4919 780 4980 ﬁat;
817 4919 888 4970 ita
921 4912 1120 4978 tmuen,
1148 4937 1166 4970 ι
1191 4912 1309 4976 ἐκ.

339 4986 361 5024 ιι
385 4986 518 5068 Ρὲιιε
543 4997 710 5068 pater:
737 4988 1000 5068 uiiniirum
1025 4988 1270 5068 Alduit‘us
1299 5003 1398 5068 seu
1425 4987 1842 5068 ddvnlfusgpi-

275 5070 454 5129 scapus
499 5057 952 5129 Licuitli'eldmsis,
989 5075 1144 5128 quem
1183 5059 1272 5129 qui
1299 5063 1397 5114 3cm
1423 5057 1535 5112 Ot'l'a
1572 5075 1666 5111 rex
1703 5057 1844 5111 Mer-

275 5127 464 5184 ciorum
500 5127 938 5200 archiepiscopi“
973 5131 1175 5184 honore
1199 5127 1268 5183 ct
1295 5129 1454 5200 pallio
1483 5129 1728 5198 insigniri
1753 5145 1844 5182 cu-

275 5208 508 5268 raverat,
555 5199 844 5254 abstractis
905 5201 1121 5268 primali
1176 5199 1552 5256 Cantuaricnsi
1593 5201 1844 5254 omnibus

275 5265 582 5342 Merciorum
624 5265 1082 5342 ecclesiisfsedis
1140 5280 1318 5328 tantum
1371 5289 1481 5326 sua:
1529 5271 1842 5342 dignitatem

277 5341 526 5410 reparavit
556 5341 894 5414 Athelartlus,
927 5343 1200 5412 negotium
1237 5341 1605 5414 promovente
1629 5343 1842 5414 scriptis

277 5423 365 5482 suo
404 5421 458 5464 et
500 5413 739 5465 omnium
777 5413 1066 5467 Bl‘llillllllil}
1117 5414 1493 5482 epismqiorum
1533 5413 1746 5466 nomine
1778 5413 1843 5466 ad

277 5477 496 5535 Leonem
521 5482 583 5536 lll
611 5483 805 5538 litteris
829 5485 1055 5538 Kenulfo
1085 5477 1228 5552 tege,
1255 5477 1386 5538 Utile
1411 5495 1465 5536 et
1491 5483 1690 5553 Egl'ritli
1719 5499 1840 5537 suc-

279 5564 500 5624 cessore.
529 5553 749 5623 (Mabill.
781 5554 974 5608 Annal.
999 5555 1192 5608 Bencd.
1233 5556 1327 5609 lib.
1359 5571 1502 5616 xxvi,
1530 5571 1582 5606 ιι.
1613 5553 1838 5624 65,pag.

280 5619 418 5694 ξδο.)
449 5619 622 5677 .‘llonet
649 5625 810 5694 igitur
841 5627 940 5680 hoc
971 5627 1087 5680 loco
1125 5626 1407 5690 Alcuinus,
1462 5633 1519 5677 ut
1567 5619 1846 5679 Liceidt'e'l-

279 5688 460 5766 densis
475 5688 759 5766 episcopus
799 5697 1186 5765 metropolitico
1213 5688 1429 5766 quidem
1457 5694 1721 5762 jure,non
1749 5711 1840 5750 ve-

253 5805 258 5815 .
281 5776 338 5838 ro
363 5765 518 5833 pallio
539 5776 799 5832 exuatur;
823 5777 878 5821 et
897 5765 1268 5838 episcoporum
1298 5767 1588 5832 ordinatio,
1623 5783 1724 5821 non
1777 5767 1844 5821 ad

286 5831 472 5910 ipsum,
514 5839 608 5894 sed
638 5839 704 5894 ad
759 5831 990 5910 primam
1043 5831 1246 5908 sedem,
1269 5839 1354 5894 cui
1379 5831 1580 5912 nempe
1615 5839 1845 5912 dignitas

1947 4641 2338 4710 metropolitica
2367 4637 2646 4710 competit,
2677 4637 2727 4690 id
2751 4645 2835 4692 est
2869 4634 3314 4690 Cantuariensem
3354 4649 3540 4688 recur-

1947 4723 2050 4766 rat.
2085 4709 2213 4764 Vide
2253 4709 2533 4780 epistolzun
2559 4709 2814 4780 priorem.

2021 4793 2042 4816 θ
2071 4783 2162 4834 Est
2199 4773 2313 4834 lucc
2345 4773 2575 4848 epistola
2599 4777 2804 4830 decium
2845 4777 2986 4846 apud
3029 4775 3327 4848 Callistum.
3362 4773 3536 4848 _tertl_a

1945 4854 2086 4922 apud
2101 4844 2498 4918 Quercetaiium
2515 4844 2892 4918 (Sexagesima
2903 4847 3076 4916 prima
3093 4846 3232 4914 apud
3255 4844 3533 4970 Fratrem}.

1949 4925 2082 4970 Eam
2135 4922 2300 4970 multo
2331 4921 2624 4970 auctiorem
2677 4919 2843 4970 edidit
2892 4920 3264 4970 ()uercetanus
3307 4931 3372 4969 ex
3411 4931 3474 4968 co
3519 4953 3532 4967 .

1947 4919 2082 4978 Eam
2135 4922 2300 4976 mtdto
2331 4921 2624 4974 auctiorem
2677 4919 2843 4974 edidit
2887 4920 3264 4986 Qucrcetauus
3307 4931 3372 4969 ex
3398 4931 3474 4986 ﬁco

1947 5011 2049 5048 ms.
2102 4991 2474 5048 (lui-rectiones
2520 4989 2722 5060 aliquot
2751 4985 3093 5044 adhiiutimus
3139 5003 3204 5041 ex
3245 4987 3362 5040 cod.
3392 4985 3537 5042 Vati-

1948 5081 2103 5121 Cilill).

2017 5137 2044 5176 ἀ
2071 5137 2169 5190 llic
2195 5135 2314 5190 linis
2345 5131 2586 5202 epistolae
2615 5131 2754 5200 apud
2782 5131 3079 5186 Canisium.

2025 5207 2276 5266 t‘Cireuli
2325 5199 2816 5260 décennovennalis
2855 5219 3030 5258 annus
3083 5199 3412 5258 novissimus
3438 5213 3530 5252 seu

1947 5280 2169 5334 ultimus
2195 5280 2334 5332 intra
2357 5287 2714 5346 tempus,quo
2735 5273 2995 5346 Algttititis
3018 5275 3067 5328 in
3103 5271 3326 5346 Francia
3357 5285 3534 5346 litora-

1945 5347 2124 5410 batur,
2159 5357 2272 5403 erat
2301 5339 2482 5414 annus
2501 5339 2640 5412 797,-
2658 5359 2764 5414 quo
2799 5339 2920 5399 luna
2947 5351 3134 5412 quarta
3161 5342 3365 5414 decima
3396 5339 3534 5414 luei-

1945 5421 2106 5476 debat
2136 5437 2221 5492 xv.
2253 5417 2372 5492 Kal.
2405 5413 2547 5481 Maii,
2573 5413 2716 5470 sicut
2749 5415 3176 5492 anuoseqneuti,
3209 5413 3304 5492 qui
3322 5413 3532 5492 primus

1945 5501 2064 5546 erat
2112 5491 2298 5548 circuli
2335 5487 2844 5552 dectumovennalis,
2895 5487 3083 5546 incidit
3112 5485 3279 5554 Nonis
3307 5483 3526 5554 Aprilis.

1948 5563 2048 5632 Qui
2077 5563 2312 5618 calculus
2335 5562 2498 5632 etiam
2527 5559 2776 5632 convenit
2809 5551 3158 5632 cum_e;__il_cttlo
3185 5551 3318 5632 Yon.
3353 5551 3528 5620 Betim,

1988 5625 2106 5687 ucm
2149 5633 2269 5686 vide
2317 5641 2446 5686 tom.
2480 5625 2498 5684 l
2529 5629 2662 5700 Opp.
2691 5645 2812 5700 pagg.
2851 5625 2956 5688 565
2990 5627 3332 5700 (Patrologite
3383 5633 3531 5681 tum!)

1988 5651 2106 5687 ucm
2149 5651 2269 5686 \‘ltlc
2317 5651 2446 5686 lOlll.
2481 5651 2497 5684 ι
2529 5651 2662 5700 Upp.
2693 5651 2812 5700 pag.
2853 5651 2956 5688 ους.)
2990 5651 3332 5700 μ’(ηνυιυυηιξ
3386 5651 3531 5681 ιυιιιυ

1945 5651 2079 5768 ἦρ).
2111 5705 2278 5774 lgl:Ur
2326 5717 2564 5774 przesens
2616 5698 2842 5774 epistola
2889 5699 2986 5754 abs
3013 5699 3177 5754 dubio
3205 5699 3405 5768 scriptu
3443 5701 3533 5754 θιι

1937 5769 2300 5836 κόρωήηηο
2329 5769 2457 5840 Ἶθῖ,
2497 5769 2684 5828 ense
2705 5769 2844 5828 Nov.
