4074 6436
498 381 603 439 355

1377 374 1438 430 Β.
1477 374 1542 431 F.
1580 372 1808 429 ALBINI
1846 372 1978 430 SEU
2017 371 2300 432 ALCUIN'I
2334 371 2619 432 OPERUM
2652 371 2830 428 PARS
2867 373 2906 428 Ι.

3550 358 3555 363 “
3648 369 3754 427 256

499 492 619 553 Kal.
656 489 968 563 Decernbris
988 497 1197 546 sextam
1225 486 1430 551 lunam,
1464 472 1658 555 magno
1707 500 1765 539 se
1809 500 1935 539 mox
1982 485 2084 538 im-
2108 491 2151 546 Α
2187 485 2422 556 adjicere
2447 485 2583 541 solet
2600 500 2694 540 seu
2727 484 2889 540 solari
2918 498 3011 538 seu
3040 483 3214 540 lunari
3243 497 3405 550 anno,
3441 491 3502 539 ut
3521 485 3756 555 aestimo,

502 584 787 661 plicaverit
818 582 992 638 errori
1012 582 1069 636 in
1114 587 1306 651 quarta
1355 578 1561 634 decima
1623 575 1751 631 luna
1799 575 2082 631 Paschalis

503 678 649 734 festi.
683 675 742 731 Si
765 688 895 730 vero
914 673 1033 728 Kal.
1066 670 1379 727 Decembris
1404 674 1555 723 sexta
1584 667 2083 738 computabiturlu-

505 789 594 839 na,
625 784 847 827 necesse
866 769 972 824 erit
998 774 1057 823 ut
1079 767 1131 820 in
1158 764 1273 819 Kal.
1302 762 1586 819 Ianuarias
1613 770 1806 817 octava
1835 762 1906 816 sit
1932 762 2080 826 luna,

503 872 561 920 et
587 861 883 919 Februario
921 873 1080 921 nona,
1113 856 1242 911 etin
1270 853 1462 908 Martio
1482 862 1670 909 octava
1699 870 1712 906 :
1743 860 1800 908 et
1836 853 1923 909 die
1976 852 2080 908 Ka-

504 956 785 1012 lendarum
811 949 1075 1023 Aprilium
1096 961 1259 1011 nona,
1284 954 1340 1000 et
1364 952 1589 1015 quartas
1630 943 1811 1000 Nonas
1842 942 2083 1011 ejusdem

502 1046 704 1116 Aprilis
743 1044 989 1107 decima;
1035 1041 1226 1095 tertias
1278 1039 1459 1093 Nonas
1512 1036 1831 1101 undecima;
1883 1037 2086 1106 pridias

504 1137 687 1193 Nonas
710 1135 1063 1198 duodecima;
1093 1130 1276 1186 Nonas
1301 1131 1460 1185 tertia
1485 1129 1712 1192 decima,
1757 1144 1877 1199 qua:
1926 1125 2082 1196 juxta

504 1234 768 1291 rationem
799 1228 1078 1286 Paschalis
1106 1227 1228 1283 festi
1260 1234 1452 1297 quarta
1487 1226 1693 1281 decima
1732 1224 1893 1279 debet
1945 1223 2083 1291 ﬁeri,

505 1328 648 1383 sicut
674 1327 742 1380 ab
766 1322 1014 1379 omnibus
1063 1323 1119 1377 in
1151 1320 1397 1377 terminis
1420 1318 1765 1389 paschalibus
1802 1318 2086 1373 verissime

505 1422 821 1478 decantatur
868 1426 925 1473 et
964 1416 1274 1472 ﬁrmissime
1308 1423 1543 1470 tenetur.
1568 1414 1635 1468 Et
1664 1413 1860 1483 videri
1907 1419 2088 1483 potest

503 1510 788 1583 diligenter
807 1509 1298 1573 considerantibus,
1330 1514 1568 1579 quantus
1617 1522 1771 1561 error
1817 1514 1872 1559 et
1923 1520 2085 1574 quam

501 1603 835 1674 perniciosus
860 1603 914 1657 in
944 1601 1072 1656 luna
1101 1613 1294 1672 quarta
1322 1600 1529 1655 decima
1552 1600 1674 1655 etin
1689 1599 1775 1654 die
1796 1598 2087 1653 Dominica:

501 1694 743 1760 Paschae,
770 1703 828 1750 et
870 1695 923 1749 in
954 1702 1115 1749 aetate
1164 1694 1304 1748 lunae
1317 1692 1554 1761 ejusdem
1577 1691 1681 1746 diei
1708 1692 1838 1745 oriri
1864 1690 2083 1760 poterit,

502 1787 546 1845 si
573 1786 695 1857 quis
725 1801 833 1841 non
860 1785 1133 1841 curaverit
1160 1800 1327 1839 unum
1353 1784 1495 1838 diem
1535 1783 1588 1837 in
1616 1790 1775 1837 aatate
1803 1783 1943 1837 luna:
1998 1798 2085 1837 ra-

2184 579 2348 634 diem.

2253 669 2494 736 Qualiter
2509 683 2640 725 vero
2693 669 2852 738 hujus
2901 669 3037 724 ratio
3088 667 3257 724 saltus
3318 667 3542 741 singulis
3603 671 3788 757 annis

2186 758 2366 833 [cycli]
2393 760 2875 815 decennovennalis
2899 760 2953 814 in
2988 759 3398 815 diminutionem
3445 761 3605 816 unius
3654 762 3761 819 diei

2139 872 2151 879 ο
2185 858 2483 915 accrescat,
2515 850 2741 905 diversis
2766 850 2941 906 modis
2972 857 3341 921 computatur.
3375 848 3482 907 Sed
3521 852 3639 907 hzec
3681 852 3762 908 fa-

2184 942 2339 998 cilior
2371 943 2582 997 videtur
2614 943 2962 1011 computatio,
2991 950 3051 996 ut
3069 943 3324 1006 sciamus,
3349 943 3579 1013 singulis
3606 947 3763 1001 annis

2185 1038 2319 1109 cycli
2335 1037 2814 1092 decennuvennalis
2833 1053 2996 1092 unam
3009 1038 3199 1091 horam
3221 1045 3456 1092 etunum
3474 1047 3759 1110 punctum,

2184 1139 2240 1184 et
2264 1144 2457 1183 novam
2485 1127 2603 1200 [F.,
2626 1129 2847 1202 nonam]
2881 1129 3144 1184 decimam
3188 1137 3400 1198 partem
3430 1130 3588 1185 unius
3631 1146 3765 1200 pun-

2185 1224 2257 1278 cti
2282 1237 2593 1279 accrescere
2614 1224 2681 1278 ad
2720 1223 2968 1277 undecim
2992 1222 3457 1292 epactarumdies.
3475 1223 3553 1277 Ex
3570 1224 3766 1294 quibus

2185 1316 2335 1371 horis
2359 1322 2413 1369 et
2438 1315 2651 1386 punctis
2676 1315 2944 1386 colligitur
2976 1330 3117 1369 unus
3140 1330 3241 1384 per
3267 1330 3462 1371 novem
3490 1324 3545 1371 et
3580 1316 3766 1372 decem

2186 1418 2356 1459 annos
2377 1403 2511 1459 dies.
2543 1403 2676 1459 Nam
2706 1404 2903 1475 viginti
2928 1413 2983 1459 et
3010 1413 3247 1474 quatuor
3270 1406 3419 1461 hora:
3442 1408 3582 1462 diem
3624 1409 3763 1464 inte-

2186 1512 2343 1566 grum
2370 1495 2680 1566 perﬁciunt;
2712 1505 2944 1567 quatuor
2969 1514 3102 1552 vero
3128 1499 3312 1567 puncti
3341 1500 3529 1554 horam
3556 1499 3766 1555 faciunt

2186 1590 2419 1644 sedecim
2440 1591 2621 1659 puncti
2638 1599 2869 1660 quatuor
2893 1592 3057 1645 horas
3075 1591 3313 1646 eiliciunt
3340 1607 3354 1646 :
3371 1600 3425 1647 et
3442 1593 3617 1648 tribus
3636 1610 3769 1664 pun-

2186 1682 2307 1747 ctis,
2334 1682 2747 1751 quisupersunt,
2780 1682 2916 1736 adde
2938 1697 3109 1737 nouas
3138 1682 3375 1738 decimas
3410 1693 3593 1753 partes
3609 1686 3767 1740 unius

2187 1775 2395 1844 puncti,
2426 1781 2481 1829 et
2511 1773 2889 1844 ﬁuntquatuor
2913 1775 3119 1844 puncti,
3158 1782 3213 1829 et
3232 1784 3433 1830 estuna
3447 1777 3770 1835 hora.Hanc

502 1848 647 1932 tione
680 1875 851 1931 saltus
879 1875 935 1933 in
979 1873 1304 1930 Novembrio
1332 1888 1517 1929 mense
1561 1872 1854 1928 transilire.
1905 1872 2084 1928 Etiam
2112 1848 2161 1908 Β
2191 1866 2235 1919 si
2287 1865 2557 1920 addideris
2590 1866 2699 1937 83
2749 1875 2983 1936 quatuor
3031 1868 3364 1939 praescriptis
3404 1869 3574 1937 horis,
3637 1872 3773 1927 ﬁunt

500 1984 602 2028 nec
620 1976 752 2022 aetas
778 1967 985 2023 lunaris
1016 1967 1071 2020 in
1101 1964 1384 2031 Januario,
1417 1964 1735 2028 Februario,
1791 1962 1986 2018 Martio
2033 1971 2105 2022 et

499 2057 705 2131 Aprile,
740 2058 1080 2130 regularibus
1106 2058 1378 2123 convenit,
1406 2058 1501 2128 qui
1552 2056 1832 2111 observari
1891 2056 2091 2110 debent

500 2169 600 2226 per
623 2152 812 2209 decem
852 2159 908 2207 et
935 2165 1128 2207 novem
1165 2165 1336 2207 annos
1392 2150 1461 2205 ad
1488 2149 1923 2222 cognoscendam
1976 2147 2091 2203 die-

499 2246 601 2300 bus
641 2243 1004 2320 Kalendarum
1057 2250 1272 2299 zetatem
1327 2242 1469 2297 luna;
1519 2242 1574 2297 in
1631 2240 1913 2296 mensibus
1978 2240 2090 2296 sin-

502 2336 660 2407 gulis.

570 2427 667 2483 Est
687 2441 903 2499 quoque
923 2426 1066 2482 aliud
1088 2426 1144 2483 in
1168 2424 1330 2495 hujus
1358 2426 1568 2482 ratione
1605 2424 1776 2482 saltus
1796 2425 2091 2497 aliquando

498 2518 767 2576 diﬁicilius
804 2518 1247 2590 computandum,
1280 2519 1375 2574 sed
1420 2518 1731 2574 necessario
1785 2518 2083 2574 sciendum.

499 2614 851 2670 Notissimum
882 2628 1014 2670 vero
1038 2623 1233 2669 vestrae
1259 2613 1373 2668 scio
1420 2612 1747 2667 acutissima:
1788 2611 2089 2682 prudentia:

499 2706 635 2774 fore,
657 2706 801 2777 quod
830 2707 884 2762 in
910 2706 1290 2763 communibus
1306 2706 1460 2761 annis
1481 2706 1778 2762 secundum
1800 2719 2087 2761 numerum

498 2804 832 2868 epactarum,
869 2811 989 2865 qua:
1023 2795 1250 2866 singulis
1281 2795 1436 2850 annis
1476 2803 1798 2851 accrescunt
1833 2795 2086 2850 undecim

500 2887 718 2957 diebus;
748 2895 943 2958 quarta
978 2887 1184 2942 decima
1209 2887 1333 2942 luna
1359 2887 1639 2942 Paschalis
1666 2886 1847 2941 locum
1885 2887 2087 2956 prioris

501 2984 706 3047 quartas
730 2976 953 3031 decima:
979 2975 1228 3032 undecim
1252 2975 1400 3048 [Αι.,
1426 2977 1748 3043 undecima;
1782 2976 1912 3031 Cod.
1960 2973 2082 3030 Vat.

502 3064 819 3141 duodecim]
850 3068 1037 3123 diebus
1082 3069 1364 3140 anticipat.
1379 3068 1706 3137 Quodfacile
1731 3076 1816 3125 est
1841 3070 2086 3126 invenire

498 3175 599 3231 per
627 3175 796 3217 annos
817 3176 1148 3218 communes.
1164 3160 1224 3217 In
1238 3164 1394 3219 annis
1432 3165 1617 3233 itaque
1641 3163 2083 3219 embolismorum

503 3252 691 3307 decem
717 3260 772 3307 et
791 3267 988 3308 novem
1005 3255 1195 3310 diebus
1208 3239 1505 3310 secundum
1518 3271 1804 3311 numerum
1821 3270 2085 3310 annorum

502 3342 693 3398 circuli
708 3343 1217 3413 decennovennalis,
1241 3354 1433 3417 quarta
1451 3348 1659 3403 decima
1668 3347 1793 3403 luna
1811 3347 2089 3405 Paschalis

501 3422 1072 3505 tranSponiturprioris
1087 3439 1212 3492 anni
1226 3446 1435 3509 quartae
1445 3439 1669 3496 decimae
1681 3455 1695 3494 :
1710 3441 1788 3495 uti
1800 3441 2089 3496 detrimen-

502 3534 618 3581 tum
670 3541 956 3583 commuue
989 3544 1253 3585 annorum
1311 3532 1644 3588 embolismis
1677 3533 2011 3604 suppleatur,
2034 3541 2091 3591 et

501 3615 827 3686 tiataequalis
855 3634 1117 3675 numerus
1146 3621 1353 3677 dierum
1376 3623 1430 3678 in
1459 3624 1645 3679 decem
1660 3632 1716 3680 et
1733 3640 1927 3681 novem
1941 3625 2086 3681 sola-

500 3710 672 3776 ribus,
703 3719 760 3766 et
792 3712 847 3767 in
873 3713 1061 3769 decem
1083 3723 1137 3770 et
1158 3730 1353 3771 novem
1390 3704 1680 3773 lunaribus
1717 3719 1894 3775 annis.
1941 3719 2089 3775 Inter

498 3817 748 3877 quartam
791 3809 1057 3866 decimam
1114 3812 1297 3883 itaque
1359 3813 1544 3868 lunam
1606 3814 1885 3871 novissimi
1961 3816 2085 3881 anni

499 3898 684 3956 circuli
716 3915 857 3971 saepe
876 3903 1159 3968 nominati,
1187 3919 1308 3974 quae
1348 3903 1409 3960 ﬂt
1436 3905 1656 3976 quintas
1685 3906 1924 3962 decimas
1963 3905 2085 3961 Kal.

499 3987 686 4055 Maias,
723 4000 780 4047 et
799 4000 1053 4063 quartam
1074 3994 1340 4051 decimam
1364 3997 1527 4068 primi
1551 3997 1680 4052 anni
1712 3995 1955 4065 ejusdem
1976 3998 2087 4052 cir-

497 4084 628 4150 culi,
655 4100 776 4155 qua:
821 4085 883 4142 ﬁt
908 4086 1095 4143 Nonas
1146 4089 1379 4162 Aprilis;
1432 4106 1541 4146 non
1567 4101 1629 4146 ut
1676 4090 1889 4147 caneris
1928 4091 2094 4150 annis

497 4178 881 4236 communibus
936 4182 1211 4249 undecim,
1257 4183 1350 4238 sed
1410 4183 1692 4238 duodecim
1734 4182 2086 4237 inveniuntur

499 4271 647 4339 dies;
699 4282 970 4342 quatenus
1004 4275 1094 4330 illa
1117 4275 1252 4342 dies,
1281 4291 1401 4346 quae
1426 4275 1480 4330 in
1524 4274 1850 4331 Novembrio
1897 4289 2085 4332 mense

499 4361 675 4417 lunari
702 4364 851 4418 artati
871 4365 1122 4435 adempta
1143 4373 1247 4431 est,
1278 4365 1406 4421 hinc
1437 4365 1493 4420 in
1511 4365 1698 4436 Aprile
1731 4366 1874 4422 inter
1918 4379 2082 4438 epac-

504 4458 585 4506 tas
624 4451 953 4520 inveniatur,
985 4463 1297 4524 epactarum
1341 4468 1472 4511 vero
1521 4457 1785 4512 rationem
1831 4456 2082 4512 undecim

501 4542 689 4598 diebus
714 4544 940 4615 singulis
993 4546 1151 4602 annis
1188 4561 1523 4604 accrescere.
1582 4548 1697 4605 Hoc
1760 4565 1892 4605 vero
1937 4566 2081 4607 anno
2104 4570 2162 4634 υ

498 4641 720 4703 propter
747 4634 967 4702 saltum,
994 4636 1277 4693 duodecim
1305 4639 1422 4693 dies
1447 4639 1592 4695 inter
1635 4648 1886 4711 quartam
1931 4642 2081 4698 deci-

501 4740 645 4779 mam
676 4726 954 4783 novissimi
983 4728 1112 4784 anni
1137 4738 1194 4784 et
1224 4740 1474 4800 quartam
1489 4733 1754 4789 decimam
1774 4735 1937 4805 primi
1953 4735 2081 4792 anni

501 4816 844 4885 reperiuntur
872 4834 887 4874 :
918 4828 1188 4890 quatenus
1210 4823 1561 4881 embolismus
1590 4826 1751 4898 hujus
1799 4827 1927 4882 anni
1987 4829 2084 4883 tri-

499 4909 646 4980 ginta
665 4910 862 4967 habeat
885 4913 1002 4969 dies
1021 4917 1316 4972 secundum
1332 4918 1601 4975 rationem
1611 4920 2080 4988 embolismorum,

499 5002 685 5059 decem
713 5012 769 5059 et
806 5013 929 5062 octo
957 5009 1232 5065 novissimi
1259 5010 1387 5067 anni
1414 5021 1663 5082 epactas;
1688 5014 1886 5085 quibus
1906 5014 1952 5070 si
1985 5014 2081 5071 ad-

498 5093 701 5152 dideris
721 5098 993 5168 undecim,
1022 5102 1113 5171 qui
1141 5104 1366 5177 singulis
1402 5108 1560 5163 annis
1585 5122 1738 5164 more
1781 5095 1940 5164 solito
1981 5124 2077 5164 ac-

499 5196 771 5257 crescunt,
795 5198 850 5245 et
876 5208 1041 5249 unum
1067 5194 1236 5253 saltus
1262 5198 1424 5264 diem,
1477 5199 1615 5255 fiunt
1660 5202 1899 5274 triginta.
1954 5201 2080 5258 Ideo

497 5276 675 5348 primo
699 5294 842 5337 anno
861 5283 1047 5339 circuli
1076 5301 1217 5357 saepe
1265 5288 1529 5344 nominati
1548 5290 1707 5346 nulla:
1763 5291 2079 5347 scribuntur

498 5376 722 5438 epactai,
753 5379 810 5427 et
832 5389 864 5429 a
889 5376 1071 5445 pueris
1092 5376 1159 5432 de
1185 5377 1348 5434 nullis
1373 5378 1429 5433 in
1448 5380 1699 5435 undecim
1734 5380 2074 5437 decantatur.

503 5462 610 5519 Sed
631 5474 688 5521 et
708 5466 756 5522 si
786 5482 817 5522 a
845 5469 1064 5539 quintas
1089 5469 1328 5527 decimas
1370 5470 1641 5528 Kalendas
1688 5472 1857 5528 Maias
1915 5475 2082 5531 totius

499 5558 707 5615 lunaris
735 5561 861 5617 anni
882 5561 998 5618 dies
1018 5572 1407 5634 computantur
1425 5580 1599 5635 usque
1620 5565 1675 5619 in
1704 5564 1885 5621 Nonas
1923 5566 2085 5637 Apri-

498 5645 586 5715 lis,
613 5663 722 5704 non
741 5657 802 5705 ut
828 5651 1037 5708 caeteris
1060 5653 1218 5709 annis
1245 5654 1531 5709 tricenteni
1558 5654 1922 5725 quinquageni
1946 5673 2084 5727 qua-

499 5740 659 5806 terni,
689 5742 784 5798 sed
803 5743 1095 5799 tricenteni
1118 5743 1487 5817 quinquageni
1510 5746 1650 5802 terni
1665 5745 1781 5802 dies
1797 5749 2081 5817 reperiun-

405 5820 424 5835 ⁸
497 5840 614 5889 tur.
646 5832 760 5890 Nisi
788 5833 928 5892 forte
950 5834 1245 5892 bissextilis
1270 5835 1553 5894 immineat
1576 5847 1770 5906 annos,
1800 5838 1895 5911 qui
1914 5853 2081 5898 unum

2188 1961 2425 2032 quinque
2454 1962 2831 2029 horas;ethas
2871 1964 3110 2034 quinque
3148 1965 3313 2021 horas
3361 1966 3407 2021 si
3454 1967 3772 2036 adiunxeris

2189 2053 2374 2107 decem
2399 2061 2453 2108 et
2481 2069 2675 2109 novem
2700 2055 2871 2121 horis,
2926 2055 3063 2110 ﬁunt
3089 2058 3281 2129 viginti
3328 2068 3562 2128 quatuor
3602 2063 3771 2130 horae,

2187 2162 2327 2201 unus
2354 2145 2468 2202 dies
2498 2147 2708 2217 integer
2744 2148 2799 2203 in
2839 2149 3027 2204 decem
3075 2158 3130 2204 et
3175 2165 3368 2205 novem
3421 2153 3577 2207 annis
3619 2152 3776 2222 juxta

2189 2237 2394 2292 zodiaci
2414 2237 2529 2307 jam
2555 2236 2672 2310 [F.,
2714 2237 3067 2312 zodiacicam]
3099 2240 3228 2296 solis
3261 2250 3315 2296 et
3345 2242 3484 2297 luna:
3532 2244 3773 2314 regulam

2187 2328 2376 2399 plenus
2398 2337 2455 2383 et
2473 2329 2763 2399 perfectus.
2793 2330 2860 2385 Et
2888 2339 2951 2386 ut
2971 2332 3179 2388 certius
3200 2333 3426 2406 intelligi
3448 2336 3622 2405 possit
3654 2353 3776 2406 quae

2188 2420 2259 2475 sit
2280 2436 2442 2475 causa
2470 2421 2642 2477 saltus
2670 2422 2878 2478 lunaris
2915 2441 2926 2477 :
2962 2424 3107 2480 hunc
3156 2439 3288 2480 vero
3334 2426 3492 2481 citior
3527 2429 3776 2497 quaadam

2187 2522 2242 2570 et
2268 2514 2506 2570 velocior
2537 2516 2672 2571 hora
2702 2531 2814 2571 sua:
2860 2517 3192 2573 incensionis
3228 2526 3476 2590 generat,
3530 2521 3669 2575 sicut
3723 2530 3779 2577 et
3844 2567 3856 2578 .

2186 2609 2435 2665 undecim
2481 2609 2597 2665 dies
2636 2618 2949 2681 epactarum
2979 2610 3174 2665 annuis
3224 2612 3555 2681 temporibus
3603 2613 3779 2669 solent

2186 2701 2384 2759 facere.
2417 2702 2579 2758 Verbi
2621 2704 2810 2775 gratia,
2846 2704 2891 2758 si
2919 2704 3078 2757 modo
3104 2701 3266 2771 hujus
3300 2701 3441 2757 lunae
3485 2702 3777 2761 No‘embri

2186 2794 2388 2849 mensis
2408 2793 2650 2849 incensio
2671 2800 2822 2848 sexta
2845 2794 2981 2848 hora
3004 2793 3108 2848 diei
3137 2791 3278 2848 facta
3310 2800 3410 2855 est,
3430 2782 3780 2864 eritsequen-

2188 2885 2229 2939 ti
2257 2900 2400 2939 anno
2425 2882 2664 2954 ejusdem
2692 2884 2831 2938 lunae
2864 2884 3026 2938 unius
3057 2884 3205 2938 hora:
3229 2891 3284 2939 et
3300 2884 3461 2940 unius
3490 2887 3699 2954 puncti,
3723 2896 3782 2943 et

2185 2991 2327 3031 nona
2353 2976 2561 3031 decima
2580 2984 2737 3045 parte
2764 2976 2925 3030 unius
2946 2975 3130 3046 puncti
3160 2975 3402 3031 incensio
3430 2985 3555 3032 ante
3582 2977 3777 3035 horam

2187 3078 2395 3126 sextam
2422 3084 2437 3123 :
2460 3069 2536 3124 ita
2561 3077 2622 3123 ut
2648 3076 2757 3125 tota
2792 3076 2947 3126 sexta
2969 3071 3103 3125 hora
3127 3078 3183 3125 et
3201 3085 3343 3126 unus
3366 3080 3601 3141 punctus
3626 3072 3782 3142 quin-

2189 3169 2256 3216 tae
2276 3160 2423 3215 horae
2450 3168 2506 3216 et
2529 3175 2673 3215 nona
2701 3160 2907 3214 decima
2936 3174 3066 3229 pars
3109 3161 3269 3215 unius
3308 3161 3495 3231 puncti
3535 3160 3780 3231 ejusdem

2188 3253 2338 3308 horae
2361 3253 2706 3322 anticipetnr.
2738 3251 2807 3306 Et
2830 3253 2909 3307 sic
2934 3267 2992 3307 se
3023 3267 3271 3308 crescere
3294 3253 3429 3309 solet
3454 3267 3553 3323 per
3580 3255 3774 3324 singu-

2188 3344 2270 3400 los
2292 3359 2464 3399 annos
2484 3359 2655 3413 usque
2690 3344 2744 3398 in
2767 3344 2912 3399 diem
2946 3345 3236 3415 integrum,
3265 3345 3359 3414 qui
3407 3343 3468 3399 ﬁt
3518 3346 3780 3401 horarum

2188 3436 2379 3509 viginti
2395 3443 2646 3506 quatuor.

2259 3526 2387 3582 H'ec
2403 3533 2597 3582 vestra;
2619 3527 3089 3584 excellentissima:
3115 3527 3273 3602 [Cod.
3317 3527 3459 3597 Vat.,
3499 3530 3775 3585 extollen-

2188 3617 2435 3691 tissimae]
2490 3620 2792 3689 sapientiae,
2845 3622 2919 3676 mi
2971 3622 3284 3680 dulcissime
3326 3622 3495 3679 David
3529 3666 3544 3690 ,
3578 3625 3632 3680 in
3665 3640 3784 3680 me-

2188 3713 2416 3767 moriam
2441 3727 2699 3767 revocare
2727 3714 2914 3769 curavi
2938 3756 2952 3780 ,
3008 3730 3115 3770 non
3169 3716 3351 3786 ignota
3382 3717 3654 3789 ingerens,
3684 3721 3783 3776 sed

2188 3812 2312 3858 nota
2335 3812 2583 3874 repetens
2595 3813 2818 3875 propter
2834 3800 3287 3876 opportunitatem
3309 3793 3592 3878 praesentis
3613 3810 3783 3880 lunas,

2186 3894 2243 3950 in
2269 3910 2373 3966 qua
2403 3897 2540 3951 ratio
2559 3897 2749 3962 saltus,
2773 3905 2835 3951 ut
2850 3898 3082 3965 videtur,
3101 3900 3340 3955 maxime
3380 3901 3781 3959 consideranda

2187 3997 2290 4045 est.
2320 3988 2474 4046 Licet
2502 4005 2608 4045 non
2636 3992 2946 4060 ignoremus
2971 3993 3128 4049 aliter
3167 3995 3301 4051 alios
3316 3996 3525 4057 saltum
3552 4011 3782 4069 compu-

2188 4088 2323 4143 tare,
2349 4088 2405 4136 et
2427 4080 2667 4137 inserere
2685 4081 2824 4138 velle
2849 4099 2864 4149 ;
2894 4091 3075 4139 tamen
3100 4094 3322 4155 propter
3348 4088 3613 4143 rationem
3638 4088 3776 4146 Pas—

2187 4171 2356 4227 chalis
2380 4172 2538 4237 lunae,
2581 4187 2703 4241 quae
2731 4173 3058 4229 omnimodis
3084 4175 3409 4233 inviolabilis
3434 4186 3491 4233 et
3516 4178 3780 4235 immuta-

2184 4264 2312 4320 bilis
2356 4280 2677 4334 permanere
2706 4267 2884 4329 debet,
2936 4269 3233 4324 secundum
3287 4272 3511 4343 antiqua
3562 4284 3783 4331 sancto.

2185 4370 2307 4410 rum
2335 4353 2556 4411 Patrum
2576 4358 2840 4424 instituta,
2868 4366 2924 4414 et
2949 4358 3115 4415 totius
3140 4371 3342 4417 sancta:
3368 4363 3625 4421 Ecclesia:
3648 4382 3785 4422 con-

2186 4448 2551 4514 suetudinem,
2580 4449 2670 4505 hic
2692 4450 2927 4506 maxime
2951 4449 3277 4509 Novembrio
3297 4470 3481 4512 mense
3507 4459 3783 4516 notandus

2185 4554 2307 4594 esse
2357 4540 2588 4594 videtur.
2634 4538 2748 4611 Ego
2796 4556 2927 4596 vero
2966 4542 3168 4598 veteris
3222 4544 3509 4602 immemor
3554 4563 3784 4620 prover-

2184 4629 2260 4685 bii
2292 4628 2447 4684 :Non
2487 4629 2631 4685 feres
2678 4630 2821 4702 ligna
2846 4632 2900 4686 in
2936 4633 3162 4704 sylvam,
3192 4636 3293 4692 has
3320 4638 3421 4693 sub
3468 4640 3781 4696 munusculi

2185 4720 2403 4775 nomine
2428 4719 2700 4776 litterulas
2726 4721 2781 4776 in
2812 4731 3023 4778 vestras
3070 4727 3351 4782 transmisi
3377 4728 3594 4786 divitias
3617 4749 3630 4784 :
3653 4747 3777 4787 me-

2187 4827 2368 4868 mores
2387 4828 2485 4869 vos
2511 4828 2633 4869 esse
2673 4815 2853 4871 sciens
2891 4814 3125 4873 laudatae
3163 4818 3357 4888 viduas,
3411 4838 3533 4892 quas
3581 4834 3780 4884 curato

2191 4902 2345 4978 [Cod.
2389 4902 2533 4973 Vat.,
2569 4905 2785 4980 aurato]
2815 4908 3018 4978 templo
3055 4910 3162 4966 duo
3197 4912 3405 4968 addidit
3432 4915 3638 4972 minuta
3672 4934 3688 4984 ;
3718 4926 3781 4974 et

2188 4998 2404 5054 illorum
2439 4999 2533 5070 qui
2576 4998 2717 5071 pilos
2739 5016 3027 5071 caprarum
3073 5004 3128 5058 in
3158 5005 3491 5064 tabernaculi
3520 5009 3778 5068 decorem

2187 5090 2478 5148 attulerant
2507 5092 2704 5166 (Exod.
2734 5109 2861 5161 xxv,
2883 5094 2919 5149 4
2945 5095 3097 5169 αφ).
3121 5096 3188 5152 Et
3207 5098 3333 5153 dum
3362 5102 3615 5160 omnibus
3641 5105 3778 5163 estis

2184 5188 2421 5259 benigni,
2453 5187 2694 5244 omnium
2725 5189 2782 5244 in
2812 5179 2909 5246 vos
2949 5189 3190 5247 favorem
3221 5196 3509 5262 revocatis,
3548 5206 3604 5254 et
3632 5213 3775 5254 cun-

2185 5278 2289 5334 ctis
2313 5280 2531 5348 copiose
2556 5288 2739 5335 vestra
2761 5280 3105 5339 benefaciens
3128 5284 3304 5355 pietas
3329 5297 3648 5345 cunctorum
3666 5306 3769 5347 vo-

2183 5369 2270 5425 bis
2317 5370 2534 5426 divitias
2574 5372 2800 5427 attrahit
2837 5413 2853 5441 ,
2902 5374 3043 5429 sicut
3077 5374 3370 5446 Apostolus
3409 5379 3523 5434 ait:
3551 5378 3654 5447 Qui
3679 5397 3772 5437 se-

2183 5461 2348 5515 minat
2391 5462 2445 5515 in
2476 5461 2851 5531 benedictione,
2893 5462 2958 5519 de
3007 5464 3361 5524 benedictione
3401 5477 3557 5528 metu
3603 5472 3765 5528 vitam

2185 5564 2435 5610 crternam
2465 5553 2550 5626 (II
2575 5552 2697 5611 Cor.
2723 5572 2798 5621 ix,
2833 5554 2911 5629 6).
