4074 6436
276 408 377 466 257

706 533 731 563 ι
754 515 1086 575 EPISTOLA
1132 515 1385 571 LXXVII.

336 631 408 673 ΔΙ)
428 628 787 673 zmunnuu
811 626 1259 668 ARCHIEPISCOPUI
1283 622 1746 665 CANTUAIUENSEI.

886 702 1063 775 (Anno
1099 700 1249 773 798.)

270 800 493 856 Romam
516 808 656 853 ituro
676 810 981 868 prosperum
1010 794 1110 868 iter
1131 801 1389 863 precatur,
1414 794 1597 868 suique
1644 805 1852 845 memo-

519 870 655 922 riam
677 862 839 937 rogat
882 864 1023 935 apud
1051 862 1258 917 sanctos
1292 862 1580 933 apostolos.

334 960 695 1018 Sanctissimo
717 957 866 1013 Patri
889 964 944 1012 et
970 956 1024 1011 in
1063 954 1324 1010 membris
1351 953 1553 1009 Christi
1577 954 1733 1009 valde
1763 968 1854 1010 ve-

262 1050 508 1107 nerando
534 1048 828 1104 Ethelardo
856 1044 1262 1115 archiepiscopo
1306 1042 1566 1100 Alcuinus
1593 1044 1854 1099 diaconus

258 1144 312 1199 in
333 1143 553 1199 Christi
583 1141 848 1197 charitate
867 1139 1118 1194 salutem.

323 1236 576 1291 Audiens
619 1234 848 1289 salutem
896 1240 953 1288 et
1008 1230 1427 1301 prosperitatem
1471 1238 1707 1286 vestram
1732 1269 1748 1295 ,
1798 1238 1855 1285 et

153 1338 161 1347 ‘
256 1327 284 1368 ιδ
296 1336 639 1381 conventum
668 1340 790 1380 cum
805 1321 1082 1378 Eanbaldo
1095 1320 1421 1377 Eboracensi
1447 1320 1853 1393 archiepiscopo

255 1418 362 1473 ﬁlio
392 1432 547 1481 meo,
571 1416 703 1472 satis
725 1415 857 1469 mihi
882 1414 1085 1484 placuit
1108 1406 1351 1483 speranti
1371 1428 1439 1467 ex
1469 1420 1667 1468 vestrae
1687 1412 1855 1468 collo-

252 1525 379 1581 quio
410 1509 730 1565 sanctitatis
752 1509 1013 1563 honorem
1035 1514 1235 1562 sanctae
1258 1506 1502 1562 ecclesia:
1521 1506 1775 1572 exaltari,
1800 1515 1857 1562 et

252 1601 361 1656 Deo
384 1602 443 1655 in
463 1616 561 1656 eas
581 1600 931 1656 servientium
952 1598 1150 1668 corrigi
1170 1599 1360 1652 vitam.
1384 1599 1510 1654 Ideo
1524 1599 1673 1655 suasi
1691 1610 1712 1638 ε
1733 1598 1857 1654 aliis

250 1691 569 1748 litterarum
581 1707 827 1747 mearum
848 1690 1108 1761 apicibus,
1128 1690 1470 1745 sanctitatem
1484 1699 1719 1745 vestram
1733 1705 1858 1761 per-

253 1802 490 1842 manere
517 1786 573 1840 in
603 1786 802 1856 patria,
821 1783 1011 1839 nolens
1039 1782 1218 1837 lumen
1243 1781 1534 1837 Britanniae
1562 1784 1852 1855 exstingui.

253 1877 361 1933 Sed
394 1878 501 1932 tiat
525 1876 795 1947 quomodo
824 1876 934 1931 Deo
963 1875 1140 1944 placet
1164 1881 1222 1928 ut
1252 1872 1499 1944 proﬁciat
1521 1873 1723 1930 Christi
1752 1876 1855 1931 Ec-
1884 1870 1934 1933 Β

250 1968 465 2025 clesiis.
499 1969 825 2038 Prosperum
855 1966 961 2021 iter
989 1964 1151 2020 faciat
1171 1965 1327 2021 vobis
1355 1965 1497 2021 Deus
1514 2006 1529 2030 ,
1557 1965 1856 2037 angeloque

250 2060 372 2131 ejus
410 2062 713 2118 comitante
753 2074 1013 2132 prospere
1059 2075 1155 2115 vos
1191 2059 1356 2115 ducat
1416 2067 1578 2129 atque
1630 2060 1855 2115 reducat

250 2150 418 2223 (Tob.
457 2168 512 2218 v,
546 2151 637 2217 20,
686 2150 800 2222 21),
832 2150 1141 2206 dulcissime
1174 2158 1230 2206 et
1255 2151 1626 2206 amantissime
1666 2150 1852 2206 Pater.

247 2243 497 2300 Maxime
521 2254 701 2300 autem
730 2260 946 2314 precor,
975 2252 1037 2298 ut
1053 2242 1193 2313 apud
1212 2253 1431 2298 sanctos
1456 2242 1726 2312 apostolos
1746 2242 1855 2298 mei

246 2335 517 2393 habeatis
546 2338 891 2402 memoriam,
933 2335 1073 2390 sicut
1102 2350 1201 2388 nos
1245 2335 1384 2403 apud
1422 2344 1675 2390 sanctum
1708 2332 1856 2388 Mar-

241 2428 439 2483 tinam
464 2429 632 2483 vestri
654 2428 855 2482 habere
882 2424 1037 2480 dulce
1061 2425 1345 2479 habemus.

695 2538 724 2579 (ι
751 2536 1086 2594 EPISTOLA
1121 2536 1405 2592 LXXVIII.

320 2648 401 2687 ΔΙ)
428 2647 787 2688 ετιιειλιωωι
820 2644 1270 2686 Αιιωιιεριεεορυι
1300 2644 1768 2685 ωυτυλιιιεαεειι.

914 2724 1090 2796 (Anno
1116 2723 1265 2794 798.)

253 2815 498 2877 Felicem
530 2816 609 2871 illi
652 2816 875 2870 reditum
917 2831 982 2868 ea:
1032 2812 1272 2867 Romana
1313 2812 1598 2883 legatione,
1649 2813 1711 2867 ob
1773 2828 1854 2866 re-

322 2896 580 2959 paratam
608 2885 859 2941 Ecclesia:
882 2883 1275 2939 Cantuariemis
1304 2884 1629 2954 dignitatem,
1660 2899 1853 2954 preca-

325 2969 444 3012 tur.

327 3052 567 3108 Domino
591 3050 932 3106 sanctissimo
951 3058 1113 3120 atque
1140 3049 1285 3104 omni
1309 3050 1514 3105 honore
1534 3046 1852 3119 dignissimo

256 3148 562 3205 Ethelardo
583 3146 1008 3216 archiepiscopo.

1698 386 2080 451 EPISTOLE.

1875 515 1930 573 Α
1953 523 2083 563 num
2108 507 2317 564 culmen
2346 507 2624 579 dignitatis
2647 520 2748 578 per
2770 512 2826 561 te
2850 502 3048 560 iterum
3072 497 3315 559 exaltare
3345 500 3537 574 digna-

1952 606 2040 656 tus
2051 608 2153 665 est,
2179 614 2300 670 quae
2318 597 2595 667 cujusdam
2620 596 2971 654 dissensionis
2991 594 3250 660 scissura,
3274 606 3539 665 quorum-

1952 689 2075 745 dam
2105 690 2368 747 invidiosa
2410 689 2770 755 contentione,
2816 688 2884 744 ad
2933 687 3126 743 horam

1951 780 2255 837 videbatur.
2281 781 2432 836 Felix
2476 781 2570 852 qui
2596 780 2859 836 unitatem
2886 779 3041 850 pacis
3073 778 3315 834 fraterno
3352 790 3538 833 amore

1952 886 2278 930 conservare
2301 873 2479 928 studet
2502 889 2518 939 ;
2546 872 2642 928 sed
2664 871 2754 928 ille
2781 871 2950 926 multo
2972 869 3184 926 felicior
3206 868 3301 941 qui
3326 867 3394 923 ab
3415 866 3540 922 aliis

1954 965 2197 1035 disrupta
2223 965 2504 1020 charitatis
2523 965 2733 1021 viscera
2761 978 2861 1035 pro
2893 963 3081 1018 labore
3107 960 3178 1017 ad
3201 960 3361 1016 unius
3385 974 3537 1015 com-

1954 1071 2144 1127 pagem
2172 1056 2414 1127 corporis
2438 1054 2736 1112 reformare
2756 1055 2964 1110 nititur.
2986 1054 3156 1125 Igitur
3171 1068 3335 1119 nunc,
3362 1052 3538 1125 gratia

1952 1155 2209 1216 operante
2236 1146 2437 1212 divina,
2469 1147 2841 1202 membrorum
2879 1145 3086 1200 unitate
3112 1144 3351 1200 adharet
3369 1142 3538 1214 capiti

1952 1240 2203 1311 proprio,
2241 1248 2300 1295 et
2348 1238 2701 1296 sacerdotalis
2746 1238 2987 1308 dignitas
3022 1237 3248 1307 antiquo
3304 1235 3540 1307 gratula-

1953 1337 2044 1385 tur
2070 1331 2303 1397 honore,
2325 1340 2380 1386 et
2401 1345 2657 1403 germana
2680 1344 2788 1401 pax
2811 1329 2944 1384 inter
2972 1343 3214 1383 summos
3245 1326 3541 1382 Britanniae

1954 1424 2235 1493 pontifices
2283 1424 2638 1496 splendescit,
2687 1432 2744 1479 et
2793 1424 2893 1478 sub
2934 1422 3143 1478 duabus
3175 1419 3540 1489 metropolita-

1956 1530 2147 1571 norum
2193 1517 2509 1572 civitatibus
2553 1532 2660 1572 una
2700 1515 2920 1586 pietatis
2957 1521 3014 1569 et
3043 1514 3343 1570 concordia:
3391 1512 3538 1583 viget

1956 1609 2239 1677 voluntas',
2269 1611 2411 1666 sicut
2433 1610 2492 1666 in
2520 1609 2718 1665 litteris
2741 1616 2937 1664 vestra:
2960 1605 3313 1662 beatitudinis
3336 1606 3539 1661 lectum

1956 1701 2218 1757 intellexi.

2392 1815 2414 1857 ι
2440 1815 2550 1888 35
2576 1813 2911 1871 EPISTOLA
2947 1811 3186 1868 LXXIX.

2465 1953 2533 1993 AD
2572 1952 2790 1993 DOINUI
2829 1949 3028 1991 REGEI.

2458 2059 2638 2131 (Anno
2665 2059 2768 2116 798
2792 2058 2877 2115 vel
2911 2056 3061 2129 799.)

1957 2170 2296 2228 Commendat
2324 2173 2519 2228 amicos
2550 2189 2674 2228 suos
2698 2190 2764 2227 ea:
2791 2170 2983 2243 Anglia
3014 2170 3237 2226 Romam
3263 2172 3543 2243 profectos.

2028 2305 2256 2361 Domino
2284 2306 2782 2362 desiderantissimo
2828 2307 2996 2361 David
3024 2307 3139 2378 regi
3169 2306 3399 2361 Flaccus
3427 2321 3544 2361 ma-

1957 2396 2288 2463 tricularius,
2314 2407 2572 2452 aeternam
2610 2397 2665 2451 in
2695 2396 2914 2454 Christo
2941 2397 3189 2452 salutem.

2026 2487 2263 2542 Dulcedo
2283 2488 2586 2544 dilectionis
2615 2497 2830 2554 vestra),
2871 2497 2926 2544 et
2953 2489 3147 2545 ﬁducia
3177 2491 3417 2559 probatte
3439 2488 3549 2558 pie-

1957 2578 2106 2644 tatis,
2136 2579 2331 2649 saepius
2358 2594 2445 2634 me
2487 2579 2737 2635 hortatur
2759 2587 2956 2634 vestrae
2983 2580 3289 2634 auctoritati
3317 2579 3550 2649 dirigere

1954 2670 2241 2737 litterulas,
2272 2671 2561 2742 ofﬁcioque
2595 2671 2922 2743 syllabarum
2956 2672 3230 2744 indagare,
3262 2670 3407 2743 quod
3436 2670 3550 2725 fra-

1953 2766 2133 2837 gilitas
2160 2765 2404 2836 corporis
2442 2767 2624 2821 obstat
2669 2765 2931 2821 voluntati
2961 2765 3185 2835 implere
3231 2780 3410 2835 posse.
3440 2763 3548 2819 Sed

1954 2872 2140 2913 rerum
2170 2857 2379 2912 novitas
2408 2856 2921 2927 supervenientium,
2956 2871 3130 2912 novos
3179 2856 3376 2911 iterum
3404 2854 3551 2926 cogit

1951 2948 2111 3004 edere
2145 2950 2345 3019 apices,
2395 2957 2455 3003 ut
2482 2948 2727 3003 chartula
2776 2948 2915 3002 ferat
2959 2946 3141 3003 cordis
3184 2946 3457 3011 allectum,
3492 2952 3552 3001 et

1951 3039 2141 3096 fundat
2182 3056 2371 3111 preces
2403 3040 2471 3095 ad
2516 3056 2677 3097 aures
2712 3040 2932 3112 pietatis
2978 3048 3213 3096 vestrae:
3242 3056 3363 3110 quae
3405 3054 3546 3094 nun-

1950 3150 2137 3206 quam,
2184 3143 2244 3190 ut
2269 3149 2398 3192 vere
2428 3135 2621 3203 fateor,
2649 3146 2877 3192 caseatae
2914 3136 2972 3190 in
3013 3143 3304 3206 conspectu
3336 3132 3550 3188 miseri—

327 3238 517 3295 Lectis
540 3237 915 3309 prosperitatis
942 3244 1135 3293 vestrae
1161 3236 1379 3302 litteris,
1405 3244 1460 3291 et
1488 3235 1848 3306 prosperitate
1875 3228 1923 3294 C
1952 3226 2153 3283 cordi-te
2176 3236 2371 3283 vestrae
2396 3226 2631 3283 fuerunt.
2673 3226 2785 3283 Nec
2822 3242 2971 3283 meas
3007 3242 3107 3297 pro
3135 3233 3322 3282 vestra
3342 3224 3550 3281 stabili-

261 3334 483 3396 itineris
521 3330 691 3387 vestri
728 3339 783 3384 et
808 3329 1131 3384 reversionis
1159 3330 1212 3383 in
1258 3328 1512 3398 patriam,
1536 3336 1594 3383 et
1620 3327 1853 3396 qualiter

176 3460 181 3463 -
262 3430 567 3503 apostolica
620 3426 949 3498 benignitate
977 3423 1213 3493 suscepti
1261 3420 1461 3485 fuistis,
1511 3429 1625 3475 toto
1674 3419 1855 3475 cordis

270 3521 467 3578 amem
510 3520 799 3587 animoque
829 3516 1110 3571 laetissimo
1141 3514 1347 3586 gratias
1371 3514 1455 3583 egi
1484 3512 1713 3568 Domino
1742 3511 1853 3567 Deo

270 3612 621 3683 sempiterno,
643 3610 735 3680 qui
762 3623 958 3679 magno
984 3607 1285 3663 clementiae
1314 3605 1457 3661 dono
1491 3606 1634 3660 viam
1658 3612 1853 3660 vestrae

267 3704 720 3777 peregrinationis
747 3715 1002 3772 prospero
1023 3699 1223 3754 direxit
1270 3697 1483 3763 itinere,
1510 3705 1566 3752 et
1586 3698 1734 3752 dedit
1756 3712 1848 3751 vo—

267 3797 350 3854 bis
380 3796 618 3868 gratiam
650 3795 702 3849 in
726 3802 1014 3864 conspectu
1056 3793 1234 3848 Patris
1262 3793 1567 3862 apostolici,
1606 3803 1661 3847 et
1709 3793 1853 3865 lega-

269 3892 431 3948 tionis
460 3888 657 3944 etl‘ectu
685 3896 740 3942 et
768 3886 879 3942 voti
900 3894 1203 3957 compotem
1240 3885 1420 3942 redire
1447 3887 1715 3942 concessit
1745 3904 1759 3952 ;
1804 3895 1861 3943 et

276 3995 298 4023 ε
325 3982 499 4054 primi
515 3979 953 4047 nostriDoctoris
979 3978 1376 4034 sanctissimam
1400 3980 1583 4036 sedem
1595 3979 1662 4034 ad
1675 3980 1860 4051 pristi-

334 4116 451 4191 85,
473 4130 502 4158 ει
527 4116 679 4191 Hanc
697 4125 752 4172 et
779 4125 1096 4185 sequentem
1135 4116 1440 4191 epistolam,
1484 4131 1579 4191 seu
1603 4117 1860 4191 epistola-

273 4187 386 4259 γυιῦ
410 4187 697 4259 portiones
742 4196 1110 4259 competentes
1162 4188 1319 4259 nobis
1344 4187 1584 4259 servavit
1612 4187 1862 4259 Malmes-

273 4256 544 4315 buriensis
574 4258 666 4313 lib.
692 4274 710 4313 ι
735 4259 800 4314 de
824 4256 1004 4313 Gestis
1042 4266 1192 4327 pont.
1225 4256 1432 4327 Anglia:
1460 4257 1512 4327 in
1544 4256 1860 4315 Ethelardo.

272 4327 391 4401 Inde
416 4328 573 4401 illam
599 4328 886 4401 descripsit
910 4326 1282 4401 Quercetanus
1306 4326 1718 4401 Opp.§lcuiui_
1735 4344 1860 4401 pag.

275 4399 424 4454 1671.
455 4399 703 4455 Praesens
727 4397 854 4454 data
874 4415 995 4454 esse
1025 4399 1234 4454 videtur
1259 4397 1402 4454 anno
1417 4397 1542 4463 798,
1567 4413 1674 4467 quo
1693 4397 1863 4455 Athe-

272 4469 452 4542 Iardus
467 4472 685 4527 nomine
698 4469 907 4525 Kenulli
927 4470 1088 4540 regis,
1106 4469 1482 4541 episcoporum
1496 4477 1551 4542 et
1562 4469 1728 4524 totius
1739 4485 1864 4542 gen-

274 4542 338 4597 tis
350 4541 676 4597 Merciorum
694 4582 708 4606 ,
724 4541 1027 4611 prteprimis
1039 4556 1167 4595 vero
1179 4557 1276 4611 pro
1290 4541 1586 4611 reparanda
1600 4541 1743 4596 sedis
1754 4557 1864 4598 suae

275 4612 538 4684 dignitate
564 4610 833 4684 legatione
854 4610 1343 4684 functus_est’apud
1356 4610 1604 4684 Leonem
1631 4611 1696 4666 Ill
1718 4628 1856 4684 pon-

277 4681 497 4755 tificem.
528 4681 781 4755 (Alforilq
804 4682 1033 4755 Aanales
1060 4681 1308 4755 Ecclesiae
1339 4681 1854 4755 AngloeSaxoaicw.

277 4753 339 4807 ad
368 4755 525 4809 illum
540 4752 754 4809 annum
774 4770 829 4824 n7.
858 4752 894 4806 2
913 4767 1053 4823 seq.;
1082 4753 1220 4821 apud
1246 4752 1366 4808 Fro’
1392 4752 1480 4808 en.
1506 4752 1619 4824 62.)

344 4825 371 4864 ι)
401 4825 748 4879 Conventum.
793 4823 976 4879 Suasit
1015 4838 1205 4894 nempe
1252 4825 1511 4880 Alcuinus
1550 4823 1608 4879 in
1632 4825 1860 4895 epistola

279 4893 343 4967 60
361 4895 533 4967 (nunc
554 4895 642 4967 75)
671 4904 727 4967 ut
743 4895 810 4949 ad
832 4893 1155 4950 scissionem’
1170 4896 1568 4951 resarcieudam
1595 4893 1718 4952 cuin
1738 4912 1857 4953 om—

281 4965 430 5021 nibus
445 4966 885 5021 sacerdotibuset
904 4966 1224 5036 coepiscopo
1246 4967 1570 5022 Eboracensi
1586 4968 1861 5023 Eanbaldo

282 5038 563 5091 consilium
579 5038 755 5091 iniret.
773 5037 850 5091 Ex
866 5038 968 5093 hoc
982 5037 1146 5101 loco,«
1167 5044 1299 5093 etex
1324 5037 1519 5093 litteris
1539 5038 1748 5093 Kenulfi
1776 5055 1862 5094 re-

316 5107 358 5179 is
378 5110 448 5163 ad
462 5107 697 5179 Leonem
719 5107 785 5161 III
799 5123 991 5177 papam
1004 5108 1377 5174 satiseonstat,
1400 5109 1571 5179 inquit
1583 5108 1860 5177 Alfordus,

325 5178 628 5251 thelardum
655 5179 808 5251 prius
826 5179 1202 5249 episcoporum
1247 5178 1512 5251 synodum
1554 5180 1858 5251 collegisse,

284 5262 440 5322 quam
465 5248 764 5304 Romanum
791 5250 896 5304 iter
916 5248 1314 5321 agg’reJeretur,
1345 5260 1402 5304 ut
1428 5252 1571 5322 quod
1595 5248 1717 5322 ipse
1728 5251 1862 5307 Leo-

285 5320 336 5374 ni
356 5330 702 5391 proponeret,
722 5336 829 5376 non
856 5320 971 5375 tam
986 5320 1017 5376 e
1045 5336 1144 5376 suo
1168 5336 1331 5390 quam
1344 5320 1586 5377 omnium
1609 5320 1861 5378 ordinum

285 5405 373 5445 ore
401 5390 766 5445 sulfraaiouue
793 5391 1123 5445 louueretur.
1159 5410 1178 5442 ι

320 5406 373 5445 re
401 5406 766 5447 δυηηαιοαιιε
795 5406 1123 5447 ιοαυθτθιιιτ.
1159 5410 1178 5442 ι

354 5407 377 5537 ξ
401 5407 1137 5537 ἓίῗξ
1159 5410 1288 5537 ,Vid.
1303 5463 1458 5537 epist.
1474 5462 1543 5517 60
1565 5462 1728 5537 (nunc
1750 5463 1860 5537 75).

351 5532 483 5605 {Ex
509 5532 784 5605 Malmesb.
812 5531 1043 5605 Ioc.'cit.
1059 5531 1190 5587 Data
1215 5532 1314 5605 fuit
1350 5534 1473 5605 haec
1492 5531 1717 5605 epistola
1740 5531 1865 5605 post

244 5664 255 5675 .
292 5601 516 5659 reditum
563 5604 842 5675 Athclardi
890 5621 957 5659 ex
1014 5604 1260 5659 Romano
1290 5603 1496 5675 itinere
1514 5601 1542 5669 ,”
1580 5601 1759 5675 quem
1794 5606 1863 5661 ad

293 5686 487 5749 agnum
514 5675 621 5749 798
648 5674 1037 5749 referendum”
1063 5681 1246 5732 censet
1272 5673 1527 5749 Alfordus
1564 5673 1702 5749 n.5,
1734 5691 1858 5749 pag.

294 5741 413 5810 686,
436 5748 526 5818 qui
550 5747 747 5803 ibidem
773 5765 827 5803 ιι.
858 5746 895 5802 4
921 5746 1106 5802 addit:
1138 5764 1157 5798 ί
1193 5746 1495 5803 restitutam
1517 5741 1865 5818 quidetn'Do-

296 5819 632 5875 rovernensis
652 5818 1254 5902 Ecclesiaedignitatem
1276 5818 1378 5874 hac
1399 5818 1573 5889 prima
1597 5818 1864 5902 legatione

299 5874 583 5945 Ethelardi.
630 5926 642 5944 .
681 5928 693 5944 .
724 5890 818 5948 sed
839 5906 966 5949 auia
994 5905 1049 5945 in
1075 5889 1192 5949 dies
1218 5889 1577 5947 occurrebant
1599 5904 1738 5947 nova
1764 5888 1865 5946 dit-

482 5905 583 5945 rm.
630 5926 642 5944 .
681 5928 693 5944 .
724 5905 818 5948 seu
839 5906 966 5963 quia
994 5905 1049 5945 in
1075 5905 1192 5949 otes
1218 5905 1577 5947 occurrebant
1599 5905 1738 5947 nova

1958 3326 2070 3373 tate
2104 3326 2159 3374 et
2205 3319 2377 3377 saltm
2405 3328 2645 3376 cassatas
2675 3319 2729 3375 in
2755 3326 3047 3390 conspectu
3077 3318 3170 3373 Dei
3207 3318 3390 3383 credo,
3421 3318 3549 3388 quia

1957 3411 2187 3466 libenter
2210 3412 2389 3466 divina
2424 3413 2648 3482 suscipit
2686 3412 2860 3484 gratia
2889 3412 3161 3483 lacrymas
3187 3427 3309 3481 qua:
3332 3426 3398 3467 ex
3422 3413 3553 3467 cha—

1959 3502 2139 3558 ritatis
2162 3500 2310 3557 fonte
2336 3502 2627 3573 proﬂuunt.

2030 3617 2244 3673 Dictum
2288 3625 2374 3674 est
2422 3618 2574 3683 mihi,
2611 3618 2819 3689 aliquos
2861 3633 2928 3674 ex
2974 3619 3164 3676 amicis
3214 3618 3394 3675 Flacci
3442 3619 3542 3685 tui,

1965 3712 1990 3751 ⁸
2004 3710 2325 3765 Edelardum
2352 3709 2575 3776 scilicet,
2589 3709 2881 3767 Doroensis
2894 3711 3153 3768 Ecclesiae
3177 3712 3550 3783 metropolita-

1961 3817 2111 3867 num,
2133 3810 2184 3856 el
2210 3801 2398 3872 primae
2421 3802 2565 3857 sedis
2591 3802 2645 3857 in
2663 3802 2941 3857 Britannia
2961 3801 3294 3872 pontificem,
3315 3810 3553 3859 vestram

1962 3891 2112 3947 adire
2131 3892 2269 3948 velle
2294 3893 2550 3963 pietatem
2579 3911 2594 3948 :
2618 3894 2928 3949 ministrum
2950 3910 3166 3965 quoque
3194 3894 3321 3950 olim
3347 3893 3551 3950 Offanze

1963 3986 2106 4058 regis
2131 3984 2507 4042 Ceilmundum
2535 3986 2602 4041 de
2623 4000 2791 4059 regno
2821 3985 3153 4041 Mercionum
3176 3984 3294 4057 [Ρη
3326 3984 3553 4042 Mercio-

1965 4116 2263 4171 ﬁcultatum
2292 4125 2712 4188 argumenta,
2758 4157 2775 4188 .
2816 4156 2829 4169 .
2873 4117 2993 4171 ideo
3039 4116 3283 4171 Romana
3334 4133 3552 4175 rursum

1965 4188 2124 4241 sedes
2150 4184 2415 4256 appellata
2445 4195 2500 4240 et
2524 4185 2846 4240 Ethelardus
2885 4188 3083 4240 iterum
3118 4188 3365 4256 sequenti
3406 4204 3549 4245 anno

1967 4256 2070 4332 799
2101 4257 2155 4310 in
2198 4256 2611 4332 Urbem_rediit.
2651 4256 2794 4332 DJJC
2843 4264 3075 4332 utraque
3111 4257 3381 4332 legatione
3430 4258 3551 4332 lege

1965 4326 2604 4381 Westmonasteriensem
2628 4367 2643 4391 ,
2677 4326 3079 4396 Chronologum
3134 4326 3406 4385 Sinonem
3435 4370 3450 4396 ,
3486 4326 3555 4386 et

1966 4397 2399 4470 Vigorniensem,
2434 4399 2629 4453 citatos
2642 4417 2679 4470 7a
2701 4398 2867 4470 Pagio
2902 4397 2974 4455 ad
3020 4416 3220 4454 annum
3251 4399 3375 4467 796,
3400 4417 3454 4456 n.
3480 4400 3552 4455 27

1976 4414 2399 4525 vnggrmensem,
2434 4414 2629 4453 citatos
2650 4417 2679 4453 a
2702 4414 2737 4453 ιδ

1965 4476 2018 4523 et
2105 4509 2133 4542 ρ
2160 4468 2336 4540 (Apud
2362 4468 2594 4542 Froben.
2623 4469 2737 4542 6'5.)

2042 4551 2066 4579 θ
2095 4539 2261 4594 Primi
2293 4540 2456 4624 uestri
2479 4539 2726 4624 doctorisi'
2749 4542 3036 4624 Augustini
3065 4541 3553 4624 nempe.._Cantua-

1893 4596 1947 4659 Ι)
1968 4612 2172 4687 riorum
2201 4612 2595 4687 archiepiscopi
2620 4620 2675 4687 et
2697 4596 2904 4687 Anglia:
2934 4596 3555 4687 apostoli.rAliav_mﬁep—i-

1963 4684 2155 4739 stolam
2186 4682 2445 4738 Alcuinus
2465 4682 2684 4753 scripsit
2705 4684 2772 4737 ad
2792 4682 3146 4739 Athelardum
3161 4685 3288 4739 dum
3320 4682 3553 4742 Romam

1961 4753 2231 4881 proﬁcisci
2259 4753 2440 4819 vellet,
2472 4752 2628 4823 cujus
2647 4770 2912 4837 summam
2939 4754 3218 4810 Malmesb.
3245 4755 3338 4838 lib.
3368 4774 3384 4811 ι
3415 4758 3550 4831 Reg.

2013 4825 2118 4881 nal.
2150 4840 2268 4881 can.
2294 4824 2327 4877 4
2360 4832 2605 4880 recenset
2630 4825 2715 4879 his
2733 4827 2915 4880 verbis
2948 4843 2961 4879 :
2996 4845 3015 4877 ι
3046 4826 3121 4881 De
3155 4834 3415 4881 tenuitate
3460 4843 3550 4881 ve-

2013 4825 2118 4896 ngl.
2150 4840 2268 4896 cap.
2294 4824 2327 4877 4
2360 4832 2605 4896 recenset
2630 4825 2715 4879 his
2733 4827 2915 4896 verbis
2948 4843 2961 4879 :
2996 4845 3015 4877 ι
3046 4826 3121 4882 De
3155 4827 3415 4882 tenuitate
3460 4824 3552 4884 vé-

1964 4894 2131 4967 stium
2162 4894 2491 4950 clericalium
2526 4894 2787 4951 Alcuinus
2821 4895 3171 4967 Athelardum
3195 4897 3555 4967 archiepisco-

1962 4983 2088 5039 pum
2105 4966 2385 5040 Cuthberti
2405 4981 2773 5040 successorem
2793 4966 3010 5040 oblique
3033 4968 3259 5040 castigat
3287 4966 3511 5024 monens
3533 5007 3551 5036 ,

1964 5036 2023 5094 ut
2035 5037 2390 5112 curuliumam
2406 5036 2872 5112 vadensCarolum
2886 5036 3135 5112 Magnum
3148 5036 3550 5112 imperatorem,

1964 5119 2094 5174 etc.,
2122 5110 2390 5174 visitaret,
2419 5123 2525 5164 non
2557 5108 2850 5165 adduceret
2888 5108 3117 5165 clericos
3148 5108 3230 5164 vel
3258 5109 3553 5164 monachos

1962 5179 2813 5261 versiculoribuset.pompaticis
2838 5181 3079 5261 vestibus
3116 5179 3352 5261 indutos.
3375 5248 3387 5260 .
3404 5178 3550 5261 quod

1964 5268 2072 5323 non
2100 5251 2335 5323 solerent
2358 5248 2540 5307 clerici
2568 5248 2675 5305 nisi
2715 5251 2980 5323 religiosis
3014 5248 3546 5323 vestibus‘amiciria

2041 5321 2061 5363 ί
2094 5323 2235 5377 Edit.
2265 5321 2515 5389 Quercet.
2553 5323 2651 5387 l8,
2679 5338 2743 5377 ex
2775 5318 2875 5375 ms.
2906 5321 3159 5392 (Froben.
3184 5318 3304 5392 lii).

2040 5395 2065 5434 ⁸
2104 5393 2451 5449 Edelardum.
2505 5392 2612 5448 Seu
2675 5390 3037 5446 Aethilardum
3088 5390 3554 5461 archiepiscopum

1964 5464 2437 5528 Cantuariensem;
2488 5465 2755 5535 quiianno
2781 5462 2913 5535 A798,
2945 5469 3000 5516 et
3043 5462 3237 5515 iterum
3276 5460 3420 5535 anno
3450 5460 3557 5535 799

1966 5537 2192 5592 Romam
2216 5537 2283 5592 ad
2307 5531 2543 5591 Leonem
2580 5534 2645 5590 III
2671 5531 2945 5605 profectus
2960 5539 3069 5605 est,
3090 5546 3190 5605 pro
3213 5532 3558 5605 resarcienda

1966 5607 2110 5679 sedis
2153 5624 2264 5664 sure
2288 5607 2576 5679 dignitate,
2629 5600 3035 5679 temper-come
3062 5600 3202 5679 [agis
3230 5602 3556 5679 Merciorum

1966 5677 2258 5752 plurimum
2284 5670 2429 5734 laesa.
2452 5677 2589 5752 Vide
2612 5670 2844 5752 epist:_60
2861 5673 3040 5752 _(nunc
3064 5670 3171 5744 75),
3199 5674 3267 5752 ad
3294 5673 3559 5752 lidelbar-

1967 5743 2115 5807 dum.
2142 5748 2258 5817 Qua
2286 5748 2572 5807 occasione
2598 5743 2946 5803 Aethilardus
2969 5758 3094 5801 cum
3114 5745 3281 5805 sociis
3301 5743 3561 5808 Carolum

1968 5836 2152 5895 regem
2185 5821 2334 5879 adire
2354 5819 2550 5893 potuit.
3477 5858 3484 5867 .
