4074 6444
1418 428 1482 484 Β.
1520 425 1585 482 F.
1621 419 1848 479 ALBlNl
1885 418 2017 476 SEU
2056 412 2333 474 ALCUlNl
2369 408 2650 470 OPERUM
2683 405 2864 464 PARS
2897 405 2939 461 l.

3681 395 3789 451 ΞΜ

539 572 668 616 num
694 572 712 611 :
741 562 789 609 et
817 547 1079 608 constituit
1124 555 1172 601 te
1205 558 1374 615 regem
1389 581 1404 607 ,
1436 548 1493 594 ut
1531 539 1727 610 faceres
1766 534 2029 607 judicium
2066 540 2115 586 et
2142 534 2194 596 Α
2216 536 2337 601 post
2362 526 2584 581 Petrum
2607 520 2974 616 apostolorum
2991 515 3490 616 principemmonus
3512 513 3571 616 in

534 648 801 721 justitiam
837 638 967 716 (111
995 637 1105 709 Reg
1131 653 1205 699 .x,
1232 635 1265 690 8
1294 641 1342 687 et
1368 631 1457 701 9,).

969 765 998 796 ι
1032 745 1366 807 EPISTOLA
1394 742 1609 800 LXXXI
1635 741 1665 782 δ

1005 839 1074 879 AD
1110 832 1342 876 ΔιΒΙΝυι
1390 828 1658 871 ΔΒΒΔἹῈΙ.

615 1083 840 1143 Carolus
857 1122 873 1148 ,
899 1077 1067 1151 gratia
1101 1073 1233 1139 Dei,
1257 1088 1354 1127 rex
1378 1072 1709 1127 Francorum
1728 1066 1796 1135 ,ὀ
1830 1068 2123 1137 imperator

552 1171 1050 1244 Langobardorum,
1079 1180 1145 1220 ac
1168 1161 1430 1235 patricius
1473 1160 1864 1223 Romanorum,
1888 1154 2124 1211 dilectis-

544 1269 683 1324 simo
712 1263 989 1333 magistro,
1013 1258 1274 1327 nobisque
1305 1270 1428 1311 cum
1455 1267 1643 1309 amore
1673 1248 2000 1305 nominando
2026 1245 2120 1300 Al-

541 1357 670 1414 bino
697 1351 878 1409 abbati
908 1351 969 1406 in
988 1348 1217 1405 Domino
1242 1354 1431 1402 nostro
1456 1342 1583 1401 Jesu
1609 1341 1826 1397 Christo
1860 1348 2123 1395 aeternam

543 1448 866 1582 “miihi:
894 1523 963 1579 ad
990 1536 1090 1577 nos
1125 1517 1351 1591 epistola
1396 1515 1560 1571 missa
1607 1530 1639 1568 a
1692 1511 1946 1581 religione
1988 1524 2110 1580 pru-

541 1617 735 1675 dentiae
757 1623 972 1678 vestrm,
996 1626 1116 1681 quae
1135 1617 1259 1679 post
1284 1607 1469 1661 laudes
1498 1614 1553 1660 et
1579 1602 1978 1659 benedictiones
2003 1615 2121 1653 om-

540 1705 807 1777 nipotenti
853 1703 966 1758 Deo
1008 1700 1233 1763 debitas,
1277 1697 1432 1752 nobis
1472 1703 1528 1749 et
1566 1692 1840 1765 progeniei
1888 1699 2120 1756 nostrae,

540 1795 970 1854 benedictionem
999 1789 1291 1862 optabilem
1327 1802 1452 1844 cum
1495 1801 1705 1841 summa
1751 1782 2123 1839 benevolentia

2219 621 2462 676 Romana
2485 616 2726 673 Ecclesia
2748 611 2961 676 claruit,
2987 617 3192 681 septem
3226 607 3576 663 hebdomadas
3616 608 3672 663 in
3700 608 3795 664 ab-

2220 711 2473 766 stinentia
2501 708 2762 763 dedicatae
2788 713 2946 769 sunt;
2978 708 3035 756 et
3058 715 3162 756 noc
3188 707 3418 771 tempus,
3440 714 3550 770 quo
3570 698 3679 754 alio
3700 714 3799 754 no-

2178 856 2183 859 κ
2219 799 2363 855 mine
2397 797 2595 853 rectius
2620 794 2805 851 vocari
2841 807 3002 865 quam
3041 788 3495 859 Quinquagesima
3524 788 3578 843 in
3605 788 3799 843 ordine

2220 888 2619 945 rationabiliter
2667 884 2914 941 debuerit
2972 880 3103 954 [Al.,
3128 881 3357 955 debuit;_
3391 878 3547 935 δοιά.
3578 894 3797 946 vocare,

2219 997 2381 1054 quam
2425 978 3001 1050 Quinquagesimam...
3034 970 3395 1044 debuerunt]?
3431 971 3511 1027 Ex
3570 971 3697 1027 hinc
3745 978 3803 1027 et
3896 1034 3908 1052 .

2221 1073 2470 1143 deinceps
2492 1069 2716 1126 collecta
2738 1066 2965 1131 ratione,
2990 1064 3083 1135 qui
3107 1072 3231 1118 octo
3255 1060 3605 1117 hebdomadis
3649 1060 3759 1134 [ΑΙ.
3780 1099 3799 1128 ,

2220 1164 2615 1228 hebdomadas;
2667 1159 2822 1216 Gold.
2863 1158 3012 1219 adiit
3053 1172 3072 1211 :
3120 1156 3412 1211 observare
3456 1156 3804 1224 studuerunt,

2223 1256 2624 1329 Sexagesimam
2674 1249 3020 1325 gradatim],
3077 1248 3481 1321 Sexagesimam
3532 1247 3804 1319 gradatim

2220 1348 2650 1404 nominaverunt.
2682 1342 2942 1399 Similiter
2979 1341 3071 1411 qui
3109 1354 3324 1405 novem,
3356 1337 3803 1408 Septuagesimae,

2212 1438 2369 1511 juxta
2408 1435 2689 1509 pnnfatam
2736 1435 3025 1499 rationem,
3068 1447 3264 1488 nomen
3314 1431 3708 1501 imposuerunt,
3750 1441 3808 1488 et

2221 1547 2329 1587 non
2353 1531 2422 1586 ob
2442 1543 2727 1585 numerum
2759 1526 2867 1601 [AL
2888 1565 2904 1591 ,
2929 1526 3174 1581 ordinem
3203 1524 3576 1597 numerorum]
3606 1525 3809 1581 hebdo-

2223 1622 2503 1678 madarum
2532 1619 2614 1675 vel
2642 1620 2872 1684 dierum,
2904 1617 2999 1673 sed
3019 1625 3259 1671 tenorem
3280 1616 3514 1671 nominis
3546 1615 3682 1688 [Al.,
3710 1632 3807 1670 nu-

2225 1711 2412 1784 meris]
2443 1718 2722 1767 servantes
2746 1710 2863 1764 haec
2901 1707 3119 1763 nomina
3151 1714 3479 1762 censuerunt
3506 1705 3635 1769 [Αι.,
3668 1719 3809 1762 com-

2224 1799 2566 1876 posuerunt].
2596 1800 2774 1865 Velut,
2798 1799 2936 1870 siqui
2966 1812 3109 1853 nunc
3145 1795 3390 1861 fuissent,
3422 1796 3514 1867 qui
3544 1796 3806 1851 decimam

545 1888 675 1962 [Al.,
700 1900 1078 1956 summamque
1106 1878 1562 1951 benevolentiam]
1589 1876 1803 1933 detulit.
1836 1875 1965 1930 Post
2009 1874 2125 1928 haec

2232 1874 2619 1950 hebdomadam
2650 1891 2844 1946 addere
2869 1903 2968 1960 pro
2999 1889 3179 1959 aliqua
3203 1886 3351 1957 iusta
3378 1888 3586 1942 ratione
3612 1887 3808 1943 voluis-

542 1991 727 2039 textus
750 1981 893 2036 illius
922 1976 1242 2048 inquirendo
1264 1975 1586 2030 subsecutus
1634 1968 1760 2043 [AL
1778 2008 1793 2035 ,
1816 1964 2125 2038 subjectus]

543 2085 649 2142 est,
680 2091 779 2131 cur
809 2069 1215 2143 Septuagesima
1261 2075 1319 2123 et
1356 2065 1723 2136 Sexagesima,
1773 2077 1875 2117 nec
1925 2076 2031 2115 non
2077 2065 2133 2113 et

545 2164 998 2237 Quinquagesima
1035 2162 1089 2216 in
1129 2159 1319 2216 ordine
1359 2173 1457 2229 per
1499 2158 1615 2212 dies
1655 2155 1954 2211 dominicos
2005 2160 2132 2205 ante

545 2260 1023 2330 Quadragesimam
1054 2256 1286 2321 dicatur,
1322 2253 1408 2308 vel
1430 2252 1720 2309 scribatur.
1748 2250 1877 2305 lude
1915 2254 2133 2317 arrepta

548 2352 760 2408 ratione
788 2364 887 2422 per
927 2362 1151 2419 campos
1191 2344 1547 2400 arithmeticae
1591 2343 1745 2408 artis,
1771 2340 2033 2412 quidquid
2067 2354 2134 2394 ex

545 2444 648 2500 hac
676 2460 736 2499 re
762 2449 944 2499 vestra
976 2440 1147 2497 sensit
1173 2437 1461 2503 industria,
1496 2450 1556 2490 se
1598 2433 1937 2493 extendendo
1978 2430 2136 2485 nobis

542 2535 775 2608 pleniter
803 2532 1109 2605 signiﬁcare
1154 2528 1361 2586 studuit
1411 2525 1543 2599 [Al.,
1567 2522 1801 2597 statuit].
1854 2521 1963 2578 Sed
2008 2522 2136 2576 dum

544 2642 700 2683 mens
725 2634 911 2682 nostra
940 2624 1049 2679 huc
1088 2622 1323 2692 illucque
1365 2619 1719 2681 discurreret,
1748 2615 1933 2672 solerti
1979 2615 2135 2669 inda-

544 2721 758 2793 gatione
779 2716 1274 2781 consideravimus,
1295 2728 1404 2769 non
1433 2712 1602 2769 solum
1633 2709 1774 2765 infra
1817 2708 1948 2782 [Al.,
1970 2705 2135 2778 intra]

544 2814 891 2885 praescriptos
937 2827 969 2865 a
1018 2809 1174 2865 vobis
1220 2809 1365 2874 dies,
1413 2806 1509 2861 sed
1554 2805 1717 2883 etiam
1759 2818 1859 2873 per
1902 2800 2139 2870 singulas

545 2902 934 2965 hebdomadas,
986 2916 1087 2955 nec
1132 2914 1239 2977 non
1286 2905 1344 2952 et
1398 2911 1495 2966 per
1552 2903 1725 2950 totum
1773 2893 1901 2947 anni
1950 2890 2139 2946 circuli

551 2997 757 3072 [Gold.,
785 2994 1076 3067 circulum]
1104 2994 1337 3064 spatium
1376 2989 1558 3063 [Gold.
1597 3006 1702 3044 om.
1733 2985 2141 3059 spatium],'per

546 3087 829 3145 intervalla
862 3088 1122 3143 horarum
1145 3100 1209 3139 ac
1235 3092 1559 3153 punctorum
1583 3094 1678 3135 seu
1707 3087 2134 3141 momentorum;

549 3180 808 3251 mysteria
833 3190 1182 3232 numerorum
1210 3188 1370 3244 posse
1415 3172 1485 3225 ab
1532 3170 1617 3225 his
1658 3168 1751 3239 qui
1799 3168 1959 3239 hujus
2005 3165 2139 3221 artis

2231 1992 2371 2051 sent,
2395 1993 2451 2039 et
2476 1992 2698 2053 propter
2723 1996 3006 2036 numerum
3044 1980 3506 2036 hebdomadarum
3535 1979 3808 2051 decagesi-

2228 2090 2375 2131 mam
2419 2072 2551 2146 [Αι.,
2597 2069 3097 2143 Decimagesimam]
3118 2111 3134 2136 ,
3169 2086 3263 2126 seu
3283 2069 3524 2140 quolibet
3567 2069 3675 2125 alio
3717 2085 3811 2125 no-

2230 2168 2397 2234 mine,
2425 2166 2511 2222 vel
2542 2175 2765 2237 propter
2784 2180 3063 2220 numerum
3086 2164 3295 2220 dierum
3324 2163 3808 2235 Septuagesimum,

2230 2259 2316 2316 vel
2342 2258 2786 2331 octuagesimam,
2815 2256 3005 2312 ordine
3024 2263 3240 2311 servato
3264 2255 3672 2323 vocabulorum,
3703 2266 3813 2312 tra-

2231 2352 2363 2409 mite
2400 2359 2547 2406 recto
2572 2349 2843 2422 pergendo
2865 2363 3174 2417 nuncupare
3202 2347 3531 2403 debuissent.

2305 2443 2443 2512 Quia
2482 2442 2666 2511 igitur,
2694 2441 2865 2512 gratia
2901 2440 3079 2495 divina
3125 2438 3446 2510 opitulante,
3472 2448 3633 2509 prout
3656 2440 3813 2495 nobis

2234 2535 2411 2590 visum
2440 2532 2563 2599 fuit,
2591 2532 2657 2587 de
2686 2532 2901 2587 nomine
2928 2531 3349 2601 Septuagesimaa
3377 2537 3433 2586 et
3457 2530 3816 2602 Sexagesima:

2238 2624 2370 2699 [Αι.,
2398 2622 2856 2697 Quadragesimze]
2876 2664 2891 2690 ,
2926 2639 2991 2679 ac
3014 2623 3515 2694 Quinquagesimze,
3547 2632 3654 2679 tim
3692 2624 3817 2678 eba-

2237 2717 2384 2772 ritati
2418 2716 2760 2788 scripsimus,
2804 2731 2948 2770 nunc
2988 2714 3126 2787 stylo
3163 2725 3512 2786 percurrente
3535 2716 3603 2771 de
3627 2717 3818 2771 obser-

2248 2808 2425 2862 vantia
2455 2814 2510 2862 et
2535 2807 2681 2862 cultu
2707 2807 2898 2862 harum
2935 2805 3441 2879 (hebdomadarum)
3478 2805 3636 2875 juxta
3664 2822 3823 2877 capa—

2238 2901 2456 2957 citatem
2486 2897 2688 2973 [Gold.,
2713 2897 3085 2972 sagacitatem]
3111 2913 3303 2954 sensus
3346 2898 3519 2973 nostri
3555 2897 3653 2954 tibi
3688 2898 3823 2954 scri-

2237 2992 2369 3048 bere
2412 2990 2741 3047 curavimus.
2786 2969 3248 3060 Quinquag'esima
3275 2969 3403 3049 vero
3434 2988 3555 3043 ideo
3598 2987 3820 3053 dicitur,

2239 3092 2295 3140 et
2318 3085 2640 3139 observatur
2666 3097 2699 3136 a
2723 3081 3013 3148 nonnullis,
3052 3088 3110 3136 ut
3134 3088 3190 3135 et
3215 3080 3452 3137 decimas
3487 3080 3723 3146 dierum,
3744 3079 3825 3149 je-

2233 3184 2497 3255 junando,
2528 3180 2884 3251 omnipotenti
2912 3179 3022 3235 Deo
3061 3177 3257 3234 offerre
3280 3177 3511 3242 valeant,
3539 3184 3596 3232 et
3621 3176 3824 3231 imitari

546 3273 742 3344 peritia
774 3271 966 3326 imbuti
989 3277 1115 3325 sunt
1144 3266 1392 3339 reperiri.
1420 3263 1575 3320 Unde
1597 3262 1724 3333 quia
1755 3269 1860 3316 tuae
1886 3258 2137 3315 charitati

2239 3274 2524 3331 Dominum
2554 3281 2797 3329 nostrum
2818 3269 3001 3327 Iesum
3024 3270 3321 3332 Christum,
3349 3269 3439 3340 qui
3466 3268 3825 3339 quadraginta

546 3366 752 3438 placuit
776 3360 1283 3430 nostramregalem
1314 3358 1490 3413 aulam
1517 3358 1620 3413 hac
1643 3356 1709 3411 de
1740 3369 1799 3410 re
1833 3352 2135 3418 consulere,

548 3453 810 3529 quidquid
841 3453 965 3508 inde
995 3452 1157 3508 sentit
1210 3449 1351 3522 [Al.,
1378 3447 1569 3521 sensit]
1619 3455 1804 3503 nostra
1853 3445 2137 3510 serenitas,

550 3564 801 3605 sermone
821 3545 1142 3601 commatico
1164 3543 1260 3599 tibi
1275 3540 1580 3612 patefacere
1600 3556 1709 3596 non
1723 3553 1983 3611 negamus
2001 3535 2139 3612 [Αι.,

557 3637 921 3711 negavimus].
1538 3708 1545 3711 ι
1650 3676 1657 3689 .

572 3797 581 3809 ι
626 3708 1070 3801 Exigenteigitur
1090 3725 1457 3796 inquisitione,
1474 3708 1974 3779 et‘consideratione
1995 3734 2144 3790 quae-

553 3820 780 3876 rendum
810 3826 913 3882 est,
945 3832 1043 3873 cur
1067 3814 1202 3888 [Al.,
1230 3815 1570 3870 considerata
1589 3854 1606 3880 ,
1628 3828 1756 3878 cur;
1798 3811 1953 3867 Gold.
1972 3852 1987 3875 ,
2013 3826 2143 3866 con-

553 3909 790 3965 siderata
825 3908 1035 3963 ratione
1063 3905 1184 3978 cur]
1215 3906 1307 3961 alii
1335 3922 1460 3972 sex,
1492 3905 1584 3960 alii
1610 3912 1813 3976 septem
1834 3945 1849 3969 ,
1878 3904 1967 3959 alii
1995 3912 2139 3972 octo,

552 4003 796 4059 nonnulli
823 3987 957 4058 vero
977 4017 1171 4057 novem
1196 4001 1503 4057 abstineant
1538 3998 1941 4054 hebdomadas?
1969 4001 2144 4068 Argu-

554 4103 796 4149 mentum
817 4107 1011 4150 sensus
1039 4091 1210 4147 nostri
1236 4098 1340 4147 tua:
1368 4089 1721 4146 familiaritati
1749 4104 1848 4160 per
1887 4089 1987 4144 hos
2023 4088 2142 4158 api-

556 4199 653 4241 ces
677 4183 986 4256 signiﬁcare
1007 4182 1304 4238 studemus.
1332 4181 1434 4250 Qui
1458 4181 1601 4236 enim
1629 4179 1782 4253 [Cod.
1803 4197 1901 4234 ms.
1924 4178 1985 4236 S.
2009 4178 2142 4233 Em-

554 4277 795 4341 merami,
836 4275 989 4342 Quod
1035 4274 1115 4329 sic
1167 4273 1483 4329 solvendum
1523 4280 1635 4338 est;
1685 4271 1776 4341 qui
1824 4269 1990 4343 enim]
2048 4284 2143 4325 sex

556 4365 923 4422 hebdomadas
935 4366 1284 4419 observantes
1308 4379 1366 4419 se
1393 4362 1733 4419 abstinentiae
1757 4362 1998 4427 tradunt,
2017 4362 2144 4417 sub-

558 4456 750 4514 tractis
775 4471 871 4511 sex
899 4456 1090 4510 diebus
1122 4455 1439 4520 dominicis,
1461 4455 1517 4509 in
1546 4455 1741 4524 quibus
1760 4453 2005 4524 jejunare
2037 4455 2141 4510 mi-

558 4545 703 4600 nime
749 4544 903 4607 licet,
937 4544 1174 4599 decimas
1220 4542 1433 4598 dierum
1478 4544 1667 4597 dantes
1716 4543 1918 4615 [Gold.,
1951 4546 2143 4600 dantes

560 4634 791 4707 dierum]
819 4634 1061 4705 corporis
1088 4634 1193 4700 sui,
1220 4634 1439 4705 triginta
1469 4649 1562 4689 sex
1600 4635 1731 4699 dies,
1762 4636 1902 4690 sicut
1950 4636 2142 4691 beatus

559 4725 851 4797 Gregorius
886 4725 1146 4780 mirabilis
1172 4724 1362 4781 doctor
1398 4725 1615 4791 edocet,
1633 4726 1910 4797 jejunant;
1957 4726 2143 4781 ethoc

560 4825 792 4886 tempus,
815 4815 942 4870 licet
979 4815 1032 4869 in
1060 4816 1177 4886 ipso
1222 4816 1326 4871 duo
1369 4832 1652 4887 superesse
1702 4818 1984 4872 videantur
2029 4818 2143 4872 dies

561 4922 730 4978 usque
757 4908 823 4963 ad
847 4915 1092 4962 sanctam
1136 4907 1630 4975 Resurrectionem,
1664 4909 2141 4980 Quadragesimam

561 4998 872 5054 doctoribus
887 5006 1089 5055 sancta:
1112 4999 1204 5053 Dei
1230 4999 1484 5055 Ecclesiae
1508 5000 1620 5071 89
1641 5001 1907 5056 nominari
1921 5000 2138 5071 placuit.

559 5088 838 5163 Religione
868 5104 997 5147 vero
1021 5103 1296 5150 crescente
1323 5110 1353 5150 a
1381 5095 1709 5166 Telesphoro
1746 5095 2020 5167 pontifice,
2050 5095 2142 5167 qui

632 5216 659 5244 ι
699 5202 1202 5278 Hanc_epistolam,
1253 5208 1499 5278 quamvis
1538 5206 1655 5277 jam
1711 5225 1742 5262 a
1793 5209 1950 5265 nobis
2005 5210 2145 5266 inter

561 5289 726 5356 opera
752 5274 814 5328 Β.
839 5274 1019 5356 Caroli
1055 5276 1229 5347 Magni
1260 5274 1650 5356 recusam,_'hic
1681 5279 2001 5356 exhibemus
2021 5296 2145 5356 pro-

561 5352 682 5414 pter
709 5356 914 5421 arctam
941 5349 1056 5421 ejus
1079 5349 1551 5421 cumpraecedenti
1580 5358 1634 5402 et
1655 5350 1899 5421 sequenti
1920 5349 2144 5421 epistola

562 5416 971 5502 conngxionem.
992 5416 1435 5502 Ldpuanroben.
1471 5419 1628 5500 epist.
1670 5416 1976 5502 QQLEm'r'.

632 5485 660 5525 δ
686 5484 943 5556 Epistola.
964 5558 971 5560 Α
991 5484 1135 5543 Edit.
1168 5484 1518 5560 Quercetani,
1541 5504 1663 5560 pag.
1692 5484 1977 5560 illiillic
2002 5508 2145 5549 eam-

563 5556 685 5630 dem
730 5558 1130 5630 castigatiorem
1180 5558 1498 5630 exhibemus
1540 5556 1804 5615 ex'codd.
1851 5559 2045 5618 Salisb.
2090 5571 2146 5619 et

564 5623 621 5679 S.
638 5623 987 5700 Emmerami.
1011 5628 1309 5700 Utramque
1334 5630 1399 5685 de
1427 5628 1833 5700 Septuagesima
1859 5633 2145 5700 epistolam

562 5698 821 5770 scriptam
840 5713 961 5755 esse
980 5715 1123 5754 anno
1146 5698 1248 5755 798
1271 5701 1544 5767 existimo,
1569 5698 1676 5770 quo
1702 5701 1864 5756 etiam
1884 5698 2145 5761 Alcuinus

562 5765 691 5825 huic
714 5768 891 5844 Caroli
916 5769 1168 5844 epistol:e_
1178 5771 1455 5844 respondit
1480 5765 1577 5844 per
1589 5765 1890 5844 epistolam
1917 5789 2147 5844 sequen-

566 5846 692 5916 tem.
724 5839 1099 5921 “Occasionem
1138 5841 1203 5895 de
1239 5839 1303 5921 ea
1340 5856 1399 5895 re
1433 5839 1737 5912 inquirendi
1796 5839 2144 5921 praebuerunt

562 5909 681 5977 ejus
705 5909 972 5980 discipuli,
1024 5929 1044 5963 ι
1076 5925 1264 5967 eorum
1289 5919 1418 5968 tunc
1442 5909 1744 5985 temporum
1770 5909 2145 5975 convenientia

2240 3366 2429 3422 diebus
2470 3361 2736 3432 jejunium
2782 3360 3208 3417 sacratissimum
3256 3359 3518 3430 implevit.
3564 3358 3609 3413 Α
3659 3358 3821 3426 Quin-

2239 3455 2553 3528 quagesima
2588 3469 2822 3524 namque
2849 3467 3025 3523 usque
3056 3453 3109 3507 in
3134 3452 3342 3507 Pascha
3386 3461 3592 3522 septem
3618 3452 3827 3507 hebdo-

2239 3548 2413 3603 madaa
2473 3552 2629 3609 sunt,
2680 3560 2800 3616 quae
2847 3543 3053 3598 faciunt
3102 3543 3215 3599 dies
3270 3543 3663 3615 quinquaginta
3701 3562 3715 3598 :
3761 3559 3829 3599 ex

2239 3642 2435 3713 quibus
2463 3641 2510 3696 si
2534 3647 2657 3695 octo
2687 3639 2801 3694 dies
2831 3638 3132 3695 dominicos
3161 3638 3515 3705 subtraxeris,
3547 3639 3602 3694 in
3629 3639 3828 3710 quibus

2234 3732 2497 3803 jejunium
2524 3748 2630 3788 non
2660 3732 2786 3787 licet
2812 3731 3122 3797 observare,
3153 3739 3434 3787 remanent
3466 3732 3828 3804 quadraginta

2242 3825 2349 3880 duo
2376 3824 2513 3891 dies,
2544 3831 2599 3879 et
2624 3823 2681 3879 hi
2710 3823 2816 3878 duo
2837 3821 2975 3889 dies,
3003 3823 3191 3893 quinta
3240 3821 3444 3895 [Gold.,
3472 3833 3648 3887 sexta,
3682 3841 3829 3878 men—

2241 3913 2387 3987 dose]
2417 3913 2665 3969 videlicet
2697 3922 2752 3968 et
2780 3914 3003 3984 septima
3029 3911 3187 3980 feria,
3215 3917 3307 3985 qui
3334 3916 3826 3987 quadragenarium

2242 4021 2529 4061 numerum
2557 4005 2843 4071 excedunt,
2870 4005 3012 4075 apud
3046 4005 3305 4074 quosdam
3337 4004 3542 4075 jejunio
3570 4006 3831 4063 dedican-
3929 3990 3935 3995 ’

2241 4103 2361 4164 tur;
2397 4097 2539 4171 apud
2568 4097 2829 4167 quosdam
2875 4096 2929 4150 in
2971 4097 3320 4153 veneratione
3343 4096 3478 4171 [Al.,
3504 4097 3824 4173 refectione]

2240 4202 2462 4263 propter
2497 4191 2719 4248 Coenam
2764 4191 3091 4248 dominicam
3131 4200 3187 4248 et
3232 4198 3475 4247 sanctum
3525 4190 3826 4248 Sabbatum

2242 4279 2528 4340 habentur.
2573 4283 2918 4356 Sexagesima
2961 4291 3165 4349 autem,
3202 4291 3264 4338 ut
3301 4282 3656 4350 aestimamus,
3703 4299 3830 4355 pro-

2241 4384 2427 4446 pterea
2469 4392 2500 4429 a
2527 4374 2799 4430 nonnullis
2820 4376 3162 4438 observatur,
3191 4380 3250 4427 ut
3275 4380 3330 4426 et
3354 4373 3591 4428 decimas
3618 4374 3830 4429 dierum

2243 4465 2487 4536 corporis
2531 4465 2612 4520 sui
2657 4463 2787 4535 [Αι,,
2815 4464 3131 4534 corporibus
3157 4461 3291 4536 suis]
3336 4464 3692 4534 omnipotenti
3723 4466 3830 4520 Deo

2245 4557 2371 4611 dare
2394 4555 2625 4625 possint,
2652 4566 2707 4609 et
2737 4556 3023 4610 Dominum
3062 4565 3306 4610 nostrum
3339 4554 3522 4611 Iesum
3548 4557 3828 4612 Christum

2173 4621 2221 4680 ί)
2244 4648 2300 4703 in
2349 4621 2777 4717 quadragenario
2837 4661 3060 4703 numero
3117 4648 3479 4718 particulatim
3532 4648 3831 4729 jejunando

2243 4737 2468 4802 imitari,
2496 4746 2551 4791 et
2588 4744 2647 4790 ut
2671 4737 2924 4806 primam,
2947 4736 3032 4792 vel
3056 4738 3299 4808 quintam
3334 4737 3526 4794 feriam
3565 4756 3594 4793 a
3617 4738 3829 4809 jejunio

2243 4840 2436 4883 vacare
2456 4826 2690 4880 valeant.
2726 4826 2773 4879 Α
2799 4826 3146 4898 Sexagesima
3173 4829 3371 4899 quippe
3400 4844 3569 4899 usque
3611 4830 3666 4885 in
3696 4845 3831 4885 san-

2242 4928 2389 4974 ctum
2412 4918 2553 4973 diem
2574 4918 3007 4975 Resnrrectionis
3031 4920 3315 4976 dominica:
3335 4930 3459 4976 octo
3482 4921 3835 4977 hebdomade

2242 5020 2388 5076 sunt,
2416 5026 2483 5066 ex
2510 5012 2707 5080 quibus
2733 5011 2781 5065 si
2809 5012 2873 5066 de
2897 5012 3123 5084 singulis
3148 5014 3571 5069 hebdomadibus
3595 5014 3833 5083 primam

2241 5111 2299 5158 et
2322 5102 2566 5173 quintam
2603 5101 2797 5157 feriam
2837 5104 3190 5172 subtraxeris,
3223 5113 3281 5160 et
3321 5106 3496 5175 ipsum
3533 5106 3675 5161 diem
3704 5122 3834 5167 san-

2243 5217 2483 5297 excitati.
2517 5237 2559 5297 »-
2584 5216 2971 5297 Ergoscripta;
2998 5218 3149 5275 fuere
3176 5219 3295 5276 istae
3320 5221 3562 5292 epistolae
3586 5232 3833 5294 tempore

2243 5287 2680 5359 Septuagesimre’
2697 5287 2816 5358 ejus
2843 5287 2991 5345 anni.

2316 5370 2348 5430 ε
2373 5358 2689 5430 Imperator.
2734 5360 2881 5416 Hanc
2907 5377 3093 5417 vocem
3125 5379 3231 5419 non
3264 5365 3465 5419 habent
3492 5364 3663 5420 Codd.
3697 5381 3831 5423 mss.

2244 5428 2440 5506 Salisb.
2459 5428 2527 5484 ‘et
2555 5428 3181 5506 SanfEmmeratnianus;
3217 5451 3316 5491 nec
3340 5444 3517 5491 exstat
3546 5437 3684 5506 apud
3707 5434 3838 5493 Gol-

2243 5500 2481 5579 dastutn,
2523 5500 2615 5570 qui
2661 5501 2801 5579 h_a_n_c
2843 5504 3124 5579 epistolam
3160 5505 3326 5561 edidit
3351 5500 3643 5579 Constitut.
3673 5506 3832 5579 itnp.,

2242 5578 2376 5654 tom.
2403 5570 2488 5654 lli,
2538 5587 2657 5654 pag:
2688 5574 2808 5654 L37.
2840 5570 3118 5654 Oimittitur
3146 5592 3360 5654 quoque
3390 5578 3443 5632 in
3467 5570 3836 5654 Chron._Cén;

2243 5641 2460 5717 tulensi,
2514 5641 2950 5717 apu’d‘Pougetq
2997 5660 3118 5717 pag.
3147 5641 3288 5713 624,—
3324 5658 3439 5704 not.
3471 5667 3524 5703 a.
3579 5649 3647 5702 Et
3670 5649 3829 5717 bene,

2243 5728 2370 5767 nam
2394 5713 2519 5792 data
2551 5722 2635 5768 est
2671 5715 2787 5792 lucc
2822 5713 3045 5783 epistola
3076 5726 3369 5792 antequam
3401 5720 3625 5775 Carolus
3654 5713 3830 5792 impel-

2243 5792 2406 5909 Salo;
2436 5781 2625 5840 fuisset
2667 5781 2989 5852 declaratus,
3018 5795 3077 5840 ut
3107 5781 3341 5846 diximus
3386 5792 3440 5846 in
3471 5799 3583 5846 not.
3615 5781 3833 5848 antece-

2281 5870 2351 5909 en
2411 5893 2425 5909 .

2281 5861 2425 5911 ente.

2314 6010 2371 6064 ε...
