4056 6328
196 335 293 397 265

1645 312 2024 374 EPISTOLAB.

3353 309 3459 366 266

195 462 335 512 ctum
357 445 606 511 Paschae,
634 439 990 514 quadraginta
1028 444 1235 495 tantum
1263 437 1382 493 dies
1405 441 1690 492 remanent
1717 432 1772 487 in
1801 434 1855 495 Α
1877 428 2204 493 dicavimus;
2265 427 2364 494 aL,
2423 426 2773 496 prohibetur;
2837 425 2932 490 aL,
2977 413 3388 496 praedicavimus
3412 433 3456 500 ].

197 539 535 603 abstinentia.
583 537 908 593 Melchiades
949 550 1078 591 vero
1125 534 1344 588 natione
1384 531 1535 597 Afer,
1568 530 1653 584 vir
1680 543 1776 599 per

195 641 372 700 omnia
410 635 757 710 apostolicus,
781 633 1090 688 tricesimus
1116 637 1341 700 quartus
1368 636 1491 698 post
1530 633 1776 680 sanctum

195 734 434 796 Petrum,
479 729 566 785 cui
613 726 873 783 successit
918 725 1108 779 beatus
1139 721 1399 777 Silvester
1446 720 1499 774 in
1523 717 1778 774 cathedra

197 824 328 899 (AL,
357 817 692 892 cathedram]
718 816 1024 890 apostolicae
1048 813 1355 901 dignitatis;
1385 812 1475 867 hic
1503 809 1782 866 constituit

197 925 256 974 ut
280 915 426 972 nulla
465 913 694 977 ratione,
727 911 783 965 in
806 910 983 980 prima
1010 907 1094 963 vel
1119 907 1306 977 quinta
1336 905 1489 970 feria,
1516 902 1781 972 jejunium

197 1010 320 1084 quis
355 1008 425 1062 de
461 1005 711 1061 ﬁdelibus
752 1016 914 1074 agere
947 1007 1320 1072 pmsumeret.
1360 1009 1386 1038 α
1415 995 1550 1050 Nam
1594 1011 1691 1051 cur
1727 995 1782 1050 in

193 1103 370 1176 prima
398 1098 534 1154 feria
561 1095 823 1166 jejunium
857 1095 972 1166 ipso
1001 1090 1248 1147 tradente
1275 1088 1536 1155 solvatur,
1565 1103 1672 1143 non
1700 1094 1784 1142 est

194 1193 492 1252 necessitas
521 1187 753 1244 texendo
779 1179 1072 1256 replicare?
1098 1182 1354 1250 Quintam
1379 1195 1509 1236 vero
1533 1177 1784 1234 arbitrati

194 1303 417 1352 sumus,
451 1292 671 1356 propter
703 1297 896 1354 magna
930 1279 1187 1352 mysteria
1208 1319 1222 1344 ,
1267 1294 1386 1348 quae
1427 1278 1482 1332 in
1517 1293 1582 1332 ea
1613 1278 1787 1332 conti-

194 1389 416 1446 nentur,
467 1378 535 1433 ab
568 1393 637 1445 eo
678 1375 929 1431 solutam.
979 1373 1037 1427 ln
1082 1372 1198 1441 ipsa
1252 1385 1484 1441 namque
1537 1379 1786 1426 sanctum

193 1473 434 1530 chrisma
465 1467 751 1525 conﬁcitur
774 1465 843 1521 ad
873 1463 1169 1520 abluendas
1197 1463 1363 1518 totius
1393 1462 1578 1517 mundi
1598 1461 1789 1532 primae

191 1563 425 1636 originis
451 1560 637 1631 culpas
666 1558 801 1632 [Al.,
830 1555 1246 1612 abluendam....
1264 1550 1533 1624 culpam];
1586 1553 1641 1607 in
1672 1553 1789 1623 ipsa

190 1655 566 1716 reconciliatio
610 1653 672 1708 ﬁt
716 1650 1129 1724 pcenitentium;
1189 1649 1242 1702 in
1295 1648 1410 1718 ipsa
1459 1646 1789 1716 Redemptor

187 1752 439 1810 omnium
465 1746 729 1805 ctenando
751 1743 884 1818 [Al.,
908 1741 1208 1813 redemptio
1229 1741 1471 1796 omnium
1505 1737 1786 1811 cmnando]

188 1800 316 1902 ἔξω
345 1841 625 1912 discipulis
652 1800 848 1910 panem
869 1800 1056 1907 fregit,
1086 1800 1142 1890 et
1169 1834 1391 1890 calicem
1414 1833 1620 1903 pariter
1639 1800 1787 1888 dedit
1814 1800 1864 1864 Β

187 1936 266 1992 eis
294 1935 328 1974 ιι
361 1936 420 1990 in
449 1935 676 2004 ﬁguram
710 1928 954 1999 corporis
991 1936 1048 1982 et
1087 1927 1363 1996 sanguinis
1389 1926 1491 1990 sui,
1523 1925 1788 1994 nobisque

183 2029 542 2101 profuturum
571 2041 824 2098 magnum
851 2023 1096 2079 exhibuit
1122 2022 1534 2078 Sacramentum
1567 2017 1784 2089 (Matth.

184 2136 348 2188 xxvr,
381 2119 472 2186 26,
499 2119 610 2190 27).
637 2119 716 2174 Eo
744 2116 995 2173 videlicet
1019 2115 1125 2181 die,
1153 2123 1276 2184 post
1304 2111 1473 2167 multa
1504 2111 1787 2180 mysteria,

180 2213 340 2268 Deus
384 2219 444 2268 et
491 2211 750 2266 Dominus
779 2215 965 2264 noster
990 2205 1150 2262 Jesus
1173 2203 1440 2269 Christus,
1479 2201 1791 2258 videntibus

177 2305 399 2362 sanctis
425 2302 702 2373 discipulis
730 2301 842 2357 suis
873 2299 1105 2371 gloriosa
1129 2296 1462 2351 Ascensione
1503 2294 1671 2350 cmlos
1696 2307 1790 2363 pe-

177 2397 436 2454 netravit
483 2393 637 2466 (Luc.
671 2407 820 2458 xxiv,
850 2389 939 2455 51;
979 2388 1096 2442 Act.
1129 2399 1169 2451 ι,
1193 2386 1270 2458 9).
1326 2385 1432 2440 Sed
1481 2399 1550 2438 ne
1589 2382 1794 2439 diutius

171 2505 379 2548 sermo
405 2485 788 2558 protrahatur;
821 2479 990 2534 multa
1019 2488 1070 2533 te
1095 2477 1290 2548 legisse
1315 2475 1383 2530 de
1411 2474 1516 2528 hac
1541 2472 1797 2529 solemni-

170 2586 298 2634 tate
347 2576 406 2631 in
450 2582 763 2630 sanctorum
804 2567 1196 2626 venerabilium
1239 2565 1666 2623 orthodoxorum
1691 2563 1796 2618 Pa-

172 2675 344 2723 trum
387 2664 552 2719 dictis
577 2677 684 2718 non
715 2662 1047 2732 ignoramus.
1101 2656 1510 2728 Septuagesima
1540 2655 1792 2725 denique,

173 2769 236 2816 at
258 2758 633 2820 aestimamus,
665 2764 955 2825 propterea
981 2753 1051 2808 ab
1080 2751 1350 2821 aliquibus
1372 2751 1712 2814 observatur,
1735 2758 1798 2805 ut

175 2864 232 2910 et
273 2849 530 2908 decimas
569 2848 780 2903 dierum
802 2846 915 2902 Deo
951 2843 1088 2918 [Al.,
1111 2843 1362 2916 Domino]
1395 2843 1526 2899 dare
1560 2849 1790 2914 queant;

174 2956 231 3002 et
250 2944 447 3016 prima
475 2941 561 2996 vel
592 2941 798 3011 quinta,
842 2954 944 2995 nec
973 2953 1083 2994 non
1110 2945 1168 2994 et
1207 2937 1436 3008 septima
1475 2935 1612 2992 feria
1653 2933 1797 3021 jeju-

177 3035 342 3090 nium
400 3032 612 3088 solvere
644 3027 849 3103 [Gold.,
892 3029 1187 3084 observare
1237 3025 1503 3098 mendose]
1559 3026 1788 3096 possint.

173 3129 222 3182 Α
243 3122 671 3197 Septuagesima
695 3135 824 3176 vero
845 3134 1018 3189 usque
1045 3119 1102 3173 in
1122 3117 1352 3184 Pascha,
1380 3131 1573 3220 novem
1599 3116 1794 3171 hebdo—
1817 3156 1870 3226 ϐ

176 3217 373 3273 madae
423 3222 575 3278 sunt,
630 3227 752 3282 quae
797 3209 1004 3266 faciunt
1053 3209 1170 3264 dies
1223 3207 1504 3280 sexaginta
1561 3215 1796 3276 quatuor

176 3305 401 3381 [Gotd.,
436 3302 592 3376 tres],
623 3318 655 3358 e
684 3299 899 3372 quibus,
928 3301 975 3356 si
1000 3298 1069 3355 de
1098 3313 1427 3370 unaquaque
1453 3296 1794 3353 hebdomada

182 3408 300 3454 tres
339 3395 605 3468 praefatos
633 3393 972 3450 subtraxeris
1003 3393 1142 3456 dies,
1173 3399 1229 3447 et
1249 3391 1572 3448 Paschalem
1617 3405 1798 3446 sacra-

178 3489 492 3551 tissimum,
525 3487 749 3558 triginta
775 3500 873 3540 sex
903 3485 960 3539 in
996 3483 1326 3539 abstinentia
1357 3481 1489 3556 [Al.,
1522 3482 1798 3537 abstinen-

181 3580 298 3655 tiaa]
334 3587 630 3636 remanent
651 3577 788 3632 dies.
825 3575 893 3631 Hi
920 3591 1047 3631 vero
1071 3574 1391 3640 Sabbatum,
1439 3575 1494 3628 in
1520 3588 1627 3643 quo
1655 3573 1798 3629 Deus

182 3678 252 3732 ab
285 3675 554 3733 omnibus
578 3673 835 3744 operibus
864 3670 1133 3740 requievit
1166 3668 1344 3743 (Gem,
1374 3685 1438 3733 ιι,
1464 3668 1540 3736 2),
1570 3683 1679 3724 non
1707 3683 1799 3724 so-

182 3768 298 3825 lum
332 3769 413 3824 ob
438 3766 880 3837 superstitionem
906 3762 1238 3830 Iudaeorum,
1267 3778 1370 3818 nec
1395 3770 1619 3832 propter
1646 3777 1800 3816 man—

182 3867 315 3922 data
345 3862 548 3936 legalia
575 3859 791 3918 Veteris
814 3858 1168 3926 Testamenti,
1192 3873 1312 3928 qua:
1341 3866 1468 3913 sunt
1493 3857 1689 3912 umbra
1716 3854 1801 3911 fu-

182 3965 473 4026 turorum,
505 3955 600 4011 sed
625 3969 694 4008 ne
718 3967 841 4008 cum
867 3949 1070 4006 Judaeis
1097 3949 1466 4005 scandalizent
1487 3947 1619 4021 [At.,
1643 3963 1802 4004 scan-

182 4048 542 4116 dalizentur;
579 4043 764 4111 Gold.,
789 4040 1274 4114 sabbaptizentur],
1292 4039 1562 4110 jejunium
1587 4039 1799 4096 solvere

186 4137 410 4212 [Gold.,
441 4137 756 4200 observare,
786 4133 1055 4207 mendose]
1107 4141 1392 4190 conantur.
1425 4132 1504 4187 Ea
1528 4131 1802 4202 praecipue

185 4246 361 4286 causa
417 4236 524 4292 est,
576 4227 704 4298 quia
749 4232 1164 4296 vesperascente
1217 4224 1333 4292 ipso
1379 4221 1487 4287 die,
1546 4219 1802 4291 gaudium

184 4323 302 4394 90
333 4329 544 4378 sancta:
583 4319 997 4375 resurrectionis
1031 4333 1063 4372 a
1090 4316 1339 4372 ﬁdelibus
1368 4313 1667 4370 honoriﬁce
1715 4325 1804 4368 ce-

186 4415 466 4470 lebratur.
499 4412 606 4468 Sed
631 4412 757 4482 quia
785 4411 1158 4480 unusquisque
1190 4409 1244 4463 in
1289 4425 1388 4464 suo
1417 4422 1583 4464 sensu
1630 4407 1802 4462 abun-

1952 532 1974 559 ο
2003 521 2080 576 De
2108 521 2210 575 hoc
2251 527 2447 583 autem,
2488 518 2630 587 quod
2677 517 2921 572 chartula
2961 526 3245 586 prosecuta
3275 527 3456 575 vestra

1880 616 2086 680 retulit,
2113 614 2256 685 quod
2282 613 2512 683 plurima
2543 613 2669 667 hinc
2697 613 2803 667 dici
2837 613 3064 682 possint,
3102 614 3194 668 sed
3224 613 3464 672 noluisse

1881 717 1934 764 te
1960 707 2219 763 excedere
2247 705 2465 760 modum
2510 704 2790 769 chartulae,
2824 714 2878 761 et
2906 705 3139 761 maxime
3165 707 3292 775 quia
3340 722 3465 765 cum

1883 801 2110 872 sapienti
2130 799 2318 869 paucis
2347 799 2602 854 utendum
2640 799 2711 854 sit
2736 799 2936 864 verbis,
2968 799 3041 853 ita
3081 808 3136 854 et
3183 816 3283 856 nos
3306 815 3465 856 versa

1881 893 2000 946 vice
2013 892 2200 962 paucis
2228 905 2398 962 pauca
2434 891 2828 961 rescripsimus.
2849 891 3000 957 Quod
3026 884 3207 947 autein
3233 909 3465 964 usurpa—

1883 983 1982 1038 stis
2003 983 2166 1037 verba
2189 982 2388 1052 regina:
2412 981 2566 1036 Saba:
2591 982 2658 1036 ad
2678 980 3017 1036 Salomonem
3043 981 3109 1036 de
3135 983 3468 1040 beatitudine

1886 1091 2166 1131 servorum
2189 1075 2281 1146 qui
2326 1074 2482 1129 nobis
2520 1073 2800 1140 assistunt,
2837 1083 2892 1128 et
2927 1075 3152 1130 audiunt
3184 1077 3348 1131 verba
3377 1092 3467 1132 sa-

1885 1167 2103 1238 pientia:
2125 1175 2347 1232 nostrm,
2374 1167 2421 1220 si
2448 1165 2552 1220 hoc
2578 1179 2767 1219 verum
2811 1164 2927 1222 fore
2955 1167 3126 1232 scitis,
3155 1167 3350 1232 venite,
3384 1183 3470 1221 as-

1888 1259 2082 1323 sistite,
2115 1259 2316 1324 audite,
2347 1265 2402 1312 et
2428 1258 2632 1328 pariter
2679 1258 2733 1312 in
2762 1259 2989 1314 Domino
3033 1260 3089 1314 in
3135 1259 3304 1328 pratis
3353 1275 3472 1314 ver.

1887 1352 2144 1406 nantibus
2166 1351 2431 1406 varietate
2458 1348 2651 1405 ﬂorum
2680 1349 3083 1422 Scripturarum
3114 1351 3474 1422 jucundantes

1891 1445 2242 1502 delectemur.

2328 1515 2354 1554 ά
2385 1515 2720 1571 EPISTOLA
2769 1514 3028 1569 LXXXII.

2399 1602 2467 1642 AD
2506 1603 2725 1642 DOMNUM
2766 1601 2962 1642 REGEM.

2503 1675 2680 1748 (Anno
2709 1676 2858 1748 798.)

1963 1764 2257 1838 Respondet
2290 1767 2359 1838 ad
2395 1765 2667 1837 epistolam
2701 1767 3098 1837 prwcedentem,
3127 1776 3174 1821 et
3201 1765 3408 1824 lunaris

2273 1837 2439 1892 saltus
2479 1838 2869 1908 supputationes
2906 1838 3083 1892 mittit.

1959 1928 2225 2000 Optabilis
2269 1927 2400 2001 [Al.,
2433 1937 2480 1982 et
2521 1929 2639 1983 cod.
2680 1927 2815 1993 Vat.,
2862 1939 3047 1999 optata
3088 1933 3243 2007 mihi]
3286 1944 3341 1990 et
3387 1936 3480 1992 diu

1890 2021 2198 2078 desiderata
2236 2030 2434 2077 vestrae
2473 2022 2730 2078 bonitatis
2771 2022 3074 2078 litterarum
3107 2023 3275 2082 facies
3303 2027 3482 2082 subito

1890 2113 2108 2179 eﬂ'ulsit,
2137 2115 2513 2186 permultoque
2543 2123 2787 2186 tempore
2823 2117 3012 2172 avidos
3041 2117 3259 2172 videndi
3297 2119 3484 2175 oculos

1891 2207 2222 2262 sanctissimi
2256 2207 2424 2261 vestri
2451 2207 2686 2262 nominis
2725 2207 2904 2276 apices
2931 2207 3260 2263 refecerunt.
3299 2209 3386 2276 Et,
3419 2209 3483 2263 li-

1892 2307 1978 2353 cet
2019 2298 2221 2367 aliquid
2268 2299 2694 2367 reprehensibile
2746 2301 2994 2368 sequenti
3039 2301 3182 2354 serie
3226 2301 3292 2356 de
3347 2303 3485 2360 meis

1893 2388 2249 2443 cantitassent
2277 2387 2552 2452 litterulis,
2586 2397 2766 2442 tamen
2797 2389 2979 2443 omnia
3022 2389 3277 2444 melliﬂua
3303 2391 3485 2447 dulce-

1895 2475 2021 2531 dine
2047 2477 2237 2541 hausi,
2288 2476 2415 2530 dum
2453 2479 2557 2534 hoc
2590 2479 2948 2534 desiderabile
2986 2488 3042 2535 et
3077 2481 3306 2536 multum
3355 2483 3483 2538 mihi

1895 2567 2127 2622 amabile
2169 2568 2223 2622 in
2260 2568 2438 2637 primo
2471 2572 2648 2639 capite
2681 2586 2877 2626 nomen
2915 2573 3183 2642 apparuit.
3231 2573 3488 2631 Gratissi-

1896 2673 2044 2712 mum
2075 2658 2207 2712 mihi
2232 2658 2394 2712 etiam
2425 2659 2542 2714 fore
2569 2660 2746 2717 fateor
2773 2661 2902 2734 [Al.,
2927 2660 3180 2735 fatebor],
3210 2673 3270 2718 ut
3292 2665 3375 2719 vel
3408 2665 3487 2721 sic

1894 2748 2246 2804 beatitudinis
2291 2759 2487 2829 vestrae
2547 2752 2784 2822 syllabas
2826 2769 3069 2808 mererer
3115 2755 3392 2810 osculari:
3427 2765 3489 2810 ut

1895 2841 2039 2911 quod
2103 2851 2364 2911 perpetua
2407 2850 2461 2896 et
2515 2843 2769 2898 inviolata
2822 2861 2930 2900 non
2972 2847 3146 2915 potuit
3185 2848 3488 2916 promereri

1896 2935 2135 3001 dilectio,
2183 2933 2376 2990 saltem
2426 2935 2866 3004 reprehensionis
2911 2940 3140 2994 materia
3188 2941 3367 2996 subito
3395 2957 3489 2996 ex—

1895 3033 2211 3097 torqueret:
2252 3026 2430 3082 sciens
2479 3027 2704 3082 meliora
2760 3044 2879 3085 esse
2925 3031 3148 3086 vulnera
3197 3033 3486 3104 diligentis,

1897 3136 2062 3191 quam
2110 3119 2460 3176 fraudulenta
2506 3121 2689 3176 oscula
2739 3123 2990 3178 odientis.
3046 3123 3158 3179 Nec
3197 3125 3396 3180 mirum
3442 3127 3488 3181 si

1901 3211 2128 3268 tarditas
2151 3211 2306 3266 aselli
2336 3211 2603 3266 sustineat
2636 3211 2690 3266 in
2718 3213 2881 3269 dorso
2910 3213 3201 3285 ﬂagellum.
3230 3216 3342 3287 Ego
3375 3224 3487 3272 tar-

1900 3307 2022 3373 dus,
2049 3319 2148 3377 ego
2191 3305 2299 3361 mei
2347 3304 2517 3375 ipsius
2542 3304 2698 3378 [ϐοά.
2738 3306 2880 3374 Vat.,
2914 3319 3127 3380 egomet
3159 3310 3350 3384 ipsius]
3390 3311 3493 3367 im-

1900 3413 2128 3462 memor,
2156 3404 2462 3452 vestrorum
2485 3397 2714 3453 forsitan
2755 3400 2914 3470 digne
2941 3416 3232 3470 puerorum
3261 3402 3491 3459 sustinui

1899 3486 2189 3560 ﬂagellum.
2222 3487 2466 3544 Entellus
2507 3489 2690 3544 senior
2717 3489 2876 3546 elfeto
2905 3507 3133 3562 corpore
3161 3493 3360 3548 dudum
3388 3510 3492 3548 ca:-

1904 3588 2019 3635 stus
2045 3579 2292 3651 deposuit
2324 3595 2452 3636 suos
2484 3597 2498 3634 :
2531 3588 2690 3637 aetate
2719 3581 3038 3638 ﬂorentibus
3068 3585 3211 3639 cedit
3254 3585 3374 3640 illos
3408 3584 3491 3638 in-

1903 3669 2014 3724 dui.
2064 3669 2190 3725 Ideo
2241 3671 2439 3742 aliquis
2485 3671 2698 3728 illorum
2750 3674 3019 3729 seniorem
3069 3677 3273 3745 ingenti
3311 3693 3493 3747 pugno

1902 3764 2204 3832 percussit,
2253 3765 2328 3819 ita
2376 3774 2437 3820 ut
2471 3766 2643 3835 caligo
2685 3768 3068 3824 obversaretur
3102 3769 3288 3825 oculos
3319 3770 3496 3826 senio-

1903 3855 2011 3922 ris;
2042 3863 2097 3910 et
2123 3856 2211 3910 vix
2246 3859 2534 3928 resumptis
2569 3859 2775 3914 viribus
2815 3859 3045 3931 frigidus
3081 3863 3223 3917 circa
3253 3878 3492 3931 praecor-

1903 3949 1991 4004 dia
2020 3949 2252 4005 recaluit
2281 3951 2519 4020 sanguis.
2550 3951 2619 4005 Et
2647 3960 2705 4005 ut
2736 3954 2804 4006 ad
2840 3969 2955 4009 rem
2981 3955 3212 4017 veniam,
3247 3970 3310 4009 ac
3339 3955 3493 4024 igno-

1901 4042 2095 4097 rantiae
2123 4041 2379 4112 fomentis
2405 4049 2566 4111 caput
2594 4044 2841 4112 percussi
2887 4044 3148 4098 medicari
3197 4044 3489 4112 incipiam:

1903 4146 2004 4203 ego
2055 4132 2360 4202 imperitus,
2391 4147 2491 4201 ego
2537 4132 2790 4202 ignarus,
2838 4134 3087 4189 nesciens
3116 4133 3492 4205 Egyptiacam

1905 4222 2143 4278 scholam
2189 4224 2242 4278 in
2269 4223 2469 4293 palatio
2494 4225 2762 4281 Davidicaa
2784 4227 2992 4282 versari
3031 4227 3217 4298 glorise
3244 4240 3306 4280 οε
3343 4227 3362 4267 ί
3394 4244 3494 4300 ego

1906 4313 2094 4368 abiens
2131 4313 2352 4369 Latinos
2372 4314 2446 4369 ibi
2470 4314 2669 4370 dimisi.
2717 4315 2910 4372 Nescio
2937 4317 3060 4387 quis
3090 4317 3494 4373 subintroduxit

1910 4405 1937 4445 3
1958 4403 2262 4477 IEgyptios.
2309 4405 2421 4462 Nec
2450 4415 2556 4461 tam
2589 4408 2838 4466 indoctus
2877 4409 2954 4466 fui
2984 4409 3340 4480 Memphitica:
3368 4427 3497 4481 sup-

188 4509 285 4564 dat
341 4506 530 4579 (Rom.
560 4521 673 4572 xiv,
700 4503 778 4576 5),
827 4504 942 4559 sive
984 4505 1107 4567 hoc,
1142 4502 1257 4557 sive
1312 4501 1457 4556 aliud
1505 4499 1596 4568 sit,
1653 4498 1803 4555 salva
1830 4524 1884 4586 Β
1907 4499 2222 4569 putationis,
2251 4515 2416 4570 quam
2446 4500 2735 4558 benevolus
2773 4502 3034 4558 Romanm
3065 4503 3492 4560 consuetudinis.

187 4598 298 4657 ﬁde
363 4607 422 4654 et
463 4597 724 4669 religione
770 4595 904 4651 nihil
947 4594 1365 4667 praejudicamus
1412 4591 1542 4665 [Αι.,
1599 4590 1802 4662 praeju-

262 4772 291 4800 ε
325 4758 482 4813 Nam
510 4773 670 4810 cur...
698 4755 758 4810 In
801 4753 934 4809 Cod.
963 4767 1065 4806 ms.
1102 4747 1677 4806 San-Emmeramiano
1725 4748 1800 4804 ita

186 4829 438 4901 legitur:
474 4827 618 4901 Nam
645 4833 793 4901 θωυ-
821 4826 878 4878 in
901 4824 1070 4894 prima
1108 4821 1243 4901 feria
1267 4820 1535 4901 jejunium
1566 4835 1670 4901 non
1701 4819 1798 4901 ﬁat

187 4890 327 4982 ipso
356 4898 604 4982 tradente
633 4890 930 4961 Saluatore,
978 4910 1084 4948 non
1131 4900 1207 4948 est
1251 4891 1535 4946 necessitas
1577 4890 1798 4945 texendo

189 4970 475 5041 replicati.

205 5111 220 5116 _
263 5042 296 5081 h
319 5039 399 5093 In
420 5040 672 5116 ﬁgurant.
698 5037 967 5116 Cod.__ms.
1000 5034 1059 5090 S.
1084 5033 1574 5116 Emineramianus,
1603 5038 1657 5086 et
1681 5029 1803 5116 Gol-

189 5111 398 5166 dastus
420 5102 442 5164 ':
463 5102 546 5164 Ἱη
583 5110 776 5180 ﬁgura.
807 5108 944 5180 Haec
973 5121 1083 5180 non
1112 5103 1464 5180 intelligenda
1495 5117 1657 5157 sensu
1686 5102 1802 5180 ca_l-

185 5182 484 5246 vinistico,
517 5171 927 5244 sedvcatholico,
957 5177 1033 5231 uti
1065 5171 1404 5245 explicantur
1451 5173 1506 5228 in
1533 5187 1697 5246 opere
1729 5171 1794 5226 D.

184 5242 555 5316 Arnaldi,'de
579 5242 947 5322 Perpetuitate
977 5242 1284 5309 ﬁdeiftom.
1316 5247 1357 5311 Ι,
1381 5261 1505 5315 pag.
1533 5242 1654 5296 765.
1748 5312 1759 5324 ,

262 5335 289 5362 θ
344 5323 432 5377 De
454 5322 554 5376 hoc
584 5331 779 5376 autem.
822 5320 973 5374 Hanc
1013 5317 1330 5377 clausulam,
1360 5331 1481 5377 quae
1512 5315 1697 5368 deerat
1746 5329 1800 5366 tn

262 5335 289 5362 ο
344 5331 432 5377 De
454 5331 554 5376 hoc
584 5331 779 5376 autem.
822 5331 973 5374 Hanc
1013 5331 1330 5380 clausulam,
1360 5331 1481 5386 quae
1512 5331 1697 5368 deerat
1746 5331 1798 5366 In

185 5395 414 5455 Editis,
454 5392 761 5448 addidimus
809 5407 877 5446 ex
916 5389 1049 5444 Cod.
1095 5402 1199 5442 ms.
1251 5386 1472 5448 Salisb.,
1519 5383 1798 5455 Goldasﬁto,

184 5465 300 5522 loc.
356 5454 487 5530 cit.,
535 5477 659 5535 pag.
687 5463 808 5528 158,
859 5470 913 5518 et
950 5458 1265 5523 D’Acherio,
1313 5455 1498 5527 Spicil.
1552 5463 1682 5509 tom.
1713 5454 1800 5520 Ν,

184 5535 724 5680 ωὲἶίιςέἓθρίεςοξει
747 5603 888 5680 apud
920 5602 1195 5680 Canisium
1224 5600 1310 5680 l5,
1342 5595 1806 5680 apttd_Querceta-

187 5693 333 5734 num
367 5679 434 5740 9,
471 5667 632 5746 (apud
676 5667 908 5730 Froben.
945 5673 1034 5745 67)
1069 5679 1411 5746 numeratur;
1461 5668 1536 5722 ibi
1581 5667 1802 5746 mutila;

186 5750 286 5806 hic
320 5737 567 5816 integra.
602 5744 880 5800 Accedunt
907 5737 1488 5816 nuncemcndationes
1535 5737 1804 5795 nonnulla:

189 5836 262 5878 ex
293 5813 567 5877 cod.ins.
597 5815 731 5884 Reg.
764 5817 884 5870 Vat.
923 5832 978 5870 ιι.
1016 5813 1140 5870 226.

535 5925 540 5928 ·
587 5911 865 5974 ΡΑΤιιοι.
906 5908 977 5972 C.

1908 4591 2126 4649 Annum
2160 4609 2283 4649 cum
2315 4601 2444 4649 nato
2469 4593 2709 4660 Christo,
2741 4605 2796 4651 et
2824 4606 3103 4652 crescente
3133 4597 3252 4652 luce
3281 4597 3499 4652 initiare

1983 4768 2006 4795 θ
2033 4754 2134 4810 Hic
2158 4754 2281 4810 ﬁnis
2306 4763 2390 4810 est
2415 4754 2653 4825 epistolae
2674 4754 2814 4825 apud
2840 4754 3138 4811 Canisium.

1980 4825 2007 4896 ζ
2035 4825 2149 4896 Ego
2171 4825 2369 4896 abiens.
2395 4824 2438 4878 Ε
2465 4825 2648 4880 schola
2677 4824 2869 4896 nempe
2897 4827 3136 4896 palatina
3165 4827 3435 4884 Turonos.

1974 4894 2140 4966 933
2174 4894 2470 4968 Egyptios.
2519 4895 2753 4968 Quinam
2802 4895 3005 4968 fuerint
3053 4895 3361 4968 Egyptiaci
3420 4897 3498 4952 illi

1903 4965 2284 5038 praeceptores,
2309 4965 2577 5038 eonjicere
2606 4967 2737 5038 mihi
2762 4965 2950 5038 videor
2973 4983 3041 5021 ex
3063 4965 3303 5022 carmine
3329 4968 3500 5024 Theo-

1908 5035 2036 5092 ilulﬁ
2067 5035 2474 5109 Aurelianensis
2502 5037 2740 5106 episcopi
2763 5037 2835 5109 ad
2863 5035 3239 5109 Angilbertum
3264 5055 3277 5091 :
3309 5055 3416 5108 quo
3445 5039 3498 5091 in

1908 5107 2416 5180 carmineS‘cottum
2444 5110 2730 5180 quemdam
2758 5108 2811 5161 in
2840 5107 2968 5163 aula
2998 5110 3280 5180 degentem
3313 5107 3499 5180 aedo-

1908 5186 2122 5234 centem
2150 5177 2298 5232 falsis
2344 5179 2803 5248 amarulentisque
2831 5177 3330 5248 dicteriis'impetit.
3362 5178 3498 5233 Nam

1910 5248 2082 5304 Scotti
2107 5264 2175 5302 ex
2205 5248 2458 5319 Hibernia
2495 5251 2598 5304 orti
2630 5251 2756 5304 olim
2788 5251 3153 5319 sequebantur
3182 5249 3499 5304 Paschalem

1909 5319 2169 5374 circulum
2215 5318 2722 5384 Alexandrinorum,
2753 5322 2844 5390 qui
2865 5318 3084 5375 Pascha
3119 5321 3256 5373 luna:
3301 5327 3500 5388 quarta

1911 5391 2116 5445 decima
2152 5390 2259 5454 die,
2290 5391 2335 5444 si
2365 5393 2578 5459 quando
2611 5393 2662 5446 in
2693 5391 3027 5446 Dominicam
3071 5390 3366 5455 incidisset,
3413 5406 3502 5446 ce-

1909 5461 2206 5516 lebrabant.
2241 5461 2307 5515 Et
2337 5460 2516 5515 forsan
2543 5463 2590 5516 is
2629 5471 2745 5516 erat
2773 5462 3020 5516 Clemens
3056 5460 3295 5524 Scottus,
3338 5475 3499 5529 quem

1910 5532 1964 5586 in
1993 5531 2162 5585 Gallia
2197 5533 2264 5588 ad
2291 5533 2587 5587 docendum
2619 5532 2784 5586 fuisse
2813 5533 3058 5586 relictum
3084 5547 3114 5585 a
3147 5541 3161 5582 (
3189 5531 3359 5596 arolo,
3393 5540 3500 5583 tra-

1911 5603 1988 5656 dit
2015 5605 2307 5659 monachus
2334 5603 2794 5658 Sanct-Gallensis
2828 5603 2982 5657 initio
3010 5601 3134 5657 libri
3165 5602 3346 5670 primi.
3382 5599 3496 5654 Mx-

1911 5688 2187 5730 BILLONIUS
2235 5675 2348 5730 Act.
2397 5673 2503 5730 SS.
2556 5691 2678 5731 δωε.
2731 5688 2783 5727 tv
2861 5681 3001 5742 part.
3045 5687 3097 5736 ι,
3148 5672 3329 5742 praeit,
3369 5685 3499 5744 pag.

1913 5759 2096 5801 CXXXL

3099 5898 3138 5964 9
