4056 6328
528 308 753 397 ἔστ’

1432 328 1491 381 B.
1534 326 1593 380 F.
1634 320 1859 379 ALBlNl
1896 315 2024 376 seu
2064 311 2338 372 ALGUINI
2369 309 2651 368 OPERUM
2682 265 2864 365 rans
2886 286 2931 376 ις

531 451 827 509 secundum
869 446 1097 504 Latinos
1140 444 1348 507 volens,
1401 444 1507 494 non
1559 452 1684 492 cum
1709 432 2005 506 Egyptiis,
2036 430 2127 500 qui
2158 435 2208 494 Α
2244 424 2385 493 Vah,
2415 425 2693 497 duxistis],
2737 423 2920 479 nescio
2947 420 3079 492 quid
3102 419 3327 477 flat-una
3364 419 3647 476 rusticitas
3666 419 3822 479 diviti

533 542 768 598 tenebrae
799 540 1244 608 interpretantur,
1274 548 1304 587 a
1333 527 1839 601 supervenientibus
1883 522 2126 578 tenebris

530 636 699 693 ordiri
725 651 742 691 :
768 633 895 703 quia
923 632 1055 696 scio,
1090 643 1179 685 me
1204 626 1332 681 olim
1382 638 1505 679 cum
1533 620 1716 693 Moyse
1740 618 1845 690 91
1874 616 2128 672 tenebras

532 727 912 801 Egyptian-nm
947 725 1276 795 relinquere,
1305 726 1362 774 et
1386 717 1548 773 modo
1574 716 1631 771 in
1658 723 1806 770 terra
1835 710 2129 782 repromis-

532 824 722 888 sionis,
751 822 887 878 lueis
914 828 970 877 et
1002 816 1206 875 laetitiae
1243 828 1369 871 cum
1396 812 1526 869 Jesu
1557 811 1692 867 duce
1730 816 1921 865 nostro
1958 805 2125 861 liber-

533 924 647 972 tate
682 903 975 969 honoratus
1003 914 1170 974 stare,
1206 915 1263 963 et
1285 905 1617 967 nullatenus,
1654 901 1951 957 mundum
1983 895 2128 967 quod

531 1011 643 1067 dux
682 1010 853 1076 mdis,
886 1009 994 1062 imo
1029 1012 1086 1061 et
1117 1001 1379 1059 Dominus
1414 1006 1603 1056 noster
1633 996 1790 1061 dixit,
1829 994 2028 1050 iterum
2059 989 2129 1045 ad

533 1092 821 1177 Egyptias
845 1100 1022 1157 redire
1046 1098 1321 1153 tenebras.

608 1198 759 1255 Unde
787 1195 954 1250 miror
980 1207 1080 1248 cur
1120 1190 1273 1263 pueri
1302 1187 1472 1244 vestri
1515 1192 1721 1240 annum
1761 1181 2063 1252 legitimum
2095 1184 2130 1231 α

533 1300 721 1346 mense
756 1280 1100 1355 Septembrio
1126 1281 1365 1351 incipere
1396 1276 1589 1343 velim,
1616 1281 1671 1330 et
1695 1280 1914 1345 partem
1953 1280 2131 1325 trans-

532 1384 640 1439 acti
684 1376 1173 1437 decennovennalis
1223 1372 1473 1444 sequenti
1530 1375 1853 1426 connectere
1898 1361 2123 1427 circulo,

532 1474 762 1533 caudam
803 1478 1080 1527 vertentes
1115 1469 1172 1523 in
1206 1473 1371 1536 caput
1403 1482 1415 1518 :
1454 1472 1511 1519 et
1542 1478 1650 1519 non
1677 1459 1851 1530 magis
1876 1456 2131 1513 omnibus

531 1569 674 1625 lunae
719 1572 775 1623 et
819 1564 1057 1620 siderum
1088 1556 1412 1630 augm‘entis,
1446 1548 1532 1611 vel
1562 1549 1901 1609 detrimentis
1938 1545 2129 1617 explo-

533 1663 629 1729 sis,
663 1660 732 1716 ad
778 1672 976 1714 novum
1028 1669 1232 1711 annum
1279 1658 1334 1707 et
1378 1645 1445 1704 ad
1484 1653 1647 1717 caput
1694 1636 2127 1713 supervenientis

531 1753 723 1813 circuli
752 1752 973 1807 omnino
1026 1748 1199 1803 libere
1224 1744 1449 1799 intrare.
1493 1734 1652 1795 Libet
1678 1746 1858 1792 tamen
1891 1735 2130 1789 interro-

2230 516 2385 591 [Cod.
2444 515 2590 583 ναι,
2620 512 2912 585 Davidicze]
2945 512 3227 582 sapientiae
3277 512 3522 581 ignotum
3569 512 3825 583 ingerere

2226 610 2423 666 valeat.
2458 608 2566 664 Sed
2596 608 2641 663 si
2670 614 2798 662 nota
2830 613 2886 659 et
2925 603 3055 658 olim
3089 603 3269 658 audita
3299 618 3408 658 non
3437 602 3566 658 licet
3593 602 3827 671 inferre,

2220 703 2356 774 quid
2388 701 2648 757 faciemus
2676 699 2743 755 de
2777 697 2991 761 litteris,
3042 695 3267 767 syllabis
3294 696 3484 762 etiam,
3519 703 3576 750 et
3603 696 3823 763 verbis,

2227 797 2425 868 quibus
2458 796 2537 851 uti
2586 792 2744 850 nobis
2792 804 3019 847 necesse
3042 797 3129 845 est
3178 789 3453 860 quotidie;
3508 790 3615 846 nisi
3670 796 3828 851 novat

2228 890 2595 962 grammaticae.
2638 886 2773 942 artis
2829 883 3048 957 regulas
3094 883 3410 953 excogitare
3461 882 3828 954 incipiamus?

2226 980 2346 1038 Jam
2375 980 2507 1036 mihi
2552 977 2782 1034 multum
2816 974 3013 1030 melius
3056 972 3180 1041 fuit,
3210 987 3377 1043 super
3401 984 3648 1030 mensam
3693 973 3830 1030 deli-

2228 1074 2437 1131 ciarum
2459 1078 2760 1127 vestrarum
2789 1078 2985 1139 panem
3007 1066 3341 1123 manducare
3379 1066 3829 1134 mundissimum,

2229 1178 2392 1239 quam
2413 1180 2537 1222 cum
2565 1162 2808 1219 Menalca
2830 1162 2889 1216 in
2915 1158 3175 1231 pistrinio
3204 1173 3375 1230 grana
3403 1158 3574 1214 tritici
3599 1170 3831 1230 eorupu-

2229 1266 2369 1325 tare,
2412 1256 2556 1313 unde
2594 1255 2755 1326 panis
2803 1251 3146 1310 conficiatur.
3203 1250 3261 1307 Si
3311 1251 3511 1321 placet,
3560 1251 3833 1310 intremus

2228 1347 2505 1423 paululum
2553 1346 2943 1403 calculatorum
2977 1341 3262 1413 pistrillas,
3302 1341 3389 1397 vel
3411 1342 3832 1400 matbematico-

2229 1457 2351 1498 rum
2378 1439 2693 1511 fuliginosas
2737 1436 2999 1508 coquinas
3023 1453 3037 1490 :
3064 1442 3123 1491 et
3148 1433 3489 1506 proferemus
3524 1435 3671 1491 unde
3697 1434 3831 1492 alia

2230 1533 2466 1605 cognita,
2494 1545 2639 1587 nunc
2661 1545 2799 1603 pene
2834 1528 3025 1597 oblita,
3047 1526 3207 1599 juxta
3251 1526 3463 1599 Virgilii
3502 1526 3675 1583 vestri
3700 1538 3831 1599 pro-

2229 1624 2492 1697 phetiam.
2518 1623 2657 1679 Nam

2309 1739 3435 1813 ...........s:epeegolongos

532 1860 662 1919 gare
707 1844 809 1899 hos
850 1842 997 1911 ipsos
1040 1851 1271 1908 pueros,
1318 1848 1388 1888 au
1427 1828 1838 1888 convenientius
1876 1826 2124 1882 videatur
2152 1804 2209 1873 Π
2298 1833 2581 1891 cantando
2608 1846 2838 1905 puerum
2866 1832 3090 1888 memini
3114 1846 3201 1887 me
3232 1804 3467 1887 con-aere
3493 1827 3655 1885 εοιθε,

531 1938 694 1993 unius
723 1935 848 1990 anni
875 1924 1308 1989 aetates'lunares
1335 1940 1437 1996 pro
1474 1921 1813 1995 regularibus
1839 1919 2043 1975 habere
2072 1924 2130 1971 et

532 2030 639 2085 hoc
660 2023 825 2099 primi
850 2024 1013 2087 anni;
1057 2019 1143 2075 vel
1167 2018 1331 2073 etiam
1358 2017 1590 2072 duorum
1631 2027 1922 2076 annorum,
1953 2009 2008 2066 id
2047 2014 2132 2064 est

533 2119 817 2178 novissimi
845 2116 1038 2174 circuli
1063 2110 1572 2176 decennovennalis,
1616 2119 1673 2164 et
1696 2106 1861 2178 primi
1900 2114 2131 2174 sequen-

534 2216 643 2273 tis?
668 2214 737 2269 Et
762 2222 947 2268 utrum
972 2207 1171 2265 rationi
1194 2205 1428 2261 vicinius
1455 2202 1548 2267 sit,
1579 2202 1636 2256 in
1676 2199 1787 2255 ﬁne
1815 2195 2005 2254 circuli
2033 2194 2128 2250 de-

534 2305 957 2366 cennovennalis
978 2302 1176 2358 saltum
1206 2300 1556 2362 intersercre,
1584 2294 1670 2351 vel
1698 2294 1754 2348 in
1782 2291 1963 2348 medio
1989 2302 2128 2359 quo—

532 2404 667 2459 libet
695 2400 871 2456 anno?
892 2397 1072 2453 Etiam
1096 2403 1153 2451 et
1181 2394 1288 2450 hoc
1307 2392 1471 2447 velim
1494 2390 1655 2455 scire,
1683 2385 1957 2458 quomodo
1982 2398 2132 2438 com-

530 2502 729 2567 putare
755 2490 925 2546 velint
950 2494 1138 2544 aetates
1164 2485 1385 2539 lunares
1412 2494 1443 2535 a
1470 2481 1661 2550 quinto
1695 2476 1905 2534 decimo
1932 2473 2132 2530 Kalen-

532 2562 631 2642 das
664 2582 812 2647 Maii,
843 2580 934 2636 ubi
971 2585 1166 2649 quarta
1197 2574 1407 2631 decima
1450 2571 1578 2626 luna
1622 2583 1650 2612 οι
1685 2565 1967 2625 novissimi
2002 2562 2131 2619 anni

531 2676 655 2742 fuit,
698 2687 871 2743 usque
900 2671 967 2727 ad
997 2666 1400 2738 Septembrium
1428 2676 1694 2727 mensem,
1722 2660 1779 2715 in
1809 2673 1915 2728 quo
1946 2668 2133 2711 mense

531 2767 722 2837 quinta
749 2762 891 2833 apud
919 2758 1273 2830 Egyptiacos
1300 2769 1497 2827 pueros
1526 2752 1820 2809 cantatur?
1847 2748 2131 2818 Quomodo

532 2859 652 2916 fieri
699 2856 872 2926 possit
907 2861 967 2909 ut
1013 2853 1187 2907 altera
1240 2849 1372 2904 luna
1414 2860 1632 2917 semper
1659 2846 1860 2900 habeat
1902 2842 2130 2913 triginta

534 2950 672 3016 dies,
699 2946 872 3002 altera
902 2943 1291 3014 undetriginta,
1331 2948 1388 2995 et
1420 2939 1727 3009 singulares
1745 2944 1845 3008 per
1867 2936 2049 2992 omnia
2074 2936 2132 2991 in

534 3041 644 3098 illis
687 3037 966 3095 mensibus
1016 3034 1246 3090 firmiter
1288 3040 1438 3088 stare
1483 3030 1721 3087 valeant.
1753 3028 1840 3095 Et,
1878 3035 1937 3083 ut
1981 3042 2129 3094 reor,

2299 1928 2456 1983 Nunc
2473 1924 2638 1983 oblita
2656 1927 2789 1982 mihi
2813 1934 2894 1982 tot
2916 1926 3177 1993 carmina,
3201 1934 3307 1982 vox
3328 1939 3548 1997 quoque
3572 1923 3835 1982 Flacam

2264 2020 2420 2090 'lpsa
2447 2018 2606 2092 fugit.
2650 2061 2665 2075 .
2711 2063 2723 2075 .
2769 2059 2786 2076 .
2830 2063 2843 2076 .
2890 2060 2904 2075 .

2302 2128 2529 2202 Tamen,
2575 2140 2638 2190 ut
2663 2133 2730 2191 ad
2758 2133 3017 2205 inquisita
3061 2131 3324 2189 chartulis
3367 2138 3565 2189 vestra:
3604 2136 3833 2203 respon-

2231 2228 2409 2297 deam,
2451 2234 2559 2287 non
2605 2228 3139 2302 Sapientizedivitiis
3184 2227 3456 2295 suffultus,
3513 2229 3609 2286 Sed
3634 2230 3833 2287 vestrae

2232 2321 2577 2377 ab'ctdritatis
2601 2320 2801 2378 litteris
2824 2312 3137 2388 instinctus,
3166 2321 3374 2392 gremio
3399 2320 3616 2392 pictatis
3637 2320 3833 2378 vestrae.

2229 2412 2580 2487 protegendo,
2609 2428 2781 2486 pauca
2806 2404 2872 2470 de
2898 2414 3109 2469 ratione
3138 2408 3423 2485 multiplici
3447 2412 3620 2469 saltus
3660 2401 3831 2482 subji—

2233 2516 2356 2563 cere
2377 2508 2601 2562 curabo.
2628 2506 2873 2561 Prim’um
2894 2509 3095 2576 ponam
3117 2506 3260 2574 quod
3284 2505 3338 2559 in
3361 2505 3644 2560 doctorum
3668 2502 3833 2560 didici

2231 2596 2412 2665 libris;
2444 2601 2703 2667 secundo,
2732 2598 2875 2671 quod
2907 2600 3143 2671 ratione)
3165 2594 3441 2654 suadendo
3482 2594 3640 2670 [Cod.
3685 2594 3828 2663 ναι,

2233 2692 2519 2767 suadente]
2568 2666 2896 2764 investigare
2921 2690 3099 2758 valui;
3130 2666 3319 2757 iertio,
3346 2666 3504 2760 quod
3528 2704 3597 2744 ex
3624 2686 3832 2745 matheo

2231 2793 2432 2849 matic'a
2463 2780 2734 2860 quondam
2765 2777 2949 2838 audita
2988 2782 3304 2836 meminisse
3333 2779 3483 2851 potui
3522 2770 3633 2850 92
3671 2777 3835 2834 disci-

2232 2885 2399 2956 plina.
2437 2881 2714 2951 Quatenus
2764 2860 3050 2947 multiplici
3096 2864 3258 2929 modo
3305 2871 3583 2943 multiplex
3625 2870 3836 2927 lunaris

2234 2978 2405 3035 saltus
2448 2972 2728 3035 enodetur,
2778 2968 3075 3025 Salamone
3106 2964 3318 3023 dicente
3355 2983 3369 3019 ε
3411 2960 3712 3019 Funicufus
3742 2962 3835 3020 tri-

2233 3070 2352 3143 plex
2376 3064 2582 3139 difﬁcile
2604 3058 2866 3133 rumpitur
2920 3052 3123 3132 (Eccre.
3152 3058 3244 3143 fw,
3289 3046 3400 3143 ii).
3449 3050 3584 3111 Item
3614 3046 3745 3110 dum
3768 3048 3834 3110 de

535 3120 2132 3241 “Egi”,Effiifeﬂieff‘fmﬂfj‘tmjjl‘gﬁ‘
2159 3166 2207 3241 α
2533 3120 2855 3227 loqdebalur
2898 3120 3083 3207 intulit
3109 3120 3294 3206 dieens
3333 3120 3535 3202 :lUiide
3578 3162 3697 3201 eam
3740 3142 3837 3201 tibi

532 3226 733 3299 ptiacis
759 3223 1063 3280 inveniunt.
1088 3220 1159 3276 Et
1182 3218 1356 3288 forte,
1382 3218 1531 3290 quod
1570 3218 1631 3275 in
1658 3217 1987 3275 Nov'timbrio
2033 3231 2131 3271 nos

537 3317 659 3375 lunt
682 3316 823 3383 fieri,
856 3329 1081 3371 necesse
1113 3320 1198 3369 est
1226 3314 1282 3368 in
1326 3311 1434 3369 alio
1474 3310 1718 3383 tpollbet
1756 3318 1944 3367 Mense
1984 3309 2134 3365 inve-

536 3408 679 3464 nire.
706 3404 819 3463 Nec
844 3420 947 3478 ego
975 3420 1102 3461 cum
1121 3403 1366 3474 quolibet
1388 3402 1787 3459 contentionum
1812 3400 1999 3456 funem
2020 3409 2134 3456 true

536 3500 673 3558 here
698 3498 881 3565 velim,
909 3512 1014 3555 nec
1035 3511 1124 3552 me
1155 3494 1565 3566 quaestiunculis
1600 3495 1843 3550 issem
1876 3493 2129 3548 aliorum.

539 3590 925 3663 Unusquisque
948 3589 1004 3645 in
1026 3603 1127 3645 suo
1151 3602 1316 3645 sensu
1342 3586 1605 3643 abundet.

610 3706 767 3776 Quod
788 3720 921 3761 vero
940 3705 999 3759 in
1022 3703 1133 3759 ﬁne
1153 3701 1397 3774 epistola:
1420 3700 1768 3756 familiariter
1800 3699 1880 3774 [et
1903 3700 2136 3757 salubri-

540 3797 650 3873 ter]
697 3814 789 3855 me
821 3799 1121 3855 admonere
1155 3788 1422 3862 curastis,
1468 3802 1551 3862 ut,
1580 3795 1629 3852 si
1677 3795 1808 3866 quid
1858 3794 2137 3852 humiliter

541 3891 937 3952 emendandum
970 3893 1060 3958 sit,
1101 3886 1435 3963 corrigatur;
1472 3904 1751 3960 nunquam
1780 3888 1875 3955 fui,
1910 3888 2019 3946 Deo
2043 3891 2137 3944 do-

540 3992 728 4052 nante,
750 3984 805 4039 in
832 3998 1019 4040 errore
1042 3994 1166 4039 meo
1185 3983 1459 4055 pertinax,
1490 3986 1593 4037 nec
1607 3981 1675 4038 de
1697 3982 1833 4037 meis
1860 3974 2139 4037 conﬁdens

541 4076 810 4134 sensibus.
844 4074 956 4132 Nec
1000 4075 1130 4131 talis
1159 4083 1220 4130 ut
1270 4074 1481 4130 meliori
1530 4073 1813 4131 sententia:
1861 4071 2019 4130 facile
2048 4080 2137 4129 trc-

542 4170 826 4242 quiesoere
852 4182 962 4224 non
985 4168 1245 4235 valerem,
1282 4167 1481 4234 sciens,
1517 4166 1724 4222 dictum
1755 4172 1890 4230 esse,
1938 4165 2137 4236 sacpius

543 4263 768 4320 auribus
799 4274 961 4331 quam
989 4260 1170 4331 lingua
1199 4261 1483 4315 utendum.
1513 4258 1628 4315 Hoc
1645 4259 1868 4314 omnino
1898 4264 2136 4314 vestram

544 4356 750 4414 sentire
769 4352 1093 4423 sapientiam
1107 4354 1354 4418 obsecro,
1372 4366 1482 4408 non
1497 4352 1653 4407 vobis
1672 4351 1826 4421 Quasi
1848 4350 2133 4417 nescienti,

546 4448 644 4505 sed
671 4445 829 4516 quasi
858 4444 1109 4515 probanti
1152 4444 1393 4498 scribere
1437 4459 1451 4496 :
1495 4457 1597 4499 nec
1625 4445 1781 4512 quasi
1822 4443 2133 4515 ignoranti,

2235 3232 2390 3314 hodie
2433 3250 2709 3327 triplicite'r
2750 3232 2955 3305 ostendi
3003 3238 3189 3321 (Prov.
3236 3242 3375 3311 im,
3422 3241 3535 3309 20).
3570 3232 3683 3297 Hos
3732 3254 3837 3313 ego

2235 3364 2446 3414 sensus,
2477 3340 2830 3418 sagacissime
2864 3334 3196 3418 naturalium
3223 3349 3409 3391 rerum
3440 3333 3757 3413 inquisitor,
3780 3331 3838 3388 et

2234 3434 2463 3498 rationis
2491 3414 2861 3507 cujuscunque
2880 3432 3060 3489 causte
3081 3414 3428 3486 devotissime
3453 3426 3838 3496 investigator,

2235 3534 2452 3594 domine
2477 3532 2552 3588 mi
2571 3524 2761 3597 David,
2780 3535 2977 3585 vestrae
3004 3518 3318 3581 auctoritati
3347 3522 3582 3593 dirigere
3612 3519 3837 3588 studui;

2234 3642 2341 3683 non
2366 3622 2642 3695 jactantite
2668 3624 2798 3692 typo
2828 3617 3028 3682 clarus,
3060 3616 3158 3671 sed
3180 3606 3503 3670 humilitatis
3522 3611 3702 3668 ofﬁcio
3748 3612 3837 3668 de-

2234 3727 2415 3785 votus,
2440 3712 2636 3773 vestris
2661 3708 3024 3769 sanctissimis
3040 3714 3266 3780 paratus
3282 3698 3502 3763 obedire
3522 3705 3835 3778 praeceptis.

2235 3809 2304 3866 Et
2344 3806 2390 3864 si
2434 3807 2653 3878 dignum
2704 3812 2893 3859 earum
2938 3800 3267 3865 litterarum,
3312 3798 3626 3854 acutissime
3674 3792 3834 3870 [ϐοά.

2246 3890 2391 3966 Vat.,
2421 3894 2773 3967 acutissimis]
2798 3892 3077 3950 oculorum
3107 3880 3389 3947 obtutibus
3437 3889 3682 3944 invenire
3710 3902 3839 3958 pos-

2236 3995 2331 4061 sis,
2349 3991 2551 4064 gratias
2572 3980 2684 4045 Deo
2704 3987 2949 4043 omnium
2973 3980 3237 4041 donorum
3262 3968 3455 4057 [Edil.,
3485 3974 3835 4054 donatorum]

2236 4086 2483 4161 largitori
2527 4082 2661 4140 mihi
2707 4080 2974 4155 agendum
3024 4079 3157 4136 scio.
3212 4076 3269 4132 Si
3313 4077 3440 4149 quid
3471 4072 3629 4131 aliter
3670 4090 3840 4146 quam

2238 4177 2483 4237 meruisti
2514 4176 2724 4234 citatim
2748 4188 2926 4245 penna
2946 4168 3345 4243 perscripserit,
3376 4168 3509 4225 mihi
3535 4167 3841 4238 putandum

2239 4264 2659 4347 [imputandum]
2692 4282 2813 4324 esse
2844 4262 3021 4321 fateor
3049 4282 3062 4318 :
3104 4271 3410 4333 vestraeque
3434 4257 3657 4333 pietatis
3691 4258 3841 4332 [gre—

2237 4366 2371 4440 mio]
2398 4364 2751 4437 protegendo,
2779 4370 2835 4419 et
2860 4358 3073 4416 eximite
3112 4354 3376 4414 bonitatis
3410 4352 3621 4411 calamo
3663 4351 3842 4411 corri-

2238 4454 2492 4530 gendum.

548 4538 838 4609 κάπιθεὶς
859 4536 1172 4606 οοττῑεευιῆ
1196 4534 1431 4606 dirigere
1453 4535 1738 4605 parvitatis
1762 4542 1897 4591 mea?
1925 4544 2136 4591 58115113-
2170 4528 2260 4610 Di
2316 4538 2428 4603 Has
2477 4546 2607 4603 vero
2645 4542 2853 4600 lunaris
2915 4537 3085 4599 saltus
3147 4537 3558 4612 supputationes
3626 4528 3842 4610 aliquas

548 4631 661 4688 Nec
681 4640 816 4687 Vero
853 4628 1163 4697 evangelica
1188 4627 1351 4683 vidua
1392 4626 1498 4683 duo
1532 4628 1740 4683 minuta
1771 4628 1953 4699 injecit
1976 4640 2140 4703 gazo-

547 4723 801 4798 phylacio
833 4722 1028 4794 (Marc.
1054 4737 1154 4786 χιι,
1178 4719 1271 4792 42)
1296 4730 1519 4792 propter
1547 4720 1905 4791 indigentiam
1932 4723 2139 4795 templi,

549 4813 649 4873 sed
666 4819 887 4886 propter
915 4813 1257 4869 devotionem
1288 4826 1461 4868 suam.
1511 4802 1624 4871 Nec
1653 4821 1839 4871 nostra
1862 4812 2144 4874 humilitas

550 4907 665 4963 Deo
711 4904 934 4962 donaria
973 4902 1150 4970 offert,
1180 4904 1340 4974 quasi
1382 4916 1492 4962 non
1543 4906 1785 4973 habenti,
1835 4909 1931 4963 sed
1968 4908 2145 4980 magis

552 4998 735 5055 omnia
758 4995 1054 5069 possidenti
1081 4993 1167 5069 (II
1197 4992 1322 5050 Cor.
1349 5011 1425 5062 vr,
1461 4996 1570 5069 10).
1604 4996 1682 5053 lta
1711 5000 1876 5054 etiam
1901 4998 2143 5070 parvitas

553 5100 675 5146 mea
708 5104 818 5146 non
844 5085 1137 5159 indigenti,
1173 5089 1270 5154 sed
1318 5087 1549 5144 multum
1590 5090 1783 5147 melius
1824 5092 2145 5163 intelligenti

552 5178 728 5248 vobis,
754 5180 802 5238 si
825 5178 959 5253 quid
979 5179 1221 5238 scribere
1259 5189 1572 5251 tentavero,
1604 5179 1909 5240 faciendum
1936 5185 2147 5240 veraci-

554 5282 641 5333 ter
691 5286 948 5346 agnosco.
992 5271 1178 5331 Gloria
1230 5275 1403 5345 patris
1465 5274 1612 5332 ﬁlius
1674 5277 1891 5349 sapiens
1946 5277 2141 5351 (Prov.

553 5381 680 5436 xui,
728 5366 793 5441 ι).

628 5456 786 5527 Quod
814 5473 944 5515 vero
971 5467 1101 5515 nata
1142 5469 1392 5531 repetere
1418 5462 1697 5535 indignum
1742 5465 1957 5521 dixistis
1988 5465 2142 5539 [Cod.

634 5621 663 5651 ι
693 5611 971 5691 Novissimi
1003 5616 1384 5691 a_nni.ANeinpe
1423 5619 1667 5691 proxime
1691 5620 1855 5690 elapsi
1883 5620 2007 5687 797,
2038 5635 2147 5691 quo

561 5679 690 5759 luna
715 5693 904 5759 quarta
931 5687 1137 5741 decima
1162 5679 1443 5759 incLlIﬂiat.
1458 5706 1527 5743 xv
1548 5690 1667 5745 Kal.
1697 5679 1836 5755 Maii,
1864 5679 2018 5759 juxta
2043 5679 2150 5747 cir-

566 5750 1423 5835 culos”demnnovennalesjen.
1462 5760 1639 5819 Bcdze.
1672 5762 1797 5820 Haec
1824 5750 1991 5833 igitur
2028 5766 2147 5835 epi-

568 5821 706 5880 stola
732 5825 930 5894 scripta
954 5835 1037 5884 est
1058 5843 1199 5883 anno
1226 5828 1347 5884 798.

2246 4638 2432 4716 [Add.,
2470 4632 2653 4711 quas],
2679 4637 2735 4693 in
2760 4628 2790 4678 1'
2818 4634 3041 4692 alterius
3071 4630 3334 4690 chartula:
3358 4631 3613 4688 distincte
3632 4631 3841 4699 notavi,

2244 4744 2307 4793 ut
2332 4735 2582 4806 praedixi,
2619 4748 2688 4789 ex
2744 4732 2977 4787 lectione
3021 4737 3372 4801 paternarum
3408 4742 3669 4784 sensuum
3706 4726 3849 4783 scri-

2245 4829 2363 4900 psi;
2404 4827 2539 4883 alias
2582 4840 2651 4881 ex
2700 4820 2929 4880 rationis
2970 4820 3281 4891 conjectura
3313 4819 3677 4891 investigari;
3708 4819 3848 4874 alias

2247 4918 2755 4975 mathematicorum
2784 4916 2948 4971 variis
2974 4908 3466 4989 [supputationibus
3507 4910 3704 4985 collegi
3737 4910 3849 4983 (Ex

2250 5009 2380 5067 Cod.
2435 5007 2556 5064 Vat.
2606 5008 2718 5076 AL,
2746 5007 3145 5078 suspicionibus
3185 5004 3401 5079 collexi]
3442 5019 3511 5060 ne
3544 5003 3615 5059 ad
3643 5012 3850 5060 vestrae

2247 5102 2568 5158 venerandae
2615 5099 2895 5173 dignitatis
2919 5107 3188 5169 praecepta
3211 5106 3471 5163 tacerem,
3494 5103 3550 5152 et
3592 5096 3850 5152 criminis

2248 5210 2375 5251 reus
2414 5207 2612 5259 essem,
2641 5192 2686 5248 si
2710 5191 3025 5247 inobediens
3063 5198 3229 5247 tanta
3248 5188 3564 5246 auctoritati
3599 5188 3848 5245 viderer.

2250 5283 2441 5340 Sciens
2478 5299 2574 5339 vos
2610 5281 2889 5354 multoque
2919 5281 3101 5338 verius
3143 5287 3198 5339 et
3229 5280 3480 5353 sagacius
3513 5281 3634 5337 haec
3654 5280 3850 5337 omnia

2248 5376 2550 5447 intelligere
2582 5384 2638 5431 ct
2675 5376 2999 5447 investigare
3017 5386 3198 5447 posse,
3230 5383 3413 5430 tamen
3439 5373 3700 5432 Flaccina
3722 5390 3855 5431 rus-

2250 5469 2473 5524 ticitatis
2497 5466 2672 5524 cilicia
2697 5484 2804 5523 non
2836 5467 3135 5541 abnegavif,
3172 5474 3232 5522 ut
3265 5466 3501 5523 facerem
3542 5467 3693 5538 quod
3726 5466 3855 5538 jusr

2322 5623 2351 5664 δ
2378 5623 2607 5679 Alterius
2634 5624 2905 5680 chartulas.
2944 5626 3072 5683 Hmc
3119 5627 3365 5683 chartula
3405 5627 3503 5683 abs
3541 5626 3712 5683 dubio
3760 5628 3852 5684 illa

2250 5704 2522 5766 estquam
2551 5696 2688 5770 infra
2716 5695 3067 5770 interNOpera
3107 5699 3478 5769 philosophica
3519 5699 3855 5756 exhibemus

2250 5782 2317 5821 ex
2350 5782 2452 5820 ms.
2484 5782 2596 5834 reg.
2622 5768 2781 5822 Suec.
2809 5767 2954 5825 Bibl:
2969 5767 3171 5827 Vat.7n.
3196 5767 3335 5827 226ξ
3348 5770 3481 5827 Vide
3503 5770 3670 5827 etiam
3698 5771 3858 5828 infra

2253 5838 2410 5907 epist.
2435 5837 2694 5919 Silanae
2722 5835 2866 5910 100).
