4056 6328
189 336 282 395 269

1622 332 1981 391 EPISTOLAE
1992 375 2005 389 .

3334 351 3441 410 270

190 451 342 517 sistis,
388 450 690 506 mercedem
733 450 1050 507 obedientia:
1082 457 1417 520 exspectans,
1461 465 1570 504 non
1618 449 1758 517 inju-
1788 452 1843 510 Α
1929 449 2227 528 φείδεωνξι
2252 453 2420 507 οηιηὶε
2444 452 2802 528 ριιίιρεοριιίω-
2827 456 2909 510 Ad
2938 459 3319 528 σοηίιιεαηάαηι
3342 461 3446 521 Ρο-

190 541 313 598 riam
341 538 779 610 reprehensionis
803 555 1046 610 sperans,
1066 541 1189 609 quia
1216 548 1432 594 assueta
1454 540 1616 595 vestri
1642 556 1761 594 cor-

190 633 264 691 dis
299 630 514 686 bonitas
540 646 813 700 nunquam
843 632 1121 685 immutari
1150 640 1349 701 potest,
1383 632 1477 687 sed
1504 631 1760 688 inviolata

189 731 381 791 manet,
408 731 465 780 et
497 739 708 794 semper
735 722 803 779 ad
853 724 1074 779 meliora
1120 724 1425 793 proﬁciens,
1475 725 1647 779 donec
1692 725 1761 781 ad

188 813 515 879 :eternitatis,
555 812 782 869 Domino
823 813 934 868 Deo
970 814 1065 867 Dei
1106 811 1242 868 Filio
1280 814 1593 880 miserante,
1636 828 1761 869 cum

189 904 461 978 multiplici
487 906 806 961 meritorum
836 908 995 962 laude
1017 907 1294 978 perveniat
1314 906 1559 978 gloriam.

247 999 305 1054 ln
355 998 584 1055 articulo
624 997 983 1071 profectionis
1032 1015 1315 1055 servorum
1357 1008 1658 1055 vestrorum
1705 1007 1760 1055 et

184 1101 376 1151 nostra:
404 1093 701 1149 devotionis
724 1093 983 1161 ﬁliorum,
1006 1101 1267 1147 venerunt
1294 1092 1534 1146 mellillui
1556 1092 1756 1148 dulcis-

182 1186 325 1244 simae
349 1186 688 1242 auctoritatis
709 1198 734 1226 α
758 1186 954 1255 apices,
978 1186 1034 1240 in
1060 1185 1253 1255 quibus
1282 1184 1672 1240 rationabiliter
1690 1184 1760 1239 ad

183 1279 432 1349 inquisita
477 1287 676 1334 nostrae
711 1278 991 1348 parvitatis
1016 1276 1386 1346 respondistis,
1420 1285 1475 1332 et
1494 1277 1647 1346 quasi
1674 1276 1757 1330 la-

181 1388 299 1427 vum
351 1372 621 1451 distillans
662 1370 839 1442 (Cant.
869 1386 945 1436 1v,
976 1369 1083 1444 11),
1131 1370 1205 1425 ita
1235 1368 1518 1424 suavitatis
1562 1378 1757 1424 vestrae

180 1465 338 1520 verba
394 1464 664 1534 legebam,
696 1463 752 1518 in
800 1463 997 1534 quibus
1026 1472 1081 1518 et
1116 1463 1443 1519 hilaritatem
1474 1470 1529 1518 et
1556 1462 1758 1517 verita-

180 1563 273 1609 tem
304 1554 525 1626 agnovi,
556 1562 611 1610 et
637 1556 838 1625 gratias
870 1570 1036 1626 agens
1064 1555 1172 1610 Deo
1198 1554 1407 1610 laudavi
1434 1562 1754 1624 utrumque,

177 1652 224 1701 et
248 1646 538 1716 sapientiae
570 1647 839 1711 decorem,
871 1655 927 1702 et
953 1645 1272 1701 humilitatis
1302 1644 1544 1716 vigorem
1565 1685 1578 1708 ,
1629 1643 1757 1697 dum

174 1738 376 1810 dignati
410 1738 587 1796 fuistis
626 1749 826 1795 nostra:
851 1739 1169 1794 rusticitatis
1215 1737 1513 1793 chartulam
1548 1737 1754 1803 audire,

1931 518 2079 604 licent
2103 521 2373 604 adjutores
2399 518 2656 604 postulat,
2674 520 2721 577 et
2753 541 2921 595 regem
2956 518 3444 596 ad'defendendant

1931 599 2197 645 veritatem
2218 599 2437 647 animat.

1929 729 2044 785 Deo
2081 729 2276 787 dilecto
2313 738 2476 802 atque
2504 748 2535 785 a
2560 732 2673 789 Deo
2698 733 2870 790 electo
2910 735 3085 793 David
3110 739 3255 810 regi,
3284 732 3447 803 Fiat}.

1862 837 1959 879 cus
2004 822 2060 879 in
2102 823 2207 880 ﬁde
2247 832 2309 879 et
2343 824 2606 881 charitate
2633 835 2951 898 perpetuam
2999 829 3057 886 in
3103 829 3320 891 Christo
3358 850 3450 894 sa-

1861 911 2049 971 lutem.

1929 1004 2248 1062 Dulcissima
2294 1006 2537 1082 [pietatis
2579 1019 2774 1068 vestrae
2802 1012 2997 1085 (Edit.,
3023 1016 3195 1086 pietas
3219 1019 3451 1095 vestran

1860 1111 2085 1152 munera
2107 1098 2241 1153 mihi
2268 1098 2294 1138 ἀ
2319 1099 2640 1173 Fredegisus
2671 1096 2921 1189 servulus
2943 1115 3127 1163 vester
3161 1111 3358 1167 attulit.
3388 1111 3453 1168 In

1859 1190 2054 1261 quibus
2097 1201 2405 1263 utrumque,
2445 1202 2501 1251 et
2539 1195 2887 1253 dilectionem
2929 1201 3123 1271 agnovi
3154 1200 3209 1257 in
3248 1218 3359 1271 me,
3393 1214 3450 1262 et

1860 1286 2181 1355 sapientiam
2221 1288 2565 1345 consideravi
2608 1291 2663 1345 in
2712 1300 2802 1346 te:
2834 1296 2986 1363 quasi
3032 1297 3261 1366 quodam
3290 1301 3455 1357 modo

1861 1384 2094 1446 quatuor
2138 1378 2349 1435 dierum
2388 1396 2614 1437 munera
2646 1383 3022 1453 primordiales
3063 1399 3296 1457 quatuor
3334 1391 3450 1449 die-

1861 1483 1985 1522 rum
2010 1469 2313 1527 creationes
2351 1471 2721 1544 designarent.
2746 1473 2815 1529 Et
2857 1476 2984 1546 quia
3018 1479 3195 1548 prima
3232 1481 3319 1537 die
3358 1482 3453 1540 lux

1861 1559 2076 1613 condita
2117 1569 2201 1616 est
2228 1559 2381 1635 (Cen.
2406 1580 2444 1628 ι,
2470 1563 2529 1630 5,
2552 1564 2705 1636 aeq.),
2733 1567 2910 1636 prima
2937 1570 3026 1624 die
3058 1582 3082 1610 ο
3105 1571 3241 1630 lucis
3277 1584 3451 1632 mate-

1862 1649 1999 1705 riam
2048 1652 2286 1708 ostendit
2339 1654 2493 1709 mihi.
2548 1655 2794 1713 Secunda
2843 1657 3068 1715 Creator
3126 1663 3454 1723 firmamenti

1861 1740 2320 1811 pulchritudinem
2360 1747 2604 1803 extendit
2640 1748 2786 1805 inter
2825 1767 2996 1823 aquas
3025 1762 3081 1810 et
3120 1772 3329 1827 aquas:
3362 1775 3454 1817 se-

175 1846 267 1888 nec
298 1832 478 1887 solum
503 1831 802 1905 perlegere,
822 1831 917 1887 sed
943 1831 1106 1885 etiam
1132 1837 1187 1886 et
1206 1829 1551 1899 respondere.
1582 1828 1760 1883 Etiam
1793 1815 1842 1875 Β
1867 1834 2043 1889 cunda
2070 1835 2157 1891 die
2185 1835 2241 1890 in
2272 1839 2607 1905 muneribus,
2635 1815 2955 1898 vestimenta
2987 1815 3339 1907 sacerdotalia
3375 1815 3457 1906 di-

172 1932 224 1981 et
264 1925 405 1980 illud
449 1925 754 1981 amabiliter
794 1924 852 1978 in
901 1922 1007 1978 illis
1032 1921 1289 1977 bonitatis
1332 1926 1526 1975 vestra:
1564 1918 1762 1973 litteris

174 2019 439 2089 scriptum
483 2017 679 2089 reperi,
713 2016 865 2087 quasi
894 2017 1031 2071 meis
1058 2015 1238 2071 verbis
1263 2013 1486 2078 dictum,
1529 2012 1763 2082 qualiter

171 2109 359 2179 regina
383 2107 568 2163 Austri
600 2108 833 2163 venisset
878 2106 1063 2163 audire
1107 2105 1425 2175 sapientiam
1458 2102 1762 2159 Salomonis

172 2200 288 2272 (ΙΙΙ
326 2200 459 2272 Reg.
489 2200 577 2272 x);
610 2211 665 2256 et
690 2201 958 2272 quomodo
984 2198 1388 2263 acclamassem,
1410 2196 1600 2252 beatos
1640 2210 1762 2251 esse

168 2295 255 2365 qui
283 2295 612 2350 assisterent
640 2294 917 2364 sapientia:
945 2291 1278 2356 Salomonis;
1306 2299 1360 2349 et
1381 2305 1449 2345 ex
1472 2289 1556 2343 his
1582 2288 1763 2344 verbis

165 2400 249 2441 me
281 2386 360 2440 ad
391 2387 533 2440 hanc
578 2384 965 2439 beatitudinem
993 2394 1289 2449 provocare
1325 2378 1594 2443 voluistis,
1619 2376 1764 2446 quod

162 2472 282 2547 [gra
291 2485 433 2537 tum,
452 2472 582 2543 (AL,
606 2469 880 2544 gratiam)]
897 2472 1071 2526 habeo
1086 2469 1383 2526 secundum
1404 2468 1765 2523 valetudinem

160 2565 425 2634 corporis
437 2565 563 2632 mei,
578 2572 632 2618 et
644 2564 739 2618 Dei
749 2565 920 2635 gratia
930 2562 1292 2632 praeveniente
1305 2567 1360 2616 et
1374 2561 1668 2617 deducente
1679 2575 1769 2616 me

160 2672 437 2732 prospere
451 2662 577 2710 ante
600 2663 951 2726 conspectum
970 2651 1319 2710 beatitudinis
1332 2659 1544 2707 vestrae.
1562 2650 1768 2707 Tamen

162 2745 697 2805 scintmisericordia
709 2751 890 2800 vestra
900 2743 1042 2813 quod
1054 2744 1170 2798 haec
1177 2741 1646 2811 beatitudo,quam
1656 2740 1770 2796 lau-

166 2841 403 2897 daverat
435 2837 621 2908 regina
663 2835 875 2902 Austri,
902 2851 1009 2891 non
1048 2834 1151 2889 fuit
1177 2834 1233 2889 in
1271 2841 1419 2890 terra
1453 2832 1765 2890 Philistino-

165 2947 305 2996 rum,
346 2929 446 2985 sed
472 2928 528 2983 in
548 2927 907 2994 Hierusalem,
932 2926 986 2981 id
1012 2912 1113 2991 est,
1134 2926 1190 2981 in
1216 2927 1423 2983 visione
1446 2926 1615 2997 pacis.
1640 2922 1765 2980 Ideo

170 3020 403 3093 supplex
432 3019 691 3089 deprecor
712 3025 772 3072 ut
794 3015 955 3074 liceat
978 3014 1175 3071 Flacco
1203 3024 1296 3070 tuo
1323 3015 1393 3071 ad
1424 3015 1564 3071 hanc
1587 3013 1765 3071 beati-

170 3113 423 3169 tudinem
464 3108 520 3166 in
550 3117 696 3164 terra
720 3108 870 3179 pacis
897 3115 950 3164 et
977 3107 1179 3163 laetitia:
1222 3106 1529 3177 pervenire,
1558 3121 1667 3162 non
1706 3105 1763 3160 in

171 3165 326 3260 terra
343 3165 740 3258 dissensionis.
770 3206 827 3256 et
850 3199 879 3240 b
928 3198 1074 3256 belli.
1108 3165 1246 3266 Quid
1288 3197 1432 3254 valet
1475 3165 1766 3254 inﬁrmitas
1789 3165 1843 3235 ο

171 3294 363 3353 Flacci
385 3294 529 3348 inter
554 3293 739 3349 arma?
763 3291 894 3363 quid
921 3291 1063 3346 inter
1083 3304 1245 3361 apros
1268 3289 1610 3361 lepusculus?
1635 3286 1768 3360 quid

175 3387 311 3442 inter
348 3385 533 3440 leones
581 3382 858 3455 agniculus
904 3382 961 3438 in
1002 3395 1136 3453 pace
1174 3382 1445 3450 nutritus,
1479 3382 1760 3447 educatus,

174 3492 281 3533 non
331 3477 395 3531 in
428 3476 631 3548 praeliis
660 3475 940 3531 versatus?
969 3474 1096 3529 dum
1126 3482 1395 3545 praecepta
1428 3473 1640 3528 Domini
1666 3472 1763 3528 Dei

178 3568 421 3635 habetis,
463 3567 682 3623 timidus
711 3566 859 3624 domi
897 3574 1195 3634 remaneat,
1224 3581 1295 3623 ne
1318 3565 1487 3622 faciat
1514 3566 1650 3623 alios
1694 3565 1765 3620 ti-

180 3675 352 3719 mere.
377 3659 450 3717 Et
477 3646 733 3732 Virgilius
754 3658 999 3734 Augusto
1029 3660 1277 3717 scribens

450 3772 526 3824 Tu
546 3774 752 3823 sectaris
773 3785 935 3836 apros,
964 3785 1061 3834 ego
1078 3773 1204 3823 retia
1221 3783 1389 3825 serve.

246 3864 349 3923 Hae
364 3881 575 3938 preces,
598 3867 845 3933 obsecro,
870 3866 1091 3921 veniant
1110 3866 1167 3921 in
1191 3881 1287 3922 cor
1311 3866 1530 3937 pietatis
1548 3873 1764 3931 vestras,

184 3964 243 4013 ut
281 3957 458 4014 libeat
480 3958 633 4014 vobis
660 3966 716 4014 et
743 3957 903 4013 liceat
925 3957 1079 4024 mihi,
1124 3973 1250 4014 cum
1277 3959 1444 4014 ramis
1470 3959 1773 4031 palmarum

187 4048 369 4122 (Joan.
433 4065 510 4103 xu
540 4088 558 4116 ,
614 4046 702 4122 15)
746 4058 802 4104 et
843 4049 1030 4119 pueris
1079 4049 1424 4105 cantantibus
1482 4063 1772 4106 occurrere

190 4139 464 4211 triumpho
488 4138 673 4211 glorise
698 4147 893 4195 vestra:
918 4157 932 4193 :
962 4148 1020 4195 et
1066 4138 1408 4194 Hierusalem
1432 4146 1631 4209 optatae
1671 4154 1771 4209 pa-

187 4233 304 4289 triae
330 4241 390 4288 et
415 4233 676 4304 templum
715 4233 1099 4305 sapientissimi
1130 4232 1435 4288 Salomonis
1476 4241 1595 4288 arte
1637 4247 1772 4288 con—

192 4325 417 4380 struitur
463 4323 583 4398 [F.,
628 4324 1043 4398 constructum],
1086 4326 1342 4382 assistere
1388 4324 1610 4379 amabili
1638 4339 1774 4379 con-

190 4418 396 4486 spectui
417 4426 620 4485 vestro,
648 4427 704 4474 et
727 4420 905 4475 dicere
931 4437 944 4472 :
972 4419 1293 4477 Benedictus
1320 4419 1580 4477 Dominus
1605 4419 1772 4485 Deus,

1865 1926 2132 1982 visionem
2158 1927 2303 1984 inter
2324 1944 2549 2001 corpora
2569 1935 2912 1991 sacerdotum
2942 1945 2997 1992 et
3022 1939 3206 2009 populi
3235 1942 3457 1998 demon-

1865 2026 2041 2075 strare
2084 2020 2330 2090 cognovi.
2376 2021 2559 2078 Tertia
2603 2024 2719 2093 die,
2764 2034 2911 2082 terra
2960 2044 3083 2084 cum
3126 2034 3461 2090 ornamentis

1864 2112 1979 2168 suis
2006 2113 2294 2183 apparuit:
2320 2114 2480 2170 tertia
2508 2116 2615 2182 die,
2639 2118 2756 2173 auri
2782 2118 3057 2176 laetissima
3083 2123 3311 2194 species,
3336 2138 3460 2196 qua

1866 2202 2072 2270 gremio
2114 2204 2325 2259 eruitur
2362 2214 2541 2272 terras,
2584 2208 2787 2265 directa
2816 2218 2901 2266 est
2941 2212 3095 2268 mihi.
3124 2213 3327 2282 Quarta
3368 2217 3459 2274 die

1865 2294 1947 2348 sol
1972 2295 2143 2350 honor
2172 2297 2355 2352 saeculi
2381 2313 2506 2354 cum
2546 2300 2814 2358 sideribus
2850 2304 2973 2360 coeli
3012 2306 3262 2363 inductus
3298 2308 3453 2381 [Cod.

1880 2381 2021 2448 γαίη
2051 2385 2272 2458 inditus]
2296 2395 2410 2452 est;
2440 2398 2635 2459 quarta
2662 2392 2771 2458 die,
2811 2392 2958 2448 clara
3000 2397 3247 2466 quaedam
3282 2408 3339 2454 et
3371 2416 3459 2456 ro-

1865 2477 2033 2533 tunda
2056 2478 2112 2532 in
2138 2478 2543 2536 similitudinem
2570 2483 2699 2538 solis
2724 2485 2951 2555 species,
2988 2486 3005 2525 ί
3034 2489 3209 2545 honor
3232 2507 3454 2565 mensae,

1866 2569 2031 2624 allata
2059 2578 2142 2626 est
2171 2572 2322 2638 mihi,
2356 2573 2561 2630 habens
2588 2575 2781 2646 viginti
2809 2591 3019 2648 septem
3051 2582 3453 2642 semicirculos:

1865 2662 1960 2733 qui
2004 2662 2054 2718 si
2099 2663 2183 2719 bis
2233 2663 2515 2732 ducantur,
2561 2679 2720 2725 erunt
2765 2672 3154 2745 quinquaginta
3199 2687 3457 2748 quatuor,

1863 2760 2089 2824 propter
2112 2754 2281 2810 horas
2303 2755 2509 2814 lunaris
2535 2774 2745 2826 cursus,
2788 2764 2987 2833 quibus
3011 2780 3111 2835 per
3136 2767 3348 2839 singula
3386 2770 3461 2826 si-

1866 2858 1973 2915 gna
2018 2858 2238 2901 currere
2281 2848 2417 2903 solet
2450 2867 2464 2904 :
2492 2850 2703 2908 habens
2747 2852 3012 2911 circulum
3059 2861 3351 2917 rotundum
3398 2862 3460 2919 in

1865 2937 2075 3004 medio,
2107 2946 2330 3009 propter
2373 2941 2502 2997 solis
2549 2951 2867 3015 perpetuam
2916 2951 3325 3008 rotunditatem.
3376 2954 3461 3013 Do

1866 3025 2020 3096 cuius
2048 3043 2211 3084 cursu
2240 3029 2499 3101 praefatus
2523 3047 2657 3103 puer
2694 3036 2830 3092 mihi
2866 3040 3070 3106 retulit,
3101 3051 3340 3100 vestram
3377 3044 3462 3101 in-

1868 3120 2083 3189 quirere
2122 3122 2469 3192 sapientiam,
2500 3128 2769 3196 quomodo
2801 3132 2829 3171 ε
2857 3131 3044 3189 decem
3089 3127 3250 3192 horai
3276 3145 3330 3193 et
3368 3139 3455 3195 di-

1867 3207 2035 3302 midia
2083 3211 2309 3302 singulis
2352 3215 2633 3273 mensibus
2672 3233 2984 3280 accrescere
3014 3224 3255 3282 soleant?
3293 3227 3462 3302 Cujus

1870 3299 1953 3356 rei
1975 3301 2190 3358 subtilis
2217 3304 2357 3360 ratio
2387 3312 2488 3372 est,
2520 3306 2623 3365 sed
2642 3315 2838 3366 vestras
2862 3313 3149 3385 sagacitati
3187 3299 3465 3389 νοιαοὶιί.

1872 3390 1942 3446 ad
1961 3390 2387 3467 intelligendum.

1944 3503 2038 3560 Sol
2078 3505 2244 3576 igitur
2283 3507 2462 3577 primo
2499 3523 2642 3566 anno
2687 3520 2813 3582 post
2852 3514 3174 3585 bissextum,
3203 3518 3263 3574 in
3304 3520 3464 3579 initio

1869 3595 2063 3667 prima:
2102 3596 2255 3652 hora
2292 3599 2490 3666 noctis,
2519 3601 2690 3657 intrat
2722 3605 2780 3659 in
2805 3602 3069 3674 Arietem,
3099 3617 3159 3665 et
3188 3619 3312 3681 post
3345 3610 3465 3668 dies

1870 3689 2094 3759 triginta
2117 3696 2175 3747 et
2199 3689 2388 3746 decem
2428 3693 2592 3749 semis
2635 3694 2801 3751 horas
2837 3698 2986 3753 extet
3027 3700 3095 3756 da
3119 3700 3324 3767 Ariete,
3357 3702 3465 3759 hoc

1871 3787 1988 3847 at,
2032 3780 2475 3840 boraundecima
2512 3786 2690 3841 noctis
2730 3787 3019 3845 tricesima
3059 3791 3466 3860 prima,etse—

1872 3873 2050 3931 eundo
2074 3883 2294 3946 puncto.
2318 3876 2388 3931 Et
2415 3878 2575 3933 tertio
2599 3888 2802 3947 puncto
2822 3881 3122 3940 undecimae
3147 3884 3296 3940 hora:
3322 3882 3468 3954 ejus-

1873 3964 1996 4020 dem
2020 3966 2197 4021 noctis
2223 3966 2390 4020 intrat
2413 3966 2470 4021 in
2501 3966 2763 4033 Taurum.
2786 3978 2843 4024 et
2875 3970 2948 4026 ibi
2976 3981 3222 4027 moratur
3244 3973 3468 4043 triginta

1874 4056 1987 4112 dies
2013 4064 2070 4112 et
2095 4058 2283 4112 decem
2311 4058 2477 4113 semis
2511 4060 2694 4115 horas.
2724 4060 2795 4115 Et
2828 4060 2977 4116 exiet
3021 4062 3089 4117 de
3134 4061 3316 4117 Tauro
3354 4076 3466 4117 non
3494 4078 3497 4079 '

1875 4148 1944 4203 ab
1971 4148 2105 4201 hora
2130 4147 2217 4203 die
2247 4146 2454 4219 [Forte,
2480 4163 2622 4204 nona
2648 4150 2783 4205 hora
2808 4150 2940 4225 diei]
2964 4151 3144 4222 plena.
3167 4151 3236 4207 Et
3265 4151 3343 4207 ibi
3366 4153 3467 4210 ha-

1873 4241 1972 4295 bes
1990 4255 2155 4294 unam
2175 4240 2366 4295 horam
2386 4255 2456 4296 ex
2475 4250 2710 4310 quatuor
2731 4244 2945 4314 punctis
2966 4246 3020 4301 in
3040 4243 3254 4302 duobus
3271 4245 3463 4316 signis.

1874 4328 1944 4386 Et
1970 4329 2109 4387 ﬁunt
2149 4330 2378 4388 duorum
2406 4332 2686 4405 signorum
2723 4334 3008 4408 sexaginta
3037 4336 3152 4393 dies
3178 4343 3235 4392 et
3271 4335 3467 4408 viginti

1876 4436 1984 4477 ma
2027 4421 2182 4478 hora.
2210 4422 2280 4478 Et
2308 4424 2518 4481 decima
2549 4425 2683 4482 hora
2718 4426 2826 4483 diei
2871 4427 3041 4484 intrat
3086 4428 3145 4483 in
3186 4426 3462 4487 Geminos.

192 4507 280 4600 qui
306 4506 538 4564 adduxit
565 4508 642 4583 [et
668 4511 901 4584 reduxit]
929 4512 1097 4569 David
1118 4513 1373 4571 dilectum
1395 4527 1522 4570 cum
1548 4525 1775 4585 prospe-
1801 4535 1858 4600 ι)
1878 4513 1949 4570 Et
1986 4514 2132 4570 exiet
2172 4515 2240 4571 de
2279 4514 2520 4574 Geminis
2559 4518 2786 4589 septima
2820 4519 2954 4575 hora
2980 4519 3140 4589 plena
3182 4520 3380 4588 noctis,
3409 4526 3468 4576 et

193 4595 351 4655 ritate
372 4607 430 4656 et
467 4600 640 4657 salute
667 4603 734 4657 ad
760 4618 946 4660 servos
988 4619 1132 4662 suos.

633 4702 655 4730 ε
673 4692 1011 4749 EPISTOLA
1034 4694 1310 4753 LXXXIII.

708 4804 777 4844 AD
815 4804 1035 4845 DOMNUI
1066 4806 1261 4847 REGEI.

809 4880 986 4954 (Anno
1013 4882 1159 4957 798.)

196 4964 271 5022 De
295 4985 458 5024 cursu
483 4983 608 5025 scus
637 4988 737 5048 per
749 4974 1163 5048 signasodiaci;
1189 4982 1238 5029 et
1272 4976 1499 5048 qualiter
1524 4979 1645 5034 inde
1672 4981 1779 5037 bis-

266 5051 442 5095 textus
471 5042 740 5113 emergat?
762 5042 970 5098 Laudat
1004 5044 1235 5100 studium
1259 5042 1576 5120 astrologiw,
1608 5052 1778 5107 arith-

267 5186 295 5215 ι
323 5176 532 5246 Apion.
585 5176 692 5259 _Seu
742 5180 987 5259 epistola
1012 5180 1193 5238 Caroli
1239 5185 1777 5259 deSeptuagesima,

200 5260 361 5329 quam
385 5261 548 5329 supra
575 5248 836 5329 dedimus.
868 5250 947 5306 Ex
975 5253 1076 5329 hac
1104 5270 1233 5327 ergo
1261 5257 1404 5313 illius
1426 5248 1647 5329 quoque
1684 5248 1782 5317 an;

197 5322 481 5391 nurnLquo
507 5319 632 5391 data
661 5328 763 5386 est,
790 5319 1180 5391 Cognoscimusi

270 5386 488 5467 gneus.
518 5386 882 5467 Saxonicitut
928 5397 1270 5467 interpretor,
1311 5398 1453 5467 quod
1496 5403 1599 5457 hoc
1643 5418 1783 5458 anno

202 5453 305 5537 798
334 5468 547 5537 gestum
573 5470 676 5528 est,
713 5453 1120 5537 et'describitur
1158 5468 1224 5521 ab
1251 5453 1787 5529 An'nalistavliarnbe:

203 5531 436 5605 cianget
455 5531 599 5605 aliis,
622 5535 763 5603 apud
790 5534 1009 5605 Pagiuin
1038 5538 1143 5592 hoc
1166 5555 1325 5603 anno,
1352 5557 1406 5593 n.
1426 5541 1485 5596 4.

244 5598 474 5680 ηενΕῴι.
502 5598 758 5680 Quercet.
789 5606 822 5660 8
848 5598 930 5680 ἐξ
955 5623 1055 5680 ms.
1081 5626 1097 5674 ;
1134 5609 1222 5663 hic
1250 5598 1375 5665 vero
1406 5629 1471 5667 ex
1517 5615 1636 5669 cod.
1679 5634 1780 5675 ms.

205 5668 477 5751 biblioth._
502 5668 776 5751 Vaticana:
806 5693 869 5751 _n.
908 5678 1013 5751 2‘26
1047 5668 1182 5734 lli-8°
1217 5684 1536 5751 quibusdam
1569 5668 1622 5741 in

194 5741 548 5830 'eipendatior
572 5746 770 5830 prodit.
801 5748 1012 5830 Scripta
1046 5741 1256 5830 videtur
1283 5772 1428 5830 aan
1463 5741 1660 5814 eodem
1681 5741 1789 5830 quo

210 5810 387 5865 altera
421 5828 541 5883 qua:
563 5810 746 5871 statim
768 5810 1025 5888 sequitur,
1056 5821 1109 5876 in
1137 5838 1240 5892 qua
1264 5810 1790 5891 calculumrsu'um1

1881 4608 2089 4667 duobus
2128 4610 2344 4682 punctis
2380 4620 2586 4668 octava:
2626 4612 2796 4668 horae.
2831 4612 2900 4667 Et
2931 4614 3093 4670 tertio
3133 4621 3335 4684 puncto
3372 4626 3469 4669 oc-

1881 4710 2017 4759 tavae
2045 4704 2195 4759 horae
2237 4704 2413 4761 noctis
2451 4705 2618 4759 intrat
2663 4705 2719 4760 in
2766 4703 3056 4761 Cancrum.
3098 4705 3170 4762 Et
3206 4706 3355 4763 exiet
3395 4705 3468 4762 de

1880 4793 2089 4851 Cancro
2110 4805 2262 4851 sexta
2286 4798 2421 4852 hora
2451 4798 2557 4854 diei
2581 4797 2759 4868 plena.
2782 4797 2852 4852 Et
2876 4798 2949 4853 ibi
2976 4798 3145 4854 habes
3170 4799 3467 4856 secundam

1880 4888 2071 4945 horam
2113 4895 2170 4943 et
2210 4896 2441 4958 quatuor
2484 4899 2716 4960 punctos
2762 4890 2991 4945 duorum
3045 4890 3343 4961 signorum.
3391 4888 3464 4945 Et

1878 4977 2018 5034 ﬁunt
2055 4979 2111 5033 in
2142 4978 2381 5035 Geminis
2409 4988 2462 5036 et
2500 4978 2713 5038 Canem
2746 4980 2864 5037 dies
2902 4981 3182 5051 sexaginta
3221 4989 3280 5037 et
3312 4982 3466 5037 hora

1879 5072 2069 5144 viginti
2091 5087 2218 5127 una.
2250 5065 2427 5130 Habes
2456 5072 2611 5147 [σω.
2652 5070 2799 5141 για,
2816 5074 2887 5131 Et
2910 5074 3101 5146 habes]
3125 5074 3185 5130 in
3209 5075 3297 5130 his
3323 5089 3463 5145 qua-

1884 5201 2428 5281 incremento_decem
2460 5205 2723 5281 horarum
2757 5212 2813 5263 et
2837 5206 3069 5281 dimidia;
3108 5206 3198 5263 hic
3218 5204 3466 5281 proposi-

1884 5281 1997 5350 tum
2022 5273 2277 5350 defendit.
2303 5274 2480 5350 (Apud
2496 5275 2734 5350 frobcn.
2764 5278 2925 5348 epist.
2958 5277 3073 5350 68.)

1953 5342 2347 5425 armamaxas.
2372 5342 2461 5425 }\_n
2494 5342 2877 5425 [iridegisusiis
2914 5358 3028 5414 est.
3052 5342 3280 5425 'tlcqini
3304 5345 3468 5425 ﬁsci:

1883 5414 2056 5491 palus,
2087 5430 2247 5491 quem
2272 5417 2492 5491 nomine
2518 5414 2863 5491 Nathanaelis
2888 5420 3229 5491 compellavit
3261 5418 3318 5474 in
3349 5414 3468 5490 ει)ίὶ

1887 5485 2023 5540 stola
2049 5487 2116 5539 ad
2140 5485 2435 5541 Candidum
2460 5496 2515 5542 et
2539 5489 2961 5545 Nathanaelem?

1962 5567 1985 5595 ο
2012 5554 2169 5609 Lucis
2198 5559 2491 5611 materiam.
2523 5558 2733 5615 Oleum.

1965 5626 1985 5666 ί
2034 5625 2220 5680 Honor
2265 5643 2477 5683 meum.
2530 5630 2741 5685 Delium
2791 5632 2918 5687 vino
2970 5629 3248 5701 impletum
3298 5630 3469 5687 inter-

1887 5707 2221 5846 “Theca;
2265 5769 2409 5846 Itone
2452 5779 2499 5822 et
2547 5771 2783 5846 dimidia.
2834 5773 2909 5846 De
2954 5775 3055 5829 hac
3087 5779 3469 5846 supputatione

1892 5838 2087 5909 (Interit
2112 5839 2335 5909 epistula
2363 5842 2626 5910 sequenti,
2653 5845 2783 5916 quid
2808 5844 2879 5899 sit
2905 5838 3297 5901 immutandum
3315 5844 3341 5898 τ
