4056 6328
562 335 663 394 ΙΉ

1432 332 1492 386 Β.
1531 325 1591 386 F.
1632 331 1855 387 ALBlNl
1896 331 2025 390 SEU
2063 330 2338 388 ALCUlNl
2375 329 2656 387 OPEBUM
2691 327 2870 385 PARS
2908 327 2948 383 l.

3719 328 3826 387 272

558 457 686 506 tuor
713 449 883 521 signis
925 449 1088 503 horas
1131 445 1488 518 quadraginta
1531 446 1663 500 duas
1688 456 1742 501 et
1784 447 1900 502 dies
1929 455 2144 502 centum
2173 451 2222 508 Α
2248 455 2403 501 erant
2432 447 2485 500 in
2530 445 2748 507 mundo,
2790 443 3097 499 inventores
3140 452 3297 500 erant
3325 444 3522 501 harum
3548 444 3746 501 artium
3777 449 3830 505 in

557 541 769 615 viginti.
794 539 906 614 94
926 541 992 595 Ει
1033 541 1199 594 intrat
1227 540 1280 593 in
1312 537 1548 592 Leonem
1582 537 1809 607 septima
1852 539 1982 593 hora
2010 537 2136 592 diei.

556 633 627 691 Et
675 634 821 689 exiet
869 635 934 688 de
964 633 1142 687 Leone
1182 640 1372 701 quarta
1422 631 1553 685 hora
1606 630 1808 694 noctis,
1850 639 1905 685 et
1933 630 2142 684 duobus

554 727 772 800 punctis
807 725 1010 796 quinta:
1040 725 1206 778 horai.
1235 723 1302 777 Et
1331 722 1491 777 tertio
1523 731 1723 793 puncto
1756 722 1956 792 quinta:
1994 723 2142 776 hora:

555 819 734 876 noctis
765 818 931 872 intrat
965 815 1334 887 inVirginem.
1363 813 1432 869 Et
1465 813 1608 868 exiet
1634 814 1700 869 de
1725 814 1942 885 Virgine
1982 813 2140 868 tertia

557 912 693 968 hora
734 910 839 966 diei
871 909 1046 980 plena.
1076 908 1142 962 Et
1184 908 1351 962 habes
1390 922 1554 961 unam
1599 906 1789 961 horam
1816 921 1880 961 ex
1911 913 2143 976 quatuor

554 1005 773 1076 punctis
801 1003 995 1058 Leonis
1019 1011 1072 1057 et
1103 1001 1354 1072 Virginis.
1385 1001 1452 1056 Et
1481 1001 1681 1056 habent
1708 1001 1988 1070 sexaginta
2026 1000 2141 1055 dies

463 1099 476 1108 "
555 1096 674 1152 haec
694 1097 799 1151 duo
825 1081 996 1166 signii,
1021 1103 1074 1149 et
1103 1095 1266 1150 horas
1291 1093 1480 1165 viginti
1505 1109 1688 1148 unam.
1714 1092 1764 1165 [ι
1789 1092 1856 1147 Et
1885 1091 2021 1147 ﬁunt
2044 1093 2141 1148 ho-

558 1205 678 1244 rum
717 1203 812 1243 scx
858 1187 1135 1255 signorum
1163 1187 1276 1241 dies
1313 1195 1528 1240 centum
1570 1184 1841 1255 octoginta
1882 1183 2037 1256 tres.]
2073 1183 2141 1239 Et

553 1280 708 1345 ﬁunt,
737 1287 795 1332 ut
821 1277 963 1343 dixi,
989 1278 1105 1332 dies
1147 1285 1364 1332 centum
1393 1277 1666 1346 octoginta
1697 1284 1751 1330 et
1779 1276 1903 1330 duo.
1927 1276 1994 1330 Et
2031 1284 2140 1331 ter-

553 1371 682 1436 tius,
717 1369 832 1424 dies
860 1369 1112 1424 dimidius
1153 1384 1220 1423 ex
1263 1368 1543 1423 duodecim
1582 1367 1731 1423 horis
1755 1375 1811 1422 et
1848 1375 1958 1422 tres
1993 1367 2140 1422 horae

551 1477 715 1532 supra
741 1461 1132 1532 quadrantiles.
1158 1459 1224 1514 Et
1246 1461 1412 1514 intrat
1437 1460 1517 1516 sol
1542 1461 1594 1516 in
1620 1461 1840 1516 Libram
1868 1461 2007 1516 hora
2031 1460 2138 1515 diei

551 1562 765 1623 quarta.
796 1554 862 1607 Et
903 1554 1047 1607 exiet
1076 1553 1140 1607 de
1190 1552 1351 1607 Libra
1395 1552 1571 1622 prima
1618 1553 1751 1607 hora
1788 1551 1928 1618 diei,
1972 1560 2027 1606 et
2055 1567 2140 1606 se-

551 1649 727 1702 cundo
777 1656 977 1718 puncto
1025 1645 1272 1702 secunda:
1320 1646 1466 1700 hora:
1515 1646 1704 1701 noctis.
1751 1645 1818 1699 Et
1868 1644 2034 1699 intrat
2083 1644 2136 1698 in

550 1740 904 1812 Scorpionem
948 1742 1108 1796 tertio
1136 1748 1334 1810 puncto
1373 1739 1622 1794 secunda:
1664 1739 1811 1792 horae
1841 1737 2033 1793 noctis.
2071 1735 2138 1791 Et

2246 537 2453 589 naturis
2481 550 2685 598 rerum,
2714 535 2852 588 sicut
2877 535 2944 590 de
2983 534 3096 591 sole
3126 543 3181 590 et
3215 535 3340 590 luna
3366 543 3424 592 et
3467 536 3636 592 stellis
3676 537 3834 596 facile

2241 636 2394 696 potes
2423 627 2737 699 intelligere.
2765 626 2905 696 Quid
2929 627 3073 684 aliud
3116 629 3171 684 in
3202 630 3317 686 sole
3358 640 3415 686 et
3441 631 3566 686 luna
3609 641 3666 688 et
3699 634 3836 690 side-

2243 718 2392 772 ribus
2446 719 2849 775 consideramus
2893 727 2948 775 et
3000 720 3294 786 miramur,
3343 723 3445 777 nisi
3509 723 3834 793 sapientiam

2241 805 2514 864 Creatoris
2538 817 2591 863 et
2618 826 2808 866 cursus
2837 810 3055 868 illorum
3083 813 3392 870 naturales?
3410 814 3605 870 Fertur
3626 816 3831 886 itaque,

2240 897 2512 953 Abraham
2546 902 2909 971 patriarcham
2948 918 3017 959 ex
3051 904 3355 977 astrologiae
3380 908 3592 964 ratione
3622 919 3836 966 creato-

2241 1003 2358 1043 rem
2385 988 2554 1046 Deum
2583 992 2910 1050 intellexisse
2934 1002 2988 1050 et
3015 1009 3324 1052 venerasse.
3359 997 3426 1052 Et
3455 999 3651 1055 exinde
3682 1001 3835 1054 Ami-

2241 1095 2332 1133 cus
2362 1080 2459 1134 Dei
2498 1082 2794 1152 appellatus
2819 1093 2928 1150 est,
2966 1093 3022 1140 et
3047 1094 3286 1143 tentatus
3315 1089 3369 1143 in
3398 1089 3503 1145 ﬁde
3521 1087 3634 1158 jam
3674 1091 3838 1150 tortis

2241 1169 2492 1227 inventus
2526 1181 2628 1228 est.
2655 1173 2790 1229 Nam
2821 1176 3006 1232 dicunt
3045 1176 3257 1236 Hebmi
3296 1180 3472 1236 exisse
3497 1197 3622 1237 eum
3649 1184 3718 1238 de
3757 1183 3839 1243 Ur

2241 1261 2612 1320 Chaldaeorum
2647 1264 2800 1338 (Gen.
2825 1283 2935 1334 xu,
2961 1269 3012 1334 l,
3041 1279 3087 1324 et
3119 1286 3208 1335 xv,
3237 1271 3314 1344 7),
3360 1273 3415 1328 id
3461 1282 3577 1340 est,
3609 1275 3676 1330 de
3706 1276 3835 1348 igne

2239 1355 2633 1415 Chaldaeorum.
2659 1361 2759 1428 Qui
2808 1361 2962 1435 [Cod.
3003 1363 3142 1433 Vat.,
3169 1365 3330 1441 Quia]
3374 1369 3613 1427 Chaldaei
3651 1372 3836 1446 ignem

2238 1465 2338 1521 pro
2385 1453 2496 1508 Deo
2537 1455 2836 1511 coluerunt.
2887 1456 3107 1514 Solebat
3137 1471 3161 1500 ο
3193 1462 3452 1533 magister
3496 1479 3652 1522 meus
3697 1466 3836 1525 mihi

2240 1542 2436 1611 saepius
2467 1543 2648 1600 dicere
2673 1563 2686 1599 :
2719 1545 3119 1617 Sapientissimi
3160 1550 3440 1606 hominum
3471 1553 3713 1624 fuerunt,
3738 1559 3836 1630 qui

2241 1634 2340 1690 bas
2367 1644 2514 1692 artes
2555 1637 2609 1692 in
2633 1639 2842 1694 naturis
2878 1655 3062 1696 rerum
3097 1641 3439 1700 invenerunt.
3465 1645 3835 1718 Opprobrium

2239 1736 2322 1784 est
2357 1729 2578 1799 grande,
2614 1739 2676 1786 ut
2697 1732 3032 1790 dimittamus
3058 1749 3152 1790 eas
3176 1737 3355 1806 perire
3389 1738 3582 1796 diebus
3609 1745 3833 1800 nostris.

547 1834 697 1890 exiet
725 1835 790 1890 de
822 1833 1118 1902 Scorpione
1146 1832 1462 1886 duodecima
1491 1833 1622 1886 hora
1650 1831 1823 1885 noctis
1865 1829 2043 1900 plena.
2069 1829 2136 1883 Et
2167 1827 2211 1888 Β
2240 1819 2347 1874 Sed
2393 1835 2536 1876 nunc
2565 1823 2981 1892 PUSillanimilaS
3022 1826 3313 1882 multorum
3358 1845 3465 1886 non
3493 1842 3649 1888 curat
3689 1835 3833 1891 scire

548 1923 718 1980 habes
739 1940 900 1978 unam
931 1925 1119 1977 horam
1158 1938 1224 1977 ex
1253 1931 1484 1992 quatuor
1516 1921 1746 1991 punctis.
1777 1921 1845 1974 Et
1873 1922 2007 1976 ﬁunt
2039 1923 2137 1976 ho-

549 2029 672 2070 rum
721 2015 949 2069 duorum
994 2015 1270 2083 signorum
1301 2013 1416 2068 dies
1458 2015 1733 2082 sexaginta
1764 2021 1820 2067 et
1863 2014 2011 2067 horae
2051 2013 2134 2067 vi-

547 2084 685 2176 ginti
730 2122 857 2159 una.
887 2105 950 2158 Et
981 2105 1147 2159 intrat
1176 2104 1254 2160 sol
1296 2105 1352 2159 in
1399 2103 1754 2176 Sagittarium
1795 2105 1970 2176 prima
2000 2105 2134 2160 hora

547 2198 672 2252 diei.
708 2198 775 2251 Et
803 2199 946 2252 exiet
989 2198 1055 2252 de
1097 2197 1388 2269 Sagittario
1418 2198 1624 2253 decima
1653 2198 1788 2252 hora
1817 2197 1922 2254 diei
1952 2197 2131 2267 plena,

547 2297 601 2342 et
627 2288 835 2343 duobus
862 2289 1075 2358 punctis
1109 2289 1331 2343 decimae
1356 2290 1522 2344 horae.
1555 2290 1620 2344 Et
1651 2290 1816 2344 intrat
1857 2290 1910 2344 in
1949 2289 2136 2361 Capri-

544 2395 772 2434 cornum
808 2380 968 2435 tertio
996 2389 1197 2450 puncto
1237 2382 1534 2438 undecimae
1566 2383 1712 2437 hora:
1741 2383 1867 2438 diei.
1901 2383 1970 2438 Et
1993 2385 2136 2440 exiet

547 2472 614 2527 de
655 2472 984 2543 Capricorno
1023 2474 1154 2529 hora
1196 2489 1336 2529 nona
1383 2475 1557 2530 noctis
1598 2474 1775 2545 plena.
1820 2475 1888 2529 Et
1934 2477 2138 2532 habent

546 2565 663 2620 haec
689 2565 796 2620 duo
823 2566 976 2636 signa
1005 2566 1120 2621 dies
1147 2567 1426 2636 sexaginta
1452 2574 1508 2622 et
1538 2567 1700 2622 horas
1724 2566 1914 2638 viginti
1945 2583 2132 2622 unam.

543 2655 654 2711 llas
678 2657 814 2711 adde
850 2658 917 2712 ad
946 2657 1313 2728 suprascripta
1350 2657 1521 2725 signa.
1547 2656 1616 2711 Et
1652 2657 1821 2712 habes
1863 2656 1980 2712 dies
2021 2665 2133 2711 tre-

544 2753 732 2802 centos
772 2755 826 2800 et
873 2747 1034 2801 horas
1079 2756 1296 2802 centum
1335 2747 1589 2816 quinque.
1629 2747 1697 2802 Et
1745 2747 1910 2802 intrat
1958 2747 2038 2803 sol
2080 2748 2134 2802 in

544 2834 842 2903 Aquarium
872 2835 1080 2889 decima
1120 2837 1251 2890 hora
1283 2839 1475 2891 noctis.
1521 2837 1587 2890 Et
1615 2838 1759 2891 exiet
1786 2838 1854 2892 de
1889 2837 2133 2906 Aquario

544 2925 679 2979 hora
705 2933 893 2979 octava
921 2925 1027 2980 diei
1053 2935 1106 2979 et
1141 2928 1375 2982 secundo
1408 2936 1606 2997 puncto
1634 2929 1783 2983 horae
1811 2936 2035 2983 octavze.
2067 2928 2135 2982 Et

547 3017 712 3071 intrat
755 3019 917 3074 tertio
960 3027 1160 3088 puncto
1199 3029 1401 3075 octavae
1436 3021 1539 3075 diei
1572 3019 1726 3092 [Cod.
1763 3017 1904 3086 Vat.,
1929 3029 2134 3077 octava:

545 3109 693 3166 horae
721 3110 848 3182 diei]
877 3111 930 3166 in
957 3111 1158 3167 Pisces.
1192 3111 1258 3166 Et
1286 3112 1430 3167 exiet
1453 3111 1518 3166 de
1543 3111 1788 3166 Piscibus
1823 3121 1974 3167 sexta
2000 3113 2132 3167 hora

2238 1914 2476 1968 rationes
2499 1930 2679 1969 rerum
2702 1932 2837 1986 quas
2860 1916 3087 1973 Creator
3109 1919 3349 1976 condidit
3373 1921 3428 1976 in
3457 1924 3689 1981 naturis.
3713 1925 3835 1984 Scis

2234 2005 2436 2072 Optime
2482 2021 2645 2076 quam
2689 2006 2859 2062 dulcis
2899 2017 2981 2064 est
3030 2008 3086 2063 in
3127 2011 3428 2067 rationibus
3462 2015 3829 2084 arithmetica,

2235 2111 2397 2165 quam
2443 2100 2752 2154 necessaria
2796 2100 2864 2154 ad
2903 2105 3305 2171 cognoscendas
3336 2104 3646 2176 Scripturas
3694 2111 3831 2167 divi-

2235 2203 2364 2254 nas;
2391 2204 2552 2258 quam
2573 2188 2812 2258 jucunda
2843 2201 2925 2248 est
2950 2195 3184 2265 cognitio
3217 2198 3520 2256 caelestium
3552 2211 3826 2260 astrorum

2235 2287 2292 2334 et
2317 2295 2511 2336 cursus
2533 2281 2766 2336 illorum.
2796 2282 2864 2337 Et
2893 2293 3075 2340 tamen
3105 2301 3262 2343 rarus
3288 2297 3388 2354 est,
3417 2290 3510 2358 qui
3537 2291 3664 2347 talia
3692 2294 3832 2351 scire

2236 2379 2424 2426 curet:
2452 2379 2508 2424 et
2545 2373 2689 2442 quod
2735 2372 2887 2443 pejus
2928 2383 3044 2440 est,
3089 2377 3491 2447 reprehendunt
3536 2381 3652 2437 haec
3691 2383 3832 2444 scire

2236 2462 2546 2528 studentes;
2577 2471 2632 2518 et
2661 2473 2936 2537 utcunque
2963 2468 3052 2523 illa
3083 2470 3411 2528 naturalium
3457 2489 3639 2530 rerum
3681 2476 3834 2548 igno-

2237 2553 2377 2609 ratio
2427 2555 2766 2624 inculpabilis
2815 2560 3078 2628 potuisset
3124 2561 3228 2617 illis
3276 2579 3414 2629 esse,
3445 2566 3491 2620 si
3534 2567 3734 2622 divinis
3772 2583 3834 2626 se

2236 2643 2382 2714 ipsos
2429 2645 2645 2700 tradere
2689 2647 2987 2704 voluissent
3029 2647 3355 2721 Scripturis,
3385 2662 3440 2708 et
3476 2655 3727 2712 laborare
3776 2657 3830 2714 in

2235 2732 2341 2788 illis
2376 2733 2430 2788 in
2457 2735 2652 2804 quibus
2679 2739 2803 2793 vitae
2827 2748 3043 2796 aeternae
3069 2743 3305 2812 cognitio
3339 2745 3735 2803 consideratur.
3765 2747 3834 2804 Et

2235 2835 2294 2882 ut
2334 2829 2632 2898 potuissent
2662 2832 2822 2889 ﬁdem
2865 2836 3187 2892 catholicam
3216 2840 3485 2894 veraciter
3515 2839 3830 2907 defendere,

2235 2927 2289 2974 et
2335 2919 2657 2978 ﬁducialiter
2685 2934 2832 2981 stare
2860 2936 3048 2982 contra
3095 2931 3435 2987 adversarios
3463 2931 3696 2993 Christi,
3736 2947 3837 3002 per

2235 3028 2372 3083 quos
2419 3015 2752 3073 multimodis
2799 3018 2997 3076 diaboli
3046 3023 3241 3077 astutia
3291 3023 3450 3079 ﬁdem
3499 3024 3830 3081 catholicam

2237 3104 2554 3176 impugnare
2580 3108 2778 3164 studet.
2820 3109 2887 3164 Et
2917 3120 3044 3166 sunt
3073 3113 3232 3168 modo
3257 3122 3499 3185 tempora
3528 3115 3596 3170 de
3633 3116 3834 3186 quibus

546 3203 721 3257 noctis
751 3202 924 3271 plena.
955 3204 1022 3256 Et
1059 3205 1140 3258 hae
1181 3212 1307 3259 sunt
1349 3219 1443 3258 sex
1480 3203 1626 3258 horze
1665 3219 1783 3272 qua:
1815 3203 1880 3259 de
1923 3202 2136 3273 punctis
2161 3185 2210 3252 (Ξ
2237 3193 2346 3265 95
2383 3196 2575 3252 beatus
2615 3197 2814 3254 Paulus
2837 3201 3123 3269 praedixit:
3166 3201 3396 3272 Spiritus
3441 3215 3614 3259 autem
3653 3185 3834 3261 inani-

546 3293 882 3364 singulorum
909 3295 1184 3364 signorum
1215 3304 1548 3350 accrescunt.
1577 3295 1644 3349 Et
1669 3295 1867 3349 habent
1895 3293 2010 3349 haec
2029 3294 2134 3351 duo

546 3385 697 3455 signa
747 3385 1028 3456 sexaginta
1071 3385 1186 3440 dies
1229 3394 1282 3440 et
1321 3385 1508 3456 viginti
1555 3401 1716 3439 unam
1767 3385 1974 3440 horam.
2025 3384 2135 3439 Has

547 3477 684 3531 adde
721 3476 787 3530 ad
818 3475 1215 3546 suprascriptos
1259 3475 1373 3530 dies
1409 3475 1494 3530 vel
1536 3477 1714 3538 horas,
1755 3484 1810 3530 et
1846 3475 1980 3529 ﬁunt
2017 3473 2135 3529 dies

547 3568 830 3622 duodecim
866 3569 1142 3635 signorum
1166 3566 1289 3632 560,
1328 3576 1384 3622 et
1427 3567 1574 3622 horai
1603 3567 1723 3621 126.
1766 3566 1977 3620 Partire
2010 3581 2136 3621 cen-

549 3667 663 3713 tum
694 3660 881 3730 viginti
911 3662 1074 3715 horas
1098 3676 1195 3730 per
1229 3660 1420 3731 viginti
1449 3668 1702 3730 quatuor,
1733 3668 1788 3714 et
1819 3660 1954 3714 ﬁunt
1979 3659 2138 3728 quin-

549 3753 704 3822 quies
750 3753 940 3824 viginti
987 3762 1237 3822 quatuor,
1280 3753 1426 3822 quod
1467 3761 1592 3807 sunt
1630 3753 1866 3822 quinque
1904 3752 2038 3806 dies.
2068 3749 2138 3804 Et

548 3856 707 3901 erunt
753 3849 920 3902 totius
965 3848 1090 3902 anni
1146 3845 1442 3902 trecenteni
1503 3846 1756 3915 sexageni
1800 3853 1856 3899 et
1899 3845 2137 3915 quinque

443 3998 468 4023 ι
549 3939 667 3993 dies
693 3945 749 3991 et
782 3954 875 3992 sex
906 3939 1072 4004 horae,
1105 3937 1230 4008 quia
1259 3946 1419 3993 antea
1449 3936 1602 4009 [Cod.
1641 3935 1784 4002 Vat.,
1811 3952 1945 4006 quas
1986 3935 2135 4008 ante]

549 4031 786 4086 habuisti
829 4031 930 4084 126
961 4033 1144 4087 horas.
1170 4030 1263 4086 Ha“:
1301 4045 1396 4085 sex
1426 4030 1573 4084 hora:
1598 4043 1695 4099 per
1719 4027 2135 4098 quadriennium

548 4125 719 4180 ducta:
751 4124 956 4179 faciunt
982 4107 1172 4195 viginti
1212 4130 1448 4192 quatuor
1477 4123 1659 4195 horas,
1688 4120 1830 4190 quod
1874 4127 1957 4174 est
1998 4134 2139 4174 unus

547 4217 682 4280 dies,
715 4234 875 4286 quem
907 4217 1079 4271 Latini
1124 4217 1424 4272 bissextum
1466 4225 1680 4271 vocant.
1709 4214 1777 4268 Et
1816 4213 1861 4267 si
1895 4227 2003 4268 non
2045 4211 2138 4267 ad-

549 4309 767 4364 deretur
808 4309 862 4362 in
893 4308 1188 4363 Februario
1217 4317 1413 4378 quarto
1439 4323 1580 4362 anno
1607 4308 1723 4362 haec
1748 4307 1880 4369 dies,
1910 4306 2138 4360 intraret

550 4403 732 4470 itaque
761 4401 840 4455 sol
870 4411 1092 4470 quartas
1122 4401 1358 4455 decimas
1395 4400 1511 4453 Kal.
1554 4399 1752 4468 Aprilis
1795 4398 1971 4468 prima
2001 4398 2136 4452 hora

551 4491 725 4546 noctis
753 4491 805 4544 in
835 4491 1072 4546 Arietem
1098 4507 1110 4543 :
1141 4499 1196 4544 ct
1224 4499 1346 4558 post
1368 4497 1582 4544 centum
1606 4487 1793 4557 viginti
1827 4503 1998 4541 annos
2026 4495 2136 4542 tar-

551 4581 692 4637 ditas
718 4581 866 4643 solis,
893 4581 1018 4636 dum
1047 4580 1284 4634 Arietem
1328 4580 1530 4634 intrare
1559 4579 1852 4642 debuisset,
1883 4578 2140 4633 intrasset

552 4674 733 4743 itaque
761 4673 814 4727 in
841 4673 1107 4740 Taurum;
1138 4691 1206 4729 ne
1235 4673 1348 4728 dies
1376 4673 1592 4742 triginta
1621 4673 1675 4728 in
1709 4681 1925 4728 centum
1947 4672 2136 4744 viginti

552 4763 707 4822 annis
728 4763 1033 4820 bissextiles
1061 4773 1385 4835 augerentur
1407 4779 1569 4820 cursu
1595 4765 1756 4821 illius.

625 4855 754 4930 [Hie
799 4864 855 4913 et
901 4856 1206 4925 hujusmodi
1255 4859 1492 4915 rationes
1532 4867 1641 4914 tam
1683 4875 1877 4918 suaves
1911 4871 2035 4918 sunt
2081 4863 2138 4920 in

550 4947 983 5005 consideratione
1027 4949 1342 5014 scientibus,
1381 4957 1438 5003 ut
1481 4958 1690 5006 craterae
1718 4960 1865 5008 artes
1893 4954 2136 5025 philoso-

550 5041 696 5113 phia:
733 5039 908 5096 solent
935 5055 1057 5096 esse
1093 5040 1321 5096 discenti
1346 5049 1401 5095 et
1429 5041 1745 5113 intelligenti
1779 5043 1894 5116 eas]
1921 5044 1969 5097 δ.
2003 5043 2137 5100 Nam

2239 3286 2364 3357 feste
2412 3287 2559 3353 dicit,
2588 3291 2713 3359 quia
2763 3291 2820 3345 in
2867 3293 3158 3348 novissimis
3206 3296 3522 3366 temporibus
3567 3297 3835 3353 discedent

2234 3378 2450 3448 quidam
2480 3396 2511 3432 a
2551 3379 2687 3448 ﬁde,
2731 3382 3056 3439 attendentes
3102 3387 3371 3455 spiritibus
3411 3388 3605 3442 erroris
3647 3397 3698 3442 et
3739 3387 3838 3444 do—

2236 3471 2417 3524 ctrinis
2439 3470 2843 3539 daemoniorum,
2866 3475 2922 3528 in
2943 3476 3206 3546 hypocrisi
3227 3477 3490 3549 loquentes
3510 3477 3665 3550 [Cod.
3685 3480 3836 3546 ναι..

2235 3562 2429 3616 erroris
2473 3563 2853 3619 daemoniorum
2892 3567 2948 3620 in
2993 3569 3255 3638 hypocrisi
3299 3568 3652 3641 loquentium,
3697 3571 3834 3645 etc.]

2236 3654 2566 3707 mendacium
2591 3695 2606 3719 ,
2633 3655 2879 3712 habentes
2907 3660 3254 3713 cauteriatam
3283 3678 3435 3717 suam
3460 3661 3838 3717 conscientiam

2237 3740 2287 3814 (ι
2321 3742 2454 3798 Tim.
2484 3760 2556 3809 ιν,
2588 3745 2749 3817 1,2).

2311 3863 2368 3917 Si
2400 3865 2480 3918 vis
2499 3865 2639 3920 scire
2659 3871 2926 3936 quomodo
2947 3882 3262 3928 accrescant
3281 3874 3504 3944 singulis
3525 3875 3685 3931 annis
3707 3874 3833 3948 [Ρη

2238 3952 2390 4024 anni]
2439 3955 2715 4011 mensibus
2761 3957 2954 4014 solaris
2998 3975 3190 4016 cursus
3225 3961 3410 4018 decem
3453 3963 3617 4019 semis
3661 3964 3837 4032 horae,

2237 4045 2534 4116 multiplica
2561 4047 2750 4103 decem
2775 4065 2872 4120 per
2897 4051 3105 4118 decem,
3146 4053 3282 4109 ﬁunt
3302 4064 3539 4121 centum,
3569 4057 3699 4127 quia
3731 4074 3840 4118 una

2238 4137 2372 4192 hora
2397 4138 2582 4194 decem
2614 4140 2780 4196 habet
2801 4142 3009 4199 minuta
3042 4143 3244 4215 (decies
3270 4161 3399 4201 vero
3428 4146 3494 4201 10
3519 4147 3732 4203 minuta
3760 4149 3842 4205 fa-

2237 4229 2389 4286 ciunt
2438 4239 2656 4285 centum
2703 4233 2932 4289 minuta.
2979 4236 3056 4291 Da
3090 4237 3380 4308 unicuique
3422 4240 3510 4295 die
3550 4242 3654 4296 HO
3685 4242 3796 4315 [F.
3822 4285 3840 4308 ,

2239 4321 2304 4376 de
2337 4322 2438 4396 50]
2471 4325 2691 4390 (Selius,
2721 4327 2825 4382 tria
2867 4328 3106 4394 minuta,
3137 4330 3271 4385 ﬁant
3298 4331 3366 4386 90
3395 4332 3627 4405 minuta)
3660 4344 3718 4388 et
3748 4349 3840 4392 re-

2172 4466 2174 4468 .
2238 4423 2461 4468 manent
2497 4417 2686 4471 decem
2732 4419 2960 4473 minuta.
2999 4419 3094 4475 His
3133 4422 3269 4478 adde
3312 4423 3547 4493 quinque
3591 4426 3840 4494 minuta,

2167 4549 2215 4609 υ
2239 4525 2360 4579 qua:
2401 4511 2536 4609 ﬁunt
2581 4526 2646 4565 ex
2688 4510 2909 4609 dimidia
2941 4515 3111 4570 hora:
3155 4525 3207 4571 et
3233 4525 3359 4572 sunt
3387 4519 3697 4588 quindecim
3733 4521 3838 4578 mi-

2244 4608 2394 4652 nuta.
2445 4599 2569 4655 Haec
2598 4601 2799 4669 partire
2830 4618 2927 4672 per
2953 4604 3194 4674 triginta,
3228 4605 3431 4662 faciunt
3469 4609 3652 4665 tricies
3678 4611 3844 4668 dimi-

2246 4695 2391 4750 dium
2439 4695 2705 4752 minutum
2754 4699 3063 4768 quindecim
3118 4703 3359 4758 minuta:
3412 4714 3468 4760 et
3513 4717 3846 4766 accrescunt

2245 4786 2485 4856 quotidie
2508 4787 2561 4842 in
2585 4789 2806 4860 triginta
2827 4793 3017 4848 diebus
3038 4795 3142 4849 tria
3162 4796 3366 4851 minuta
3390 4805 3444 4852 et
3467 4798 3694 4855 dimidia
3715 4817 3846 4872 pars

2244 4876 2405 4931 unius
2433 4877 2646 4933 minuti.
2693 4879 2760 4934 Et
2797 4881 2842 4935 si
2883 4883 3024 4938 scire
3051 4884 3134 4939 vis
3161 4895 3419 4955 quantum
3451 4888 3695 4956 quotidie
3726 4907 3847 4947 cre-

2245 4976 2361 5021 scat
2404 4968 2472 5023 ad
2516 4969 2850 5037 bissextum,
2877 4973 3082 5043 partire
3128 4975 3364 5046 quinque
3400 4979 3608 5034 minuta
3639 4980 3698 5036 in
3745 4983 3848 5038 tri-

2241 5057 2408 5128 ginta,
2438 5059 2573 5114 ﬁunt
2605 5062 2782 5118 sexies
2815 5064 3074 5135 qu'mque.
3109 5065 3272 5122 Sexta
3299 5083 3426 5138 pars
3455 5070 3616 5126 unius
3639 5073 3846 5130 minuti

548 5131 857 5229 Philosophi
883 5147 990 5229 ηίξξι
1013 5132 1231 5229 metu“
1254 5132 1559 5229 οοῐιάίιοτσῗε
1580 5135 1773 5189 han
1801 5135 2141 5229 3Nium._§§d
2243 5149 2506 5204 accrescit
2528 5151 2787 5219 quotidie,
2817 5131 2876 5208 ut
2902 5131 3123 5210 dimidia
3171 5131 3428 5212 hora-ﬁat
3451 5174 3550 5229 per
3589 5177 3850 5222 mensem

554 5221 886 5278 ἱηνθηῐοΐθεο
928 5222 1063 5317 Nam
1111 5220 1336 5317 (ῖΐθθξοτ
1380 5225 1619 5317 (fumium
1674 5241 1856 5282 rerum
1902 5227 2144 5284 οοηάίάίι
2242 5258 2427 5297 unum.
2455 5242 2606 5299 lianc
2631 5245 2910 5303 dimidiam
2939 5250 3130 5305 horam
3155 5251 3258 5307 duc
3285 5220 3571 5310 duodecies
3606 5263 3662 5312 et

554 5328 649 5371 eas
677 5316 733 5371 in
760 5325 984 5372 naturas
1005 5316 1145 5372 sicut
1175 5315 1362 5372 γοιιιὶῐ.
1385 5316 1465 5374 Illi
1493 5333 1638 5384 vero,
1665 5320 1758 5390 qui
1783 5321 2139 5392 sapientiores
2241 5348 2336 5390 sex
2366 5335 2534 5391 hom.
2568 5335 2679 5394 Has
2703 5339 3002 5410 multiplica
3029 5341 3084 5398 in
3112 5351 3346 5414 quatuor
3368 5361 3382 5412 ς
3407 5353 3602 5416 quater
3626 5362 3732 5404 sex

626 5520 657 5552 ι
690 5508 858 5568 Uncis
887 5511 1138 5568 conclusa
1165 5510 1284 5568 cod.
1315 5513 1435 5568 Vat.
1460 5515 1678 5569 omittit.

628 5578 660 5622 δ
682 5579 761 5638 [ta
784 5596 913 5638 vera
934 5581 1094 5638 lectio
1122 5583 1426 5639 restituitur
1447 5598 1515 5640 ex
1546 5585 1664 5642 eod.
1695 5585 1974 5642 Vaticano.
2005 5588 2138 5644 Cor-

555 5656 716 5732 rupta
753 5653 897 5732 enim
939 5653 1078 5732 apud
1115 5653 1508 5722 Quercetanum
1556 5655 1680 5712 talis
1723 5665 1882 5732 era_t_:
1925 5657 2056 5732 Haec
2083 5661 2141 5715 in

551 5719 862 5800 huiusmodi
885 5719 1111 5779 rationes
1130 5719 1237 5779 tam
1261 5735 1586 5800 suavescunt,
1609 5737 1659 5800 et
1683 5728 2030 5800 consideratio
2051 5747 2141 5785 ne-

557 5792 859 5863 scientibus,
886 5803 943 5852 ut
972 5803 1172 5852 cetera:
1202 5805 1341 5854 artes
1367 5794 1706 5871 philosophia:
1735 5796 1902 5859 solent
1926 5815 2036 5858 esse
2058 5800 2139 5861 di-

2239 5534 2415 5607 scenti
2435 5542 2484 5589 et
2521 5535 2904 5607 intelligentias.

2314 5602 2611 5692 39992:!"
2638 5602 2806 5691 ἠἓειεε
2828 5609 3112 5692 Ettigius.
3135 5628 3205 5692 in
3223 5612 3849 5692 meruit-archiepi-

2241 5688 2436 5759 scapus
2458 5675 3044 5759 ’_Eboracen_sisl._'Vid._
3066 5675 3224 5754 epist.
3268 5685 3362 5759 ad_
3381 5686 3724 5750 Eanbaldum
3745 5675 3854 5759 ,τὰ

2243 5743 2518 5802 Malmesb.
2555 5747 2648 5805 lib.
2688 5765 2704 5804 ι
2736 5748 2802 5805 de
2825 5749 2975 5808 Gest.
3008 5743 3166 5826 Reg,
3196 5771 3315 5828 cap.
3346 5757 3400 5814 5.
