4056 6328
276 282 377 340 275

1705 273 2084 333 ΕΡιετοιΑῖ.
2120 314 2122 317 τ

3416 277 3523 340 274

269 400 415 456 ciunt
451 392 644 466 viginti
694 399 956 463 quatuor,
1009 399 1142 464 quot
1172 398 1298 447 sunt
1348 392 1496 447 horae
1541 390 1702 446 unius
1741 385 1848 444 diei
1875 390 1931 450 Α
1953 397 2090 454 ctus,
2120 387 2301 458 cujus,
2345 395 2566 462 propter
2593 387 2978 453 curiositatem,
3009 403 3132 446 cum
3157 405 3359 462 paucas
3377 397 3526 466 pagi-

271 485 482 560 [Sntpple
507 483 643 558 qui].
672 484 776 540 Per
800 483 1213 554 quadriennium
1239 484 1517 548 accrescit,
1546 491 1607 537 nt
1635 483 1842 538 bissex-

270 586 350 633 tus
383 576 498 632 ﬁeri
537 576 727 648 possit.
779 575 848 631 Et
882 574 1018 630 ﬁunt
1048 576 1101 630 in
1141 583 1334 646 quarto
1379 591 1523 630 anno
1563 574 1667 632 566
1704 575 1837 632 dies.

267 669 363 738 Qui
393 669 638 724 senarius
667 683 926 724 numerus
950 667 1179 722 multum
1204 667 1348 738 valet
1383 667 1436 722 in
1467 667 1669 723 circulo
1691 666 1838 722 anni.

264 761 517 819 Nam560
545 760 680 816 ﬁunt
722 760 846 833 [F.,
880 760 1017 816 ﬁunt
1043 759 1133 833 ex]
1167 759 1344 816 sexies
1389 760 1688 831 sexaginta.
1737 758 1839 827 Qui

263 852 663 924 sexagenarius,
693 853 736 907 si
758 867 856 922 per
879 852 1157 908 denarium
1180 852 1433 923 partitur,
1457 852 1700 909 invenies
1720 868 1841 908 sex-

261 945 568 1016 agenarium
613 960 896 1000 numerum
921 959 1022 1016 per
1049 945 1332 1001 denarium
1363 960 1483 1002 esse
1517 945 1834 1016 perfectum,

259 1037 392 1092 sicut
418 1036 669 1092 senarius
692 1051 791 1106 per
813 1037 1097 1092 unitatem.
1126 1037 1262 1092 Nam
1288 1053 1474 1104 unum,
1501 1038 1606 1095 duo
1629 1047 1682 1094 et
1707 1047 1834 1104 tres,

257 1141 347 1183 sex
395 1124 624 1181 faciunt.
664 1125 732 1181 Et
773 1134 858 1182 est
897 1125 1169 1196 perfectus
1210 1143 1469 1184 numerus
1503 1129 1558 1183 in
1591 1130 1839 1199 partibus

255 1218 381 1274 suis.
421 1218 503 1273 lta
528 1220 910 1290 sexagenarius
932 1221 1222 1290 quamdam
1245 1219 1630 1292 perfectionem
1655 1223 1834 1290 habet,

253 1311 296 1366 si
322 1311 563 1381 partitur
583 1327 682 1382 per
711 1310 993 1366 denarium
1027 1327 1332 1368 numerum.
1376 1312 1510 1368 Nam
1543 1313 1708 1369 semel
1747 1316 1838 1370 de-

252 1412 463 1468 cem,et
488 1403 576 1459 bis
602 1403 806 1469 decem,
825 1410 879 1458 et
903 1412 984 1458 ter
1008 1402 1216 1470 decem,
1233 1404 1506 1474 sexaginta
1535 1413 1677 1459 sunt.
1702 1404 1835 1460 Nam

249 1502 516 1565 quantum
540 1495 683 1550 valet
711 1496 766 1550 in
791 1495 969 1566 primo
994 1510 1155 1551 versu
1184 1511 1534 1551 numerorum
1570 1498 1835 1563 senarius,

249 1596 303 1641 ut
331 1588 686 1657 perveniatur
719 1589 787 1643 ad
817 1589 1034 1653 decem,
1077 1595 1287 1643 tantum
1322 1587 1464 1644 valet
1503 1588 1558 1642 in
1603 1589 1836 1643 secundo

248 1693 404 1734 versu
437 1693 786 1734 numerorum
814 1680 1228 1750 sexagenarius,
1276 1686 1336 1734 ut
1375 1679 1722 1749 perveniatur
1767 1679 1834 1734 ad

1941 479 2094 535 nolas
2137 479 2362 551 legendo
2408 483 2755 552 percucurri,
2797 482 2974 537 inveni
3017 480 3229 553 pejores
3270 483 3522 551 haereses,

1940 572 2025 626 vel
2053 570 2225 645 magis
2260 574 2642 645 blasphemias,
2687 589 2849 645 quam
2893 583 3018 630 ante
3067 576 3120 630 in
3151 575 3270 646 ejus
3311 577 3529 648 scriptis

1937 662 2192 736 legerem.
2232 665 2497 722 Asserens
2535 666 2809 722 Christum
2853 665 3039 722 Iesum
3082 683 3184 723 nec
3225 667 3394 723 ﬁlium
3430 667 3530 725 Dei

1940 771 2060 814 esse
2084 774 2291 825 verum,
2329 777 2428 817 nec
2470 762 2632 817 etiam
2671 777 2859 816 verum
2889 762 3060 817 Deum
3091 778 3229 830 esse,
3261 764 3356 818 sed
3392 780 3530 819 nun-

1940 848 2264 918 eupativum.
2303 849 2418 907 Non
2447 850 2730 906 intendens
2768 851 2897 922 quid
2922 853 3244 922 praedicator
3277 854 3529 926 egregius

1940 937 2006 994 de
2021 940 2632 1012 divinitate96Christ1
2649 943 2754 998 ait:
2777 942 3017 1009 Quorum
3037 954 3232 1016 patres,
3254 962 3319 1000 ea:
3339 945 3528 1016 quibus

1941 1026 2196 1095 Christus,
2233 1048 2321 1100 qui
2347 1040 2421 1084 est
2451 1048 2608 1102 super
2646 1035 2826 1087 omnia
2851 1033 2993 1089 Deus
3017 1035 3316 1090 benedictus
3351 1035 3407 1089 in
3433 1051 3532 1090 ste-

1939 1121 2057 1176 cula
2085 1122 2263 1193 (Rom.
2293 1141 2367 1189 ix,
2401 1123 2476 1195 5).
2510 1123 2576 1177 Et
2597 1140 2756 1194 spero
2781 1125 2936 1195 plura
2978 1126 3053 1182 ibi
3093 1126 3321 1182 inveniri
3348 1141 3526 1198 posse,

1938 1229 2058 1283 qua:
2112 1214 2233 1269 ﬁdei
2287 1214 2568 1269 catholica:
2615 1217 2888 1270 adversari
2936 1217 3242 1273 videantur.
3296 1216 3354 1272 Si
3397 1216 3532 1272 nihil

1939 1306 2082 1360 aliud
2114 1307 2418 1362 inveniatur
2442 1315 2627 1363 contra
2654 1307 2816 1362 ﬁdem
2846 1309 3188 1374 catholicam,
3227 1310 3332 1366 hoc
3353 1309 3531 1364 solum

1940 1398 2134 1455 sufﬁcit
2160 1401 2260 1456 sibi
2293 1401 2358 1456 ad
2386 1401 2742 1471 perditionem
2779 1402 2883 1457 sui.
2925 1403 3019 1458 Va:
3044 1403 3246 1458 mundo
3275 1403 3343 1459 ab
3374 1419 3531 1459 scan-

1941 1492 2075 1547 dalis
2103 1490 2315 1564 (Matth.
2353 1509 2508 1556 xvm,
2545 1491 2637 1564 7)!
2682 1493 2859 1548 Ecce!
2902 1494 2994 1563 qui
3023 1495 3280 1550 adoratur
3319 1496 3388 1550 ab
3433 1510 3531 1550 an-

1941 1584 2074 1654 gelis
2102 1585 2154 1639 in
2186 1584 2366 1652 ccelis,
2413 1595 2640 1656 negatur
2661 1587 2717 1641 in
2743 1587 2904 1642 terris
2934 1589 3000 1643 ab
3036 1589 3347 1644 hominibus
3370 1604 3531 1645 verus

1941 1689 2060 1731 esse
2081 1675 2241 1731 Deus.
2269 1676 2437 1745 Hujus
2456 1693 2586 1732 vero
2614 1677 2760 1735 libri.
2783 1679 2867 1734 vel
2888 1679 3059 1749 magis
3087 1663 3288 1735 erroris
3309 1695 3531 1751 respon-

247 1779 488 1826 centum.
543 1770 791 1841 Quinque
839 1787 970 1827 vero
1028 1772 1143 1828 dies
1170 1813 1186 1839 ,
1247 1772 1339 1842 qui
1393 1780 1684 1842 supersunt
1737 1772 1835 1826 tri-
1866 1756 1918 1820 Β
1943 1768 2022 1822 sio
2047 1768 2212 1823 multa
2241 1767 2516 1840 diligentia
2545 1777 2599 1824 et
2622 1770 2867 1839 pluribus
2892 1769 3228 1839 adjutoribus
3249 1777 3332 1826 est
3352 1769 3531 1826 consi-

247 1863 494 1919 centenis
518 1863 800 1936 sexagenis
837 1862 1028 1919 diebus
1069 1865 1125 1918 in
1171 1863 1394 1935 singulis
1429 1866 1721 1932 mensibus,
1753 1873 1838 1920 est

247 1963 402 2009 sexta
431 1970 560 2026 pars
584 1954 788 2012 mensis
812 1955 1252 2028 uniuscujusque.
1283 1955 1389 2013 Sex
1413 1973 1542 2013 vero
1570 1959 1736 2024 horae,
1767 1972 1835 2014 ex

246 2045 447 2116 quibus
469 2055 664 2117 quarto
693 2063 835 2103 anno
866 2055 1017 2104 sexta
1052 2049 1166 2104 dies
1187 2050 1466 2114 accrescit,
1494 2050 1692 2106 habent
1714 2065 1838 2121 per-

244 2133 541 2192 fectionem
567 2153 721 2194 suam
761 2139 818 2194 in
847 2139 1138 2210 partitione
1164 2141 1364 2195 senarii
1408 2142 1649 2207 numeri,
1698 2143 1838 2198 sicut

241 2227 410 2296 paulo
435 2237 560 2284 ante
583 2229 796 2298 praefati
821 2246 1027 2286 sumus.
1063 2231 1132 2285 Et
1165 2232 1305 2287 sicut
1333 2231 1561 2288 Creator
1594 2234 1838 2304 aequissi-

240 2329 370 2371 mus
416 2317 471 2371 in
513 2332 606 2372 sex
657 2317 849 2372 diebus
878 2317 1006 2373 fecit
1047 2320 1228 2373 omnia
1267 2335 1432 2390 opera
1474 2321 1839 2390 primordialis

237 2408 461 2473 mundi,
497 2416 559 2462 ut
583 2408 980 2479 signiﬁcaretur
1004 2397 1063 2464 in
1089 2409 1421 2480 perfectione
1439 2413 1653 2466 numeri
1683 2428 1840 2468 sena-

237 2498 336 2562 rii,
381 2499 563 2554 omnia
607 2499 661 2553 in
706 2499 914 2553 naturis
942 2499 1055 2554 suis
1100 2498 1293 2555 fecisse
1321 2517 1444 2556 eum
1472 2500 1729 2571 perfecta.
1772 2503 1841 2557 Et

241 2589 335 2646 ille
363 2589 482 2660 ipse
519 2589 746 2646 Creator
789 2607 1032 2662 magnus,
1065 2592 1419 2658 admirabilis,
1446 2591 1720 2663 perfectus
1757 2600 1842 2649 est

240 2682 297 2737 in
344 2689 547 2735 natura
591 2697 728 2737 sua:
769 2683 855 2737 cui
897 2682 1220 2752 complacuit
1251 2681 1405 2756 [Cod.
1445 2682 1584 2749 Vat.,
1614 2684 1835 2757 placuit]

241 2772 429 2827 omnia
459 2771 514 2828 in
543 2772 743 2828 senarii
767 2773 979 2828 numeri
1005 2771 1338 2844 perfectione
1377 2773 1654 2844 perﬁcere.
1687 2770 1837 2830 Unde

245 2875 296 2922 et
320 2875 481 2922 sexta
521 2866 607 2922 die
639 2875 856 2922 creatus
899 2875 984 2922 est
1025 2867 1216 2932 homo,
1243 2867 1516 2936 perfectus
1560 2866 1737 2921 anima
1783 2875 1838 2922 et

245 2974 476 3030 corpore
505 2977 518 3012 :
547 2967 770 3029 propter
808 2974 971 3029 quem
1005 2960 1185 3013 omnia
1211 2967 1393 3012 creata
1423 2965 1568 3023 sunt,
1597 2973 1716 3027 qua:
1740 2973 1835 3013 sex

244 3048 439 3103 diebus
464 3049 678 3104 condita
700 3063 822 3104 esse
854 3049 1125 3120 leguntur.
1155 3046 1307 3102 Unde
1330 3054 1385 3101 et
1415 3047 1528 3116 ipse
1549 3045 1712 3112 Deus,
1741 3047 1836 3101 Dei

1943 1861 2197 1915 deranda.
2245 1861 2357 1931 Ego
2394 1861 2538 1916 solus
2582 1876 2688 1915 non
2735 1861 2944 1917 sufﬁcio
2989 1863 3055 1917 ad
3099 1862 3527 1932 responsionem.

1939 1951 2240 2007 Praevideat
2263 1967 2392 2007 vero
2430 1960 2519 2006 tua
2555 1961 2739 2008 sancta
2769 1953 2941 2024 pietas
2969 1953 3098 2008 huic
3125 1954 3274 2025 Operi
3303 1962 3412 2009 tam
3445 1959 3539 2010 ar-'

1942 2041 2046 2096 duo
2079 2050 2134 2096 et
2168 2042 2473 2098 necessario
2511 2040 2788 2113 adjutores
2819 2043 3072 2110 idoneos,
3104 2053 3370 2114 quatenus
3414 2045 3528 2101 haec

1938 2134 2102 2204 impia
2150 2135 2374 2191 haeresis
2415 2137 2740 2192 omnimodis
2787 2138 3198 2209 exstinguatur,
3239 2135 3530 2217 antequam

1937 2227 2101 2282 latius
2129 2235 2416 2297 spargatur
2456 2244 2552 2299 per
2577 2230 2763 2284 orbem
2807 2228 3098 2285 Christiani
3125 2231 3354 2300 imperii,
3387 2231 3530 2300 quod

1939 2316 2120 2373 divina
2146 2317 2320 2388 pietas
2359 2319 2457 2373 tibi
2502 2320 2716 2389 tuisque
2760 2319 2884 2374 ﬁliis
2922 2321 3192 2375 commisit
3236 2321 3529 2391 regendum

1942 2416 2103 2476 atque
2129 2409 2554 2478 gubernandum.
2587 2408 2760 2480 Surge
2790 2411 2874 2464 vir
2916 2425 2948 2464 a
2985 2411 3095 2466 Deo
3126 2411 3324 2476 electe,
3373 2427 3530 2482 surge

1943 2498 2017 2551 ﬁli
2047 2498 2162 2564 Dei,
2190 2514 2349 2569 surge
2376 2499 2533 2554 miles
2558 2499 2784 2566 Christi,
2814 2507 2870 2556 et
2896 2500 3120 2557 defende
3144 2516 3396 2572 sponsam
3428 2502 3516 2559 Do

1941 2587 2074 2642 mini
2097 2589 2193 2644 Dei
2222 2589 2320 2644 tui.
2353 2589 2541 2660 Cogita
2572 2590 2637 2645 de
2683 2605 2873 2661 sponsa
2917 2601 3027 2658 tua,
3061 2592 3104 2647 si
3135 2592 3260 2662 quis
3288 2607 3407 2648 eam
3438 2609 3507 2648 ex

1941 2680 2210 2736 honorare
2239 2682 2382 2745 velit,
2411 2697 2574 2753 quam
2599 2682 2866 2752 patienter
2891 2691 3015 2738 tuus
3048 2685 3152 2740 hoc
3183 2683 3403 2740 sufferat
3429 2685 3532 2741 ini-

1941 2775 2135 2832 micus.
2166 2775 2460 2831 Considera
2491 2792 2704 2847 quoque
2748 2777 2892 2846 quod
2931 2777 3130 2847 injuria
3159 2778 3255 2832 ﬁlii
3286 2779 3363 2834 tui
3395 2779 3450 2834 in
3477 2787 3531 2835 te

1939 2867 2255 2936 perveniet;
2297 2868 2564 2937 quomodo
2591 2883 2696 2923 non
2735 2869 2902 2924 multo
2936 2870 3110 2941 magis
3137 2869 3329 2938 injuria
3359 2879 3413 2924 et
3439 2887 3508 2942 op

1939 2959 2216 3029 probrium
2241 2958 2362 3013 Filii
2392 2959 2487 3014 Dei
2513 2958 2808 3015 Salvatoris
2831 2960 2926 3024 tui,
2957 2962 3282 3031 protectoris
3302 2963 3402 3028 tui,
3425 2961 3522 3018 lar-

1942 3051 2132 3123 gitoris
2166 3052 2408 3106 omnium
2431 3053 2692 3115 bonorum
2720 3052 2849 3107 totis
2872 3053 3080 3108 viribus
3104 3054 3426 3109 vindicanda
3448 3064 3530 3114 est

245 3140 438 3207 Filius,
467 3142 560 3211 qui
585 3150 669 3198 est
686 3140 862 3197 virtus
891 3112 947 3196 et
981 3140 1243 3211 sapientia
1267 3139 1364 3194 Dei
1398 3112 1461 3210 (Ῐ
1489 3138 1610 3194 Cor.
1637 3156 1676 3205 ι,
1706 3140 1830 3213 24),
1863 3112 1911 3177 C
1943 3112 2086 3200 tibi?
2115 3143 2209 3199 Sta
2237 3144 2462 3200 viriliter
2485 3159 2584 3215 pro
2610 3112 2693 3209 ea,
2723 3160 2886 3214 quam
2929 3145 3186 3214 accepisti
3229 3161 3260 3199 a
3299 3145 3409 3200 Deo
3439 3112 3531 3203 tuo

246 3242 394 3289 sexta
430 3243 591 3290 aetate
613 3233 804 3290 mundi
829 3235 978 3290 venit
1008 3233 1063 3288 in
1111 3233 1370 3288 mundum
1400 3232 1614 3288 salvare
1653 3233 1836 3290 homi-

246 3338 389 3395 nem,
421 3341 586 3396 quem
611 3336 765 3383 sexta
793 3327 879 3382 die
907 3326 1129 3382 creavit.
1169 3324 1248 3380 lta
1275 3324 1525 3380 senarius
1554 3340 1835 3393 numerus,

247 3424 299 3474 et
340 3417 400 3473 in
454 3418 765 3475 conditione
805 3417 1234 3489 primordialium
1283 3424 1654 3472 creaturarum
1694 3426 1749 3473 et
1782 3418 1839 3472 in

248 3510 593 3566 messione
636 3509 956 3566 saeculorum
973 3549 989 3576 ,
1020 3524 1140 3580 quae
1169 3523 1265 3564 sex
1303 3509 1554 3565 aetatibus
1582 3524 1837 3566 cucurre-

249 3609 392 3668 runt,
424 3601 652 3670 etquod
678 3610 832 3658 sexta
857 3610 1016 3658 aetate
1043 3601 1189 3657 venit
1215 3600 1387 3656 Filius
1415 3601 1512 3656 Dei
1538 3601 1837 3659 humanum

250 3706 418 3762 genus
463 3709 719 3764 reparare
754 3695 821 3750 ad
853 3695 1135 3766 pristinam
1163 3693 1477 3764 dignitatem
1512 3693 1837 3751 conditionis

251 3799 371 3852 suae,
401 3785 637 3841 multum
663 3784 825 3841 valet.

316 3876 480 3932 Tales
508 3877 776 3943 rationes,
824 3892 858 3933 o
886 3877 1234 3934 dilectissime
1264 3876 1340 3951 [et
1369 3876 1698 3951 dulcissime]
1726 3879 1835 3934 Da-

254 3969 352 4034 vid,
385 3969 546 4024 vobis
575 3968 709 4024 mihi
736 3969 1035 4026 scribendae
1062 3979 1206 4036 sunt,
1239 3986 1346 4026 non
1376 3971 1595 4027 rusticis
1615 3971 1838 4040 quibus-

255 4058 398 4127 libet,
426 4061 482 4115 in
508 4061 704 4129 quibus
732 4061 1049 4130 sapientiam
1086 4071 1232 4116 tuam
1257 4062 1523 4117 eruditam
1556 4077 1677 4116 esse
1700 4061 1833 4125 scio,

256 4158 303 4204 et
346 4166 473 4223 qua:
510 4151 606 4207 tibi
650 4151 868 4221 placere
912 4151 1133 4208 omnino
1180 4165 1452 4222 agnosco:
1505 4158 1566 4204 ut
1607 4151 1839 4220 gaudeat

255 4255 400 4297 mens
439 4250 530 4296 tua
576 4242 630 4296 in
674 4241 977 4297 rationibus
1008 4256 1223 4308 rerum,
1266 4242 1406 4296 sicut
1449 4256 1569 4296 mea
1610 4240 1837 4296 multum

257 4334 447 4402 gaudet
468 4333 564 4389 tibi
591 4333 786 4404 saepius
805 4333 934 4388 talia
957 4333 1210 4404 dirigere.
1237 4331 1556 4388 Benedictus
1578 4331 1838 4387 Dominus

257 4416 391 4480 Deus
415 4425 471 4479 in
493 4425 649 4479 donis
671 4425 802 4488 suis,
839 4424 930 4494 qui
965 4424 1062 4480 tibi
1089 4423 1445 4479 clarissimam
1476 4422 1670 4478 divinae
1699 4421 1834 4493 legis

1940 3239 2230 3307 regendam
2257 3245 2313 3291 et
2338 3236 2785 3302 conservandam,
2816 3244 3078 3306 quatenus
3098 3236 3337 3308 potentia
3368 3253 3512 3295 saecu

1939 3325 2069 3382 laris
2096 3326 2194 3382 tibi
2217 3325 2464 3397 proﬁciat
2485 3327 2540 3381 in
2569 3326 2826 3397 spiritalis
2853 3326 3038 3398 gloriae
3068 3327 3300 3384 divitias.

2373 3449 2396 3477 ο
2428 3436 2758 3494 EPISTOLA
2799 3437 3083 3494 LXXXIV.

2455 3547 2522 3586 AD
2558 3546 2777 3588 DOINUI
2816 3547 3013 3590 REGEI.

2560 3622 2737 3696 (Anno
2764 3624 2912 3698 798.)

1938 3714 2192 3788 Episton
2227 3715 2408 3772 Caroli
2452 3713 2644 3798 Magni
2687 3718 2962 3788 respondet
2998 3720 3063 3775 de
3104 3723 3337 3777 carmine
3363 3722 3530 3844 τοιμὶ-

1938 3839 1944 3844 .
2009 3786 2213 3844 ciendo.
2253 3787 2318 3840 de
2343 3796 2670 3844 apparitione
2702 3787 2867 3843 stella:
2896 3787 3107 3844 Martis.
3135 3792 3200 3844 de
3227 3791 3400 3844 libello
3478 3810 3530 3844 e-

3478 3810 3534 3847 ε-

1919 3839 1944 3858 ,
1989 3786 2213 3858 ῥίεηάο,
2234 3787 2318 3858 Διιι
2343 3786 2670 3858 apparitione
2702 3786 2867 3843 stella:
2896 3787 3107 3856 Martis,
3135 3792 3200 3846 de
3227 3791 3400 3847 libello

2008 3857 2123 3930 licis
2160 3855 2465 3930 refutando,
2491 3855 2555 3910 de
2588 3859 2965 3930 quaestionibus
2988 3878 3019 3914 a
3045 3855 3160 3930 ﬁlia
3200 3863 3299 3915 sibi
3339 3863 3526 3926 motis,

2010 3928 2074 3982 de
2087 3927 2543 3998 supputationibus
2561 3927 2846 3982 secundum
2863 3927 3143 4000 zEgyptios
3164 3932 3526 3986 emendandis.

2012 4040 2240 4095 Domino
2264 4041 2576 4096 dulcissimo
2597 4048 2651 4095 et
2674 4055 2802 4096 vere
2826 4042 3175 4098 dilectissimo
3200 4045 3389 4110 David,
3414 4061 3531 4102 ma-

1940 4129 2136 4201 gniﬁco
2162 4139 2323 4198 atque
2347 4145 2378 4184 a
2407 4132 2517 4186 Deo
2547 4140 2806 4188 coronato
2836 4135 2949 4204 regi
2987 4133 3216 4193 Flaccus
3239 4145 3530 4195 veteranus

1940 4221 2094 4277 miles
2114 4231 2427 4292 perpetuam
2457 4223 2704 4278 salutem.

2011 4294 2311 4367 laetissima
2342 4312 2474 4368 mihi
2502 4313 2804 4370 litterarum
2834 4324 3137 4374 vestrarum
3166 4316 3409 4374 chartula
3435 4332 3528 4375 oc-

1942 4405 2133 4470 currit,
2167 4404 2562 4462 febricitantem
2593 4406 2916 4475 refocillans,
2959 4411 3314 4468 dormientem
3341 4427 3530 4470 resus-

257 4473 389 4480 --η
498 4473 646 4479 _----_
671 4473 802 4488 __-_,
843 4473 930 4494 ,η
969 4473 1062 4480 η--
1095 4473 1445 4479 --κη---ηψπ
1482 4473 1667 4478 --.ψη
1701 4473 1830 4493 --οη

257 4514 553 4582 scientiam,
585 4515 1100 4586 etjucundissimam
1127 4516 1452 4572 naturalium
1488 4531 1671 4572 rerum
1705 4530 1834 4571 con-

1941 4501 2140 4570 citans,
2173 4503 2282 4559 imo
2310 4513 2364 4560 et
2402 4503 2610 4559 inertia:
2633 4505 2824 4559 morbo
2851 4512 3151 4574 torpentem
3179 4505 3248 4558 ad
3275 4504 3528 4574 antiquas

257 4611 415 4667 cessit
443 4611 826 4682 cognitionem.
861 4609 1026 4680 Cujus
1048 4611 1302 4668 ineffabili
1323 4611 1509 4681 pietati
1536 4611 1691 4667 nobis
1720 4625 1837 4666 om-

258 4704 408 4761 nibus
434 4706 703 4761 continua:
743 4720 809 4760 ex
837 4713 949 4760 tota
974 4703 1266 4760 voluntatis
1291 4701 1587 4758 intentione
1615 4703 1836 4774 agendae

261 4807 375 4854 sunt
402 4797 608 4870 gratiae,
638 4798 782 4868 quod
813 4797 979 4852 talem
1021 4796 1177 4852 nobis
1211 4795 1532 4865 perdonavit
1557 4794 1836 4849 dominum

260 4897 309 4944 et
332 4899 618 4946 rectorem.
660 4889 728 4945 Et
765 4890 996 4946 assiduis
1019 4889 1270 4959 precibus
1295 4889 1438 4942 illius
1466 4888 1708 4958 piissima
1734 4902 1836 4958 po-

263 4980 421 5036 temia
444 4980 766 5052 postulanda
794 4988 899 5046 est,
930 4987 1191 5050 quatenus
1212 4978 1449 5049 longaeva
1475 4976 1835 5046 prosperitate

263 5081 314 5128 et
333 5073 508 5129 salute
542 5082 596 5129 te
623 5074 781 5129 nobis
809 5087 1132 5129 conservare
1165 5071 1434 5144 dignetur,
1463 5082 1491 5111 ι
1525 5069 1836 5125 desideran-

267 5159 461 5219 tiSsime
487 5163 678 5220 David.

327 5252 507 5326 Nuper
530 5257 682 5312 venit
705 5255 836 5312 mihi
862 5254 892 5296 ι)
920 5253 1130 5310 libellus
1159 5268 1189 5308 a
1215 5251 1395 5308 Felice
1439 5249 1652 5307 infelice
1693 5249 1836 5306 dire-

330 5419 356 5477 9
379 5406 867 5466 Desiderantissime
905 5409 1092 5465 David.
1126 5407 1225 5463 Hic
1253 5407 1374 5463 ﬁnis
1400 5415 1484 5463 est
1514 5406 1753 5477 epistolae
1780 5407 1835 5461 in

265 5473 378 5551 cod.
404 5479 706 5547 Vaticano;
747 5482 889 5537 unde
917 5480 1150 5551 suspicio
1184 5479 1317 5551 mihi
1354 5479 1482 5551 oriri
1531 5473 1833 5551 possit,_in

267 5550 707 5621 subsequentibus
732 5567 924 5608 novam
975 5547 1210 5620 incipere
1238 5547 1550 5621 epistolam,
1599 5565 1717 5618 quae
1747 5547 1835 5604 hic

268 5633 345 5694 ex
355 5620 557 5694 incuria
587 5623 866 5694 scriptoris
887 5623 1125 5694 subnexa
1148 5621 1217 5675 sit
1238 5620 1426 5694 priori.

334 5691 361 5764 lt
389 5691 570 5764 Nuper
595 5734 609 5748 .
640 5732 654 5748 .
686 5689 715 5750 .“
729 5693 952 5749 libellus.
981 5692 1097 5760 Quo
1132 5689 1323 5764 nempe
1364 5689 1512 5764 Felix
1550 5689 1834 5764 respondet

271 5761 498 5822 epistola:
520 5765 732 5823 Alcuini
758 5765 1040 5824 cbaritatis
1071 5763 1279 5820 calamo
1308 5762 1540 5831 scriptae.
1579 5761 1718 5818 Petit
1746 5761 1834 5816 hic

1939 4595 2160 4652 studens
2175 4593 2472 4650 reformare
2496 4594 2656 4659 vires,
2671 4601 2724 4648 et
2744 4594 2955 4649 dulcem
2985 4595 3396 4650 versiﬁcationis
3418 4609 3526 4654 me-

1935 4686 2136 4741 lodiam
2164 4686 2305 4741 inter
2333 4685 2616 4740 horribiles
2645 4699 2919 4738 armorum
2967 4686 3257 4754 strepitus,
3299 4695 3354 4741 et
3380 4697 3525 4742 inter

1936 4791 2127 4831 raucos
2152 4777 2403 4831 tubarum
2429 4775 2635 4829 sonitus
2661 4773 2938 4828 admonuit
2964 4775 3193 4828 miscere
3218 4791 3232 4828 :
3257 4784 3526 4844 quatenus

1936 4876 2118 4924 truces
2166 4867 2470 4922 animorum
2523 4871 2700 4918 motus
2754 4863 2932 4932 aliqua
2976 4865 3196 4919 musica:
3240 4867 3525 4922 suavitatis

1935 4960 2164 5016 melodia
2189 4959 2296 5030 97
2324 4957 2729 5012 mulcerentur:
2761 4956 2862 5011 etsi
2894 4965 3087 5012 vestrae
3133 4959 3330 5013 mentis
3369 4959 3523 5015 nobi-

1933 5055 2139 5111 lissima
2182 5052 2449 5110 stabilitas
2491 5051 2545 5106 in
2587 5066 2695 5105 una
2742 5050 3038 5120 eademque
3081 5049 3367 5106 soliditatis
3395 5066 3522 5106 arce

1936 5149 2070 5223 [Αι.,
2101 5148 2288 5221 archa]
2330 5146 2713 5218 perpetualiter
2750 5155 3086 5218 permaneat,
3137 5154 3192 5201 et
3237 5146 3292 5200 in
3339 5147 3520 5202 medio

1934 5243 2202 5316 aequitatis
2249 5239 2536 5296 libramine
2583 5239 2906 5296 inconcussa
2959 5238 3272 5294 fortitudine
3313 5238 3516 5310 vigeat.

1934 5401 2212 5467 Alcuinus,
2229 5406 2288 5454 ut
2310 5395 2554 5468 pluribus
2579 5397 2946 5468 committatur
2963 5393 3169 5468 erroris
3191 5393 3519 5468 confutatio;

1933 5458 2232 5548 praesertim
2258 5458 2426 5548 Leoni
2460 5482 2642 5548 papae,
2675 5467 2913 5548 Paulino,
2962 5458 3242 5548 Richbono
3283 5473 3338 5520 et
3377 5458 3521 5520 Ten;

1936 5537 2101 5608 ilulfo,
2131 5550 2289 5612 prout
2312 5541 2542 5612 habetur
2565 5538 2619 5591 in
2641 5537 2866 5612 epistola
2892 5537 3155 5612 sequenti.

1914 5636 1916 5638 '
2010 5628 2030 5654 ε
2061 5604 2185 5669 lia-:0
2209 5609 2433 5680 epistola
2457 5609 2516 5680 ll
2543 5617 2624 5680 est
2639 5604 2783 5680 apud
2804 5604 3107 5670 Canisium;
3133 5605 3326 5680 bapud
3348 5604 3518 5680 Quor:

1935 5675 2321 5822 feminum};
2342 5679 2540 5752 prioris
2561 5675 2801 5734 defeetus
2821 5691 2887 5734 ex
2908 5693 3010 5734 ms.
3035 5677 3298 5750 supplevit
3340 5675 3518 5748 (Apud

1955 5777 2039 5816 «ιο
2063 5774 2164 5814 Ὁτι.
2267 5794 2278 5807 .

1955 5779 1964 5813 .‘
1982 5774 2164 5816 l‘ODCll.
2194 5774 2278 5810 υυ.
