4056 6328
567 336 673 392 275

1431 334 1490 389 Β.
1531 334 1591 389 F.
1630 332 1854 389 ALBINI
1891 332 2021 389 SEU
2072 330 2347 388 ALCUINI
2384 330 2663 389 Ol’ERUM
2702 332 2882 390 PARS
2918 333 2960 389 Ι.

3742 338 3844 395 2⁸16

563 452 790 519 Tamen,
835 457 895 505 ut
932 461 1222 520 puerorum
1265 446 1465 501 saevitia
1508 452 1808 500 vestrorum
1855 443 2141 514 cujuslibet
2172 446 2218 503 Α
2244 450 2509 497 menstres
2553 442 2682 515 [Al.,
2722 457 2820 513 per
2856 455 3072 498 menses
3116 441 3290 516 tres];
3325 454 3347 482 ο
3379 454 3436 500 et
3474 445 3691 502 diverso
3715 463 3843 518 per-

560 544 817 602 carminis
840 540 1121 597 dulcedine
1161 537 1531 610 mitigaretur,
1561 536 1846 602 voluistis;
1886 537 2047 591 etiam
2088 543 2142 589 et

556 635 663 691 hoc
710 634 885 705 ipsum
916 628 1313 701 sapientissimo
1354 625 1578 682 consilio
1606 626 1965 696 praevidistis;
2013 625 2141 694 quia

556 739 700 794 saepe
724 724 875 777 iram:
911 720 1109 776 mentis
1137 718 1402 789 asperitas
1427 718 1659 773 salubris
1685 718 1893 773 consilii
1919 733 2025 772 non
2060 717 2141 771 in-

554 816 703 873 venit
725 812 976 870 effectum
1006 809 1142 886 [Al.,
1166 808 1459 880 affectum],
1490 811 1630 865 sicut
1672 810 1889 865 assidua
1929 824 2142 881 quoque

554 904 809 962 mollities
830 903 995 957 animi
1016 915 1273 956 enervare
1294 899 1430 955 solet
1454 898 1848 953 fortitudinem.
1875 898 1979 953 Sed
2002 900 2142 953 inter

550 997 670 1053 haec
710 999 1022 1053 morborum
1048 1008 1246 1063 genera
1270 993 1452 1048 medio
1485 992 1701 1047 tramite
1740 992 1977 1062 prudens
2006 988 2141 1047 teni-

552 1097 926 1164 peramentum
953 1088 1223 1152 consistit,
1258 1085 1384 1141 inde
1406 1093 1703 1142 tumentem
1732 1084 1971 1141 furorem
1999 1085 2142 1140 miti-

553 1194 710 1251 gans.
742 1179 873 1237 hinc
913 1176 1155 1233 desidem
1201 1176 1442 1231 animum
1489 1176 1743 1247 erigens;
1784 1183 1839 1230 et
1872 1177 1957 1231 via
1995 1177 2141 1247 regia

552 1267 609 1324 in
634 1269 787 1340 pacis
811 1267 1037 1324 consilio
1061 1274 1255 1323 cuncta
1282 1267 1576 1337 componit.
1606 1267 1761 1334 Quod
1785 1268 2142 1322 militantibus

549 1356 767 1413 virtutis
793 1370 960 1427 genus
999 1357 1235 1413 maxime
1260 1356 1626 1411 necessarium
1652 1371 1790 1421 esse,
1819 1356 1872 1410 in
1907 1357 2142 1426 antiquis

542 1448 902 1506 historiarum
921 1448 1075 1505 libris
1099 1448 1363 1520 legimus;
1396 1455 1457 1502 ut
1488 1457 1680 1503 cuncta
1706 1449 1919 1519 sapiens
1941 1458 2142 1518 tempe-

549 1542 750 1605 rantia,
780 1556 899 1613 qua:
923 1540 1129 1611 agenda
1156 1541 1283 1606 sint,
1317 1547 1470 1612 regat
1498 1549 1662 1609 atque
1690 1541 1974 1611 gubernet.
2003 1541 2141 1594 Nam

543 1631 657 1687 tria
692 1632 944 1687 videntur
984 1631 1039 1685 in
1082 1632 1242 1686 hoste
1271 1631 1683 1696 consideranda,
1726 1631 1920 1695 virtus,
1966 1630 2138 1697 dolus,

547 1739 674 1798 pax.
705 1724 908 1791 Primo,
934 1741 1000 1780 an
1020 1725 1241 1795 publica
1269 1726 1470 1781 virtute
1502 1726 1643 1780 vinci
1668 1725 1846 1779 valeat
1884 1726 2140 1782 adversa-

2240 548 2372 604 gcns
2409 534 2634 600 itinere,
2678 535 3047 605 retrogradam
3085 535 3194 591 cito
3236 536 3383 591 illam
3428 539 3537 594 erit
3578 538 3840 598 facturus.

2237 623 2459 679 Addidit
2484 640 2542 679 se
2570 640 2785 696 quoque
2828 624 3106 694 splendida
3133 625 3271 682 facie
3301 627 3578 695 Canicula,
3614 630 3843 687 medicis

2230 715 2455 783 prtemia
2497 717 2936 785 exspectantibus
2976 716 3203 771 multum
3245 719 3509 774 ambitis.
3559 719 3674 775 Cur
3708 734 3844 777 vero

2242 813 2389 861 tanto
2412 815 2655 877 tempore
2678 808 2755 863 sol
2783 825 2901 864 eam
2938 810 3221 865 habuisset
3248 812 3640 878 absconditam,
3667 829 3835 870 causa

2238 905 2340 961 est,
2364 907 2425 952 ut
2446 910 2659 955 veteres
2681 900 2985 965 voluerunt,
3020 902 3293 957 radiorum
3315 904 3463 968 solis,
3487 905 3603 974 qui,
3634 914 3696 960 ut
3724 906 3836 962 fer-

2232 996 2348 1055 tur,
2376 990 2666 1060 inaequales
2710 991 3047 1062 planetarum
3086 1008 3277 1049 cursus
3310 984 3568 1050 cilicium.
3612 996 3682 1052 Et
3716 998 3841 1054 ideo

2238 1077 2377 1136 forte
2401 1092 2645 1137 errantes
2675 1083 2948 1151 dicuntur,
2971 1085 3098 1156 quia
3128 1095 3335 1142 certum
3358 1103 3579 1158 semper
3601 1097 3659 1145 et
3678 1092 3843 1150 unius

2237 1173 2383 1228 modi
2404 1189 2625 1228 cursum
2650 1190 2759 1229 non
2784 1174 2989 1231 habere
3020 1185 3336 1233 noscuntur.
3367 1177 3520 1244 Quod
3552 1178 3597 1233 si
3628 1180 3705 1233 ita
3733 1188 3840 1250 est,

2238 1270 2300 1317 ut
2337 1263 2603 1333 aliquibus
2631 1265 2806 1336 placet
2842 1266 3279 1334 calculatoribus,
3320 1268 3502 1323 dicant
3530 1266 3841 1340 Algyptiaci

2238 1357 2412 1426 pueri,
2461 1373 2559 1412 cur
2586 1359 2667 1413 soi
2716 1366 2771 1413 et
2800 1359 2927 1413 luna
2970 1360 3115 1414 inter
3159 1375 3253 1415 eas
3294 1369 3673 1426 numerentur,
3714 1363 3841 1418 dum

2241 1456 2421 1505 certos
2448 1456 2735 1520 utrumque
2762 1451 2927 1505 habet
2951 1451 3099 1507 sidus
3121 1467 3312 1508 cursus
3336 1452 3390 1506 in
3422 1453 3601 1516 annis,
3631 1453 3837 1508 mensi-

2240 1539 2363 1605 bus,
2394 1539 2603 1607 diebus,
2636 1540 2789 1597 horis
2814 1550 2976 1611 atque
3000 1544 3305 1597 momentis.
3337 1542 3455 1599 Non
3485 1544 3629 1598 enim
3650 1552 3841 1600 errant

2242 1630 2297 1684 in
2328 1645 2412 1696 eo,
2461 1636 2521 1683 ut
2568 1629 2740 1698 aiunt,
2785 1633 2931 1703 quod
2976 1641 3162 1689 contra
3202 1635 3399 1690 omium
3446 1635 3529 1689 ire
3561 1636 3839 1705 videnttl,

2242 1721 2371 1775 dum
2396 1722 2719 1777 certissimis
2741 1732 3007 1794 peragunt
3032 1727 3368 1796 temporibus
3396 1727 3480 1781 sui
3507 1741 3704 1783 cursus
3729 1744 3842 1786 me-

547 1797 709 1873 rius?
734 1816 829 1871 Sin
855 1824 1056 1882 autem,
1082 1816 1149 1869 ad
1173 1815 1390 1872 fraudes
1415 1825 1470 1872 et
1495 1816 1710 1887 ingenia
1752 1816 1856 1871 doli
1884 1830 1974 1870 res
1998 1814 2137 1871 refe-
2164 1797 2213 1859 Β
2242 1820 2328 1867 tas
2356 1832 2366 1865 :
2397 1815 2536 1868 sicut
2559 1814 2798 1883 quinque
2825 1816 3100 1871 stellarum
3134 1832 3327 1872 cursus
3364 1817 3661 1888 sepissime
3689 1819 3837 1875 inor-

547 1908 718 1965 renda
766 1908 855 1963 sit.
888 1908 959 1962 Et
982 1908 1027 1963 si
1056 1922 1159 1963 nec
1192 1909 1294 1964 hoc
1316 1908 1552 1979 proficit,
1599 1918 1727 1963 tunc
1771 1908 1922 1978 pacis
1964 1908 2142 1963 consi-

546 2000 626 2055 iio
663 2000 1067 2055 inimicitiarum
1091 2001 1211 2055 odia
1236 2015 1353 2056 esse
1386 2000 1607 2055 delenda
1639 2000 1908 2054 videntur.
1935 1999 2140 2055 Tamen

550 2092 600 2150 si
629 2093 865 2149 immites
889 2095 1100 2149 animos
1134 2094 1337 2166 aliquid
1372 2093 1619 2148 Flaccina
1656 2092 1787 2165 [AI.,
1828 2092 2138 2163 FlaccianaI

545 2182 725 2241 valeat
753 2183 930 2239 fistula
957 2184 1210 2251 mulcere,
1253 2184 1400 2239 omni
1442 2183 1802 2239 sollicitudine
1831 2198 1951 2239 esse
1992 2198 2137 2249 reor,

548 2278 845 2335 secundum
873 2280 1328 2349 opportunitatem
1363 2279 1623 2349 temporis
1650 2286 1706 2333 et
1731 2293 1996 2349 personae,
2021 2294 2141 2349 per-

544 2367 856 2424 ficiendum.
889 2368 1001 2439 Ego
1025 2385 1155 2425 vero
1175 2367 1403 2423 Flaccus
1444 2378 1567 2423 tuus
1608 2369 1827 2423 interim
1854 2369 1992 2423 vado
2016 2385 2140 2439 per-

547 2457 713 2514 ﬁcere
748 2457 981 2513 ﬁdeliter
1013 2474 1136 2513 cum
1175 2458 1324 2513 omni
1366 2458 1620 2513 instantia
1646 2458 1790 2527 quod
1816 2466 1997 2512 vestra
2020 2458 2139 2512 dul-

546 2548 762 2605 cissima
798 2549 1094 2605 auctoritas
1131 2548 1265 2603 mihi
1313 2564 1413 2619 per
1454 2561 1480 2589 α
1516 2546 1937 2620 Magamfredum
1978 2546 2135 2621 [Al.,

543 2635 985 2710 Magenfredum]
1031 2638 1244 2694 fidelem
1285 2645 1527 2694 vestrum
1573 2639 1897 2695 demandare
1944 2638 2134 2695 voluit.

542 2730 615 2788 Et
647 2734 785 2788 sciat
812 2732 1115 2787 certissime
1140 2732 1355 2787 bonitas
1378 2739 1561 2787 vestra
1584 2733 1727 2801 quod
1754 2732 1933 2787 nullus
1962 2730 2137 2800 majus

542 2822 873 2878 desiderium
895 2823 1077 2887 habet,
1100 2822 1240 2877 sicut
1256 2821 1463 2890 justum
1487 2831 1591 2888 est,
1612 2822 1783 2878 vestri
1810 2822 1996 2877 auxilii
2016 2838 2139 2894 sup-

539 2912 876 2985 plementum
899 2911 1147 2981 implere.

612 3001 783 3074 Igitur
816 3001 1024 3058 amicus
1053 3001 1271 3069 dicitur,
1301 3002 1457 3074 quasi
1492 3003 1656 3059 animi
1697 3013 1910 3071 custos;
1940 3005 1999 3061 id
2031 3013 2134 3073 est,

2240 1905 2422 1961 dinate
2466 1921 2564 1976 per
2606 1907 2811 1961 zodiaci
2840 1907 3029 1963 circuli
3074 1908 3437 1975 latitudinem,
3461 1909 3548 1963 vel
3583 1910 3838 1977 errando,

2234 1998 2325 2053 vel
2351 1998 2562 2063 stando,
2594 1997 2678 2052 vel
2705 2000 3124 2055 retrocurrendo
3155 1999 3418 2055 feruntur.

2307 2088 2337 2129 ά
2373 2089 2448 2143 De
2476 2088 2654 2143 libello
2675 2104 2804 2144 vero
2830 2090 3061 2146 infelicis
3082 2106 3190 2146 non
3219 2093 3465 2163 magistri
3490 2094 3588 2150 sed
3612 2097 3839 2152 subvor-

2240 2183 2399 2248 soris,
2426 2183 2601 2252 placet
2626 2184 2756 2238 mihi
2788 2184 2965 2249 valde,
2988 2185 3134 2254 quod
3162 2193 3343 2239 vestra
3373 2188 3717 2242 sanctissima
3742 2204 3839 2245 ve-

2240 2276 2420 2330 luntas
2446 2285 2498 2329 et
2526 2276 2739 2331 devotio
2764 2278 2930 2332 habet
2955 2293 3140 2332 curam
3169 2279 3526 2347 respondendi
3556 2282 3623 2334 ad
3651 2281 3836 2336 defen-

2238 2368 2448 2423 sionem
2472 2368 2594 2421 ﬁdei
2617 2369 2914 2423 catholicae.
2943 2368 3051 2424 Sed
3074 2370 3318 2433 obsecro,
3346 2370 3390 2425 si
3415 2380 3609 2424 vestrae
3627 2371 3840 2439 placeat

2237 2459 2448 2532 pietati,
2478 2468 2537 2514 ut
2564 2461 2953 2529 exemplarium
2982 2460 3126 2515 illius
3152 2460 3316 2515 libelli
3345 2462 3546 2516 domno
3570 2462 3839 2534 dirigatur

2240 2556 2553 2628 apostolico.
2584 2556 2744 2611 Aliud
2788 2571 3001 2626 quoque
3035 2567 3060 2595 ο
3096 2555 3324 2610 Paulino
3351 2556 3701 2626 patriarchae.
3745 2554 3838 2611 Si-

2239 2648 2441 2702 militer
2470 2648 2771 2714 Richbono,
2797 2657 2850 2703 et
2872 2647 3136 2703 Teudulfo
3160 2650 3427 2721 episcopis
3453 2647 3767 2705 doctoribus
3785 2654 3840 2704 et

2239 2742 2532 2814 magistris,
2574 2751 2635 2796 ut
2678 2742 2875 2813 singuli
2922 2757 3025 2814 pro
3073 2758 3132 2799 se
3181 2744 3562 2814 respondeant.
3609 2740 3839 2795 Fiacms

2236 2846 2368 2887 vero
2397 2840 2521 2886 tuus
2548 2840 2728 2887 tecum
2770 2832 2981 2890 laborat
3016 2834 3073 2888 in
3102 2833 3371 2889 reddenda
3410 2833 3621 2887 ratione
3647 2832 3839 2886 catho-

2237 2918 2356 2975 licae
2376 2920 2520 2975 fidei.
2547 2920 2781 2975 Tantum
2810 2922 2968 2976 detur
2986 2923 3035 2977 ei
3067 2922 3325 2992 spatium,
3355 2930 3414 2976 ut
3441 2921 3623 2991 quiete
3648 2920 3766 2990 98
3782 2928 3840 2974 et

2240 3011 2522 3083 diligenter
2561 3012 2725 3068 liceat
2765 3013 2840 3068 illi
2888 3013 3059 3086 [cum]
3102 3014 3288 3084 pueris
3337 3015 3451 3070 suis
3487 3012 3840 3069 considerare

540 3094 636 3166 qui
665 3092 904 3149 animum
939 3093 1101 3149 amici
1144 3094 1226 3149 sui
1264 3109 1389 3150 cum
1426 3095 1575 3151 omni
1618 3094 1976 3153 sollicitudine
2010 3098 2138 3154 fidei
2167 3168 2210 3177 _
2239 3102 2461 3158 Patrum
2491 3119 2709 3171 sensus;
2743 3104 2872 3177 quid
2893 3106 3265 3175 unusquisque
3289 3104 3495 3160 diceret
3522 3104 3592 3159 de
3620 3109 3839 3158 senten-

536 3185 722 3243 studet
748 3185 1019 3242 custodire
1050 3186 1352 3257 integrum,
1397 3197 1662 3259 quatenus
1701 3189 2008 3247 nullatenus
2047 3206 2135 3246 sa-
2158 3168 2211 3235 c
2240 3198 2329 3253 tiis
2356 3212 2492 3269 quas
2515 3168 2703 3268 posuit
2718 3168 2975 3267 prmfatus
3002 3168 3294 3253 subversor
3318 3190 3508 3253 in‘suo
3532 3196 3734 3251 libello.
3770 3194 3840 3250 Et

535 3293 693 3336 crum
721 3279 973 3335 amicitiae
989 3277 1078 3348 jus
1102 3280 1302 3336 alicubi
1322 3280 1576 3337 violetur.
1611 3282 1680 3337 Et
1705 3284 1810 3340 hoc
1845 3284 1954 3339 rari
1983 3292 2130 3353 sunt,

535 3370 633 3442 qui
679 3369 1003 3442 intelligunt.
1051 3371 1197 3427 Pene
1227 3374 1599 3446 unusquisque
1631 3377 1924 3432 secundum
1964 3378 2132 3434 animi

535 3461 624 3520 sui
658 3461 990 3532 qualitatem,
1036 3478 1149 3518 non
1197 3462 1423 3521 alterius
1457 3466 1644 3534 animi,
1685 3468 1779 3536 qui
1807 3470 2013 3525 amicus
2047 3478 2133 3526 est

534 3567 668 3610 suus
687 3551 819 3625 [Αι.,
842 3552 1045 3625 hujus],
1070 3554 1516 3624 satisfactionem,
1538 3558 1833 3614 amicitiam
1857 3563 2133 3618 custodire

534 3645 751 3716 quaerit.
779 3643 849 3698 Et
875 3645 922 3698 si
949 3645 1054 3699 hoc
1092 3646 1145 3700 in
1173 3646 1349 3703 amico
1375 3646 1509 3720 [Al.,
1537 3650 1741 3721 animo]
1780 3659 1834 3705 et
1870 3654 2128 3723 coasquali

526 3733 823 3804 diligenter
859 3734 1137 3790 observari
1173 3738 1353 3804 debet,
1394 3747 1456 3793 ut
1491 3740 1747 3795 inviolata
1786 3744 1951 3798 animi
1991 3745 2131 3801 inte-

537 3826 710 3898 gritas
730 3836 1048 3897 permaneat
1073 3828 1247 3896 illius;
1280 3839 1483 3902 quanto
1504 3833 1680 3904 magis
1709 3833 1765 3888 in
1794 3835 2045 3904 Domino,
2062 3846 2130 3906 et

522 3917 599 3976 ‘in
637 3918 731 3974 tali
770 3935 1022 3990 persona,
1054 3938 1174 3993 qua:
1212 3921 1343 3996 [Al.,
1383 3923 1499 3998 qui]
1546 3940 1674 3982 suos
1708 3926 1952 3985 subditos
1979 3931 2128 3986 omni

533 4008 743 4066 honore
768 4011 1008 4066 exaltare
1034 4020 1089 4069 et
1112 4015 1415 4085 gubernare
1458 4018 1640 4072 amat?
1677 4018 1932 4074 Veterum
1963 4021 2129 4092 igitur

514 4098 886 4173 proverbialis
918 4103 1085 4177 fulget
1123 4107 1387 4163 sententia
1417 4123 1432 4162 :
1472 4108 1684 4165 Amicus
1721 4112 1810 4165 diu
1848 4114 2135 4187 quaeritur,

530 4196 620 4253 via:
646 4197 925 4262 invenitur,
945 4196 1151 4268 difﬁcile
1168 4208 1422 4253 servatur.
1444 4199 1512 4255 Et
1534 4201 1588 4255 in
1611 4218 1765 4259 sacra
1792 4203 2073 4276 Scriptura
2106 4225 2119 4261 :

530 4286 717 4344 Amico
743 4287 889 4357 ﬁdeli
919 4288 1065 4343 nulla
1094 4301 1167 4343 est
1204 4293 1525 4362 comparatio
1554 4293 1743 4366 (Eccli.
1775 4312 1849 4363 vr,
1876 4297 1989 4370 15).

600 4376 633 4418 Β
662 4375 816 4432 Nunc
848 4377 1033 4449 igitur,
1070 4395 1231 4448 quam
1265 4382 1356 4436 diu
1390 4384 1734 4451 quzesivimus
1761 4388 1904 4444 inter
1929 4384 2123 4446 Martia

530 4467 660 4535 tela,
686 4468 876 4526 Martis
906 4470 1059 4525 stella
1084 4472 1263 4527 subito
1288 4472 1500 4540 effulsit,
1525 4492 1683 4546 quam
1714 4480 1795 4533 sol
1820 4480 2121 4539 diutissime

530 4561 727 4628 tenuit,
770 4560 865 4617 sed
910 4560 1113 4618 Ναξωεί
1157 4563 1326 4618 leonis
1374 4572 1580 4622 terrore
1627 4568 1842 4639 reliquit
1883 4573 2022 4643 :qui
2049 4577 2120 4632 ob

528 4654 850 4710 memoriam
880 4654 1157 4710 Herculeae
1197 4655 1528 4713 fortitudinis
1568 4660 1705 4717 coelo
1742 4662 1946 4719 inditus
1985 4664 2115 4739 [Αι.,

522 4743 774 4820 indutus]
798 4762 917 4803 esse
944 4746 1198 4815 refertur,
1227 4750 1530 4822 traditaque
1564 4764 1645 4809 est
1675 4752 1884 4813 Cancro
1911 4774 2011 4830 per
2034 4761 2118 4816 bi-

605 4892 649 4963 ε.
668 4879 1110 4963 λέξσαηιῑειξςίιέηιο
1139 4882 1284 4963 “sui
1328 4882 1548 4963 tonsis
1581 4894 1666 4943 est
1700 4887 1893 4961 dequo
1918 4891 1977 4948 in
2005 4894 2121 4963 epi-

514 4952 782 5031 ηυξ-57.
803 4960 857 5031 et
1013 4953 1178 5031 (nunc
1197 4953 1269 5008 42
1295 4955 1518 5031 et‘lﬁAﬁ).

598 5022 626 5063 ιι
663 5023 740 5077 Ex
769 5022 860 5105 his
874 5022 1123 5105 colligere
1148 5025 1271 5105 licet
1296 5022 1393 5105 (a_i_t
1414 5022 1681 5105 Gauisius)
1705 5047 1846 5105 anno
1867 5030 2120 5105 79,9iscri-

520 5100 676 5177 ptam
700 5109 820 5149 esse
846 5094 985 5150 banc
1006 5094 1313 5177 epistolam.
1341 5098 1494 5177 Tunc
1519 5094 1674 5177 enim'
1686 5103 1893 5177 stellam
1929 5104 2118 5163 Martis

524 5168 724 5239 iterum
762 5168 1129 5239 comparuisse
1162 5168 1267 5223 sibi
1306 5170 1557 5239 gratulati
1589 5184 1716 5230 nt
1753 5176 2116 5235 mathematici

527 5234 674 5291 illius
694 5234 971 5307 temporis.
994 5237 1177 5307 Neque
1193 5234 1337 5295 enim
1359 5243 1501 5297 hunc
1523 5243 1703 5301 locum
1723 5245 1933 5301 Alcuini
1955 5234 2119 5304 alior-

527 5316 645 5361 sum
674 5306 847 5386 traho.
865 5306 1285 5386 Engolismensis
1309 5312 1358 5365 in
1375 5312 1498 5386 Vita
1526 5312 1699 5369 Caroli
1726 5315 1934 5386 Magni:
1963 5336 1980 5368 ι
2006 5319 2118 5375 Hoc

523 5392 690 5450 anno,
715 5380 769 5434 id
791 5387 895 5444 est,
921 5380 990 5434 ab
1014 5380 1381 5437 incarnatione
1410 5382 1621 5439 Domini
1649 5387 1771 5450 799,
1800 5380 1950 5441 sidus
1978 5388 2119 5446 Mar-

518 5447 599 5523 tis
632 5464 663 5502 a
692 5450 1149 5523 superiorisranni
1183 5450 1324 5508 Julio
1358 5469 1528 5522 usque
1570 5457 1636 5511 ad
1670 5447 1831 5523 hujus
1863 5459 1990 5511 anni
2024 5460 2118 5515 Ju-

524 5514 658 5571 lium
687 5514 972 5595 nusquam,
995 5522 1050 5576 in
1089 5531 1204 5595 toto
1239 5524 1376 5579 caelo
1412 5514 1579 5581 videri
1611 5514 1806 5595 potuit.
1855 5546 1872 5577 ι
1916 5528 1982 5582 Et
2012 5514 2116 5587 hoc

510 5598 619 5671 est.
646 5590 788 5671 quod
824 5591 1084 5671 Alcuinus
1129 5594 1206 5649 ait
1234 5608 1249 5647 :
1280 5611 1436 5671 quam
1479 5590 1900 5671 soi__diutissime
1928 5603 2113 5671 tenuit,

516 5657 619 5737 {sed
642 5657 882 5737 Νεμεαῖίῇ
900 5664 1062 5737 leonis
1084 5657 1533 5737 terrore'reliquit.
1560 5665 1697 5722 Nam
1722 5667 1792 5737 23
1823 5667 1902 5722 vel
1922 5668 1993 5722 24
2016 5657 2114 5725 .ιυῖ

618 5728 914 5815 sol‘lfonjs
939 5732 1150 5815 signum
1179 5723 1594 5815 in_itA.nCAntsws.
1621 5765 1695 5815 _-_-
1719 5736 1824 5793 Sed
1854 5723 2115 5798 detectid-

529 5810 653 5857 nem
670 5800 838 5859 stellae
858 5800 1043 5859 Martis
1064 5820 1206 5863 anno
1226 5804 1329 5864 798
1349 5820 1535 5864 mense
1552 5804 1711 5874 Julio,
1735 5815 2023 5881 postquam
2045 5815 2113 5873 ab

2236 3293 2479 3358 tempore
2499 3288 2767 3358 praeﬁnito
2789 3304 2820 3342 a
2841 3288 3015 3355 vobis,
3040 3288 3288 3345 ferantur
3303 3298 3501 3345 vestrae
3520 3287 3838 3345 auctoritati

2235 3380 2573 3452 siigulorum
2604 3394 2883 3451 responsa.
2913 3381 2980 3435 Et
3005 3381 3266 3451 quidquid
3300 3383 3354 3437 in
3388 3382 3478 3437 illo
3511 3381 3712 3447 libello,
3750 3377 3839 3436 vel

2235 3475 2625 3531 sententiarum
2652 3474 2735 3530 vel
2774 3490 3047 3541 sensuum,
3085 3485 3273 3529 contra
3310 3475 3632 3530 catholicam
3668 3474 3835 3529 ﬁdem

2233 3564 2559 3633 inveniatur,
2581 3565 2762 3621 omnia
2788 3565 3069 3621 catholicis
3092 3566 3353 3636 exemplis
3373 3567 3746 3621 destntantur.
3768 3565 3838 3620 Et

2233 3657 2281 3713 si
2328 3657 2610 3728 mqualiter
2650 3666 2706 3713 et
2752 3658 3094 3715 concorditer
3148 3640 3466 3713 cunctorum
3519 3659 3576 3713 in
3621 3656 3837 3727 profes-

2233 3751 2407 3816 sione,
2431 3751 2515 3805 vcl
2541 3750 2856 3807 defensione
2875 3752 3154 3807 catholica
3174 3750 3299 3807 fidei
3326 3760 3585 3806 resonant
3607 3753 3832 3821 scripta,

2231 3844 2457 3914 intelligi
2493 3853 2673 3913 potest
2698 3846 2844 3915 quod
2885 3861 2984 3916 per
3009 3847 3247 3901 omnium
3279 3860 3376 3901 ora
3406 3852 3461 3900 et
3500 3844 3665 3899 corda
3695 3858 3835 3899 unus

2228 3935 2471 4006 loquitur
2502 3936 2765 4006 Spiritus;
2805 3939 2887 3993 sin
2915 3947 3093 3993 autem
3133 3938 3407 3993 diversum
3439 3935 3644 4006 aliquid
3684 3936 3835 3990 inve-

2229 4030 2414 4083 niatur
2443 4028 2498 4082 in
2528 4028 2685 4084 dictis
2707 4029 2792 4085 vel
2822 4030 3036 4100 scriptis
3066 4028 3367 4099 cujuslibet,
3401 4029 3676 4092 videatur,
3706 4027 3832 4097 quis

2228 4120 2435 4191 majore
2475 4122 2797 4177 auctoritate
2835 4132 3145 4179 sanctarum
3184 4122 3588 4192 Scripturarum
3626 4121 3717 4176 vel
3744 4135 3834 4175 ca-

2228 4215 2553 4270 tholicorum
2582 4215 2805 4270 Patrum
2846 4216 3112 4271 innitatur
3148 4235 3161 4269 :
3191 4223 3248 4271 et
3285 4217 3413 4271 huic
3449 4215 3627 4270 laudis
3652 4213 3833 4284 palma

2226 4306 2517 4374 tribuatur,
2545 4308 2636 4377 qui
2659 4306 2856 4363 divinis
2884 4308 3057 4380 magis
3084 4308 3347 4365 inhaereat
3374 4308 3722 4364 testimoniis.

2295 4400 2375 4455 De
2418 4400 2808 4470 questionibus
2850 4416 2999 4468 vero,
3050 4417 3170 4473 quae
3215 4400 3236 4439 ί
3288 4401 3398 4457 tilia
3452 4416 3570 4457 mea
3621 4398 3830 4457 famula

2148 4533 2201 4594 ι)
2226 4502 2405 4550 vestra
2431 4495 2740 4553 ﬁdelissima
2770 4497 3140 4569 interrogavit,
3169 4514 3277 4553 non
3299 4497 3592 4553 ordinatim
3622 4496 3827 4562 recolo,

2225 4583 2327 4639 nisi
2356 4585 2499 4655 quod
2529 4586 2593 4641 de
2618 4586 2841 4656 psalmis
2861 4629 2876 4653 ,
2906 4605 3043 4659 quos
3074 4590 3376 4660 vespertina
3406 4588 3697 4660 prmscntis
3724 4588 3831 4643 diei

2223 4672 2279 4728 in
2306 4675 2509 4747 capella
2540 4677 2877 4733 cantavimus
2905 4679 3059 4742 hora,
3092 4688 3152 4734 ut
3184 4680 3414 4744 aestimo,
3444 4679 3827 4749 interrogavit.

2218 4772 2299 4829 De
2332 4789 2397 4830 eo
2426 4775 2609 4845 itaque
2632 4774 2886 4845 primum,
2918 4775 3012 4830 ubi
3034 4776 3107 4830 ait
3124 4774 3396 4846 Propheta
3420 4790 3434 4829 :
3462 4773 3648 4829 Omnis
3669 4775 3829 4828 homo

2200 4906 2408 4962 eodem
2444 4921 2631 4962 mense
2665 4907 2791 4962 anni
2819 4908 3172 4976 praecedentis
3202 4908 3305 4965 797
3332 4909 3611 4976 hucusque
3639 4904 3828 4976 occul—

2220 4982 2333 5049 tata
2380 4976 2589 5049 fuisset,
2620 4975 2911 5049 contigisse
2947 4979 3234 5035 dicendum
3281 4987 3365 5035 est
3406 4993 3471 5034 ex
3518 4975 3828 5049 Annalibus

2218 5044 2447 5121 Tilianis
2476 5044 2823 5121 gLoiseliani's,
2851 5064 3011 5121 quem
3051 5050 3476 5121 Engolismensis
3504 5046 3823 5116 exscripsit,

2218 5118 2519 5202 et.A_d_onis
2560 5118 2971 5202 Qhronico._Qb
3012 5118 3159 5202 hanc
3196 5121 3458 5202 rationem
3491 5126 3825 5188 precantem

2218 5189 2503 5259 epistolam
2540 5188 2607 5244 ad
2636 5206 2834 5244 annum
2869 5190 2972 5246 798
3000 5188 3271 5261 pertinere
3295 5191 3588 5249 credimus.

2289 5271 2314 5300 ο
2359 5259 2425 5315 Et
2448 5260 2670 5333 diverso.
2695 5260 2801 5333 llic
2821 5261 2944 5315 finis
2967 5262 3208 5333 epistola:
3230 5262 3371 5333 apud
3392 5260 3692 5329 Canisium,
3717 5272 3825 5316 ae-

2289 5277 2314 5300 °
2359 5277 2425 5315 ω
2448 5277 2670 5316 awerso.
2703 5277 2801 5317 mc
2821 5277 2944 5315 nnis

2219 5335 2332 5399 tera
2361 5345 2428 5383 ex
2456 5346 2557 5385 ms.
2583 5331 2763 5386 addita
2786 5341 2910 5385 sunt
2930 5277 3033 5399 ειθὸ

2288 5398 2313 5438 ἀ
2351 5399 2430 5453 De
2456 5398 2647 5454 libello.
2681 5402 2756 5456 De
2777 5417 2842 5457 eo
2866 5404 3018 5458 nlura
3048 5404 3199 5458 alibi.

2290 5467 2952 5546 °_Paulino_patriargﬁw.
2999 5473 3351 5546 Aquileiensi.
3400 5472 3671 5546 Richbono
3717 5486 3823 5546 seu

2217 5535 2508 5612 Eichtmdo,
2533 5535 2783 5612 episcopo
2806 5535 3133 5612 Treviren'si,
3158 5556 3221 5603 ut
3242 5547 3451 5603 videtur
3482 5543 3817 5600 Mabillonio.

2216 5604 2477 5682 Tenduqo
2497 5604 2756 5682 episcopo
2782 5604 3177 5672 Aurelianensi.

2267 5676 2496 5773 εῘιΑῘἮἮ
2537 5676 2840 5773 Wall“?
2872 5684 3399 5773 f!‘3?.en!§p|9ratum
3440 5702 3550 5745 non
3591 5684 3814 5752 habeo;

2215 5745 2364 5805 Gisla
2391 5745 2638 5809 furtassis
2662 5745 2839 5811 Cfroli
2871 5755 3047 5829 Magni
3071 5745 3217 5815 mia?

3036 5342 3345 5389 uercetano.
