4056 6328
533 313 639 372 279

1413 314 1472 370 Β.
1510 312 1572 369 F.
1613 312 1839 369 ALBINI
1868 311 2001 370 SEU
2039 308 2314 370 ALCUINI
2350 310 2632 371 OPERUM
2667 312 2848 370 PARS
2884 313 2925 371 l.

3705 314 3815 379 280

536 428 619 485 bis
645 439 669 467 α
697 425 802 482 iter
828 424 1109 498 agentibus
1130 424 1363 493 illorum,
1398 428 1450 481 in
1483 428 1678 498 quibus
1715 428 1830 484 hac
1851 428 2118 498 leguntur,
2146 429 2201 492 Α
2223 435 2278 482 et
2306 426 2425 482 aliis
2450 436 2683 498 quatuor
2702 429 2902 485 habere
2931 410 3296 488 inveniuntur.
3325 428 3502 490 Etiam
3521 439 3580 490 et
3598 442 3815 492 ostenta

534 516 799 572 librorum
825 516 976 573 deest
1000 519 1305 588 praesentia.
1348 517 1491 572 Nihil
1516 517 1583 571 de
1615 528 1810 574 vestra:
1845 519 2123 589 sapientize

535 606 972 679 profundissimis
991 610 1376 680 quaestionibus
1397 619 1600 666 temere
1621 611 1880 668 audemus
1902 628 2125 683 respon-

537 706 667 762 dere
703 721 718 761 :
748 707 1082 778 postulantes
1124 706 1461 761 clementiam
1499 715 1755 773 vestram,
1794 688 1854 763 ut
1890 708 2126 778 jubeatis

539 798 698 854 nobis
725 797 957 871 dirigere
984 801 1187 871 primos
1212 800 1418 873 praefati
1446 802 1684 860 doctoris
1706 804 1864 861 Plinii
1893 804 2126 862 Secundi

540 888 751 948 libellos
769 933 785 960 ,
813 893 868 948 in
894 894 1089 964 quibus
1114 895 1436 966 multiplices
1469 906 1525 953 et
1557 899 1813 956 obscuras
1836 916 2126 973 argumen-

541 984 776 1042 tationes
803 986 867 1041 de
891 987 1040 1043 vario
1066 988 1303 1043 siderum
1332 1005 1491 1045 cursu
1518 991 1807 1061 explanare
1830 977 2050 1059 nititur;
2081 992 2129 1047 si

540 1073 679 1132 forte
703 1078 813 1134 Deo
838 1078 1091 1146 donante,
1127 1080 1251 1135 inde
1290 1082 1376 1136 vel
1412 1082 1535 1139 inde
1575 1083 1778 1154 aliquid
1816 1100 2009 1141 eruere
2036 1101 2129 1140 va-

538 1166 767 1237 leamus,
799 1173 941 1242 quod
976 1182 1171 1229 vestra:
1200 1176 1557 1232 sanctissimze
1582 1180 1882 1248 przeseutize
1908 1181 2130 1252 dignum

538 1261 748 1317 ostendi
776 1260 1042 1317 videatur.
1070 1262 1275 1320 Tamen
1301 1280 1368 1321 ne
1388 1282 1475 1323 me
1505 1268 1576 1322 ita
1605 1269 1925 1341 imparatum
1950 1280 2129 1327 vestra

537 1347 835 1406 invenisset
877 1353 1142 1420 chartula,
1192 1355 1276 1410 vel
1323 1372 1512 1413 somno
1558 1357 1765 1414 inertia:
1803 1367 2127 1430 torpentem,

537 1441 693 1511 quasi
727 1440 862 1496 nihil
887 1443 1115 1499 haberet
1140 1446 1434 1515 repositum
1463 1448 1563 1503 sibi
1592 1449 1645 1504 in
1684 1459 1892 1507 secreto
1927 1468 2131 1509 memo-

537 1528 637 1584 ria:
660 1530 928 1597 cubiculo,
959 1535 1101 1603 quod
1129 1536 1483 1607 interroganti
1512 1540 1757 1610 proferre
1786 1532 2019 1609 valeret;
2051 1545 2132 1600 di-

537 1635 679 1688 cam,
709 1624 839 1694 quid
868 1626 1061 1690 subito,
1095 1631 1383 1697 quaerendo
1422 1633 1593 1703 magis
1625 1650 1786 1705 quam
1817 1637 2132 1707 exponendo

536 1714 757 1769 turbata
793 1717 991 1772 mentis
1018 1719 1136 1774 acie
1164 1735 1455 1778 occurrere
1481 1725 1686 1793 potuit;
1732 1726 2049 1796 pleniorem,
2085 1729 2131 1784 si

534 1803 678 1863 forte
703 1823 837 1880 opus
875 1811 1003 1878 erit,
1047 1815 1451 1882 responsionem
1482 1817 1549 1872 ad
1568 1818 1821 1887 praefatos
1848 1820 2129 1876 doctorum

534 1895 705 1957 libros
734 1917 1040 1960 reservans.

607 1992 789 2051 Prima
812 2011 943 2053 vero
966 2000 1306 2057 auctoritatis
1326 2010 1519 2059 vestra:
1540 2004 1891 2076 interrogatio
1911 2010 1977 2062 de
2001 2020 2131 2063 con—

536 2087 720 2143 cordia
756 2094 1121 2146 trecentarum
1157 2101 1212 2148 et
1236 2095 1516 2165 sexaginta
1551 2096 1806 2166 partium,
1841 2104 1895 2152 et
1924 2098 2130 2153 lunaris

536 2189 728 2232 cursus
769 2192 868 2247 per
897 2179 1179 2236 duodecim
1206 2183 1360 2254 signa
1405 2185 1485 2241 sic
1513 2198 1572 2241 se
1614 2186 1822 2253 habuit,
1851 2195 1912 2242 ut
1938 2188 2130 2243 eadem

534 2282 799 2337 ponamus
825 2273 989 2327 verba
1017 2288 1031 2327 :
1063 2273 1213 2329 Sicut
1246 2277 1301 2330 in
1326 2276 1491 2331 solari
1517 2278 1739 2333 decursu
1769 2280 1993 2345 dierum,
2030 2281 2128 2335 ho-

534 2374 738 2426 rarum,
752 2371 1165 2435 punctorumque
1183 2365 1433 2421 divisione
1447 2366 1588 2436 facta
1606 2378 1951 2423 trecentorum
1970 2368 2126 2442 [Cod.

536 2446 682 2517 Vat.,
712 2452 964 2508 divisione
989 2454 1131 2524 facta
1157 2465 1507 2513 trecentarum
1530 2461 1803 2530 sexaginta
1825 2462 2056 2531 partium
2079 2470 2129 2518 et

530 2546 903 2620 trecentorum]
930 2550 1203 2620 sexaginta
1240 2551 1466 2622 quinque
1489 2552 1693 2607 dierum
1730 2562 1779 2607 et
1819 2554 2128 2625 quadrantis

529 2644 607 2692 est
632 2638 839 2693 inventa
864 2642 1175 2707 concordia;
1212 2644 1288 2697 sic
1325 2653 1374 2697 et
1407 2646 1461 2698 in
1500 2643 1676 2701 lunari
1711 2662 1805 2716 per
1839 2646 2043 2701 dierum
2079 2656 2129 2702 et

529 2728 781 2784 horarum
810 2733 1162 2802 partitionem,
1195 2736 1376 2804 viginti
1402 2744 1595 2807 septem
1632 2736 1743 2791 dies
1780 2746 1935 2809 atque
1971 2740 2129 2794 horas

533 2827 649 2873 octo
692 2836 810 2873 cum
849 2825 1088 2878 trecentis
1124 2827 1397 2896 sexaginta
1441 2827 1646 2881 zodiaci
1686 2828 1923 2898 partibus
1960 2829 2129 2899 facias

533 2911 826 2966 convenire.
849 2913 967 2969 Non
992 2915 1327 2988 subterfugio
1349 2918 1550 2984 dicere,
1574 2920 1703 2991 quid
1722 2921 1854 2976 mihi
1881 2922 2130 2980 videatur

533 3000 887 3089 sagacitatem
914 3013 1150 3061 vestram
1185 3007 1274 3063 hic
1307 3009 1363 3064 in
1391 3009 1494 3066 hac
1525 3010 1878 3082 inquisitione
1903 3014 2125 3081 sentire,

533 3091 721 3164 utique
762 3103 857 3150 aut
896 3099 1201 3168 augendum
1224 3113 1343 3158 esse
1375 3102 1579 3173 aliquid
1606 3118 1706 3174 per
1734 3104 1944 3175 singula
1972 3107 2126 3179 signa

531 3181 674 3240 luna:
688 3186 891 3253 cursui,
915 3189 1157 3259 utpossit
1176 3192 1462 3261 pervenire
1484 3194 1552 3248 ad
1574 3194 1844 3265 legitimas
1862 3203 1919 3251 et
1942 3196 2126 3253 deliti-

530 3281 618 3331 tas
650 3277 818 3333 totius
848 3279 975 3333 anni
1007 3290 1209 3351 partes,
1235 3298 1356 3354 quae
1391 3285 1446 3339 in
1486 3285 1709 3342 zodiaco
1738 3294 2015 3355 notantur,
2041 3287 2126 3345 vel

525 3369 695 3427 etiam
740 3370 985 3427 minuere
1030 3375 1267 3442 partium
1310 3392 1629 3445 numerum,
1680 3386 1742 3435 ut
1792 3381 2126 3438 concordare

525 3461 699 3533 possit
738 3462 947 3520 lunaris
990 3480 1185 3522 cursus
1229 3468 1433 3524 zodiaci
1473 3469 1736 3540 partibus.
1776 3470 1946 3538 Quam
1979 3488 2124 3543 quaa-

526 3552 757 3609 stionem
788 3554 1048 3625 praefatus
1074 3558 1333 3630 magister
1355 3560 1498 3616 Beda
1525 3562 1580 3616 in
1606 3562 1838 3631 quodam
1865 3564 2119 3633 capitulo,

528 3646 683 3716 cujus
722 3649 1049 3719 principium
1090 3666 1209 3708 esse
1249 3653 1527 3709 arbitror:
1559 3653 1712 3720 Quod
1739 3655 1785 3710 si
1805 3657 1923 3727 quis
1947 3657 2125 3728 signo-

525 3758 646 3798 rum
680 3744 903 3811 nescius,
932 3743 1136 3798 lunaris
1161 3753 1334 3800 tamen
1361 3762 1545 3802 cursus
1575 3764 1853 3819 agnoscere
1877 3748 2117 3819 cupidus,

526 3841 657 3899 etc.,
686 3841 847 3904 prout
877 3835 1070 3905 potuit,
1097 3849 1368 3906 exponere
1407 3836 1640 3895 videtur.
1689 3836 1794 3894 Per
1836 3839 2120 3897 duodecim

523 3933 726 3996 partes,
752 3927 950 3998 quibus
974 3928 1218 3999 quotidie
1244 3928 1372 3983 luna
1398 3928 1739 4000 elongabitur
1780 3946 1811 3985 a
1839 3931 1974 3999 sole,
2009 3930 2120 3987 Pli-

522 4020 646 4075 nius
666 4018 947 4076 Secundus
966 4020 1099 4076 dicit
1116 4020 1298 4077 lunam
1320 4022 1389 4095 (si
1411 4023 1515 4078 rite
1538 4021 1815 4097 recordor)
1838 4024 2118 4080 zodiacum

523 4111 787 4169 tredecies
836 4112 891 4167 in
925 4111 1211 4189 duodecim
1251 4113 1363 4169 suis
1407 4113 1688 4170 mensibus
1722 4113 2009 4170 coniicere.
2056 4113 2117 4168 In

520 4203 634 4259 suis
651 4203 785 4259 dicit
805 4205 1104 4273 mensibus,
1129 4221 1238 4262 non
1260 4207 1317 4261 in
1340 4207 1488 4263 solis.
1512 4207 1732 4264 Addidit
1758 4222 1972 4278 quoque
1989 4208 2117 4263 duo-

519 4291 623 4348 bus
659 4293 870 4359 diehus,
913 4304 971 4350 et
1015 4310 1110 4351 sex
1144 4297 1315 4364 horis,
1354 4306 1409 4354 et
1454 4299 1601 4355 bisse
1636 4298 1799 4355 unius
1831 4299 1979 4355 horae
2019 4314 2117 4370 per

520 4383 731 4455 singula
758 4384 908 4455 signa
937 4385 1122 4442 lunam
1160 4389 1467 4446 decurrere.
1512 4390 1665 4458 Quod
1710 4391 1757 4446 si
1783 4406 1968 4446 verum
2006 4398 2111 4456 est,

2225 516 2386 573 aliter
2416 518 2769 575 calculatores
2799 528 3026 590 ponunt,
3064 522 3221 577 aliter
3250 523 3413 579 etiam
3444 526 3818 584 mathematici

2225 607 2400 666 solent
2425 610 2683 667 dividere.
2713 609 2805 666 Sic
2828 612 2991 666 etiam
3012 620 3068 668 et
3090 613 3159 669 de
3184 614 3409 671 minutis
3430 614 3736 673 invenimus
3758 617 3819 672 in

2227 704 2733 760 mathematicorum
2755 704 3121 763 subtilissimis
3141 710 3704 778 argumentationibus
3721 710 3821 765 ali-

2228 803 2313 851 ter
2336 797 2492 869 poni;
2530 799 2625 865 ita,
2649 798 2899 854 utetiam
2927 798 3133 854 minuta
3160 800 3493 858 minutarum
3520 802 3706 860 dicere
3732 817 3822 860 so-

2227 886 2360 944 lent.
2393 888 2500 944 Sed
2524 889 2640 944 haec
2675 889 2826 946 alias.
2859 889 3014 946 Nunc
3044 892 3188 962 quod
3214 892 3399 960 instat,
3424 909 3672 966 agamus.

2301 980 2588 1053 Signorum
2618 996 2748 1038 vero
2772 983 3090 1053 partitiones
3117 999 3217 1056 per
3250 986 3438 1054 horas,
3468 995 3525 1043 et
3548 989 3822 1059 quomodo

2228 1071 2582 1127 convenirent
2608 1087 2800 1128 novem
2831 1073 2978 1129 hora:
3002 1073 3219 1130 lunares
3244 1076 3485 1146 quinque
3512 1077 3707 1134 diebus
3728 1093 3822 1133 so~

2229 1164 2454 1230 laribus,
2483 1164 2704 1219 memini
2742 1180 2830 1220 me
2859 1177 2881 1205 ο
2917 1166 2973 1220 in
2996 1166 3104 1222 alia
3131 1166 3285 1223 vobis
3308 1167 3544 1241 dirigere
3568 1169 3819 1240 epistola.

2229 1258 2354 1315 ldeo
2381 1273 2524 1314 nunc
2561 1273 2954 1329 supervacuum
2977 1274 3099 1316 esse
3123 1260 3417 1318 arbitratus
3443 1276 3581 1328 sum,
3616 1263 3826 1334 aliquid

2232 1351 2355 1407 inde
2382 1351 2581 1407 dicere.
2608 1350 2938 1407 Divisionem
2980 1351 3164 1422 itaque
3201 1353 3461 1409 horarum
3498 1369 3596 1425 per
3634 1355 3826 1412 uncias

2229 1443 2384 1498 vobis
2421 1442 2690 1513 cognitam
2727 1459 2847 1500 esse
2884 1459 2992 1499 non
3036 1445 3189 1516 101
3229 1445 3561 1519 ignoramus,
3596 1448 3742 1505 sicut
3773 1450 3826 1506 in

2232 1533 2373 1590 libro
2399 1535 2463 1591 de
2499 1534 2854 1606 Temporibus
2883 1534 3088 1608 [Forte,
3117 1537 3251 1595 Ven.
3280 1538 3461 1613 Bede]
3500 1539 3731 1613 legistis.
3754 1544 3828 1601 Et

2234 1626 2360 1696 quia
2387 1640 2672 1696 operosum
2704 1635 2789 1683 est
2816 1628 2957 1685 lunae
2982 1643 3201 1684 cursum
3226 1645 3323 1700 per
3341 1631 3533 1687 uncias
3561 1633 3827 1691 horarum

2235 1714 2495 1783 dividere,
2518 1715 2639 1771 ideo
2661 1716 2833 1786 magis
2851 1716 3204 1774 calc'ulatores
3233 1704 3307 1773 ad
3325 1720 3584 1776 horarum
3608 1723 3697 1777 vel
3715 1722 3830 1780 die-

2160 1789 2206 1852 Β
2234 1821 2354 1862 rum
2381 1822 2665 1863 mensuras
2705 1807 2846 1863 lunae
2884 1823 3075 1864 cursus
3118 1808 3363 1880 redigere
3398 1812 3639 1868 contenti
3676 1821 3826 1880 sunt,

2232 1914 2302 1954 ne
2334 1898 2504 1953 nimia
2540 1899 2901 1956 numerositas
2939 1900 3226 1956 unciarum
3258 1899 3457 1973 legenti
3490 1901 3713 1961 fastidio
3747 1920 3831 1962 es»

2231 1997 2331 2046 set.
2370 1990 2572 2047 Tamen
2617 1990 2923 2061 specialiter
2960 1992 3165 2048 dictum
3204 2006 3326 2048 esse
3365 1992 3639 2061 debuisse,
3680 1994 3830 2066 quod

2230 2091 2477 2154 superest
2506 2083 2561 2137 in
2588 2082 2813 2154 singulis
2839 2082 3029 2153 signis,
3070 2090 3126 2138 et
3164 2083 3375 2140 duobus
3411 2084 3604 2141 diebus
3640 2094 3698 2143 et
3732 2102 3829 2144 sex

2230 2180 2399 2245 horis,
2432 2179 2486 2235 id
2509 2187 2609 2245 est,
2644 2187 2768 2235 octo
2794 2179 2973 2235 unciis
3002 2179 3163 2234 unius
3190 2179 3360 2245 horae,
3388 2188 3645 2250 putamus
3675 2182 3735 2238 in
3766 2198 3830 2240 eo

2229 2271 2350 2328 loco
2375 2271 2470 2326 ubi
2500 2271 2575 2325 ait
2610 2284 2625 2325 :
2655 2285 2942 2341 operosum
2985 2280 3069 2325 est
3108 2270 3164 2325 in
3192 2270 3419 2342 singulis
3457 2272 3627 2343 signis
3662 2274 3829 2332 horas

2229 2365 2540 2421 minutatim
2569 2363 2809 2420 dividere
2843 2378 2943 2434 per
2969 2362 3190 2418 uncias?
3220 2363 3345 2419 Ideo
3373 2364 3507 2420 duas
3540 2366 3705 2422 horas
3730 2368 3828 2424 tri-

2228 2459 2330 2514 bus
2358 2456 2529 2529 signis
2562 2455 2986 2513 subtrahendum
3016 2469 3137 2511 esse
3172 2455 3342 2522 dixit,
3382 2456 3511 2527 quia
3536 2458 3703 2514 trium
3750 2460 3829 2517 si-

2229 2565 2457 2623 gnorum
2498 2550 2689 2621 viginti
2732 2557 2965 2620 quatuor
3001 2549 3176 2606 unciae
3210 2551 3347 2607 duas
3375 2549 3539 2607 horas
3576 2552 3829 2624 implent,

2228 2642 2364 2698 hora
2381 2658 2512 2698 vero
2532 2642 2740 2713 integra
2762 2641 3044 2698 duodecim
3064 2641 3254 2699 uncias
3271 2642 3473 2699 habere
3492 2643 3673 2700 debet.
3694 2644 3830 2713 Qu

2228 2732 2408 2787 omnia
2440 2738 2634 2787 vestrae
2662 2731 2939 2801 sapientiae
2959 2731 3289 2803 praecognita
3314 2747 3436 2790 esse
3462 2748 3572 2790 non
3601 2734 3830 2805 ignora-

2227 2836 2369 2877 mus.

2298 2912 2640 2986 Quapropter
2666 2914 2735 2970 de
2764 2913 2919 2971 stella
2942 2912 3133 2971 Martis
3160 2914 3447 2989 incipimus
3472 2915 3676 2983 dicere
3704 2932 3831 2990 qua

2225 3004 2508 3060 videntur:
2551 3004 2706 3075 cujus
2739 3006 3016 3076 inquisitio
3060 3014 3271 3066 mentes
3312 3016 3532 3066 nostras
3578 3010 3673 3066 diu
3699 3010 3830 3068 fati-

2230 3109 2359 3168 gare
2384 3094 2608 3163 solebat,
2632 3096 2707 3151 ita
2725 3104 2786 3150 ut
2808 3111 2908 3151 nec
2930 3109 3196 3167 apparens
3223 3105 3423 3155 nostra:
3445 3097 3827 3175 [At.,uostris]

2229 3186 2598 3244 satisfaciebat
2624 3187 2948 3242 curiositati.
2991 3186 3122 3255 Quae
3159 3204 3331 3260 nuper
3353 3188 3468 3246 sole
3492 3199 3749 3248 morante
3772 3192 3828 3249 in

2227 3278 2406 3334 Leone
2431 3276 2587 3333 nobis
2611 3278 2890 3349 apparuit;
2922 3278 3332 3349 propemodum,
3362 3288 3423 3336 ut
3452 3291 3731 3353 putamus,
3759 3297 3828 3339 eo

2225 3378 2468 3442 tempore
2489 3384 2598 3441 quo
2622 3370 2763 3441 apud
2793 3386 2894 3427 nos
2943 3370 3163 3426 inventa
3208 3378 3295 3428 est
3335 3372 3581 3444 ejusdem
3627 3372 3825 3432 Martis

2224 3462 2421 3535 imago.
2453 3462 2528 3518 De
2555 3476 2663 3531 qua
2689 3462 2854 3517 etiam
2889 3460 3043 3517 stella
3070 3468 3267 3518 vestra:
3296 3463 3598 3519 venerabili
3634 3464 3820 3537 digni-

2223 3555 2322 3610 tati
2342 3552 2371 3594 d
2389 3554 2444 3608 in
2466 3553 2574 3610 alia
2598 3552 2827 3623 epistola
2855 3567 2980 3608 mox
2999 3560 3288 3623 postquam
3315 3569 3346 3608 a
3375 3553 3535 3611 nobis
3559 3553 3683 3609 visa
3698 3553 3824 3622 fuit,

2222 3645 2516 3701 secundum
2550 3643 2862 3701 facultatem
2891 3643 3026 3718 [Al.,
3069 3643 3408 3718 facilitatem]
3457 3646 3825 3719 iudagationis

2222 3746 2421 3794 nostra;
2446 3738 2649 3809 aliquid
2673 3739 2856 3795 dicere
2888 3737 3222 3795 curavimus.
3260 3737 3369 3795 Sed
3391 3739 3553 3796 modo
3592 3757 3698 3813 pro
3724 3757 3822 3800 ve-

2221 3836 2350 3885 strae
2391 3830 2632 3901 epistolae
2656 3829 3033 3887 exhortatione
3068 3828 3273 3901 aliquid
3314 3830 3626 3903 diligentius
3656 3834 3729 3890 de
3755 3849 3821 3892 ea

2220 3919 2445 3975 scrutati
2469 3935 2673 3975 sumus.
2699 3918 2835 3975 Nam
2861 3917 3166 3988 hujusmodi
3186 3919 3629 3993 interrogationis
3646 3924 3837 3980 verba

2216 4011 2475 4080 posuistis
2499 4028 2513 4064 :
2544 4009 2613 4065 Et
2637 4010 2702 4065 de
2731 4010 2924 4076 Marte,
2946 4011 3037 4083 qui
3063 4027 3203 4065 anno
3226 4012 3492 4082 praeterito
3519 4013 3578 4068 in
3608 4013 3820 4072 Cancro

2216 4104 2386 4159 sidere
2415 4102 2540 4158 solis
2571 4102 2766 4157 lumine
2807 4102 3051 4157 humanis
3081 4102 3345 4159 obtutibus
3374 4104 3693 4176 interceptus
3716 4115 3815 4173 est,

2215 4195 2342 4268 quid
2366 4196 2598 4261 sentias;
2621 4211 2691 4248 an
2718 4192 2978 4248 naturalis
3007 4194 3092 4249 sui
3111 4210 3296 4249 cursus
3327 4195 3551 4262 ratione,
3586 4213 3660 4251 an
3687 4197 3817 4253 solis

2217 4289 2284 4355 vi,
2310 4305 2380 4343 an
2401 4286 2640 4359 prodigio
2660 4293 2835 4340 aetum
2860 4286 2949 4351 sit,
2975 4293 3031 4339 ut
3055 4285 3160 4340 iter
3171 4284 3398 4339 duorum
3415 4301 3680 4341 annorum
3706 4302 3817 4343 uno

2217 4379 2512 4449 conﬁceret.
2545 4376 2688 4432 Nam
2711 4393 2874 4450 nuper
2906 4375 3015 4433 sole
3035 4375 3263 4432 Leonem
3295 4376 3564 4432 deserente
3589 4377 3647 4432 in
3672 4377 3817 4435 Can-

520 4483 884 4531 trecentarum
937 4478 1218 4549 sexaginta
1271 4482 1508 4550 partium
1557 4482 1921 4538 numerositas
1972 4483 2114 4539 luna:

2225 4490 2305 4528 cro
2340 4474 2488 4529 nobis
2534 4475 2796 4546 apparuit.
2844 4472 2903 4530 Si
2937 4473 3100 4532 solem
3123 4475 3399 4531 comitatus
3429 4484 3526 4544 est,
3556 4478 3679 4548 quis
3701 4487 3814 4535 tam

519 4565 703 4622 cursui
735 4566 939 4636 optime
967 4570 1256 4626 convenire
1283 4570 1514 4626 videtur.
1547 4571 1701 4639 Quod
1728 4573 1887 4628 unius
1923 4572 2113 4644 ﬁgura:

2225 4565 2351 4620 celer
2389 4582 2575 4619 cursus
2614 4564 2772 4635 ejus?
2817 4562 2876 4620 Si
2923 4573 3031 4620 toto
3079 4580 3218 4620 anno
3251 4566 3530 4622 stationem
3568 4568 3626 4622 in
3670 4567 3816 4624 Can-

517 4657 785 4714 divisione
828 4661 1029 4733 magis,
1085 4678 1247 4734 quam
1296 4665 1588 4721 verborum
1642 4666 2108 4736 multiplicatione,

516 4746 644 4818 quia
674 4748 901 4819 sapienti
928 4766 1102 4821 pauca
1127 4753 1415 4822 sutilciunt,
1441 4757 1829 4812 ostendendum
1856 4772 1976 4813 esse
2002 4773 2109 4813 non

517 4839 750 4910 ignobile
777 4843 981 4910 putavi.
1019 4843 1183 4914 Cujus
1212 4844 1398 4917 figurae
1427 4847 1455 4887 ιι
1484 4846 1769 4903 formulam
1802 4856 1925 4918 post
1949 4847 2110 4918 hujus

514 4930 756 5000 epistolae
791 4938 996 4988 textum
1034 4950 1236 5006 ponere
1269 4936 1464 4992 melius
1490 4938 1795 4993 existimavi
1820 4954 1983 5009 quam
2009 4954 2109 5008 per

513 5037 636 5079 eam
662 5024 860 5081 seriem
888 5027 1157 5083 sermonis
1181 5029 1355 5083 nostri
1389 5027 1648 5084 dividere.
1692 5029 1750 5084 ln
1791 5032 1899 5101 qua
1940 5030 2105 5087 etiam

513 5113 686 5187 ﬁgura
713 5125 768 5172 et
808 5118 1063 5174 horarum
1097 5120 1386 5177 diversitas
1431 5122 1649 5191 agnosci
1687 5121 1903 5191 poterit,
1932 5123 1976 5178 si
2015 5122 2104 5180 cui

512 5209 823 5279 diligentius
868 5213 1213 5268 considerare
1255 5213 1485 5284 placeat,
1533 5213 1659 5283 quia
1697 5214 1854 5270 aliter
1898 5215 2102 5271 salares

511 5297 669 5372 [Cod.
713 5298 850 5367 Vat.,
890 5303 1017 5373 quia
1051 5302 1210 5358 aliter
1247 5305 1395 5359 hora:
1432 5304 1728 5374 signorum,
1769 5303 1926 5359 aliter
1960 5304 2102 5362 sola-

510 5387 645 5462 res],
669 5388 826 5446 aliter
844 5390 1060 5447 lunares
1082 5400 1480 5461 computantur.
1500 5393 1676 5447 Etiam
1700 5392 1755 5446 in
1776 5393 2099 5463 quihusdam

509 5479 643 5537 locis
668 5490 723 5538 et
750 5484 850 5553 ipsi
876 5492 1107 5554 punctus
1129 5485 1285 5540 aliter
1304 5493 1465 5554 atque
1487 5486 1645 5541 aliter
1669 5495 2051 5557 computantur
2078 5500 2096 5542 :

511 5571 604 5639 ita,
635 5583 697 5629 ut
722 5576 841 5631 aliis
864 5577 1336 5647 supputationibus
1364 5578 1552 5633 horam
1582 5579 1820 5648 quinque
1848 5585 2094 5649 punctos,

582 5696 609 5762 ξ
640 5682 751 5762 {ter
797 5688 1084 5762 agentibus.
1128 5689 1232 5746 Per
1265 5690 1543 5762 Belgium?
1571 5699 1631 5744 ut
1663 5691 1716 5745 in
1738 5691 1921 5762 _cpist.
1951 5707 2066 5762 seq.

2213 4674 2303 4712 cro
2331 4657 2475 4728 fecit,
2501 4656 2609 4712 sole
2641 4657 2696 4711 in
2726 4665 2913 4712 cetera
2956 4655 3107 4728 signa
3136 4657 3416 4729 migrante,
3453 4674 3550 4713 cur
3582 4658 3640 4713 in
3667 4657 3814 4715 Can-

2211 4766 2299 4804 cro
2325 4748 2488 4805 videri
2515 4763 2617 4803 non
2642 4747 2849 4820 potuit?
2879 4745 3211 4804 Scholastica
3230 4756 3285 4804 et
3302 4747 3615 4804 acutissima
3645 4763 3813 4821 argu-

2209 4841 2470 4896 mentatio
2514 4840 2636 4906 ista,
2680 4841 2749 4896 ad
2774 4855 2937 4911 quam
2981 4840 3288 4909 succincte,
3329 4847 3592 4912 quantum
3628 4840 3809 4897 dona-

2207 4934 2346 4989 verit
2373 4933 2533 4998 Deus,
2570 4933 3010 5004 respondeamus.
3822 4990 3825 4993 .

2276 5025 2432 5094 Quod
2457 5034 2639 5081 autem
2666 5025 2739 5081 ibi
2759 5026 2963 5082 dictum
2991 5032 3096 5095 est,
3123 5025 3253 5083 solis
3281 5025 3484 5083 lumine
3507 5026 3563 5082 in
3584 5026 3811 5087 Cancro

2204 5115 2559 5190 interceptam
2589 5133 2708 5174 esse
2740 5116 2948 5172 stellam
2972 5116 3162 5175 Martis
3197 5117 3453 5174 humanis
3477 5118 3765 5177 obtutibus
3784 5133 3805 5176 :

2203 5227 2312 5268 non
2336 5211 2547 5268 aestimo
2576 5208 2705 5265 solis
2733 5208 2954 5277 lumine,
2985 5217 3099 5264 toto
3129 5223 3272 5265 anno
3312 5209 3612 5279 praeterito,
3659 5208 3808 5266 Mar-

2202 5305 2274 5361 tis
2301 5303 2513 5360 stellam
2535 5302 2590 5358 in
2614 5300 2826 5357 Cancro
2847 5300 3205 5372 interceptam
3228 5315 3377 5368 esse;
3404 5301 3499 5358 sed
3522 5299 3803 5358 Cancrum

2201 5402 2501 5466 opportuno
2544 5399 2790 5462 tempore
2832 5400 2888 5447 et
2934 5390 3167 5446 naturali
3216 5405 3410 5447 cursus
3454 5391 3539 5446 sui
3576 5390 3802 5461 ordine,

2201 5500 2325 5542 cum
2351 5484 2507 5541 stella
2536 5483 2725 5538 Martis
2753 5481 2966 5551 objectu
2991 5489 3152 5538 terra:
3187 5481 3441 5536 humanis
3458 5480 3666 5536 visibus
3708 5481 3802 5538 in-

2201 5584 2498 5648 terceptum
2539 5589 2680 5631 esse.
2731 5573 2898 5644 Igitur
2922 5588 3064 5628 anno
3107 5573 3384 5644 praeterito
3426 5587 3535 5628 non
3564 5570 3801 5630 memini

2270 5700 2293 5729 ο
2321 5689 2388 5743 In
2417 5689 2592 5745 alia...
2622 5686 3029 5760 epistolarQum
3050 5688 3119 5760 in
3143 5688 3280 5760 edit.
3303 5685 3557 5760 Quercet.
3582 5684 3657 5741 25
3678 5691 3794 5759 est,

581 5755 622 5830 b_
639 5752 855 5830 lj‘igura':
870 5758 1182 5830 formulam.
1210 5752 1389 5817 Hanc"
1402 5762 1686 5817 formulam
1722 5752 2096 5827 Qtfercetanus
2197 5777 2228 5816 a
2257 5761 2413 5817 nobis
2443 5761 2586 5815 inter
2609 5752 2773 5830 opera
2797 5752 3167 5830 philosophica
3198 5752 3521 5815 exhibenda.

517 5824 718 5894 omisit,
742 5824 969 5900 quodin
997 5831 1097 5887 cod
1128 5849 1254 5904 ms.,
1294 5848 1432 5903 reor,
1460 5824 1877 5890 desideraretur.

2269 5831 2294 5873 ἀ
2328 5830 2394 5886 1η
2425 5830 2533 5886 alia
2558 5828 2813 5905 epistola.’
2827 5828 3031 5904 Nempe
3052 5830 3241 5905 priori.
