  <div class='ocr_page' id='page_1' title='image "/cluster/home/n/w/nwhite01/storage/ocr_20150623/100/hvd.32044024239972/146.png"; bbox 0 0 4056 6328; ppageno 0'>
   <div class='ocr_carea' id='block_1_1' title="bbox 208 335 1781 419">
    <p class='ocr_par' dir='ltr' id='par_1_1' title="bbox 208 336 1781 419">
     <span class='ocr_line' id='line_1_1' title="bbox 208 336 1781 419; baseline -0.014 -2"><span class='ocrx_word' id='word_1_1' title='bbox 208 358 287 419; x_wconf 69' lang='grc'><strong>281</strong></span> <span class='ocrx_word' id='word_1_2' title='bbox 1601 336 1781 396; x_wconf 81' lang='lat' dir='ltr'><strong>EPIS&#39;I</strong></span> 
     </span>
    </p>
   </div>
   <div class='ocr_carea' id='block_1_2' title="bbox 1883 335 3440 419">
    <p class='ocr_par' dir='ltr' id='par_1_2' title="bbox 1883 335 3440 398">
     <span class='ocr_line' id='line_1_2' title="bbox 1883 335 3440 398; baseline 0.003 -4"><span class='ocrx_word' id='word_1_3' title='bbox 1883 335 1983 394; x_wconf 65' lang='grc' dir='ltr'><strong>Αἰ.</strong></span> <span class='ocrx_word' id='word_1_4' title='bbox 3327 335 3440 398; x_wconf 66' lang='lat'><strong>282</strong></span> 
     </span>
    </p>
   </div>
   <div class='ocr_carea' id='block_1_3' title="bbox 206 453 3438 539">
    <p class='ocr_par' dir='ltr' id='par_1_3' title="bbox 206 453 3438 539">
     <span class='ocr_line' id='line_1_3' title="bbox 206 453 3438 539; baseline -0.005 -9"><span class='ocrx_word' id='word_1_5' title='bbox 206 495 276 539; x_wconf 81' lang='lat' dir='ltr'><strong>me</strong></span> <span class='ocrx_word' id='word_1_6' title='bbox 299 472 431 531; x_wconf 89' lang='lat' dir='ltr'><strong>illum</strong></span> <span class='ocrx_word' id='word_1_7' title='bbox 477 469 677 525; x_wconf 82' lang='lat' dir='ltr'><strong>vidisse</strong></span> <span class='ocrx_word' id='word_1_8' title='bbox 716 466 770 522; x_wconf 91' lang='lat' dir='ltr'><strong>in</strong></span> <span class='ocrx_word' id='word_1_9' title='bbox 805 466 1034 531; x_wconf 88' lang='lat' dir='ltr'><strong>Cancro,</strong></span> <span class='ocrx_word' id='word_1_10' title='bbox 1074 463 1204 520; x_wconf 89' lang='lat' dir='ltr'><strong>dum</strong></span> <span class='ocrx_word' id='word_1_11' title='bbox 1250 461 1456 518; x_wconf 82' lang='lat' dir='ltr'><strong>Cancer</strong></span> <span class='ocrx_word' id='word_1_12' title='bbox 1497 459 1748 514; x_wconf 89' lang='lat' dir='ltr'><strong>noctibus</strong></span> <span class='ocrx_word' id='word_1_13' title='bbox 1775 456 1981 518; x_wconf 77' lang='lat' dir='ltr'><strong>Alium</strong></span> <span class='ocrx_word' id='word_1_14' title='bbox 2007 466 2312 514; x_wconf 88' lang='lat' dir='ltr'><strong>vestrorum</strong></span> <span class='ocrx_word' id='word_1_15' title='bbox 2350 457 2640 515; x_wconf 85' lang='lat' dir='ltr'><strong>amabilem</strong></span> <span class='ocrx_word' id='word_1_16' title='bbox 2686 453 2936 528; x_wconf 80' lang='lat' dir='ltr'><strong>perspexi</strong></span> <span class='ocrx_word' id='word_1_17' title='bbox 2974 453 3223 524; x_wconf 84' lang='lat' dir='ltr'><strong>salutem,</strong></span> <span class='ocrx_word' id='word_1_18' title='bbox 3266 465 3438 515; x_wconf 89' lang='lat' dir='ltr'><strong>totum</strong></span> 
     </span>
    </p>
   </div>
   <div class='ocr_carea' id='block_1_4' title="bbox 203 546 3440 630">
    <p class='ocr_par' dir='ltr' id='par_1_4' title="bbox 203 546 3440 630">
     <span class='ocr_line' id='line_1_4' title="bbox 203 546 3440 630; baseline -0 -23"><span class='ocrx_word' id='word_1_19' title='bbox 203 572 469 630; x_wconf 65' lang='lat' dir='ltr'><strong>suicursus</strong></span> <span class='ocrx_word' id='word_1_20' title='bbox 511 560 754 617; x_wconf 81' lang='lat' dir='ltr'><strong>ordinem</strong></span> <span class='ocrx_word' id='word_1_21' title='bbox 789 558 979 628; x_wconf 83' lang='lat' dir='ltr'><strong>agebat</strong></span> <span class='ocrx_word' id='word_1_22' title='bbox 1023 569 1184 626; x_wconf 85' lang='lat' dir='ltr'><strong>super</strong></span> <span class='ocrx_word' id='word_1_23' title='bbox 1212 552 1328 626; x_wconf 84' lang='lat' dir='ltr'><strong>[F.,</strong></span> <span class='ocrx_word' id='word_1_24' title='bbox 1358 553 1543 608; x_wconf 81' lang='lat' dir='ltr'><strong>subter</strong></span> <span class='ocrx_word' id='word_1_25' title='bbox 1570 559 1623 604; x_wconf 86' lang='lat' dir='ltr'><strong>ut</strong></span> <span class='ocrx_word' id='word_1_26' title='bbox 1665 550 1751 604; x_wconf 89' lang='lat' dir='ltr'><strong>in-</strong></span> <span class='ocrx_word' id='word_1_27' title='bbox 1856 562 1942 602; x_wconf 91' lang='lat' dir='ltr'><strong>me</strong></span> <span class='ocrx_word' id='word_1_28' title='bbox 1968 547 2023 601; x_wconf 93' lang='lat' dir='ltr'><strong>in</strong></span> <span class='ocrx_word' id='word_1_29' title='bbox 2052 549 2346 619; x_wconf 89' lang='lat' dir='ltr'><strong>gratiarum</strong></span> <span class='ocrx_word' id='word_1_30' title='bbox 2395 550 2636 605; x_wconf 79' lang='lat' dir='ltr'><strong>actiones</strong></span> <span class='ocrx_word' id='word_1_31' title='bbox 2665 548 2892 604; x_wconf 89' lang='lat' dir='ltr'><strong>Domino</strong></span> <span class='ocrx_word' id='word_1_32' title='bbox 2918 549 3028 602; x_wconf 85' lang='lat' dir='ltr'><strong>Deo</strong></span> <span class='ocrx_word' id='word_1_33' title='bbox 3071 546 3196 604; x_wconf 87' lang='lat' dir='ltr'><strong>Jesu</strong></span> <span class='ocrx_word' id='word_1_34' title='bbox 3225 547 3440 606; x_wconf 88' lang='lat' dir='ltr'><strong>Christo</strong></span> 
     </span>
    </p>
   </div>
   <div class='ocr_carea' id='block_1_5' title="bbox 205 640 3444 733">
    <p class='ocr_par' dir='ltr' id='par_1_5' title="bbox 205 640 3444 733">
     <span class='ocr_line' id='line_1_5' title="bbox 205 640 3444 733; baseline -0.005 -18"><span class='ocrx_word' id='word_1_35' title='bbox 205 657 292 733; x_wconf 72' lang='lat' dir='ltr'><strong>fro]</strong></span> <span class='ocrx_word' id='word_1_36' title='bbox 316 665 528 712; x_wconf 89' lang='lat' dir='ltr'><strong>terram.</strong></span> <span class='ocrx_word' id='word_1_37' title='bbox 557 649 667 706; x_wconf 87' lang='lat' dir='ltr'><strong>Nec</strong></span> <span class='ocrx_word' id='word_1_38' title='bbox 699 649 845 702; x_wconf 88' lang='lat' dir='ltr'><strong>enim</strong></span> <span class='ocrx_word' id='word_1_39' title='bbox 875 645 1243 718; x_wconf 81' lang='lat' dir='ltr'><strong>prodigiosum</strong></span> <span class='ocrx_word' id='word_1_40' title='bbox 1289 658 1412 698; x_wconf 86' lang='lat' dir='ltr'><strong>reor</strong></span> <span class='ocrx_word' id='word_1_41' title='bbox 1437 641 1577 712; x_wconf 91' lang='lat' dir='ltr'><strong>quod</strong></span> <span class='ocrx_word' id='word_1_42' title='bbox 1603 648 1754 695; x_wconf 91' lang='lat' dir='ltr'><strong>tanto</strong></span> <span class='ocrx_word' id='word_1_43' title='bbox 1855 640 2076 704; x_wconf 87' lang='lat' dir='ltr'><strong>contuli,</strong></span> <span class='ocrx_word' id='word_1_44' title='bbox 2108 640 2281 696; x_wconf 79' lang='lat' dir='ltr'><strong>felicia</strong></span> <span class='ocrx_word' id='word_1_45' title='bbox 2325 641 2632 698; x_wconf 88' lang='lat' dir='ltr'><strong>Christiano</strong></span> <span class='ocrx_word' id='word_1_46' title='bbox 2669 641 2863 713; x_wconf 91' lang='lat' dir='ltr'><strong>populo</strong></span> <span class='ocrx_word' id='word_1_47' title='bbox 2892 650 3136 712; x_wconf 87' lang='lat' dir='ltr'><strong>tempora</strong></span> <span class='ocrx_word' id='word_1_48' title='bbox 3167 642 3219 696; x_wconf 92' lang='lat' dir='ltr'><strong>in</strong></span> <span class='ocrx_word' id='word_1_49' title='bbox 3247 649 3444 698; x_wconf 70' lang='lat' dir='ltr'><strong>vestrae</strong></span> 
     </span>
    </p>
   </div>
   <div class='ocr_carea' id='block_1_6' title="bbox 201 732 3445 819">
    <p class='ocr_par' dir='ltr' id='par_1_6' title="bbox 201 732 3445 819">
     <span class='ocr_line' id='line_1_6' title="bbox 201 732 3445 819; baseline -0.005 -15"><span class='ocrx_word' id='word_1_50' title='bbox 201 732 412 819; x_wconf 84' lang='lat' dir='ltr'><strong>tempore</strong></span> <span class='ocrx_word' id='word_1_51' title='bbox 438 744 594 800; x_wconf 89' lang='lat' dir='ltr'><strong>nobis</strong></span> <span class='ocrx_word' id='word_1_52' title='bbox 619 757 724 796; x_wconf 91' lang='lat' dir='ltr'><strong>non</strong></span> <span class='ocrx_word' id='word_1_53' title='bbox 751 739 1036 812; x_wconf 88' lang='lat' dir='ltr'><strong>apparuit,</strong></span> <span class='ocrx_word' id='word_1_54' title='bbox 1069 737 1162 793; x_wconf 90' lang='lat' dir='ltr'><strong>sed</strong></span> <span class='ocrx_word' id='word_1_55' title='bbox 1188 736 1419 791; x_wconf 79' lang='lat' dir='ltr'><strong>naturali</strong></span> <span class='ocrx_word' id='word_1_56' title='bbox 1451 735 1534 789; x_wconf 91' lang='lat' dir='ltr'><strong>sui</strong></span> <span class='ocrx_word' id='word_1_57' title='bbox 1563 748 1754 789; x_wconf 89' lang='lat' dir='ltr'><strong>cursus</strong></span> <span class='ocrx_word' id='word_1_58' title='bbox 1856 732 2128 788; x_wconf 90' lang='lat' dir='ltr'><strong>felicitatis</strong></span> <span class='ocrx_word' id='word_1_59' title='bbox 2155 735 2481 791; x_wconf 86' lang='lat' dir='ltr'><strong>cxaltatione</strong></span> <span class='ocrx_word' id='word_1_60' title='bbox 2507 744 2563 790; x_wconf 90' lang='lat' dir='ltr'><strong>et</strong></span> <span class='ocrx_word' id='word_1_61' title='bbox 2583 735 2755 791; x_wconf 88' lang='lat' dir='ltr'><strong>salute</strong></span> <span class='ocrx_word' id='word_1_62' title='bbox 2779 735 3078 790; x_wconf 86' lang='lat' dir='ltr'><strong>certissime</strong></span> <span class='ocrx_word' id='word_1_63' title='bbox 3101 735 3277 790; x_wconf 91' lang='lat' dir='ltr'><strong>sciens</strong></span> <span class='ocrx_word' id='word_1_64' title='bbox 3303 752 3315 788; x_wconf 92' lang='lat'><strong>:</strong></span> <span class='ocrx_word' id='word_1_65' title='bbox 3345 748 3445 806; x_wconf 92' lang='lat' dir='ltr'><strong>pro</strong></span> 
     </span>
    </p>
   </div>
   <div class='ocr_carea' id='block_1_7' title="bbox 200 825 3446 905">
    <p class='ocr_par' dir='ltr' id='par_1_7' title="bbox 200 825 3446 905">
     <span class='ocr_line' id='line_1_7' title="bbox 200 825 3446 905; baseline -0.005 -9"><span class='ocrx_word' id='word_1_66' title='bbox 200 842 378 898; x_wconf 89' lang='lat' dir='ltr'><strong>ordine.</strong></span> <span class='ocrx_word' id='word_1_67' title='bbox 404 836 463 892; x_wconf 90' lang='lat' dir='ltr'><strong>Si</strong></span> <span class='ocrx_word' id='word_1_68' title='bbox 485 836 628 892; x_wconf 90' lang='lat' dir='ltr'><strong>enim</strong></span> <span class='ocrx_word' id='word_1_69' title='bbox 658 833 933 905; x_wconf 60' lang='lat' dir='ltr'><strong>praeterito</strong></span> <span class='ocrx_word' id='word_1_70' title='bbox 958 845 1102 885; x_wconf 92' lang='lat' dir='ltr'><strong>anno</strong></span> <span class='ocrx_word' id='word_1_71' title='bbox 1136 829 1188 883; x_wconf 94' lang='lat' dir='ltr'><strong>in</strong></span> <span class='ocrx_word' id='word_1_72' title='bbox 1234 828 1410 883; x_wconf 91' lang='lat' dir='ltr'><strong>sidere</strong></span> <span class='ocrx_word' id='word_1_73' title='bbox 1429 825 1623 882; x_wconf 90' lang='lat' dir='ltr'><strong>Cancri</strong></span> <span class='ocrx_word' id='word_1_74' title='bbox 1647 839 1754 880; x_wconf 92' lang='lat' dir='ltr'><strong>non</strong></span> <span class='ocrx_word' id='word_1_75' title='bbox 1857 841 1963 896; x_wconf 91' lang='lat' dir='ltr'><strong>qua</strong></span> <span class='ocrx_word' id='word_1_76' title='bbox 2013 842 2226 896; x_wconf 88' lang='lat' dir='ltr'><strong>semper</strong></span> <span class='ocrx_word' id='word_1_77' title='bbox 2268 829 2554 884; x_wconf 91' lang='lat' dir='ltr'><strong>Dominum</strong></span> <span class='ocrx_word' id='word_1_78' title='bbox 2606 829 2884 898; x_wconf 85' lang='lat' dir='ltr'><strong>deprecari</strong></span> <span class='ocrx_word' id='word_1_79' title='bbox 2927 828 3151 898; x_wconf 80' lang='lat' dir='ltr'><strong>gaudeo,</strong></span> <span class='ocrx_word' id='word_1_80' title='bbox 3200 827 3446 883; x_wconf 85' lang='lat' dir='ltr'><strong>eamdem</strong></span> 
     </span>
    </p>
   </div>
   <div class='ocr_carea' id='block_1_8' title="bbox 198 920 3448 1003">
    <p class='ocr_par' dir='ltr' id='par_1_8' title="bbox 198 920 3448 1003">
     <span class='ocr_line' id='line_1_8' title="bbox 198 920 3448 1003; baseline -0.004 -15"><span class='ocrx_word' id='word_1_81' title='bbox 198 928 440 1003; x_wconf 85' lang='lat' dir='ltr'><strong>apparuit,</strong></span> <span class='ocrx_word' id='word_1_82' title='bbox 477 933 531 981; x_wconf 89' lang='lat' dir='ltr'><strong>et</strong></span> <span class='ocrx_word' id='word_1_83' title='bbox 559 939 702 979; x_wconf 90' lang='lat' dir='ltr'><strong>nunc</strong></span> <span class='ocrx_word' id='word_1_84' title='bbox 733 922 787 976; x_wconf 92' lang='lat' dir='ltr'><strong>in</strong></span> <span class='ocrx_word' id='word_1_85' title='bbox 813 920 1024 977; x_wconf 85' lang='lat' dir='ltr'><strong>Cancro</strong></span> <span class='ocrx_word' id='word_1_86' title='bbox 1055 925 1307 988; x_wconf 86' lang='lat' dir='ltr'><strong>apparet;</strong></span> <span class='ocrx_word' id='word_1_87' title='bbox 1343 931 1448 971; x_wconf 92' lang='lat' dir='ltr'><strong>non</strong></span> <span class='ocrx_word' id='word_1_88' title='bbox 1479 931 1588 970; x_wconf 91' lang='lat' dir='ltr'><strong>uno</strong></span> <span class='ocrx_word' id='word_1_89' title='bbox 1615 929 1757 969; x_wconf 87' lang='lat' dir='ltr'><strong>anno</strong></span> <span class='ocrx_word' id='word_1_90' title='bbox 1858 933 2074 989; x_wconf 88' lang='lat' dir='ltr'><strong>semper</strong></span> <span class='ocrx_word' id='word_1_91' title='bbox 2101 921 2287 975; x_wconf 89' lang='lat' dir='ltr'><strong>audire</strong></span> <span class='ocrx_word' id='word_1_92' title='bbox 2309 921 2578 987; x_wconf 89' lang='lat' dir='ltr'><strong>desidero,</strong></span> <span class='ocrx_word' id='word_1_93' title='bbox 2607 929 2661 975; x_wconf 92' lang='lat' dir='ltr'><strong>et</strong></span> <span class='ocrx_word' id='word_1_94' title='bbox 2693 921 2847 991; x_wconf 92' lang='lat' dir='ltr'><strong>quasi</strong></span> <span class='ocrx_word' id='word_1_95' title='bbox 2878 929 3142 991; x_wconf 88' lang='lat' dir='ltr'><strong>optatum,</strong></span> <span class='ocrx_word' id='word_1_96' title='bbox 3172 936 3201 974; x_wconf 92' lang='lat' dir='ltr'><strong>a</strong></span> <span class='ocrx_word' id='word_1_97' title='bbox 3228 920 3448 990; x_wconf 87' lang='lat' dir='ltr'><strong>Deoque</strong></span> 
     </span>
    </p>
   </div>
   <div class='ocr_carea' id='block_1_9' title="bbox 198 1012 1758 1084">
    <p class='ocr_par' dir='ltr' id='par_1_9' title="bbox 198 1012 1758 1084">
     <span class='ocr_line' id='line_1_9' title="bbox 198 1012 1758 1084; baseline -0.012 -3"><span class='ocrx_word' id='word_1_98' title='bbox 198 1038 364 1082; x_wconf 89' lang='lat' dir='ltr'><strong>cursus</strong></span> <span class='ocrx_word' id='word_1_99' title='bbox 392 1021 478 1076; x_wconf 92' lang='lat' dir='ltr'><strong>sui</strong></span> <span class='ocrx_word' id='word_1_100' title='bbox 508 1026 728 1082; x_wconf 89' lang='lat' dir='ltr'><strong>metam,</strong></span> <span class='ocrx_word' id='word_1_101' title='bbox 752 1016 846 1072; x_wconf 89' lang='lat' dir='ltr'><strong>sed</strong></span> <span class='ocrx_word' id='word_1_102' title='bbox 867 1015 1044 1084; x_wconf 89' lang='lat' dir='ltr'><strong>spatio</strong></span> <span class='ocrx_word' id='word_1_103' title='bbox 1077 1012 1304 1068; x_wconf 91' lang='lat' dir='ltr'><strong>duorum</strong></span> <span class='ocrx_word' id='word_1_104' title='bbox 1329 1026 1592 1066; x_wconf 89' lang='lat' dir='ltr'><strong>annorum</strong></span> <span class='ocrx_word' id='word_1_105' title='bbox 1631 1025 1758 1080; x_wconf 90' lang='lat' dir='ltr'><strong>per-</strong></span> 
     </span>
    </p>
   </div>
   <div class='ocr_carea' id='block_1_10' title="bbox 195 1100 1760 1184">
    <p class='ocr_par' dir='ltr' id='par_1_10' title="bbox 195 1100 1760 1184">
     <span class='ocr_line' id='line_1_10' title="bbox 195 1100 1760 1184; baseline -0.008 -16"><span class='ocrx_word' id='word_1_106' title='bbox 195 1127 333 1184; x_wconf 81' lang='lat' dir='ltr'><strong>agere</strong></span> <span class='ocrx_word' id='word_1_107' title='bbox 365 1108 717 1180; x_wconf 85' lang='lat' dir='ltr'><strong>dignoscitur,</strong></span> <span class='ocrx_word' id='word_1_108' title='bbox 753 1106 879 1160; x_wconf 91' lang='lat' dir='ltr'><strong>dum</strong></span> <span class='ocrx_word' id='word_1_109' title='bbox 909 1119 1054 1158; x_wconf 91' lang='lat' dir='ltr'><strong>nunc</strong></span> <span class='ocrx_word' id='word_1_110' title='bbox 1077 1103 1312 1158; x_wconf 92' lang='lat' dir='ltr'><strong>secundo</strong></span> <span class='ocrx_word' id='word_1_111' title='bbox 1338 1117 1478 1156; x_wconf 91' lang='lat' dir='ltr'><strong>anno</strong></span> <span class='ocrx_word' id='word_1_112' title='bbox 1508 1101 1561 1154; x_wconf 90' lang='lat' dir='ltr'><strong>in</strong></span> <span class='ocrx_word' id='word_1_113' title='bbox 1591 1100 1760 1156; x_wconf 90' lang='lat' dir='ltr'><strong>altero</strong></span> 
     </span>
    </p>
   </div>
   <div class='ocr_carea' id='block_1_11' title="bbox 193 1193 1758 1265">
    <p class='ocr_par' dir='ltr' id='par_1_11' title="bbox 193 1193 1758 1265">
     <span class='ocr_line' id='line_1_11' title="bbox 193 1193 1758 1265; baseline -0.008 -6"><span class='ocrx_word' id='word_1_114' title='bbox 193 1210 416 1259; x_wconf 84' lang='lat' dir='ltr'><strong>versatur</strong></span> <span class='ocrx_word' id='word_1_115' title='bbox 437 1201 633 1255; x_wconf 91' lang='lat' dir='ltr'><strong>sidere.</strong></span> <span class='ocrx_word' id='word_1_116' title='bbox 657 1197 810 1265; x_wconf 87' lang='lat' dir='ltr'><strong>Quod</strong></span> <span class='ocrx_word' id='word_1_117' title='bbox 840 1211 970 1252; x_wconf 92' lang='lat' dir='ltr'><strong>vero</strong></span> <span class='ocrx_word' id='word_1_118' title='bbox 1000 1195 1240 1250; x_wconf 91' lang='lat' dir='ltr'><strong>additum</strong></span> <span class='ocrx_word' id='word_1_119' title='bbox 1263 1202 1346 1248; x_wconf 90' lang='lat' dir='ltr'><strong>est</strong></span> <span class='ocrx_word' id='word_1_120' title='bbox 1370 1212 1382 1247; x_wconf 87' lang='lat'><em>:</em></span> <span class='ocrx_word' id='word_1_121' title='bbox 1411 1193 1457 1248; x_wconf 83' lang='lat' dir='ltr'><strong>si</strong></span> <span class='ocrx_word' id='word_1_122' title='bbox 1487 1201 1593 1246; x_wconf 89' lang='lat' dir='ltr'><strong>toto</strong></span> <span class='ocrx_word' id='word_1_123' title='bbox 1621 1209 1758 1247; x_wconf 89' lang='lat' dir='ltr'><strong>anno</strong></span> 
     </span>
    </p>
   </div>
   <div class='ocr_carea' id='block_1_12' title="bbox 192 1281 1764 1356">
    <p class='ocr_par' dir='ltr' id='par_1_12' title="bbox 192 1281 1764 1356">
     <span class='ocr_line' id='line_1_12' title="bbox 192 1281 1764 1356; baseline -0.008 -9"><span class='ocrx_word' id='word_1_124' title='bbox 192 1295 451 1348; x_wconf 72' lang='lat' dir='ltr'><strong>stationem</strong></span> <span class='ocrx_word' id='word_1_125' title='bbox 481 1291 537 1343; x_wconf 90' lang='lat' dir='ltr'><strong>in</strong></span> <span class='ocrx_word' id='word_1_126' title='bbox 565 1287 766 1344; x_wconf 85' lang='lat' dir='ltr'><strong>Cancro</strong></span> <span class='ocrx_word' id='word_1_127' title='bbox 797 1286 940 1356; x_wconf 81' lang='lat' dir='ltr'><strong>fecit,</strong></span> <span class='ocrx_word' id='word_1_128' title='bbox 989 1282 1095 1339; x_wconf 83' lang='lat' dir='ltr'><strong>sole</strong></span> <span class='ocrx_word' id='word_1_129' title='bbox 1138 1285 1195 1338; x_wconf 91' lang='lat' dir='ltr'><strong>in</strong></span> <span class='ocrx_word' id='word_1_130' title='bbox 1240 1291 1428 1337; x_wconf 77' lang='lat' dir='ltr'><strong>cwtera</strong></span> <span class='ocrx_word' id='word_1_131' title='bbox 1477 1284 1626 1354; x_wconf 89' lang='lat' dir='ltr'><strong>signa</strong></span> <span class='ocrx_word' id='word_1_132' title='bbox 1663 1281 1764 1335; x_wconf 85' lang='lat' dir='ltr'><strong>mi-</strong></span> 
     </span>
    </p>
   </div>
   <div class='ocr_carea' id='block_1_13' title="bbox 190 1373 1762 1455">
    <p class='ocr_par' dir='ltr' id='par_1_13' title="bbox 190 1373 1762 1455">
     <span class='ocr_line' id='line_1_13' title="bbox 190 1373 1762 1455; baseline -0.007 -18"><span class='ocrx_word' id='word_1_133' title='bbox 190 1392 372 1455; x_wconf 86' lang='lat' dir='ltr'><strong>grante,</strong></span> <span class='ocrx_word' id='word_1_134' title='bbox 401 1397 502 1435; x_wconf 87' lang='lat' dir='ltr'><strong>cur</strong></span> <span class='ocrx_word' id='word_1_135' title='bbox 528 1381 583 1433; x_wconf 87' lang='lat' dir='ltr'><strong>in</strong></span> <span class='ocrx_word' id='word_1_136' title='bbox 617 1378 820 1433; x_wconf 78' lang='lat' dir='ltr'><strong>Cancro</strong></span> <span class='ocrx_word' id='word_1_137' title='bbox 850 1375 1013 1430; x_wconf 80' lang='lat' dir='ltr'><strong>videri</strong></span> <span class='ocrx_word' id='word_1_138' title='bbox 1043 1391 1145 1429; x_wconf 90' lang='lat' dir='ltr'><strong>non</strong></span> <span class='ocrx_word' id='word_1_139' title='bbox 1186 1374 1393 1446; x_wconf 85' lang='lat' dir='ltr'><strong>potuit?</strong></span> <span class='ocrx_word' id='word_1_140' title='bbox 1439 1373 1614 1428; x_wconf 85' lang='lat' dir='ltr'><strong>Etiam</strong></span> <span class='ocrx_word' id='word_1_141' title='bbox 1637 1373 1762 1442; x_wconf 84' lang='lat' dir='ltr'><strong>quia</strong></span> 
     </span>
    </p>
   </div>
   <div class='ocr_carea' id='block_1_14' title="bbox 191 1466 1762 1545">
    <p class='ocr_par' dir='ltr' id='par_1_14' title="bbox 191 1466 1762 1545">
     <span class='ocr_line' id='line_1_14' title="bbox 191 1466 1762 1545; baseline -0.006 -15"><span class='ocrx_word' id='word_1_142' title='bbox 191 1477 289 1545; x_wconf 85' lang='lat' dir='ltr'><strong>ipse</strong></span> <span class='ocrx_word' id='word_1_143' title='bbox 309 1473 539 1538; x_wconf 86' lang='lat' dir='ltr'><strong>Cancer,</strong></span> <span class='ocrx_word' id='word_1_144' title='bbox 562 1471 616 1526; x_wconf 93' lang='lat' dir='ltr'><strong>in</strong></span> <span class='ocrx_word' id='word_1_145' title='bbox 639 1486 747 1541; x_wconf 90' lang='lat' dir='ltr'><strong>quo</strong></span> <span class='ocrx_word' id='word_1_146' title='bbox 767 1470 1056 1526; x_wconf 86' lang='lat' dir='ltr'><strong>stationem</strong></span> <span class='ocrx_word' id='word_1_147' title='bbox 1079 1467 1226 1532; x_wconf 86' lang='lat' dir='ltr'><strong>fecit,</strong></span> <span class='ocrx_word' id='word_1_148' title='bbox 1249 1466 1418 1522; x_wconf 89' lang='lat' dir='ltr'><strong>videri</strong></span> <span class='ocrx_word' id='word_1_149' title='bbox 1441 1483 1546 1522; x_wconf 90' lang='lat' dir='ltr'><strong>non</strong></span> <span class='ocrx_word' id='word_1_150' title='bbox 1569 1467 1762 1538; x_wconf 88' lang='lat' dir='ltr'><strong>potuit.</strong></span> 
     </span>
    </p>
   </div>
   <div class='ocr_carea' id='block_1_15' title="bbox 187 1558 1768 1631">
    <p class='ocr_par' dir='ltr' id='par_1_15' title="bbox 187 1558 1768 1631">
     <span class='ocr_line' id='line_1_15' title="bbox 187 1558 1768 1631; baseline -0.006 -9"><span class='ocrx_word' id='word_1_151' title='bbox 187 1567 294 1623; x_wconf 73' lang='lat' dir='ltr'><strong>Mox</strong></span> <span class='ocrx_word' id='word_1_152' title='bbox 313 1581 446 1621; x_wconf 90' lang='lat' dir='ltr'><strong>vero</strong></span> <span class='ocrx_word' id='word_1_153' title='bbox 479 1566 604 1620; x_wconf 93' lang='lat' dir='ltr'><strong>dum</strong></span> <span class='ocrx_word' id='word_1_154' title='bbox 632 1563 842 1620; x_wconf 87' lang='lat' dir='ltr'><strong>Cancer</strong></span> <span class='ocrx_word' id='word_1_155' title='bbox 870 1561 1039 1618; x_wconf 89' lang='lat' dir='ltr'><strong>videri</strong></span> <span class='ocrx_word' id='word_1_156' title='bbox 1067 1560 1264 1631; x_wconf 91' lang='lat' dir='ltr'><strong>potuit,</strong></span> <span class='ocrx_word' id='word_1_157' title='bbox 1295 1561 1411 1614; x_wconf 89' lang='lat' dir='ltr'><strong>visa</strong></span> <span class='ocrx_word' id='word_1_158' title='bbox 1451 1568 1536 1614; x_wconf 90' lang='lat' dir='ltr'><strong>est</strong></span> <span class='ocrx_word' id='word_1_159' title='bbox 1575 1568 1628 1614; x_wconf 93' lang='lat' dir='ltr'><strong>et</strong></span> <span class='ocrx_word' id='word_1_160' title='bbox 1674 1558 1768 1613; x_wconf 86' lang='lat' dir='ltr'><strong>illa</strong></span> 
     </span>
    </p>
   </div>
   <div class='ocr_carea' id='block_1_16' title="bbox 187 1647 1770 1724">
    <p class='ocr_par' dir='ltr' id='par_1_16' title="bbox 187 1647 1770 1724">
     <span class='ocr_line' id='line_1_16' title="bbox 187 1647 1770 1724; baseline -0.008 -12"><span class='ocrx_word' id='word_1_161' title='bbox 187 1672 295 1712; x_wconf 88' lang='lat' dir='ltr'><strong>cum</strong></span> <span class='ocrx_word' id='word_1_162' title='bbox 319 1655 555 1721; x_wconf 86' lang='lat' dir='ltr'><strong>Cancro,</strong></span> <span class='ocrx_word' id='word_1_163' title='bbox 579 1653 672 1724; x_wconf 86' lang='lat' dir='ltr'><strong>qui</strong></span> <span class='ocrx_word' id='word_1_164' title='bbox 709 1666 851 1706; x_wconf 91' lang='lat' dir='ltr'><strong>anno</strong></span> <span class='ocrx_word' id='word_1_165' title='bbox 880 1651 1154 1722; x_wconf 69' lang='lat' dir='ltr'><strong>praeterito</strong></span> <span class='ocrx_word' id='word_1_166' title='bbox 1196 1663 1358 1704; x_wconf 88' lang='lat' dir='ltr'><strong>cursu</strong></span> <span class='ocrx_word' id='word_1_167' title='bbox 1398 1647 1628 1702; x_wconf 89' lang='lat' dir='ltr'><strong>naturali</strong></span> <span class='ocrx_word' id='word_1_168' title='bbox 1672 1661 1770 1702; x_wconf 88' lang='lat' dir='ltr'><strong>no-</strong></span> 
     </span>
    </p>
   </div>
   <div class='ocr_carea' id='block_1_17' title="bbox 183 1744 960 1804">
    <p class='ocr_par' dir='ltr' id='par_1_17' title="bbox 183 1744 960 1804">
     <span class='ocr_line' id='line_1_17' title="bbox 183 1744 960 1804; baseline -0.008 -1"><span class='ocrx_word' id='word_1_169' title='bbox 183 1748 347 1804; x_wconf 87' lang='lat' dir='ltr'><strong>ctibus</strong></span> <span class='ocrx_word' id='word_1_170' title='bbox 373 1749 480 1803; x_wconf 91' lang='lat' dir='ltr'><strong>sub</strong></span> <span class='ocrx_word' id='word_1_171' title='bbox 511 1756 685 1802; x_wconf 89' lang='lat' dir='ltr'><strong>terras</strong></span> <span class='ocrx_word' id='word_1_172' title='bbox 714 1744 960 1801; x_wconf 89' lang='lat' dir='ltr'><strong>recessit.</strong></span> 
     </span>
    </p>
   </div>
   <div class='ocr_carea' id='block_1_18' title="bbox 1860 1009 3450 1084">
    <p class='ocr_par' dir='ltr' id='par_1_18' title="bbox 1860 1009 3450 1084">
     <span class='ocr_line' id='line_1_18' title="bbox 1860 1009 3450 1084; baseline 0.001 -20"><span class='ocrx_word' id='word_1_173' title='bbox 1860 1009 2183 1064; x_wconf 89' lang='lat' dir='ltr'><strong>destinatum</strong></span> <span class='ocrx_word' id='word_1_174' title='bbox 2228 1027 2422 1065; x_wconf 91' lang='lat' dir='ltr'><strong>munus</strong></span> <span class='ocrx_word' id='word_1_175' title='bbox 2464 1013 2612 1068; x_wconf 89' lang='lat' dir='ltr'><strong>omni</strong></span> <span class='ocrx_word' id='word_1_176' title='bbox 2661 1013 2856 1084; x_wconf 88' lang='lat' dir='ltr'><strong>gaudio</strong></span> <span class='ocrx_word' id='word_1_177' title='bbox 2903 1020 3140 1067; x_wconf 79' lang='lat' dir='ltr'><strong>vestram</strong></span> <span class='ocrx_word' id='word_1_178' title='bbox 3172 1011 3450 1066; x_wconf 86' lang='lat' dir='ltr'><strong>incolumi-</strong></span> 
     </span>
    </p>
   </div>
   <div class='ocr_carea' id='block_1_19' title="bbox 1862 1103 3452 1176">
    <p class='ocr_par' dir='ltr' id='par_1_19' title="bbox 1862 1103 3452 1176">
     <span class='ocr_line' id='line_1_19' title="bbox 1862 1103 3452 1176; baseline 0.001 -18"><span class='ocrx_word' id='word_1_179' title='bbox 1862 1111 2026 1158; x_wconf 89' lang='lat' dir='ltr'><strong>tatem</strong></span> <span class='ocrx_word' id='word_1_180' title='bbox 2063 1103 2285 1174; x_wconf 90' lang='lat' dir='ltr'><strong>cupiens</strong></span> <span class='ocrx_word' id='word_1_181' title='bbox 2315 1120 2530 1176; x_wconf 88' lang='lat' dir='ltr'><strong>semper</strong></span> <span class='ocrx_word' id='word_1_182' title='bbox 2555 1105 2760 1160; x_wconf 90' lang='lat' dir='ltr'><strong>audire.</strong></span> <span class='ocrx_word' id='word_1_183' title='bbox 2788 1105 2920 1172; x_wconf 87' lang='lat' dir='ltr'><strong>Quis</strong></span> <span class='ocrx_word' id='word_1_184' title='bbox 2949 1107 3092 1160; x_wconf 90' lang='lat' dir='ltr'><strong>enim</strong></span> <span class='ocrx_word' id='word_1_185' title='bbox 3124 1113 3208 1160; x_wconf 88' lang='lat' dir='ltr'><strong>est</strong></span> <span class='ocrx_word' id='word_1_186' title='bbox 3229 1105 3317 1174; x_wconf 93' lang='lat' dir='ltr'><strong>qui</strong></span> <span class='ocrx_word' id='word_1_187' title='bbox 3343 1118 3452 1160; x_wconf 88' lang='lat' dir='ltr'><strong>non</strong></span> 
     </span>
    </p>
   </div>
   <div class='ocr_carea' id='block_1_20' title="bbox 1862 1197 3456 1272">
    <p class='ocr_par' dir='ltr' id='par_1_20' title="bbox 1862 1197 3456 1272">
     <span class='ocr_line' id='line_1_20' title="bbox 1862 1197 3456 1272; baseline 0.004 -23"><span class='ocrx_word' id='word_1_188' title='bbox 1862 1197 2091 1266; x_wconf 82' lang='lat' dir='ltr'><strong>gaudeat</strong></span> <span class='ocrx_word' id='word_1_189' title='bbox 2120 1199 2184 1252; x_wconf 89' lang='lat' dir='ltr'><strong>de</strong></span> <span class='ocrx_word' id='word_1_190' title='bbox 2208 1199 2288 1253; x_wconf 90' lang='lat' dir='ltr'><strong>sui</strong></span> <span class='ocrx_word' id='word_1_191' title='bbox 2322 1199 2514 1270; x_wconf 87' lang='lat' dir='ltr'><strong>capitis</strong></span> <span class='ocrx_word' id='word_1_192' title='bbox 2539 1199 2778 1270; x_wconf 87' lang='lat' dir='ltr'><strong>perfecta</strong></span> <span class='ocrx_word' id='word_1_193' title='bbox 2803 1201 3144 1272; x_wconf 80' lang='lat' dir='ltr'><strong>integritate?</strong></span> <span class='ocrx_word' id='word_1_194' title='bbox 3173 1201 3277 1255; x_wconf 87' lang='lat' dir='ltr'><strong>nisi</strong></span> <span class='ocrx_word' id='word_1_195' title='bbox 3313 1199 3456 1256; x_wconf 81' lang='lat' dir='ltr'><strong>forte</strong></span> 
     </span>
    </p>
   </div>
   <div class='ocr_carea' id='block_1_21' title="bbox 1863 1285 3458 1361">
    <p class='ocr_par' dir='ltr' id='par_1_21' title="bbox 1863 1285 3458 1361">
     <span class='ocr_line' id='line_1_21' title="bbox 1863 1285 3458 1361; baseline 0.004 -22"><span class='ocrx_word' id='word_1_196' title='bbox 1863 1285 2206 1352; x_wconf 82' lang='lat' dir='ltr'><strong>furibundus,</strong></span> <span class='ocrx_word' id='word_1_197' title='bbox 2231 1289 2313 1344; x_wconf 91' lang='lat' dir='ltr'><strong>vel</strong></span> <span class='ocrx_word' id='word_1_198' title='bbox 2355 1291 2595 1356; x_wconf 90' lang='lat' dir='ltr'><strong>insanus,</strong></span> <span class='ocrx_word' id='word_1_199' title='bbox 2631 1305 2789 1360; x_wconf 86' lang='lat' dir='ltr'><strong>quem</strong></span> <span class='ocrx_word' id='word_1_200' title='bbox 2819 1291 3138 1346; x_wconf 88' lang='lat' dir='ltr'><strong>arctissimis</strong></span> <span class='ocrx_word' id='word_1_201' title='bbox 3162 1290 3458 1361; x_wconf 83' lang='lat' dir='ltr'><strong>Hippocra-</strong></span> 
     </span>
    </p>
   </div>
   <div class='ocr_carea' id='block_1_22' title="bbox 1867 1377 3456 1453">
    <p class='ocr_par' dir='ltr' id='par_1_22' title="bbox 1867 1377 3456 1453">
     <span class='ocr_line' id='line_1_22' title="bbox 1867 1377 3456 1453; baseline 0.004 -23"><span class='ocrx_word' id='word_1_202' title='bbox 1867 1377 1936 1432; x_wconf 87' lang='lat' dir='ltr'><strong>tis</strong></span> <span class='ocrx_word' id='word_1_203' title='bbox 1961 1380 2188 1435; x_wconf 88' lang='lat' dir='ltr'><strong>vinculis</strong></span> <span class='ocrx_word' id='word_1_204' title='bbox 2210 1380 2536 1451; x_wconf 82' lang='lat' dir='ltr'><strong>alligandum</strong></span> <span class='ocrx_word' id='word_1_205' title='bbox 2581 1395 2702 1435; x_wconf 91' lang='lat' dir='ltr'><strong>esse</strong></span> <span class='ocrx_word' id='word_1_206' title='bbox 2739 1394 2933 1436; x_wconf 88' lang='lat' dir='ltr'><strong>censeo</strong></span> <span class='ocrx_word' id='word_1_207' title='bbox 2960 1381 3113 1453; x_wconf 85' lang='lat' dir='ltr'><strong>[Cod.</strong></span> <span class='ocrx_word' id='word_1_208' title='bbox 3149 1379 3292 1448; x_wconf 89' lang='lat' dir='ltr'><strong>Vat.,</strong></span> <span class='ocrx_word' id='word_1_209' title='bbox 3326 1396 3456 1437; x_wconf 88' lang='lat' dir='ltr'><strong>cen-</strong></span> 
     </span>
    </p>
   </div>
   <div class='ocr_carea' id='block_1_23' title="bbox 1868 1469 3458 1543">
    <p class='ocr_par' dir='ltr' id='par_1_23' title="bbox 1868 1469 3458 1543">
     <span class='ocr_line' id='line_1_23' title="bbox 1868 1469 3458 1543; baseline 0.001 -18"><span class='ocrx_word' id='word_1_210' title='bbox 1868 1470 2035 1543; x_wconf 86' lang='lat' dir='ltr'><strong>suit]?</strong></span> <span class='ocrx_word' id='word_1_211' title='bbox 2060 1471 2173 1525; x_wconf 89' lang='lat' dir='ltr'><strong>Etsi</strong></span> <span class='ocrx_word' id='word_1_212' title='bbox 2209 1469 2366 1539; x_wconf 80' lang='lat' dir='ltr'><strong>juxta</strong></span> <span class='ocrx_word' id='word_1_213' title='bbox 2413 1471 2658 1542; x_wconf 86' lang='lat' dir='ltr'><strong>Apostoli</strong></span> <span class='ocrx_word' id='word_1_214' title='bbox 2706 1471 3027 1526; x_wconf 88' lang='lat' dir='ltr'><strong>sententiam</strong></span> <span class='ocrx_word' id='word_1_215' title='bbox 3071 1487 3217 1525; x_wconf 90' lang='lat' dir='ltr'><strong>nemo</strong></span> <span class='ocrx_word' id='word_1_216' title='bbox 3247 1485 3458 1526; x_wconf 82' lang='lat' dir='ltr'><strong>carnem</strong></span> 
     </span>
    </p>
   </div>
   <div class='ocr_carea' id='block_1_24' title="bbox 1866 1561 3452 1634">
    <p class='ocr_par' dir='ltr' id='par_1_24' title="bbox 1866 1561 3452 1634">
     <span class='ocr_line' id='line_1_24' title="bbox 1866 1561 3452 1634; baseline 0.003 -20"><span class='ocrx_word' id='word_1_217' title='bbox 1866 1578 2019 1614; x_wconf 89' lang='lat' dir='ltr'><strong>suam</strong></span> <span class='ocrx_word' id='word_1_218' title='bbox 2058 1562 2178 1616; x_wconf 91' lang='lat' dir='ltr'><strong>odio</strong></span> <span class='ocrx_word' id='word_1_219' title='bbox 2206 1562 2378 1627; x_wconf 84' lang='lat' dir='ltr'><strong>habet,</strong></span> <span class='ocrx_word' id='word_1_220' title='bbox 2415 1562 2504 1616; x_wconf 88' lang='lat' dir='ltr'><strong>sed</strong></span> <span class='ocrx_word' id='word_1_221' title='bbox 2541 1563 2697 1617; x_wconf 87' lang='lat' dir='ltr'><strong>etiam</strong></span> <span class='ocrx_word' id='word_1_222' title='bbox 2726 1562 2858 1632; x_wconf 79' lang='lat' dir='ltr'><strong>fovet</strong></span> <span class='ocrx_word' id='word_1_223' title='bbox 2886 1571 2934 1616; x_wconf 90' lang='lat' dir='ltr'><strong>et</strong></span> <span class='ocrx_word' id='word_1_224' title='bbox 2958 1563 3122 1622; x_wconf 78' lang='lat' dir='ltr'><strong>nutrit</strong></span> <span class='ocrx_word' id='word_1_225' title='bbox 3153 1561 3367 1634; x_wconf 78' lang='lat' dir='ltr'><strong>(Ep/tes.</strong></span> <span class='ocrx_word' id='word_1_226' title='bbox 3393 1576 3452 1630; x_wconf 90' lang='lat' dir='ltr'><strong>v,</strong></span> 
     </span>
    </p>
   </div>
   <div class='ocr_carea' id='block_1_25' title="bbox 1869 1654 3463 1727">
    <p class='ocr_par' dir='ltr' id='par_1_25' title="bbox 1869 1654 3463 1727">
     <span class='ocr_line' id='line_1_25' title="bbox 1869 1654 3463 1727; baseline -0.001 -18"><span class='ocrx_word' id='word_1_227' title='bbox 1869 1654 1996 1727; x_wconf 73' lang='lat'><strong>29);</strong></span> <span class='ocrx_word' id='word_1_228' title='bbox 2033 1663 2236 1726; x_wconf 89' lang='lat' dir='ltr'><strong>quanto</strong></span> <span class='ocrx_word' id='word_1_229' title='bbox 2271 1655 2444 1726; x_wconf 85' lang='lat' dir='ltr'><strong>magis</strong></span> <span class='ocrx_word' id='word_1_230' title='bbox 2489 1655 2543 1709; x_wconf 90' lang='lat' dir='ltr'><strong>in</strong></span> <span class='ocrx_word' id='word_1_231' title='bbox 2596 1655 2789 1724; x_wconf 90' lang='lat' dir='ltr'><strong>capitis</strong></span> <span class='ocrx_word' id='word_1_232' title='bbox 2831 1654 3079 1719; x_wconf 88' lang='lat' dir='ltr'><strong>sanitate,</strong></span> <span class='ocrx_word' id='word_1_233' title='bbox 3130 1655 3185 1709; x_wconf 91' lang='lat' dir='ltr'><strong>in</strong></span> <span class='ocrx_word' id='word_1_234' title='bbox 3235 1669 3344 1724; x_wconf 84' lang='lat' dir='ltr'><strong>quo</strong></span> <span class='ocrx_word' id='word_1_235' title='bbox 3377 1660 3463 1710; x_wconf 86' lang='lat' dir='ltr'><strong>est</strong></span> 
     </span>
    </p>
   </div>
   <div class='ocr_carea' id='block_1_26' title="bbox 1771 1746 3463 1819">
    <p class='ocr_par' dir='ltr' id='par_1_26' title="bbox 1771 1746 3463 1819">
     <span class='ocr_line' id='line_1_26' title="bbox 1771 1746 3463 1819; baseline 0.001 -17"><span class='ocrx_word' id='word_1_236' title='bbox 1771 1754 1775 1758; x_wconf 75' lang='lat'><strong>‘</strong></span> <span class='ocrx_word' id='word_1_237' title='bbox 1870 1749 2036 1804; x_wconf 89' lang='lat' dir='ltr'><strong>totius</strong></span> <span class='ocrx_word' id='word_1_238' title='bbox 2084 1749 2329 1818; x_wconf 88' lang='lat' dir='ltr'><strong>corporis</strong></span> <span class='ocrx_word' id='word_1_239' title='bbox 2370 1746 2632 1819; x_wconf 84' lang='lat' dir='ltr'><strong>perfectio</strong></span> <span class='ocrx_word' id='word_1_240' title='bbox 2670 1756 2723 1802; x_wconf 92' lang='lat' dir='ltr'><strong>et</strong></span> <span class='ocrx_word' id='word_1_241' title='bbox 2752 1747 2920 1816; x_wconf 78' lang='lat' dir='ltr'><strong>gloria</strong></span> <span class='ocrx_word' id='word_1_242' title='bbox 2951 1748 3148 1815; x_wconf 89' lang='lat' dir='ltr'><strong>omnis,</strong></span> <span class='ocrx_word' id='word_1_243' title='bbox 3188 1747 3463 1803; x_wconf 85' lang='lat' dir='ltr'><strong>membro-</strong></span> 
     </span>
    </p>
   </div>
   <div class='ocr_carea' id='block_1_27' title="bbox 241 1825 2822 1912">
    <p class='ocr_par' dir='ltr' id='par_1_27' title="bbox 241 1825 2822 1912">
     <span class='ocr_line' id='line_1_27' title="bbox 241 1825 2822 1912; baseline -0.005 -19"><span class='ocrx_word' id='word_1_244' title='bbox 241 1851 265 1878; x_wconf 72' lang='grc' dir='ltr'>α</span> <span class='ocrx_word' id='word_1_245' title='bbox 288 1837 346 1892; x_wconf 86' lang='lat' dir='ltr'><strong>In</strong></span> <span class='ocrx_word' id='word_1_246' title='bbox 374 1839 484 1892; x_wconf 92' lang='lat' dir='ltr'><strong>alia</strong></span> <span class='ocrx_word' id='word_1_247' title='bbox 513 1836 760 1892; x_wconf 88' lang='lat' dir='ltr'><strong>chartula</strong></span> <span class='ocrx_word' id='word_1_248' title='bbox 786 1833 979 1904; x_wconf 88' lang='lat' dir='ltr'><strong>scripsi</strong></span> <span class='ocrx_word' id='word_1_249' title='bbox 1004 1833 1071 1889; x_wconf 92' lang='lat' dir='ltr'><strong>de</strong></span> <span class='ocrx_word' id='word_1_250' title='bbox 1091 1833 1145 1888; x_wconf 91' lang='lat' dir='ltr'><strong>vi</strong></span> <span class='ocrx_word' id='word_1_251' title='bbox 1171 1831 1319 1896; x_wconf 90' lang='lat' dir='ltr'><strong>solis,</strong></span> <span class='ocrx_word' id='word_1_252' title='bbox 1344 1831 1633 1902; x_wconf 74' lang='lat' dir='ltr'><strong>insequales</strong></span> <span class='ocrx_word' id='word_1_253' title='bbox 1646 1845 1770 1888; x_wconf 87' lang='lat' dir='ltr'><strong>eur-</strong></span> <span class='ocrx_word' id='word_1_254' title='bbox 1795 1825 1847 1889; x_wconf 84' lang='lat' dir='ltr'><strong>B</strong></span> <span class='ocrx_word' id='word_1_255' title='bbox 1873 1857 1993 1898; x_wconf 71' lang='lat' dir='ltr'><strong>rum</strong></span> <span class='ocrx_word' id='word_1_256' title='bbox 2027 1857 2286 1912; x_wconf 70' lang='lat' dir='ltr'><strong>compago</strong></span> <span class='ocrx_word' id='word_1_257' title='bbox 2312 1841 2550 1912; x_wconf 66' lang='lat' dir='ltr'><strong>gaudere</strong></span> <span class='ocrx_word' id='word_1_258' title='bbox 2573 1842 2731 1897; x_wconf 54' lang='lat' dir='ltr'><strong>debet</strong></span> <span class='ocrx_word' id='word_1_259' title='bbox 2759 1841 2822 1896; x_wconf 68' lang='grc' dir='ltr'><strong>ιη</strong></span> 
     </span>
    </p>
   </div>
   <div class='ocr_carea' id='block_1_28' title="bbox 177 1923 1511 1996">
    <p class='ocr_par' dir='ltr' id='par_1_28' title="bbox 177 1923 1511 1996">
     <span class='ocr_line' id='line_1_28' title="bbox 177 1923 1511 1996; baseline -0.005 -12"><span class='ocrx_word' id='word_1_260' title='bbox 177 1944 260 1984; x_wconf 90' lang='lat' dir='ltr'><strong>sus</strong></span> <span class='ocrx_word' id='word_1_261' title='bbox 285 1930 602 1984; x_wconf 78' lang='lat' dir='ltr'><strong>errantibus</strong></span> <span class='ocrx_word' id='word_1_262' title='bbox 639 1927 810 1984; x_wconf 87' lang='lat' dir='ltr'><strong>stellis</strong></span> <span class='ocrx_word' id='word_1_263' title='bbox 832 1925 1100 1992; x_wconf 77' lang='lat' dir='ltr'><strong>facientis,</strong></span> <span class='ocrx_word' id='word_1_264' title='bbox 1129 1933 1190 1980; x_wconf 93' lang='lat' dir='ltr'><strong>ut</strong></span> <span class='ocrx_word' id='word_1_265' title='bbox 1211 1932 1371 1996; x_wconf 87' lang='lat' dir='ltr'><strong>poeta</strong></span> <span class='ocrx_word' id='word_1_266' title='bbox 1400 1923 1511 1978; x_wconf 91' lang='lat' dir='ltr'><strong>ait:</strong></span> 
     </span>
    </p>
   </div>
   <div class='ocr_carea' id='block_1_29' title="bbox 465 2059 1313 2134">
    <p class='ocr_par' dir='ltr' id='par_1_29' title="bbox 465 2059 1313 2134">
     <span class='ocr_line' id='line_1_29' title="bbox 465 2059 1313 2134; baseline -0.007 -14"><span class='ocrx_word' id='word_1_267' title='bbox 465 2105 480 2120; x_wconf 92' lang='lat'><strong>.</strong></span> <span class='ocrx_word' id='word_1_268' title='bbox 557 2063 650 2120; x_wconf 90' lang='lat' dir='ltr'><strong>Sol</strong></span> <span class='ocrx_word' id='word_1_269' title='bbox 678 2071 922 2134; x_wconf 91' lang='lat' dir='ltr'><strong>tempora</strong></span> <span class='ocrx_word' id='word_1_270' title='bbox 945 2059 1136 2116; x_wconf 85' lang='lat' dir='ltr'><strong>dividit</strong></span> <span class='ocrx_word' id='word_1_271' title='bbox 1163 2059 1313 2126; x_wconf 88' lang='lat' dir='ltr'><strong>anni,</strong></span> 
     </span>
    </p>
   </div>
   <div class='ocr_carea' id='block_1_30' title="bbox 467 2153 1380 2224">
    <p class='ocr_par' dir='ltr' id='par_1_30' title="bbox 467 2153 1380 2224">
     <span class='ocr_line' id='line_1_30' title="bbox 467 2153 1380 2224; baseline -0.007 -12"><span class='ocrx_word' id='word_1_272' title='bbox 467 2197 482 2211; x_wconf 94' lang='lat'><strong>.</strong></span> <span class='ocrx_word' id='word_1_273' title='bbox 558 2155 729 2211; x_wconf 86' lang='lat' dir='ltr'><strong>Mutat</strong></span> <span class='ocrx_word' id='word_1_274' title='bbox 757 2162 1079 2224; x_wconf 87' lang='lat' dir='ltr'><strong>noctemque</strong></span> <span class='ocrx_word' id='word_1_275' title='bbox 1109 2153 1380 2222; x_wconf 89' lang='lat' dir='ltr'><strong>diemque,</strong></span> 
     </span>
    </p>
   </div>
   <div class='ocr_carea' id='block_1_31' title="bbox 463 2245 1373 2316">
    <p class='ocr_par' dir='ltr' id='par_1_31' title="bbox 463 2245 1373 2316">
     <span class='ocr_line' id='line_1_31' title="bbox 463 2245 1373 2316; baseline -0.007 -14"><span class='ocrx_word' id='word_1_276' title='bbox 463 2288 476 2302; x_wconf 94' lang='lat'><strong>.</strong></span> <span class='ocrx_word' id='word_1_277' title='bbox 553 2248 843 2316; x_wconf 85' lang='lat' dir='ltr'><strong>Radiisque</strong></span> <span class='ocrx_word' id='word_1_278' title='bbox 867 2245 1176 2316; x_wconf 89' lang='lat' dir='ltr'><strong>petentibus</strong></span> <span class='ocrx_word' id='word_1_279' title='bbox 1207 2251 1373 2304; x_wconf 90' lang='lat' dir='ltr'><strong>astra,</strong></span> 
     </span>
    </p>
   </div>
   <div class='ocr_carea' id='block_1_32' title="bbox 249 2335 1658 2412">
    <p class='ocr_par' dir='ltr' id='par_1_32' title="bbox 249 2335 1658 2412">
     <span class='ocr_line' id='line_1_32' title="bbox 249 2335 1658 2412; baseline -0.011 -14"><span class='ocrx_word' id='word_1_280' title='bbox 249 2341 378 2412; x_wconf 85' lang='lat' dir='ltr'><strong>Ipse</strong></span> <span class='ocrx_word' id='word_1_281' title='bbox 401 2349 576 2406; x_wconf 84' lang='lat' dir='ltr'><strong>vetat,</strong></span> <span class='ocrx_word' id='word_1_282' title='bbox 604 2351 904 2407; x_wconf 91' lang='lat' dir='ltr'><strong>cursusque</strong></span> <span class='ocrx_word' id='word_1_283' title='bbox 923 2352 1090 2407; x_wconf 86' lang='lat' dir='ltr'><strong>vagos</strong></span> <span class='ocrx_word' id='word_1_284' title='bbox 1125 2335 1359 2390; x_wconf 89' lang='lat' dir='ltr'><strong>statione</strong></span> <span class='ocrx_word' id='word_1_285' title='bbox 1395 2337 1658 2386; x_wconf 90' lang='lat' dir='ltr'><strong>moratur.</strong></span> 
     </span>
    </p>
   </div>
   <div class='ocr_carea' id='block_1_33' title="bbox 157 2463 1779 2548">
    <p class='ocr_par' dir='ltr' id='par_1_33' title="bbox 157 2463 1779 2548">
     <span class='ocr_line' id='line_1_33' title="bbox 157 2463 1779 2548; baseline -0.01 -13"><span class='ocrx_word' id='word_1_286' title='bbox 157 2475 317 2548; x_wconf 82' lang='lat' dir='ltr'><strong>Quod</strong></span> <span class='ocrx_word' id='word_1_287' title='bbox 357 2474 668 2545; x_wconf 72' lang='lat' dir='ltr'><strong>szepissime</strong></span> <span class='ocrx_word' id='word_1_288' title='bbox 697 2473 987 2536; x_wconf 89' lang='lat' dir='ltr'><strong>Saturnus,</strong></span> <span class='ocrx_word' id='word_1_289' title='bbox 1017 2469 1167 2526; x_wconf 86' lang='lat' dir='ltr'><strong>Jovis</strong></span> <span class='ocrx_word' id='word_1_290' title='bbox 1195 2479 1250 2525; x_wconf 92' lang='lat' dir='ltr'><strong>et</strong></span> <span class='ocrx_word' id='word_1_291' title='bbox 1287 2468 1431 2523; x_wconf 86' lang='lat' dir='ltr'><strong>Mars</strong></span> <span class='ocrx_word' id='word_1_292' title='bbox 1453 2467 1568 2536; x_wconf 90' lang='lat' dir='ltr'><strong>pati</strong></span> <span class='ocrx_word' id='word_1_293' title='bbox 1591 2463 1779 2519; x_wconf 89' lang='lat' dir='ltr'><strong>viden-</strong></span> 
     </span>
    </p>
   </div>
   <div class='ocr_carea' id='block_1_34' title="bbox 158 2556 1778 2632">
    <p class='ocr_par' dir='ltr' id='par_1_34' title="bbox 158 2556 1778 2632">
     <span class='ocr_line' id='line_1_34' title="bbox 158 2556 1778 2632; baseline -0.007 -10"><span class='ocrx_word' id='word_1_294' title='bbox 158 2579 265 2624; x_wconf 86' lang='lat' dir='ltr'><strong>tur.</strong></span> <span class='ocrx_word' id='word_1_295' title='bbox 297 2567 517 2621; x_wconf 80' lang='lat' dir='ltr'><strong>Vestra</strong></span> <span class='ocrx_word' id='word_1_296' title='bbox 556 2579 684 2619; x_wconf 91' lang='lat' dir='ltr'><strong>vero</strong></span> <span class='ocrx_word' id='word_1_297' title='bbox 710 2564 1018 2619; x_wconf 90' lang='lat' dir='ltr'><strong>veneranda</strong></span> <span class='ocrx_word' id='word_1_298' title='bbox 1055 2562 1317 2632; x_wconf 91' lang='lat' dir='ltr'><strong>sapientia</strong></span> <span class='ocrx_word' id='word_1_299' title='bbox 1365 2568 1420 2615; x_wconf 92' lang='lat' dir='ltr'><strong>et</strong></span> <span class='ocrx_word' id='word_1_300' title='bbox 1465 2556 1778 2614; x_wconf 87' lang='lat' dir='ltr'><strong>acutissima</strong></span> 
     </span>
    </p>
   </div>
   <div class='ocr_carea' id='block_1_35' title="bbox 156 2648 1777 2720">
    <p class='ocr_par' dir='ltr' id='par_1_35' title="bbox 156 2648 1777 2720">
     <span class='ocr_line' id='line_1_35' title="bbox 156 2648 1777 2720; baseline -0.007 -6"><span class='ocrx_word' id='word_1_301' title='bbox 156 2657 403 2714; x_wconf 83' lang='lat' dir='ltr'><strong>scientia</strong></span> <span class='ocrx_word' id='word_1_302' title='bbox 441 2655 643 2719; x_wconf 84' lang='lat' dir='ltr'><strong>videat,</strong></span> <span class='ocrx_word' id='word_1_303' title='bbox 675 2654 857 2709; x_wconf 86' lang='lat' dir='ltr'><strong>vel.in</strong></span> <span class='ocrx_word' id='word_1_304' title='bbox 901 2654 1023 2719; x_wconf 89' lang='lat' dir='ltr'><strong>hac,</strong></span> <span class='ocrx_word' id='word_1_305' title='bbox 1057 2653 1143 2708; x_wconf 88' lang='lat' dir='ltr'><strong>vel</strong></span> <span class='ocrx_word' id='word_1_306' title='bbox 1183 2653 1237 2706; x_wconf 90' lang='lat' dir='ltr'><strong>in</strong></span> <span class='ocrx_word' id='word_1_307' title='bbox 1267 2651 1377 2717; x_wconf 89' lang='lat' dir='ltr'><strong>illa,</strong></span> <span class='ocrx_word' id='word_1_308' title='bbox 1428 2651 1474 2705; x_wconf 92' lang='lat' dir='ltr'><strong>si</strong></span> <span class='ocrx_word' id='word_1_309' title='bbox 1519 2650 1647 2720; x_wconf 87' lang='lat' dir='ltr'><strong>quid</strong></span> <span class='ocrx_word' id='word_1_310' title='bbox 1692 2648 1777 2703; x_wconf 91' lang='lat' dir='ltr'><strong>di-</strong></span> 
     </span>
    </p>
   </div>
   <div class='ocr_carea' id='block_1_36' title="bbox 160 2740 1780 2822">
    <p class='ocr_par' dir='ltr' id='par_1_36' title="bbox 160 2740 1780 2822">
     <span class='ocr_line' id='line_1_36' title="bbox 160 2740 1780 2822; baseline -0.007 -16"><span class='ocrx_word' id='word_1_311' title='bbox 160 2765 327 2822; x_wconf 87' lang='lat' dir='ltr'><strong>gnum</strong></span> <span class='ocrx_word' id='word_1_312' title='bbox 374 2746 473 2802; x_wconf 90' lang='lat' dir='ltr'><strong>vel</strong></span> <span class='ocrx_word' id='word_1_313' title='bbox 508 2745 802 2800; x_wconf 88' lang='lat' dir='ltr'><strong>verisimile</strong></span> <span class='ocrx_word' id='word_1_314' title='bbox 845 2745 1019 2799; x_wconf 88' lang='lat' dir='ltr'><strong>videri</strong></span> <span class='ocrx_word' id='word_1_315' title='bbox 1046 2745 1272 2810; x_wconf 88' lang='lat' dir='ltr'><strong>debeat;</strong></span> <span class='ocrx_word' id='word_1_316' title='bbox 1298 2759 1365 2798; x_wconf 91' lang='lat' dir='ltr'><strong>an</strong></span> <span class='ocrx_word' id='word_1_317' title='bbox 1395 2743 1539 2798; x_wconf 89' lang='lat' dir='ltr'><strong>aliud</strong></span> <span class='ocrx_word' id='word_1_318' title='bbox 1577 2740 1780 2812; x_wconf 89' lang='lat' dir='ltr'><strong>aliquid</strong></span> 
     </span>
    </p>
   </div>
   <div class='ocr_carea' id='block_1_37' title="bbox 161 2833 1780 2908">
    <p class='ocr_par' dir='ltr' id='par_1_37' title="bbox 161 2833 1780 2908">
     <span class='ocr_line' id='line_1_37' title="bbox 161 2833 1780 2908; baseline -0.006 -10"><span class='ocrx_word' id='word_1_319' title='bbox 161 2842 223 2898; x_wconf 82' lang='lat' dir='ltr'><strong>de</strong></span> <span class='ocrx_word' id='word_1_320' title='bbox 274 2839 464 2895; x_wconf 87' lang='lat' dir='ltr'><strong>tantis</strong></span> <span class='ocrx_word' id='word_1_321' title='bbox 506 2837 894 2908; x_wconf 65' lang='lat' dir='ltr'><strong>quiestionibus</strong></span> <span class='ocrx_word' id='word_1_322' title='bbox 942 2837 1270 2891; x_wconf 90' lang='lat' dir='ltr'><strong>credendum</strong></span> <span class='ocrx_word' id='word_1_323' title='bbox 1318 2836 1407 2891; x_wconf 91' lang='lat' dir='ltr'><strong>sit.</strong></span> <span class='ocrx_word' id='word_1_324' title='bbox 1461 2833 1780 2888; x_wconf 87' lang='lat' dir='ltr'><strong>Nullatenus</strong></span> 
     </span>
    </p>
   </div>
   <div class='ocr_carea' id='block_1_38' title="bbox 162 2924 1779 3003">
    <p class='ocr_par' dir='ltr' id='par_1_38' title="bbox 162 2924 1779 3003">
     <span class='ocr_line' id='line_1_38' title="bbox 162 2924 1779 3003; baseline -0.007 -14"><span class='ocrx_word' id='word_1_325' title='bbox 162 2940 393 3003; x_wconf 82' lang='lat' dir='ltr'><strong>propter</strong></span> <span class='ocrx_word' id='word_1_326' title='bbox 423 2930 792 3002; x_wconf 76' lang='lat' dir='ltr'><strong>ignorantiam</strong></span> <span class='ocrx_word' id='word_1_327' title='bbox 821 2944 917 2984; x_wconf 90' lang='lat' dir='ltr'><strong>vos</strong></span> <span class='ocrx_word' id='word_1_328' title='bbox 945 2929 1280 2998; x_wconf 89' lang='lat' dir='ltr'><strong>interrogare</strong></span> <span class='ocrx_word' id='word_1_329' title='bbox 1305 2926 1587 2983; x_wconf 83' lang='lat' dir='ltr'><strong>aestimavi.</strong></span> <span class='ocrx_word' id='word_1_330' title='bbox 1614 2924 1779 2991; x_wconf 91' lang='lat' dir='ltr'><strong>Quid-</strong></span> 
     </span>
    </p>
   </div>
   <div class='ocr_carea' id='block_1_39' title="bbox 167 3018 1782 3096">
    <p class='ocr_par' dir='ltr' id='par_1_39' title="bbox 167 3018 1782 3096">
     <span class='ocr_line' id='line_1_39' title="bbox 167 3018 1782 3096; baseline -0.004 -17"><span class='ocrx_word' id='word_1_331' title='bbox 167 3025 290 3096; x_wconf 89' lang='lat' dir='ltr'><strong>quid</strong></span> <span class='ocrx_word' id='word_1_332' title='bbox 332 3024 478 3079; x_wconf 88' lang='lat' dir='ltr'><strong>inde</strong></span> <span class='ocrx_word' id='word_1_333' title='bbox 527 3022 792 3087; x_wconf 90' lang='lat' dir='ltr'><strong>sentiatis,</strong></span> <span class='ocrx_word' id='word_1_334' title='bbox 835 3022 1063 3077; x_wconf 88' lang='lat' dir='ltr'><strong>obsecro</strong></span> <span class='ocrx_word' id='word_1_335' title='bbox 1110 3029 1170 3076; x_wconf 89' lang='lat' dir='ltr'><strong>ut</strong></span> <span class='ocrx_word' id='word_1_336' title='bbox 1222 3021 1454 3090; x_wconf 89' lang='lat' dir='ltr'><strong>benigna</strong></span> <span class='ocrx_word' id='word_1_337' title='bbox 1503 3018 1782 3073; x_wconf 86' lang='lat' dir='ltr'><strong>voluntate</strong></span> 
     </span>
    </p>
   </div>
   <div class='ocr_carea' id='block_1_40' title="bbox 166 3110 1780 3184">
    <p class='ocr_par' dir='ltr' id='par_1_40' title="bbox 166 3110 1780 3184">
     <span class='ocr_line' id='line_1_40' title="bbox 166 3110 1780 3184; baseline -0.006 -12"><span class='ocrx_word' id='word_1_338' title='bbox 166 3117 320 3172; x_wconf 88' lang='lat' dir='ltr'><strong>nobis</strong></span> <span class='ocrx_word' id='word_1_339' title='bbox 366 3117 722 3171; x_wconf 86' lang='lat' dir='ltr'><strong>innotescere</strong></span> <span class='ocrx_word' id='word_1_340' title='bbox 752 3128 858 3168; x_wconf 92' lang='lat' dir='ltr'><strong>non</strong></span> <span class='ocrx_word' id='word_1_341' title='bbox 882 3113 1264 3184; x_wconf 88' lang='lat' dir='ltr'><strong>dedignemini.</strong></span> <span class='ocrx_word' id='word_1_342' title='bbox 1295 3111 1413 3166; x_wconf 84' lang='lat' dir='ltr'><strong>Non</strong></span> <span class='ocrx_word' id='word_1_343' title='bbox 1436 3126 1554 3167; x_wconf 89' lang='lat' dir='ltr'><strong>sum</strong></span> <span class='ocrx_word' id='word_1_344' title='bbox 1579 3110 1780 3165; x_wconf 88' lang='lat' dir='ltr'><strong>nimius</strong></span> 
     </span>
    </p>
   </div>
   <div class='ocr_carea' id='block_1_41' title="bbox 165 3203 1781 3270">
    <p class='ocr_par' dir='ltr' id='par_1_41' title="bbox 165 3203 1781 3270">
     <span class='ocr_line' id='line_1_41' title="bbox 165 3203 1781 3270; baseline -0.004 -8"><span class='ocrx_word' id='word_1_345' title='bbox 165 3222 296 3264; x_wconf 67' lang='lat' dir='ltr'><strong>mese</strong></span> <span class='ocrx_word' id='word_1_346' title='bbox 317 3206 622 3262; x_wconf 57' lang='lat' dir='ltr'><strong>sententiae</strong></span> <span class='ocrx_word' id='word_1_347' title='bbox 649 3203 923 3270; x_wconf 88' lang='lat' dir='ltr'><strong>defensor,</strong></span> <span class='ocrx_word' id='word_1_348' title='bbox 953 3204 1044 3260; x_wconf 90' lang='lat' dir='ltr'><strong>sed</strong></span> <span class='ocrx_word' id='word_1_349' title='bbox 1075 3206 1300 3260; x_wconf 90' lang='lat' dir='ltr'><strong>devotus</strong></span> <span class='ocrx_word' id='word_1_350' title='bbox 1330 3203 1576 3258; x_wconf 89' lang='lat' dir='ltr'><strong>veritatis</strong></span> <span class='ocrx_word' id='word_1_351' title='bbox 1606 3211 1781 3258; x_wconf 90' lang='lat' dir='ltr'><strong>secta-</strong></span> 
     </span>
    </p>
   </div>
   <div class='ocr_carea' id='block_1_42' title="bbox 165 3292 1783 3366">
    <p class='ocr_par' dir='ltr' id='par_1_42' title="bbox 165 3292 1783 3366">
     <span class='ocr_line' id='line_1_42' title="bbox 165 3292 1783 3366; baseline -0.004 -13"><span class='ocrx_word' id='word_1_352' title='bbox 165 3305 262 3354; x_wconf 89' lang='lat' dir='ltr'><strong>tor.</strong></span> <span class='ocrx_word' id='word_1_353' title='bbox 296 3297 438 3354; x_wconf 78' lang='lat' dir='ltr'><strong>Haec</strong></span> <span class='ocrx_word' id='word_1_354' title='bbox 470 3311 608 3352; x_wconf 88' lang='lat' dir='ltr'><strong>vero</strong></span> <span class='ocrx_word' id='word_1_355' title='bbox 637 3293 878 3364; x_wconf 82' lang='lat' dir='ltr'><strong>subjecta</strong></span> <span class='ocrx_word' id='word_1_356' title='bbox 910 3295 1081 3366; x_wconf 84' lang='lat' dir='ltr'><strong>ﬁgura</strong></span> <span class='ocrx_word' id='word_1_357' title='bbox 1123 3295 1176 3350; x_wconf 91' lang='lat' dir='ltr'><strong>in</strong></span> <span class='ocrx_word' id='word_1_358' title='bbox 1203 3294 1383 3366; x_wconf 86' lang='lat' dir='ltr'><strong>primo</strong></span> <span class='ocrx_word' id='word_1_359' title='bbox 1423 3307 1583 3348; x_wconf 88' lang='lat' dir='ltr'><strong>versu</strong></span> <span class='ocrx_word' id='word_1_360' title='bbox 1615 3292 1783 3347; x_wconf 86' lang='lat' dir='ltr'><strong>habet</strong></span> 
     </span>
    </p>
   </div>
   <div class='ocr_carea' id='block_1_43' title="bbox 165 3386 1784 3461">
    <p class='ocr_par' dir='ltr' id='par_1_43' title="bbox 165 3386 1784 3461">
     <span class='ocr_line' id='line_1_43' title="bbox 165 3386 1784 3461; baseline -0.004 -13"><span class='ocrx_word' id='word_1_361' title='bbox 165 3393 343 3457; x_wconf 89' lang='lat' dir='ltr'><strong>horas,</strong></span> <span class='ocrx_word' id='word_1_362' title='bbox 377 3392 441 3446; x_wconf 91' lang='lat' dir='ltr'><strong>in</strong></span> <span class='ocrx_word' id='word_1_363' title='bbox 468 3390 673 3461; x_wconf 89' lang='lat' dir='ltr'><strong>quibus</strong></span> <span class='ocrx_word' id='word_1_364' title='bbox 701 3390 858 3460; x_wconf 73' lang='lat'><strong>102</strong></span> <span class='ocrx_word' id='word_1_365' title='bbox 891 3390 1042 3460; x_wconf 88' lang='lat' dir='ltr'><strong>signa</strong></span> <span class='ocrx_word' id='word_1_366' title='bbox 1065 3388 1274 3460; x_wconf 88' lang='lat' dir='ltr'><strong>singula</strong></span> <span class='ocrx_word' id='word_1_367' title='bbox 1295 3389 1566 3454; x_wconf 89' lang='lat' dir='ltr'><strong>oriuntur,</strong></span> <span class='ocrx_word' id='word_1_368' title='bbox 1589 3386 1673 3442; x_wconf 88' lang='lat' dir='ltr'><strong>vel</strong></span> <span class='ocrx_word' id='word_1_369' title='bbox 1695 3401 1784 3442; x_wconf 91' lang='lat' dir='ltr'><strong>oe-</strong></span> 
     </span>
    </p>
   </div>
   <div class='ocr_carea' id='block_1_44' title="bbox 165 3478 1785 3549">
    <p class='ocr_par' dir='ltr' id='par_1_44' title="bbox 165 3478 1785 3549">
     <span class='ocr_line' id='line_1_44' title="bbox 165 3478 1785 3549; baseline -0.003 -13"><span class='ocrx_word' id='word_1_370' title='bbox 165 3481 370 3549; x_wconf 90' lang='lat' dir='ltr'><strong>cidunt,</strong></span> <span class='ocrx_word' id='word_1_371' title='bbox 406 3479 507 3536; x_wconf 87' lang='lat' dir='ltr'><strong>vel</strong></span> <span class='ocrx_word' id='word_1_372' title='bbox 533 3480 600 3536; x_wconf 89' lang='lat' dir='ltr'><strong>de</strong></span> <span class='ocrx_word' id='word_1_373' title='bbox 620 3479 738 3535; x_wconf 90' lang='lat' dir='ltr'><strong>loco</strong></span> <span class='ocrx_word' id='word_1_374' title='bbox 774 3487 1078 3534; x_wconf 88' lang='lat' dir='ltr'><strong>moventur.</strong></span> <span class='ocrx_word' id='word_1_375' title='bbox 1108 3479 1167 3534; x_wconf 79' lang='lat' dir='ltr'><strong>In</strong></span> <span class='ocrx_word' id='word_1_376' title='bbox 1194 3479 1430 3535; x_wconf 89' lang='lat' dir='ltr'><strong>secundo</strong></span> <span class='ocrx_word' id='word_1_377' title='bbox 1461 3478 1623 3533; x_wconf 85' lang='lat' dir='ltr'><strong>habet</strong></span> <span class='ocrx_word' id='word_1_378' title='bbox 1647 3492 1785 3548; x_wconf 90' lang='lat' dir='ltr'><strong>pun-</strong></span> 
     </span>
    </p>
   </div>
   <div class='ocr_carea' id='block_1_45' title="bbox 169 3568 1783 3640">
    <p class='ocr_par' dir='ltr' id='par_1_45' title="bbox 169 3568 1783 3640">
     <span class='ocr_line' id='line_1_45' title="bbox 169 3568 1783 3640; baseline -0.002 -14"><span class='ocrx_word' id='word_1_379' title='bbox 169 3579 278 3626; x_wconf 87' lang='lat' dir='ltr'><strong>etos</strong></span> <span class='ocrx_word' id='word_1_380' title='bbox 312 3571 372 3626; x_wconf 89' lang='lat' dir='ltr'><strong>in</strong></span> <span class='ocrx_word' id='word_1_381' title='bbox 424 3569 672 3640; x_wconf 86' lang='lat' dir='ltr'><strong>singulis</strong></span> <span class='ocrx_word' id='word_1_382' title='bbox 717 3568 886 3639; x_wconf 86' lang='lat' dir='ltr'><strong>signis</strong></span> <span class='ocrx_word' id='word_1_383' title='bbox 931 3568 1138 3625; x_wconf 91' lang='lat' dir='ltr'><strong>decem.</strong></span> <span class='ocrx_word' id='word_1_384' title='bbox 1177 3569 1396 3625; x_wconf 90' lang='lat' dir='ltr'><strong>Tertius</strong></span> <span class='ocrx_word' id='word_1_385' title='bbox 1423 3576 1605 3638; x_wconf 90' lang='lat' dir='ltr'><strong>partes</strong></span> <span class='ocrx_word' id='word_1_386' title='bbox 1631 3582 1783 3623; x_wconf 90' lang='lat' dir='ltr'><strong>eom-</strong></span> 
     </span>
    </p>
   </div>
   <div class='ocr_carea' id='block_1_46' title="bbox 167 3661 1785 3735">
    <p class='ocr_par' dir='ltr' id='par_1_46' title="bbox 167 3661 1785 3735">
     <span class='ocr_line' id='line_1_46' title="bbox 167 3661 1785 3735; baseline -0.001 -19"><span class='ocrx_word' id='word_1_387' title='bbox 167 3672 357 3731; x_wconf 88' lang='lat' dir='ltr'><strong>putat,</strong></span> <span class='ocrx_word' id='word_1_388' title='bbox 401 3670 557 3735; x_wconf 89' lang='lat' dir='ltr'><strong>quot</strong></span> <span class='ocrx_word' id='word_1_389' title='bbox 608 3662 843 3717; x_wconf 89' lang='lat' dir='ltr'><strong>habeant</strong></span> <span class='ocrx_word' id='word_1_390' title='bbox 892 3661 1101 3733; x_wconf 89' lang='lat' dir='ltr'><strong>singula</strong></span> <span class='ocrx_word' id='word_1_391' title='bbox 1146 3662 1321 3734; x_wconf 90' lang='lat' dir='ltr'><strong>signa.</strong></span> <span class='ocrx_word' id='word_1_392' title='bbox 1367 3661 1619 3728; x_wconf 85' lang='lat' dir='ltr'><strong>Quartus,</strong></span> <span class='ocrx_word' id='word_1_393' title='bbox 1668 3661 1785 3716; x_wconf 89' lang='lat' dir='ltr'><strong>dies</strong></span> 
     </span>
    </p>
   </div>
   <div class='ocr_carea' id='block_1_47' title="bbox 167 3751 1781 3824">
    <p class='ocr_par' dir='ltr' id='par_1_47' title="bbox 167 3751 1781 3824">
     <span class='ocr_line' id='line_1_47' title="bbox 167 3751 1781 3824; baseline -0.001 -16"><span class='ocrx_word' id='word_1_394' title='bbox 167 3755 362 3823; x_wconf 88' lang='lat' dir='ltr'><strong>quibus</strong></span> <span class='ocrx_word' id='word_1_395' title='bbox 383 3762 656 3811; x_wconf 87' lang='lat' dir='ltr'><strong>moratur</strong></span> <span class='ocrx_word' id='word_1_396' title='bbox 695 3753 822 3808; x_wconf 90' lang='lat' dir='ltr'><strong>luna</strong></span> <span class='ocrx_word' id='word_1_397' title='bbox 847 3753 902 3807; x_wconf 91' lang='lat' dir='ltr'><strong>in</strong></span> <span class='ocrx_word' id='word_1_398' title='bbox 942 3767 1268 3823; x_wconf 90' lang='lat' dir='ltr'><strong>unoquoque</strong></span> <span class='ocrx_word' id='word_1_399' title='bbox 1309 3753 1480 3824; x_wconf 90' lang='lat' dir='ltr'><strong>signo.</strong></span> <span class='ocrx_word' id='word_1_400' title='bbox 1530 3751 1781 3819; x_wconf 90' lang='lat' dir='ltr'><strong>Quintus,</strong></span> 
     </span>
    </p>
   </div>
   <div class='ocr_carea' id='block_1_48' title="bbox 166 3841 1780 3917">
    <p class='ocr_par' dir='ltr' id='par_1_48' title="bbox 166 3841 1780 3917">
     <span class='ocr_line' id='line_1_48' title="bbox 166 3841 1780 3917; baseline 0 -19"><span class='ocrx_word' id='word_1_401' title='bbox 166 3843 325 3902; x_wconf 85' lang='lat' dir='ltr'><strong>horas</strong></span> <span class='ocrx_word' id='word_1_402' title='bbox 359 3862 498 3917; x_wconf 67' lang='lat' dir='ltr'><strong>qua:</strong></span> <span class='ocrx_word' id='word_1_403' title='bbox 531 3841 863 3913; x_wconf 87' lang='lat' dir='ltr'><strong>adjiciuntur</strong></span> <span class='ocrx_word' id='word_1_404' title='bbox 901 3844 1110 3914; x_wconf 87' lang='lat' dir='ltr'><strong>diebus.</strong></span> <span class='ocrx_word' id='word_1_405' title='bbox 1155 3843 1374 3910; x_wconf 86' lang='lat' dir='ltr'><strong>Sextus,</strong></span> <span class='ocrx_word' id='word_1_406' title='bbox 1415 3845 1603 3899; x_wconf 87' lang='lat' dir='ltr'><strong>uncias</strong></span> <span class='ocrx_word' id='word_1_407' title='bbox 1637 3851 1780 3912; x_wconf 91' lang='lat' dir='ltr'><strong>octo,</strong></span> 
     </span>
    </p>
   </div>
   <div class='ocr_carea' id='block_1_49' title="bbox 169 3929 1783 4011">
    <p class='ocr_par' dir='ltr' id='par_1_49' title="bbox 169 3929 1783 4011">
     <span class='ocr_line' id='line_1_49' title="bbox 169 3929 1783 4011; baseline -0.001 -19"><span class='ocrx_word' id='word_1_408' title='bbox 169 3929 283 4007; x_wconf 70' lang='lat' dir='ltr'><strong>q&#39;uze</strong></span> <span class='ocrx_word' id='word_1_409' title='bbox 326 3944 645 4011; x_wconf 89' lang='lat' dir='ltr'><strong>supersunt</strong></span> <span class='ocrx_word' id='word_1_410' title='bbox 674 3937 931 3992; x_wconf 90' lang='lat' dir='ltr'><strong>horarum</strong></span> <span class='ocrx_word' id='word_1_411' title='bbox 974 3951 1219 4000; x_wconf 89' lang='lat' dir='ltr'><strong>numero,</strong></span> <span class='ocrx_word' id='word_1_412' title='bbox 1247 3944 1303 3991; x_wconf 90' lang='lat' dir='ltr'><strong>et</strong></span> <span class='ocrx_word' id='word_1_413' title='bbox 1331 3935 1476 3991; x_wconf 90' lang='lat' dir='ltr'><strong>bisse</strong></span> <span class='ocrx_word' id='word_1_414' title='bbox 1499 3946 1783 3991; x_wconf 88' lang='lat' dir='ltr'><strong>vocantur.</strong></span> 
     </span>
    </p>
   </div>
   <div class='ocr_carea' id='block_1_50' title="bbox 166 4028 1788 4114">
    <p class='ocr_par' dir='ltr' id='par_1_50' title="bbox 166 4028 1788 4114">
     <span class='ocr_line' id='line_1_50' title="bbox 166 4028 1788 4114; baseline -0.001 -30"><span class='ocrx_word' id='word_1_415' title='bbox 166 4030 289 4086; x_wconf 60' lang='lat' dir='ltr'><strong>Haec</strong></span> <span class='ocrx_word' id='word_1_416' title='bbox 319 4032 523 4114; x_wconf 83' lang='lat' dir='ltr'><strong>omnia</strong></span> <span class='ocrx_word' id='word_1_417' title='bbox 553 4037 778 4100; x_wconf 90' lang='lat' dir='ltr'><strong>propter</strong></span> <span class='ocrx_word' id='word_1_418' title='bbox 819 4028 1134 4092; x_wconf 83' lang='lat' dir='ltr'><strong>facilitatem</strong></span> <span class='ocrx_word' id='word_1_419' title='bbox 1179 4028 1536 4100; x_wconf 88' lang='lat' dir='ltr'><strong>cognoscendi</strong></span> <span class='ocrx_word' id='word_1_420' title='bbox 1568 4043 1788 4084; x_wconf 90' lang='lat' dir='ltr'><strong>cursum</strong></span> 
     </span>
    </p>
   </div>
   <div class='ocr_carea' id='block_1_51' title="bbox 167 4116 1792 4177">
    <p class='ocr_par' dir='ltr' id='par_1_51' title="bbox 167 4116 1792 4177">
     <span class='ocr_line' id='line_1_51' title="bbox 167 4116 1792 4177; baseline -0.001 -5"><span class='ocrx_word' id='word_1_421' title='bbox 167 4118 307 4175; x_wconf 64' lang='lat' dir='ltr'><strong>luna:</strong></span> <span class='ocrx_word' id='word_1_422' title='bbox 328 4122 388 4176; x_wconf 89' lang='lat' dir='ltr'><strong>in</strong></span> <span class='ocrx_word' id='word_1_423' title='bbox 410 4136 598 4177; x_wconf 86' lang='lat' dir='ltr'><strong>unam</strong></span> <span class='ocrx_word' id='word_1_424' title='bbox 619 4119 934 4174; x_wconf 87' lang='lat' dir='ltr'><strong>coacervavi</strong></span> <span class='ocrx_word' id='word_1_425' title='bbox 960 4117 1266 4173; x_wconf 83' lang='lat' dir='ltr'><strong>formulam.</strong></span> <span class='ocrx_word' id='word_1_426' title='bbox 1297 4116 1355 4172; x_wconf 90' lang='lat' dir='ltr'><strong>Si</strong></span> <span class='ocrx_word' id='word_1_427' title='bbox 1384 4125 1560 4172; x_wconf 89' lang='lat' dir='ltr'><strong>tamen</strong></span> <span class='ocrx_word' id='word_1_428' title='bbox 1584 4117 1792 4171; x_wconf 90' lang='lat' dir='ltr'><strong>veraci-</strong></span> 
     </span>
    </p>
   </div>
   <div class='ocr_carea' id='block_1_52' title="bbox 167 4207 1790 4279">
    <p class='ocr_par' dir='ltr' id='par_1_52' title="bbox 167 4207 1790 4279">
     <span class='ocr_line' id='line_1_52' title="bbox 167 4207 1790 4279; baseline -0.002 -14"><span class='ocrx_word' id='word_1_429' title='bbox 167 4217 248 4266; x_wconf 87' lang='lat' dir='ltr'><strong>ter</strong></span> <span class='ocrx_word' id='word_1_430' title='bbox 283 4212 528 4268; x_wconf 84' lang='lat' dir='ltr'><strong>inventa</strong></span> <span class='ocrx_word' id='word_1_431' title='bbox 569 4219 653 4266; x_wconf 91' lang='lat' dir='ltr'><strong>est</strong></span> <span class='ocrx_word' id='word_1_432' title='bbox 687 4211 844 4276; x_wconf 88' lang='lat' dir='ltr'><strong>ratio,</strong></span> <span class='ocrx_word' id='word_1_433' title='bbox 889 4225 1055 4279; x_wconf 86' lang='lat' dir='ltr'><strong>quam</strong></span> <span class='ocrx_word' id='word_1_434' title='bbox 1110 4216 1288 4264; x_wconf 89' lang='lat' dir='ltr'><strong>vestra</strong></span> <span class='ocrx_word' id='word_1_435' title='bbox 1336 4207 1790 4264; x_wconf 84' lang='lat' dir='ltr'><strong>excellentissima</strong></span> 
     </span>
    </p>
   </div>
   <div class='ocr_carea' id='block_1_53' title="bbox 170 4303 756 4376">
    <p class='ocr_par' dir='ltr' id='par_1_53' title="bbox 170 4303 756 4376">
     <span class='ocr_line' id='line_1_53' title="bbox 170 4303 756 4376; baseline -0.007 -16"><span class='ocrx_word' id='word_1_436' title='bbox 170 4305 425 4370; x_wconf 72' lang='lat' dir='ltr'><strong>qmesivit</strong></span> <span class='ocrx_word' id='word_1_437' title='bbox 452 4303 756 4376; x_wconf 88' lang='lat' dir='ltr'><strong>sapientia.</strong></span> 
     </span>
    </p>
   </div>
   <div class='ocr_carea' id='block_1_54' title="bbox 623 4415 1362 4474">
    <p class='ocr_par' dir='ltr' id='par_1_54' title="bbox 623 4415 1362 4474">
     <span class='ocr_line' id='line_1_54' title="bbox 623 4415 1362 4474; baseline -0.004 -1"><span class='ocrx_word' id='word_1_438' title='bbox 623 4418 654 4459; x_wconf 73' lang='grc' dir='ltr'><strong>ι)</strong></span> <span class='ocrx_word' id='word_1_439' title='bbox 684 4415 1023 4474; x_wconf 84' lang='lat' dir='ltr'><strong>EPISTOLA</strong></span> <span class='ocrx_word' id='word_1_440' title='bbox 1076 4415 1362 4472; x_wconf 77' lang='lat' dir='ltr'><strong>LXXXVI.</strong></span> 
     </span>
    </p>
   </div>
   <div class='ocr_carea' id='block_1_55' title="bbox 712 4523 1272 4579">
    <p class='ocr_par' dir='ltr' id='par_1_55' title="bbox 712 4523 1272 4579">
     <span class='ocr_line' id='line_1_55' title="bbox 712 4523 1272 4579; baseline -0.002 -15"><span class='ocrx_word' id='word_1_441' title='bbox 712 4525 780 4565; x_wconf 67' lang='lat' dir='ltr'><strong>an</strong></span> <span class='ocrx_word' id='word_1_442' title='bbox 815 4525 1034 4579; x_wconf 63' lang='lat' dir='ltr'><strong>nonnon</strong></span> <span class='ocrx_word' id='word_1_443' title='bbox 1075 4523 1272 4566; x_wconf 67' lang='lat' dir='ltr'><strong>ascen.</strong></span> 
     </span>
    </p>
   </div>
   <div class='ocr_carea' id='block_1_56' title="bbox 803 4602 1186 4678">
    <p class='ocr_par' dir='ltr' id='par_1_56' title="bbox 803 4602 1186 4678">
     <span class='ocr_line' id='line_1_56' title="bbox 803 4602 1186 4678; baseline -0.005 -19"><span class='ocrx_word' id='word_1_444' title='bbox 803 4605 982 4678; x_wconf 81' lang='lat' dir='ltr'><strong>(Anno</strong></span> <span class='ocrx_word' id='word_1_445' title='bbox 1037 4602 1186 4675; x_wconf 91' lang='lat'><strong>798.)</strong></span> 
     </span>
    </p>
   </div>
   <div class='ocr_carea' id='block_1_57' title="bbox 103 4693 1790 4770">
    <p class='ocr_par' dir='ltr' id='par_1_57' title="bbox 103 4693 1790 4770">
     <span class='ocr_line' id='line_1_57' title="bbox 103 4693 1790 4770; baseline -0.001 -20"><span class='ocrx_word' id='word_1_446' title='bbox 103 4719 106 4722; x_wconf 53' lang='grc' dir='ltr'><strong><em>η</em></strong></span> <span class='ocrx_word' id='word_1_447' title='bbox 169 4694 548 4770; x_wconf 78' lang='lat' dir='ltr'><strong>Assignantur</strong></span> <span class='ocrx_word' id='word_1_448' title='bbox 576 4710 752 4749; x_wconf 75' lang='lat' dir='ltr'><strong>causa:</strong></span> <span class='ocrx_word' id='word_1_449' title='bbox 776 4696 840 4770; x_wconf 78' lang='lat' dir='ltr'><strong>ob</strong></span> <span class='ocrx_word' id='word_1_450' title='bbox 870 4712 1000 4766; x_wconf 85' lang='lat' dir='ltr'><strong>quas</strong></span> <span class='ocrx_word' id='word_1_451' title='bbox 1029 4693 1157 4748; x_wconf 83' lang='lat' dir='ltr'><strong>luna</strong></span> <span class='ocrx_word' id='word_1_452' title='bbox 1186 4694 1361 4748; x_wconf 90' lang='lat' dir='ltr'><strong>minor</strong></span> <span class='ocrx_word' id='word_1_453' title='bbox 1389 4693 1466 4770; x_wconf 79' lang='lat' dir='ltr'><strong>vel</strong></span> <span class='ocrx_word' id='word_1_454' title='bbox 1493 4694 1668 4770; x_wconf 82' lang='lat' dir='ltr'><strong>major</strong></span> <span class='ocrx_word' id='word_1_455' title='bbox 1693 4711 1790 4766; x_wconf 87' lang='lat' dir='ltr'><strong>ap-</strong></span> 
     </span>
    </p>
   </div>
   <div class='ocr_carea' id='block_1_58' title="bbox 342 4765 1620 4839">
    <p class='ocr_par' dir='ltr' id='par_1_58' title="bbox 342 4765 1620 4839">
     <span class='ocr_line' id='line_1_58' title="bbox 342 4765 1620 4839; baseline -0.002 -17"><span class='ocrx_word' id='word_1_456' title='bbox 342 4775 556 4839; x_wconf 81' lang='lat' dir='ltr'><strong>pareat</strong></span> <span class='ocrx_word' id='word_1_457' title='bbox 579 4781 738 4836; x_wconf 88' lang='lat' dir='ltr'><strong>quam</strong></span> <span class='ocrx_word' id='word_1_458' title='bbox 763 4765 896 4836; x_wconf 82' lang='lat' dir='ltr'><strong>ferat</strong></span> <span class='ocrx_word' id='word_1_459' title='bbox 917 4774 1337 4819; x_wconf 84' lang='lat' dir='ltr'><strong>astronomorum</strong></span> <span class='ocrx_word' id='word_1_460' title='bbox 1365 4765 1620 4819; x_wconf 85' lang='lat' dir='ltr'><strong>calculus.</strong></span> 
     </span>
    </p>
   </div>
   <div class='ocr_carea' id='block_1_59' title="bbox 232 4874 1638 4946">
    <p class='ocr_par' dir='ltr' id='par_1_59' title="bbox 232 4874 1638 4946">
     <span class='ocr_line' id='line_1_59' title="bbox 232 4874 1638 4946; baseline -0.002 -13"><span class='ocrx_word' id='word_1_461' title='bbox 232 4875 341 4933; x_wconf 82' lang='lat' dir='ltr'><strong>Det</strong></span> <span class='ocrx_word' id='word_1_462' title='bbox 382 4877 498 4932; x_wconf 90' lang='lat' dir='ltr'><strong>tibi</strong></span> <span class='ocrx_word' id='word_1_463' title='bbox 526 4882 849 4946; x_wconf 90' lang='lat' dir='ltr'><strong>perpetuam</strong></span> <span class='ocrx_word' id='word_1_464' title='bbox 874 4875 1112 4931; x_wconf 91' lang='lat' dir='ltr'><strong>clemens</strong></span> <span class='ocrx_word' id='word_1_465' title='bbox 1139 4874 1193 4928; x_wconf 93' lang='lat' dir='ltr'><strong>in</strong></span> <span class='ocrx_word' id='word_1_466' title='bbox 1222 4874 1363 4929; x_wconf 81' lang='lat' dir='ltr'><strong>secta</strong></span> <span class='ocrx_word' id='word_1_467' title='bbox 1389 4875 1638 4942; x_wconf 90' lang='lat' dir='ltr'><strong>salutem,</strong></span> 
     </span>
    </p>
   </div>
   <div class='ocr_carea' id='block_1_60' title="bbox 303 4965 1480 5036">
    <p class='ocr_par' dir='ltr' id='par_1_60' title="bbox 303 4965 1480 5036">
     <span class='ocr_line' id='line_1_60' title="bbox 303 4965 1480 5036; baseline -0.003 -14"><span class='ocrx_word' id='word_1_468' title='bbox 303 4967 382 5022; x_wconf 89' lang='lat' dir='ltr'><strong>Et</strong></span> <span class='ocrx_word' id='word_1_469' title='bbox 409 4967 600 5022; x_wconf 86' lang='lat' dir='ltr'><strong>decus</strong></span> <span class='ocrx_word' id='word_1_470' title='bbox 629 4965 862 5036; x_wconf 88' lang='lat' dir='ltr'><strong>imperii,</strong></span> <span class='ocrx_word' id='word_1_471' title='bbox 885 4965 1055 5019; x_wconf 88' lang='lat' dir='ltr'><strong>David</strong></span> <span class='ocrx_word' id='word_1_472' title='bbox 1078 4967 1287 5019; x_wconf 89' lang='lat' dir='ltr'><strong>amate!</strong></span> <span class='ocrx_word' id='word_1_473' title='bbox 1319 4965 1480 5020; x_wconf 90' lang='lat' dir='ltr'><strong>Deus.</strong></span> 
     </span>
    </p>
   </div>
   <div class='ocr_carea' id='block_1_61' title="bbox 235 5056 1796 5114">
    <p class='ocr_par' dir='ltr' id='par_1_61' title="bbox 235 5056 1796 5114">
     <span class='ocr_line' id='line_1_61' title="bbox 235 5056 1796 5114; baseline 0.001 -1"><span class='ocrx_word' id='word_1_474' title='bbox 235 5057 606 5114; x_wconf 70' lang='lat' dir='ltr'><strong>Veneranda:</strong></span> <span class='ocrx_word' id='word_1_475' title='bbox 637 5057 978 5113; x_wconf 87' lang='lat' dir='ltr'><strong>auctoritatis</strong></span> <span class='ocrx_word' id='word_1_476' title='bbox 1000 5066 1195 5112; x_wconf 67' lang='lat' dir='ltr'><strong>vestrae</strong></span> <span class='ocrx_word' id='word_1_477' title='bbox 1224 5057 1371 5112; x_wconf 89' lang='lat' dir='ltr'><strong>omni</strong></span> <span class='ocrx_word' id='word_1_478' title='bbox 1399 5057 1558 5112; x_wconf 92' lang='lat' dir='ltr'><strong>melle</strong></span> <span class='ocrx_word' id='word_1_479' title='bbox 1592 5056 1796 5114; x_wconf 91' lang='lat' dir='ltr'><strong>dulcio-</strong></span> 
     </span>
    </p>
   </div>
   <div class='ocr_carea' id='block_1_62' title="bbox 159 5147 1795 5221">
    <p class='ocr_par' dir='ltr' id='par_1_62' title="bbox 159 5147 1795 5221">
     <span class='ocr_line' id='line_1_62' title="bbox 159 5147 1795 5221; baseline 0.001 -20"><span class='ocrx_word' id='word_1_480' title='bbox 159 5163 246 5205; x_wconf 87' lang='lat' dir='ltr'><strong>res</strong></span> <span class='ocrx_word' id='word_1_481' title='bbox 277 5151 518 5221; x_wconf 83' lang='lat' dir='ltr'><strong>apices,</strong></span> <span class='ocrx_word' id='word_1_482' title='bbox 546 5164 646 5220; x_wconf 91' lang='lat' dir='ltr'><strong>per</strong></span> <span class='ocrx_word' id='word_1_483' title='bbox 670 5149 853 5204; x_wconf 90' lang='lat' dir='ltr'><strong>aridos</strong></span> <span class='ocrx_word' id='word_1_484' title='bbox 875 5160 897 5188; x_wconf 77' lang='grc' dir='ltr'><em>ε</em></span> <span class='ocrx_word' id='word_1_485' title='bbox 926 5147 1153 5220; x_wconf 78' lang='lat' dir='ltr'><strong>Belgicae</strong></span> <span class='ocrx_word' id='word_1_486' title='bbox 1178 5147 1478 5204; x_wconf 90' lang='lat' dir='ltr'><strong>latitudinis</strong></span> <span class='ocrx_word' id='word_1_487' title='bbox 1495 5149 1600 5204; x_wconf 91' lang='lat' dir='ltr'><strong>iter</strong></span> <span class='ocrx_word' id='word_1_488' title='bbox 1618 5149 1795 5219; x_wconf 88' lang='lat' dir='ltr'><strong>agenti</strong></span> 
     </span>
    </p>
   </div>
   <div class='ocr_carea' id='block_1_63' title="bbox 161 5239 1797 5312">
    <p class='ocr_par' dir='ltr' id='par_1_63' title="bbox 161 5239 1797 5312">
     <span class='ocr_line' id='line_1_63' title="bbox 161 5239 1797 5312; baseline -0.001 -18"><span class='ocrx_word' id='word_1_489' title='bbox 161 5254 395 5312; x_wconf 89' lang='lat' dir='ltr'><strong>campos</strong></span> <span class='ocrx_word' id='word_1_490' title='bbox 458 5247 834 5297; x_wconf 88' lang='lat' dir='ltr'><strong>occurrerunt</strong></span> <span class='ocrx_word' id='word_1_491' title='bbox 876 5241 1030 5296; x_wconf 90' lang='lat' dir='ltr'><strong>mihi.</strong></span> <span class='ocrx_word' id='word_1_492' title='bbox 1080 5240 1137 5294; x_wconf 90' lang='lat' dir='ltr'><strong>In</strong></span> <span class='ocrx_word' id='word_1_493' title='bbox 1187 5241 1399 5309; x_wconf 90' lang='lat' dir='ltr'><strong>quibus,</strong></span> <span class='ocrx_word' id='word_1_494' title='bbox 1434 5239 1559 5294; x_wconf 91' lang='lat' dir='ltr'><strong>dum</strong></span> <span class='ocrx_word' id='word_1_495' title='bbox 1605 5247 1797 5294; x_wconf 73' lang='lat' dir='ltr'><strong>vestrm</strong></span> 
     </span>
    </p>
   </div>
   <div class='ocr_carea' id='block_1_64' title="bbox 157 5330 1799 5406">
    <p class='ocr_par' dir='ltr' id='par_1_64' title="bbox 157 5330 1799 5406">
     <span class='ocr_line' id='line_1_64' title="bbox 157 5330 1799 5406; baseline -0.002 -17"><span class='ocrx_word' id='word_1_496' title='bbox 157 5331 555 5393; x_wconf 80' lang='lat' dir='ltr'><strong>beatitudinis</strong></span> <span class='ocrx_word' id='word_1_497' title='bbox 594 5335 1010 5406; x_wconf 90' lang='lat' dir='ltr'><strong>prosperitatem</strong></span> <span class='ocrx_word' id='word_1_498' title='bbox 1057 5332 1241 5403; x_wconf 88' lang='lat' dir='ltr'><strong>legens</strong></span> <span class='ocrx_word' id='word_1_499' title='bbox 1283 5331 1543 5397; x_wconf 82' lang='lat' dir='ltr'><strong>intellexi,</strong></span> <span class='ocrx_word' id='word_1_500' title='bbox 1574 5340 1628 5386; x_wconf 92' lang='lat' dir='ltr'><strong>et</strong></span> <span class='ocrx_word' id='word_1_501' title='bbox 1669 5330 1799 5386; x_wconf 84' lang='lat' dir='ltr'><strong>ﬁde-</strong></span> 
     </span>
    </p>
   </div>
   <div class='ocr_carea' id='block_1_65' title="bbox 154 5467 1796 5592">
    <p class='ocr_par' dir='ltr' id='par_1_65' title="bbox 154 5467 1796 5592">
     <span class='ocr_line' id='line_1_65' title="bbox 154 5467 1796 5592; baseline 0.002 -71"><span class='ocrx_word' id='word_1_502' title='bbox 154 5550 184 5590; x_wconf 57' lang='grc' dir='ltr'><strong><em>ε</em></strong></span> <span class='ocrx_word' id='word_1_503' title='bbox 217 5479 258 5592; x_wconf 57' lang='grc' dir='ltr'><strong>ιι</strong></span> <span class='ocrx_word' id='word_1_504' title='bbox 291 5467 373 5524; x_wconf 84' lang='lat' dir='ltr'><strong>In</strong></span> <span class='ocrx_word' id='word_1_505' title='bbox 405 5469 544 5525; x_wconf 72' lang='lat' dir='ltr'><strong>alia</strong></span> <span class='ocrx_word' id='word_1_506' title='bbox 569 5469 832 5526; x_wconf 82' lang='lat' dir='ltr'><strong>chartula.</strong></span> <span class='ocrx_word' id='word_1_507' title='bbox 867 5469 993 5525; x_wconf 82' lang='lat' dir='ltr'><strong>Haec</strong></span> <span class='ocrx_word' id='word_1_508' title='bbox 1036 5469 1280 5525; x_wconf 89' lang='lat' dir='ltr'><strong>chartula</strong></span> <span class='ocrx_word' id='word_1_509' title='bbox 1322 5468 1552 5524; x_wconf 83' lang='lat' dir='ltr'><strong>necdum</strong></span> <span class='ocrx_word' id='word_1_510' title='bbox 1589 5471 1796 5524; x_wconf 88' lang='lat' dir='ltr'><strong>detecta</strong></span> 
     </span>
     <span class='ocr_line' id='line_1_66' title="bbox 185 5553 260 5592; baseline 0 0"><span class='ocrx_word' id='word_1_511' title='bbox 185 5553 214 5592; x_wconf 90' lang='lat' dir='ltr'><strong>s</strong></span> <span class='ocrx_word' id='word_1_512' title='bbox 243 5578 260 5592; x_wconf 92' lang='lat'><strong>.</strong></span> 
     </span>
    </p>
   </div>
   <div class='ocr_carea' id='block_1_66' title="bbox 185 5553 260 5594">
    <p class='ocr_par' dir='ltr' id='par_1_66' title="bbox 185 5553 260 5594">
     <span class='ocr_line' id='line_1_67' title="bbox 185 5553 260 5594; baseline 0.027 -2"><span class='ocrx_word' id='word_1_513' title='bbox 185 5553 260 5594; x_wconf 72' lang='lat' dir='ltr'><strong>SI.</strong></span> 
     </span>
    </p>
   </div>
   <div class='ocr_carea' id='block_1_67' title="bbox 226 5609 1800 5684">
    <p class='ocr_par' dir='ltr' id='par_1_67' title="bbox 226 5609 1800 5684">
     <span class='ocr_line' id='line_1_68' title="bbox 226 5609 1800 5684; baseline 0.001 -18"><span class='ocrx_word' id='word_1_514' title='bbox 226 5609 456 5684; x_wconf 43' lang='lat' dir='ltr'><strong>{Edita</strong></span> <span class='ocrx_word' id='word_1_515' title='bbox 503 5609 885 5684; x_wconf 33' lang='lat' dir='ltr'><strong>QuercetLiO,</strong></span> <span class='ocrx_word' id='word_1_516' title='bbox 923 5610 1124 5667; x_wconf 88' lang='lat' dir='ltr'><strong>Canisii</strong></span> <span class='ocrx_word' id='word_1_517' title='bbox 1156 5612 1224 5666; x_wconf 78' lang='lat' dir='ltr'><strong>M</strong></span> <span class='ocrx_word' id='word_1_518' title='bbox 1271 5610 1526 5684; x_wconf 86' lang='lat' dir='ltr'><strong>(Froben.</strong></span> <span class='ocrx_word' id='word_1_519' title='bbox 1554 5609 1662 5683; x_wconf 79' lang='lat' dir='ltr'><strong>7t).</strong></span> <span class='ocrx_word' id='word_1_520' title='bbox 1701 5611 1800 5668; x_wconf 82' lang='lat' dir='ltr'><strong>Hic</strong></span> 
     </span>
    </p>
   </div>
   <div class='ocr_carea' id='block_1_68' title="bbox 153 5679 1025 5739">
    <p class='ocr_par' dir='ltr' id='par_1_68' title="bbox 153 5679 1025 5739">
     <span class='ocr_line' id='line_1_69' title="bbox 153 5679 1025 5739; baseline 0 -1"><span class='ocrx_word' id='word_1_521' title='bbox 153 5679 370 5738; x_wconf 82' lang='lat' dir='ltr'><strong>collata</strong></span> <span class='ocrx_word' id='word_1_522' title='bbox 397 5697 554 5739; x_wconf 88' lang='lat' dir='ltr'><strong>cum</strong></span> <span class='ocrx_word' id='word_1_523' title='bbox 591 5684 713 5737; x_wconf 92' lang='lat' dir='ltr'><strong>cod.</strong></span> <span class='ocrx_word' id='word_1_524' title='bbox 746 5683 1025 5738; x_wconf 76' lang='lat' dir='ltr'><strong>Vaticano.</strong></span> 
     </span>
    </p>
   </div>
   <div class='ocr_carea' id='block_1_69' title="bbox 226 5753 1800 5825">
    <p class='ocr_par' dir='ltr' id='par_1_69' title="bbox 226 5753 1800 5825">
     <span class='ocr_line' id='line_1_70' title="bbox 226 5753 1800 5825; baseline 0.003 -18"><span class='ocrx_word' id='word_1_525' title='bbox 226 5765 251 5792; x_wconf 73' lang='grc' dir='ltr'>ε</span> <span class='ocrx_word' id='word_1_526' title='bbox 299 5754 592 5825; x_wconf 53' lang='lat' dir='ltr'><strong>Belgicae.</strong></span> <span class='ocrx_word' id='word_1_527' title='bbox 628 5753 754 5809; x_wconf 82' lang='lat' dir='ltr'><strong>Haec</strong></span> <span class='ocrx_word' id='word_1_528' title='bbox 776 5754 1103 5825; x_wconf 89' lang='lat' dir='ltr'><strong>interpretor</strong></span> <span class='ocrx_word' id='word_1_529' title='bbox 1129 5755 1194 5809; x_wconf 91' lang='lat' dir='ltr'><strong>de</strong></span> <span class='ocrx_word' id='word_1_530' title='bbox 1221 5753 1416 5809; x_wconf 89' lang='lat' dir='ltr'><strong>itinere</strong></span> <span class='ocrx_word' id='word_1_531' title='bbox 1452 5754 1520 5825; x_wconf 85' lang='lat' dir='ltr'><strong>ab</strong></span> <span class='ocrx_word' id='word_1_532' title='bbox 1566 5753 1800 5812; x_wconf 84' lang='lat' dir='ltr'><strong>Alcuino</strong></span> 
     </span>
    </p>
   </div>
   <div class='ocr_carea' id='block_1_70' title="bbox 154 5821 1801 5899">
    <p class='ocr_par' dir='ltr' id='par_1_70' title="bbox 154 5821 1801 5899">
     <span class='ocr_line' id='line_1_71' title="bbox 154 5821 1801 5899; baseline 0.005 -20"><span class='ocrx_word' id='word_1_533' title='bbox 154 5821 440 5899; x_wconf 78' lang='lat' dir='ltr'><strong>suscepto</strong></span> <span class='ocrx_word' id='word_1_534' title='bbox 492 5821 574 5880; x_wconf 86' lang='lat' dir='ltr'><strong>ad</strong></span> <span class='ocrx_word' id='word_1_535' title='bbox 599 5821 986 5884; x_wconf 74' lang='lat' dir='ltr'><strong>monasterium</strong></span> <span class='ocrx_word' id='word_1_536' title='bbox 1011 5825 1219 5894; x_wconf 83' lang='lat' dir='ltr'><strong>Wieus,</strong></span> <span class='ocrx_word' id='word_1_537' title='bbox 1259 5841 1358 5887; x_wconf 90' lang='lat' dir='ltr'><strong>seu</strong></span> <span class='ocrx_word' id='word_1_538' title='bbox 1393 5824 1584 5883; x_wconf 89' lang='lat' dir='ltr'><strong>cellam</strong></span> <span class='ocrx_word' id='word_1_539' title='bbox 1618 5825 1676 5884; x_wconf 88' lang='lat' dir='ltr'><strong>S.</strong></span> <span class='ocrx_word' id='word_1_540' title='bbox 1709 5825 1801 5887; x_wconf 83' lang='lat' dir='ltr'><strong>Jo-</strong></span> 
     </span>
    </p>
   </div>
   <div class='ocr_carea' id='block_1_71' title="bbox 1941 1929 3466 2006">
    <p class='ocr_par' dir='ltr' id='par_1_71' title="bbox 1941 1929 3466 2006">
     <span class='ocr_line' id='line_1_72' title="bbox 1941 1929 3466 2006; baseline -0.001 -17"><span class='ocrx_word' id='word_1_541' title='bbox 1941 1934 2048 1989; x_wconf 89' lang='lat' dir='ltr'><strong>Sed</strong></span> <span class='ocrx_word' id='word_1_542' title='bbox 2073 1942 2134 1989; x_wconf 92' lang='lat' dir='ltr'><strong>ut</strong></span> <span class='ocrx_word' id='word_1_543' title='bbox 2168 1935 2234 1990; x_wconf 93' lang='lat' dir='ltr'><strong>de</strong></span> <span class='ocrx_word' id='word_1_544' title='bbox 2261 1934 2651 2004; x_wconf 85' lang='lat' dir='ltr'><strong>pulverulentis</strong></span> <span class='ocrx_word' id='word_1_545' title='bbox 2680 1934 2987 2004; x_wconf 59' lang='lat' dir='ltr'><strong>Campania;</strong></span> <span class='ocrx_word' id='word_1_546' title='bbox 3016 1933 3186 2006; x_wconf 90' lang='lat' dir='ltr'><strong>glebis</strong></span> <span class='ocrx_word' id='word_1_547' title='bbox 3208 1931 3275 1988; x_wconf 91' lang='lat' dir='ltr'><strong>ad</strong></span> <span class='ocrx_word' id='word_1_548' title='bbox 3303 1929 3466 1988; x_wconf 87' lang='lat' dir='ltr'><strong>coele-</strong></span> 
     </span>
    </p>
   </div>
   <div class='ocr_carea' id='block_1_72' title="bbox 1871 2022 3467 2096">
    <p class='ocr_par' dir='ltr' id='par_1_72' title="bbox 1871 2022 3467 2096">
     <span class='ocr_line' id='line_1_73' title="bbox 1871 2022 3467 2096; baseline -0.003 -13"><span class='ocrx_word' id='word_1_549' title='bbox 1871 2028 1970 2083; x_wconf 92' lang='lat' dir='ltr'><strong>stis</strong></span> <span class='ocrx_word' id='word_1_550' title='bbox 1996 2028 2248 2083; x_wconf 89' lang='lat' dir='ltr'><strong>culminis</strong></span> <span class='ocrx_word' id='word_1_551' title='bbox 2286 2028 2678 2083; x_wconf 88' lang='lat' dir='ltr'><strong>nobilissimam</strong></span> <span class='ocrx_word' id='word_1_552' title='bbox 2711 2027 3188 2096; x_wconf 86' lang='lat' dir='ltr'><strong>acutissimamque</strong></span> <span class='ocrx_word' id='word_1_553' title='bbox 3219 2022 3467 2081; x_wconf 87' lang='lat' dir='ltr'><strong>conside-</strong></span> 
     </span>
    </p>
   </div>
   <div class='ocr_carea' id='block_1_73' title="bbox 1871 2117 3466 2176">
    <p class='ocr_par' dir='ltr' id='par_1_73' title="bbox 1871 2117 3466 2176">
     <span class='ocr_line' id='line_1_74' title="bbox 1871 2117 3466 2176; baseline -0.004 -1"><span class='ocrx_word' id='word_1_554' title='bbox 1871 2121 2138 2176; x_wconf 88' lang='lat' dir='ltr'><strong>rationem</strong></span> <span class='ocrx_word' id='word_1_555' title='bbox 2168 2135 2256 2175; x_wconf 92' lang='lat' dir='ltr'><strong>me</strong></span> <span class='ocrx_word' id='word_1_556' title='bbox 2299 2120 2479 2175; x_wconf 89' lang='lat' dir='ltr'><strong>subito</strong></span> <span class='ocrx_word' id='word_1_557' title='bbox 2528 2119 2872 2174; x_wconf 89' lang='lat' dir='ltr'><strong>transtuleris</strong></span> <span class='ocrx_word' id='word_1_558' title='bbox 2903 2135 2917 2172; x_wconf 90' lang='lat'><strong>:</strong></span> <span class='ocrx_word' id='word_1_559' title='bbox 2956 2119 3131 2174; x_wconf 92' lang='lat' dir='ltr'><strong>denuo</strong></span> <span class='ocrx_word' id='word_1_560' title='bbox 3171 2117 3226 2172; x_wconf 90' lang='lat' dir='ltr'><strong>in</strong></span> <span class='ocrx_word' id='word_1_561' title='bbox 3265 2128 3466 2169; x_wconf 90' lang='lat' dir='ltr'><strong>arcano</strong></span> 
     </span>
    </p>
   </div>
   <div class='ocr_carea' id='block_1_74' title="bbox 1875 2205 3469 2283">
    <p class='ocr_par' dir='ltr' id='par_1_74' title="bbox 1875 2205 3469 2283">
     <span class='ocr_line' id='line_1_75' title="bbox 1875 2205 3469 2283; baseline -0.003 -18"><span class='ocrx_word' id='word_1_562' title='bbox 1875 2212 2108 2282; x_wconf 90' lang='lat' dir='ltr'><strong>pectoris</strong></span> <span class='ocrx_word' id='word_1_563' title='bbox 2134 2211 2240 2266; x_wconf 88' lang='lat' dir='ltr'><strong>mei</strong></span> <span class='ocrx_word' id='word_1_564' title='bbox 2267 2210 2642 2283; x_wconf 66' lang='lat' dir='ltr'><strong>Pythagoricm</strong></span> <span class='ocrx_word' id='word_1_565' title='bbox 2666 2210 2963 2281; x_wconf 83' lang='lat' dir='ltr'><strong>disciplinae</strong></span> <span class='ocrx_word' id='word_1_566' title='bbox 2990 2209 3292 2270; x_wconf 87' lang='lat' dir='ltr'><strong>scientiam,</strong></span> <span class='ocrx_word' id='word_1_567' title='bbox 3326 2205 3469 2261; x_wconf 90' lang='lat' dir='ltr'><strong>unde</strong></span> 
     </span>
    </p>
   </div>
   <div class='ocr_carea' id='block_1_75' title="bbox 1875 2295 3472 2366">
    <p class='ocr_par' dir='ltr' id='par_1_75' title="bbox 1875 2295 3472 2366">
     <span class='ocr_line' id='line_1_76' title="bbox 1875 2295 3472 2366; baseline -0.004 -9"><span class='ocrx_word' id='word_1_568' title='bbox 1875 2303 2103 2357; x_wconf 84' lang='lat' dir='ltr'><strong>necdum</strong></span> <span class='ocrx_word' id='word_1_569' title='bbox 2127 2301 2393 2364; x_wconf 86' lang='lat' dir='ltr'><strong>discessit,</strong></span> <span class='ocrx_word' id='word_1_570' title='bbox 2419 2316 2679 2356; x_wconf 86' lang='lat' dir='ltr'><strong>renovare</strong></span> <span class='ocrx_word' id='word_1_571' title='bbox 2705 2301 2918 2366; x_wconf 89' lang='lat' dir='ltr'><strong>niteris,</strong></span> <span class='ocrx_word' id='word_1_572' title='bbox 2943 2302 3070 2354; x_wconf 93' lang='lat' dir='ltr'><strong>dum</strong></span> <span class='ocrx_word' id='word_1_573' title='bbox 3099 2312 3186 2352; x_wconf 90' lang='lat' dir='ltr'><strong>me</strong></span> <span class='ocrx_word' id='word_1_574' title='bbox 3206 2299 3260 2351; x_wconf 94' lang='lat' dir='ltr'><strong>in</strong></span> <span class='ocrx_word' id='word_1_575' title='bbox 3289 2295 3472 2364; x_wconf 86' lang='lat' dir='ltr'><strong>hujus-</strong></span> 
     </span>
    </p>
   </div>
   <div class='ocr_carea' id='block_1_76' title="bbox 1874 2389 3468 2456">
    <p class='ocr_par' dir='ltr' id='par_1_76' title="bbox 1874 2389 3468 2456">
     <span class='ocr_line' id='line_1_77' title="bbox 1874 2389 3468 2456; baseline -0.005 -10"><span class='ocrx_word' id='word_1_576' title='bbox 1874 2392 2019 2446; x_wconf 92' lang='lat' dir='ltr'><strong>modi</strong></span> <span class='ocrx_word' id='word_1_577' title='bbox 2048 2392 2394 2445; x_wconf 86' lang='lat' dir='ltr'><strong>honestarum</strong></span> <span class='ocrx_word' id='word_1_578' title='bbox 2417 2392 2616 2445; x_wconf 87' lang='lat' dir='ltr'><strong>artium</strong></span> <span class='ocrx_word' id='word_1_579' title='bbox 2633 2389 3168 2452; x_wconf 67' lang='lat' dir='ltr'><strong>ponsiderationibus</strong></span> <span class='ocrx_word' id='word_1_580' title='bbox 3190 2400 3468 2456; x_wconf 91' lang='lat' dir='ltr'><strong>nunquam</strong></span> 
     </span>
    </p>
   </div>
   <div class='ocr_carea' id='block_1_77' title="bbox 1878 2467 3534 2550">
    <p class='ocr_par' dir='ltr' id='par_1_77' title="bbox 1878 2467 3534 2550">
     <span class='ocr_line' id='line_1_78' title="bbox 1878 2467 3534 2550; baseline -0.003 -15"><span class='ocrx_word' id='word_1_581' title='bbox 1878 2480 2136 2546; x_wconf 90' lang='lat' dir='ltr'><strong>desidem,</strong></span> <span class='ocrx_word' id='word_1_582' title='bbox 2169 2483 2413 2550; x_wconf 85' lang='lat' dir='ltr'><strong>quamvis</strong></span> <span class='ocrx_word' id='word_1_583' title='bbox 2443 2481 2623 2535; x_wconf 90' lang='lat' dir='ltr'><strong>minus</strong></span> <span class='ocrx_word' id='word_1_584' title='bbox 2653 2482 2892 2545; x_wconf 91' lang='lat' dir='ltr'><strong>doctum,</strong></span> <span class='ocrx_word' id='word_1_585' title='bbox 2919 2479 3220 2534; x_wconf 89' lang='lat' dir='ltr'><strong>invenistis.</strong></span> <span class='ocrx_word' id='word_1_586' title='bbox 3255 2475 3366 2532; x_wconf 86' lang='lat' dir='ltr'><strong>Nec</strong></span> <span class='ocrx_word' id='word_1_587' title='bbox 3392 2467 3534 2531; x_wconf 71' lang='lat' dir='ltr'><strong>fa-&quot;</strong></span> 
     </span>
    </p>
   </div>
   <div class='ocr_carea' id='block_1_78' title="bbox 1879 2569 3476 2646">
    <p class='ocr_par' dir='ltr' id='par_1_78' title="bbox 1879 2569 3476 2646">
     <span class='ocr_line' id='line_1_79' title="bbox 1879 2569 3476 2646; baseline -0.003 -15"><span class='ocrx_word' id='word_1_588' title='bbox 1879 2577 2102 2631; x_wconf 89' lang='lat' dir='ltr'><strong>stidiosa</strong></span> <span class='ocrx_word' id='word_1_589' title='bbox 2146 2577 2400 2646; x_wconf 88' lang='lat' dir='ltr'><strong>segnities</strong></span> <span class='ocrx_word' id='word_1_590' title='bbox 2449 2575 2759 2646; x_wconf 85' lang='lat' dir='ltr'><strong>legentium,</strong></span> <span class='ocrx_word' id='word_1_591' title='bbox 2798 2573 3185 2630; x_wconf 75' lang='lat' dir='ltr'><strong>benevolentia:</strong></span> <span class='ocrx_word' id='word_1_592' title='bbox 3229 2569 3476 2640; x_wconf 86' lang='lat' dir='ltr'><strong>magistri</strong></span> 
     </span>
    </p>
   </div>
   <div class='ocr_carea' id='block_1_79' title="bbox 1873 2665 3477 2738">
    <p class='ocr_par' dir='ltr' id='par_1_79' title="bbox 1873 2665 3477 2738">
     <span class='ocr_line' id='line_1_80' title="bbox 1873 2665 3477 2738; baseline -0.004 -15"><span class='ocrx_word' id='word_1_593' title='bbox 1873 2668 2018 2738; x_wconf 86' lang='lat' dir='ltr'><strong>juste</strong></span> <span class='ocrx_word' id='word_1_594' title='bbox 2070 2667 2316 2736; x_wconf 89' lang='lat' dir='ltr'><strong>deputari</strong></span> <span class='ocrx_word' id='word_1_595' title='bbox 2356 2666 2536 2730; x_wconf 87' lang='lat' dir='ltr'><strong>debet,</strong></span> <span class='ocrx_word' id='word_1_596' title='bbox 2586 2668 2632 2722; x_wconf 92' lang='lat' dir='ltr'><strong>si</strong></span> <span class='ocrx_word' id='word_1_597' title='bbox 2680 2666 2929 2737; x_wconf 89' lang='lat' dir='ltr'><strong>plurimis</strong></span> <span class='ocrx_word' id='word_1_598' title='bbox 2973 2665 3235 2736; x_wconf 89' lang='lat' dir='ltr'><strong>inclytum</strong></span> <span class='ocrx_word' id='word_1_599' title='bbox 3280 2669 3477 2718; x_wconf 62' lang='lat' dir='ltr'><strong>vestra:</strong></span> 
     </span>
    </p>
   </div>
   <div class='ocr_carea' id='block_1_80' title="bbox 1881 2755 3478 2827">
    <p class='ocr_par' dir='ltr' id='par_1_80' title="bbox 1881 2755 3478 2827">
     <span class='ocr_line' id='line_1_81' title="bbox 1881 2755 3478 2827; baseline -0.006 -12"><span class='ocrx_word' id='word_1_600' title='bbox 1881 2760 2194 2815; x_wconf 86' lang='lat' dir='ltr'><strong>intentionis</strong></span> <span class='ocrx_word' id='word_1_601' title='bbox 2219 2759 2455 2814; x_wconf 87' lang='lat' dir='ltr'><strong>studium</strong></span> <span class='ocrx_word' id='word_1_602' title='bbox 2484 2758 2856 2827; x_wconf 84' lang='lat' dir='ltr'><strong>sequentibus,</strong></span> <span class='ocrx_word' id='word_1_603' title='bbox 2881 2756 3062 2811; x_wconf 90' lang='lat' dir='ltr'><strong>forsan</strong></span> <span class='ocrx_word' id='word_1_604' title='bbox 3085 2755 3313 2809; x_wconf 74' lang='lat' dir='ltr'><strong>Athena:</strong></span> <span class='ocrx_word' id='word_1_605' title='bbox 3337 2767 3478 2807; x_wconf 88' lang='lat' dir='ltr'><strong>nova</strong></span> 
     </span>
    </p>
   </div>
   <div class='ocr_carea' id='block_1_81' title="bbox 1879 2845 3478 2923">
    <p class='ocr_par' dir='ltr' id='par_1_81' title="bbox 1879 2845 3478 2923">
     <span class='ocr_line' id='line_1_82' title="bbox 1879 2845 3478 2923; baseline -0.005 -17"><span class='ocrx_word' id='word_1_606' title='bbox 1879 2851 2234 2923; x_wconf 77' lang='lat' dir='ltr'><strong>perficeretur</strong></span> <span class='ocrx_word' id='word_1_607' title='bbox 2263 2852 2316 2904; x_wconf 91' lang='lat' dir='ltr'><strong>in</strong></span> <span class='ocrx_word' id='word_1_608' title='bbox 2342 2849 2595 2914; x_wconf 85' lang='lat' dir='ltr'><strong>Francia,</strong></span> <span class='ocrx_word' id='word_1_609' title='bbox 2623 2849 2732 2904; x_wconf 92' lang='lat' dir='ltr'><strong>imo</strong></span> <span class='ocrx_word' id='word_1_610' title='bbox 2754 2847 2923 2903; x_wconf 92' lang='lat' dir='ltr'><strong>multo</strong></span> <span class='ocrx_word' id='word_1_611' title='bbox 2953 2845 3323 2910; x_wconf 83' lang='lat' dir='ltr'><strong>excellentior,</strong></span> <span class='ocrx_word' id='word_1_612' title='bbox 3350 2845 3478 2915; x_wconf 86' lang='lat' dir='ltr'><strong>quia</strong></span> 
     </span>
    </p>
   </div>
   <div class='ocr_carea' id='block_1_82' title="bbox 1879 2937 3478 3010">
    <p class='ocr_par' dir='ltr' id='par_1_82' title="bbox 1879 2937 3478 3010">
     <span class='ocr_line' id='line_1_83' title="bbox 1879 2937 3478 3010; baseline -0.004 -13"><span class='ocrx_word' id='word_1_613' title='bbox 1879 2943 1994 2997; x_wconf 71' lang='lat' dir='ltr'><strong>btec</strong></span> <span class='ocrx_word' id='word_1_614' title='bbox 2027 2940 2229 2996; x_wconf 89' lang='lat' dir='ltr'><strong>Christi</strong></span> <span class='ocrx_word' id='word_1_615' title='bbox 2281 2940 2492 2994; x_wconf 90' lang='lat' dir='ltr'><strong>Domini</strong></span> <span class='ocrx_word' id='word_1_616' title='bbox 2532 2939 2812 2996; x_wconf 90' lang='lat' dir='ltr'><strong>nobilitata</strong></span> <span class='ocrx_word' id='word_1_617' title='bbox 2860 2937 3205 3010; x_wconf 87' lang='lat' dir='ltr'><strong>magisterio,</strong></span> <span class='ocrx_word' id='word_1_618' title='bbox 3259 2950 3478 2992; x_wconf 89' lang='lat' dir='ltr'><strong>omnem</strong></span> 
     </span>
    </p>
   </div>
   <div class='ocr_carea' id='block_1_83' title="bbox 1880 3025 3480 3100">
    <p class='ocr_par' dir='ltr' id='par_1_83' title="bbox 1880 3025 3480 3100">
     <span class='ocr_line' id='line_1_84' title="bbox 1880 3025 3480 3100; baseline -0.004 -13"><span class='ocrx_word' id='word_1_619' title='bbox 1880 3032 2218 3088; x_wconf 84' lang='lat' dir='ltr'><strong>Academicac</strong></span> <span class='ocrx_word' id='word_1_620' title='bbox 2265 3032 2672 3087; x_wconf 79' lang='lat' dir='ltr'><strong>exercitationis</strong></span> <span class='ocrx_word' id='word_1_621' title='bbox 2724 3037 2947 3100; x_wconf 89' lang='lat' dir='ltr'><strong>superat</strong></span> <span class='ocrx_word' id='word_1_622' title='bbox 2997 3029 3336 3098; x_wconf 88' lang='lat' dir='ltr'><strong>sapientiam.</strong></span> <span class='ocrx_word' id='word_1_623' title='bbox 3386 3025 3480 3080; x_wconf 86' lang='lat' dir='ltr'><strong>Illa</strong></span> 
     </span>
    </p>
   </div>
   <div class='ocr_carea' id='block_1_84' title="bbox 1883 3119 3482 3191">
    <p class='ocr_par' dir='ltr' id='par_1_84' title="bbox 1883 3119 3482 3191">
     <span class='ocr_line' id='line_1_85' title="bbox 1883 3119 3482 3191; baseline -0.004 -9"><span class='ocrx_word' id='word_1_624' title='bbox 1883 3126 2257 3182; x_wconf 82' lang='lat' dir='ltr'><strong>tantummodo</strong></span> <span class='ocrx_word' id='word_1_625' title='bbox 2301 3124 2593 3180; x_wconf 90' lang='lat' dir='ltr'><strong>Platonicis</strong></span> <span class='ocrx_word' id='word_1_626' title='bbox 2639 3124 2850 3178; x_wconf 87' lang='lat' dir='ltr'><strong>erudita</strong></span> <span class='ocrx_word' id='word_1_627' title='bbox 2887 3121 3204 3191; x_wconf 91' lang='lat' dir='ltr'><strong>disciplinis,</strong></span> <span class='ocrx_word' id='word_1_628' title='bbox 3244 3119 3482 3190; x_wconf 86' lang='lat' dir='ltr'><strong>septenis</strong></span> 
     </span>
    </p>
   </div>
   <div class='ocr_carea' id='block_1_85' title="bbox 1885 3211 3485 3285">
    <p class='ocr_par' dir='ltr' id='par_1_85' title="bbox 1885 3211 3485 3285">
     <span class='ocr_line' id='line_1_86' title="bbox 1885 3211 3485 3285; baseline -0.004 -10"><span class='ocrx_word' id='word_1_629' title='bbox 1885 3219 2175 3275; x_wconf 86' lang='lat' dir='ltr'><strong>informata</strong></span> <span class='ocrx_word' id='word_1_630' title='bbox 2205 3219 2401 3273; x_wconf 90' lang='lat' dir='ltr'><strong>claruit</strong></span> <span class='ocrx_word' id='word_1_631' title='bbox 2440 3219 2676 3283; x_wconf 90' lang='lat' dir='ltr'><strong>artibus;</strong></span> <span class='ocrx_word' id='word_1_632' title='bbox 2720 3218 2836 3272; x_wconf 64' lang='lat' dir='ltr'><strong>haec</strong></span> <span class='ocrx_word' id='word_1_633' title='bbox 2874 3217 3038 3273; x_wconf 90' lang='lat' dir='ltr'><strong>etiam</strong></span> <span class='ocrx_word' id='word_1_634' title='bbox 3069 3216 3290 3285; x_wconf 90' lang='lat' dir='ltr'><strong>insuper</strong></span> <span class='ocrx_word' id='word_1_635' title='bbox 3316 3211 3485 3284; x_wconf 84' lang='lat' dir='ltr'><strong>septi-</strong></span> 
     </span>
    </p>
   </div>
   <div class='ocr_carea' id='block_1_86' title="bbox 1883 3307 3484 3380">
    <p class='ocr_par' dir='ltr' id='par_1_86' title="bbox 1883 3307 3484 3380">
     <span class='ocr_line' id='line_1_87' title="bbox 1883 3307 3484 3380; baseline -0.001 -16"><span class='ocrx_word' id='word_1_636' title='bbox 1883 3309 2043 3366; x_wconf 88' lang='lat' dir='ltr'><strong>formi</strong></span> <span class='ocrx_word' id='word_1_637' title='bbox 2074 3310 2246 3365; x_wconf 90' lang='lat' dir='ltr'><strong>sancti</strong></span> <span class='ocrx_word' id='word_1_638' title='bbox 2279 3308 2514 3379; x_wconf 89' lang='lat' dir='ltr'><strong>Spiritus</strong></span> <span class='ocrx_word' id='word_1_639' title='bbox 2548 3307 2882 3380; x_wconf 90' lang='lat' dir='ltr'><strong>plenitudine</strong></span> <span class='ocrx_word' id='word_1_640' title='bbox 2927 3308 3096 3363; x_wconf 91' lang='lat' dir='ltr'><strong>ditata</strong></span> <span class='ocrx_word' id='word_1_641' title='bbox 3135 3320 3352 3362; x_wconf 88' lang='lat' dir='ltr'><strong>omnem</strong></span> <span class='ocrx_word' id='word_1_642' title='bbox 3381 3319 3484 3362; x_wconf 63' lang='lat' dir='ltr'><strong>sat-</strong></span> 
     </span>
    </p>
   </div>
   <div class='ocr_carea' id='block_1_87' title="bbox 1884 3398 3479 3474">
    <p class='ocr_par' dir='ltr' id='par_1_87' title="bbox 1884 3398 3479 3474">
     <span class='ocr_line' id='line_1_88' title="bbox 1884 3398 3479 3474; baseline -0.004 -14"><span class='ocrx_word' id='word_1_643' title='bbox 1884 3403 2084 3460; x_wconf 90' lang='lat' dir='ltr'><strong>cularis</strong></span> <span class='ocrx_word' id='word_1_644' title='bbox 2107 3403 2385 3474; x_wconf 75' lang='lat' dir='ltr'><strong>sapientia:</strong></span> <span class='ocrx_word' id='word_1_645' title='bbox 2413 3402 2630 3459; x_wconf 85' lang='lat' dir='ltr'><strong>excellit</strong></span> <span class='ocrx_word' id='word_1_646' title='bbox 2658 3399 3000 3473; x_wconf 62' lang='lat' dir='ltr'><strong>dignitatem;</strong></span> <span class='ocrx_word' id='word_1_647' title='bbox 3028 3401 3108 3456; x_wconf 86' lang='lat' dir='ltr'><strong>Ex</strong></span> <span class='ocrx_word' id='word_1_648' title='bbox 3134 3399 3288 3470; x_wconf 89' lang='lat' dir='ltr'><strong>cujus</strong></span> <span class='ocrx_word' id='word_1_649' title='bbox 3317 3398 3479 3463; x_wconf 84' lang='lat' dir='ltr'><strong>dono,</strong></span> 
     </span>
    </p>
   </div>
   <div class='ocr_carea' id='block_1_88' title="bbox 1885 3474 3482 3568">
    <p class='ocr_par' dir='ltr' id='par_1_88' title="bbox 1885 3474 3482 3568">
     <span class='ocr_line' id='line_1_89' title="bbox 1885 3474 3482 3568; baseline -0.003 -17"><span class='ocrx_word' id='word_1_650' title='bbox 1885 3495 1931 3552; x_wconf 88' lang='lat' dir='ltr'><strong>si</strong></span> <span class='ocrx_word' id='word_1_651' title='bbox 1957 3496 2086 3566; x_wconf 88' lang='lat' dir='ltr'><strong>quid</strong></span> <span class='ocrx_word' id='word_1_652' title='bbox 2133 3494 2355 3568; x_wconf 86' lang='lat' dir='ltr'><strong>dignum</strong></span> <span class='ocrx_word' id='word_1_653' title='bbox 2395 3497 2465 3550; x_wconf 90' lang='lat' dir='ltr'><strong>ad</strong></span> <span class='ocrx_word' id='word_1_654' title='bbox 2495 3495 2828 3567; x_wconf 88' lang='lat' dir='ltr'><strong>interrogata</strong></span> <span class='ocrx_word' id='word_1_655' title='bbox 2877 3474 3206 3564; x_wconf 66' lang='lat' dir='ltr'><strong>respondere</strong></span> <span class='ocrx_word' id='word_1_656' title='bbox 3247 3491 3482 3559; x_wconf 88' lang='lat' dir='ltr'><strong>valeam,</strong></span> 
     </span>
    </p>
   </div>
   <div class='ocr_carea' id='block_1_89' title="bbox 1885 3585 2178 3657">
    <p class='ocr_par' dir='ltr' id='par_1_89' title="bbox 1885 3585 2178 3657">
     <span class='ocr_line' id='line_1_90' title="bbox 1885 3585 2178 3657; baseline 0.003 -16"><span class='ocrx_word' id='word_1_657' title='bbox 1885 3585 2178 3657; x_wconf 85' lang='lat' dir='ltr'><strong>proferam.</strong></span> 
     </span>
    </p>
   </div>
   <div class='ocr_carea' id='block_1_90' title="bbox 1955 3684 3485 3759">
    <p class='ocr_par' dir='ltr' id='par_1_90' title="bbox 1955 3684 3485 3759">
     <span class='ocr_line' id='line_1_91' title="bbox 1955 3684 3485 3759; baseline -0.001 -17"><span class='ocrx_word' id='word_1_658' title='bbox 1955 3688 2238 3759; x_wconf 85' lang='lat' dir='ltr'><strong>Inquisitio</strong></span> <span class='ocrx_word' id='word_1_659' title='bbox 2290 3704 2419 3745; x_wconf 92' lang='lat' dir='ltr'><strong>vero</strong></span> <span class='ocrx_word' id='word_1_660' title='bbox 2473 3695 2668 3745; x_wconf 70' lang='lat' dir='ltr'><strong>vestra:</strong></span> <span class='ocrx_word' id='word_1_661' title='bbox 2714 3687 3007 3758; x_wconf 86' lang='lat' dir='ltr'><strong>ingeniosae</strong></span> <span class='ocrx_word' id='word_1_662' title='bbox 3062 3693 3118 3742; x_wconf 92' lang='lat' dir='ltr'><strong>et</strong></span> <span class='ocrx_word' id='word_1_663' title='bbox 3166 3684 3485 3742; x_wconf 73' lang='lat' dir='ltr'><strong>clarissim</strong></span> 
     </span>
    </p>
   </div>
   <div class='ocr_carea' id='block_1_91' title="bbox 1887 3778 3488 3854">
    <p class='ocr_par' dir='ltr' id='par_1_91' title="bbox 1887 3778 3488 3854">
     <span class='ocr_line' id='line_1_92' title="bbox 1887 3778 3488 3854; baseline -0.005 -14"><span class='ocrx_word' id='word_1_664' title='bbox 1887 3783 2164 3854; x_wconf 74' lang='lat' dir='ltr'><strong>sapientize</strong></span> <span class='ocrx_word' id='word_1_665' title='bbox 2199 3784 2312 3838; x_wconf 64' lang='lat' dir='ltr'><strong>haec</strong></span> <span class='ocrx_word' id='word_1_666' title='bbox 2340 3781 2481 3837; x_wconf 85' lang='lat' dir='ltr'><strong>fuit:</strong></span> <span class='ocrx_word' id='word_1_667' title='bbox 2513 3781 2623 3837; x_wconf 84' lang='lat' dir='ltr'><strong>Cur</strong></span> <span class='ocrx_word' id='word_1_668' title='bbox 2649 3783 2842 3854; x_wconf 86' lang='lat' dir='ltr'><strong>species</strong></span> <span class='ocrx_word' id='word_1_669' title='bbox 2886 3780 3090 3836; x_wconf 84' lang='lat' dir='ltr'><strong>lunaris</strong></span> <span class='ocrx_word' id='word_1_670' title='bbox 3126 3779 3359 3852; x_wconf 89' lang='lat' dir='ltr'><strong>corporis</strong></span> <span class='ocrx_word' id='word_1_671' title='bbox 3385 3778 3488 3832; x_wconf 84' lang='lat' dir='ltr'><strong>mi-</strong></span> 
     </span>
    </p>
   </div>
   <div class='ocr_carea' id='block_1_92' title="bbox 1890 3870 3484 3948">
    <p class='ocr_par' dir='ltr' id='par_1_92' title="bbox 1890 3870 3484 3948">
     <span class='ocr_line' id='line_1_93' title="bbox 1890 3870 3484 3948; baseline -0.004 -19"><span class='ocrx_word' id='word_1_672' title='bbox 1890 3892 1987 3929; x_wconf 88' lang='lat' dir='ltr'><strong>nor</strong></span> <span class='ocrx_word' id='word_1_673' title='bbox 2018 3883 2231 3946; x_wconf 84' lang='lat' dir='ltr'><strong>apparet</strong></span> <span class='ocrx_word' id='word_1_674' title='bbox 2259 3873 2415 3948; x_wconf 90' lang='lat' dir='ltr'><strong>[C0d.</strong></span> <span class='ocrx_word' id='word_1_675' title='bbox 2435 3874 2582 3940; x_wconf 75' lang='lat' dir='ltr'><strong>Vat.,</strong></span> <span class='ocrx_word' id='word_1_676' title='bbox 2611 3870 2906 3945; x_wconf 85' lang='lat' dir='ltr'><strong>appareret]</strong></span> <span class='ocrx_word' id='word_1_677' title='bbox 2940 3872 3106 3927; x_wconf 86' lang='lat' dir='ltr'><strong>oculis</strong></span> <span class='ocrx_word' id='word_1_678' title='bbox 3139 3871 3484 3935; x_wconf 79' lang='lat' dir='ltr'><strong>cernentium,</strong></span> 
     </span>
    </p>
   </div>
   <div class='ocr_carea' id='block_1_93' title="bbox 1886 3964 3492 4040">
    <p class='ocr_par' dir='ltr' id='par_1_93' title="bbox 1886 3964 3492 4040">
     <span class='ocr_line' id='line_1_94' title="bbox 1886 3964 3492 4040; baseline -0.005 -18"><span class='ocrx_word' id='word_1_679' title='bbox 1886 3985 2044 4040; x_wconf 87' lang='lat' dir='ltr'><strong>quam</strong></span> <span class='ocrx_word' id='word_1_680' title='bbox 2090 3966 2465 4022; x_wconf 81' lang='lat' dir='ltr'><strong>calculantium</strong></span> <span class='ocrx_word' id='word_1_681' title='bbox 2517 3967 2796 4021; x_wconf 77' lang='lat' dir='ltr'><strong>curiositas</strong></span> <span class='ocrx_word' id='word_1_682' title='bbox 2830 3965 2985 4035; x_wconf 82' lang='lat'><strong>103</strong></span> <span class='ocrx_word' id='word_1_683' title='bbox 3021 3965 3077 4017; x_wconf 91' lang='lat' dir='ltr'><strong>in</strong></span> <span class='ocrx_word' id='word_1_684' title='bbox 3122 3964 3351 4018; x_wconf 76' lang='lat' dir='ltr'><strong>numeris</strong></span> <span class='ocrx_word' id='word_1_685' title='bbox 3400 3978 3492 4016; x_wconf 83' lang='lat' dir='ltr'><strong>no-</strong></span> 
     </span>
    </p>
   </div>
   <div class='ocr_carea' id='block_1_94' title="bbox 1890 4055 3492 4124">
    <p class='ocr_par' dir='ltr' id='par_1_94' title="bbox 1890 4055 3492 4124">
     <span class='ocr_line' id='line_1_95' title="bbox 1890 4055 3492 4124; baseline -0.004 -11"><span class='ocrx_word' id='word_1_686' title='bbox 1890 4061 2051 4114; x_wconf 85' lang='lat' dir='ltr'><strong>ctium</strong></span> <span class='ocrx_word' id='word_1_687' title='bbox 2078 4059 2351 4124; x_wconf 86' lang='lat' dir='ltr'><strong>inveniret,</strong></span> <span class='ocrx_word' id='word_1_688' title='bbox 2384 4057 2461 4112; x_wconf 76' lang='lat' dir='ltr'><strong>vel</strong></span> <span class='ocrx_word' id='word_1_689' title='bbox 2490 4057 2937 4112; x_wconf 77' lang='lat' dir='ltr'><strong>considerantium</strong></span> <span class='ocrx_word' id='word_1_690' title='bbox 2967 4055 3266 4109; x_wconf 81' lang='lat' dir='ltr'><strong>sollicitudo</strong></span> <span class='ocrx_word' id='word_1_691' title='bbox 3289 4055 3344 4108; x_wconf 86' lang='lat' dir='ltr'><strong>in</strong></span> <span class='ocrx_word' id='word_1_692' title='bbox 3371 4069 3492 4124; x_wconf 79' lang='lat' dir='ltr'><strong>par-</strong></span> 
     </span>
    </p>
   </div>
   <div class='ocr_carea' id='block_1_95' title="bbox 1891 4145 3491 4218">
    <p class='ocr_par' dir='ltr' id='par_1_95' title="bbox 1891 4145 3491 4218">
     <span class='ocr_line' id='line_1_96' title="bbox 1891 4145 3491 4218; baseline -0.003 -16"><span class='ocrx_word' id='word_1_693' title='bbox 1891 4148 2029 4202; x_wconf 83' lang='lat' dir='ltr'><strong>tibus</strong></span> <span class='ocrx_word' id='word_1_694' title='bbox 2061 4147 2315 4218; x_wconf 78' lang='lat' dir='ltr'><strong>Signiferi</strong></span> <span class='ocrx_word' id='word_1_695' title='bbox 2340 4148 2658 4218; x_wconf 85' lang='lat' dir='ltr'><strong>conspiceret</strong></span> <span class='ocrx_word' id='word_1_696' title='bbox 2686 4164 2704 4210; x_wconf 87' lang='lat'><strong>;</strong></span> <span class='ocrx_word' id='word_1_697' title='bbox 2737 4162 2829 4200; x_wconf 89' lang='lat' dir='ltr'><strong>nec</strong></span> <span class='ocrx_word' id='word_1_698' title='bbox 2859 4146 2927 4199; x_wconf 89' lang='lat' dir='ltr'><strong>ad</strong></span> <span class='ocrx_word' id='word_1_699' title='bbox 2964 4145 3172 4200; x_wconf 84' lang='lat' dir='ltr'><strong>easdem</strong></span> <span class='ocrx_word' id='word_1_700' title='bbox 3201 4145 3491 4216; x_wconf 80' lang='lat' dir='ltr'><strong>septimana</strong></span> 
     </span>
    </p>
   </div>
   <div class='ocr_carea' id='block_1_96' title="bbox 1894 4233 3489 4309">
    <p class='ocr_par' dir='ltr' id='par_1_96' title="bbox 1894 4233 3489 4309">
     <span class='ocr_line' id='line_1_97' title="bbox 1894 4233 3489 4309; baseline -0.002 -17"><span class='ocrx_word' id='word_1_701' title='bbox 1894 4235 2048 4309; x_wconf 90' lang='lat' dir='ltr'><strong>[Cod.</strong></span> <span class='ocrx_word' id='word_1_702' title='bbox 2092 4236 2237 4301; x_wconf 78' lang='lat' dir='ltr'><strong>Vat.,</strong></span> <span class='ocrx_word' id='word_1_703' title='bbox 2268 4235 2482 4308; x_wconf 87' lang='lat' dir='ltr'><strong>septem]</strong></span> <span class='ocrx_word' id='word_1_704' title='bbox 2535 4236 2591 4290; x_wconf 91' lang='lat' dir='ltr'><strong>in</strong></span> <span class='ocrx_word' id='word_1_705' title='bbox 2631 4237 2843 4307; x_wconf 87' lang='lat' dir='ltr'><strong>quintas</strong></span> <span class='ocrx_word' id='word_1_706' title='bbox 2885 4235 3114 4290; x_wconf 86' lang='lat' dir='ltr'><strong>decimas</strong></span> <span class='ocrx_word' id='word_1_707' title='bbox 3160 4233 3286 4289; x_wconf 82' lang='lat' dir='ltr'><strong>Kal.</strong></span> <span class='ocrx_word' id='word_1_708' title='bbox 3317 4233 3489 4306; x_wconf 83' lang='lat' dir='ltr'><strong>April.</strong></span> 
     </span>
    </p>
   </div>
   <div class='ocr_carea' id='block_1_97' title="bbox 1892 4325 3494 4398">
    <p class='ocr_par' dir='ltr' id='par_1_97' title="bbox 1892 4325 3494 4398">
     <span class='ocr_line' id='line_1_98' title="bbox 1892 4325 3494 4398; baseline 0.001 -17"><span class='ocrx_word' id='word_1_709' title='bbox 1892 4327 2020 4381; x_wconf 86' lang='lat' dir='ltr'><strong>luna</strong></span> <span class='ocrx_word' id='word_1_710' title='bbox 2054 4325 2393 4382; x_wconf 87' lang='lat' dir='ltr'><strong>Geminorum</strong></span> <span class='ocrx_word' id='word_1_711' title='bbox 2429 4327 2485 4381; x_wconf 90' lang='lat' dir='ltr'><strong>in</strong></span> <span class='ocrx_word' id='word_1_712' title='bbox 2511 4336 2722 4398; x_wconf 84' lang='lat' dir='ltr'><strong>aspectu</strong></span> <span class='ocrx_word' id='word_1_713' title='bbox 2741 4328 3028 4398; x_wconf 83' lang='lat' dir='ltr'><strong>perveniret</strong></span> <span class='ocrx_word' id='word_1_714' title='bbox 3053 4335 3246 4398; x_wconf 86' lang='lat' dir='ltr'><strong>partes,</strong></span> <span class='ocrx_word' id='word_1_715' title='bbox 3271 4326 3340 4381; x_wconf 89' lang='lat' dir='ltr'><strong>ad</strong></span> <span class='ocrx_word' id='word_1_716' title='bbox 3360 4342 3494 4398; x_wconf 78' lang='lat' dir='ltr'><strong>quas</strong></span> 
     </span>
    </p>
   </div>
   <div class='ocr_carea' id='block_1_98' title="bbox 1891 4420 3493 4494">
    <p class='ocr_par' dir='ltr' id='par_1_98' title="bbox 1891 4420 3493 4494">
     <span class='ocr_line' id='line_1_99' title="bbox 1891 4420 3493 4494; baseline -0.001 -19"><span class='ocrx_word' id='word_1_717' title='bbox 1891 4420 1987 4476; x_wconf 86' lang='lat' dir='ltr'><strong>illa</strong></span> <span class='ocrx_word' id='word_1_718' title='bbox 2014 4421 2364 4493; x_wconf 82' lang='lat' dir='ltr'><strong>multiplicata</strong></span> <span class='ocrx_word' id='word_1_719' title='bbox 2389 4437 2484 4494; x_wconf 88' lang='lat' dir='ltr'><strong>per</strong></span> <span class='ocrx_word' id='word_1_720' title='bbox 2512 4432 2734 4493; x_wconf 87' lang='lat' dir='ltr'><strong>punctos</strong></span> <span class='ocrx_word' id='word_1_721' title='bbox 2763 4421 3062 4493; x_wconf 83' lang='lat' dir='ltr'><strong>supputatio</strong></span> <span class='ocrx_word' id='word_1_722' title='bbox 3090 4420 3372 4493; x_wconf 84' lang='lat' dir='ltr'><strong>perducere</strong></span> <span class='ocrx_word' id='word_1_723' title='bbox 3395 4420 3493 4474; x_wconf 88' lang='lat' dir='ltr'><strong>de-</strong></span> 
     </span>
    </p>
   </div>
   <div class='ocr_carea' id='block_1_99' title="bbox 1813 4512 3496 4602">
    <p class='ocr_par' dir='ltr' id='par_1_99' title="bbox 1813 4512 3496 4602">
     <span class='ocr_line' id='line_1_100' title="bbox 1813 4512 3496 4602; baseline 0.001 -34"><span class='ocrx_word' id='word_1_724' title='bbox 1813 4514 2044 4602; x_wconf 75' lang='lat' dir='ltr'><strong>Dbuit?</strong></span> <span class='ocrx_word' id='word_1_725' title='bbox 2075 4514 2143 4569; x_wconf 89' lang='lat' dir='ltr'><strong>Et</strong></span> <span class='ocrx_word' id='word_1_726' title='bbox 2191 4522 2301 4570; x_wconf 90' lang='lat' dir='ltr'><strong>tres</strong></span> <span class='ocrx_word' id='word_1_727' title='bbox 2349 4512 2507 4583; x_wconf 88' lang='lat' dir='ltr'><strong>hujus</strong></span> <span class='ocrx_word' id='word_1_728' title='bbox 2559 4514 2839 4569; x_wconf 89' lang='lat' dir='ltr'><strong>varietatis</strong></span> <span class='ocrx_word' id='word_1_729' title='bbox 2887 4528 3098 4578; x_wconf 90' lang='lat' dir='ltr'><strong>causas,</strong></span> <span class='ocrx_word' id='word_1_730' title='bbox 3149 4513 3196 4568; x_wconf 91' lang='lat' dir='ltr'><strong>si</strong></span> <span class='ocrx_word' id='word_1_731' title='bbox 3243 4512 3496 4584; x_wconf 54' lang='lat' dir='ltr'><strong>quaelibet</strong></span> 
     </span>
    </p>
   </div>
   <div class='ocr_carea' id='block_1_100' title="bbox 1894 4601 3493 4677">
    <p class='ocr_par' dir='ltr' id='par_1_100' title="bbox 1894 4601 3493 4677">
     <span class='ocr_line' id='line_1_101' title="bbox 1894 4601 3493 4677; baseline -0.001 -16"><span class='ocrx_word' id='word_1_732' title='bbox 1894 4607 2084 4662; x_wconf 88' lang='lat' dir='ltr'><strong>harum</strong></span> <span class='ocrx_word' id='word_1_733' title='bbox 2114 4620 2235 4663; x_wconf 91' lang='lat' dir='ltr'><strong>esse</strong></span> <span class='ocrx_word' id='word_1_734' title='bbox 2258 4613 2562 4677; x_wconf 90' lang='lat' dir='ltr'><strong>putaretur,</strong></span> <span class='ocrx_word' id='word_1_735' title='bbox 2607 4605 2908 4675; x_wconf 91' lang='lat' dir='ltr'><strong>supponitis</strong></span> <span class='ocrx_word' id='word_1_736' title='bbox 2957 4602 3112 4676; x_wconf 83' lang='lat' dir='ltr'><strong>[Cod.</strong></span> <span class='ocrx_word' id='word_1_737' title='bbox 3175 4601 3314 4670; x_wconf 82' lang='lat' dir='ltr'><strong>Vat.,</strong></span> <span class='ocrx_word' id='word_1_738' title='bbox 3361 4619 3493 4676; x_wconf 82' lang='lat' dir='ltr'><strong>sup-</strong></span> 
     </span>
    </p>
   </div>
   <div class='ocr_carea' id='block_1_101' title="bbox 1891 4695 3494 4771">
    <p class='ocr_par' dir='ltr' id='par_1_101' title="bbox 1891 4695 3494 4771">
     <span class='ocr_line' id='line_1_102' title="bbox 1891 4695 3494 4771; baseline -0.001 -17"><span class='ocrx_word' id='word_1_739' title='bbox 1891 4698 2194 4771; x_wconf 91' lang='lat' dir='ltr'><strong>posuistis],</strong></span> <span class='ocrx_word' id='word_1_740' title='bbox 2241 4706 2306 4752; x_wconf 85' lang='lat' dir='ltr'><strong>ut</strong></span> <span class='ocrx_word' id='word_1_741' title='bbox 2354 4699 2544 4753; x_wconf 90' lang='lat' dir='ltr'><strong>eadem</strong></span> <span class='ocrx_word' id='word_1_742' title='bbox 2595 4711 2860 4767; x_wconf 89' lang='lat' dir='ltr'><strong>ponamus</strong></span> <span class='ocrx_word' id='word_1_743' title='bbox 2905 4695 3071 4750; x_wconf 89' lang='lat' dir='ltr'><strong>verba</strong></span> <span class='ocrx_word' id='word_1_744' title='bbox 3122 4710 3243 4764; x_wconf 70' lang='lat' dir='ltr'><strong>qua:</strong></span> <span class='ocrx_word' id='word_1_745' title='bbox 3290 4696 3494 4752; x_wconf 88' lang='lat' dir='ltr'><strong>nostris</strong></span> 
     </span>
    </p>
   </div>
   <div class='ocr_carea' id='block_1_102' title="bbox 1892 4787 3496 4859">
    <p class='ocr_par' dir='ltr' id='par_1_102' title="bbox 1892 4787 3496 4859">
     <span class='ocr_line' id='line_1_103' title="bbox 1892 4787 3496 4859; baseline 0.001 -17"><span class='ocrx_word' id='word_1_746' title='bbox 1892 4798 2090 4844; x_wconf 74' lang='lat' dir='ltr'><strong>vestra:</strong></span> <span class='ocrx_word' id='word_1_747' title='bbox 2139 4789 2422 4844; x_wconf 87' lang='lat' dir='ltr'><strong>laudabilis</strong></span> <span class='ocrx_word' id='word_1_748' title='bbox 2458 4788 2738 4859; x_wconf 71' lang='lat' dir='ltr'><strong>sapientia:</strong></span> <span class='ocrx_word' id='word_1_749' title='bbox 2784 4787 3029 4843; x_wconf 86' lang='lat' dir='ltr'><strong>chartula</strong></span> <span class='ocrx_word' id='word_1_750' title='bbox 3063 4787 3304 4843; x_wconf 89' lang='lat' dir='ltr'><strong>insonuit</strong></span> <span class='ocrx_word' id='word_1_751' title='bbox 3347 4789 3496 4843; x_wconf 89' lang='lat' dir='ltr'><strong>auri-</strong></span> 
     </span>
    </p>
   </div>
   <div class='ocr_carea' id='block_1_103' title="bbox 1892 4877 3496 4952">
    <p class='ocr_par' dir='ltr' id='par_1_103' title="bbox 1892 4877 3496 4952">
     <span class='ocr_line' id='line_1_104' title="bbox 1892 4877 3496 4952; baseline -0.003 -14"><span class='ocrx_word' id='word_1_752' title='bbox 1892 4884 2027 4939; x_wconf 89' lang='lat' dir='ltr'><strong>bus:</strong></span> <span class='ocrx_word' id='word_1_753' title='bbox 2061 4891 2114 4936; x_wconf 92' lang='lat' dir='ltr'><strong>ut</strong></span> <span class='ocrx_word' id='word_1_754' title='bbox 2137 4883 2248 4936; x_wconf 90' lang='lat' dir='ltr'><strong>sine</strong></span> <span class='ocrx_word' id='word_1_755' title='bbox 2273 4879 2383 4935; x_wconf 81' lang='lat' dir='ltr'><strong>ullo</strong></span> <span class='ocrx_word' id='word_1_756' title='bbox 2404 4880 2614 4952; x_wconf 88' lang='lat' dir='ltr'><strong>[Forte,</strong></span> <span class='ocrx_word' id='word_1_757' title='bbox 2645 4881 2749 4935; x_wconf 83' lang='lat' dir='ltr'><strong>sive</strong></span> <span class='ocrx_word' id='word_1_758' title='bbox 2779 4878 2896 4952; x_wconf 82' lang='lat' dir='ltr'><strong>illa]</strong></span> <span class='ocrx_word' id='word_1_759' title='bbox 2927 4879 3052 4934; x_wconf 86' lang='lat' dir='ltr'><strong>dicti</strong></span> <span class='ocrx_word' id='word_1_760' title='bbox 3084 4877 3336 4951; x_wconf 76' lang='lat' dir='ltr'><strong>Signiferi</strong></span> <span class='ocrx_word' id='word_1_761' title='bbox 3364 4879 3496 4934; x_wconf 81' lang='lat' dir='ltr'><strong>obli-</strong></span> 
     </span>
    </p>
   </div>
   <div class='ocr_carea' id='block_1_104' title="bbox 1891 4969 3496 5047">
    <p class='ocr_par' dir='ltr' id='par_1_104' title="bbox 1891 4969 3496 5047">
     <span class='ocr_line' id='line_1_105' title="bbox 1891 4969 3496 5047; baseline -0.002 -19"><span class='ocrx_word' id='word_1_762' title='bbox 1891 4976 2098 5047; x_wconf 86' lang='lat' dir='ltr'><strong>quitas;</strong></span> <span class='ocrx_word' id='word_1_763' title='bbox 2148 4974 2252 5027; x_wconf 82' lang='lat' dir='ltr'><strong>sive</strong></span> <span class='ocrx_word' id='word_1_764' title='bbox 2291 4973 2456 5044; x_wconf 84' lang='lat' dir='ltr'><strong>ipsius</strong></span> <span class='ocrx_word' id='word_1_765' title='bbox 2483 4972 2777 5042; x_wconf 87' lang='lat' dir='ltr'><strong>astrivagus</strong></span> <span class='ocrx_word' id='word_1_766' title='bbox 2820 4970 2878 5024; x_wconf 91' lang='lat' dir='ltr'><strong>in</strong></span> <span class='ocrx_word' id='word_1_767' title='bbox 2908 4971 3100 5025; x_wconf 76' lang='lat' dir='ltr'><strong>tet/tere</strong></span> <span class='ocrx_word' id='word_1_768' title='bbox 3137 4985 3357 5035; x_wconf 88' lang='lat' dir='ltr'><strong>cursus;</strong></span> <span class='ocrx_word' id='word_1_769' title='bbox 3390 4969 3496 5024; x_wconf 79' lang='lat' dir='ltr'><strong>sive</strong></span> 
     </span>
    </p>
   </div>
   <div class='ocr_carea' id='block_1_105' title="bbox 1894 5058 3494 5137">
    <p class='ocr_par' dir='ltr' id='par_1_105' title="bbox 1894 5058 3494 5137">
     <span class='ocr_line' id='line_1_106' title="bbox 1894 5058 3494 5137; baseline -0.004 -16"><span class='ocrx_word' id='word_1_770' title='bbox 1894 5065 2107 5122; x_wconf 83' lang='lat' dir='ltr'><strong>insolita</strong></span> <span class='ocrx_word' id='word_1_771' title='bbox 2133 5064 2398 5137; x_wconf 66' lang='lat' dir='ltr'><strong>quadam,</strong></span> <span class='ocrx_word' id='word_1_772' title='bbox 2431 5073 2477 5117; x_wconf 89' lang='lat' dir='ltr'><strong>et</strong></span> <span class='ocrx_word' id='word_1_773' title='bbox 2506 5079 2775 5134; x_wconf 86' lang='lat' dir='ltr'><strong>nunquam</strong></span> <span class='ocrx_word' id='word_1_774' title='bbox 2814 5061 3094 5133; x_wconf 73' lang='lat' dir='ltr'><strong>prwteritis</strong></span> <span class='ocrx_word' id='word_1_775' title='bbox 3124 5069 3259 5116; x_wconf 87' lang='lat' dir='ltr'><strong>retro</strong></span> <span class='ocrx_word' id='word_1_776' title='bbox 3285 5058 3494 5116; x_wconf 71' lang='lat' dir='ltr'><strong>siccatis</strong></span> 
     </span>
    </p>
   </div>
   <div class='ocr_carea' id='block_1_106' title="bbox 1896 5151 3496 5229">
    <p class='ocr_par' dir='ltr' id='par_1_106' title="bbox 1896 5151 3496 5229">
     <span class='ocr_line' id='line_1_107' title="bbox 1896 5151 3496 5229; baseline -0.005 -16"><span class='ocrx_word' id='word_1_777' title='bbox 1896 5158 2025 5213; x_wconf 81' lang='lat' dir='ltr'><strong>lucis</strong></span> <span class='ocrx_word' id='word_1_778' title='bbox 2049 5157 2292 5229; x_wconf 73' lang='lat' dir='ltr'><strong>legitima:</strong></span> <span class='ocrx_word' id='word_1_779' title='bbox 2319 5154 2472 5229; x_wconf 89' lang='lat' dir='ltr'><strong>[Cod.</strong></span> <span class='ocrx_word' id='word_1_780' title='bbox 2497 5155 2641 5216; x_wconf 79' lang='lat' dir='ltr'><strong>Vat.,</strong></span> <span class='ocrx_word' id='word_1_781' title='bbox 2668 5153 2796 5208; x_wconf 86' lang='lat' dir='ltr'><strong>locis</strong></span> <span class='ocrx_word' id='word_1_782' title='bbox 2827 5151 3073 5226; x_wconf 84' lang='lat' dir='ltr'><strong>legitime]</strong></span> <span class='ocrx_word' id='word_1_783' title='bbox 3109 5153 3220 5208; x_wconf 78' lang='lat' dir='ltr'><strong>visa</strong></span> <span class='ocrx_word' id='word_1_784' title='bbox 3240 5152 3496 5207; x_wconf 89' lang='lat' dir='ltr'><strong>detractio</strong></span> 
     </span>
    </p>
   </div>
   <div class='ocr_carea' id='block_1_107' title="bbox 1897 5242 3497 5321">
    <p class='ocr_par' dir='ltr' id='par_1_107' title="bbox 1897 5242 3497 5321">
     <span class='ocr_line' id='line_1_108' title="bbox 1897 5242 3497 5321; baseline -0.004 -16"><span class='ocrx_word' id='word_1_785' title='bbox 1897 5251 2110 5321; x_wconf 80' lang='lat' dir='ltr'><strong>faceret.</strong></span> <span class='ocrx_word' id='word_1_786' title='bbox 2144 5249 2315 5316; x_wconf 89' lang='lat' dir='ltr'><strong>Quam</strong></span> <span class='ocrx_word' id='word_1_787' title='bbox 2345 5264 2445 5304; x_wconf 92' lang='lat' dir='ltr'><strong>nos</strong></span> <span class='ocrx_word' id='word_1_788' title='bbox 2468 5262 2684 5319; x_wconf 92' lang='lat' dir='ltr'><strong>quoque</strong></span> <span class='ocrx_word' id='word_1_789' title='bbox 2714 5247 3128 5304; x_wconf 88' lang='lat' dir='ltr'><strong>diminutionem</strong></span> <span class='ocrx_word' id='word_1_790' title='bbox 3154 5245 3358 5300; x_wconf 89' lang='lat' dir='ltr'><strong>lunaris</strong></span> <span class='ocrx_word' id='word_1_791' title='bbox 3389 5242 3497 5299; x_wconf 86' lang='lat' dir='ltr'><strong>for-</strong></span> 
     </span>
    </p>
   </div>
   <div class='ocr_carea' id='block_1_108' title="bbox 1898 5335 3499 5415">
    <p class='ocr_par' dir='ltr' id='par_1_108' title="bbox 1898 5335 3499 5415">
     <span class='ocr_line' id='line_1_109' title="bbox 1898 5335 3499 5415; baseline -0.004 -15"><span class='ocrx_word' id='word_1_792' title='bbox 1898 5344 2058 5400; x_wconf 75' lang='lat' dir='ltr'><strong>mula:</strong></span> <span class='ocrx_word' id='word_1_793' title='bbox 2103 5344 2472 5415; x_wconf 85' lang='lat' dir='ltr'><strong>perspicacius</strong></span> <span class='ocrx_word' id='word_1_794' title='bbox 2521 5342 2827 5410; x_wconf 85' lang='lat' dir='ltr'><strong>intuentes,</strong></span> <span class='ocrx_word' id='word_1_795' title='bbox 2873 5343 3082 5408; x_wconf 91' lang='lat' dir='ltr'><strong>eadem,</strong></span> <span class='ocrx_word' id='word_1_796' title='bbox 3124 5355 3244 5411; x_wconf 80' lang='lat' dir='ltr'><strong>qua:</strong></span> <span class='ocrx_word' id='word_1_797' title='bbox 3298 5335 3499 5394; x_wconf 84' lang='lat' dir='ltr'><strong>vestris</strong></span> 
     </span>
    </p>
   </div>
   <div class='ocr_carea' id='block_1_109' title="bbox 1900 5469 3495 5542">
    <p class='ocr_par' dir='ltr' id='par_1_109' title="bbox 1900 5469 3495 5542">
     <span class='ocr_line' id='line_1_110' title="bbox 1900 5469 3495 5542; baseline -0.006 -6"><span class='ocrx_word' id='word_1_798' title='bbox 1900 5477 2020 5536; x_wconf 87' lang='lat' dir='ltr'><strong>doci</strong></span> <span class='ocrx_word' id='word_1_799' title='bbox 2049 5491 2160 5534; x_wconf 67' lang='lat' dir='ltr'><strong>suae</strong></span> <span class='ocrx_word' id='word_1_800' title='bbox 2182 5491 2325 5532; x_wconf 86' lang='lat' dir='ltr'><strong>curae</strong></span> <span class='ocrx_word' id='word_1_801' title='bbox 2354 5492 2383 5530; x_wconf 92' lang='lat' dir='ltr'><strong>a</strong></span> <span class='ocrx_word' id='word_1_802' title='bbox 2405 5475 2598 5531; x_wconf 84' lang='lat' dir='ltr'><strong>Carolo</strong></span> <span class='ocrx_word' id='word_1_803' title='bbox 2625 5475 2896 5540; x_wconf 88' lang='lat' dir='ltr'><strong>traditam,</strong></span> <span class='ocrx_word' id='word_1_804' title='bbox 2930 5484 2986 5531; x_wconf 92' lang='lat' dir='ltr'><strong>et</strong></span> <span class='ocrx_word' id='word_1_805' title='bbox 3018 5475 3174 5528; x_wconf 88' lang='lat' dir='ltr'><strong>sitam</strong></span> <span class='ocrx_word' id='word_1_806' title='bbox 3201 5473 3254 5527; x_wconf 91' lang='lat' dir='ltr'><strong>in</strong></span> <span class='ocrx_word' id='word_1_807' title='bbox 3288 5469 3495 5542; x_wconf 86' lang='lat' dir='ltr'><strong>Belgio,</strong></span> 
     </span>
    </p>
   </div>
   <div class='ocr_carea' id='block_1_110' title="bbox 1899 5543 3496 5620">
    <p class='ocr_par' dir='ltr' id='par_1_110' title="bbox 1899 5543 3496 5620">
     <span class='ocr_line' id='line_1_111' title="bbox 1899 5543 3496 5620; baseline -0.006 -14"><span class='ocrx_word' id='word_1_808' title='bbox 1899 5551 1966 5606; x_wconf 90' lang='lat' dir='ltr'><strong>de</strong></span> <span class='ocrx_word' id='word_1_809' title='bbox 2001 5565 2110 5620; x_wconf 90' lang='lat' dir='ltr'><strong>quo</strong></span> <span class='ocrx_word' id='word_1_810' title='bbox 2157 5549 2321 5604; x_wconf 91' lang='lat' dir='ltr'><strong>etiam</strong></span> <span class='ocrx_word' id='word_1_811' title='bbox 2367 5546 2490 5602; x_wconf 86' lang='lat' dir='ltr'><strong>vide</strong></span> <span class='ocrx_word' id='word_1_812' title='bbox 2521 5547 2802 5617; x_wconf 90' lang='lat' dir='ltr'><strong>epistolam</strong></span> <span class='ocrx_word' id='word_1_813' title='bbox 2852 5546 2920 5600; x_wconf 75' lang='lat'><strong>12</strong></span> <span class='ocrx_word' id='word_1_814' title='bbox 2949 5547 3091 5600; x_wconf 88' lang='lat' dir='ltr'><strong>inter</strong></span> <span class='ocrx_word' id='word_1_815' title='bbox 3138 5543 3496 5611; x_wconf 81' lang='lat' dir='ltr'><strong>Chesnianas,</strong></span> 
     </span>
    </p>
   </div>
   <div class='ocr_carea' id='block_1_111' title="bbox 1901 5620 3521 5765">
    <p class='ocr_par' dir='ltr' id='par_1_111' title="bbox 1901 5620 3521 5765">
     <span class='ocr_line' id='line_1_112' title="bbox 1901 5620 3521 5765; baseline -0.006 -15"><span class='ocrx_word' id='word_1_816' title='bbox 1901 5620 2188 5765; x_wconf 44' lang='lat'><strong>“23946.4</strong></span> <span class='ocrx_word' id='word_1_817' title='bbox 2222 5689 2476 5765; x_wconf 26' lang='lat' dir='ltr'><strong>Hicﬁ‘uis</strong></span> <span class='ocrx_word' id='word_1_818' title='bbox 2500 5689 2741 5765; x_wconf 65' lang='lat' dir='ltr'><strong>epistolae</strong></span> <span class='ocrx_word' id='word_1_819' title='bbox 2763 5688 2904 5758; x_wconf 89' lang='lat' dir='ltr'><strong>apud</strong></span> <span class='ocrx_word' id='word_1_820' title='bbox 2930 5685 3206 5743; x_wconf 87' lang='lat' dir='ltr'><strong>Canisium</strong></span> <span class='ocrx_word' id='word_1_821' title='bbox 3239 5703 3252 5742; x_wconf 91' lang='lat'><strong>:</strong></span> <span class='ocrx_word' id='word_1_822' title='bbox 3284 5685 3521 5760; x_wconf 72' lang='lat' dir='ltr'><strong>reliqua‘</strong></span> 
     </span>
    </p>
   </div>
   <div class='ocr_carea' id='block_1_112' title="bbox 1903 5759 2923 5829">
    <p class='ocr_par' dir='ltr' id='par_1_112' title="bbox 1903 5759 2923 5829">
     <span class='ocr_line' id='line_1_113' title="bbox 1903 5759 2923 5829; baseline -0.008 -7"><span class='ocrx_word' id='word_1_823' title='bbox 1903 5759 2260 5822; x_wconf 55' lang='lat' dir='ltr'><strong>ex—m&#39;sfcod.</strong></span> <span class='ocrx_word' id='word_1_824' title='bbox 2292 5762 2501 5819; x_wconf 87' lang='lat' dir='ltr'><strong>addidit</strong></span> <span class='ocrx_word' id='word_1_825' title='bbox 2535 5759 2923 5829; x_wconf 83' lang='lat' dir='ltr'><strong>Quercetanus.</strong></span> 
     </span>
    </p>
   </div>
  </div>
