4074 6436
573 371 682 441 285

1414 362 1477 417 B.
1517 362 1579 418 F.
1622 358 1852 415 ALBINI
1891 357 2025 416 SEU
2073 355 2350 427 ALCUINI
2386 353 2673 425 OPERUM
2709 352 2891 410 PARS
2925 353 2972 411 ι.

3733 350 3841 421 ﬂ

573 484 865 548 inhaeserat
891 476 1180 544 mentibus,
1223 475 1392 543 motio
1417 477 1588 532 nostri
1622 490 1836 547 quoque
1860 474 2038 543 cordis
2077 481 2155 535 te-
2180 472 2228 544 Α
2256 468 2434 527 ritatis
2447 482 2607 543 posse
2627 467 2767 531 trahi
2789 464 2945 538 [ϐοά.
2987 463 3128 533 Vat,
3145 473 3335 535 pastae
3358 463 3561 533 trahat]
3582 472 3840 539 etsponte

573 574 697 647 tigit
720 569 1014 649 querelam.
1050 568 1155 627 Sed
1200 570 1376 627 tribus
1403 585 1433 623 a
1459 578 1639 625 vestra
1670 569 1973 629 veneranda
2002 568 2153 627 inda-
2251 570 2582 634 sequentem.

573 665 790 738 gatione
827 662 1115 737 propositis
1160 659 1321 735 hujus
1369 659 1740 714 diminutionis
1783 660 1968 715 causis
2023 658 2154 714 alias

575 773 791 837 quoque
843 763 955 815 tres
1001 754 1264 829 probabili
1312 752 1522 811 ratione
1579 752 1883 817 invenimus
1938 768 2152 820 causas,

573 852 717 907 unde
744 852 860 906 hare
882 856 1033 905 tanta
1063 844 1344 902 diminutio
1378 842 1534 915 juxta
1575 854 1818 905 veterum
1860 844 2156 917 indagatioe

573 959 699 1000 nem
722 941 1013 1003 multorum
1038 937 1247 994 defendi
1268 937 1550 1008 potuisset.
1575 935 1707 1001 Nam
1737 939 1853 1003 hanc
1876 938 2159 1006 diminutio

574 1035 956 1111 aspicientibus
980 1035 1033 1097 in
1065 1032 1240 1086 lunari
1267 1047 1493 1103 corpore
1522 1031 1656 1099 solet
1684 1031 1797 1088 ﬁeri
1825 1041 1947 1102 post
1970 1033 2159 1103 imple,

575 1138 685 1184 tam
726 1128 893 1185 saltus
929 1126 1383 1201 supputationem,
1425 1142 1545 1197 quae
1586 1142 1685 1200 per
1726 1127 1911 1183 decem
1962 1142 2160 1193 novem

575 1234 744 1279 annos
767 1220 852 1279 vix
876 1218 1093 1277 tandem
1115 1216 1426 1288 implebitur
1440 1234 1457 1285 ;
1484 1233 1547 1273 ac
1567 1218 1730 1283 Veluti
1752 1218 2161 1288 approximaute

575 1311 765 1365 ultimo
793 1326 933 1369 anno
958 1310 1145 1368 circuli
1174 1308 1682 1377 decennovennalis,
1714 1325 1821 1383 quo
1864 1325 2003 1375 unus
2044 1310 2160 1366 dies

576 1399 743 1455 saltus
769 1400 1149 1475 supputatione
1176 1401 1560 1456 transiliendus
1588 1396 1689 1466 est,
1719 1401 2015 1477 saepissime
2040 1416 2158 1457 ma.-

572 1488 658 1560 jor
691 1490 816 1545 luna
850 1493 1110 1567 aspicitur
1149 1508 1308 1565 quam
1356 1492 1532 1553 aetatis
1578 1492 1719 1551 ratio
1760 1493 2026 1559 ostendat.
2070 1491 2161 1551 Sic

575 1581 737 1636 etiam
785 1589 909 1659 post
942 1582 1103 1663 hujus
1149 1583 1317 1639 saltus
1360 1584 1814 1657 supputationem.
1864 1584 1921 1640 in
1968 1584 2161 1660 primis

577 1674 765 1729 circuli
803 1676 1289 1743 decennovennalis
1315 1678 1471 1743 annis
1507 1678 1685 1737 minor
1722 1692 1863 1749 saepe
1888 1678 2162 1737 invenitur

577 1780 738 1836 quam
766 1768 1146 1835 calculantium
1168 1771 1417 1835 decantet
1437 1771 1717 1833 memoria.
1745 1771 1840 1834 Est
1866 1787 2078 1845 quoque
2105 1780 2161 1835 et

577 1855 746 1911 altera
774 1873 935 1915 causa
972 1876 1078 1930 qua
1124 1861 1301 1925 minor
1336 1862 1507 1923 videri
1547 1862 1683 1923 solet
1717 1877 1816 1933 per
1860 1863 2005 1919 vices
2033 1863 2158 1925 luna

577 1963 739 2018 quam
770 1951 1054 2015 calculatio
1100 1954 1495 2013 numerantium
1540 1954 1685 2017 illam
1715 1956 1999 2019 ostendat:
2033 1958 2159 2019 dum

575 2040 738 2110 paulo
775 2049 898 2097 ante
939 2058 1242 2115 vesperam,
1287 2044 1371 2100 vel
1414 2046 1571 2101 unius
1606 2047 1755 2103 hora:
1790 2048 2161 2109 tantummodo

575 2131 755 2204 spatio
799 2135 1107 2195 accenditur
1145 2136 1290 2201 luna,
1333 2151 1453 2208 quae
1501 2138 1684 2199 statim
1725 2146 1998 2203 transacto
2033 2138 2162 2195 solis

577 2234 775 2287 occasu
803 2225 976 2295 prima
1004 2231 1336 2301 supputanda
1380 2238 1481 2286 est.
1523 2230 1630 2286 Nec
1673 2231 1869 2287 mirum
1901 2232 1947 2287 si
1986 2233 2164 2291 minor

578 2325 837 2387 appareat
873 2320 1126 2387 secunda,
1167 2321 1251 2376 vel
1293 2323 1469 2387 tertia,
1520 2323 1604 2379 vel
1652 2323 1707 2378 in
1753 2324 2162 2404 caeterisetiam

577 2408 828 2465 aetatibus
852 2410 963 2466 suis
988 2412 1132 2479 luna,
1158 2429 1339 2485 quam,
1365 2414 1410 2469 si
1431 2423 1553 2484 post
1578 2431 1740 2475 unam
1759 2417 1950 2472 horam
1967 2416 2165 2488 prioris

575 2500 750 2561 metis
776 2502 1132 2571 accendatur;
1161 2513 1216 2560 et
1242 2514 1363 2575 post
1386 2506 1575 2578 viginti
1614 2507 1747 2565 duas
1790 2508 1875 2565 vel
1924 2517 2032 2567 tres
2073 2509 2167 2567 b0-

576 2602 687 2654 ras,
717 2590 844 2645 dum
878 2594 946 2647 ad
980 2608 1260 2665 vesperam
1290 2596 1620 2664 pervenerit,
1671 2597 1845 2669 prima
1891 2606 2166 2670 compute—

578 2687 686 2737 tur.
712 2681 781 2736 Et
803 2682 918 2740 haec
944 2685 1144 2755 poterit
1164 2700 1285 2743 esse
1310 2688 1450 2744 ratio
1486 2696 1548 2742 ut
1575 2703 1674 2759 per
1699 2689 1846 2745 vices
1869 2690 2048 2747 minor
2072 2706 2167 2761 ap—

577 2782 765 2844 pareat
791 2775 846 2830 in
870 2777 1068 2848 specie,
1094 2793 1256 2855 quam
1299 2787 1641 2850 computetur
1682 2782 1736 2837 in
1766 2790 1945 2838 aetate.
1984 2781 2088 2839 Sed
2113 2789 2169 2839 et

579 2864 696 2920 haec
724 2881 937 2941 quoque
965 2868 1250 2927 minoratio
1288 2870 1342 2925 in
1386 2871 1590 2939 Ariete,
1639 2873 1720 2928 vel
1756 2874 1901 2933 circa
1944 2885 2067 2935 eum
2096 2875 2168 2930 si-

579 2955 717 3028 gnis,
745 2956 790 3011 si
816 2957 1021 3015 lunaris
1041 2960 1282 3017 incensio
1305 2964 1567 3029 evenerit,
1601 2964 1796 3036 saepius
1822 2965 2169 3023 consideran-

580 3047 726 3113 tibus
763 3050 1033 3123 occurrit;
1063 3052 1140 3113 ita
1181 3062 1241 3109 ut
1280 3054 1335 3109 in
1380 3054 1580 3117 Arietis
1627 3058 1781 3128 signo
1830 3058 1971 3115 miro
2009 3060 2168 3119 modo

2189 1835 2238 1901 Β

2323 672 2535 737 Vestra,
2562 684 2776 741 precor,
2803 660 3055 727 Christus
3074 667 3386 726 coelestibus
3410 667 3616 741 inclyta
3640 667 3799 737 donis

2390 764 2669 829 lulustret,
2700 762 2909 833 repleat
2925 771 3167 833 pectora,
3195 763 3347 835 pacis
3376 778 3551 818 amor.

2323 857 2506 917 Dulcis
2536 872 2693 917 amor
2723 856 2869 921 vitae,
2892 855 3063 912 dulcis
3088 854 3225 923 laus,
3258 855 3427 926 gloria
3454 854 3631 913 diﬁcia

2393 948 2479 1009 Sit
2502 949 2600 1007 tibi
2620 954 2899 1018 perpetua,
2929 946 3098 1002 David
3122 955 3320 1013 amate,
3345 948 3514 1005 salus.

2677 1058 2707 1101 ι
2736 1056 3073 1114 EPISTOLA
3109 1056 3413 1115 LXXXVI.

2853 1167 2922 1206 AD
2962 1166 3231 1207 ARNONEII.

2576 1243 2754 1317 (Anno
2780 1243 2905 1310 798,
2932 1243 3084 1299 initio
3105 1244 3308 1300 mensis
3329 1241 3516 1316 Junii).

2259 1333 2328 1390 In
2355 1332 2627 1391 Hunniam
2645 1333 3058 1408 proﬁciscentem
3086 1334 3329 1408 hortatur
3350 1335 3419 1389 ad
3446 1352 3575 1407 opus
3601 1334 3853 1408 apostoli-

2739 1422 2860 1467 cum
2883 1404 3009 1459 bene
3045 1404 3362 1460 obeundum.

2342 1509 2678 1567 Charissimo
2730 1510 3100 1580 unanimoque
3169 1511 3345 1566 amico
3400 1511 3610 1581 Aquila:
3655 1527 3852 1583 super-

2259 1603 2584 1673 qieculatori
2625 1603 2680 1658 in
2705 1602 2907 1659 Christi
2941 1605 3211 1660 charitate
3238 1604 3488 1661 salutem.

2326 1695 2533 1764 Quarta
2578 1696 2713 1752 feria
2763 1704 2886 1767 post
2926 1705 3170 1754 sanctam
3214 1697 3591 1766 Pentecosten,
3634 1699 3855 1756 litteras

2263 1795 2369 1845 tute
2397 1788 2745 1846 beatitudinis
2780 1791 2986 1862 accepi,
3015 1791 3280 1847 cbaritate
3323 1784 3692 1863 conscriptas,
3727 1807 3860 1851 con-

2272 1881 2394 1936 silio
2440 1881 2840 1947 corroboratus,
2896 1882 3002 1937 ﬁde
3048 1883 3325 1953 sigillatas,
3365 1883 3421 1939 in
3471 1884 3669 1954 quibus
3718 1884 3861 1942 sicut

2262 1974 2443 2043 optavi
2498 1972 2652 2045 [ϐοά.
2686 1973 2854 2040 Mala,
2883 1974 3144 2047 hor-tavi],
3194 1976 3408 2043 audivi;
3451 1977 3591 2031 sicut
3617 1976 3857 2047 speravi,

2262 2063 2473 2136 agnovi.
2523 2063 2633 2120 Nec
2670 2080 2756 2120 me
2799 2081 2922 2137 spes
2953 2065 3148 2125 fefellit
3180 2068 3420 2137 consilii,
3452 2083 3553 2131 nec
3579 2069 3860 2133 societatis

2261 2157 2570 2227 cooperatio
2601 2158 2914 2219 retardavit.
2947 2160 3197 2219 Vestrum
3236 2177 3368 2221 vero
3398 2162 3502 2218 iter
3526 2162 3593 2221 ad
3616 2164 3859 2233 proban-

2262 2250 2385 2305 dam
2408 2250 2487 2305 rei
2515 2251 2801 2307 veritatem
2816 2254 2977 2315 modo
2998 2253 3053 2308 in
3074 2254 3362 2324 praesentia
3388 2254 3713 2324 dispositum
3736 2260 3858 2320 est;

2260 2341 2520 2405 fortitudo
2552 2358 2683 2399 vero
2702 2344 2991 2410 exercitus,
3021 2347 3113 2417 qui
3140 2354 3319 2407 tecum
3349 2346 3518 2411 vadit,
3552 2349 3622 2401 ad
3664 2354 3860 2401 caute-

2263 2433 2370 2489 lam
2395 2442 2453 2489 et
2476 2433 2846 2490 defensionem
2873 2436 3040 2491 vestri
3076 2435 3210 2509 [Al.,
3235 2434 3498 2509 vestram]
3523 2436 3727 2491 directa
3750 2442 3858 2491 est.

2264 2522 2332 2579 Et
2367 2524 2472 2580 hoc
2496 2526 2893 2594 quodammodo
2916 2527 2984 2582 ab
3026 2527 3163 2598 ipsis
3202 2527 3468 2599 processit
3517 2527 3755 2594 Hunnis;
3806 2535 3863 2583 et

2265 2614 2388 2671 ideo
2414 2616 2469 2670 in
2493 2631 2589 2687 spe
2616 2617 2912 2672 voluntatis
2931 2615 3029 2672 Dei
3056 2616 3214 2674 laetus
3236 2618 3341 2675 hoc
3374 2618 3480 2674 iter
3508 2631 3726 2689 perage.
3750 2616 3863 2673 Nos

2264 2721 2395 2762 vero
2417 2716 2489 2773 te,
2521 2707 2756 2763 donante
2778 2707 2913 2776 Deo,
2938 2709 2995 2762 in
3043 2724 3178 2787 pace
3202 2723 3325 2764 cum
3349 2715 3499 2765 certo
3525 2707 3755 2764 consilio
3775 2720 3865 2764 re-

2265 2805 2564 2854 vertentem
2590 2807 2893 2870 spectemus
2932 2800 2988 2855 in
3013 2801 3119 2866 his,
3146 2807 3207 2855 ut
3261 2800 3491 2864 aestimo,
3520 2797 3859 2870 regionibus.

2269 2888 2422 2963 [Sed]
2465 2890 2712 2957 obsecro,
2752 2898 2813 2945 ut
2844 2905 2990 2958 mox,
3024 2898 3079 2946 te
3120 2891 3401 2956 redeunte,
3427 2889 3730 2945 dilectionis
3752 2894 3865 2944 tua:

2267 2981 2479 3037 litteras
2523 2981 2725 3053 dirigas
2749 2981 2924 3048 nobis,
2948 2989 3009 3036 ut
3037 2981 3326 3037 curiositas
3362 2987 3549 3038 nostra
3576 2979 3865 3036 certitndi-

2269 3086 2393 3127 nem
2423 3087 2605 3126 rerum
2649 3087 2750 3143 per
2785 3079 2939 3127 tuum
2976 3072 3241 3144 intelligat
3275 3072 3580 3127 consilium.
3611 3070 3862 3144 Regnum

581 3141 892 3215 contingere
919 3142 1109 3212 soleat.
1139 3144 1321 3201 lunam
1362 3148 1561 3218 prioris
1590 3150 1790 3205 mensis
1816 3150 2166 3209 novissimam
2194 3195 2242 3260 ε
2272 3164 2454 3234 itaque
2481 3164 2611 3219 illud
2631 3141 2722 3219 diu
2747 3164 2938 3220 stabile
2968 3164 3069 3220 fuit
3091 3141 3318 3220 etvforte
3349 3185 3359 3218 ε
3391 3166 3486 3221 sed
3517 3141 3717 3221 fortior
3753 3165 3861 3234 eis,

583 3247 742 3260 ..ιη-ιιι
766 3234 949 3260 ..ξηιλ-,ι
1005 3244 1052 3260 ,ιι
1101 3237 1475 3260 ---ι...-,.--,....ε-
1524 3256 1711 3260 μ----..-
1774 3239 2001 3260 ,2,--]-Α--
2070 3241 2162 3260 j!_9
2351 3256 2362 3260 _
2439 3256 2449 3260 _
2491 3255 2501 3260 -
2553 3256 2604 3260 _-_
2666 3257 2680 3260 _
2731 3256 2742 3260 _
2881 3256 2891 3260 -

583 3247 743 3299 mane
766 3234 970 3302 videre,
1001 3244 1056 3291 et
1100 3237 1478 3311 subsequentis
1522 3256 1718 3295 novam
1766 3239 2010 3311 ejusdem
2060 3241 2166 3301 diei
2195 3234 2242 3260 υ
2272 3256 2365 3325 qui
2398 3255 2530 3309 vicit
2550 3256 2701 3322 illud,
2727 3256 2782 3310 in
2808 3256 2963 3327 cujus
2994 3272 3157 3311 manu
3201 3265 3327 3312 sunt
3365 3273 3553 3313 omnes
3591 3274 3781 3329 regum
3806 3266 3865 3315 et

583 3336 809 3394 vespere
846 3340 1105 3403 apparere
1151 3328 1206 3382 in
1244 3329 1401 3397 coelo,
1442 3338 1502 3385 ut
1537 3338 1664 3401 pote
1708 3340 1860 3395 serta
1897 3332 2030 3391 hora
2060 3332 2166 3391 diei

583 3411 804 3481 incensa
839 3424 987 3472 retro
1024 3425 1355 3484 transactam
1396 3436 1579 3490 mane,
1622 3429 1677 3478 et
1704 3431 1829 3494 post
1862 3423 2169 3489 venientem

584 3520 810 3580 vespere
841 3511 1098 3567 ostendit.

657 3599 766 3656 Sed
793 3602 840 3657 si
862 3616 930 3658 ex
950 3602 1078 3669 illis,
1095 3619 1229 3674 quas
1247 3612 1428 3661 vestra
1451 3606 1680 3662 inseruit
1700 3608 2017 3677 auctoritas.
2042 3624 2170 3673 cau-

586 3691 665 3750 sis
709 3692 886 3763 aliqua
929 3692 1030 3749 fuit
1056 3693 1211 3768 [Cod.
1284 3694 1423 3764 ναι,
1454 3696 1587 3771 ﬁat],
1638 3698 1752 3754 sive
1797 3714 1866 3754 ex
1912 3699 1999 3754 bis
2048 3714 2170 3777 qua:

586 3794 776 3842 nostra
797 3787 978 3857 posuit
1002 3789 1242 3857 solertia,
1268 3806 1489 3848 necesse
1512 3800 1595 3849 est
1616 3799 1795 3851 tamen
1813 3799 1876 3847 ut
1892 3790 2170 3849 Paschalis

586 3877 714 3934 luna
753 3887 903 3935 stans
940 3880 1265 3947 omnimodis
1306 3884 1630 3941 inviolabilis
1676 3893 2008 3956 permaneat.
2044 3885 2171 3942 ‘Nec

587 3970 732 4025 enim
777 3969 893 4025 ﬁeri
927 3973 1123 4042 poterit
1158 3982 1217 4029 ut
1258 3975 1397 4031 hanc
1430 3976 1840 4039 diminutionem
1868 3978 2067 4053 speciei
2089 3978 2171 4033 lu-

586 4060 734 4115 naris
758 4077 917 4117 nemo
937 4063 1177 4132 priorum
1200 4063 1482 4121 doctorum
1506 4067 1590 4121 vel
1616 4075 1925 4125 sanctorum
1947 4068 2170 4133 Patrum

584 4151 827 4220 vidisset,
858 4160 911 4209 el
938 4156 1029 4225 qui
1067 4155 1123 4210 in
1153 4153 1368 4213 Nicaeno
1389 4158 1615 4214 concilio
1646 4160 1908 4215 rationem
1938 4158 2173 4216 Pascha-

585 4239 654 4297 lis
678 4242 814 4298 lunae
852 4246 1119 4316 sagaciter
1140 4247 1463 4303 invenerunt
1502 4257 1557 4305 et
1583 4250 1850 4305 catholice
1886 4251 2172 4319 ordinave-

588 4343 717 4389 runt
757 4354 772 4391 :
837 4346 898 4390 ut
960 4339 1285 4397 omnimodis
1340 4351 1601 4415 perpetuo
1648 4344 1773 4417 jure
1831 4346 2169 4405 sanctissima

588 4429 1003 4485 resurrectionis
1030 4429 1325 4489 Dominica:
1355 4433 1618 4491 festivitas
1641 4439 1696 4491 in
1723 4444 1835 4493 toto
1874 4439 2006 4497 orbe
2034 4453 2168 4493 con-

2266 3363 2555 3419 regnorum
2581 3356 2876 3418 potestates
2900 3367 2914 3403 ι
2945 3358 3000 3406 et
3025 3365 3404 3421 quemcunque
3436 3351 3687 3419 voluerit,
3715 3349 3867 3407 exal-

2268 3446 2349 3494 tat
2387 3439 2561 3512 (Paul.
2606 3456 2788 3508 Lxxrv,
2842 3440 2918 3513 8),
2973 3449 3030 3498 et
3076 3441 3447 3513 cujuscunque
3482 3458 3579 3498 cor
3606 3442 3863 3511 voluerit,

2267 3533 2471 3599 visitat,
2504 3532 2790 3598 illuminat,
2823 3542 2880 3588 et
2922 3535 2989 3590 ad
3041 3550 3197 3590 suum
3240 3535 3507 3591 convertit
3555 3534 3863 3590 servitium.

2267 3625 2337 3679 Et
2359 3625 2405 3679 si
2444 3624 2592 3678 illius
2617 3625 2790 3695 gratia
2841 3624 3091 3694 respiciet
3136 3623 3531 3699 [Al.,respicit]
3563 3639 3729 3695 super
3771 3639 3862 3681 re-

2269 3732 2433 3789 gnum
2460 3716 2798 3783 Hunnorum,
2837 3716 2960 3786 quis
2981 3724 3064 3773 est
3100 3718 3193 3788 qui
3221 3733 3278 3774 se
3317 3717 3640 3774 subtrahere
3668 3716 3867 3773 audeat

2267 3809 2569 3865 ministerio
2600 3809 2789 3866 salutis
2827 3809 3081 3867 illorum?
3108 3810 3271 3868 Pauci
3314 3813 3470 3867 nobis
3496 3818 3706 3866 restant
3748 3810 3867 3867 dies

2267 3899 2428 3969 hujus
2460 3901 2603 3966 vitae,
2637 3909 2693 3956 et
2713 3901 2867 3957 valde
2891 3901 3305 3959 desiderandum
3329 3912 3431 3970 est,
3462 3904 3667 3974 Deique
3696 3904 3863 3961 mise-

2268 3988 2500 4043 ricordia
2536 3995 2651 4045 toto
2678 3991 2840 4046 corde
2874 3992 3233 4062 deprecanda,
3264 4000 3325 4048 ut
3349 3994 3429 4048 illi
3463 3994 3518 4048 in
3561 4008 3729 4064 opere
3755 3993 3856 4050 Dei

2270 4080 2527 4137 ﬁniantur
2575 4081 2708 4156 [Al.,
2741 4083 3068 4159 firmentur].
3102 4086 3236 4154 Quia
3266 4087 3387 4158 plus
3429 4086 3862 4159 uniuscujusque

2273 4170 2427 4246 [vita]
2473 4175 2539 4229 de
2563 4176 2667 4230 ﬁne
2700 4174 2978 4245 judicatur
3004 4194 3165 4249 quam
3211 4179 3277 4234 de
3307 4180 3480 4235 initio.
3529 4180 3587 4235 ln
3624 4171 3867 4250 peccatis

2270 4267 2546 4322 nascimur
2576 4266 2749 4339 (Psal.
2784 4287 2836 4335 L,
2879 4269 2955 4339 7),
3004 4271 3096 4325 sed
3135 4271 3304 4342 gratia
3352 4273 3711 4337 renascimur,
3744 4286 3865 4343 qua:

2272 4370 2372 4411 nos
2398 4358 2450 4411 in
2482 4359 2623 4412 bono
2653 4374 2815 4429 Opere
2860 4370 3141 4415 currentes
3169 4362 3479 4429 comitetur,
3505 4374 3561 4418 et
3595 4377 3771 4434 usque
3795 4363 3865 4421 ad

2272 4447 2433 4502 ﬁnem
2464 4447 2678 4503 ﬁrmum
2699 4465 3048 4520 perseverare
3071 4452 3252 4507 faciat.
3273 4454 3351 4508 Tu
3378 4470 3528 4522 vero,
3551 4454 3714 4510 Pater
3739 4472 3867 4512 san-

589 4512 834 4629 c‘prdit‘er’
862 4518 1128 4629 coleretur
1152 4520 1286 4629 [ΑΛ]
1324 4523 1560 4629 colitur].
1589 4524 1652 4629 δί
1685 4541 1806 4599 quae
1836 4541 1966 4582 vero
2008 4527 2168 4597 huius
2199 4565 2250 4629 ι)
2270 4546 2376 4604 ctc,
2404 4540 2575 4593 amice
2600 4512 2792 4605 ﬁdelis,
2822 4541 2994 4599 frater
3019 4544 3229 4613 dilecte,
3259 4545 3336 4600 ﬁli
3366 4512 3712 4614 cbarissime,
3740 4564 3865 4603 cum

587 4609 959 4667 diminutionis
984 4613 1122 4668 ratio
1162 4614 1341 4670 verior
1371 4616 1425 4671 in
1466 4615 1639 4673 Plinio
1693 4620 1865 4693 possit
1919 4620 2167 4690 reperiri,

588 4701 701 4756 sive
717 4712 743 4741 ε
762 4711 984 4774 propter
1005 4705 1196 4760 saltum
1218 4723 1391 4778 nuper
1413 4717 1781 4777 transactum;
1810 4711 1924 4767 sive
1951 4722 2173 4783 propter

588 4794 870 4852 bissextum
892 4814 1060 4870 prope
1084 4801 1456 4859 imminentem
1483 4823 1496 4858 :
1519 4805 1782 4878 deprecor
1811 4817 1872 4862 ut
1893 4816 2069 4862 vestra
2086 4808 2175 4880 ju-

586 4886 714 4943 beat
772 4888 1055 4959 prudentia
1100 4892 1397 4962 inquirere,
1445 4897 1708 4969 nobisque
1748 4898 1906 4954 solita
1934 4901 2170 4956 benevo-

587 4974 768 5034 lentia:
790 4980 990 5050 pietate
1010 4982 1261 5040 intimare
1281 4988 1509 5043 studeat.
1539 4987 1675 5056 Quia
1723 4988 1868 5046 domi
1906 4992 2174 5049 manenti-

586 5069 690 5125 bus
718 5080 933 5129 nostros
961 5075 1145 5132 oculos
1167 5078 1422 5136 nebulosa
1450 5097 1715 5153 aquarum
1750 5084 2004 5140 exaltatio
2053 5083 2170 5158 [F.,

589 5162 906 5237 exhalatio],
951 5165 1037 5223 vel
1063 5168 1262 5243 Belgici
1294 5164 1532 5242 pulveris
1576 5174 1682 5230 iter
1724 5176 2009 5247 agentibus
2044 5191 2174 5234 ven-

587 5260 746 5309 tuosa
785 5256 1026 5327 aspersio
1068 5259 1356 5339 caliginare
1392 5261 1541 5318 facit.
1573 5262 1701 5320 ideo
1727 5272 1909 5322 vestra
1956 5265 2174 5327 bonitas

588 5345 845 5423 adjuvare
870 5365 980 5406 non
1008 5350 1327 5423 dedignatur
1353 5363 1705 5426 quaerentem,
1735 5365 1791 5413 et
1817 5358 1874 5413 in
1890 5360 2035 5425 viam
2077 5376 2171 5417 ve-

624 5549 636 5561 .
663 5491 691 5520 ει
734 5478 954 5552 Pr0pter
1005 5485 1198 5541 saltum
1236 5506 1398 5561 nuper
1437 5486 1612 5561 (anno
1638 5490 1770 5632 797)
1815 5502 2173 5566 transactum;

624 5565 696 5632 ioc
714 5562 923 5623 prepter
949 5554 1230 5632 piscatum
1252 5575 1414 5632 prope
1446 5558 1610 5632 (anno
1645 5562 1750 5618 800
1798 5564 2171 5629 imminentem.

589 5554 696 5611 sine
714 5562 923 5623 prepter
949 5554 1230 5639 tisseme
1252 5554 1414 5642 prope
1446 5554 1610 5630 (anno
1645 5554 1770 5632 800)
1798 5554 2171 5629 imminentem:

590 5617 881 5700 1119.859
913 5627 1132 5700 videtur
1152 5630 1266 5684 haec
1287 5631 1512 5700 epistola
1540 5647 1682 5689 anno
1721 5634 1849 5690 798.

912 5695 1069 5768 Edit.
1086 5692 1370 5755 Mabillonii
1396 5701 1448 5768 7,
1474 5702 1619 5759 Pezii
1641 5705 1665 5758 1
1691 5705 1888 5761 collata
1906 5722 2027 5765 cum
2049 5710 2169 5768 cod.

956 5766 1408 5854 scriptavidetur
1435 5765 1578 5854 anno
1606 5774 1709 5832 798
1738 5778 1953 5854 quando
1982 5765 2173 5854 nempe

601 5849 623 5891 ι
655 5833 949 5907 imperator
983 5833 1192 5897 Arnoni
1227 5843 1630 5919 archiepiscopo
1666 5833 1922 5919 praecepit
1942 5833 2170 5925 periei-ti

2273 4632 2633 4702 prosperitate
2677 4634 2839 4700 bona,
2869 4634 3049 4691 divina
3103 4645 3282 4693 tecum
3324 4639 3621 4695 comitante
3667 4640 3863 4711 gratia,

2270 4740 2435 4796 perge
2459 4726 2513 4781 in
2533 4742 2669 4796 opus
2694 4728 2813 4795 Dei,
2846 4737 3041 4785 etcum
3070 4732 3269 4802 gaudio
3290 4740 3565 4789 revertere
3614 4733 3685 4789 ad
3731 4746 3861 4798 nos;

2272 4826 2325 4871 et
2349 4828 2468 4873 esto
2485 4819 2809 4887 praedicator
2833 4822 3070 4891 pietatis,
3110 4840 3217 4879 non
3242 4825 3577 4882 decimarum
3606 4833 3863 4905 exactor;

2271 4909 2396 4979 quia
2425 4909 2635 4969 novella
2659 4910 2882 4986 [anima]
2904 4915 3212 4984 apostolicae
3228 4916 3448 4986 pietatis
3461 4917 3602 4972 lacte
3619 4917 3865 4973 nutrien-

2272 5001 2341 5056 da
2366 5009 2469 5067 est,
2515 5003 2685 5059 donec
2726 5015 2941 5062 crescat
2972 5015 3029 5062 et
3074 5009 3362 5065 roboretur
3387 5011 3456 5066 ad
3482 5011 3860 5081 acceptionem

2273 5093 2431 5151 solidi
2468 5094 2596 5151 cibi.
2623 5095 2875 5165 Decima,
2909 5109 2969 5154 ut
2994 5101 3210 5169 dicitur,
3242 5101 3523 5158 Saxonum
3574 5104 3865 5161 subverte-

2273 5193 2401 5245 runt
2423 5184 2605 5243 ﬁdem.
2632 5186 2772 5255 Quid
2807 5190 3191 5262 iniungendum
3214 5202 3299 5251 est
3321 5194 3512 5267 jugum
3548 5195 3862 5253 cervicibus

2273 5277 2583 5346 idiotarum,
2628 5279 2771 5349 quod
2818 5296 2994 5353 neque
3040 5300 3158 5352 nos,
3209 5300 3385 5357 neque
3430 5286 3632 5345 fratres
3682 5288 3861 5344 nostri

2274 5367 2500 5429 sufferre
2526 5372 2850 5441 potuerunt?
2872 5373 3041 5445 Igitur
3071 5377 3126 5431 in
3157 5376 3262 5434 ﬁde
3282 5377 3486 5437 Christi
3526 5379 3724 5438 salvari
3748 5380 3866 5438 ani;

2275 5500 2330 5554 in
2354 5510 2538 5571 partes
2560 5503 2872 5582 solavorum
2894 5515 2949 5563 et
2969 5509 3254 5582 providere
3277 5525 3490 5566 omnem
3512 5511 3664 5566 illam
3690 5513 3866 5582 regio-

2276 5586 2399 5654 nem
2429 5583 2484 5629 et
2496 5577 2935 5654 ecclesiasticum
2961 5577 3421 5654 cfﬁ_c_ium_colere,
3444 5577 3864 5654 populosqnéin

2276 5640 2381 5716 ﬁde
2406 5654 2461 5699 et
2488 5644 2893 5705 Christianitate
2919 5649 3258 5713 pnedicando
3290 5640 3616 5716 confortare,
3650 5672 3672 5706 δ
3690 5640 3765 5708 ‘ut
3788 5640 3843 5710 lo

2275 5714 2466 5795 quitur
2492 5715 2804 5795 Anonymus
2834 5717 3063 5795 _Sa_lisb.-
3076 5721 3141 5775 de
3185 5724 3534 5795 conversione
3563 5714 3779 5795 Bajoar.
3811 5730 3867 5782 et

2275 5784 2667 5868 gerant.“apud
2692 5788 3003 5868 Hausizium
3023 5789 3206 5868 Germ.
3234 5793 3384 5851 Sacr.
3408 5804 3541 5852 tom.
3564 5784 3709 5868 li,'p.
3738 5795 3861 5854 108.

2278 5853 2456 5931 (Apud
2488 5853 2724 5921 Froben.
2756 5862 2916 5933 epist.
2942 5861 3057 5935 72.)
