4056 6328
196 357 284 418 285

194 490 289 533 mas
306 468 626 535 credentium
647 468 984 524 conﬁdimus.
1004 466 1160 524 Vade
1188 465 1365 532 modo,
1393 465 1743 523 dilectissime

192 565 351 627 frater,
383 561 434 614 in
466 559 911 615 bcnenedictione
938 558 1054 625 Dei,
1088 567 1141 613 et
1174 556 1539 613 consolatione
1568 556 1742 626 Spiri-

188 666 261 713 tus
304 652 484 710 sancti.
514 651 745 708 Albinus
793 659 916 707 tuus
942 661 1025 708 est
1055 659 1231 707 tecum
1267 651 1321 705 in
1368 650 1551 716 corde,
1578 664 1741 721 quem

189 747 363 804 utinam
388 744 588 800 habeas
627 746 734 799 cito
768 745 973 799 socium
1006 745 1060 798 in
1083 759 1249 817 opere
1275 744 1390 798 Dei.
1416 742 1525 799 Nos
1556 743 1743 799 matri-

186 835 381 917 culares.
402 851 502 905 pro
534 843 587 891 te
607 850 766 892 orare
795 852 903 893 non
942 851 1241 902 cessamus,
1268 845 1533 906 quatenus
1560 835 1741 892 divina

186 936 231 984 te
254 927 435 998 ubique
472 927 767 997 praeveniat
794 935 850 983 et
892 928 1255 999 subsequatur
1289 926 1486 999 gratia,
1524 934 1583 985 ut
1618 941 1741 983 cum

185 1019 434 1090 multiplici
458 1020 534 1090 pii
564 1021 745 1092 operis
774 1020 957 1078 fructu
990 1021 1280 1079 revertaris
1307 1021 1372 1076 ad
1410 1036 1526 1076 nos.
1563 1020 1741 1075 Bonos

184 1123 229 1169 et
266 1113 533 1183 religiosos
566 1121 741 1173 tecum
778 1113 949 1169 babes
971 1115 1171 1180 socios,
1200 1115 1254 1169 in
1298 1130 1528 1184 quorum
1554 1129 1649 1170 ore
1687 1122 1742 1177 et

182 1205 563 1263 conversatione
590 1219 786 1263 nomen
824 1204 1035 1261 Domini
1078 1203 1207 1262 Jesu
1251 1205 1599 1276 gloriﬁcetur.
1630 1204 1740 1262 Nos

182 1311 367 1367 semper
388 1297 636 1369 suspensi
666 1297 871 1354 erimus
906 1297 971 1354 de
1001 1298 1174 1353 reditu
1211 1306 1322 1365 tuo,
1350 1297 1521 1355 donec
1562 1299 1742 1361 videa-

180 1400 280 1441 mus
323 1402 486 1456 quem
528 1403 791 1453 amamus,
832 1389 1223 1459 amplectamur
1271 1392 1525 1447 manibus
1576 1408 1743 1463 quem

182 1475 317 1531 corde
345 1476 735 1534 desideramus.
769 1492 793 1520 α
823 1478 1062 1537 Tertiam
1095 1497 1224 1536 vero
1252 1490 1463 1553 partem
1487 1482 1553 1541 de
1592 1482 1743 1539 labo-

180 1566 307 1621 ribus
335 1567 444 1622 tuis
460 1584 561 1639 per
591 1569 797 1641 singula
826 1569 945 1627 ioca
968 1586 1064 1627 seu
1094 1572 1455 1642 episc0patus,
1481 1588 1575 1628 seu
1620 1588 1736 1629 mo~

179 1660 395 1725 nastcrii,
450 1662 716 1719 concessit
780 1662 876 1717 tibi
928 1679 1021 1718 rex
1066 1664 1122 1718 in
1168 1663 1561 1736 eleemosynam
1598 1672 1744 1723 tuam

177 1751 390 1817 tradere,
419 1754 466 1809 si
488 1753 603 1809 dies
630 1762 754 1809 tuus
798 1763 978 1810 tecum
1005 1764 1362 1828 prosequetur
1399 1755 1551 1828 (Cod.
1598 1753 1738 1824 Sal.,

177 1846 220 1894 te
250 1844 684 1917 prosequeretur]
710 1846 765 1901 in
789 1846 893 1913 via,
934 1855 987 1901 et
1024 1847 1128 1903 hoc
1154 1847 1403 1902 indiculis
1436 1845 1745 1903 conﬁrmari

173 1935 410 2006 praecepit
438 1934 594 2008 [Cod.
632 1936 772 2004 Sal.,
794 1938 1081 2013 prmcipit].
1120 1940 1259 1999 Ecce
1285 1939 1564 1996 deﬁciente
1590 1942 1747 1997 char-

175 2022 291 2090 tula,
311 2040 417 2079 non
440 2027 725 2095 charitate,
749 2046 983 2101 pennam
1008 2029 1346 2102 deponimus,
1372 2031 1487 2086 haec
1511 2039 1744 2089 tantum-

172 2115 313 2171 modo
336 2117 674 2175 salutationis
718 2122 882 2177 verba
933 2123 1312 2178 subnectentes
1354 2141 1365 2176 :
1426 2122 1589 2179 Vivas
1632 2122 1744 2177 Deo

168 2203 400 2275 feliciter,
437 2212 619 2277 vadas,
651 2220 707 2267 et
745 2213 1035 2284 proﬁciens
1063 2212 1258 2269 ﬁoreas
1308 2213 1361 2268 in
1406 2229 1570 2284 opere
1609 2213 1740 2279 Dei;

165 2301 209 2347 et
255 2302 306 2349 te
362 2298 565 2367 ubique
612 2308 829 2355 euntem
872 2309 926 2356 et
974 2303 1291 2357 redeuntem
1350 2301 1544 2358 summi
1606 2301 1748 2372 regis

161 2381 373 2445 dextera
423 2396 691 2459 protegat,
742 2398 798 2443 et
826 2389 1097 2456 defendat,
1129 2389 1457 2456 venerande,
1512 2387 1749 2445 dilectis-

156 2474 283 2531 sime
305 2485 364 2531 et
399 2477 715 2534 dulcissime

571 2593 599 2633 ι)
631 2591 967 2653 EPISTOLA
1003 2593 1330 2653 LXXXVIII.

766 2703 835 2742 AD
873 2701 1144 2742 ARNONEI.

543 2774 718 2847 (Anno
744 2774 870 2842 798,
897 2790 1083 2830 mense
1108 2774 1377 2846 Octobri.)

168 2862 417 2923 Hortatur
458 2865 528 2939 at!
552 2882 745 2939 manus
781 2866 1123 2939 apostolicam
1164 2867 1383 2939 impigre
1419 2864 1767 2939 obeundum;-

228 2952 314 3009 περ
343 2952 399 2990 se
430 2934 509 3009 uel
543 2934 848 3009 inﬁrmitate
880 2938 1132 3009 corporis,
1158 2934 1388 2992 vet’cttra
1415 2936 1748 3009 propriarum

230 3007 397 3060 ovium
422 3006 668 3077 impediri
695 3008 948 3077 patiatur.

229 3118 555 3177 Cbarissimo
592 3120 646 3176 in
681 3118 897 3176 Christo
932 3120 1077 3176 Patri
1110 3119 1339 3194 [Aquilae
1374 3117 1622 3193 Albinus]
1664 3118 1748 3175 in-

173 3212 340 3271 ﬁrmus
362 3216 418 3272 in
447 3215 720 3272 desiderio
747 3215 911 3272 totius
937 3215 1217 3272 charitatis
1243 3215 1488 3271 salutem.

230 3304 371 3362 Fidei
415 3314 614 3365 vestrae
656 3315 711 3367 et
758 3306 926 3361 ﬁrmae
966 3306 1250 3362 charitatis
1294 3305 1488 3359 litterae
1534 3306 1638 3359 mc‘
1663 3302 1745 3381 [in

177 3394 311 3451 domo
339 3399 519 3453 sancti
544 3397 780 3470 Martini]
808 3399 1127 3453 invenerunt
1155 3397 1350 3470 [pridie
1376 3396 1556 3451 Nonas
1582 3394 1746 3452 Octo-

176 3485 322 3561 bris],
372 3490 471 3545 sed
524 3490 635 3545 Deo
685 3490 916 3545 donante
970 3490 1162 3544 melius
1213 3490 1518 3544 habentem.
1573 3487 1642 3547 Et
1692 3496 1745 3543 te

176 3594 353 3635 summa
379 3581 481 3637 Dei
508 3583 683 3653 gratia
712 3583 905 3637 melius
929 3598 992 3637 ac
1020 3581 1210 3637 melius
1239 3581 1439 3635 habere
1462 3580 1741 3645 concedat,

178 3679 220 3726 et
250 3688 371 3748 Opus
395 3676 502 3733 Dei
541 3675 681 3746 quod
721 3676 773 3730 in
806 3675 1054 3729 manibus
1082 3674 1269 3739 habes,
1311 3688 1554 3727 crescere
1582 3671 1747 3728 faciat

176 3778 255 3834 per
278 3770 505 3827 multam
539 3769 873 3825 latitudinem
916 3766 1124 3838 populi;
1166 3775 1218 3820 et
1258 3782 1324 3820 ne
1353 3773 1592 3836 tepescat
1628 3764 1745 3821 ani-

180 3869 278 3913 mus
302 3866 439 3928 tuus,
478 3874 583 3914 nec
612 3860 801 3914 crebra
828 3865 882 3912 te
908 3866 1181 3911 exterreat
1217 3856 1457 3927 corporis
1489 3856 1562 3911 tui
1593 3855 1745 3912 inﬁr-

179 3947 329 4003 mitas.
369 3950 515 4006 Nam
541 3950 713 4004 virtus
742 3966 807 4003 ex
848 3947 1156 4003 inﬁrmitate
1196 3946 1471 4017 perﬁcitur
1500 3944 1584 4016 (ΙΙ
1618 3945 1740 4003 Cor.

180 4052 263 4105 In,
286 4041 354 4115 εἰ).
383 4042 547 4098 Felix
579 4042 728 4096 locus
763 4052 817 4098 et
842 4042 972 4096 hora
1001 4041 1053 4094 in
1081 4057 1185 4111 qua
1213 4048 1265 4094 te
1293 4038 1569 4095 constituit
1600 4054 1746 4092 sum-

182 4144 282 4186 mus
308 4143 576 4188 terrarum
610 4140 806 4187 rector.
850 4130 955 4185 Sed
997 4146 1154 4186 curre
1195 4129 1480 4194 currendo,
1524 4139 1581 4182 ut
1622 4144 1746 4182 cur-

182 4235 275 4276 sum
301 4235 439 4279 tuum
469 4224 742 4294 compleat
777 4224 941 4290 Deus,
979 4232 1033 4277 et
1071 4222 1228 4276 ﬁdem
1260 4236 1568 4284 conserves,
1598 4228 1652 4273 et
1679 4219 1747 4275 de

183 4312 357 4385 reliquo
380 4318 476 4372 tibi
508 4325 783 4375 remaneat
809 4330 1010 4371 corona
1030 4313 1211 4386 gloria!
1236 4312 1319 4385 (II
1340 4312 1474 4366 Tim.
1494 4328 1568 4377 ιν,
1590 4310 1641 4376 7,
1664 4309 1741 4382 8).

181 4401 268 4460 Nos
298 4425 414 4468 vero
444 4418 801 4481 peccatorum
837 4407 1050 4464 vincula
1077 4406 1272 4478 partim
1300 4404 1480 4460 saeculi
1514 4403 1743 4471 catenis,

181 4503 345 4565 partim
370 4507 605 4562 vinculis
636 4508 945 4562 morborum
969 4519 1189 4561 currere
1212 4503 1498 4575 abnegant,
1524 4508 1579 4555 et
1601 4498 1743 4570 quod

184 4586 225 4641 in
267 4594 536 4652 voluntate
589 4606 893 4669 promptum
942 4606 1060 4661 est,
1117 4596 1170 4651 in
1226 4610 1387 4649 carne
1439 4584 1743 4648 inﬁrmatur

184 4674 346 4747 (Marc.
376 4702 488 4751 xxv,
525 4687 635 4759 58).
686 4687 790 4743 Sed
832 4686 925 4742 ﬁat
971 4685 1219 4741 voluntas
1258 4684 1508 4741 Domini:
1553 4690 1607 4738 et
1650 4682 1742 4753 qui

184 4774 317 4843 ccepit
350 4777 404 4831 in
444 4778 665 4879 spiritu,
710 4778 974 4849 compleat
1013 4778 1067 4832 in
1108 4792 1289 4846 opere.
1334 4774 1520 4831 Sciant
1555 4787 1745 4829 omnes

185 4872 360 4933 gentes,
385 4866 543 4940 quasi
574 4869 696 4924 stilo
725 4870 899 4927 situla:
927 4880 973 4922 ε.
1004 4867 1136 4937 Quis
1163 4883 1262 4938 ego
1284 4867 1390 4922 nisi
1418 4866 1594 4938 pulvis
1620 4881 1745 4935 par-

185 4953 435 5016 Vissimus?
483 4962 690 5016 Tamen
737 4963 827 5033 qui
871 4961 937 5016 de
977 4962 1195 5032 pulvere
1240 4961 1419 5016 evexit
1460 4959 1742 5026 Dominus,

184 5056 335 5112 Potest
354 5053 420 5109 de
443 5064 696 5110 creatura
718 5053 897 5110 facere
919 5068 1037 5125 quae
1062 5053 1176 5109 vult
1200 5072 1212 5107 :
1236 5053 1363 5124 quia
1387 5053 1588 5118 omnia,
1620 5066 1741 5123 qua:

238 5189 262 5256 fl
299 5178 523 5256 Tertiam
550 5196 753 5256 partem
779 5186 845 5240 de
872 5185 1137 5242 laboribus
1160 5186 1285 5240 tuis.
1316 5203 1336 5237 t
1365 5184 1519 5256 Sane.
1535 5197 1741 5240 memo-

184 5253 286 5327 ιῬιιι
317 5252 474 5327 digna
514 5252 599 5311 est
631 5258 849 5312 donatio
885 5272 1046 5325 quam
1078 5273 1171 5312 rex
1207 5255 1413 5312 Arnoni
1450 5254 1604 5321 fecit,
1644 5269 1742 5326 per

181 5320 528 5390 lingula'loca
576 5344 697 5398 qua:
752 5320 1029 5399 laboribus
1075 5328 1382 5399 apostolicis
1427 5320 1741 5382 excultui-us

182 5399 323 5463 esset,
351 5399 521 5463 partis
546 5399 738 5453 tertim.
778 5421 795 5452 ι
830 5398 1045 5454 ΗΑΝΞΙΖ.

245 5460 390 5543 196
422 5467 450 5506 δ
486 5469 626 5543 Edit.
654 5468 945 5543 traharis
967 5471 1054 5543 ubi
1079 5469 1266 5524 mutila
1288 5479 1391 5525 est.
1413 5471 1512 5525 Hic
1532 5470 1742 5541 integra

172 5535 439 5613 prodite:
475 5542 593 5613 cod.
627 5555 728 5613 ms.
766 5540 966 5597 Salisb.
1005 5541 1103 5597 Est
1138 5556 1265 5613 vero
1301 5535 1743 5613 responsoria'ad

240 5607 439 5684 istolam
484 5610 738 5684 Arnonis,
782 5613 909 5667 dum
955 5613 1002 5668 is
1043 5627 1184 5667 anno
1230 5611 1332 5669 798
1378 5607 1432 5668 in
1472 5612 1741 5668 Hunniam

240 5683 418 5755 tisset,‘
446 5683 530 5736 vel
561 5683 808 5739 abiturus
839 5692 1004 5755 esset,
1039 5684 1227 5740 dolens
1264 5685 1407 5754 quod
1440 5700 1469 5738 a
1506 5685 1740 5755 propriis

172 5746 349 5823 “ﬁlius
373 5752 561 5809 abesse
581 5763 887 5826 cogeretur.
911 5746 1171 5826 Aleuinus
1198 5746 1525 5826 respondet;
1551 5746 1660 5809 Nec
1691 5764 1740 5809 te

183 5827 357 5878 Prtorcs
382 5838 498 5882 oves
524 5825 831 5899 impediunt,
859 5833 963 5884 etc.
998 5825 1175 5901 (Apud
1193 5825 1426 5885 Froben.
1449 5827 1605 5899 epist.
1623 5826 1735 5900 75.)

1590 347 1946 411 EPISTOLE
1958 390 1971 402 .

3312 344 3422 406 286

1771 470 1818 539 Α
1846 464 1961 523 vult
2001 462 2131 518 facit
2171 462 2225 521 in
2253 461 2408 519 caelo.
2446 461 2548 530 Qui
2586 462 2886 527 laboriosas
2927 461 3216 537 piscatoris
3244 479 3439 523 manus

1843 557 1910 612 ab
1940 557 2101 611 hamo
2138 556 2204 610 ad
2232 555 2471 611 caelestis
2511 556 2658 627 regni
2691 553 2966 610 transtulit
2993 554 3234 622 clavem;
3278 563 3335 611 et
3370 553 3438 614 de

1841 655 2192 725 persecutore
2228 654 2541 701 sanctorum
2570 644 2731 701 etl‘icit
2763 646 3174 718 praedicatorem
3212 646 3443 727 populo-

1842 757 1983 795 rum.
2017 741 2140 801 llzec
2173 756 2302 797 vero
2330 740 2679 801 considerans
2706 751 2805 797 nec
2828 736 2895 792 de
2921 736 3160 795 fraterna
3187 738 3440 811 desperes

1841 834 2035 899 salute,
2074 848 2176 890 nee
2208 835 2272 891 de
2304 833 2521 907 propria
2560 832 2773 893 dubites
2806 830 3068 889 efﬁcacia.
3102 829 3271 889 Pauci
3312 839 3440 889 sunt

1842 924 1957 983 dies
1986 923 2207 990 laboris,
2240 924 2334 979 sed
2364 923 2582 995 plurimi
2622 922 2908 979 mercedis.
2952 919 3161 979 Labora
3198 919 3333 995 [Αι.,
3361 921 3441 981 la-

1839 1016 2014 1090 boro],
2047 1016 2231 1077 labora
2264 1033 2363 1088 pro
2395 1032 2479 1073 me
2515 1024 2572 1071 et
2611 1030 2709 1087 pro
2752 1023 2822 1080 te,
2856 1021 2916 1067 ut
2955 1021 3078 1069 tuus
3114 1013 3268 1069 labor
3304 1014 3437 1073 mihi

1840 1109 2119 1183 proﬁciat;
2152 1123 2273 1163 mea
2311 1107 2574 1173 voluntas,
2620 1106 2665 1165 si
2707 1106 2835 1179 quid
2872 1111 3066 1183 potest,
3106 1111 3157 1159 te
3196 1104 3436 1177 adjuvet.

1841 1201 2021 1257 Trabe
2056 1192 2145 1259 me
2179 1208 2304 1274 post
2336 1208 2390 1256 te
2426 1201 2681 1272 precibus
2720 1207 2825 1259 tute
2863 1198 3171 1255 sanctitatis
3200 1217 3216 1257 :
3256 1212 3442 1261 curre-

1840 1306 1963 1348 mus
1989 1289 2168 1358 simul,
2197 1290 2367 1345 donec
2394 1289 2702 1345 introducat
2729 1303 2830 1344 nos
2858 1304 2955 1343 rex
2980 1289 3037 1343 in
3066 1287 3258 1343 cellam
3285 1287 3442 1341 vina-

1841 1386 2003 1457 riam,
2046 1383 2302 1441 ordinans
2343 1382 2398 1437 in
2441 1381 2600 1443 nobis
2642 1395 2753 1443 sua:
2794 1380 3075 1437 charitatis
3118 1378 3441 1437 suavitatem

1843 1477 2021 1550 (Cant.
2052 1494 2116 1544 ιι,
2144 1476 2223 1549 4).
2265 1475 2333 1535 Et
2369 1475 2499 1548 quia
2536 1491 2642 1531 vox
2677 1482 2872 1530 vestra:
2910 1474 3216 1533 dilectionis
3245 1472 3313 1529 ad
3343 1486 3443 1528 nos

1841 1571 2122 1645 pervenire
2148 1586 2253 1626 non
2287 1577 2495 1643 potest,
2532 1570 2729 1642 saepius
2754 1571 2943 1625 charta
2972 1585 3136 1641 quam
3164 1568 3442 1635 relationis

1842 1673 2069 1729 vocant,
2099 1672 2301 1723 currat.
2328 1662 2543 1733 Frater,
2571 1663 2663 1733 qui
2692 1661 2977 1735 adiuvatur
3005 1678 3036 1715 a
3065 1659 3254 1729 fratre,
3284 1660 3442 1733 quasi

1844 1759 2033 1817 civitas
2062 1757 2213 1814 ﬁrma
2238 1764 2338 1812 est.
2375 1755 2546 1829 Quam
2578 1754 2788 1828 pulchri
2817 1762 2943 1817 sunt
2970 1753 3136 1824 pedes
3169 1753 3442 1827 evangeli—

1779 1829 1823 1891 Β
1848 1846 2086 1902 zantium
2112 1861 2318 1917 pacem,
2346 1843 2833 1915 evangelizantium
2858 1844 3000 1904 bona
3034 1842 3213 1914 (Rom.
3237 1858 3296 1909 ι,
3326 1839 3437 1914 15).

1846 1939 2059 2014 [Exalta
2095 1940 2238 1995 sicut
2268 1939 2397 1993 tuba
2423 1953 2612 1993 vocem
2644 1944 2818 2001 tuam,
2861 1945 2916 1991 et
2954 1941 3226 1995 memento
3266 1942 3319 1989 te
3359 1932 3442 1988 di-

1845 2032 1925 2086 xit
1954 2030 2063 2103 [Ita
2090 2029 2233 2097 cod.;
2260 2028 2396 2099 forte
2424 2028 2701 2099 legendum
2729 2035 3001 2085 memento
3036 2034 3090 2081 te
3115 2025 3267 2101 sequi
3290 2039 3437 2091 eum,

1847 2122 1938 2193 qui
1975 2119 2131 2192 dixit]
2174 2134 2188 2174 :
2228 2118 2375 2174 Alias
2417 2136 2531 2174 oves
2562 2119 2747 2185 habeo,
2777 2134 2893 2189 qua:
2934 2135 3038 2179 non
3080 2126 3201 2175 sunt
3242 2132 3307 2171 ea:
3341 2116 3441 2170 hoc

1846 2213 1999 2279 ovili,
2039 2227 2155 2284 qua:
2187 2225 2357 2266 vocem
2396 2226 2564 2264 meam
2591 2209 2846 2275 audiunt,
2888 2219 2935 2264 et
2973 2208 3092 2269 illas
3122 2224 3203 2262 me
3242 2213 3442 2279 oportet

1846 2304 2122 2366 adducere,
2156 2311 2205 2356 et
2233 2300 2327 2370 ﬁat
2358 2317 2521 2355 unum
2550 2300 2680 2355 ovile
2711 2310 2758 2354 et
2789 2317 2924 2354 unus
2959 2308 3138 2370 pastor
3167 2297 3348 2369 (Joan.
3383 2312 3437 2363 x,

1850 2393 1959 2465 16).
1992 2394 2101 2461 Nec
2127 2401 2180 2447 te
2206 2393 2415 2461 priores
2440 2406 2567 2446 oves
2597 2390 2913 2463 impediunt,
2944 2390 3074 2460 quin
3100 2388 3279 2443 minus
3306 2386 3441 2442 alias

1850 2486 2113 2549 adducas,
2160 2491 2214 2538 et
2251 2482 2420 2538 facias
2450 2498 2617 2537 unum
2646 2481 2804 2536 ovile.
2835 2479 3141 2552 Cognoscat
3182 2476 3441 2549 sapientia

1850 2589 2030 2637 vestra
2056 2580 2186 2651 quid
2214 2577 2481 2651 signiﬁcat
2508 2576 2720 2634 devotio
2747 2584 2952 2631 nostra.
2982 2574 3059 2630 De
3083 2588 3251 2647 puero
3280 2586 3440 2643 quem

1847 2676 2113 2730 habemus
2152 2674 2207 2728 in
2234 2673 2393 2729 domo
2421 2676 2628 2736 nostra,
2660 2670 2801 2726 sicut
2829 2667 2998 2723 ﬁlium
3024 2665 3354 2731 erudiemus,
3389 2669 3443 2718 et

1848 2764 2062 2825 volente
2096 2764 2208 2820 Deo
2242 2762 2545 2833 perfectum
2575 2760 2835 2815 faciemus
2862 2759 3037 2815 virum
3067 2771 3136 2812 ex
3171 2756 3282 2812 illo.
3320 2754 3442 2809 Eri-

1849 2873 1969 2913 mus
1997 2857 2048 2912 ei
2068 2855 2341 2926 adjutores
2362 2854 2654 2910 secundum
2677 2866 2895 2908 causam
2919 2858 2971 2905 et
2995 2847 3251 2918 temporis
3274 2845 3441 2901 ratio-

1848 2963 2003 3014 nem;
2030 2956 2083 3003 et
2104 2947 2148 3002 si
2172 2945 2383 3000 volente
2407 2944 2519 3003 Deo
2539 2943 2833 2998 viderimus
2858 2939 3023 2996 facies
3049 2946 3285 3004 nostras,
3310 2945 3439 2991 tunc

1849 3041 2029 3097 omnia
2060 3040 2125 3095 de
2148 3039 2258 3102 illo,
2292 3038 2431 3099 sicut
2462 3037 2526 3093 de
2556 3035 2676 3093 aliis
2702 3034 2904 3100 multis,
2938 3032 3222 3089 consilium
3250 3029 3439 3090 salutis

1853 3131 2145 3201 capiamus.
2176 3127 2329 3183 Sicut
2354 3127 2454 3181 fuit
2480 3125 2708 3181 Albinus
2734 3134 2870 3185 tuus,
2902 3122 2976 3176 ita
2999 3122 3102 3176 erit
3122 3129 3177 3175 et
3203 3120 3256 3175 in
3280 3127 3439 3185 aeter-

1847 3221 2029 3295 num];
2062 3223 2185 3293 quia
2216 3220 2306 3290 qui
2330 3218 2494 3293 cmpit
2521 3212 2803 3272 cbaritatis
2829 3217 3028 3271 bonum
3057 3214 3110 3267 in
3140 3211 3316 3277 nobis,
3342 3209 3434 3266 ille

1844 3314 2109 3386 perﬁciat,
2142 3320 2196 3375 et
2222 3313 2287 3367 ad
2317 3310 2439 3365 ﬁdei
2467 3309 2791 3374 mercedem,
2819 3308 3002 3374 credo,
3034 3320 3285 3377 magnam
3310 3317 3435 3374 per-

1848 3407 2025 3462 ducat.
2059 3403 2162 3470 Qui
2201 3412 2373 3457 autem
2411 3401 2808 3473 perseveraverit
2845 3399 2899 3452 in
2924 3398 3111 3467 ﬁnem,
3152 3397 3234 3451 hic
3261 3395 3436 3450 salvus

1846 3501 1941 3553 erit
1966 3497 2179 3570 (Matth.
2205 3512 2259 3562 χ,
2283 3494 2395 3567 22).
2420 3494 2678 3549 Dominus
2697 3491 2962 3548 custodiat
2983 3490 3260 3551 introitum
3282 3495 3434 3543 tuum

1846 3595 1901 3642 et
1937 3588 2142 3642 exitum
2170 3596 2321 3641 tuum
2363 3600 2430 3641 ex
2468 3586 2573 3641 hoc
2613 3599 2755 3639 nunc
2780 3591 2835 3639 et
2871 3597 3040 3653 usque
3078 3582 3133 3637 in
3171 3588 3435 3636 :etemum

1847 3677 2019 3751 (Psal.
2070 3693 2195 3743 cxx,
2241 3677 2318 3748 8).
2364 3676 2524 3731 Vivas
2564 3674 2813 3740 feliciter,
2846 3683 2901 3728 et
2936 3672 3127 3729 ﬂoreas
3163 3672 3219 3727 in
3247 3685 3431 3742 opere,

1844 3770 2010 3825 verbo
2035 3768 2151 3825 Dei.
2185 3768 2335 3834 Vale,
2364 3766 2551 3833 frater,
2580 3766 2633 3823 in
2663 3774 2957 3833 aeternum;
2997 3772 3267 3821 memento
3292 3776 3435 3819 sem-

1836 3878 1941 3933 .pcr
1966 3875 2123 3917 orare
2147 3876 2245 3933 pro
2272 3861 2449 3926 nobis,
2492 3868 2547 3915 et
2580 3876 2789 3921 memor
2822 3860 2895 3915 sit
2920 3873 3135 3929 semper
3166 3858 3311 3915 Deos
3336 3852 3436 3911 ad-

1838 3954 2031 4027 juvare
2060 3964 2135 4019 te.

2272 4045 2301 4085 ά
2342 4043 2679 4100 EPISTOLA
2718 4040 3007 4099 LXXXIX.

2429 4148 2496 4187 AD
2537 4149 2587 4187 Ll
2594 4146 2863 4188 OBRADUI.

2457 4222 2637 4295 (Anno
2665 4223 2814 4295 798.)

1844 4325 2095 4389 Liobradi
2121 4322 2415 4398 (Leidradi)
2444 4322 2590 4448 eiecti
2615 4321 2841 4448 epistiopi
2868 4320 3229 4393 Lugdunensis
3254 4320 3427 4376 amici-

2469 4411 2576 4448 tam
2609 4410 2739 4448 exon
2765 4412 2796 4448 α
2824 4433 2838 4448 .

2469 4411 2576 4450 tam
2609 4410 2838 4466 exoptat.

1770 4559 1823 4627 Ι)
1916 4502 2194 4575 Pontiﬁol,
2226 4506 2417 4575 fratri,
2456 4506 2631 4565 amico
2660 4517 2696 4560 ι
2716 4503 2985 4563 Liobrado
3012 4504 3184 4563 electo
3210 4503 3436 4563 Albinus

1846 4599 2072 4627 ........,....

1844 4599 2101 4657 salutem.

1913 4691 2130 4749 Gratias
2163 4708 2265 4762 ago
2300 4691 2411 4747 Deo
2436 4692 2529 4761 qui
2562 4691 2726 4747 talem
2760 4690 2894 4745 mihi
2922 4688 3223 4759 portionem
3246 4690 3435 4762 digna-

1843 4790 1935 4839 tus
1958 4792 2042 4838 est
2069 4782 2337 4846 amicum,
2366 4781 2420 4835 in
2445 4781 2602 4851 cujus
2630 4779 2736 4835 ﬁde
2764 4780 2989 4846 veritas,
3018 4780 3073 4835 in
3105 4778 3258 4848 citius
3282 4781 3436 4836 boni-

1844 4880 1956 4933 tate
1998 4872 2327 4941 benignitas,
2369 4871 2428 4926 in
2469 4870 2621 4941 cuius
2657 4870 2883 4937 oonsilio
2922 4871 3070 4929 salus
3103 4887 3317 4942 scalper
3354 4872 3436 4926 in-

1845 4971 2005 5023 venta
2046 4971 2148 5019 est.
2192 4962 2261 5017 Et
2297 4969 2500 5033 quanto
2540 4963 2775 5021 rariores
2818 4979 2961 5019 nunc
3001 4963 3261 5034 temporis
3296 4961 3436 5025 tales

1846 5053 2077 5110 inveniri
2100 5060 2344 5125 possunt,
2377 5059 2527 5109 tanto
2556 5053 2834 5111 cbariores
2861 5050 3050 5109 haberi
3074 5052 3288 5108 debent.
3318 5050 3435 5115 Sic-

1919 5199 1942 5228 ο
1973 5185 2304 5268 limo-verba
2330 5185 2530 5243 omissa
2568 5185 2777 5268 a_Mab..
2814 5182 3170 5268 supplendum
3205 5180 3429 5264 ex_lsai.

1845 5274 1937 5326 XL,
1966 5259 2033 5313 t5
2061 5273 2075 5312 :
2106 5258 2241 5313 Ecce
2269 5268 2444 5330 gentes
2473 5259 2625 5330 quasi
2660 5256 2803 5313 stilla
2833 5253 3027 5330 st'ttttte,
3058 5263 3106 5330 et
3146 5253 3296 5330 quasi
3322 5269 3434 5330 mo-

1845 5322 2077 5414 mentum
2102 5322 2310 5385 statere:
2336 5322 2585 5400 reputate:
2608 5339 2727 5386 sunt
2751 5348 2769 5386 .-
2793 5344 2908 5384 ecce
2934 5325 3120 5383 inculte
3140 5322 3294 5398 euasi
3312 5322 3433 5397 pul-

1926 5554 1950 5583 ο
1986 5534 2247 5599 ιίοῡνάἆο
2275 5543 2455 5598 electo.
2495 5534 2762 5599 Liodrado
2803 5540 3083 5613 legendum
3124 5534 3427 5613 putatus-

1846 5613 2119 5681 billonius,
2151 5613 2242 5684 qui
2272 5622 2354 5670 est
2378 5613 2671 5670 Leidradus
2702 5629 2843 5669 anno
2857 5609 2973 5668 ’798
2999 5611 3200 5684 electus
3225 5609 3431 5684 epich-

1848 5701 1950 5755 pus
1974 5676 2378 5811 Ln§dnnensis;
2420 5685 2665 5756 sequenti
2693 5699 2823 5740 vero
2851 5699 2991 5739 anno
3022 5676 3427 5753 primum'ordi-

1848 5766 2023 5811 natus.
2090 5757 2191 5811 'ide
2227 5756 2369 5811 Hist.
2400 5755 2527 5811 Litt.
2555 5757 2619 5811 de
2657 5754 2711 5810 ta
2748 5753 2977 5811 France.
3015 5762 3143 5811 tom.
3171 5751 3203 5811 Ι
3221 5749 3279 5811 ν.
3303 5765 3425 5811 pag.

1848 5749 2023 5811 natus.
2058 5749 2191 5813 Vide
2227 5749 2374 5814 Hist.
2400 5749 2527 5813 Litt.
2555 5757 2619 5812 de
2657 5754 2711 5810 ta
2748 5753 2977 5825 France,
3015 5749 3143 5815 tom.
3171 5751 3203 5815 Ι
3221 5749 3279 5821 ν,
3303 5765 3425 5824 pay-

1846 5826 1951 5891 455
1977 5844 2113 5902 seqq.
