4056 6328
577 386 684 451 287

1441 389 1502 445 Β.
1541 387 1603 444 F.
1641 386 1865 452 ALBINI
1905 380 2036 443 SEU
2071 375 2345 441 ALCUINI
2381 382 2663 440 OPERUM
2699 379 2876 439 PARS
2912 378 2934 438 ί

3745 381 3865 449 288

579 516 644 566 ut
669 520 1000 579 gemmarum
1029 504 1204 577 fulgor
1230 504 1371 560 inter
1394 517 1676 557 arenosam
1701 499 2024 572 splendescit
2051 497 2163 569 gla-
2189 500 2238 558 Α
2265 511 2406 551 nunc
2435 505 2546 551 tota
2577 495 2845 550 hilaritate
2874 494 3070 549 mentis
3094 493 3256 564 coepti
3283 492 3490 550 itineris
3513 510 3706 555 cursus
3729 515 3870 571 pen.

580 613 750 664 ream,
776 598 849 653 ita
878 597 1085 652 amicus
1106 597 1363 667 probatus
1388 595 1530 650 inter
1554 592 1911 648 multitudinis
1936 591 2166 646 circum-

583 697 913 760 strepentem
952 690 1165 743 turbam
1203 686 1509 756 gratissime
1544 684 1768 748 eruitur,
1809 683 2164 754 amplexatur,

584 789 820 839 tenetur.
849 779 950 847 Qui
968 778 1120 848 juxta
1150 777 1488 847 antiquitatis
1516 776 1879 847 proverbium,
1905 773 1994 828 diu
2025 786 2170 842 quai-

585 872 745 940 ritur,
772 872 859 927 vix
880 871 1169 935 invenitur,
1191 867 1408 924 difﬁcile
1427 877 1692 922 servatur.
1716 864 1880 934 Cujus
1904 861 2170 934 parabola:

588 961 1084 1031 interpretationem
1123 957 1280 1013 facile
1310 965 1394 1014 est
1431 973 1498 1012 ex
1531 957 1700 1028 teipso
1729 969 2071 1025 cognoscere.
2105 951 2172 1008 Et

587 1055 782 1111 mirum
816 1054 868 1108 in
896 1053 1110 1107 modum
1130 1092 1145 1116 ,
1183 1053 1327 1122 quod
1355 1065 1543 1106 omnes
1572 1050 1812 1104 invenire
1837 1048 2053 1112 volunt,
2080 1045 2172 1100 vix

587 1146 727 1201 ullus
763 1159 882 1201 esse
909 1143 1198 1199 desiderat.
1241 1143 1307 1198 Et
1348 1145 1451 1199 hoc
1495 1144 1633 1206 ideo,
1681 1142 1805 1211 quia
1844 1147 2170 1210 praeceptum

587 1238 942 1302 Dominicum,
973 1238 1018 1293 si
1049 1237 1251 1308 apertis
1279 1238 1500 1292 audiant
1526 1237 1766 1301 auribus,
1800 1235 1964 1290 surdo
1992 1243 2173 1289 tamen

585 1331 747 1385 corde
788 1330 940 1400 parvi
979 1331 1220 1400 pendunt
1250 1347 1263 1384 :
1298 1328 1510 1394 Omnia,
1549 1345 1870 1400 quacunque
1908 1327 2080 1389 vultis,
2118 1337 2174 1380 ut

585 1420 784 1490 faciant
809 1422 949 1476 vobis
971 1422 1222 1486 homines,
1243 1421 1352 1475 haec
1372 1421 1552 1474 eadem
1576 1431 1622 1474 et
1647 1421 1804 1491 facite
1826 1419 1932 1474 illis
1957 1418 2172 1491 (Matth.

585 1527 683 1577 vn,
715 1511 825 1586 12).
853 1511 1001 1567 Inter
1026 1521 1218 1567 caetera
1243 1512 1503 1566 virtutum
1532 1510 1762 1582 insignia
1791 1527 1910 1582 quae
1936 1510 2060 1566 huic
2085 1511 2178 1566 ad-

582 1601 770 1674 jacent
797 1605 1070 1666 mandato.
1099 1605 1203 1660 hoc
1229 1619 1445 1674 quoque
1473 1603 1802 1674 adjungitur,
1840 1614 1900 1658 ut
1926 1604 2018 1674 qui
2045 1603 2180 1657 ami-

589 1711 714 1752 cum
743 1697 873 1751 velit
901 1697 1143 1752 invenire
1173 1695 1413 1762 ﬁdelem,
1453 1696 1524 1751 sit
1552 1697 1641 1750 ille
1668 1697 1970 1766 cuicunque
2007 1694 2180 1749 homi-

587 1802 719 1844 num
765 1790 972 1844 amicus
1023 1788 1214 1854 ﬁdelis,
1266 1789 1351 1843 vel
1403 1789 1458 1843 in
1505 1789 1678 1844 salute
1723 1789 1942 1854 animai,
1991 1788 2076 1843 vel
2123 1787 2178 1842 in

2270 589 2507 660 agendus
2544 596 2658 653 est;
2698 587 2823 658 quia
2845 588 2934 658 qui
2968 589 3365 659 perseveraverit
3402 606 3564 661 usque
3594 593 3650 647 in
3675 593 3864 662 ﬁnem,

2267 683 2352 736 hic
2374 679 2548 734 salvus
2570 680 2666 733 erit
2693 678 2904 750 (Matth.
2930 694 2986 744 ι,
3157 677 3296 746 Quia
3325 680 3371 734 si
3397 689 3614 752 torpens
3641 683 3871 754 pigritia

2269 770 2408 826 clam
2436 769 2562 825 boni
2586 770 2764 840 operis
2790 769 3096 839 irrepserit,
3130 784 3256 824 mox
3282 770 3484 825 malitia
3512 772 3691 842 palam
3728 775 3867 832 mali

2269 861 2448 932 operis
2475 861 2784 916 succrescit.
2817 859 2978 931 Origo
3005 869 3090 916 est
3115 860 3438 932 iniquitatis,
3465 863 3684 918 amissio
3707 849 3872 920 boni-

2272 952 2417 1008 tatis.
2444 952 2510 1006 Et
2530 953 2655 1007 dum
2684 967 2794 1006 suae
2813 951 3104 1007 voluntatis
3129 952 3379 1023 sequitur
3397 953 3560 1009 homo
3584 953 3865 1016 affectum.

2270 1058 2396 1098 mox
2428 1043 2622 1098 divinae
2667 1043 2941 1098 servitutis
2968 1041 3146 1112 perdit
3189 1041 3463 1100 eﬁ‘ectum.
3513 1044 3642 1100 lude
3686 1046 3870 1115 prima

2274 1133 2446 1204 angeli
2491 1134 2646 1188 ruina
2682 1132 2801 1199 fuit,
2847 1133 2938 1203 qui
2982 1133 3036 1187 in
3079 1149 3177 1188 sua
3221 1135 3461 1205 gaudens
3497 1142 3790 1205 potestate,
3837 1150 3874 1190 a

2275 1240 2486 1280 summo
2512 1223 2796 1279 declinavit
2821 1223 2981 1278 bono.
3008 1223 3077 1278 Et
3100 1224 3190 1294 qui
3218 1224 3502 1295 gloriosior
3530 1223 3634 1281 fuit
3655 1226 3877 1283 (niteris

2277 1316 2330 1371 in
2360 1315 2686 1380 conditione,
2724 1314 2898 1369 factus
2925 1323 3010 1369 est
3045 1315 3294 1369 miserior
3320 1313 3569 1369 omnibus
3598 1315 3653 1369 in
3681 1313 3865 1387 perdi-

2277 1407 2442 1461 tione.
2483 1405 2634 1462 Unde
2667 1421 2726 1460 se
2760 1405 3009 1474 superbia
3039 1403 3175 1476 [Al.,
3207 1403 3436 1475 superba
3467 1403 3643 1477 mens]
3683 1404 3873 1476 erigit,

2279 1498 2402 1552 inde
2425 1497 2660 1552 maxime
2693 1494 2960 1565 dejicitur.
3001 1494 3126 1550 Ideo
3153 1495 3421 1566 praecipue
3449 1495 3759 1551 necessaria
3785 1502 3877 1550 est

2279 1591 2391 1647 Deo
2431 1591 2791 1646 servientibus
2817 1587 3092 1643 humilitas
3115 1587 3454 1644 obedientiai.
3498 1587 3625 1661 [Per
3652 1587 3877 1644 humili-

2280 1683 2406 1738 tatis
2425 1682 2623 1753 gradus
2643 1682 2711 1736 ad
2731 1681 2942 1736 culmen
2961 1681 3274 1750 pervenitur
3295 1679 3684 1752 sublimitatis].
3712 1679 3878 1737 Chri-

2281 1784 2398 1829 stus
2422 1775 2532 1830 suis
2553 1775 2865 1843 parentibus
2883 1773 3080 1843 legitur
3096 1788 3215 1828 esse
3235 1771 3480 1827 subditus
3501 1771 3652 1843 (Luc.
3673 1789 3736 1838 ιι,
3754 1772 3877 1844 5|),

589 1878 844 1950 suffragio
892 1879 1166 1946 wwlari,
1215 1887 1472 1950 quantum
1520 1879 1589 1935 ad
1634 1895 1749 1936 rem
1792 1887 1847 1934 ει
1893 1893 2178 1950 personam
2211 1866 2254 1928 Β
2280 1874 2341 1919 ιιι
2366 1881 2462 1919 nos
2487 1863 2809 1919 humilitatis
2833 1879 2944 1918 suae
2967 1862 3210 1932 exemplo
3235 1863 3302 1917 ad
3330 1863 3527 1918 bonum
3550 1862 3880 1921 informant

590 1971 877 2042 cujuslibet
903 1973 1191 2042 pertineat.

665 2064 819 2133 Quod
856 2081 986 2121 vero
1018 2082 1104 2122 me
1138 2067 1471 2139 interrogare
1510 2066 1720 2124 voluisti
1758 2067 1824 2124 de
1859 2067 2180 2123 certitudine

591 2155 884 2212 voluntatis
921 2157 1006 2212 vel
1045 2158 1182 2224 loci,
1223 2160 1358 2214 nihil
1396 2160 1494 2215 tibi
1529 2168 1737 2216 certum
1766 2159 1942 2217 adhuc
1971 2176 2180 2216 reman-

595 2247 725 2304 dare
750 2249 946 2316 habeo,
974 2250 1077 2306 nisi
1103 2251 1212 2306 Deo
1237 2253 1530 2308 miserante
1552 2260 1608 2307 et
1633 2253 1742 2312 vita
1767 2253 1982 2318 comite,
2010 2254 2182 2309 adhuc

593 2341 809 2396 visurus
837 2343 945 2397 eris
968 2341 1162 2398 faciem
1193 2359 1402 2409 meam;
1429 2343 1556 2398 licet
1586 2344 1821 2398 nesciam
1853 2352 2070 2414 propter
2093 2358 2184 2400 oc-

595 2433 910 2502 cupationes
933 2449 1082 2488 meas
1105 2433 1189 2489 vel
1218 2442 1446 2501 vestras,
1478 2436 1569 2492 ubi
1603 2445 1696 2491 aut
1724 2437 1958 2507 quando.
1991 2437 2184 2493 Multo-

595 2523 717 2587 ties,
759 2525 1053 2579 secundum
1089 2527 1545 2596 opportunitatem
1585 2527 1946 2596 portantium,
1976 2528 2185 2584 litteras

596 2615 730 2671 mihi
755 2616 987 2686 dirigere
1013 2625 1216 2688 satage,
1242 2627 1302 2673 ut
1330 2619 1559 2675 habeam
1589 2635 1776 2674 curam
1802 2628 1908 2676 tua:
1932 2621 2185 2676 charitati

597 2706 951 2773 rescribendi,
974 2716 1030 2764 et
1053 2711 1218 2765 etiam
1244 2711 1601 2767 demandandi
1631 2713 1985 2783 quodcunque
2007 2714 2188 2769 veniat

599 2795 754 2849 mihi.
791 2795 1022 2851 Tantum
1046 2799 1331 2869 diligenter
1355 2801 1644 2871 deprecare
1672 2803 1956 2858 Dominum
1977 2801 2183 2869 Iesum,

601 2891 663 2938 ut
701 2884 898 2955 dirigat
936 2889 1229 2942 secundum
1271 2905 1422 2944 suam
1464 2907 1716 2963 magnam
1762 2893 2186 2950 misericordiam

601 2973 772 3029 vitam
827 2974 1013 3030 famuli
1073 2979 1153 3032 sui
1215 2980 1268 3033 in
1330 2982 1681 3038 sanctissimae
1737 3000 1847 3040 sua)
1896 2985 2188 3040 voluntatis

604 3063 882 3133 eﬁ'ectum,
914 3076 970 3123 et
1005 3068 1328 3126 Christianae
1355 3073 1658 3142 religionis,
1685 3075 1840 3146 juxta
1879 3076 2188 3133 facultatem

603 3157 798 3213 virium
825 3169 1150 3224 nostrarum,
1183 3162 1503 3232 profectum.

676 3250 788 3304 Pax
818 3259 1017 3306 aeterna
1047 3263 1198 3325 regat
1225 3253 1422 3311 Christi
1450 3265 1522 3322 te,
1553 3258 1748 3328 praisul
1777 3267 1974 3328 amate,

679 3343 907 3416 Semper
927 3346 984 3402 in
1005 3355 1282 3413 aitet-num,
1309 3350 1505 3419 praesul
1525 3359 1724 3419 amate,
1745 3351 1882 3407 vale.

1132 3474 1158 3504 ι
1196 3461 1530 3520 EPISTOLA
1565 3464 1678 3522 XC.

990 3531 1017 3574 δ
1052 3549 1120 3588 an
1155 3549 1395 3590 pannus
1430 3551 1815 3594 LUGDUNENSES.

1228 3625 1405 3698 (Anno
1431 3626 1580 3697 798.)

608 3714 907 3790 Cavendum
928 3725 1104 3790 monet
1121 3717 1185 3772 ab
1215 3718 1476 3790 erroribus
1500 3717 1855 3790 Hispanorum
1883 3718 2060 3776 variis.
2095 3719 2198 3790 Re-

648 3800 653 3805 ‘
681 3787 891 3859 spondet
923 3789 1197 3859 quwstioni
1227 3789 1291 3843 de
1322 3787 1674 3844 observatione
1711 3791 1913 3845 sabbati
1941 3801 2061 3846 ante
2088 3789 2199 3846 Do-

679 3858 926 3911 minicam
938 3858 941 3859 ⁷
954 3858 1094 3913 Resu
1101 3860 1390 3914 rrectionis.

681 3948 964 4021 Religiosae
1007 3950 1061 4005 in
1108 3949 1324 4016 Christo
1369 3952 1796 4008 conversationis
1841 3959 2055 4019 vestrm,
2101 3967 2200 4023 per

612 4051 633 4079 ε
665 4038 988 4097 Laidradum
1018 4041 1248 4098 electum
1283 4041 1592 4113 pontiﬁcem
1623 4042 1945 4099 laudabilem
1975 4044 2199 4100 audiens

609 4131 1058 4200 sollicitudinem,
1108 4150 1304 4206 magno
1347 4149 1465 4192 esse
1520 4153 1606 4190 me
1657 4136 1852 4205 gaudio
1904 4137 2198 4193 delibutum

610 4223 816 4290 fateor;
857 4226 981 4294 quia
1013 4222 1260 4282 Christus
1293 4226 1412 4283 fons
1443 4227 1611 4283 totius
1632 4229 1908 4296 bonitatis,
1937 4230 2074 4286 tales
2099 4232 2196 4286 ad-

610 4314 717 4370 huc
746 4316 798 4369 in
826 4316 912 4371 his
940 4317 1145 4382 diebus,
1176 4320 1390 4389 quando
1419 4320 1708 4376 multorum
1732 4321 2036 4394 refrigescit
2065 4326 2198 4380 cha-

612 4405 745 4462 ritas
771 4405 986 4478 (Matth.
1011 4422 1155 4472 xxxv,
1187 4409 1297 4477 12),
1327 4410 1410 4464 sui
1432 4411 1605 4466 sancti
1629 4412 1860 4468 nominis
1884 4414 2047 4469 habet
2067 4429 2198 4469 con-

613 4495 866 4562 fessores,
899 4498 992 4568 qui
1031 4513 1199 4553 onera
1239 4499 1577 4555 saecularium
1620 4503 2030 4572 occupationum
2061 4502 2200 4573 abji-

2280 1953 2617 2008 obedientiie.
2647 1952 2775 2020 Qum
2798 1962 2882 2009 est
2908 1953 3294 2009 monachorum
3317 1952 3448 2020 vita,
3481 1953 3583 2007 nisi
3606 1953 3880 2023 Charitas,

2278 2045 2576 2109 humilitas,
2609 2052 2665 2098 et
2689 2042 3028 2099 obedientia?
3069 2043 3162 2098 Hae
3203 2051 3329 2098 sunt
3375 2044 3602 2109 semitae,
3646 2059 3772 2115 qua:
3810 2042 3881 2102 ll

2279 2143 2493 2190 aeterme
2521 2149 2702 2190 arcem
2741 2134 2975 2188 civitatis
3002 2141 3220 2188 euntem
3247 2133 3463 2188 deducit
3490 2134 3544 2187 in
3571 2134 3674 2199 eis,
3702 2133 3752 2188 si
3780 2150 3878 2191 ea-

2281 2227 2479 2282 tholica
2506 2226 2656 2291 ﬁdes,
2689 2242 2808 2296 quae
2840 2241 2940 2297 per
2965 2225 3307 2282 dilectionem
3333 2234 3612 2297 operatur,
3641 2228 3878 2284 comita-

2284 2325 2370 2372 tur
2397 2325 2700 2373 currentem
2729 2317 2782 2371 in
2814 2317 2955 2372 istis.

2353 2407 2530 2464 Novas
2559 2424 2706 2474 vero,
2734 2407 2930 2464 fratres
2977 2407 3303 2474 charissimi,
3351 2405 3629 2479 Hispanici
3671 2409 3880 2466 erroris

2285 2511 2465 2556 sectas
2503 2508 2617 2556 tota
2654 2501 2809 2556 vobis
2835 2509 3022 2556 cavete
3048 2501 3365 2556 intentione.
3417 2500 3743 2558 Sanctorum
3769 2502 3879 2558 Pa-

2287 2605 2429 2650 trum
2467 2594 2518 2649 in
2548 2592 2696 2666 [ﬁde]
2731 2593 3017 2664 sequimini
3065 2593 3309 2666 vestigia,
3347 2603 3404 2650 et
3452 2596 3748 2652 universali
3777 2595 3883 2652 Ec-

2287 2687 2464 2743 clesiae
2492 2686 2830 2741 sanctissima
2857 2701 2954 2740 vos
2999 2686 3273 2757 adjungite
3315 2687 3693 2743 unanimitate.
3741 2685 3880 2759 [Al.,

2288 2774 2516 2848 unitate]
2543 2775 2817 2844 Scriptum
2856 2784 2965 2830 est:
3000 2775 3268 2830 Terminos
3300 2775 3521 2831 Patrum
3562 2787 3777 2831 tuorum
3817 2793 3884 2832 ne

2289 2866 2690 2936 transgrediaris
2711 2864 2892 2936 (Prov.
2913 2881 3046 2930 χχιι,
3064 2865 3177 2937 28).
3195 2865 3297 2920 Εῑά
3318 2865 3572 2938 Symbolo
3599 2866 3885 2922 catholica

2291 2957 2414 3012 ﬁdei
2447 2971 2584 3011 nova
2613 2955 2877 3029 [nomina]
2907 2957 3072 3012 nolite
3100 2957 3378 3023 inserere;
3433 2965 3489 3011 et
3522 2957 3578 3012 in
3621 2956 3886 3012 ecclesia-

2292 3049 2443 3104 sticis
2469 3048 2657 3103 ofﬁciis
2696 3048 2964 3103 inauditas
2989 3049 3183 3118 priscis
3211 3047 3540 3118 temporibus
3561 3048 3885 3105 traditiones

2293 3143 2457 3198 nolite
2501 3143 2745 3214 diligere.
2801 3141 2904 3197 Per
2943 3141 3251 3212 apostolicae
3307 3141 3885 3212 doctrinae'publicam

2213 3234 2263 3300 C
2294 3235 2501 3304 pergite
2527 3241 2785 3298 stratam;
2816 3248 2916 3289 nec
2959 3247 3057 3302 per
3100 3231 3415 3288 diverticula
3463 3231 3751 3302 cujuslibet
3786 3246 3887 3288 no-

2295 3327 2480 3383 vitatis
2522 3326 2578 3382 in
2613 3329 2890 3383 dexteram
2937 3325 3023 3381 vel
3073 3325 3130 3381 in
3185 3325 3459 3381 sinistram
3503 3341 3536 3380 a
3586 3325 3676 3380 via
3732 3323 3890 3398 regia

2296 3420 2578 3476 declinata.
3488 3421 3493 3426 ’

2365 3512 2443 3566 De
2465 3511 2742 3582 adoptione
2765 3525 2914 3576 vero,
2943 3525 3108 3580 quam
3137 3509 3355 3582 quidam
3385 3508 3644 3581 injuriose
3665 3506 3891 3567 Christo

2295 3604 2405 3659 Deo
2459 3603 2704 3672 ingerere
2745 3601 3097 3668 contendunt,
3126 3612 3150 3642 ο
3172 3616 3240 3656 ex
3279 3601 3603 3658 auctoritate
3636 3599 3888 3673 synodali

2295 3695 2508 3752 habetis
2537 3709 2876 3765 responsum.
2924 3693 3114 3750 Unitas
3139 3709 3269 3750 vero
3303 3707 3550 3764 persona:
3582 3694 3638 3749 in
3679 3693 3892 3751 duabus

2296 3784 2498 3842 Christi
2545 3786 2776 3852 naturis,
2830 3784 3130 3840 naturalem
3177 3785 3290 3840 Deo
3324 3783 3475 3840 Patri
3521 3783 3719 3840 Filium
3769 3799 3894 3840 esse

2297 3878 2602 3936 conﬁrmat.
2631 3876 2768 3944 Quia
2794 3891 3133 3947 nequaquam
3175 3876 3228 3930 in
3266 3875 3502 3948 proprio,
3526 3883 3581 3930 et
3622 3875 3680 3931 in
3723 3876 3896 3946 adop-

2298 3971 2411 4027 tivo
2435 3967 2588 4043 [una]
2629 3976 2807 4038 potest
2849 3983 2969 4023 esse
3009 3982 3258 4038 persona.
3309 3966 3434 4022 Ideo
3462 3967 3716 4023 Christus
3766 3981 3896 4038 pro-

2297 4062 2450 4132 prius
2477 4059 2632 4133 [Cod.
2666 4059 2781 4116 Sal.
2803 4101 2818 4124 ,
2853 4058 3136 4130 naturalis]
3163 4065 3248 4114 est
3277 4058 3388 4114 Deo
3433 4059 3582 4113 Patri
3609 4057 3806 4127 Filius,
3834 4066 3896 4117 α

2298 4167 2398 4207 nos
2426 4166 2522 4222 per
2546 4150 2696 4205 illum
2721 4150 2980 4220 adoptivi,
3006 4165 3113 4205 non
3141 4149 3233 4205 ille
3265 4149 3542 4206 nobiseum
3578 4151 3894 4222 adoptivus.

2300 4244 2452 4299 Sicut
2472 4243 2561 4298 ille
2582 4243 2727 4298 solus
2751 4244 2866 4299 sine
2912 4253 3154 4314 peccato,
3187 4245 3266 4298 sic
3291 4243 3380 4298 ille
3403 4244 3550 4299 solus
3575 4245 3695 4300 sine
3711 4246 3897 4318 adop-

2298 4337 2475 4403 tione;
2508 4336 2669 4390 Patre
2701 4335 2755 4390 in
2786 4335 3053 4405 baptismo
3099 4343 3388 4391 attestante
3426 4352 3441 4389 :
3480 4333 3582 4390 llic
3608 4346 3686 4390 est
3716 4334 3897 4392 Filius

2299 4445 2442 4484 meus
2465 4427 2708 4492 dilectus,
2736 4428 2792 4482 in
2814 4444 2916 4499 quo
2942 4429 3070 4482 mihi
3098 4428 3223 4483 bene
3251 4425 3540 4499 complacui
3562 4425 3783 4498 (Matth.
3811 4443 3895 4494 Ill,

2301 4520 2411 4592 17).
2443 4520 2511 4574 Et
2536 4519 2819 4590 Apostolo:
2852 4519 2955 4585 Qui
2976 4521 3185 4591 proprio
3213 4518 3356 4574 Filio
3381 4535 3476 4574 suo
3510 4535 3613 4574 non
3636 4519 3899 4590 perpercit

613 4587 836 4684 cientes
867 4588 982 4645 lere
1014 4588 1212 4684 Christi
1242 4589 1431 4663 ipsum
1476 4593 1632 4664 107
1666 4594 1897 4664 propriis
1926 4595 2201 4665 imponere
2231 4599 2280 4660 D
2305 4587 2484 4684 (Rom.
2509 4587 2628 4676 vui,
2657 4609 2768 4682 ss).
2801 4609 2938 4676 Quid
2961 4587 3114 4679 plura
3146 4610 3211 4665 de
3243 4610 3329 4665 his
3371 4587 3645 4673 dicimus,
3673 4587 3741 4665 de
3771 4608 3896 4678 quio

614 4679 915 4736 cervicibus
946 4682 1185 4750 gestiunt
1218 4700 1230 4737 :
1272 4691 1330 4739 et
1355 4699 1538 4739 veram
1557 4724 1572 4749 ,
1604 4699 1724 4756 quae
1763 4684 1909 4742 foras
1951 4687 2200 4744 timorem

615 4769 800 4835 mittit,
831 4769 1150 4826 charitatem
1179 4771 1234 4842 (Ι
1257 4773 1417 4828 Joan.
1448 4791 1524 4841 iv,
1556 4775 1642 4845 18)
1669 4784 1726 4831 et
1748 4777 2056 4846 pectoribus
2078 4793 2202 4834 sua-

615 4858 757 4915 viter
791 4861 1053 4926 retinent,
1091 4871 1147 4918 et
1173 4863 1428 4933 operibus
1460 4867 1728 4922 veraciter
1753 4867 2062 4924 ostendunt.
2096 4869 2200 4927 Sed

690 4995 845 5065 ιιι
881 5007 906 5036 ει
949 4993 1086 5051 Edit.
1122 4994 1372 5064 Quercet.
1406 4996 1474 5054 69
1512 5006 1566 5054 et
1614 4999 1701 5054 70.
1727 5000 1908 5057 Canis.
1944 5002 1977 5058 8
2004 5001 2197 5057 collata

616 5081 738 5142 cuni
759 5066 892 5142 ιζοςὶ.Δ
914 5082 1014 5121 ms.
1049 5067 1465 5142 Sa_lisburgensi.
1509 5071 1684 5142 (Apud
1716 5071 1946 5128 Froben.
1974 5088 2060 5142 ep.
2082 5073 2166 5126 75.

688 5137 716 5209 Ρ
755 5137 836 5193 Ad
862 5138 1052 5207 fratres
1101 5137 1490 5209 Lugdunenses.
1519 5137 1729 5196 'ltisula:
1772 5137 2023 5197 Barbara?
2045 5184 2059 5209 ,
2113 5139 2175 5197 ve

615 5206 1020 5263 Athanacenses
1060 5206 1373 5273 monachos,
1402 5211 1465 5264 de
1489 5211 1682 5279 quibus
1721 5214 1828 5267 vid.
1857 5206 2057 5267 Mabill;
2087 5213 2196 5267 An-

617 5279 724 5354 nal.
750 5279 842 5354 lib.
870 5295 997 5334 xxvr
1023 5322 1038 5345 ,
1085 5295 1232 5354 num.
1261 5280 1357 5354 _7-l_.
1384 5279 1545 5354 Caret
1565 5283 1781 5354 quidem
1829 5284 1943 5338 hinc
1973 5283 2195 5354 epistola

620 5349 673 5402 in
697 5351 881 5405 codice
906 5367 1008 5405 ms.
1052 5351 1198 5404 omni
1235 5351 1410 5415 titulo,
1443 5352 1518 5405 ait
1553 5349 1801 5407 C’anisius
1821 5393 1838 5419 ,
1866 5369 1931 5408 ex
1979 5349 2197 5409 nomine

620 5426 798 5474 tamen
811 5421 1071 5494 ALaidradi
1093 5422 1328 5494 episcopi
1359 5422 1729 5492 Lugdunensis
1762 5432 1908 5492 patet
1937 5429 2196 5494 scriptam

617 5503 738 5545 esse
760 5492 826 5546 ad
856 5495 1073 5548 eosdem
1102 5492 1317 5548 fratres.

692 5571 713 5598 ε
758 5559 1078 5617 Laidradum
1107 5564 1345 5617 electum.
1375 5563 1475 5632 Qui
1507 5565 1762 5618 nimirum
1789 5564 2023 5619 nondum
2056 5565 2200 5620 ordi-

619 5638 936 5704 natus_erat,
967 5649 1081 5702 qua:
1107 5636 1375 5691 ordinatio
1397 5635 1625 5704 priumm
1651 5635 1820 5689 altero
1846 5635 1913 5689 ab
1939 5636 2200 5691 electione

622 5700 885 5777 annoj99
905 5700 1055 5777 facta
1095 5715 1194 5760 est.
1225 5707 1342 5761 για.
1373 5700 1529 5777 epist.
1564 5706 1820 5776 priorem.

694 5769 722 5810 ἀ
765 5769 1008 5844 Symbolo
1037 5776 1303 5830 catholij
1349 5769 1496 5844 ﬁdei.
1530 5769 1776 5831 Canisius
1804 5778 1917 5831 haec
1937 5785 1992 5831 et
2020 5777 2204 5832 subse-

623 5842 841 5919 quentia
881 5845 1043 5900 verba
1072 5842 1454 5917 interpretatur
1501 5847 1565 5904 de
1593 5847 1866 5905 additione
1894 5848 2078 5906 vocis:
2108 5846 2205 5904 Fi-

2301 4703 2403 4758 bus
2430 4701 2757 4756 sufﬁcienter
2785 4699 2986 4755 dictum
3031 4700 3277 4765 habetis;
3319 4699 3425 4754 nisi
3449 4698 3595 4768 quod
3620 4698 3714 4768 qui
3740 4698 3900 4753 illum

2303 4793 2611 4862 adoptivum
2652 4791 2760 4845 Deo
2799 4789 2948 4844 Patri
2980 4805 3100 4845 esse
3133 4791 3326 4856 credit,
3352 4805 3451 4861 per
3478 4789 3624 4850 ilhm
3655 4789 3770 4846 Deo
3796 4789 3905 4846 Pa-

2303 4885 2372 4938 tri
2404 4884 2685 4953 adoptivus
2705 4896 2825 4938 esse
2853 4896 2960 4936 non
2985 4880 3262 4936 creditur?

2303 5015 2492 5087 lioque,
2520 5017 2584 5071 de
2608 5032 2713 5086 qua
2744 5027 2871 5073 tunc
2898 5017 3160 5086 temporis
3203 5016 3623 5087 disceptabatur.
3653 5016 3786 5073 Mihi
3815 5027 3898 5077 ta-

2303 5101 2424 5160 men
2450 5088 2808 5143 verosimilius
2827 5087 3039 5160 videtur
3071 5088 3358 5160 Alcuinum
3384 5089 3473 5144 hic
3497 5089 3669 5160 solum
3698 5088 3911 5160 Hispo-

2302 5158 2407 5210 nici
2433 5160 2625 5229 erroris
2657 5167 2827 5229 sectas
2863 5158 3294 5229 reprobaturum,
3322 5159 3529 5213 hortari
3565 5158 3899 5229 Lugdunen-

2301 5241 2408 5290 ses,
2432 5242 2501 5281 ne
2521 5227 2774 5299 Symbolo
2810 5227 2947 5284 nova
2979 5230 3196 5284 nomina
3228 5228 3456 5299 adoptivi
3482 5269 3498 5293 ,
3555 5227 3904 5299 nuncupatiei

2301 5299 2520 5360 addant,
2547 5297 2638 5350 aut
2667 5297 2934 5354 inauditas
2967 5299 3284 5354 traditiones
3307 5297 3371 5353 de
3395 5300 3508 5354 sale
3531 5300 3585 5352 in
3620 5297 3905 5352 sacriﬁcio

2303 5368 2628 5432 adhibendo,
2661 5367 2724 5422 de
2749 5370 3040 5424 emissione
3079 5371 3234 5424 trina:
3265 5369 3649 5435 immersionis,
3680 5376 3815 5434 etc.,
3841 5368 3904 5423 in

2305 5453 2459 5492 usum
2488 5438 2775 5493 deducant.

2378 5521 2404 5580 7°,
2441 5507 2524 5580 Ea:
2553 5512 2862 5580 auctoritate
2903 5509 3166 5580 synodali.
3193 5510 3273 5564 Ex
3315 5511 3452 5565 actis
3479 5510 3738 5564 nimirum
3765 5524 3906 5564 con-

2304 5578 2410 5632 cilii
2441 5576 2948 5650 Francofordiensis’
2983 5581 3107 5634 anui
3141 5580 3243 5634 794
3273 5581 3355 5636 vel
3414 5581 3663 5636 fortassis
3691 5581 3906 5650 Aquis-

2305 5648 2585 5772 iranensis
2618 5650 2741 5703 anni
2771 5649 2890 5704 799.
2925 5650 3023 5705 Cui
3052 5659 3233 5705 tamen
3264 5653 3479 5706 obstare
3502 5652 3718 5706 videtur
3749 5648 3907 5721 quod

2352 5719 2606 5772 aidradus
2631 5720 2718 5772 hic
2739 5719 2924 5772 electus
2944 5728 3190 5772 vocetur.
3216 5723 3307 5772 aui
3334 5724 3436 5772 hoc
3474 5736 3616 5772 anno
3647 5722 3753 5772 iam
3779 5722 3907 5772 fue-

2352 5719 2606 5792 aidradus
2631 5720 2718 5774 hic
2739 5719 2924 5776 electus
2944 5728 3190 5789 vocetur,
3216 5723 3307 5792 qui
3333 5724 3436 5778 hoc
3474 5736 3616 5778 anno
3639 5722 3753 5792 jam
3769 5719 3909 5778 Tuo-

2308 5797 2391 5844 rat
2412 5789 2779 5848 conﬁrmatus.
