4056 6328
199 323 313 385 289

1626 308 2005 370 ΕΡῙΞΤΟΙΑΕ.

3364 319 3472 378 290

271 431 590 494 Audivimus
625 443 842 504 quoque
888 428 1098 502 aliquos
1136 428 1192 485 ir
1225 427 1330 487 illis
1359 426 1602 500 partibus
1641 425 1786 482 aﬁir-
1807 429 1862 492 Α
1886 425 2030 482 dam.
2056 423 2284 482 Videtur
2307 425 2451 482 enim
2473 425 2761 498 Apostolus
2780 426 2908 483 huic
2941 426 3304 488 observationi
3349 450 3470 494 esse

205 544 371 595 mare,
401 525 570 582 salem
595 537 716 580 esse
739 523 794 579 in
821 521 1153 579 sacriﬁcium
1177 520 1420 591 corporis
1444 519 1649 575 Christi
1669 518 1793 573 mit-

205 619 441 678 tendum.
470 631 496 659 ι
526 615 701 684 Quam
734 614 1181 671 consuetudinem
1219 627 1319 668 nec
1355 609 1678 668 universalis
1697 610 1794 665 ob-

202 718 381 768 servat
401 707 662 774 Ecclesia,
691 720 790 762 nec
810 705 1058 760 Romana
1084 705 1317 761 custodit
1331 703 1644 760 auctoritas.
1665 701 1791 757 Tres

202 811 337 866 sunt,
356 801 512 874 juxta
533 799 837 871 apostolum
857 796 1141 864 Joannem,
1157 798 1246 869 qui
1267 796 1620 852 testimonium
1640 795 1786 862 dant,

200 895 412 967 spiritus
449 893 542 968 (et)
568 910 706 965 aqua
726 901 774 948 et
818 891 1032 962 sanguis
1058 889 1112 963 (I
1131 890 1292 946 Joan.
1317 907 1372 955 v,
1395 888 1473 960 8).
1499 888 1626 944 Tria
1665 894 1792 944 sunt

203 1003 320 1061 qua:
342 987 400 1043 in
447 985 717 1042 sacriﬁcio
761 982 922 1052 hujus
976 981 1270 1039 testimonii
1315 979 1587 1037 offerenda
1627 986 1786 1036 sunt:

196 1080 370 1154 mnis,
395 1088 450 1136 et
473 1094 613 1150 aqua
638 1085 694 1134 et
726 1077 935 1132 vinum.
959 1074 1114 1132 Sicut
1138 1074 1283 1131 enim
1305 1073 1528 1144 spiritus
1551 1070 1790 1126 viviﬁcat

199 1184 394 1242 corpus
414 1169 596 1240 (Joan.
625 1185 700 1234 vi,
731 1165 846 1240 64),
883 1167 957 1222 ita
989 1165 1146 1236 panis
1171 1165 1453 1221 conﬁrmat
1481 1177 1578 1219 cor
1617 1161 1790 1218 homi-

198 1261 304 1318 nis.
333 1259 486 1316 Sicut
513 1259 658 1315 enim
693 1256 955 1330 sanguine
999 1255 1250 1311 liberavit
1290 1270 1389 1310 nos
1413 1252 1678 1317 Christus,
1710 1251 1788 1307 ita

197 1359 255 1410 et
277 1353 404 1408 vino
432 1350 688 1408 laetiﬁcat.
725 1348 859 1404 Item
887 1350 953 1404 de
978 1362 1147 1418 aqua:
1191 1344 1293 1412 Qui
1320 1345 1501 1400 biberit
1537 1361 1601 1399 ea:
1623 1360 1785 1415 aqua,

196 1459 353 1516 quam
380 1458 486 1513 .ego
510 1441 646 1496 dabo
668 1441 736 1505 ei,
768 1457 872 1494 non
917 1439 1053 1493 sitiet
1091 1438 1147 1491 in
1187 1445 1436 1491 aeternum
1477 1435 1660 1508 (Joan.
1709 1450 1785 1502 tv,

202 1534 316 1605 I3).
346 1533 438 1588 Sic
464 1531 622 1605 (Cod.
651 1531 769 1588 Sat.
789 1571 804 1597 ,
832 1528 1060 1602 scilicet]
1081 1537 1138 1584 et
1163 1528 1334 1598 panis,
1380 1528 1472 1598 qui
1514 1527 1569 1582 in
1595 1542 1788 1598 corpus

199 1624 399 1682 Christi
431 1632 802 1688 consecratur,
831 1625 1032 1693 absque
1066 1622 1332 1677 fermento
1377 1620 1540 1676 ullius
1566 1620 1790 1676 alterius

196 1715 527 1781 infectionis,
552 1715 712 1771 debet
729 1729 850 1771 esse
873 1713 1286 1779 mundissimus;
1316 1719 1372 1768 et
1413 1727 1553 1782 aqua
1585 1711 1788 1782 absque

1891 519 2196 576 contrarius
2230 520 2284 574 in
2315 536 2381 576 eo
2425 520 2569 586 loco,
2595 521 2685 576 ubi
2712 521 2818 574 ait:
2847 519 3143 593 ϐοηθερυὶιὶ
3167 525 3305 579 enim
3353 528 3474 584 estis

1889 611 1945 665 in
1976 610 2181 666 Christo
2219 629 2310 678 per
2340 611 2646 683 baptismum
2673 611 2852 683 (Rom.
2883 628 2936 668 VI
2954 653 2968 678 ,
2994 612 3072 685 4).
3097 613 3312 673 Scimus
3329 617 3476 675 enim

1890 699 2186 767 Christum,
2208 702 2334 758 licet
2357 703 2460 759 hoc
2508 703 2899 776 synecdocbice
2936 704 3008 760 sit
3050 705 3474 778 intelligendum,

1890 800 2004 850 tres
2022 794 2140 850 dies
2161 803 2216 850 et
2241 804 2352 851 tres
2372 804 2558 852 noctes
2578 797 2632 851 in
2652 797 2897 868 sepulcro
2915 796 3101 866 fuisse,
3130 801 3245 871 ipso
3263 801 3476 860 dicente

1889 885 1959 940 ad
1979 885 2218 942 Iudaeos:
2261 885 2409 942 Sicut
2431 886 2531 957 fuit
2557 887 2726 942 Jonas
2760 889 2814 942 in
2842 897 3014 944 ventre
3043 891 3142 944 ceti
3177 891 3344 946 tribus
3365 892 3476 948 die-

1889 977 1984 1032 bus
2012 987 2060 1032 et
2081 979 2244 1033 tribus
2276 979 2533 1046 noctibus,
2579 981 2654 1034 sic
2679 981 2774 1035 erit
2823 991 2872 1035 et
2927 980 3100 1037 Filius
3149 983 3375 1040 hominis
3419 985 3477 1042 in

1888 1067 2043 1122 corde
2069 1077 2223 1124 terra:
2249 1069 2416 1123 tribus
2462 1069 2642 1125 diebus
2679 1079 2726 1125 et
2753 1072 2920 1127 tribus
2968 1075 3202 1130 noctibus
3256 1076 3472 1148 (Matth.

1888 1173 1990 1222 xu,
2025 1157 2141 1230 40).
2169 1159 2198 1200 ι»
2225 1158 2456 1214 Possunt
2495 1168 2606 1216 tres
2629 1171 2815 1218 noctes
2864 1173 2976 1220 tres
3024 1166 3351 1233 mersiones,
3400 1167 3478 1239 [et

1889 1256 2000 1305 tres
2019 1249 2156 1322 dies]
2181 1257 2290 1306 tres
2312 1250 2645 1308 elevationes
2691 1253 2992 1330 designare.
3040 1255 3193 1314 Sicut
3227 1257 3476 1317 Christus

1889 1339 2048 1396 tertia
2077 1340 2164 1396 die
2215 1342 2532 1408 resurrexit,
2557 1342 2633 1397 ita
2677 1351 2730 1398 et
2770 1359 2868 1400 nos
2914 1347 3074 1403 tertio
3097 1349 3184 1404 die
3225 1349 3293 1406 de
3331 1350 3478 1408 fonte

1888 1429 2068 1486 vitalis
2092 1430 2292 1487 lavacri
2317 1431 2540 1498 elevati,
2572 1433 2626 1487 in
2649 1433 2888 1489 novitate
2914 1435 3040 1492 vitae
3067 1453 3188 1493 cum
3219 1439 3314 1496 illo
3360 1455 3475 1496 am-

1888 1525 2137 1582 bulemus
2166 1525 2350 1597 (Rom.
2372 1541 2449 1593 vt,
2489 1526 2566 1598 4).
2595 1525 2846 1598 Legimus
2872 1537 2929 1584 et
2963 1530 3019 1585 in
3055 1531 3278 1601 epistola
3305 1534 3477 1590 sancti

1888 1632 2040 1689 papae
2070 1616 2285 1684 Leonis,
2323 1632 2484 1687 quam
2533 1616 2602 1672 de
2625 1618 2894 1688 baptismo
2944 1619 3012 1674 ad
3047 1637 3237 1679 omnes
3283 1623 3480 1682 Sicilia:

1889 1710 2211 1780 conscripsit
2237 1711 2541 1780 episcopos,
2564 1709 2656 1765 ubi
2693 1720 2818 1781 post
2839 1725 3135 1784 congruam
3164 1714 3480 1786 disputatio-

199 1808 343 1864 omni
371 1807 529 1864 sorde
555 1805 864 1876 purissima,
891 1813 945 1860 et
969 1803 1152 1858 vinum
1202 1804 1405 1874 absque
1442 1803 1587 1860 omni
1637 1817 1784 1859 com-
1813 1795 1861 1859 Β
1887 1801 1972 1856 nis
2008 1802 2228 1869 seriem,
2259 1802 2333 1857 ita
2373 1799 2650 1871 subjunxit
2669 1802 2890 1859 ditxans:
2924 1822 2945 1854 ι
2974 1803 3231 1872 Quamvis
3267 1823 3398 1880 ergo
3423 1816 3481 1866 et

197 1900 452 1959 mistione
501 1899 726 1954 alterius
773 1898 1000 1968 liquoris
1068 1897 1195 1970 [nisi
1245 1895 1420 1969 aquae]
1466 1897 1786 1969 purgatissi-

197 2008 366 2049 mum.
403 1992 572 2064 Igitur
596 2005 737 2061 aqua
764 1990 980 2061 utrique
1004 1989 1306 2044 conveniat.
1341 1989 1421 2043 Ex
1459 2004 1599 2059 aqua
1621 1998 1677 2045 et
1711 1987 1787 2044 fa-

166 2082 316 2138 -rina
353 2082 510 2153 panis
555 2081 618 2136 ﬁt
671 2081 763 2152 qui
813 2088 1162 2137 consecratur
1210 2079 1264 2134 in
1307 2094 1504 2150 corpus
1549 2078 1780 2136 Christi:

197 2192 342 2248 aqua
359 2185 415 2234 et
437 2178 623 2233 vinum
651 2176 707 2231 in
741 2176 1058 2247 sanguinem
1102 2174 1510 2231 consectabitur
1557 2172 1781 2230 Christi.

198 2266 262 2333 Si
290 2269 430 2324 enim
457 2284 596 2339 aqua
619 2275 674 2324 et
697 2267 796 2333 sal,
826 2266 966 2322 sicut
993 2264 1152 2334 hujus
1178 2273 1340 2322 sectae
1375 2265 1561 2321 dicunt
1599 2272 1788 2322 aucto-

194 2373 307 2426 res,
327 2360 489 2416 unius
530 2366 658 2416 sunt
699 2366 942 2423 naturae,
993 2355 1213 2413 infunde
1241 2373 1461 2413 carnem
1514 2363 1788 2412 recentem

192 2467 361 2523 aqua,
383 2461 439 2506 et
467 2452 628 2507 aliam
651 2451 764 2507 sale
789 2465 1114 2522 consperge:
1137 2450 1346 2506 videbis
1373 2453 1513 2517 cito,
1547 2450 1596 2506 si
1624 2465 1784 2506 unam

191 2559 342 2614 aqua
363 2549 418 2597 et
449 2541 526 2597 sal
554 2541 805 2597 habuerit
835 2540 1132 2598 eﬁ‘ectivam
1176 2542 1494 2614 potentiam.
1535 2541 1788 2613 Nunquid

190 2650 328 2692 caro
357 2633 558 2690 Christi
583 2634 910 2704 computruit
931 2634 985 2688 in
1014 2634 1280 2704 sepulcro,
1313 2642 1373 2690 ut
1394 2650 1536 2690 nunc
1563 2635 1675 2691 sale
1707 2635 1790 2690 in-

193 2727 380 2798 digeat
407 2740 605 2797 corpus
634 2723 750 2794 eius
779 2725 835 2780 in
868 2725 1172 2780 sacriﬁcio?
1194 2724 1346 2792 Quod
1383 2725 1567 2796 itaque
1597 2725 1652 2780 in
1707 2740 1792 2782 ve-

194 2817 302 2874 teri
322 2816 442 2888 Iege
465 2815 545 2870 sal
582 2816 892 2886 praecipitur
918 2815 973 2870 in
1003 2815 1238 2872 victimis
1268 2817 1592 2881 habendum,
1622 2816 1790 2887 signi-

195 2906 381 2962 ﬁcatio
404 2914 532 2961 tunc
562 2905 662 2960 fuit
703 2903 899 2962 futura:
927 2905 1006 2960 rei
1034 2905 1396 2978 intelligenda:
1425 2946 1441 2972 ,
1469 2921 1579 2961 non
1603 2907 1790 2962 obser-

195 2995 347 3051 vatio
372 2995 425 3051 in
445 2996 701 3066 praesenti
731 3004 972 3068 tempore
999 2997 1288 3053 habendae:
1324 2997 1463 3054 sicut
1485 2998 1666 3053 omnia
1689 2995 1785 3052 Ju-

1887 1893 1978 1948 illa
2001 1910 2122 1964 quae
2142 1896 2208 1949 ad
2238 1893 2618 1961 humilitatem,
2645 1901 2701 1950 et
2728 1895 2817 1949 illa
2845 1911 2966 1968 quae
3001 1897 3070 1952 ad
3097 1897 3326 1969 gloriam
3353 1915 3480 1971 per-

1886 1987 2058 2042 tinent
2077 1987 2302 2054 Christi,
2332 1989 2386 2044 in
2419 2003 2582 2043 unam
2611 1997 2939 2044 concurrant
2965 1992 3318 2064 eamdemque
3355 2009 3479 2063 per-

1885 2093 2110 2146 sonam;
2142 2089 2421 2153 totumque
2444 2086 2588 2154 quod
2612 2086 2667 2142 in
2691 2086 2783 2143 illo
2809 2087 3028 2145 virtutis
3062 2089 3257 2146 divina:
3297 2099 3381 2147 est
3423 2098 3481 2147 et

1887 2171 2216 2229 inﬁrmitatis
2263 2174 2510 2232 humana:
2556 2178 2624 2233 ad
2646 2187 2844 2235 nostrae
2887 2181 3247 2250 reparationis
3295 2182 3482 2239 tendat

1885 2263 2158 2331 eﬁ‘ectum,
2187 2267 2405 2337 proprie
2427 2275 2608 2325 tamen
2637 2271 2692 2325 in
2717 2278 2892 2326 morte
2915 2271 3182 2338 cruciﬁxi,
3229 2281 3284 2327 ct
3309 2272 3365 2328 in
3387 2288 3476 2328 re-

1887 2357 2222 2412 surrectione
2242 2359 2458 2424 mortui,
2487 2363 2726 2430 potentia
2748 2363 3092 2434 baptismatis
3111 2378 3308 2419 novam
3333 2378 3481 2420 crea-

1891 2453 2068 2502 turam
2092 2450 2276 2504 condit
2299 2466 2364 2507 ex
2387 2463 2604 2509 vetere:
2632 2464 2692 2509 ut
2730 2457 2784 2510 in
2821 2457 3232 2513 renascentibus
3254 2465 3310 2514 et
3336 2472 3484 2516 mors

1890 2538 2093 2595 Christi
2119 2551 2377 2612 operetur
2394 2553 2450 2599 et
2499 2545 2651 2611 vita;
2683 2546 2898 2602 dicente
2943 2549 3104 2604 beato
3153 2547 3319 2606 Paulo
3348 2565 3478 2621 apo-

1889 2629 2062 2685 stolo:
2090 2631 2171 2686 An
2201 2632 2472 2702 ignoratis,
2499 2633 2711 2704 fratres,
2747 2637 2871 2708 quia
2915 2639 3209 2710 quicunque
3233 2639 3483 2710 baptisati

1887 2737 2069 2776 sumus
2093 2721 2148 2775 in
2175 2720 2381 2779 Christo
2401 2724 2564 2792 Iesu,
2595 2727 2652 2781 in
2695 2737 2860 2782 morte
2888 2729 3052 2799 ipsius
3106 2730 3354 2801 baptizati
3391 2745 3486 2787 sl-

1889 2812 2046 2867 mus?
2073 2813 2359 2885 consepulti
2386 2817 2525 2870 enim
2559 2834 2742 2873 sumus
2773 2835 2891 2874 cum
2925 2819 3017 2875 illo
3042 2837 3137 2890 per
3163 2819 3479 2892 baptismum

1889 2903 1947 2959 in
1972 2914 2192 2960 mortem
2214 2923 2234 2961 :
2263 2918 2321 2961 ut
2343 2910 2601 2979 quomodo
2649 2913 2876 2966 surrexit
2924 2911 3163 2968 Christus
3185 2931 3220 2968 a
3261 2915 3482 2972 mortuis

1886 3012 1981 3067 per
2005 2995 2230 3067 gloriam
2258 2998 2436 3055 Patris
2455 3042 2470 3067 ,
2498 3003 2571 3056 ita
2603 3012 2652 3058 et
2681 3021 2774 3060 nos
2799 3006 2857 3059 in
2903 3005 3127 3061 nouitate
3151 3007 3269 3063 vitae
3292 3008 3481 3063 ambu-

196 3087 372 3144 daicae
395 3086 527 3159 legis
551 3087 838 3153 sacriﬁcia,
867 3104 988 3160 quae
1007 3088 1164 3160 juxta
1192 3089 1508 3159 Apostolum
1541 3090 1594 3145 in
1613 3090 1784 3161 ﬁgura
1889 3087 2074 3143 (emus.
2107 3087 2166 3144 Si
2195 3091 2333 3144 enim
2380 3092 2718 3164 complantati
2749 3096 2878 3166 facti
2921 3113 3102 3152 sumus
3148 3100 3482 3156 similitudini

194 3167 582 3252 contingebant
619 3181 722 3237 illis
749 3181 804 3253 (Ι
830 3180 952 3236 Cor.
979 3198 1044 3246 x,
1079 3180 1188 3251 Η).
1220 3180 1434 3252 Scripta
1460 3189 1586 3237 sunt
1607 3189 1787 3237 autem
1816 3169 1863 3235 C
1892 3179 2077 3234 mortis
2097 3180 2232 3250 ejus,
2263 3181 2422 3236 simul
2445 3192 2494 3237 et
2515 3188 2908 3242 resurrectionis
2927 3189 3142 3255 erimus,
3167 3198 3223 3246 et
3263 3199 3479 3258 caetera,

196 3269 364 3347 [hac]
397 3283 616 3344 propter
642 3289 760 3329 nos.
789 3273 994 3328 Littera
1021 3273 1167 3328 enim
1195 3273 1416 3338 occidit,
1447 3273 1666 3344 spiritus
1695 3289 1791 3328 au-

194 3375 311 3422 tem
325 3363 566 3420 viviﬁcat
581 3363 668 3436 (II
685 3363 807 3419 Cor.
828 3380 912 3429 ιιι,
928 3364 1004 3434 6).
1025 3363 1194 3434 Hujus
1206 3378 1335 3418 vero
1358 3363 1518 3434 108
1540 3363 1792 3420 sacratis-

195 3455 352 3511 simae
396 3454 684 3510 oblationis
735 3455 904 3526 ﬁgura
961 3455 1015 3509 in
1056 3454 1446 3510 Melchisedech
1492 3455 1789 3525 praecessit,

195 3546 293 3618 qui
312 3546 499 3601 vinum
520 3554 576 3601 et
599 3561 792 3616 panem
821 3545 932 3601 Deo
955 3561 1166 3602 summo
1187 3544 1384 3602 oﬁ'erre
1403 3544 1609 3602 solebat
1635 3545 1790 3620 (Gen.

195 3653 318 3703 xiv,
348 3637 466 3710 i8).

269 3730 444 3801 Hujus
469 3744 683 3801 quoque
703 3729 947 3802 mysterii
975 3729 1332 3786 sanctiﬁcatio
1379 3738 1578 3787 nostra:
1603 3731 1796 3789 salutis

194 3823 477 3895 portendit
521 3822 791 3878 eﬁ'ectum.
825 3822 883 3878 In
923 3837 1062 3893 aqua
1100 3837 1232 3878 vero
1267 3823 1496 3895 populus
1548 3823 1796 3898 intelligi-

196 3922 287 3969 tur
314 3913 676 3970 credentium.
728 3911 788 3967 In
815 3912 999 3984 granis
1040 3913 1203 3969 tritici
1245 3914 1386 3969 unde
1431 3913 1604 3992 farina
1633 3914 1797 3972 cilici-

201 4006 289 4060 Ιιιιιἶ
308 4013 375 4060 ut
408 4005 568 4076 panis
595 4004 722 4070 ﬁat,
751 4003 1004 4060 adunatio
1051 4005 1213 4061 totius
1237 4005 1493 4062 Ecclesiae
1543 4006 1794 4078 designa-

196 4103 308 4161 tur,
331 4111 457 4166 quae
487 4095 606 4166 igne
631 4095 800 4151 sancti
825 4093 1060 4165 Spiritus
1081 4095 1135 4150 in
1155 4111 1321 4151 unum
1343 4097 1660 4166 decoquitur
1681 4111 1800 4152 cor-

196 4202 325 4258 pus,
354 4195 414 4241 ut
440 4202 538 4242 suo
568 4186 732 4258 capiti
779 4187 1022 4241 membra
1070 4186 1531 4257 compaginentur.
1581 4185 1714 4240 Item
1744 4185 1800 4239 in

198 4276 360 4347 aquis
382 4291 506 4347 qua:
527 4277 654 4332 vino
691 4276 1007 4344 miscentur,
1048 4277 1242 4350 ﬁgura,
1267 4285 1328 4332 ut
1357 4275 1592 4332 diximus
1611 4316 1625 4341 ,
1672 4292 1800 4347 gen-

197 4369 340 4424 tium
391 4368 724 4440 designatur.
777 4367 836 4422 In
857 4368 984 4423 vino
1030 4377 1212 4424 autem
1250 4366 1470 4439 sanguis
1509 4366 1802 4423 Dominica:

1893 3285 2013 3340 quae
2043 3269 2206 3326 latius
2231 3273 2490 3342 magister
2514 3276 2753 3346 gentium
2779 3277 2846 3332 ad
2875 3280 3361 3337 commendandum
3391 3296 3482 3338 sa-

1891 3370 2228 3416 cramentum
2275 3361 2614 3432 baptismatis
2659 3367 2950 3438 disputavit
2997 3368 3175 3441 (Rom.
3203 3373 3480 3445 γωδ-5).

1894 3451 1961 3506 Et
1986 3461 2208 3523 apparet
2231 3467 2298 3508 ex
2324 3453 2482 3522 hujus
2507 3455 2772 3524 doctrina,
2822 3461 3203 3530 regenerandis
3227 3462 3354 3518 ﬁliis
3377 3464 3478 3519 ho-

1893 3545 2118 3610 minum,
2154 3545 2285 3600 etin
2331 3546 2425 3601 Dei
2451 3547 2592 3604 ﬁlios
2642 3550 2995 3620 adoptandis,
3046 3553 3195 3608 illum
3237 3553 3389 3609 diem
3427 3562 3484 3610 et

1894 3635 2026 3693 illud
2047 3644 2258 3706 tempus
2305 3637 2534 3694 electum
2553 3681 2568 3705 ,
2592 3639 2645 3695 in
2670 3656 2777 3712 quo
2823 3657 2921 3712 per
2946 3642 3348 3700 similitudinem
3373 3643 3484 3700 for-

1895 3744 2147 3798 mamque
2173 3731 2419 3800 mysterii
2464 3745 2527 3786 ea
2555 3748 2674 3802 quae
2713 3742 2973 3802 geruntur
3012 3735 3068 3791 in
3091 3735 3370 3801 membris,
3398 3737 3483 3793 his

1896 3833 2016 3888 qua:
2043 3818 2098 3872 in
2125 3818 2240 3888 ipso
2274 3819 2450 3889 capite
2474 3829 2602 3876 sunt
2627 3830 2797 3893 gesta,
2826 3833 3182 3895 congruerent
3217 3843 3231 3879 :
3271 3825 3399 3882 dum
3426 3826 3482 3882 in

1878 3907 2237 3980 (baptismatis
2263 3910 2446 3980 regula
2487 3918 2543 3966 et
2566 3927 2714 3968 mors
2734 3912 2936 3968 interiit
2957 3911 3113 3986 [Cod.
3140 3913 3256 3971 Sal.
3276 3957 3291 3980 ,
3316 3917 3484 3973 inter-

1895 4001 2065 4074 venit]
2104 4001 2482 4058 interfectione
2527 4005 2756 4074 peccati,
2788 4014 2844 4059 et
2872 4005 3199 4075 sepulturam
3248 4009 3482 4066 triduam

1898 4094 2142 4148 imitatur
2169 4094 2310 4147 trina
2335 4094 2602 4149 demersio
2623 4103 2675 4148 et
2713 4094 2780 4148 ab
2811 4096 2966 4164 aquis
3008 4096 3252 4161 elevatio,
3305 4113 3486 4158 resur-

1899 4184 2074 4255 gentis
2116 4183 2289 4238 instar
2315 4182 2440 4255 [est]
2482 4185 2548 4239 de
2587 4185 2832 4254 sepulcro
2861 4205 2879 4238 ι
2935 4187 3127 4260 (Epist.
3159 4187 3243 4252 16,
3277 4204 3394 4261 cap.
3425 4191 3484 4259 5,

1901 4284 2032 4334 tom.
2063 4275 2174 4332 LIV
2204 4275 2406 4331 Patrol.
2441 4277 2543 4333 col.
2566 4277 2712 4350 697).
2744 4277 2850 4334 Sed
2872 4287 2927 4334 et
2973 4281 3164 4337 beatus
3214 4281 3484 4356 Hierony-

1901 4384 2022 4424 mus
2046 4368 2101 4422 in
2119 4367 2257 4424 libro
2278 4367 2512 4425 secundo
2535 4369 2818 4426 Tractatus
2863 4371 2917 4425 in
2967 4371 3262 4442 Epistolam
3310 4375 3484 4433 sancti

197 4463 477 4536 passionis
501 4462 826 4519 ostenditur.
857 4461 1033 4532 Atque
1062 4462 1160 4528 ita,
1212 4461 1338 4516 dum
1370 4461 1423 4514 in
1445 4459 1799 4516 sacramentis
1822 4532 1861 4536 _
1901 4461 2054 4517 Pauli
2087 4463 2154 4517 ad
2185 4461 2446 4532 Ephesios
2492 4462 2545 4517 in
2589 4463 2922 4532 expositione
2971 4465 3288 4521 sententia:
3334 4465 3483 4523 Unus

197 4532 343 4626 aqua
370 4553 552 4610 tritico
570 4553 652 4609 vel
675 4553 799 4608 vino
826 4553 1106 4619 miscetur,
1141 4552 1312 4608 ﬁdelis
1324 4551 1558 4623 pepulus
1579 4551 1795 4607 Christo
1821 4532 1876 4594 Ῑ)
1899 4552 2057 4619 Deus,
2083 4570 2190 4608 una
2215 4553 2368 4624 ﬁdes,
2399 4571 2560 4608 unum
2586 4555 2875 4626 baptisma:
2904 4573 3038 4611 unus
3089 4557 3230 4612 Deus
3251 4569 3299 4612 et
3328 4558 3486 4616 Pater

199 4646 614 4722 [incorporatur
643 4654 698 4703 et
743 4643 1028 4719 jungitur].
1079 4645 1187 4702 Sed
1215 4645 1282 4700 de
1322 4642 1629 4713 huiusmodi
1663 4643 1796 4716 ﬁgu-

200 4739 514 4796 rationibus
539 4736 845 4808 epistolaris
871 4736 1119 4808 angustia
1145 4737 1237 4792 diu
1265 4750 1352 4791 me
1377 4735 1651 4804 disputare
1671 4748 1798 4804 pro-

200 4829 376 4885 hibet.
407 4827 522 4884 Sed
542 4835 597 4883 et
616 4842 849 4884 canones
885 4825 1336 4900 Carthaginenses
1371 4839 1490 4894 cap.
1521 4823 1592 4878 2t
1616 4825 1682 4880 de
1708 4838 1799 4879 sa-

201 4920 419 4977 criﬁcio
461 4920 707 4992 corporis
727 4926 783 4975 et
829 4919 1106 4990 sanguinis
1155 4917 1397 4974 Domini:
1449 4936 1466 4968 ‹
1498 4915 1643 4972 Nihil
1685 4930 1800 4971 am-

200 5009 352 5085 plius
379 5008 631 5076 oﬁ‘crtur,
661 5025 823 5081 quam
853 5010 966 5080 ipse
993 5009 1252 5066 Dominus
1279 5007 1530 5072 tradidit;
1562 5006 1664 5062 hoc
1691 5013 1796 5072 est,

199 5117 408 5176 panem
427 5102 683 5159 etvinum
700 5118 839 5173 aqua
861 5102 1078 5158 mistum
1109 5123 1127 5154 ι
1154 5098 1377 5173 (Concil.
1411 5097 1662 5168 Carthag.
1688 5097 1796 5169 ιιι).

279 5195 476 5252 Tertia
496 5208 710 5267 quoque
732 5195 886 5250 nobis
907 5193 975 5248 de
1003 5191 1276 5263 Hispania,
1324 5205 1442 5261 qua:
1468 5187 1596 5243 olim
1617 5194 1800 5258 tyran-

197 5303 411 5346 norum
437 5287 620 5342 nutrix
643 5285 762 5353 fuit,
783 5302 928 5342 nunc
945 5301 1076 5341 vero
1101 5283 1584 5347 schismatimrum,
1611 5289 1800 5336 contra

196 5379 583 5437 nniversalem
607 5387 806 5435 sanctae
826 5377 924 5434 Dei
951 5375 1204 5432 Ecclesiae
1228 5373 1667 5430 consuetudinem
1689 5413 1704 5440 ,
1736 5372 1804 5429 de

198 5471 494 5545 baptismo
520 5473 744 5544 quastio
767 5471 943 5527 delata
971 5478 1088 5536 est;
1119 5467 1444 5525 afﬁrmantes
1461 5466 1676 5537 quidam
1705 5465 1806 5520 sub

203 5563 566 5624 invocatione
587 5564 868 5621 Trinitatis
907 5578 1074 5620 unam
1119 5576 1238 5619 esse
1282 5559 1611 5616 mersionem
1647 5573 1809 5630 agen-

291 5689 322 5718 ι
359 5675 613 5748 Basnagii
638 5676 695 5732 in
723 5677 867 5732 hunc
896 5674 1076 5731 locum
1105 5672 1271 5730 crisin
1302 5671 1358 5726 in
1383 5667 1699 5741 praefatione
1725 5683 1809 5724 re-

213 5747 595 5822 probavimus.
1005 5816 1024 5822 _
1330 5821 1335 5822 γ
1380 5811 1393 5822 ι
1413 5811 1427 5822 ι
1503 5811 1514 5822 ,

298 5819 331 5864 ιι
369 5818 602 5878 Possunt
645 5827 748 5877 tres
773 5827 965 5876 noctes.
1005 5816 1245 5889 Ineptam
1289 5821 1344 5871 et
1367 5811 1592 5870 Διοιιίηο
1628 5812 1812 5868 admo-

1894 4646 2152 4711 omm’um,
2178 4647 2266 4715 qui
2294 4662 2450 4716 super
2473 4661 2648 4701 omnes
2683 4657 2731 4701 et
2757 4663 2913 4717 super
2947 4649 3122 4702 omnia
3153 4660 3203 4704 et
3227 4649 3284 4703 in
3318 4651 3486 4705 omni-

1899 4734 1993 4789 bus
2036 4735 2182 4789 nobis
2231 4733 2445 4806 (Ephes.
2495 4752 2567 4798 tv,
2594 4735 2646 4798 5,
2675 4736 2762 4806 6);
2810 4737 2876 4792 de
2900 4737 3040 4792 trina
3089 4739 3358 4796 mersione
3411 4741 3487 4797 ita

1901 4825 2010 4880 ait:
2049 4843 2069 4876 ‹
2110 4824 2169 4880 Si
2188 4825 2354 4890 enim,
2388 4834 2444 4880 ut
2469 4826 2740 4883 aestimant
2761 4827 2970 4895 Ariani,
2994 4829 3137 4885 Deus
3157 4830 3320 4887 Pater
3340 4834 3488 4902 solus

1901 4927 1986 4975 est
2013 4917 2173 4982 Deus,
2229 4919 2420 4973 eadem
2470 4919 2852 4988 consequentia
2889 4919 3036 4976 solus
3086 4922 3190 4976 erit
3228 4923 3488 4981 Dominus

1904 5010 2062 5066 Jesus
2086 5009 2354 5074 Christus,
2378 5017 2433 5064 et
2459 5024 2560 5065 nec
2597 5009 2758 5065 Pater
2797 5012 2903 5066 erit
2945 5013 3220 5081 Dominus,
3269 5029 3371 5072 nec
3397 5015 3482 5074 Fio

1907 5104 2014 5159 lius
2037 5103 2198 5160 Deus.
2229 5103 2337 5159 Sed
2360 5103 2521 5170 absit,
2549 5111 2611 5158 ut
2651 5118 2758 5160 non
2795 5105 2867 5161 sit
2899 5105 2984 5161 vel
3028 5108 3081 5162 in
3123 5108 3488 5166 dominatione

1910 5197 2100 5261 deitas,
2133 5196 2214 5251 vel
2239 5197 2294 5251 in
2332 5196 2532 5252 deitate
2565 5197 2879 5253 dominatio.
2925 5198 3076 5255 Unus
3101 5207 3184 5257 est
3227 5201 3489 5260 Dominus

1910 5296 1966 5344 et
1983 5303 2124 5343 unus
2146 5295 2230 5343 est
2255 5287 2413 5353 Deus,
2441 5288 2568 5358 quia
2588 5288 2766 5344 Patris
2795 5296 2848 5345 et
2876 5289 2996 5345 Filii
3041 5291 3340 5349 dominatio
3379 5309 3486 5350 una

1911 5382 2083 5438 deitas
2109 5389 2213 5436 est.
2245 5379 2534 5451 Propterea
2553 5388 2610 5436 et
2639 5380 2771 5437 ﬁdes
2796 5398 2900 5436 una
2930 5379 3202 5456 [dicitur],
3256 5383 3381 5454 quia
3416 5385 3489 5440 si-

1911 5478 2112 5536 militer
2131 5479 2187 5534 in
2213 5478 2428 5534 Patrem
2451 5486 2505 5533 et
2528 5477 2583 5533 in
2617 5477 2813 5533 Filium
2841 5485 2896 5532 et
2920 5488 2942 5517 ο
2967 5477 3023 5532 in
3050 5477 3310 5548 Spiritum
3331 5494 3488 5537 sanc-

1914 5579 2029 5628 tum
2055 5571 2410 5644 baptizamur,
2441 5577 2495 5626 et
2531 5580 2600 5625 te:
2645 5569 2956 5640 mergimur,
2984 5577 3046 5624 ut
3070 5567 3307 5626 Trinitas
3355 5568 3488 5644 [At.,

1913 5689 2038 5745 dum
2071 5685 2383 5756 injuriosam
2432 5684 2830 5756 adnotationem
2875 5680 3113 5750 ejusdem
3136 5681 3383 5754 Basnagii
3435 5682 3487 5737 in

1913 5753 2882 5834 prmfalionepaucisperstrinximus.
2951 5821 2967 5834 ‘
3322 5753 3331 5754 ί
3454 5821 3485 5834 Δ,

1987 5841 2008 5870 c
2051 5828 2121 5888 Et
2145 5821 2478 5906 in'Spiritum
2514 5834 2771 5881 sanctum.
2802 5821 3001 5900 SuppIe
3037 5838 3104 5884 ex
3130 5823 3290 5912 editis
3315 5821 3489 5881 sancti
