4074 6440
604 330 711 401 ﬁl

1388 366 1399 376 ι
1469 336 1529 390 B.
1569 334 1630 390 F.
1669 332 1895 389 ALBlNi
1932 330 2063 389 seu
2101 320 2375 388 ALCUiNl
2412 330 2693 388 OPERUM
2730 331 2911 387 rans
2946 332 2986 386 ι.

3745 329 3867 388 ΞΗ

606 456 917 532 Trinitatis]
966 462 1131 514 unum
1186 458 1440 527 appareat
1483 458 1902 509 sacramentum.
1968 450 2034 504 Et
2072 464 2179 506 non
2212 448 2257 515 Α
2285 453 2467 524 generi
2505 460 2844 522 peccatorum
2885 454 3023 505 trina
3054 450 3269 506 videtur
3287 450 3490 507 ablutlo
3514 451 3846 507 conventus:

604 548 946 622 baptizatum
970 548 1022 604 in
1049 548 1207 619 109
1230 547 1529 601 nominibus
1550 544 1726 596 Patris
1757 550 1812 597 et
1836 541 1957 596 Filii
1977 550 2031 596 et
2059 540 2180 610 Spi-

527 686 544 696 .
602 642 745 697 ritus
769 641 962 705 sancti,
1020 641 1113 695 sed
1138 638 1191 693 in
1240 646 1346 691 uno
1386 635 1621 701 nomine,
1673 632 1815 703 quod
1867 633 2182 701 intelligitur

604 732 767 795 Boos.
791 730 859 791 Et
882 736 1051 790 miror
1078 742 1181 804 qua
1229 730 1606 801 consequentia
1643 728 1698 783 in
1750 744 1857 784 uno
1897 727 2176 794 vocabulo,

604 826 793 882 eodem
834 832 1032 895 opere,
1064 828 1118 877 et
1142 820 1330 877 eodem
1376 825 1714 875 sacramento
1750 824 1956 873 naturas
1997 818 2178 873 divera

601 915 818 972 citarem
844 911 1025 979 Arius,
1057 910 1419 975 Macedonius,
1450 908 1528 981 [et
1548 908 1864 981 Eunomius]
1903 911 2180 980 suspicem-

602 1008 693 1060 tnr
720 1004 1076 1060 concordante
1106 1000 1204 1074 [in]
1240 1002 1516 1071 impietate
1545 1001 1813 1057 discordia
1836 1041 1851 1067 ,
1875 1007 1929 1056 et
1948 1015 1979 1055 a
2025 1014 2178 1057 crea-

602 1100 724 1149 tura
746 1093 804 1148 in
824 1092 960 1147 Filio
997 1099 1053 1147 et
1085 1092 1139 1145 in
1189 1089 1398 1161 Spiritu
1423 1098 1611 1146 sancto
1650 1102 1925 1147 cmnosum
1973 1086 2179 1147 fontem

601 1192 858 1250 ιειιειιιεε,
891 1183 1133 1240 diversos
1160 1183 1435 1238 haereseon
1469 1182 1669 1238 rivulos
1707 1183 1979 1239 duxerint.
2004 1183 2179 1238 Unum

598 1276 851 1346 baptisma
866 1292 884 1329 :
906 1282 961 1330 et
980 1282 1169 1331 contra
1195 1274 1536 1329 Yaientinum
1555 1273 1715 1341 facit,
1740 1275 1831 1345 qui
1855 1272 1961 1330 duo
1979 1274 2182 1346 baptiss

597 1372 741 1423 inata
762 1378 880 1424 esse
905 1366 1211 1434 contendit;
1238 1372 1293 1423 et
1324 1374 1511 1421 contra
1552 1380 1739 1422 omnes
1770 1367 2075 1433 haereticos,
2120 1373 2181 1421 ut

596 1459 772 1517 sciant
797 1472 858 1515 se
899 1472 1006 1514 non
1052 1458 1254 1515 habere
1305 1456 1569 1527 baptisma
1611 1454 1721 1529 [ΑΙ.
1746 1497 1759 1522 ,
1807 1456 2175 1529 baptismate],

594 1549 693 1607 sed
710 1550 764 1604 in
790 1564 897 1604 una
917 1548 1119 1605 Ghristi
1146 1542 1387 1604 Ecclesia
1415 1546 1619 1602 fontem
1642 1562 1760 1603 esse
1793 1548 2031 1603 vitalem.
2070 1548 2182 1603 Po—-

594 1644 703 1695 lost
729 1648 894 1693 unum
941 1638 1209 1707 baptisma
1238 1644 1294 1691 et
1320 1636 1394 1691 ita
1421 1635 1547 1702 dici,
1577 1637 1721 1707 quod
1751 1638 1878 1693 licet
1917 1647 2002 1694 ter
2045 1640 2178 1709 bap-

592 1730 822 1785 tiaemur
850 1736 1071 1800 propter
1098 1728 1415 1800 mysterium
1443 1726 1754 1795 Trinitatis,
1788 1732 1968 1785 tamen
2012 1742 2177 1785 unum

2282 545 2364 598 vel
2413 550 2632 614 propter
2689 544 2951 615 originale
2981 553 3279 614 peceatum,
3308 545 3451 614 quod
3474 545 3527 598 in
3553 543 3855 602 infantibus

2278 635 2419 690 Valet
2465 636 2529 689 ad
2554 634 2927 703 perditionem,
2987 636 3070 688 vel
3117 643 3335 704 piopter
3362 635 3447 689 illa
3477 649 3597 705 qua:
3642 637 3698 689 in
3727 648 3856 706 pro-

2278 724 2519 781 !ectioris
2571 724 2724 798 [Cod.
2775 727 2913 792 Sal.,
2964 727 3325 800 perfectioris]
3376 729 3555 785 aetatis
3616 728 3855 786 homini-

2276 817 2379 872 bus
2410 816 2706 882 voluntate,
2729 817 2916 882 verbo,
2947 816 3031 871 vel
3058 818 3200 871 facto
3224 819 3509 873 adduntur.

2350 907 2419 963 Ut
2448 920 2575 961 vero
2601 909 2939 979 cognoscatis
2993 909 3155 979 hujus
3202 910 3554 967 sacratissimi
3606 913 3853 983 mysterii

2278 997 2717 1069 Signiﬁcationes,
2747 997 2905 1066 juxta
2938 1006 3246 1055 sanctorum
3285 998 3502 1055 Patrum
3552 1000 3858 1071 intelligen-

2278 1090 2407 1144 tiam
2447 1096 2503 1144 et
2528 1096 2729 1144 statuta
2757 1086 3141 1156 ecclesiastica,
3171 1099 3363 1146 vestrae
3388 1093 3641 1147 charitati
3661 1092 3857 1149 eadem

2279 1186 2611 1235 sacramenta
2640 1181 2902 1234 catholica
2925 1181 3365 1250 interpretatione
3389 1184 3691 1237 ostendam.
3715 1182 3855 1240 Nam

2278 1286 2467 1342 magna
2497 1272 2806 1337 sanctitate,
2833 1279 2888 1326 et
2913 1272 3204 1327 venerabili
3229 1273 3639 1341 signiﬁcatione,
3697 1274 3854 1343 quid-

2279 1367 2406 1435 quid
2432 1367 2487 1421 in
2519 1367 2598 1421 eis
2643 1366 2867 1435 geritur,
2904 1372 3166 1420 statutum
3192 1379 3331 1431 esse,
3381 1367 3652 1421 neminem
3696 1365 3856 1421 dabi-

2278 1465 2394 1511 tare
2446 1457 2524 1512 fas
2557 1472 2676 1512 esse
2704 1458 3050 1513 arbitramur.
3096 1459 3279 1513 Primo
3310 1472 3549 1531 paganus
3598 1461 3856 1515 catechu-

2279 1560 2467 1602 menus
2489 1548 2567 1613 iit,
2592 1548 2852 1602 accedens
2887 1547 2953 1603 ad
2978 1542 3325 1618 baptismum,
3356 1556 3416 1604 ut
3447 1550 3719 1603 renuntiet
3740 1564 3857 1603 ma-

2278 1638 2424 1707 ligno
2459 1639 2670 1709 spiritui
2698 1648 2750 1693 et
2776 1640 3026 1695 omnibus
3051 1641 3324 1696 damnosis
3345 1641 3461 1711 ejus
3486 1641 3718 1711 pompis.
3747 1640 3855 1700 Ex-

2280 1728 2522 1783 sumatur
2542 1730 2727 1793 etiam,
2756 1737 2816 1783 ut
2844 1728 3025 1800 fugato
3038 1730 3269 1796 diabolo,
3298 1729 3515 1785 Christo
3536 1730 3647 1784 Deo
3667 1738 3855 1786 nostro

594 1818 861 1888 baptisma
885 1824 1181 1889 roputetur.
1223 1818 1401 1875 Unum
1425 1833 1637 1889 quoque
1682 1820 1947 1891 baptisma
1990 1830 2076 1877 est
2121 1823 2176 1877 in
2206 1820 2254 1891 β
2278 1826 2499 1888 paretur
2551 1819 2823 1873 introitus.
2886 1819 3255 1884 Exorcizatur,
3306 1819 3359 1873 id
3386 1826 3487 1885 est,
3537 1819 3857 1888 conisi-ater

594 1922 753 1982 aqua,
777 1912 905 1967 etin
925 1913 1119 1982 spiritu
1143 1916 1201 1967 et
1238 1912 1295 1966 in
1323 1912 1482 1983 igne:
1512 1919 1567 1966 et
1610 1912 1677 1968 de
1720 1928 1827 1983 quo
1868 1913 2175 1986 [Dominus]

595 2004 869 2073 loquitur:
898 2003 1169 2074 Baptismo
1216 2003 1382 2057 habeo
1422 2004 1681 2074 baptizari
1736 2003 1887 2075 (Luc.
1913 2022 2011 2073 ιιιι,
2062 2007 2174 2079 50).

593 2094 666 2153 Ει
701 2095 861 2152 alibi:
886 2093 1204 2165 Baptism
1239 2106 1355 2151 mo
1403 2095 1834 2167 Μῆωὺίιιιίηὲι
1879 2095 2075 2167 (Marc.
2121 2112 2175 2164 x,

666 2294 806 2355 Sunt
830 2299 994 2356 etiam
1036 2306 1223 2355 versus
1276 2299 1423 2355 beati
1450 2308 1477 2341 α
1503 2294 1775 2355 Ambrosii
1811 2298 2067 2370 episcopi,
2116 2298 2181 2353 de

592 2388 819 2449 ternarii
856 2388 1113 2464 [numeri]
1132 2388 1451 2447 excellentia
1470 2389 1809 2456 nobilissimi,
1823 2404 1958 2459 quos
1971 2390 2038 2443 ad
2053 2403 2179 2444 con-

591 2480 956 2539 ﬂictationem
987 2483 1145 2540 trina:
1170 2482 1611 2541 mersionishuic
1646 2480 1886 2554 epistola:
1936 2483 2179 2539 inserere

591 2572 812 2648 mn.

662 2706 858 2765 Omnia
880 2700 1027 2764 trina
1047 2708 1228 2778 vigent
1249 2706 1351 2762 sub
1374 2705 1658 2778 majestate
1676 2705 1935 2761 tonantis.

662 2799 822 2867 Tm,
870 2798 1031 2856 Pater
1053 2808 1112 2856 et
1136 2798 1390 2865 Verbum,
1413 2805 1631 2855 sanctus
1690 2813 1905 2871 quoque
1928 2796 2178 2868 Spiritus,

1875 2889 1896 2963 [
1922 2905 2105 2944 unum.

664 2980 830 3038 Trina
864 2981 1117 3038 salutaris
1144 2980 1349 3051 species
1372 2983 1569 3049 crucis,
1605 2998 1711 3038 una
1742 2984 2100 3055 redemptrix.

666 3075 847 3131 Tertia
883 3074 978 3130 lux
1004 3075 1290 3131 Dominum
1318 3084 1644 3132 remeantem
1667 3092 1700 3131 a
1730 3086 1907 3132 morte
1943 3076 2169 3147 recepit.

658 3168 823 3225 Trina
848 3168 964 3224 dies
983 3166 1175 3226 Ionam
1233 3170 1404 3224 tenuit
1433 3169 1533 3225 sub
1556 3169 1768 3226 viscera
1798 3170 1927 3226 ceti.

668 3258 801 3317 Tres
847 3261 1003 3332 pueri
1047 3276 1272 3318 cernere
1317 3260 1388 3335 [F
1390 3271 1521 3330 orte,
1545 3262 1814 3336 cecinere]
1877 3263 2048 3319 Deum
2078 3262 2176 3318 ﬂo-

1612 3352 1825 3426 [grante
1856 3355 2093 3412 camino.

665 3440 772 3500 Ter
798 3441 1035 3499 Sabaoth
1061 3451 1308 3498 sanctum
1328 3443 1569 3501 referens
1601 3445 1909 3502 benedictio
1932 3447 2133 3516 psallitt

662 3531 781 3593 Tn
822 3548 1130 3591 Haemus
1179 3550 1317 3600 aqua
1354 3551 1474 3604 εει,
1506 3551 1593 3592 cm
1642 3552 1843 3594 enim
1877 3553 2045 3593 usus
2077 3553 2174 3593 u-

1244 3612 1251 3618 ’
1886 3629 2091 3702 [natm

663 3715 912 3773 Testibus
936 3716 1036 3791 [et]
1061 3710 1269 3773 stabilis
1285 3725 1500 3774 constat
1524 3718 1698 3774 tribus
1723 3719 1865 3774 actio
1884 3728 2102 3776 cuncta.

665 3809 843 3867 Temo
871 3826 1056 3867 menso
1086 3811 1203 3867 suis
1221 3812 1446 3868 redeunt
1489 3828 1588 3867 sua
1611 3820 1854 3882 tempora
1892 3811 2169 3868 membris.

668 3900 801 3956 Tres
828 3909 952 3958 sunt
997 3909 1203 3970 aetates,
1246 3902 1347 3959 ilos
1369 3910 1425 3959 et
1450 3902 1637 3968 robur,
1658 3918 1800 3973 aegra
1831 3910 2099 3959 senectus.

666 3991 801 4050 Tres
820 3995 1018 4051 moduli
1048 3996 1076 4036 δ
1106 3996 1161 4051 in
1198 3996 1401 4062 causis,
1417 3995 1603 4065 iudex,
1630 3996 1883 4052 defensor
1913 4005 1968 4054 et
1998 4005 2168 4054 actor.

666 4084 802 4143 Tres
835 4088 890 4142 in
918 4088 1061 4144 socia
1092 4087 1309 4158 gradus,
1340 4096 1512 4154 ortus,
1538 4089 1892 4153 transcursio,
1916 4088 2062 4144 ﬁnis.

664 4178 799 4237 Tres
826 4193 974 4250 spem
996 4195 1118 4251 qua
1141 4181 1382 4251 palpent,
1403 4181 1634 4251 requies,
1665 4180 1781 4247 lux,
1809 4180 1979 4252 gloria
2002 4180 2146 4237 vitm.

666 4318 692 4353 ο
731 4308 859 4367 Haec
882 4325 1010 4367 vero
1028 4311 1284 4382 praecipui
1314 4313 1564 4368 doctores
1591 4321 1645 4367 et
1686 4312 2016 4369 sanctissimi
2063 4311 2170 4369 Pa-

592 4409 708 4459 tres
741 4403 898 4458 nobis
918 4403 1250 4473 reliquerunt
1278 4404 1333 4459 in
1364 4405 1475 4460 suis
1503 4407 1811 4461 testimonia
1834 4409 2009 4464 dictis.
2065 4404 2173 4463 No-

593 4492 681 4549 bis
714 4507 843 4549 vero
859 4491 1013 4563 juxta
1040 4495 1361 4564 parvitatem
1414 4497 1664 4565 ingenioli
1713 4501 1883 4554 nostri
1937 4502 2167 4568 videtur,

2281 1909 2545 1979 malignus
2572 1910 2814 1979 spiritus,
2860 1916 3117 1975 utexeat,
3148 1916 3205 1963 et
3239 1910 3474 1974 recedat,
3510 1909 3646 1965 dans
3672 1910 3856 1967 locum

2281 2001 2391 2056 Deo
2419 2000 2610 2073 [vero].
2635 2000 2845 2071 Accipit
2864 2001 3283 2057 catechumenos
3311 2002 3498 2068 salem,
3549 2009 3609 2057 ut
3634 2004 3855 2074 putrida

2279 2100 2334 2149 et
2362 2092 2503 2146 ﬂuxa
2528 2092 2642 2161 ejus
2665 2100 2883 2161 peccata
2909 2093 3183 2161 sapientiae
3209 2093 3341 2158 sale,
3394 2092 3579 2149 divino
3602 2106 3853 2162 munere,

2280 2185 2624 2238 mundentur.
2661 2183 2801 2238 Vera
2832 2184 3024 2237 deinde
3051 2184 3291 2254 Symboli
3309 2184 3585 2254 apostolici
3618 2187 3857 2242 traditur

2279 2274 2330 2328 ei
2355 2273 2504 2339 ﬁdes,
2542 2282 2602 2328 ut
2622 2288 2793 2328 vacua
2839 2276 3031 2329 domus
3070 2284 3125 2330 et
3150 2291 3181 2329 a
3211 2276 3389 2347 prisco
3426 2277 3731 2334 habitatore
3757 2279 3853 2334 de-

2280 2366 2492 2433 relicta,
2548 2367 2655 2422 fide
2681 2375 2907 2421 ornetur
2958 2375 3013 2423 et
3038 2376 3372 2439 praeparetur
3399 2371 3664 2427 habitatio
3717 2372 3851 2428 Deo.

2281 2461 2435 2517 Tunc
2464 2458 2600 2515 ﬁunt
2628 2460 2909 2527 scrutinia,
2961 2470 3027 2519 ut
3059 2463 3370 2531 exploretur
3419 2465 3637 2535 sepius,
3687 2479 3859 2536 qua.

2282 2555 2529 2623 (imiter,
2583 2565 2706 2626 post
2733 2557 3185 2613 monstiationem
3215 2555 3444 2622 Satanas,
3496 2568 3651 2611 sacra
3688 2557 3857 2614 verba

2279 2649 2419 2705 datm
2436 2651 2559 2705 ﬁdei
2582 2651 2840 2706 radicitus
2852 2650 3014 2706 corde
3028 2649 3329 2705 deﬁxerint.
3338 2649 3677 2722 [Tangmitnr
3689 2657 3747 2702 et
3756 2663 3858 2704 Ia-

2280 2758 2388 2809 res,
2420 2749 2480 2798 ut
2499 2743 2733 2812 quandiu
2750 2742 2998 2813 spiritum
3017 2741 3242 2796 naribus
3254 2741 3447 2805 trahat,
3480 2741 3637 2810 no
3664 2740 3723 2794 in
3746 2737 3857 2797 ﬁt

2279 2841 2500 2903 accepta
2527 2828 2827 2904 perduret].
2874 2831 3069 2887 Pectus
3096 2845 3310 2902 quoque
3334 2828 3572 2904 [eodem]
3598 2829 3855 2901 perungi-

2280 2933 2369 2980 tur
2387 2923 2525 2989 oleo,
2569 2932 2630 2979 ut
2666 2924 2821 2995 signo
2864 2931 3065 2979 sanctae
3089 2923 3269 2978 crucis
3308 2921 3522 2977 diabolo
3562 2921 3854 2979 enodatiu-

2280 3018 2573 3086 ingressus.
2614 3015 2909 3087 Signantur
2947 3021 3003 3071 et
3051 3014 3298 3085 scapulae,
3340 3012 3425 3086 [ιιι
3456 3014 3695 3083 undique
3734 3026 3857 3071 mu-

2283 3106 2481 3162 niatur.
2507 3102 2641 3161 item
2674 3105 2729 3159 in
2754 3104 2989 3175 pectoris
3012 3112 3068 3159 et
3100 3101 3353 3175 scapulae]
3376 3104 3629 3161 unctione
3664 3105 3853 3176 sigu-

2201 3178 2249 3251 O
2276 3204 2365 3251 tur
2394 3196 2517 3252 ﬁdei
2547 3196 2792 3260 ﬁrmitas,
2815 3203 2871 3250 et
2891 3206 3113 3266 operum
3141 3196 3405 3250 bonorum
3429 3197 3849 3264 pel-serenata.

2277 3289 2345 3345 Et
2371 3289 2451 3345 sic
2470 3289 2527 3343 in
2547 3289 2767 3344 nomine
2793 3296 2995 3344 senem
3017 3287 3298 3343 Trinitatis
3315 3288 3457 3343 trina
3480 3290 3852 3347 submersione

2275 3382 2602 3452 baptizatur.
2629 3374 2699 3437 Et
2723 3390 2870 3436 recte
2892 3381 3075 3447 homo,
3099 3381 3191 3450 qui
3222 3381 3290 3436 ad
3330 3381 3622 3453 imaginem
3650 3392 3855 3440 sam

2277 3472 2560 3529 Trinitatis
2601 3471 2849 3528 conditus
2883 3480 2989 3537 est,
3044 3486 3141 3542 per
3200 3470 3595 3529 invocationem
3653 3484 3855 3533 sancte

2276 3562 2561 3618 Trinitatis
2600 3562 2669 3617 ad
2698 3562 2942 3617 eamdem
2991 3569 3274 3617 revocatur
3300 3562 3611 3635 imaginem.
3666 3565 3737 3619 Et
3762 3568 3854 3636 qui

2275 3653 2437 3708 tertio
2476 3652 2646 3720 gradu
2691 3652 2924 3722 peccati,
2970 3651 3024 3707 id
3062 3659 3164 3718 est,
3201 3652 3516 3721 operatione
3564 3651 3762 3711 cecidit
3796 3657 3854 3712 in

2274 3751 2529 3809 mortem,
2559 3744 2722 3798 tertio
2749 3742 2990 3797 elemtus
3011 3743 3079 3798 de
3096 3742 3246 3799 fonte
3267 3756 3368 3814 per
3408 3745 3641 3816 gratiam
3668 3761 3850 3803 resur-

2272 3844 2365 3909 gat
2396 3839 2465 3893 ad
2494 3839 2680 3892 vitam.
2711 3836 2863 3892 Tunc
2887 3835 3025 3892 albis
3050 3837 3293 3893 induitur
3323 3837 3687 3906 vestimentis,
3720 3854 3857 3910 pn-

2273 3936 2395 3999 pter
2424 3930 2677 3999 gaudium
2708 3928 3152 3999 regeneratioms,
3211 3936 3265 3984 et
3286 3930 3596 3985 castitatem
3629 3932 3775 3998 vitae,
3798 3936 3858 3988 et

2273 4017 2499 4089 angelici
2529 4016 2830 4089 splendoris
2863 4020 3135 4075 decorem.
3187 4019 3339 4075 Tune
3367 4034 3525 4076 sacro
3556 4022 3856 4082 chrismate

2272 4119 2434 4181 caput
2454 4112 2792 4181 perungitur,
2815 4119 2871 4167 et
2896 4112 3123 4183 mystico
3147 4112 3347 4183 tegitur
3365 4111 3651 4180 velamine,
3682 4123 3747 4170 ut
3762 4115 3853 4171 in-

2272 4203 2477 4273 telligat
2506 4217 2564 4257 se
2592 4204 2657 4258 de
2684 4206 2987 4267 anathema,
3040 4204 3188 4275 regni
3224 4211 3280 4260 et
3301 4204 3589 4260 sacerdotii
3618 4204 3855 4277 dignita-

2273 4306 2383 4352 tem
2416 4304 2652 4367 portare,
2678 4296 2836 4367 juxta
2874 4297 3187 4368 Apostolum
3217 4316 3230 4353 :
3280 4292 3380 4352 Vos
3406 4298 3529 4353 estis
3571 4312 3736 4369 genus
3770 4316 3856 4356 re-

2274 4392 2409 4463 gale,
2440 4392 2711 4461 offerentes
2737 4392 3063 4461 vosmetipsos
3093 4390 3201 4444 Deo
3228 4391 3337 4445 υὲιιο
3359 4391 3582 4445 hostiam
3611 4401 3850 4446 sanctam

2272 4492 2322 4538 et
2350 4484 2456 4538 Deo
2480 4483 2767 4554 placentem
2805 4482 2860 4553 (1
2890 4482 3035 4536 Petr.
3073 4496 3133 4546 ιι,
3167 4482 3237 4547 9;
3264 4492 3311 4535 et
3339 4479 3492 4535 Rom.
3515 4495 3613 4547 xu,
3646 4483 3723 4554 i).
3757 4483 3853 4539 Sic

594 4590 658 4641 ut
682 4584 823 4641 sicut
865 4586 1091 4641 interior
1116 4586 1279 4641 homo
1321 4587 1375 4641 in
1403 4586 1506 4642 ﬁde
1535 4596 1734 4644 sancire
1780 4589 2066 4648 Trinitatis
2101 4594 2170 4648 ad

2275 4590 2496 4646 corpore
2533 4585 2587 4630 et
2609 4576 2866 4645 sanguine
2910 4574 3188 4630 Dominico
3216 4575 3584 4639 conﬁrmatur,
3614 4582 3683 4628 ut
3706 4573 3853 4629 illius

590 4674 885 4747 imaginem
914 4675 997 4732 sui
1031 4674 1325 4733 conditoris
1350 4674 1725 4735 reformandus
1750 4689 1857 4747 est,
1890 4684 1965 4737 ita
1988 4691 2043 4737 et
2076 4692 2169 4738 et-

593 4768 767 4826 terior
790 4768 930 4823 trina
990 4770 1258 4824 mersione
1301 4769 1593 4827 abiuendus
1622 4786 1780 4827 esse:
1814 4781 1874 4826 ut
1912 4775 2055 4843 quod
2086 4775 2170 4829 in-

594 4854 879 4917 visibiliter
900 4859 1136 4931 Spiritus
1159 4868 1416 4933 operatur
1435 4863 1488 4917 in
1517 4864 1718 4930 anima,
1757 4860 1860 4921 hoc
1888 4864 2171 4923 visibiliter

596 4946 849 5008 sacerdos
868 4951 1115 5008 imitetur
1139 4953 1195 5007 in
1219 4967 1379 5023 aqua.
1432 4948 1565 5008 Nam
1594 4954 1859 5027 originale
1889 4965 2168 5027 peccatum

596 5042 771 5098 tribus
811 5040 985 5098 modis
1018 5050 1196 5099 actum
1223 5052 1306 5101 est
1332 5063 1345 5098 :
1371 5045 1744 5113 delectatione,
1790 5062 2077 5113 consensu,
2117 5057 2171 5103 et

594 5138 778 5205 opere.
819 5133 1004 5205 itaque
1053 5140 1109 5191 et
1143 5146 1301 5193 omne
1347 5144 1627 5209 peccatum
1680 5146 1775 5192 aut
1825 5139 2169 5210 cogitatione,

598 5232 692 5281 aut
718 5225 1004 5296 locutione,
1046 5232 1139 5283 aut
1174 5226 1486 5299 operatione
1527 5227 1773 5284 eiilcitur.
1819 5229 1949 5285 Ideo
1976 5230 2169 5301 triplici

598 5379 942 5455 Hieronymi:
968 5383 1243 5455 credimus.
1305 5382 1372 5436 Et
1402 5383 1686 5455 Διιιιιίιξιιιιιι
1737 5398 1899 5455 unum
1924 5400 1950 5455 ξ
1991 5382 2170 5455 eodem

599 5454 736 5508 enim
762 5450 915 5507 niodo
937 5462 985 5507 et
1011 5454 1065 5506 in
1095 5453 1300 5506 Patrem
1325 5461 1372 5506 et
1394 5452 1450 5506 in
1480 5450 1526 5504 F
1530 5450 1677 5505 ilium
1699 5461 1747 5505 et
1804 5452 1860 5506 in
1912 5452 2175 5522 Spiritum

600 5532 834 5577 sanctum
849 5522 1190 5587 baptizamur.

673 5604 700 5632 α
740 5592 992 5646 Ambrosii
1024 5593 1265 5662 episcopi.
1284 5590 1689 5644 Mediolanensis
1714 5606 1777 5644 an
1803 5590 2175 5656 Alexandrini,

602 5660 885 5717 incertum.
900 5660 1235 5730 luter’Opera
1248 5661 1654 5715 Mediolancnsis
1670 5663 1749 5713 isii
1774 5677 1963 5715 versus
1980 5678 2084 5715 non
2104 5662 2179 5717 le-

659 5739 817 5785 tntur.
834 5730 1220 5787 Alexandrinus
1233 5740 1368 5786 teste
1391 5736 1545 5785 beato
1562 5731 1881 5802 Hieronymo
1895 5732 1960 5802 de
1976 5731 2174 5802 Script.

632 5802 1039 5858 Ecclevoiumcn
1065 5803 1351 5859 multorum
1380 5817 1626 5856 versuum
1650 5800 1881 5871 scripsit.
1924 5800 2102 5856 CAMS.

2274 4668 2347 4724 sit
2387 4668 2706 4732 membrum,
2762 4666 2851 4735 qui
2888 4678 2988 4735 pro
3019 4680 3084 4722 eo
3108 4678 3298 4734 passus
3328 4672 3411 4719 est
3440 4673 3495 4718 et
3523 4665 3845 4720 resurrexit.

2274 4757 2573 4812 Novissime
2626 4768 2725 4826 per
2754 4756 3146 4825 impositionem
3206 4770 3396 4810 manus
3423 4771 3455 4810 a
3483 4770 3694 4812 summo
3755 4770 3854 4813 sa-

2273 4849 2491 4905 cerdote
2513 4846 2845 4917 septifOrmis
2877 4847 3064 4918 gratiae
3104 4847 3364 4917 Spiritum
3409 4847 3627 4917 accipit,
3670 4854 3735 4903 ιιι
3758 4861 3855 4905 ro-

2272 4945 2493 4999 borctur
2546 4954 2644 5009 per
2703 4939 2961 5008 Spiritum
3028 4945 3273 4993 sanctum
3326 4938 3392 4993 ad
3446 4938 3850 5008 praedicandum

2272 5035 2410 5099 aliis,
2448 5034 2540 5103 qui
2572 5031 2672 5087 fuit
2698 5032 2754 5086 in
2789 5032 3057 5102 baptismo
3078 5046 3175 5101 per
3202 5032 3430 5102 gratiam
3456 5031 3581 5087 vitae
3609 5032 3847 5089 donatus

2273 5136 2508 5184 :etcmte.

2343 5217 2546 5273 Videtis
2581 5231 2740 5285 quam
2779 5215 3025 5283 ﬁdeliter,
3065 5218 3526 5274 rationabiliteret
3548 5220 3851 5291 prudenter

2346 5375 2375 5446 β
2412 5373 2570 5446 Can.,
2590 5372 2769 5446 medii,
2795 5380 2855 5426 ut
2879 5373 3017 5443 apud
3050 5373 3328 5446 Sidonium
3355 5375 3451 5431 lib.
3480 5392 3541 5442 ιι,
3572 5376 3737 5446 epist.
3766 5376 3794 5430 1
3825 5391 3846 5433 :

2282 5443 2604 5517 «Quidquid
2642 5446 2961 5513 sperandum
2987 5456 3092 5512 est,
3117 5445 3229 5500 iieri
3259 5454 3310 5501 te
3330 5447 3588 5513 medio,tc
3606 5443 3851 5517 'prmSulo

2276 5515 2545 5641 plklctcltl'rr;
2573 5604 2684 5642 vero
2704 5587 2951 5658 prmcipui
2983 5587 3234 5643 doctores.
3269 5586 3351 5642 Ab
3385 5588 3470 5643 bis
3492 5586 3669 5641 verbis
3709 5588 3850 5643 inci-

2276 5660 2354 5731 pit
2382 5659 2601 5727 rpistoia
2632 5657 2719 5712 ’ῖοέ
2762 5657 2903 5731 Emit.
2950 5659 3200 5731 Quercct.
3256 5673 3373 5731 quae
3422 5659 3721 5731 membrum
3765 5666 3849 5715 est

2280 5726 2494 5798 prioris,
2522 5744 2642 5783 cum
2669 5743 2729 5783 ea
2756 5729 3190 5796 continuandum,
3218 5726 3353 5784 ut'in
3383 5728 3500 5784 cod.
3538 5726 3736 5783 Saiisb.
