4056 6328
177 365 278 434 993

1587 355 1966 416 EPISTOLrE.

3318 357 3424 416 294

173 491 283 546 hzec
335 482 516 538 omnia
555 477 749 533 tradita
796 483 921 532 sunt
965 473 1121 530 nobis
1172 473 1526 530 observanda.
1583 473 1751 528 Nemo
1785 479 1824 538 Α
1856 475 2084 544 deposco
2113 490 2126 528 :
2152 473 2276 545 quia
2305 475 2380 530 illi
2419 491 2596 530 meam
2639 475 2961 546 parvitatem
3000 473 3067 532 de
3125 473 3428 547 hujusmodi

175 575 467 636 catholicus
494 579 679 629 contra
727 569 979 624 Ecclesia}
1024 569 1423 633 auctoritatem,
1469 583 1628 621 nemo
1663 583 1750 622 so-

173 671 320 726 brius
345 675 536 722 contra
571 663 886 718 rationalem
927 659 1390 724 consuetudinem,
1433 677 1590 716 nemo
1621 661 1752 715 lide-

173 759 234 817 lis
269 769 460 816 contra
487 757 705 827 pietatis
745 753 1152 826 intelligentiam
1181 763 1390 810 certare
1426 757 1640 809 audeat.
1683 755 1750 810 Et

175 863 236 912 ne
258 853 642 911 schismaticus
663 849 968 904 inveniatur
996 853 1050 902 et
1077 865 1184 903 non
1212 843 1528 913 catholicus,
1561 864 1751 918 sequa-

175 953 258 1004 tur
277 944 716 1019 probatissimam
749 947 948 997 sanctae
987 939 1242 1024 Romamn
1269 939 1524 994 Ecclesia;
1561 949 1750 994 aucto-

175 1039 388 1095 ritatem
417 1055 431 1091 :
465 1043 526 1092 'ut
553 1037 694 1090 unde
739 1031 1021 1088 Catholicm
1077 1029 1198 1086 ﬁdei
1229 1031 1380 1084 initia
1431 1031 1747 1100 accipimus,

174 1127 292 1188 inde
323 1127 651 1199 exemplaria
710 1121 896 1180 salutis
925 1129 1124 1178 nostrae
1175 1135 1388 1192 semper
1419 1121 1745 1188 habeamus;

172 1239 236 1278 ne
269 1219 517 1277 membra
571 1233 602 1274 a
649 1219 824 1289 capite
879 1224 1196 1286 separentur
1233 1229 1364 1278 suo;
1413 1227 1481 1268 ne
1520 1211 1752 1284 claviger

170 1317 334 1387 regni
358 1311 594 1371 caelestis
650 1309 887 1380 abjiciat,
955 1313 1089 1379 ques
1112 1323 1140 1361 a
1170 1308 1282 1362 suis
1310 1307 1552 1362 deviasse
1597 1305 1753 1362 intel—

167 1407 286 1479 Iigit
318 1401 598 1462 doctrinis.
624 1415 650 1446 α
677 1401 970 1472 Epistulam
1029 1413 1155 1454 vero
1186 1405 1345 1468 quam
1369 1413 1398 1452 a
1429 1399 1588 1452 beato
1613 1397 1750 1453 Gre-

169 1497 321 1570 gorio
362 1498 427 1552 de
467 1489 658 1565 simpla
682 1493 950 1547 mersione
990 1483 1176 1544 dicunt
1203 1495 1321 1542 esse
1362 1489 1747 1557 conscriptam,

167 1591 224 1644 in
253 1585 546 1659 Epistolari
597 1601 693 1640 suo
725 1583 910 1648 Libro,
957 1581 1046 1651 qui
1075 1577 1140 1635 de
1165 1577 1338 1634 Roma
1363 1581 1517 1636 nobis
1547 1579 1741 1635 allatus

168 1681 270 1744 est,
301 1687 408 1733 non
431 1677 760 1740 invenimus;
805 1673 938 1728 alias
969 1689 1095 1727 vero
1131 1687 1318 1726 omnes
1375 1673 1748 1743 perspeximus

1851 567 2235 638 quaestionibus
2267 567 2606 636 interpellare
2632 567 2912 623 curabant.

2359 693 2382 720 ο
2425 681 2756 738 EPISTOLA
2792 683 2926 740 XCI.

2451 790 2519 827 AD
2557 790 2826 830 ARNONEH.

2457 865 2646 936 (Anno
2681 866 2837 938 799.)

1853 939 1990 1009 Eum
2019 957 2188 1032 ridere
2213 957 2502 1032 desiderat;
2559 968 2796 1032 temporg
2823 959 3116 1032 periculosa
3156 959 3434 1032 deplorat;

1921 1043 1975 1080 se
2005 1028 2072 1080 ml
2099 1027 2348 1098 palatium
2376 1039 2628 1090 vocatam,
2659 1027 2705 1084 et
2751 1027 2978 1084 Felicem
3006 1049 3038 1084 α
3067 1027 3330 1086 Laidrada
3362 1031 3430 1088 ad

1923 1113 2090 1168 regem
2129 1099 2424 1152 ducendum
2451 1099 2734 1170 signiﬁcat,
2759 1111 2864 1156 etc.

1925 1211 2198 1286 [Aquihe]
2245 1215 2386 1268 inter
2445 1223 2634 1269 omnes
2666 1213 2873 1286 Alpinae
2921 1217 3254 1274 celsitudinis
3305 1187 3458 1278 aves

1853 1299 2170 1359 charissimo
2201 1303 2494 1378 [Albinus]
2526 1305 2777 1360 salutem.

1921 1393 1966 1448 Ο
1995 1395 2040 1449 si
2065 1393 2195 1448 mihi
2217 1395 2493 1451 translatio
2523 1393 2774 1452 ilabacuc
2803 1405 2946 1454 esset
2969 1414 3223 1455 concessa
3257 1399 3322 1456 ad
3345 1409 3398 1455 te
3417 1441 3434 1469 ,

1852 1499 2012 1556 quam
2061 1487 2335 1541 tenacibus
2369 1491 2464 1540 tua
2498 1487 2635 1541 colla
2662 1489 3018 1556 strinxissem,
3047 1507 3080 1544 o
3126 1489 3436 1548 dulcissime

1853 1577 1948 1642 ﬁli,
1981 1577 2344 1646 amplexibus?
2377 1577 2487 1633 Nec
2510 1593 2594 1634 me
2627 1579 2902 1652 longitudo
2930 1579 3144 1656 [testivi]
3173 1583 3280 1640 diei
3325 1583 3435 1640 fes-

1855 1685 1970 1723 sum
1993 1667 2249 1732 efﬁceret,
2278 1670 2406 1738 quin
2435 1669 2613 1725 minus
2653 1679 2954 1740 premerem
2994 1681 3181 1742 pectus
3218 1683 3438 1745 pectore

165 1769 222 1825 in
257 1779 328 1824 “eo
351 1767 533 1832 Libro,
573 1775 730 1836 quem
765 1765 830 1818 ad
876 1759 1286 1818 occidentalium
1323 1763 1556 1830 partium
1581 1761 1752 1816 ecc‘le—
1855 1759 2010 1831 [Cod.
2045 1760 2160 1815 Sal.
2183 1759 2414 1834 pectori]
2437 1801 2450 1826 ,
2503 1777 2564 1816 os
2593 1763 2674 1816 ori
2714 1764 3082 1834 adjungerem,
3113 1765 3280 1820 donec
3329 1767 3440 1822 sin-

167 1863 300 1928 sias,
330 1831 612 1932 pontiﬁces
638 1865 692 1912 et
719 1867 871 1927 reges
893 1853 1202 1923 scripserat.
1227 1851 1349 1906 Ideo
1363 1851 1508 1907 dubii
1540 1867 1746 1918 sumus,
1781 1831 1828 1892 Β
1857 1853 2008 1924 gulos
2035 1853 2278 1922 corporis
2309 1863 2457 1909 artus
2483 1853 2811 1910 dulcissimis
2859 1855 3137 1912 oseularer
3165 1855 3441 1912 salutatio-

165 1961 236 2009 an
277 1953 424 2008 mins
467 1951 558 2017 sit,
607 1963 674 2002 an
723 1947 788 2002 ab
823 1945 1002 2016 aliquo
1029 1942 1188 2012 hujus
1228 1951 1388 1999 secta)
1411 1951 1630 1999 auctore
1655 1945 1754 2000 sub

161 2045 286 2115 aliis
315 2043 534 2099 nomine
557 2041 756 2110 scripta
779 2039 868 2094 sit.

234 2133 320 2193 De
341 2137 718 2193 observatione
743 2145 892 2198 vero,
925 2129 1066 2188 unde
1095 2131 1489 2201 interrogastis,
1527 2129 1756 2186 sanctis—

155 2229 296 2286 simi
349 2229 577 2292 sabbati,
633 2227 774 2296 quod
819 2225 1114 2280 Dominica:
1165 2221 1580 2277 resurrectionis
1615 2219 1755 2276 diem

156 2323 454 2394 p’r‘mcedit,
485 2321 859 2390 dignissimum
911 2303 1066 2372 nobis
1111 2315 1322 2369 videtur
1343 2325 1402 2368 ut
1431 2316 1574 2368 Omni
1596 2331 1757 2368 vene-

153 2415 388 2470 ratione
411 2405 672 2472 habeatur
698 2405 988 2480 jucundus.
1024 2409 1092 2462 Et
1121 2407 1382 2476 quidquid
1424 2407 1542 2462 aliis
1571 2407 1758 2463 diebus

149 2505 206 2560 in
241 2497 810 2574 Quadragcsimallbus
841 2499 1031 2567 epulis,
1098 2513 1193 2552 seu
1231 2497 1418 2552 salutis
1457 2514 1638 2564 causa,
1665 2511 1758 2553 seu

147 2596 500 2654 necessitate
544 2591 780 2662 qualibet
829 2599 1078 2660 cogente,
1139 2589 1396 2644 utendum
1445 2589 1562 2656 ﬁat,
1599 2591 1650 2644 in
1695 2607 1760 2647 eo

147 2685 254 2744 die
275 2701 390 2740 non
424 2683 782 2754 respuendum
806 2699 923 2738 esse
949 2677 1103 2737 nobis
1121 2681 1334 2737 videtur
1355 2683 1573 2753 dignum
1604 2702 1616 2738 :
1651 2700 1756 2739 non

149 2780 236 2835 ad
268 2777 578 2832 satietatem
603 2774 757 2846 gulte,
785 2774 876 2828 scd
909 2775 975 2827 ad
1007 2775 1404 2829 venerationem
1434 2775 1754 2830 sanctitatis.

153 2870 286 2927 Non
319 2869 504 2935 itaque
529 2866 670 2920 Deus
697 2867 906 2918 tantum
933 2865 1157 2933 requirit
1187 2866 1317 2934 quid
1343 2869 1754 2932 manducemus,

157 2964 438 3030 quantum
474 2956 782 3011 considerat
833 2969 935 3023 qua
985 2954 1244 3011 facilitate
1298 2959 1664 3014 abstineamus
1691 2959 1758 3012 ab

162 3049 498 3112 interdictis,
553 3045 636 3100 vel
668 3061 772 3116 qua
814 3039 1074 3101 modestia
1130 3057 1348 3101 utamur
1370 3049 1664 3104 concessis.
1692 3049 1750 3103 ln

161 3139 428 3199 erunibus
453 3137 536 3194 his
566 3147 865 3206 temporum
893 3139 1051 3202 ratio,
1076 3147 1128 3194 et
1153 3137 1374 3194 fraterni
1401 3139 1602 3196 amoris
1631 3155 1758 3196 con-

164 3233 446 3292 venientia
469 3231 798 3287 observauda
831 3233 931 3286 est.
965 3231 1089 3286 Ideo
1125 3231 1410 3285 Dominum
1437 3231 1492 3286 in
1517 3233 1760 3303 Evange-

165 3329 236 3384 lio
267 3325 476 3381 Iudaeis
518 3325 746 3392 legimus
777 3322 997 3388 dixisse,
1053 3323 1182 3376 dum
1233 3321 1298 3378 de
1345 3319 1568 3378 Joannis
1595 3323 1763 3378 absti-

167 3417 378 3479 nentia,
451 3422 506 3468 et
558 3414 622 3470 de
673 3411 756 3468 sui
795 3413 962 3482 ipsius
993 3413 1060 3467 ad
1101 3414 1348 3468 homines
1385 3415 1763 3470 convenientia

169 3507 488 3580 parabolam
537 3520 828 3576 puerorum
871 3505 1150 3573 preposuit
1201 3506 1383 3560 dicens
1414 3521 1428 3560 :
1455 3505 1522 3560 Et
1559 3507 1766 3576 justiﬁ-

171 3611 292 3654 cata
321 3609 398 3654 est
419 3597 678 3668 sapientia
705 3613 738 3649 a
771 3594 897 3664 ﬁliis
929 3597 1038 3649 suis
1065 3595 1278 3667 (Matth.
1309 3607 1384 3662 xl,
1423 3597 1530 3669 i9).
1563 3597 1619 3651 hi
1647 3605 1752 3663 est,

173 3691 267 3746 iilii
303 3688 590 3760 sapientia:
639 3687 943 3756 intelligunt
969 3687 1022 3740 in
1046 3687 1296 3742 omnibus
1347 3689 1510 3742 rebus
1559 3689 1766 3760 ubique

177 3782 504 3838 modestiam
547 3779 940 3844 rationabilem,
994 3787 1050 3833 et
1101 3781 1444 3835 concordiam
1483 3781 1764 3850 paciﬁcans

173 3890 295 3932 esse
316 3873 666 3928 laudabilem.
695 3873 824 3938 Quae
846 3872 1008 3925 etiam
1035 3881 1228 3927 cuncta
1255 3881 1432 3928 vestra
1484 3875 1760 3942 sanctitas,

173 3967 382 4022 fratres
401 3964 727 4030 cbarissimi,
757 3963 813 4017 in
853 3977 1018 4032 opere
1059 3965 1251 4020 melius
1301 3965 1562 4030 agnoscit,
1603 3981 1766 4036 quam

173 4076 274 4116 nos
301 4059 490 4113 verbis
509 4057 754 4128 proferre
771 4057 1066 4112 valeamus.

247 4156 364 4209 Vos
400 4169 532 4208 vero
569 4161 804 4222 emptum
839 4151 1026 4206 salutis
1055 4157 1270 4205 interna
1297 4150 1400 4203 iter
1432 4163 1628 4220 magna
1675 4152 1768 4204 de-

175 4245 400 4300 votione
415 4243 612 4298 mentis
637 4253 692 4296 et
711 4242 952 4310 corporis
977 4243 1236 4310 peragite,
1267 4247 1533 4308 quatenus
1554 4241 1622 4293 ad
1645 4253 1767 4308 per-

177 4344 408 4408 petuam
465 4334 700 4390 cmlestis
733 4333 916 4403 gloriae
955 4347 1208 4388 coronam
1235 4332 1524 4400 pervenire
1567 4341 1772 4385 merea-

176 4428 338 4483 mini.
371 4427 566 4494 Meque
593 4425 646 4478 in
678 4425 878 4479 sanctis
898 4424 1232 4479 orationibus
1279 4423 1492 4488 vestris,
1517 4423 1766 4488 obsecro,

175 4528 236 4576 nt
265 4519 616 4576 familiariter
633 4517 895 4572 habeatis.
927 4515 1152 4570 Multum
1177 4513 1306 4569 valet
1327 4514 1622 4584 deprecatio
1631 4515 1768 4584 justi

175 4611 426 4674 assidua,
477 4607 634 4676 juxta
686 4607 986 4677 apostolum
1037 4604 1296 4659 Jacobum
1341 4604 1480 4676 (Jac.
1529 4619 1580 4667 γ,
1635 4605 1766 4676 i6):

175 4711 390 4774 quanto
415 4699 590 4770 magis
617 4699 908 4752 multorum
950 4695 1216 4750 fratrum?
1259 4695 1400 4750 Deus
1439 4706 1772 4750 secretorum

175 4795 340 4850 testis
366 4793 542 4858 novit,
579 4799 842 4862 quantum
867 4805 962 4845 vos
989 4789 1254 4858 proﬁcere
1275 4790 1328 4844 in
1354 4789 1502 4844 omni
1529 4789 1774 4852 bonitate

178 4886 464 4951 desidero,
497 4885 638 4940 etde
663 4882 822 4952 hujus
847 4881 1194 4936 mortalitatis
1217 4895 1519 4956 terni-imosa
1554 4881 1776 4936 miseria

175 4981 252 5042 ad,
273 4977 610 5036 aeternitatis
639 4976 832 5047 gaudia
867 4975 1094 5030 transire
1110 4975 1386 5030 concedat.

249 5071 284 5113 ιι
328 5069 506 5140 Hujus
531 5083 663 5124 vero
699 5065 938 5136 epistolae
983 5065 1257 5136 exemplar
1286 5063 1565 5128 fratribus,
1601 5065 1693 5135 qui
1717 5065 1772 5119 in

173 5163 368 5222 insula
429 5161 616 5216 Lirina
661 5159 772 5216 Deo
815 5157 1146 5224 deserviunt,
1180 5164 1244 5214 ut
1265 5157 1500 5227 dirigere
1545 5155 1772 5224 faciatis,

254 5341 282 5380 ει
331 5335 782 5418 Ερὶδτοζιιπι-υρνο
807 5376 820 5400 ,
864 5333 1186 5418 οἱο.ῃ1¹εἰιυι“
1237 5331 1492 5418 ullatinus
1531 5331 1778 5418 mutilum

173 5402 436 5468 codicem
459 5405 810 5476 epistularum
834 5404 1004 5459 sancti
1023 5402 1288 5476 Gregorii
1302 5403 1485 5456 habuit
1513 5444 1526 5468 ,
1577 5404 1778 5476 epistog

177 5483 292 5536 lam
321 5473 590 5542 enimﬁte
620 5493 723 5546 qua
767 5478 854 5530 hic
881 5475 1138 5529 Alc-uinus
1167 5473 1384 5527 dubium
1443 5481 1618 5546 movet
1645 5515 1656 5534 ,
1716 5473 1780 5528 ad

177 5550 507 5607 Leandrum
541 5543 740 5616 Hispal.
775 5548 1060 5616 genuinam
1098 5559 1216 5618 esse
1255 5553 1466 5618 constat
1495 5561 1558 5596 ex
1579 5543 1782 5618 Isidoro

177 5621 406 5692 Hispal.
438 5611 666 5692 concilio
690 5611 888 5692 'l'oleta'
913 5637 944 5672 υ
984 5631 1032 5669 tv
1059 5627 1112 5671 et
1153 5615 1356 5670 Joatmc
1385 5614 1627 5668 diacono.
1678 5615 1784 5670 Sed

177 5695 396 5770 “hoc:
419 5691 546 5770 alibi
577 5691 729 5770 plura
755 5691 1018 5770 dicemus.
1095 5758 1108 5770 _
1249 5757 1264 5770 _
1353 5757 1370 5770 Ἰ
1472 5763 1481 5770 Δ
1553 5757 1564 5770 _

259 5777 294 5830 ιτ
343 5762 528 5840 Hujus
578 5757 855 5840 epistolw._
888 5759 1014 5814 Haec
1061 5757 1300 5840 clausula
1339 5757 1488 5840 deest
1526 5757 1616 5840 in.
1661 5757 1780 5840 cod.

181 5835 412 5892 Salisb.
435 5831 444 5833 ἡ
465 5833 540 5888 De
597 5831 954 5888 Lirinensium
1005 5831 1388 5886 monachorum
1433 5831 1648 5887 statutis
1677 5831 1796 5899 agit-

1854 1947 2031 2000 nibus.
2063 1945 2168 2000 Sed
2198 1947 2323 2016 quia
2375 1947 2476 2002 hoc
2504 1957 2724 2017 peccata
2749 1959 2868 2005 mea
2901 1949 3196 2019 impediunt
3216 1994 3230 2018 ,
3283 1959 3344 2007 ut
3383 1955 3438 2008 in

1854 2035 2008 2092 tardo
2033 2051 2262 2107 corpore
2283 2037 2400 2092 ﬁeri
2447 2039 2640 2102 valeat,
2685 2039 2850 2111 [quod
2877 2041 3119 2114 possum]
3151 2043 3440 2098 instantius

1855 2129 2120 2196 efﬁciam,
2187 2145 2421 2199 pennam
2483 2131 2766 2186 charitatis
2811 2132 3114 2202 lacrymoso
3171 2135 3441 2206 intingens

1855 2223 2080 2292 gurgite,
2107 2231 2166 2276 ut
2193 2223 2508 2278 suavissima
2539 2224 2876 2280 salutationis
2919 2225 3083 2280 verba
3131 2228 3442 2285 scribantur

1856 2314 1910 2367 in
1947 2315 2208 2375 chartula,
2237 2323 2296 2368 ut
2345 2329 2444 2384 per
2466 2329 2658 2370 manus
2700 2319 2967 2372 currentis
2987 2319 3211 2373 viatoris
3261 2319 3443 2376 veniat

1857 2405 1924 2458 a‘d
1945 2405 2114 2458 ﬁlium
2145 2405 2427 2460 charitatis
2449 2421 2600 2472 mete,
2625 2407 2823 2475 quiest
2849 2419 3004 2478 pater
3029 2409 3300 2476 meritis,d
3326 2409 3440 2465 fra-

1858 2501 1944 2547 ter
1973 2494 2254 2559 cbaritate,
2285 2495 2428 2550 ﬁlius
2473 2505 2672 2562 aetate;
2712 2506 2773 2551 ut
2815 2511 2901 2553 me
2941 2497 3083 2569 legat
3131 2500 3398 2572 lugentem
3425 2543 3440 2570 ,

1859 2599 2017 2655 quem
2073 2599 2180 2640 non
2217 2587 2406 2656 aspicit
2453 2585 2740 2643 iactantem.
2793 2589 2840 2645 Ο
2881 2587 3017 2645 dura
3062 2591 3256 2647 divisio
3293 2595 3442 2664 gravi

1858 2676 2112 2745 ponderis
2164 2677 2218 2729 iu
2272 2681 2527 2746 corpore!
2579 2693 2615 2734 o
2663 2677 2832 2736 dulcis
2870 2679 3178 2750 conjunctio
3215 2681 3270 2737 in
3308 2683 3442 2741 dile—

1859 2766 2053 2820 ctionis
2075 2767 2398 2822 visceribus!
2429 2783 2464 2822 ο
2498 2779 2624 2824 vera
2667 2769 3002 2839 fraternitas,
3027 2779 3146 2843 quae
3167 2787 3444 2846 nunquam

1859 2859 2132 2926 dividitur,
2155 2865 2275 2930 qlae
2315 2865 2422 2916 non
2454 2863 2632 2918 minus
2659 2863 2714 2919 in
2741 2865 2964 2921 absente
3011 2867 3164 2922 ardet
3190 2881 3352 2937 quam
3387 2869 3444 2925 in

1857 2951 2110 3020 praesenti
2139 2951 2418 3008 clarescit!
2459 2953 2515 3008 in
2568 2955 2686 3020 hac,
2719 2951 2946 3013 obsecro
2971 2999 2986 3025 ,
3037 2959 3222 3014 nostra
3269 2959 3452 3018 tecum

1861 3049 2076 3111 semper
2099 3043 2276 3112 vigeat
2318 3041 2602 3111 memoria,
2625 3053 2686 3100 ut
2709 3045 2972 3118 fragilitas
3017 3053 3202 3105 nostra
3251 3051 3448 3107 vestris

1863 3133 2114 3188 iniciatur
2137 3135 2491 3201 orationibus,
2521 3145 2574 3191 et
2597 3151 2702 3192 non
2726 3139 2946 3194 recedat
2964 3139 3034 3194 'de
3064 3141 3226 3197 corde
3245 3151 3446 3199 nomen

1864 3219 2136 3292 diligentis
2163 3231 2250 3288 te;
2289 3225 2383 3278 sed
2415 3225 2468 3278 in
2495 3225 2710 3282 Christo
2739 3227 2812 3282 sit
2829 3229 3027 3298 unitas,
3041 3229 3158 3287 sine
3182 3245 3288 3302 quo
3301 3223 3448 3292 nulla

1861 3309 2100 3382 pericula
2125 3323 2210 3368 est
2241 3315 2497 3371 charitas.

1940 3397 2096 3475 112
2121 3405 2318 3462 Multas
2359 3407 2620 3466 habemus
2647 3411 2990 3470 curiositaites
3011 3413 3080 3470 de
3113 3413 3218 3472 ﬁde
3261 3417 3449 3476 catho-

1865 3495 1988 3563 lica,
2020 3497 2146 3567 quia
2173 3499 2389 3568 plurimi
2419 3507 2544 3555 sunt
2567 3501 2990 3574 impugnatores.
3021 3503 3145 3561 Ideo
3171 3507 3332 3564 nobis
3351 3521 3446 3566 ne;

1866 3591 2158 3645 cessariuin
2201 3600 2287 3646 est
2313 3593 2604 3648 multorum
2639 3593 2816 3650 auem
2841 3595 3348 3668 intercessibnibus,
3387 3609 3449 3659 ut

1865 3683 2050 3737 multis
2107 3683 2285 3738 divina
2325 3685 2560 3741 donante
2617 3689 2788 3758 gratia
2847 3691 3104 3760 prodesse
3153 3695 3446 3764 possimus.

1866 3773 2130 3844 Ternpora
2155 3775 2282 3830 sunt
2305 3778 2628 3846 periculosa,
2659 3789 2716 3835 et
2739 3781 3014 3839 tribulatio
3043 3797 3204 3854 super
3223 3787 3450 3842 tribula-

1865 3867 2064 3921 tionem
2093 3877 2306 3938 semper
2333 3871 2568 3925 advenit.
2615 3869 2852 3941 Populns
2875 3873 2930 3928 in
2960 3885 3218 3948 egestate,
3245 3879 3450 3950 princi-

1863 3971 1960 4030 pes
1979 3960 2034 4013 in
2059 3959 2265 4027 labore,
2293 3961 2534 4018 Ecclesia
2565 3965 2619 4018 in
2641 3963 3022 4035 soilicitudine,
3054 3971 3362 4028 sacerdotes
3393 3974 3449 4028 in

1863 4049 2118 4118 querelis.
2175 4051 2367 4106 Omnia
2405 4055 2620 4107 turbata
2671 4065 2827 4122 sunt;
2871 4065 3052 4112 tamen
3081 4059 3201 4126 ille,
3249 4063 3448 4132 credo,

1866 4142 2228 4206 miserebitur,
2261 4144 2414 4214 cujus
2439 4145 2810 4201 misericordia
2841 4149 3082 4217 specioSa
3117 4157 3201 4206 est
3227 4153 3283 4207 in
3313 4161 3451 4209 tem-

1864 4243 1996 4310 pore
2025 4233 2414 4301 tribulationis;
2453 4237 2606 4307 cujus
2655 4245 2706 4294 te
2749 4237 2892 4296 laudi
2919 4251 2974 4297 et
2997 4243 3187 4300 honori
3239 4257 3452 4318 semper

1868 4325 2116 4379 insistere
2141 4325 2366 4380 multum
2394 4329 2559 4396 gavisi
2583 4343 2786 4385 sumus.
2815 4331 3008 4389 Reﬂcit
3034 4327 3177 4390 enim
3203 4337 3451 4408 spiritum

1869 4427 2110 4472 nostrum
2141 4419 2455 4495 [Candidus]
2481 4424 2545 4479 de
2568 4425 2814 4498 religiosa
2839 4429 2948 4485 vita
2976 4437 3154 4488 vestra
3173 4474 3187 4500 ,
3211 4433 3326 4490 sive
3356 4435 3451 4492 do-

1800 4535 1852 4603 θ
1871 4524 1982 4603 mo,
2011 4509 2123 4565 sive
2149 4513 2201 4566 in
2231 4513 2444 4570 itinere.
2485 4515 2610 4572 ideo
2635 4531 2742 4574 non
2777 4527 2858 4575 est
2883 4521 3017 4578 mihi
3060 4523 3348 4582 admonere
3375 4525 3454 4584 fa-

1873 4601 2124 4668 cientem,
2141 4619 2242 4658 nec
2259 4603 2416 4672 plena
2437 4607 2677 4676 implere,
2699 4613 2794 4666 sed
2813 4615 3151 4683 congaudere
3167 4617 3449 4687 gaudenti-

1871 4691 1990 4756 bus,
2003 4693 2136 4747 etin
2155 4696 2262 4749 tuis
2271 4696 2598 4765 profectibus
2615 4699 2780 4755 Deum
2800 4701 3040 4759 laudare.
3060 4705 3198 4761 Dum
3241 4709 3446 4778 poteris

1871 4799 2094 4854 operare
2115 4799 2278 4854 opera
2305 4787 2398 4840 Dei
2421 4787 2600 4858 (lacn.
2631 4805 2710 4854 vr,
2735 4791 2826 4862 28)
2863 4811 2875 4845 :
2913 4802 2969 4848 et
2995 4796 3119 4850 dum
3147 4797 3322 4853 lucem
3345 4801 3474 4882 hit-1

1873 4878 2024 4942 beas,
2057 4891 2214 4933 curre
2243 4879 2425 4950 (Joan.
2455 4895 2555 4947 xu,
2575 4881 2688 4956 55),
2713 4885 2883 4940 donec
2909 4890 3192 4955 pervenias
3222 4891 3288 4945 ad
3332 4878 3479 4962 bra-'1

1875 4969 2020 5023 vium
2046 4983 2290 5039 supernae
2311 4971 2838 5046 beatitudinis(Pltil.
2863 4991 2946 5042 ιιι,
2963 4977 3072 5050 id).
3109 4978 3349 5050 [Utinam
3375 4982 3467 5050 ci-j

1877 5065 1983 5120 tius
2005 5063 2413 5134 superveniente
2447 5073 2634 5120 testate
2661 5075 2712 5122 te
2735 5082 3040 5124 mereamur
3071 5071 3270 5126 videre.
3313 5072 3449 5130 Nam

1877 5156 2055 5210 medio
2069 5155 2226 5222 Maio,
2239 5156 2550 5226 perﬁciente
2569 5157 2698 5223 Deo,
2721 5159 2786 5212 ad
2799 5158 3055 5227 palatium
3069 5175 3154 5214 me
3175 5175 3296 5218 esse
3308 5165 3446 5220 arbi-

1881 5331 2114 5388 Ililarius
2139 5334 2467 5390 Arelatensis
2493 5335 2544 5388 in
2572 5335 2692 5390 Vita
2727 5335 2898 5392 sancti
2915 5335 3193 5394 Honorati.

1955 5413 1976 5442 ο
2019 5401 2158 5458 Edit.
2190 5403 2409 5478 iMabill.
2462 5407 2524 5460 i8
2583 5407 2872 5464 maximam
2925 5419 3132 5478 partem
3187 5412 3450 5469 mutilata.

1882 5474 2146 5596 [ntegrum
2173 5477 2360 5596 flauius
2388 5493 2453 5531 ex
2482 5479 2600 5530 cod.
2635 5493 2733 5532 ms.
2771 5474 2966 5534 Salisb.
3001 5479 3178 5552 (Apud
3214 5481 3450 5540 Froben.

1884 5555 2042 5596 emst.
2087 5549 2162 5596 ti.

1905 5563 2042 5596 EDISL.
2087 5563 2162 5596 Η).

1905 5589 1912 5596 ,
1956 5546 2042 5597 ist.
2077 5546 2162 5598 76.
3011 5546 3021 5552 ’
3071 5546 3088 5552 ’

1884 5561 1982 5652 (Ῥεί
2011 5546 2215 5691 Ἑναζέν
2245 5617 2518 5691 gnaritate.
2567 5618 2641 5691 Ita
2670 5620 2828 5672 ctiam
2864 5635 2980 5674 sese
3013 5623 3247 5691 explicat
3274 5625 3458 5680 Aletri-

1886 5702 1994 5764 nus_
2009 5687 2059 5740 in
2078 5688 2231 5764 epist.
2251 5687 2318 5764 9'2
2336 5687 2497 5764 (nunc.
2515 5689 2632 5764 μδ)
2650 5691 2716 5743 ad
2739 5707 2857 5764 eum
2867 5693 3003 5764 dem.
3027 5687 3156 5749 Vide
3175 5711 3294 5764 quae
3313 5697 3378 5752 de
3393 5712 3457 5753 ea

1887 5771 1947 5836 re
1980 5757 2034 5836 in_
2074 5757 2386 5836 praefatione
2421 5757 2674 5836 diximus,
2716 5761 2800 5836 ubi
2822 5757 3284 5836 inquirimusfan
3310 5765 3462 5830 Arno

1887 5827 2096 5885 Alcuini
2123 5829 2292 5885 frater
2317 5831 2614 5886 Germanus
2639 5830 2841 5888 fuerit?
