4056 6328
587 314 695 375 Ξ95

1452 305 1516 362 Β.
1554 305 1618 363 F.
1657 301 1890 360 ALBlNl
1930 298 2063 356 SEU
2101 295 2380 356 ALCUINI
2412 295 2698 356 OPERUM
2733 294 2916 354 PARS
2948 294 2995 351 ῐ.

589 443 723 498 tror,
747 429 1040 488 secundum
1063 426 1206 498 quod
1234 425 1463 482 domnus
1484 439 1584 480 rex
1613 418 1958 478 demandavit
1981 416 2156 472 nobis.
2187 420 2238 478 Δ
2265 423 2437 472 strata
2457 414 2694 486 publica,
2728 428 2848 484 quae
2875 412 3023 470 ducit
3058 413 3125 470 ad
3151 412 3411 484 palatium
3440 413 3539 471 Dei
3563 412 3788 482 Christi.
3807 418 3862 476 in

589 527 705 582 Et'll
732 523 879 580 Felix
904 520 1154 578 novitatis
1177 525 1415 574 assertor
1430 515 1592 570 habet
1617 513 1860 582 juratum
1884 510 2073 564 venire
2102 506 2170 562 ad

591 619 844 676 domnum
868 630 1048 688 regem
1069 613 1330 667 rationem
1359 609 1584 664 reddere
1611 605 1883 662 fideisuaa.
1901 604 2026 659 ideo
2048 601 2168 656 dili-

591 715 804 788 gentius
817 720 968 769 orate
987 725 1082 781 pro
1112 705 1320 778 nobis].
1338 705 1453 775 Ego
1468 719 1598 758 vero
1622 700 1947 757 vernaculus
1973 703 2173 753 sancta:

591 805 689 863 Dei
710 803 966 860 Ecclesia:
989 801 1262 857 vobiscum
1280 806 1426 853 stare
1454 796 1649 859 habeo,
1669 803 1724 848 et
1750 793 1892 863 quod
1924 788 2175 846 sacerdo-

594 907 706 952 tum
719 895 919 952 Christi
939 891 1264 948 unanimitas
1287 888 1460 944 credit
1486 897 1542 942 et
1563 887 1841 957 praedicat,
1861 885 1913 938 in
1943 884 2044 938 hoc
2074 896 2175 952 ego

589 985 796 1051 laboro,
812 993 1008 1040 etcum
1032 981 1165 1037 meis
1187 980 1399 1050 loquor,
1417 987 1578 1048 etpro
1599 977 1724 1032 filiis
1750 983 1948 1032 sanctae
1963 974 2057 1029 Dei
2077 973 2176 1028 Ec-

589 1080 765 1136 clesia:
786 1078 1022 1149 aperiam
1048 1091 1110 1132 os
1144 1089 1349 1137 meum,
1377 1072 1424 1128 si
1453 1071 1541 1126 ille
1569 1070 1813 1141 implebit
1868 1068 1998 1124 illud
2019 1109 2033 1134 ,
2085 1065 2176 1137 qui

589 1172 666 1228 ait
705 1189 720 1226 :
764 1170 918 1242 Aperi
954 1185 1010 1224 os
1072 1176 1219 1220 tuum
1247 1207 1262 1232 ,
1308 1173 1356 1218 et
1397 1180 1489 1234 ego
1538 1161 1761 1233 implebo
1808 1159 1943 1214 illud
1991 1155 2174 1230 (Psal.

588 1277 764 1327 Lux,
813 1259 924 1327 l’l).
979 1258 1303 1314 Desiderans
1352 1255 1548 1310 docere
1601 1253 1745 1307 viam
1818 1249 2070 1314 Domini,
2125 1255 2182 1302 et

587 1355 906 1412 confirmare
958 1353 1257 1408 titubantes
1292 1390 1306 1415 ,
1375 1356 1430 1404 et
1489 1346 1766 1403 exhortari
1825 1352 2067 1409 stantes,
2126 1350 2183 1397 et

586 1447 795 1518 erigere
818 1445 1060 1515 jacentes
1087 1459 1184 1514 per
1203 1457 1330 1497 eum
1359 1448 1415 1497 et
1443 1441 1498 1495 in
1531 1454 1619 1505 eo,
1645 1439 1734 1509 qui
1763 1438 1916 1508 erigit
1945 1435 2100 1490 elisos
2132 1443 2181 1489 et

585 1539 737 1595 solvit
774 1537 1088 1609 compeditos
1129 1533 1302 1604 (Psal.
1350 1548 1508 1598 cxcv,
1547 1531 1597 1595 7,
1633 1529 1709 1602 8).
1738 1529 1996 1584 Dominus
2025 1526 2182 1581 Jesus

585 1638 970 1704 Cbristus,pro
1000 1648 1108 1704 quo
1143 1630 1296 1696 mihi,
1320 1637 1375 1684 et
1403 1643 1502 1699 per
1529 1641 1688 1697 quem
1710 1623 1842 1679 mihi
1875 1636 2054 1677 sermo
2075 1628 2181 1686 est,

584 1738 648 1785 ut
681 1741 805 1784 eum
834 1741 1022 1781 verum
1044 1725 1236 1789 Deum,
1269 1729 1326 1777 et
1348 1737 1536 1777 verum
1569 1719 1763 1774 Filium
1792 1717 1887 1772 Dei
1909 1715 2180 1781 omnibus,

584 1821 891 1879 volentibus
925 1826 980 1874 et
1012 1817 1320 1874 nolentibus
1342 1815 1552 1880 audire,
1590 1820 1874 1867 testamur.

586 1920 621 1984 ι’
658 1934 926 2009 [Libellos
948 1941 1181 1996 nostros,
1215 1946 1352 2003 quos
1381 1930 1409 1969 ι)
1443 1927 1781 1999 Hildegarius
1832 1920 2066 1995 portavit
2110 1917 2178 1974 de

588 2038 777 2084 sancto
798 2025 1052 2090 Martino,
1090 2025 1143 2080 id
1165 2033 1267 2090 est,
1301 2023 1471 2078 sancti
1493 2019 1754 2075 Ambrosii
1776 2018 1838 2072 de
1861 2015 1968 2085 ﬁde
1994 2013 2180 2068 cathoo

586 2117 691 2173 lica
715 2117 783 2172 ad
809 2116 1122 2172 Gratianum
1146 2116 1509 2186 imperatorem
1527 2152 1542 2178 ,
1574 2119 1621 2165 et
1645 2109 1922 2163 Tractatus
1975 2107 2032 2160 in
2059 2120 2182 2175 pro-

587 2209 771 2282 phetas
817 2208 939 2264 Ιοεί
967 2219 1015 2262 et
1038 2209 1228 2273 Amos;
1264 2207 1365 2261 hos
1397 2220 1525 2260 vero
1560 2203 1789 2266 libellos,
1819 2200 1862 2256 si
1885 2200 1939 2254 in
1987 2214 2179 2255 mona-

586 2301 755 2358 sterio
800 2299 1207 2360 remansissent,
1247 2294 1574 2351 omnimodis
1617 2301 1796 2347 tecum
1826 2289 1956 2344 all‘er
2006 2289 2052 2344 si
2097 2302 2182 2343 ve-

587 2391 742 2458 nias;
779 2391 862 2447 sin
891 2398 1094 2455 autem,
1124 2389 1338 2444 remitte
1363 2387 1536 2456 nobis.
1569 2385 1626 2440 Si
1655 2399 1784 2440 vero
1808 2390 2078 2454 portasset
2097 2397 2182 2437 se-

586 2499 734 2549 cum,
759 2483 1026 2546 mittatur,
1069 2487 1130 2535 ut
1179 2479 1389 2543 reddat,
1417 2485 1476 2532 ut
1526 2475 1954 2531 benedictionem
2005 2472 2181 2527 sancti

585 2573 806 2631 Martini
836 2572 1051 2637 habeat,
1075 2571 1203 2641 quia
1233 2571 1301 2626 de
1335 2569 1480 2623 illius
1532 2575 1659 2623 sunt
1701 2564 1938 2621 armario
1960 2605 1975 2630 ,
2018 2579 2183 2634 quem

587 2666 722 2723 nihil
742 2680 839 2736 per
877 2680 977 2720 nos
999 2664 1229 2735 perdere
1253 2670 1524 2732 optamus.
1550 2659 1706 2715 Illum
1748 2673 1879 2714 vero
1899 2656 2181 2728 praefatum

586 2771 817 2828 puerum
844 2755 982 2810 bene
1015 2753 1214 2818 fecisti,
1254 2752 1379 2807 dum
1427 2749 1624 2806 dedisti
1652 2764 1776 2804 eum
1831 2745 2026 2802 saeculo
2071 2760 2185 2800 ser-

588 2846 726 2911 vire,
758 2845 885 2916 quia
909 2845 1144 2900 studium
1170 2843 1553 2899 ecclesiastica:
1606 2841 1732 2895 vitae
1786 2838 1961 2894 noluit
2007 2837 2182 2894 insisti

590 2938 741 3012 [Leg.
764 2937 1036 3008 insistere]
1063 2954 1075 2990 :
1107 2945 1163 2992 et
1191 2918 1300 2998 non
1325 2919 1456 2989 mihi
1508 2932 1766 2988 irascaris
1807 2939 1995 2987 contra
2034 2945 2180 2986 eum.

592 3028 842 3088 Sciebam
891 3028 1041 3083 illum
1078 3026 1221 3083 nolle
1273 3027 1417 3096 quod
1458 3040 1554 3081 vos
1593 3024 1728 3079 velle
1774 3023 2043 3088 sciebam;
2085 3021 2182 3076 sed

591 3121 758 3188 nolui,
789 3129 851 3176 ut
873 3136 972 3191 per
1015 3134 1104 3176 me
1132 3134 1164 3173 a
1210 3126 1264 3174 te
1292 3125 1636 3188 separaretur
1664 3157 1678 3182 ,
1727 3115 1820 3185 qui
1849 3115 1916 3169 ad
1961 3121 2014 3169 te
2048 3128 2176 3168 san-

585 3214 747 3285 guine
774 3211 1106 3284 pertinebat,
1137 3210 1320 3274 timeo,
1355 3224 1462 3264 non
1486 3208 1699 3278 spiritu.
1739 3206 1943 3261 Tamen
1965 3220 2072 3260 non
2094 3211 2180 3260 est

586 3309 978 3380 desperandum
1017 3307 1082 3362 de
1107 3322 1193 3371 eo,
1234 3315 1427 3376 potens
1451 3311 1536 3358 est
1593 3303 1735 3358 Deus
1787 3301 1853 3358 de
1909 3299 2181 3369 lapidibus

587 3399 709 3459 istis
728 3401 992 3457 suscitare
1020 3397 1160 3454 ﬁlios
1191 3397 1424 3453 Abrahae
1455 3395 1671 3466 (Matth.
1703 3411 1785 3459 ιιι,
1814 3392 1892 3463 9).
1924 3389 2176 3458 Benefac,

585 3494 834 3558 obsecro,
862 3503 885 3531 ο
917 3490 1071 3562 Mago
1105 3504 1226 3544 meo
1249 3490 1441 3560 nigro;
1475 3489 1579 3542 erit
1599 3487 1744 3542 enim
1773 3486 1918 3541 utilis
1942 3485 1998 3540 in
2020 3485 2180 3540 domo

587 3584 705 3642 Dei.
767 3584 993 3653 Semper
1043 3581 1327 3636 nobiscum
1381 3579 1514 3645 fuit,
1564 3579 1763 3633 bonam
1833 3576 2025 3631 habuit
2087 3591 2181 3632 vo-

586 3675 852 3732 luntatem
876 3683 932 3729 et
961 3671 1328 3728 humilitatem
1353 3711 1368 3737 ,
1422 3685 1516 3726 seu
1563 3670 1618 3723 in
1645 3668 1868 3724 servitio
1904 3667 2037 3732 Dei,
2086 3681 2181 3723 seu

587 3763 754 3824 etiam
784 3766 838 3820 in
869 3763 1118 3830 lectionis
1138 3761 1346 3826 studio;
1380 3769 1434 3817 et
1457 3760 1718 3832 quidquid
1747 3759 1834 3815 ille
1860 3759 2178 3829 accepisset,

588 3855 678 3914 fac
703 3871 824 3911 eum
852 3854 1044 3926 partiri
1075 3869 1198 3910 cum
1227 3851 1497 3923 plurimis,
1528 3860 1588 3906 ut
1613 3866 1792 3906 sermo
1845 3850 1938 3906 Dei
1969 3856 2182 3905 crescat

587 3947 648 4006 in
680 3948 942 4014 Ecclesia,
971 3947 1057 4003 cui
1087 3946 1200 4002 Deo
1258 3945 1604 4015 dispensante
1651 3943 1913 3999 deservis.
1956 3941 2143 3998 Saluta
2163 3981 2180 4010 ,

586 4042 831 4107 obsecro,
857 4055 1046 4096 omnes
1069 4039 1268 4096 fratres
1299 4048 1518 4095 nostros
1538 4038 1592 4092 in
1620 4052 1755 4108 pace
1785 4045 1840 4093 et
1874 4037 2138 4092 charitate
2160 4076 2176 4103 ,

583 4131 910 4203 Patremque
932 4140 1178 4189 nostrum
1207 4130 1234 4170 ά
1261 4130 1499 4185 Alimum
1519 4130 1850 4202 episcopum,
1874 4138 1928 4184 et
1953 4137 2181 4185 caeteros

585 4224 1003 4282 consacerdotes
1032 4231 1261 4280 vestros.
1297 4221 1530 4278 Hortare
1556 4223 1674 4277 illos
1708 4237 1921 4291 semper
1946 4223 2014 4278 ad
2041 4237 2184 4291 prte—

585 4318 871 4374 dicationis
911 4317 1170 4372 ollicium.
1209 4317 1483 4372 Memento
1533 4318 1661 4372 dum
1696 4328 1720 4356 θ
1754 4316 1978 4386 pallium
2029 4331 2183 4372 acce-

582 4409 710 4481 pisti
733 4407 866 4480 [ab]
900 4408 1195 4478 apostolica
1231 4408 1375 4472 sede,
1408 4410 1584 4479 majus
1611 4417 1662 4465 te
1687 4410 1960 4477 accepisse
2005 4424 2178 4473 onus,

2273 529 2379 584 quo
2403 521 2485 569 est
2529 529 2654 584 pax,
2686 512 2803 568 laus
2829 521 2883 568 et
2909 512 3079 586 gloria
3103 553 3118 578 ,
3169 514 3236 569 ad
3274 529 3438 584 quem
3484 515 3866 586 pervenientes

2272 618 2541 660 memores
2570 613 2745 660 estote
2765 604 2893 658 mei.

2346 694 2633 769 [Kalendis
2674 695 2984 752 Novembris
3036 697 3056 736 τ
3087 695 3390 752 solemnitas
3435 696 3686 755 Omnium
3727 700 3869 760 San-

2275 795 2496 840 ctorum.
2529 786 2691 854 Ecce,
2715 788 3020 844 venerande
3043 787 3205 844 Pater
3224 787 3391 855 Arne,
3421 790 3589 846 habes
3611 792 3867 866 designa-

2275 886 2384 933 tam
2410 879 2802 935 solemnitatem
2829 877 3084 935 Omnium
3123 879 3446 937 Sanctorum
3474 922 3489 949 ,
3544 883 3686 940 sicut
3733 887 3870 942 dixi-

2275 985 2418 1036 mus,
2450 985 2613 1040 quam
2640 973 2894 1027 continue
2921 969 2977 1026 in
3004 980 3187 1027 mente
3218 973 3453 1030 retineas
3478 1016 3493 1041 ,
3545 982 3602 1030 et
3656 992 3872 1048 semper

2276 1077 2374 1133 pro
2413 1064 2783 1120 anniversario
2811 1073 3055 1136 tempore
3089 1065 3267 1122 colere
3296 1083 3404 1123 non
3430 1067 3680 1137 desistas,
3695 1079 3872 1128 atten-

2279 1157 2412 1214 dens
2441 1159 2570 1214 illud
2595 1168 2649 1214 et
2671 1160 2877 1217 intente
2920 1161 3288 1224 considerans,
3322 1164 3577 1232 quoniam
3600 1165 3648 1221 si
3685 1166 3835 1223 Elias
3855 1210 3870 1234 ,

2279 1267 2419 1306 unus
2441 1267 2509 1307 ex
2538 1251 2662 1319 illis,
2681 1253 2734 1307 in
2751 1254 2933 1309 Veteri
2955 1253 3303 1310 Testamento
3330 1256 3578 1312 oratione
3605 1273 3729 1325 sua,
3746 1260 3872 1316 dum

2279 1345 2468 1410 voluit,
2495 1345 2747 1402 claudere
2789 1347 2989 1403 coelum
3021 1347 3194 1418 potuit
3222 1349 3735 1418 praevaricatoribus
3757 1393 3773 1417 ,
3821 1364 3875 1410 et

2281 1438 2493 1507 aperire
2512 1437 2923 1509 conversisUlI
2947 1438 3077 1510 Reg.
3096 1455 3228 1506 xvn,
3251 1450 3301 1494 et
3321 1440 3441 1495 Jac.
3462 1440 3648 1515 v.17),
3671 1455 3875 1515 quanto

2281 1530 2453 1600 magis
2483 1531 2638 1601 113
2673 1530 2871 1586 Omnes
2901 1530 3089 1588 Sancti
3117 1533 3175 1587 in
3195 1532 3345 1589 Novo
3373 1535 3871 1597 Testamento?uhi

2281 1619 2360 1676 eis
2382 1620 2691 1688 specialiter
2718 1629 2771 1675 et
2805 1630 3056 1691 patenter
3079 1623 3258 1679 claves
3283 1625 3437 1696 regni
3469 1625 3680 1682 caelesti
3719 1645 3874 1685 com-

2281 1710 2464 1765 missae
2491 1718 2634 1776 sunt,
2664 1719 2718 1765 et
2739 1710 2988 1767 claudere
3012 1713 3208 1769 coelum
3229 1724 3459 1784 possunt
3488 1717 3877 1788 incredulis,et

2205 1783 2258 1846 Β
2282 1800 2492 1869 aperire
2513 1801 2880 1867 credentibus,
2904 1804 2950 1858 si
2973 1803 3160 1859 intima
3187 1783 3475 1863 dilectione
3510 1783 3879 1868 honorificen—

2278 1900 2369 1948 tur
2393 1893 2734 1956 a'lidelibus,
2767 1904 2824 1950 et
2852 1895 3102 1952 coluntur
3151 1899 3542 1970 glorificatione
3579 1903 3662 1959 eis
3691 1905 3879 1962 condi-

2279 1999 2403 2056 gna.
2428 1982 2581 2051 Quod
2626 1994 2687 2039 ut
2712 1985 2828 2041 ﬁeri
2865 1987 3025 2058 digne
3062 1991 3234 2059 possit
3261 2007 3290 2044 a
3321 1993 3478 2048 nobis
3500 2034 3514 2058 ,
3568 1994 3756 2053 lumen
3791 2012 3880 2054 ve-

2282 2090 2424 2140 rum,
2449 2075 2591 2146 quod
2619 2076 2886 2132 illuminat
2905 2093 3123 2135 omnem
3175 2081 3449 2138 hominem
3493 2084 3677 2154 (Joan.
3709 2104 3750 2154 ι,
3775 2089 3832 2160 9)
3857 2129 3875 2156 ,

2279 2165 2526 2222 Christus
2546 2165 2732 2234 Jesus,
2775 2168 3040 2225 illuminet
3064 2172 3227 2226 corda
3260 2180 3467 2240 nostra,
3504 2185 3560 2230 et
3606 2192 3716 2246 pax
3745 2179 3874 2248 Dei,

2282 2271 2401 2326 qua:
2434 2265 2724 2326 exsuperat
2760 2274 2976 2315 omnem
3015 2275 3238 2317 sensum
3264 2261 3435 2334 (Phil.
3469 2280 3542 2331 IV,
3565 2264 3643 2338 7),
3667 2282 3769 2337 per
3797 2270 3878 2326 in-

2284 2348 2673 2404 tercessionem
2702 2348 2957 2405 Omnium
2997 2349 3325 2408 Sanctorum
3347 2351 3482 2422 ejus,
3516 2358 3789 2414 custodiat
3816 2375 3878 2416 ea

2283 2455 2455 2510 usque
2479 2441 2532 2496 in
2558 2442 2701 2497 diem
2745 2445 3088 2500 aeternitatis.
3133 2446 3285 2503 Hanc
3313 2447 3715 2507 solemnitatem
3757 2468 3880 2508 san-

2283 2531 2581 2588 ctissimam
2606 2534 2777 2590 tribus
2806 2535 2997 2592 diebus
3037 2536 3355 2610 jejunando,
3378 2543 3585 2598 orando
3610 2583 3626 2608 ,
3687 2544 3881 2602 missas

2284 2623 2550 2689 canendo,
2579 2631 2634 2679 et
2665 2625 3038 2699 eleemosynas
3064 2629 3243 2687 dando
3264 2647 3364 2702 pro
3394 2633 3626 2691 invicem
3666 2635 3880 2694 sincera

2287 2714 2570 2772 devotione
2597 2719 3002 2793 prmeedamus]

2790 2834 2816 2874 ε
2840 2832 3179 2892 EPISTOLA
3218 2836 3378 2894 XCII.

2901 2922 2969 2960 AD
3010 2921 3286 2963 ARNONEI.

2683 2993 2860 3065 (Anno
2887 2995 3010 3062 799,
3043 3014 3230 3055 mense
3255 2999 3491 3072 Martio.)

2285 3081 2736 3162 Epistolam_cum
2779 3088 3081 3162 muneribus
3108 3106 3163 3144 se
3183 3092 3481 3162 accepisse;
3527 3109 3589 3148 ac
3625 3111 3683 3149 se
3710 3098 3882 3154 medio

2203 3149 2255 3216 α
2335 3149 2526 3232 ἠιεηδε
2554 3154 2699 3232 Maio
2730 3157 2869 3228 apud
2899 3174 3089 3232 regem,
3123 3177 3225 3232 quo
3247 3149 3407 3216 etiam
3427 3149 3587 3219 Felix
3606 3149 3882 3224 adducet;

2353 3223 2452 3279 dus
2475 3234 2570 3291 est,
2601 3223 2840 3295 futurum
2870 3223 3152 3298 signiﬁcat:

2361 3316 2719 3372 Dilectissimo
2751 3317 2860 3373 filio
2886 3318 3090 3390 Aquilae
3117 3321 3344 3378 Albinus
3371 3323 3624 3380 salutem.

2352 3405 2601 3476 Acceptis
2628 3407 3054 3466 sacerdotalibus
3089 3411 3396 3469 dilectionis
3428 3422 3532 3471 tua:
3562 3418 3885 3476 muneribus

2283 3509 2407 3550 cum
2440 3512 2636 3566 magno
2675 3498 2867 3568 gaudio
2913 3508 2967 3553 et
2995 3499 3179 3555 laetitia
3208 3543 3222 3569 ,
3269 3503 3430 3557 simul
3459 3513 3512 3560 et
3542 3507 3886 3564 suavissimis

2281 3587 2498 3655 litteris,
2527 3588 2582 3642 in
2615 3589 2811 3658 quibus
2837 3591 2983 3646 omni
3011 3591 3134 3647 favo
3179 3593 3386 3650 dulcior
3428 3597 3708 3652 redolebat
3751 3600 3885 3655 mihi

2283 3678 2540 3744 charitas,
2573 3687 2628 3733 et
2651 3694 2816 3750 quam
2849 3680 3044 3751 smpius
3070 3683 3317 3752 probavi,
3343 3699 3554 3756 semper
3582 3688 3761 3742 amavi
3789 3705 3804 3754 ;
3833 3701 3888 3745 et

2283 3770 2516 3840 quadam
2544 3769 2914 3828 familiaritate
2943 3773 3086 3828 intra
3126 3776 3306 3833 cordis
3337 3778 3444 3833 mei
3476 3794 3699 3847 arcana,
3731 3781 3889 3852 quasi

2282 3863 2599 3919 thesaurum
2625 3865 3060 3934 desiderabilem,
3085 3877 3191 3924 tuae
3218 3869 3376 3926 faciei
3403 3879 3458 3927 et
3497 3873 3740 3931 nominis
3771 3891 3887 3933 me-

2283 3955 2455 4010 moria
2478 3957 2753 4012 recondidi
2784 3956 2978 4030 [Edit.,
3011 3961 3349 4035 reconditur]
3374 3977 3388 4016 :
3419 3972 3473 4019 et
3495 3965 3640 4034 quod
3669 3967 3890 4038 nigrum

2285 4045 2340 4100 in
2370 4047 2580 4117 capillis
2603 4048 2846 4115 videtur,
2893 4051 3182 4108 candidum
3213 4054 3269 4108 in
3299 4057 3463 4112 corde
3489 4065 3725 4114 amatur.
3780 4060 3889 4119 Sed

2283 4136 2609 4193 omnimodis
2635 4139 2875 4206 obsecro,
2912 4141 2956 4196 si
3001 4141 3118 4199 ﬁeri
3145 4146 3336 4214 possit,
3368 4148 3473 4204 hoc
3508 4166 3651 4204 anno
3691 4167 3887 4223 super-

2286 4230 2537 4286 veniente
2576 4231 2789 4287 videam
2829 4234 3172 4293 dulcissimos
3214 4240 3401 4295 oculos
3432 4240 3665 4314 [Aquilae
3702 4243 3887 4318 meae],

2285 4330 2344 4377 ut
2388 4325 2706 4395 amplectar,
2755 4326 3037 4382 deosculer
3080 4344 3186 4383 non
3216 4330 3390 4385 solum
3417 4348 3530 4398 ore,
3577 4334 3674 4389 sed
3721 4337 3892 4392 etiam

2285 4429 2399 4475 toto
2443 4423 2625 4477 corde.
2686 4420 2828 4493 [Jam
2872 4421 3082 4492 pridem
3131 4432 3236 4478 tuae
3278 4426 3532 4482 charitati
3580 4428 3892 4500 longiorem

585 4511 642 4560 et
657 4503 958 4558 debitorem
986 4515 1103 4558 esse
1133 4501 1281 4556 omni
1304 4516 1551 4570 persona:
1579 4511 1633 4556 et
1655 4501 1928 4573 dignitati,
1955 4501 2180 4557 fiducia-
2201 4509 2259 4574 ο
2285 4510 2477 4580 scripsi
2523 4510 2809 4580 epistolam
2833 4552 2846 4577 ,
2873 4520 2929 4567 et
2957 4513 3129 4568 direxi
3171 4513 3448 4572 Chlotario
3476 4516 3664 4584 fratri,
3695 4528 3758 4575 ut
3793 4537 3893 4592 per

584 4595 711 4653 liter
738 4595 965 4653 verbum
991 4596 1087 4652 Dei
1115 4595 1457 4669 praedicare].
1505 4597 1642 4663 Noli,
1674 4597 1786 4652 noli
1815 4605 1996 4653 tacere
2018 4639 2033 4664 ,
2086 4597 2181 4653 sed

587 4687 783 4755 clama,
814 4695 869 4743 et
900 4704 968 4745 ne
991 4704 1191 4745 cesses.
1228 4687 1419 4743 Exalta
1468 4687 1607 4744 sicut
1633 4689 1760 4745 tuba
1788 4703 1980 4745 vocem
2033 4696 2181 4744 tuam

586 4781 724 4856 (Isa.
764 4797 919 4849 Lvm,
950 4781 1002 4848 l)
1028 4823 1044 4848 ,
1120 4790 1175 4838 et
1222 4782 1445 4837 ostende
1494 4782 1748 4838 omnibus
1794 4781 1939 4836 viam
1989 4781 2180 4837 salutis

587 4883 824 4943 πίει-ηπ,
855 4884 906 4931 et
939 4876 1026 4932 dic
1052 4890 1066 4929 :
1099 4874 1342 4942 Currite,
1380 4875 1495 4931 haec
1540 4883 1624 4931 est
1649 4875 1734 4930 via
1757 4876 1921 4948 regia,
1948 4875 2066 4931 haec
2094 4884 2181 4930 est

657 5025 685 5054 α
710 5012 881 5086 Γειξω
901 5014 1052 5086 habet
1073 5014 1317 5085 juratum
1347 5015 1536 5070 venire.
1580 5012 1939 5086 Adducendus
1980 5031 2177 5086 nempe

584 5100 683 5157 per
710 5084 1132 5157 Laidradumad
1176 5086 1465 5140 concilium
1501 5085 1959 5157 Aquisgranense,
2005 5095 2064 5140 ut
2106 5084 2205 5148 ex.

586 5165 844 5283 gignente
871 5156 1098 5228 epistola
1143 5156 1442 5229 colligitur;
1499 5173 1628 5228 ergo
1657 5157 1858 5227 scripta
1895 5156 1997 5212 fuit
2029 5173 2174 5214 anno

560 5321 569 5337 ι
656 5297 1087 5370 ινσνΗίΙάερατίιιε.
1132 5296 1438 5370 Discipulu_s
1475 5297 1620 5370 haud
1647 5297 1806 5370 dubie
1844 5299 2034 5370 aliquis
2081 5303 2174 5357 Al-

585 5369 808 5443 cuini_i_n
838 5367 1168 5443 monasterio
1189 5367 1362 5443 san—oti
1390 5367 1636 5437 Ruperti.
1674 5369 1798 5443 Vid.
1827 5367 1984 5440 epist.
2016 5387 2132 5443 seq.

658 5440 902 5522 fOM‘agp.
943 5441 1294 5522 Adalbertum
1319 5439 1420 5494 hoc
1440 5440 1759 5511 cognomine
1780 5439 1952 5510 notat,
1976 5444 2040 5500 de
2065 5439 2172 5516 q'uo

587 5510 735 5565 alibi.
767 5510 901 5566 Vide
926 5512 1084 5580 epist.
1119 5526 1232 5580 seq.

655 5580 686 5622 ἀ
725 5582 973 5657 Alituum.
1031 5581 1337 5657 Episcopus
1377 5580 1423 5636 is
1471 5580 1572 5635 fuit
1623 5581 1974 5657 Sabionensis
2002 5626 2016 5651 ,
2075 5586 2172 5657 qui

589 5652 856 5723 ωηο-772
881 5653 1085 5723 synodo
1117 5651 1538 5722 Dingollingana:
1562 5653 1899 5723 subscripsit.

580 5745 625 5795 -_
663 5731 690 5760 ο
728 5721 960 5795 Pallium
1002 5721 1476 5793 archiepiscopale,
1508 5740 1616 5794 quo
1641 5721 1790 5781 Arno
1831 5725 1999 5795 priori
2026 5742 2168 5786 anno

591 5787 875 5853 decoratus
903 5794 1024 5865 fuit,
1064 5802 1123 5854 ut
1147 5787 1290 5854 nunc
1314 5787 1383 5854 ex
1412 5787 1752 5870 hac'quoque
1775 5787 2005 5871 epistola
2043 5815 2171 5862 con-

2285 4609 2498 4657 vestros
2527 4602 2776 4657 homines
2802 4604 2871 4658 ad
2892 4619 2986 4659 vos
3011 4607 3338 4676 perveniret.
3361 4607 3487 4663 Ideo
3509 4610 3698 4679 paucis
3721 4614 3894 4670 modo

2286 4692 2630 4748 sermonibus
2671 4692 2861 4762 loquor
2905 4695 2960 4749 in
2986 4696 3091 4752 hac
3121 4699 3372 4766 praesenti
3413 4701 3680 4756 chartula.
3724 4704 3894 4760 Venit

2286 4785 2433 4840 enim
2476 4799 2570 4838 xxv
2600 4783 2722 4838 Kal.
2753 4783 2923 4856 April.
2963 4787 3095 4842 mihi
3122 4789 3349 4857 epistola
3379 4799 3561 4846 vestra
3592 4807 3718 4848 cum
3766 4812 3894 4852 mu-

2283 4875 2529 4943 neribus,
2571 4884 2627 4931 et
2650 4891 2762 4946 ego
2806 4877 2991 4932 statim
3034 4879 3176 4935 hanc
3214 4881 3424 4951 scripsi,
3476 4882 3803 4942 desiderans
3838 4895 3894 4944 te

2281 5028 2407 5084 stat,
2449 5034 2570 5090 qua:
2620 5034 2762 5073 anno
2800 5018 3116 5096 799_paulo
3165 5029 3290 5096 post
3317 5023 3555 5096 (initium
3599 5026 3725 5081 data
3777 5037 3889 5096 est,

2279 5106 2470 5162 nempe
2497 5097 2621 5144 ante
2642 5104 2892 5171 mensem
2924 5092 3194 5146 Martium.
3230 5094 3364 5148 Vide
3391 5095 3550 5164 epist.
3592 5111 3711 5166 seq.

2355 5163 2374 5202 ί
2420 5159 2738 5217 Solemmtas
2767 5158 3016 5214 Omnium
3045 5161 3383 5218 Sanctorum.
3430 5166 3580 5222 Hanc
3615 5167 3852 5222 solemni

2355 5183 2371 5202 ι
2420 5183 2738 5217 oatemmtas
2767 5183 3016 5214 ummum
3045 5183 3383 5218 Danaorum.
3430 5183 3580 5222 nant:
3615 5183 3890 5226 5016111111-

2277 5242 2445 5289 tatem
2481 5246 2546 5287 eo
2589 5231 2711 5295 die,
2771 5231 2872 5285 hoc
2907 5239 3023 5296 est,
3071 5233 3329 5289 Kalendis
3375 5235 3773 5294 Novembribus
3831 5241 3887 5297 in

2277 5304 2446 5361 Gallia
2471 5311 2525 5357 et
2549 5300 3022 5374 Germanialonge
3048 5313 3172 5373 post
3199 5306 3410 5361 obitum
3436 5307 3671 5374 Alcuini,
3724 5311 3887 5368 scili-

2277 5385 2362 5431 cet
2390 5390 2530 5429 anno
2578 5371 2703 5445 855,
2730 5371 2992 5445 celebrari
3034 5371 3264 5444 coepisse
3314 5379 3478 5432 tradit
3522 5371 3784 5445 Quercet.
3828 5384 3892 5441 in

2273 5445 2502 5517 Praefat.
2525 5444 2592 5498 ad
2621 5443 2839 5517 beatum
2869 5442 3154 5500 Alcuinum
3183 5463 3333 5502 num.
3366 5448 3454 5503 l7.
3484 5442 3614 5517 Qua:
3638 5453 3890 5514 assertio

2275 5533 2342 5574 ex
2365 5519 2469 5573 hoc
2492 5515 2610 5570 loco
2639 5512 2921 5568 refellitur.

2349 5593 2373 5630 ε
2411 5587 2561 5642 Hanc
2603 5583 2889 5656 epistolam
2935 5585 3198 5656 hactenus
3257 5588 3514 5646 ineditam
3567 5593 3771 5650 damus
3814 5611 3888 5653 ex

2274 5659 2429 5733 codd.
2484 5655 2860 5733 mss.’S_alisb_.
2900 5663 2956 5710 et
3000 5655 3057 5733 S.
3094 5658 3454 5733 Emmerami;
3505 5679 3628 5733 quae
3664 5667 3888 5724 ansulis

2271 5730 2478 5812 inclusa
2510 5734 2667 5812 sunt,
2696 5725 2892 5812 in_solo
2929 5728 3048 5788 cod.
3105 5728 3304 5792 Salisb.
3335 5725 3628 5793 habentur.
3697 5737 3887 5812 (Apud

2269 5801 2506 5895 rpben.
2534 5798 2693 5872 epist.
2722 5794 2836 5868 77.)
