4056 6328
221 417 320 478 297

1619 406 2000 474 EPISTOLE.

3358 410 3464 474 298

222 513 447 570 multum
489 512 690 568 videre.
741 510 888 576 Jam.
931 512 1043 567 Deo
1085 511 1326 576 volente,
1380 512 1557 568 medio
1600 526 1786 568 mense
1810 509 2106 582 Ajungere
2129 510 2329 576 studui,
2365 508 2584 578 cupiens
2611 504 2840 579 spiritali
2866 505 3154 580 prasentia
3180 524 3319 564 unus
3348 525 3469 567 esse

225 606 359 663 Maio
382 605 524 676 apud
550 620 729 678 regem
752 607 928 677 wgito
953 619 1092 672 esse,
1117 607 1242 677 quia
1270 618 1297 646 ι
1327 605 1625 661 Laidradus
1650 606 1794 664 ﬁlius

1893 622 1962 660 ex
1983 606 2156 670 vobis,
2181 613 2236 661 et
2260 621 2430 660 unum
2457 619 2575 660 esse
2601 604 2898 669 vobiscum,
2925 611 2982 658 ut
3008 613 3187 660 vestra
3215 621 3301 660 me
3338 622 3468 661 san-

224 707 404 755 noster
425 698 690 753 adducere
715 698 876 752 habet
897 697 1129 752 Felicem
1153 697 1321 760 illum,
1354 713 1474 752 cum
1503 713 1610 767 quo
1639 699 1793 754 nobis
1892 701 2053 757 ctitas
2087 717 2118 754 a
2153 698 2379 754 terrenis
2418 697 2622 753 levaret
2655 697 3055 768 cupiditatibus.
3091 705 3144 752 et
3169 697 3223 751 in
3261 697 3470 754 caelesti

225 787 488 846 sermonis
515 787 786 842 contentio
815 795 916 841 est.
963 786 1031 840 Et
1075 787 1277 841 utinam
1317 787 1572 842 Paulinus
1612 795 1795 843 noster

225 880 574 936 charissimus
608 878 770 934 Pater
808 878 1007 934 veniat.
1061 877 1116 932 Si
1165 879 1258 932 tibi
1298 895 1458 933 causa
1496 890 1793 949 opportuna

225 973 348 1036 ﬁat,
395 971 622 1026 multum
648 970 895 1024 desidero
923 977 982 1024 ut
1007 976 1060 1023 te
1095 970 1389 1024 habeamus
1417 971 1791 1043 praesentem];

222 1064 348 1134 quia
374 1061 604 1116 multum
636 1071 813 1115 tecum
855 1061 1028 1115 habeo
1056 1059 1332 1126 conferre,
1365 1076 1484 1129 qum
1512 1076 1608 1130 per
1639 1062 1797 1115 char-

223 1164 350 1213 tam.
378 1162 600 1224 propter
618 1151 986 1208 inﬁdelitatem
1011 1154 1360 1223 portantium,
1383 1153 1506 1208 nolo
1535 1154 1794 1209 indicare.

223 1245 298 1299 Tu
339 1260 472 1300 vero
508 1244 720 1299 cautior
746 1250 863 1299 esto
889 1243 1031 1298 inter
1055 1243 1269 1300 hostilia
1299 1260 1468 1300 arma.
1510 1245 1683 1300 Tuum
1714 1253 1799 1301 est

223 1335 535 1406 praedicare,
563 1350 670 1390 non
693 1348 958 1405 pugnare;
985 1335 1294 1405 paciﬁcare,
1321 1352 1429 1392 non
1452 1336 1793 1403 discordare;

226 1441 480 1484 revocare
503 1427 570 1482 ad
595 1427 781 1491 vitam,
804 1441 911 1481 non
937 1426 993 1481 in
1013 1437 1242 1483 mortem
1273 1427 1508 1495 mittere,
1539 1429 1678 1485 sicut
1707 1436 1799 1482 tua

224 1519 426 1588 optime
449 1519 599 1573 novit
619 1518 897 1573 sanctitas.

299 1609 459 1682 ιιι
488 1608 849 1681 [Hildegarius
888 1609 1021 1665 duos
1061 1610 1227 1666 libros
1262 1611 1432 1666 sancti
1472 1611 1686 1666 Martini
1715 1625 1800 1666 se-

225 1718 347 1758 cum
372 1702 628 1771 portavit,
671 1701 811 1756 sicut
849 1701 878 1741 b
920 1701 975 1756 in
999 1702 1101 1756 alia
1128 1703 1352 1773 epistola
1380 1703 1472 1758 tibi
1503 1703 1797 1773 designavi.

225 1791 379 1864 Rogo
406 1801 466 1846 ut
491 1791 658 1847 facias
686 1792 903 1858 venire;
949 1794 1053 1848 hoc
1079 1802 1194 1859 est,
1240 1795 1408 1848 sancti
1435 1795 1693 1848 Ambrosii
1724 1793 1800 1848 De

1893 793 2167 847 vobiscum
2199 790 2487 845 collocaret
2521 787 2806 845 desiderio.

1965 881 2008 937 Ο
2035 898 2197 951 quam
2225 881 2350 935 felix
2384 888 2467 934 est
2493 879 2603 934 vita
2630 880 3045 934 monachorum!
3088 881 3198 935 Deo
3234 880 3474 950 placabi-

1894 974 1983 1038 lis,
2015 973 2215 1042 angelis
2250 971 2514 1035 amabilis,
2542 971 2848 1026 hominibus
2877 972 3220 1027 honorabilis.
3252 971 3350 1039 Qui
3381 972 3472 1027 hic

1899 1065 2050 1137 [Cod.
2080 1063 2218 1127 Sal.,
2250 1061 2410 1133 hanc]
2443 1062 2673 1116 ﬁdeliter
2701 1062 2833 1116 vivit
2862 1064 3004 1117 inter
3029 1064 3292 1128 homines,
3322 1064 3471 1119 haud

1897 1158 2116 1212 dubium
2163 1154 2392 1209 feliciter
2429 1161 2618 1224 regnat
2646 1154 2787 1208 inter
2814 1155 3049 1225 angelos.
3103 1155 3250 1210 Hanc
3279 1157 3472 1226 primi-

1899 1247 2004 1301 tiva
2025 1261 2122 1316 per
2143 1244 2413 1316 apostolos
2438 1244 2493 1297 in
2521 1241 2703 1298 Judaaa
2728 1243 2958 1298 initiavit
2988 1245 3248 1310 Ecclesia,
3281 1245 3478 1315 quibus

1896 1338 2078 1394 omnia
2124 1335 2428 1392 communia
2471 1333 2639 1390 fuisse
2678 1334 2959 1405 leguntur,
2990 1344 3045 1391 et
3081 1352 3242 1392 nemo
3269 1335 3474 1406 aliquid

1897 1445 2054 1485 suum
2089 1443 2210 1483 esse
2247 1427 2459 1483 dicebat
2502 1425 2645 1499 (Act.
2673 1441 2746 1490 iv,
2776 1425 2888 1497 δε).
2926 1425 3040 1482 Hoc
3070 1444 3174 1484 non
3216 1427 3386 1483 solum
3420 1427 3474 1482 in

1898 1522 2141 1578 saeculari
2187 1519 2486 1575 substantia
2534 1519 2855 1574 servandum
2913 1534 3034 1574 esse
3076 1521 3332 1586 arbitror,
3381 1519 3476 1575 sed

1898 1614 2060 1669 etiam
2089 1612 2145 1666 in
2172 1611 2452 1666 desideriis
2480 1609 2831 1679 spiritalibus,
2858 1619 2917 1665 ut
2944 1625 3132 1666 omnes
3155 1627 3322 1666 unum
3349 1627 3479 1667 con-

1900 1705 2198 1775 cupiscant,
2227 1713 2281 1756 et
2309 1701 2628 1756 obedientiaa
2670 1701 2868 1755 bonum
2899 1702 3069 1771 magis
3113 1711 3477 1772 exsequantur

1902 1813 2062 1867 quam
2089 1798 2318 1868 propria:
2337 1797 2626 1851 voluntatis
2652 1795 2922 1852 affectum.
2963 1796 3020 1851 Si
3049 1796 3298 1853 Christus
3321 1814 3479 1854 suam

224 1885 335 1956 ﬁde
355 1927 371 1951 ,
417 1894 466 1940 et
509 1883 780 1939 Tractatus
838 1887 892 1939 in
931 1885 1049 1940 Jbel
1102 1895 1152 1940 et
1186 1888 1343 1941 Amos
1394 1888 1687 1958 prophetas.
1735 1886 1804 1940 Et
1831 1875 1880 1937 Β
1905 1906 2010 1946 non
2040 1891 2188 1945 venit
2215 1888 2392 1945 facere
2415 1888 2768 1954 voluntatem,
2801 1889 2943 1943 sicut
2965 1889 3081 1959 ipse
3103 1890 3155 1944 in
3187 1890 3478 1960 Evangelia

225 1989 248 2017 α
280 1977 494 2048 Magum
526 1993 704 2032 meum
741 1977 937 2044 saluta,
967 1985 1025 2033 et
1066 1977 1151 2034 fac
1179 1979 1253 2033 illi
1297 1981 1462 2046 bene,
1505 1981 1678 2036 bonus
1720 1990 1802 2037 est

224 2071 370 2124 enim
400 2067 599 2133 frater;
623 2077 677 2123 et
699 2069 950 2123 omnibus
974 2067 1099 2124 ﬁliis
1123 2079 1321 2126 sanctae
1345 2071 1597 2128 Ecclesiae
1619 2073 1644 2111 ἀ
1670 2073 1802 2128 Rat-

223 2160 438 2216 bertum
467 2157 634 2214 facias
658 2160 829 2227 bene,
857 2169 911 2215 et
936 2160 1107 2216 saluta
1134 2176 1322 2217 omnes
1359 2163 1414 2217 in
1459 2165 1675 2220 nomine
1713 2165 1802 2218 Al-

219 2252 374 2318 bini,
423 2261 477 2307 et
520 2261 744 2308 cazteros
773 2253 1184 2308 consacerdotes
1224 2260 1362 2318 tuos,
1402 2263 1457 2309 et
1500 2265 1652 2311 orate
1705 2271 1802 2326 pro

219 2343 426 2416 nobis].
466 2345 536 2398 Et
577 2344 835 2399 Dominus
870 2345 1011 2399 Deus
1062 2346 1258 2415 dirigat
1293 2348 1454 2401 corda
1497 2357 1681 2403 nostra
1716 2348 1803 2418 (ΙΙ

220 2433 467 2488 Thessal.
502 2451 585 2496 ιιι,
618 2433 672 2504 5)
713 2442 767 2488 et
801 2449 991 2489 sensus
1041 2444 1256 2492 nostros
1285 2437 1349 2490 ad
1379 2437 1608 2492 salutem
1638 2438 1792 2509 pluri-

211 2538 469 2589 morum,
501 2532 558 2577 ut
585 2522 830 2593 proﬁciat
851 2531 907 2577 et
930 2524 1192 2580 clarescat
1213 2527 1433 2580 verbum
1459 2526 1552 2581 Dei
1581 2529 1633 2582 in
1660 2528 1806 2582 auri-

212 2615 331 2668 bus
364 2613 671 2677 multorum,
700 2622 754 2668 et
788 2615 841 2668 in
873 2615 1034 2671 corde
1075 2617 1398 2672 recondatur
1443 2619 1575 2673 fides
1619 2620 1804 2674 catho-

215 2708 353 2762 lica.
395 2706 536 2762 Deus
572 2707 668 2762 Dei
697 2707 866 2762 Filius
885 2707 1042 2764 Jesus
1067 2709 1313 2766 Christus
1337 2711 1595 2768 Dominus
1619 2722 1804 2768 noster

219 2807 282 2853 te
309 2806 534 2868 tuosque
576 2797 757 2853 ﬁdeles
789 2799 1076 2865 custodiat,
1105 2809 1160 2855 et
1182 2800 1373 2857 ﬂorere
1393 2802 1556 2858 faciat
1584 2805 1637 2858 in
1670 2805 1803 2859 cha-

219 2890 410 2944 ritatis
429 2889 637 2957 ofﬁcio,
678 2898 734 2946 et
763 2889 887 2948 ﬁdei
920 2893 1150 2948 veritate
1189 2910 1402 2967 semper
1425 2896 1480 2951 in
1517 2904 1798 2960 aeternum.

220 2981 578 3038 dilectissime
606 2982 701 3038 ﬁli.

709 3087 734 3116 ο
771 3074 1104 3132 EPISTULA
1140 3075 1318 3132 XCIII.

509 3185 577 3225 ΔΙ)
613 3185 854 3226 ι-ἰιιτιιιιε
886 3185 1197 3225 ιυνλνειηειε
1231 3185 1515 3226 εοοιιεδιλε.

839 3257 1013 3330 (Anno
1045 3258 1190 3330 799.)

223 3345 438 3404 Laudat
482 3348 691 3421 illorum
737 3349 1025 3421 regularem
1075 3353 1553 3418 conversationem;
1597 3363 1646 3406 et
1682 3353 1804 3407 hor-

387 3429 533 3474 tatur
557 3420 624 3474 ad
651 3421 775 3476 bene
798 3420 1037 3476 obeunda
1062 3422 1227 3492 ofﬁcia
1249 3423 1640 3477 monachorum.

301 3531 670 3589 Sanctissimis
699 3535 754 3588 in
778 3533 993 3590 Christo
1017 3533 1274 3591 fratribus
1296 3534 1612 3592 Juvavensis
1635 3537 1807 3592 eccle-

224 3623 345 3689 sia,
388 3623 606 3679 humilis
651 3623 812 3678 levita
851 3622 1074 3680 Albinus
1110 3625 1164 3679 in
1206 3623 1406 3680 Christi
1433 3626 1694 3681 charitate
1720 3641 1807 3682 sa-

225 3715 419 3772 Intern.

297 3806 538 3862 Audiens
561 3806 879 3862 laudabilem
910 3807 966 3861 in
987 3807 1200 3863 Christo
1220 3806 1590 3864 unanimitatis
1612 3817 1806 3864 vestrae

222 3901 714 3966 conversationem,
747 3900 915 3954 multa
941 3901 1151 3956 animus
1189 3917 1340 3958 meus
1365 3903 1550 3958 laetitia
1590 3904 1808 3974 gavisus

221 3998 336 4054 est,
369 3988 644 4060 multoque
669 3991 955 4046 anhelabat
985 3992 1251 4048 desiderio
1287 3994 1699 4065 praesentialiter
1721 4011 1810 4049 or-

219 4081 410 4136 dinem
437 4081 621 4136 videre
649 4089 905 4147 vestrum,
935 4091 991 4136 et
1016 4083 1280 4152 meipsum
1309 4083 1497 4138 humili
1527 4084 1811 4138 devotione

215 4170 429 4224 vestris
454 4171 811 4225 sacrosanctis
824 4171 1198 4225 commendare
1208 4170 1674 4226 orationibus.Sed
1685 4171 1811 4240 quia

215 4262 335 4317 hoc
366 4262 646 4333 hucusque
667 4263 940 4333 prohibuit
966 4262 1235 4316 variarum
1272 4270 1493 4316 eventus
1531 4276 1729 4326 rerum,
1759 4270 1815 4316 et

212 4351 441 4421 prolixa
474 4359 744 4407 terrarum
786 4352 1146 4422 IOnginquitas
1193 4351 1324 4422 [non
1357 4351 1484 4406 sinit
1523 4351 1816 4422 corporali—
1913 4350 2195 4407 sententiis
2237 4347 2925 4419 evangeliczeauctoritatis,
2953 4354 3012 4401 ut
3040 4347 3292 4402 resistere
3312 4347 3487 4402 valea-
3584 4416 3589 4422 λ

1826 3225 1874 3290 C

1903 1991 2150 2048 testatur,
2179 1982 2274 2037 sed
2317 1981 2496 2036 Patris
2521 1982 2702 2050 (Joan.
2749 1997 2804 2046 v,
2836 1983 2905 2036 50
2933 1990 2987 2036 et
3024 1998 3099 2048 vi,
3127 1984 3238 2055 58),
3275 1993 3480 2053 quanto

1900 2076 2072 2146 magis
2103 2074 2394 2128 monachus
2422 2089 2573 2128 suam
2602 2089 2709 2127 non
2731 2073 2890 2128 debet
2917 2072 3096 2130 facere
3117 2075 3474 2142 voluntatem,

1902 2166 1996 2222 sed
2018 2164 2258 2220 Christi?
2285 2163 2394 2218 Nec
2421 2164 2600 2235 segnis
2622 2164 2676 2218 in
2716 2179 2876 2234 opere
2901 2164 3016 2228 Dei,
3048 2166 3141 2220 sed
3171 2167 3474 2232 studiosus;

1901 2271 2002 2311 nec
2049 2263 2255 2309 tantum
2321 2253 2666 2308 considerare
2711 2254 2837 2322 quid
2874 2251 3126 2320 iubeatur
3152 2295 3167 2320 ,
3215 2253 3305 2308 sed
3345 2269 3483 2322 quo-

1902 2347 2062 2401 modo
2084 2345 2393 2414 perﬁciatur
2421 2344 2564 2414 quod
2575 2343 2811 2413 jubetur,
2842 2357 2906 2397 ne
2932 2344 3200 2398 ullatenus
3230 2359 3475 2398 murmu-

1904 2437 2128 2493 ratiouis
2148 2435 2346 2490 malum
2377 2442 2588 2488 crescat
2608 2434 2660 2486 in
2685 2433 2971 2503 aliquibus.
3008 2431 3062 2487 Si
3101 2433 3263 2502 aliqui
3291 2449 3355 2487 ex
3381 2449 3480 2502 po-

1901 2527 2027 2600 pulo
2054 2526 2150 2581 Dei
2188 2526 2240 2580 in
2273 2539 2458 2579 eremo
2481 2531 2702 2593 propter
2737 2523 3180 2578 murmuratiouis
3204 2525 3484 2592 perierunt

1901 2625 2200 2689 peccatum,
2224 2622 2425 2686 quanto
2450 2614 2620 2684 magis
2653 2613 2948 2667 monachus
2985 2612 3296 2667 monasterii
3326 2611 3483 2682 spiri-

1902 2706 1994 2761 tali
2015 2706 2281 2776 plectatur
2307 2703 2542 2757 vindicta
2559 2741 2574 2767 ,
2619 2701 2663 2756 si
2694 2701 3136 2755 murmurationis
3161 2699 3300 2754 malo
3324 2715 3480 2753 men.-

1902 2805 2009 2853 tem
2036 2796 2359 2852 insolescere
2379 2809 2485 2848 non
2514 2792 2739 2847 metuit?

1977 2886 2132 2957 115
2161 2886 2496 2955 Quapropter
2522 2900 2644 2938 cum
2669 2882 2964 2953 gratiarum
2987 2880 3198 2935 actione
3246 2881 3480 2952 accipiat

1902 2979 2043 3050 quod
2077 2977 2127 3032 ei
2169 2975 2401 3046 pastoris
2428 2973 2581 3047 [ϐοά.
2616 2972 2756 3038 Sal.,
2797 2971 3106 3044 pastoralis]
3141 2987 3267 3026 cura
3299 2973 3482 3041 provi-

1901 3071 2042 3126 derit
2057 3067 2318 3124 sufﬁcere.
2358 3067 2443 3122 Sit
2467 3066 2610 3122 enim
2638 3072 2838 3120 sancta:
2855 3066 3004 3134 pacis
3025 3065 3311 3119 concordia
3341 3065 3482 3118 inter

1901 3171 2144 3228 cunctos,
2175 3162 2298 3216 vita:
2323 3161 2546 3215 castitas
2567 3160 2620 3212 in
2645 3157 3097 3222 adolescentibus,
3124 3171 3330 3210 morum
3355 3171 3483 3226 gra-

1904 3258 2043 3312 vitas
2057 3256 2110 3310 in
2127 3253 2362 3316 senibus,
2391 3250 2570 3305 fervor
2589 3248 2770 3319 operis
2797 3248 2849 3302 in
2872 3246 3187 3316 juvenibus:
3214 3262 3314 3300 nec
3339 3260 3483 3314 qms-

1904 3364 2067 3420 quam
2104 3362 2163 3402 se
2191 3344 2466 3401 canonicis
2514 3341 2664 3397 horis
2693 3341 2776 3395 vel
2803 3339 3139 3410 regularibus
3172 3338 3485 3410 psalmodiis

1905 3440 2204 3496 subtrahat.
2257 3436 2444 3491 Melius
2467 3441 2551 3501 est
2573 3449 2694 3488 cum
2719 3431 3029 3503 angelorum
3079 3431 3310 3486 canibus
3331 3429 3484 3484 Chri-

1904 3543 2046 3590 stum
2083 3532 2324 3596 laudare,
2370 3543 2532 3599 quam
2576 3535 2876 3597 torpentem
2923 3525 3148 3592 segnitia
3186 3539 3374 3580 somno
3394 3523 3484 3577 de-

1906 3624 2116 3689 lectari,
2151 3621 2236 3676 vel
2285 3619 2556 3692 vigilando
2587 3617 2769 3671 inania
2815 3631 3036 3685 exsequi
3063 3615 3353 3670 desideria.
3417 3613 3486 3668 Et

1903 3732 2012 3772 non
2059 3713 2229 3769 solum
2259 3712 2422 3766 verba
2474 3717 2672 3764 sanctae
2726 3707 2975 3762 lectionis
3007 3713 3258 3760 resonent
3293 3705 3345 3758 in
3368 3719 3482 3767 ore,

1906 3805 2000 3860 sed
2015 3805 2203 3859 intima
2219 3801 2396 3856 cordis
2417 3798 2756 3870 compunctio
2794 3809 3049 3866 sequatur
3077 3795 3236 3849 verba
3261 3794 3485 3861 legentis

1906 3895 1990 3950 vel
2009 3893 2308 3950 cantantis:
2341 3899 2396 3946 et
2421 3889 2726 3944 nullatenus
2753 3888 2900 3942 horis
2934 3886 3361 3955 competentibus
3400 3900 3485 3940 sa-

1907 4005 2014 4046 crae
2027 3988 2318 4055 Scriptura:
2337 3985 2495 4039 lectio
2512 3984 2722 4038 recedat
2737 3982 2800 4035 de
2812 3981 3078 4046 manibus,
3110 3981 3234 4048 quia
3261 3979 3486 4032 diversae

1909 4096 2051 4134 nunc
2086 4080 2337 4140 haereses,
2379 4075 2520 4128 sicut
2544 4072 2784 4134 audistis,
2833 4070 3111 4125 catholica:
3135 4071 3258 4124 ﬁdei
3283 4069 3485 4125 purita-

1911 4179 2021 4225 tem
2051 4167 2320 4223 maculare
2343 4165 2603 4220 nituntur.

1981 4262 2316 4332 QuaprOpter
2340 4266 2544 4311 armate
2572 4256 2924 4327 vosmetipsos
2967 4255 3188 4311 scientia
3217 4255 3482 4321 veritatis,

212 4450 317 4495 ter
361 4441 460 4508 ire,
493 4442 586 4497 ubi
633 4457 784 4496 mens
812 4457 1022 4496 summo
1068 4442 1334 4497 desiderio
1375 4457 1588 4512 semper
1629 4442 1817 4497 adesse
1918 4445 1986 4507 tis
2006 4441 2494 4499 contradicentibus
2515 4441 2752 4495 veritati.
2817 4440 3092 4507 Quomodo
3113 4448 3313 4510 pugnat
3340 4440 3484 4494 iner-

208 4533 653 4603 prmsentialiter
675 4533 865 4606 cupit],
881 4547 1012 4588 meae
1026 4533 1309 4604 parvitatis
1338 4533 1600 4589 litterulas
1628 4533 1682 4588 in
1707 4533 1812 4590 hoc
1835 4575 1886 4634 Β
1916 4536 2051 4592 mis?
2075 4535 2156 4588 vel
2184 4533 2451 4604 quomodo
2478 4534 2671 4590 docere
2695 4541 2892 4603 potest,
2932 4533 3023 4602 qui
3046 4534 3251 4589 discere
3282 4532 3488 4587 noluit?

205 4623 470 4680 ofﬁcium
499 4625 730 4696 dirigere
773 4625 977 4691 curavi,
1025 4633 1084 4679 ut
1131 4625 1453 4680 desiderium
1484 4626 1661 4681 cordis
1704 4627 1808 4681 mei

205 4718 274 4772 in
339 4717 588 4787 apicibus
635 4717 1005 4789 cognoscatis,
1058 4717 1200 4787 quod
1252 4725 1304 4772 et
1350 4717 1478 4772 olim
1523 4717 1613 4788 pio
1663 4717 1812 4773 Patri

206 4807 445 4882 Aquila:
487 4807 752 4878 pontiﬁci,
784 4807 806 4879 gf
841 4822 1095 4880 germano
1127 4823 1247 4863 meo
1288 4809 1494 4879 pastori
1520 4817 1702 4865 vestro
1725 4809 1812 4864 in—

287 4962 320 4988 ει
372 4945 697 5000 Laidradus.
729 4985 744 4999 .
774 4985 787 5000 .
814 4983 829 4999 .
867 4943 1114 5000 Felicem.
1165 4943 1291 5000 Inde
1322 4961 1519 4999 annum
1557 4945 1813 5002 discimus

197 5020 454 5099 scripta:
479 5016 736 5099 epistola:z
761 5016 1103 5099 pempe_799,
1131 5030 1237 5084 quo
1260 5015 1556 5099 Laidradus
1578 5015 1810 5071 Felicem

193 5085 640 5202 Atiu'isgraiium
672 5085 911 5170 adduxit,
943 5087 1008 5140 de
1035 5101 1141 5167 quo
1169 5101 1266 5140 nos
1288 5085 1432 5168 alibi.

385 5158 455 5237 La
475 5157 584 5211 alia
607 5156 844 5228 epistola.
866 5156 1069 5237 _N_em_pe
1093 5158 1396 5237 immediate
1426 5157 1790 5237 antecedepte.

283 5243 314 5271 ο
373 5227 600 5298 Hagum
626 5226 818 5281 meum.
851 5226 1220 5281 Adalbertum.
1263 5226 1383 5281 Vid.
1415 5236 1527 5282 not.
1561 5238 1583 5267 ο
1616 5227 1812 5296 prioris

190 5309 709 5449 Cpiajiatbertum.
744 5367 1061 5449 Rutbertum
1079 5406 1094 5431 ,
1125 5367 1222 5449 abs
1256 5366 1451 5449 dubio,
1481 5383 1572 5423 seu
1599 5367 1812 5449 Ruper-

187 5457 337 5504 tum
404 5457 421 5492 :
461 5447 518 5492 et
557 5447 917 5508 exicontextu
961 5438 1241 5508 legendum
1264 5435 1543 5508 ividetur:
1577 5435 1813 5492 omnibus

182 5517 348 5592 ﬁliis
384 5507 866 5592 sancttzenEccl‘esia:
893 5509 961 5562 ad
971 5507 1221 5592 osan’ctum
1255 5507 1560 5592 Ilupertum,
1594 5509 1697 5564 hoc
1730 5515 1816 5563 est

182 5577 560 5646 bonaslerii
593 5577 1032 5647 Salisburgensis,
1066 5578 1232 5647 facias
1255 5577 1398 5631 bene.

276 5671 308 5697 σε
355 5650 528 5707 Edit.
555 5648 804 5716 Queroet.
826 5647 922 5713 78,
939 5647 1117 5703 Canis.
1144 5649 1232 5714 20,
1255 5648 1482 5703 Froben.
1507 5648 1592 5703 78.
1611 5648 1812 5705 Collata

182 5742 338 5789 cum
358 5719 714 5778 eodidicibus
728 5735 858 5777 mss.
877 5719 1171 5790 Salisburg.
1191 5726 1245 5775 et
1260 5719 1318 5773 S.
1341 5720 1685 5775 Emmerami.
1710 5721 1816 5775 Ma-

178 5793 500 5861 billonius
516 5790 616 5861 lib.
635 5806 760 5846 xxvi
773 5790 966 5845 Annal.
994 5806 1143 5861 num.
1167 5790 1256 5861 58,
1273 5807 1389 5846 cam
1410 5791 1476 5845 ad
1501 5807 1697 5846 annum
1713 5792 1816 5847 796

178 5859 512 5933 me
579 5860 866 5918 Hansizius
900 5870 1032 5916 tom.
1062 5859 1106 5915 II
1148 5860 1330 5918 Germ.
1360 5863 1514 5919 Sacr.
1537 5880 1659 5937 pag.
1691 5863 1814 5933 I05,

646 5954 921 6016 ΡΑι-ιιοι..
966 5952 1038 6017 C.

1914 4628 2196 4700 Spiritales
2222 4635 2345 4682 sunt
2366 4627 2586 4691 divitiae,
2619 4627 2879 4696 sapientia
2919 4627 2974 4680 in
3021 4630 3202 4693 corde,
3234 4636 3294 4682 ut
3332 4627 3482 4682 Salo~

1910 4739 2035 4780 mon
2063 4724 2168 4778 ait:
2204 4721 2499 4775 Thesaurus
2520 4717 2875 4774 desiderabilis
2895 4719 3160 4788 requiescit
3174 4722 3229 4774 in
3250 4736 3338 4773 ore
3361 4738 3487 4791 pru-

1910 4813 2079 4869 dentis
2104 4809 2286 4885 (Prov.
2312 4826 2424 4874 xxr,
2450 4808 2560 4879 20).

1911 4965 2053 5008 anno
2080 4948 2183 5005 794
2209 4948 2386 5003 datam
2407 4945 2716 5009 arbitratur,
2748 4945 2962 5015 quando
2987 4946 3239 5000 nimirum
3270 4944 3480 5013 Elipan-

1912 5024 2030 5086 dus,
2061 5020 2238 5075 Felice
2263 5026 2382 5088 post
2404 5017 3120 5088 synodum‘liatishonensem
3142 5016 3276 5088 anni
3301 5015 3403 5088 792
3419 5015 3486 5068 ad

1912 5084 2162 5147 haeresim
2185 5084 2445 5143 revocato
2461 5095 2612 5141 extra
2642 5086 2950 5157 Hispaniam
2977 5087 3029 5140 in
3059 5086 3260 5142 Gallias
3285 5084 3487 5140 etGer—

1911 5162 2148 5216 maniam
2201 5161 2349 5213 virus
2391 5157 2766 5211 transfundere
2819 5157 3049 5219 studuit;
3107 5157 3264 5226 116
3293 5163 3481 5226 contra

1912 5232 2051 5303 quod
2083 5231 2274 5303 fratres
2306 5226 2976 5303 Juvavensessanctaruin
2995 5225 3292 5303 litterarum
3309 5225 3487 5279 studio

1912 5297 1970 5358 se
1996 5307 2207 5356 arment
2233 5299 2498 5364 hortatur.
2568 5297 2696 5351 Mihi
2728 5306 2906 5351 tamen
2930 5298 3140 5352 videtur
3166 5302 3482 5366 praesentem

1912 5371 2192 5444 epistolam
2213 5385 2331 5425 eam
2361 5367 2756 5444 esse_,_cujus_in
2785 5368 3027 5436 sequenti
3057 5364 3278 5444 epistola
3295 5365 3366 5444 _ad
3385 5364 3488 5418 Ar-

1913 5436 2130 5506 nonem,
2167 5456 2284 5510 qua:
2297 5455 2436 5494 anno
2462 5439 2564 5494 799
2591 5439 2792 5508 scripta
2821 5448 2923 5510 est,
2951 5436 3486 5510 mcminit,__adeoque

1914 5515 1981 5567 ad
2010 5505 2254 5567 eumdem
2282 5526 2500 5573 annum,
2529 5526 2635 5579 quo
2647 5505 2750 5563 nou
2781 5509 2954 5563 minus
2983 5523 3144 5576 quam
3179 5505 3484 5560 aliascausa

1913 5583 2106 5662 Felicis
2135 5582 2332 5662 agitata
2359 5579 2476 5644 fuit,
2503 5582 2791 5662 pertinere.

1991 5653 2010 5691 ί
2052 5644 2252 5723 Aquila:
2272 5644 2521 5723 germano
2537 5667 2667 5723 meo.
2721 5649 2850 5723 Quae
2868 5646 3121 5723 _Can_isius
3136 5645 3213 5723 _ad
3235 5646 3380 5723 hunc
3407 5644 3487 5697 lo-

1916 5739 2038 5800 cum
2063 5715 2382 5800 adnotavit;
2403 5729 2456 5775 et
2481 5715 2549 5775 an
2573 5717 3099 5800 indecollligideb‘eat
3121 5715 3367 5800 {Aquilam
3394 5728 3486 5800 seu

1914 5795 2187 5848 Arnonem
2239 5784 2698 5860 archiepisc0pum
2755 5784 2949 5845 Salisb.
2992 5784 3205 5860 Alcuini
3262 5784 3486 5841 fratrem

1918 5878 2232 5937 germanum
2260 5858 2501 5919 fuisse—in
2525 5858 2834 5933 praefatione
2863 5858 3232 5918 discussimus.

3018 5951 3093 6013 10
