4056 6328
507 639 771 655 suum...“
807 639 936 659 ...κη
987 639 1109 662 νη
1153 639 1287 644 --η
1327 639 1332 640 γ
1389 639 1402 641 _
1642 639 1652 649 ,
1906 639 1924 650 ,

507 689 681 760 spatio
718 694 779 740 ut
805 684 1111 739 remittatur
1133 678 1344 749 publica
1387 674 1703 738 necessitas,
1749 672 1918 726 donec
1960 668 2094 722 ﬁdes
2191 661 2551 732 prosperitate
2576 652 2855 716 amabiles,
2891 657 2947 704 et
2972 649 3027 703 in
3052 646 3235 700 divina
3268 640 3641 697 misericordia
3668 639 3781 694 lau-

2003 758 2016 760 ,
2079 755 2089 760 -
2213 758 2227 760 _
2271 759 2279 760 κ
2307 757 2339 760 --
2548 754 2558 760 .
2927 746 2938 759 ι
3143 746 3410 760 ,___-__AA-
3463 735 3655 760 λιιι-ΑΔ.
3713 735 3753 760 ...ζ

507 755 763 835 cordibus
794 774 1053 829 radicitus
1081 769 1356 832 inolescat,
1408 766 1452 819 si
1483 772 1661 817 tamen
1688 760 1775 815 illa
1802 760 1976 830 patria
2000 755 2094 811 Dei

507 869 775 945 electione
837 865 996 936 digna
1053 861 1304 916 habetur.
1374 854 1476 921 Qui
1535 853 1680 908 foras
1734 854 2092 911 recesserunt,

508 962 702 1033 optimi
746 959 965 1014 fuerunt
991 952 1302 1018 Christiani,
1357 950 1496 1006 sicut
1539 948 1594 1002 in
1627 944 1874 1016 plurimis
1908 950 2097 996 notum

510 1061 616 1109 est.
654 1052 722 1109 Et
763 1052 856 1121 qui
892 1052 1268 1104 remanserunt
1314 1043 1490 1114 patria
1533 1039 1713 1112 [Can.,
1760 1035 1991 1108 patriae],
2044 1034 2097 1087 in

510 1144 735 1201 faecibus
752 1140 970 1197 malitia:
994 1141 1427 1210 permanserunt.
1455 1132 1590 1186 Nam
1620 1128 1855 1199 Babylon
1883 1132 2103 1196 prepter

509 1242 734 1308 peccata
760 1230 965 1302 populi,
1008 1227 1399 1283 daemoniorum
1424 1223 1679 1291 deputata
1715 1225 1800 1273 est
1840 1213 2102 1271 habitatio

513 1307 696 1400 (Apoc.
722 1340 881 1389 xvm,
907 1319 985 1392 2),
1016 1327 1074 1375 ut
1102 1320 1155 1373 in
1183 1314 1461 1388 prophetis
1482 1312 1698 1383 legitur.
1735 1308 1881 1362 Nihil
1909 1307 2104 1361 horum

511 1397 664 1472 tuam
711 1415 879 1469 latere
923 1411 1121 1482 poterit
1162 1407 1500 1477 sapientiam.
1556 1402 1629 1458 Ut
1652 1409 1777 1472 pote
1820 1400 1873 1452 in
1904 1397 2107 1453 sanctis

515 1506 829 1575 Scripturis,
867 1503 953 1558 vel
975 1499 1323 1556 smeularibus
1346 1494 1589 1575 historiis
1624 1502 1679 1547 te
1701 1491 1943 1562 apprime
1976 1503 2105 1543 eru-

515 1568 688 1653 ditum
731 1608 853 1649 esse
904 1592 1065 1662 118
1111 1589 1376 1643 novimus.
1430 1568 1514 1639 Ex
1545 1583 1631 1638 his
1659 1582 1908 1637 omnibus
1950 1578 2108 1649 plena

517 1691 615 1745 tibi
647 1687 870 1744 scientia
911 1686 1035 1739 data
1068 1690 1151 1737 est
1177 1698 1208 1735 a
1232 1681 1365 1745 Deo,
1389 1686 1449 1733 ut
1474 1693 1570 1747 per
1593 1683 1648 1731 te
1676 1680 1863 1729 sancta
1886 1670 2112 1725 Dei‘Ec-

516 1782 683 1837 clesia
732 1780 787 1833 in
834 1777 1031 1849 populo
1075 1773 1385 1830 Christiano
1429 1776 1647 1840 regatur
1672 1809 1686 1832 ,
1746 1765 2012 1820 exaltetur
2056 1770 2115 1816 et

2196 757 2424 821 dabiles,
2471 754 2560 825 qui
2605 764 2879 820 nunquam
2925 746 2979 800 in
3034 760 3092 798 se
3134 746 3414 810 sperantes
3459 735 3680 800 deserit,
3713 735 3783 789 si-

2197 859 2290 909 cut
2320 862 2343 889 θ
2366 850 2432 905 de
2459 848 2655 903 domno
2685 840 2979 912 apostolico
3023 850 3193 905 nuper
3220 840 3420 893 actum,
3449 844 3550 899 per
3576 833 3784 881 vestras

2199 940 2550 999 suavissimas
2603 936 2811 989 litteras
2859 928 3191 991 audivimus;
3243 926 3334 994 qui
3386 921 3548 976 etiam
3593 924 3786 973 vestra:

2198 1030 2525 1090 beatissima:
2549 1024 2851 1097 praesentia:
2874 1019 3071 1093 gaudet
3101 1016 3121 1055 τ
3147 1013 3432 1078 advenire,
3462 1021 3523 1064 ut
3551 1006 3788 1063 innotuit

2200 1124 2358 1180 nobis
2394 1119 2640 1177 chartula
2688 1112 3037 1184 benignitatis
3079 1114 3293 1172 vestrm,
3339 1105 3409 1159 de
3442 1117 3546 1172 qua
3591 1098 3791 1154 multas

2201 1213 2435 1271 bonitati
2478 1218 2673 1266 vestrae
2704 1204 2908 1276 gratias
2948 1201 3176 1269 agimus,
3218 1195 3359 1267 quod
3395 1194 3555 1251 solita
3590 1192 3791 1276 pietate

2206 1299 2379 1358 nostri
2410 1295 2644 1352 nominis
2676 1275 2994 1348 memoriam
3022 1285 3223 1343 habere
3256 1280 3463 1353 dignati
3492 1278 3644 1334 estis.
3675 1275 3789 1330 Non

2206 1393 2381 1449 solum
2431 1389 2497 1444 de
2538 1388 2640 1442 hac
2692 1383 2941 1456 prresenti
2991 1376 3269 1443 memoria,
3326 1380 3519 1429 vestrae
3567 1368 3794 1441 egregia:

2208 1490 2393 1562 pietati
2423 1488 2627 1560 gratias
2652 1484 2862 1555 agimus
2888 1478 3195 1542 continuas,
3222 1474 3317 1529 sed
3361 1471 3526 1526 etiam
3553 1469 3618 1524 de
3648 1465 3793 1523 omni

2208 1558 2448 1635 bonitate
2477 1584 2679 1641 vestra,
2719 1587 2883 1644 quam
2927 1571 2983 1625 in
3021 1576 3264 1623 nostram
3306 1558 3795 1633 peregrinationem

2210 1670 2392 1725 verbis
2427 1668 2513 1723 vel
2552 1666 2708 1721 factis
2754 1677 2969 1733 semper
3011 1656 3362 1716 ostendistis:
3394 1652 3566 1708 ﬁdelis
3591 1651 3646 1705 in
3675 1666 3799 1721 pro-

2214 1762 2415 1827 missis,
2457 1775 2617 1815 verus
2664 1773 2719 1812 in
2762 1753 3088 1825 perﬁciendo
3129 1747 3416 1820 promissa.
3464 1743 3800 1813 Quapropter

518 1879 892 1929 conservetur.
943 1868 1154 1934 Quanta
1185 1873 1287 1919 tuae
1332 1863 1548 1932 optimae
1591 1857 1860 1915 devotioni
1908 1868 2115 1910 merces
2144 1842 2193 1903 Β
2219 1854 2352 1911 ﬁdes
2377 1860 2575 1916 vestra,
2600 1857 2654 1904 et
2677 1848 2915 1903 charitas
2942 1859 3048 1899 non
3074 1842 3218 1906 ﬁcta,
3245 1847 3300 1893 et
3328 1836 3645 1891 intercessio
3670 1848 3801 1889 con-

519 1965 839 2020 exhibentur
864 1978 894 2016 a
928 1961 1055 2023 Deo,
1086 1959 1208 2028 quis
1234 1954 1416 2010 dicere
1442 1951 1675 2023 poterit?
1705 1948 1842 2015 Quia
1873 1963 1965 2002 nec
1989 1962 2113 1999 ocu—

521 2055 605 2110 lus
636 2054 780 2118 vidit,
810 2069 901 2107 nec
947 2050 1092 2104 auris
1119 2047 1338 2110 audivit,
1375 2061 1467 2098 nec
1497 2044 1553 2097 in
1574 2058 1661 2095 cor
1685 2039 1908 2094 hominis
1933 2052 2115 2090 ascen-

523 2147 640 2213 dit,
693 2160 811 2216 qua:
853 2140 1167 2214 praeparavit
1216 2136 1357 2190 Deus
1407 2131 1743 2204 diligentibus
1779 2145 1834 2184 se
1886 2125 1941 2198 (Ι
1987 2127 2110 2182 Cor.

522 2251 590 2300 ιι,
623 2232 699 2306 9).

597 2323 743 2380 Mitis
770 2324 838 2377 ab
862 2320 1087 2376 aetherio
1111 2318 1406 2374 clementer
1427 2314 1647 2370 Chistus
1672 2310 1900 2382 Olympo

656 2416 733 2471 Te
770 2421 941 2486 regat,
966 2410 1191 2474 exaltet,
1220 2416 1492 2478 protegat,
1532 2411 1712 2468 ornet,
1746 2407 1910 2456 amet.

598 2506 749 2563 Mens
778 2520 896 2560 mea
923 2502 1243 2571 congaudet,
1271 2499 1487 2554 bonitas
1499 2496 1613 2567 jam
1642 2502 1822 2550 vestra
1851 2491 2027 2548 ﬁdelis

670 2598 884 2668 Optime
910 2594 1052 2664 quod
1084 2607 1266 2664 regem
1289 2588 1514 2659 suscipit
1542 2588 1656 2657 ipsa
1683 2599 1886 2641 senem.

596 2690 725 2746 Haec
748 2703 942 2758 precor
967 2685 1194 2756 aspiciat
1227 2681 1482 2737 elementi
1508 2678 1715 2733 lumine
1738 2682 1955 2730 nostras

676 2778 985 2840 Litterulas,
1011 2775 1229 2845 scripsit
1248 2789 1368 2842 qua:
1392 2771 1611 2842 pietatis
1631 2783 1802 2823 amor.

604 2874 799 2930 Sidera
821 2881 1005 2928 sancta
1030 2869 1160 2938 poli,
1201 2866 1389 2922 viridis
1419 2864 1502 2919 vel
1528 2862 1772 2935 gramina
1799 2867 1979 2924 terras,

677 2962 866 3018 Omnia
898 2960 1236 3016 conclament
1264 2976 1275 3008 :
1304 2955 1471 3010 David
1500 2954 1701 3023 ubique
1727 2949 1848 3004 vale
1873 2950 1886 3003 Ξ

603 3055 797 3121 Terra,
828 3050 1266 3124 polus,pelagus,
1302 3047 1563 3110 homines,
1588 3045 1942 3111 volucresque
1966 3037 2124 3094 ferte-

1806 3124 1831 3153 ⁶
1924 3130 2055 3187 Ioue

675 3235 946 3293 Concordi
978 3235 1213 3290 clament
1244 3243 1412 3287 voce:
1439 3228 1624 3284 Valete
1653 3224 1842 3296 pater!
1924 3130 1985 3204 lq

1019 3348 1050 3387 δ
1086 3343 1420 3403 EPISTOLA
1456 3340 1621 3397 XCVI

1055 3433 1120 3474 Nl
1156 3430 1371 3471 DOINUII
1415 3427 1611 3468 REGI-ll.

1162 3506 1340 3577 (Anno
1379 3501 1527 3573 799.)

535 3602 755 3658 Gratias
784 3600 893 3670 agit
918 3614 1024 3670 pro
1042 3598 1125 3670 sui
1169 3596 1420 3670 memoria
1448 3595 1505 3647 in
1539 3590 1791 3670 epistolis,
1817 3598 1866 3645 et
1890 3588 2132 3670 plurimis

614 3660 841 3741 acceptis
864 3660 1142 3791 be'nlefciis.
1169 3665 1374 3719 Laudat
1404 3673 1452 3718 et
1476 3660 1668 3719 excitat
1694 3678 1862 3732 regem
1885 3660 1953 3713 ad
1970 3660 2135 3731 justi-

614 3743 743 3791 tiam
768 3739 959 3791 redden
999 3754 1085 3791 am
1105 3738 1214 3790 sedi
1243 3734 1559 3791 apostolica}.
1592 3732 1828 3786 Excusat
1854 3748 1908 3785 se
1937 3733 2000 3785 ab
2043 3730 2133 3783 iti-

614 3730 746 3796 tiant
768 3730 1085 3794 reddendam
1105 3738 1214 3790 sedi
1243 3734 1559 3805 apostolica}.
1592 3730 1828 3786 Excusat
1854 3748 1908 3785 se
1937 3730 2002 3805 all
2043 3730 2133 3783 iti-

615 3827 738 3934 neze
769 3809 989 3863 Romam
1020 3800 1368 3878 suscipiendo.
1398 3803 1554 3875 Optat
1585 3819 1764 3875 pacem
1801 3818 1920 3855 cum
1964 3800 2138 3856 Saxo-

618 3898 673 3934 m
710 3898 792 3934 us.

619 3971 847 4029 Domino
872 3969 927 4023 in
962 3968 1190 4023 Domino
1215 3966 1565 4022 Dominorum
1590 3963 1939 4020 dilectissimo
1969 3960 2140 4016 David

545 4064 682 4136 regi,
721 4061 949 4117 Flaccus
978 4059 1152 4115 ﬁdelis
1197 4066 1383 4115 orator
1417 4057 1760 4127 sempiternae
1787 4053 2140 4111 beatitudinis

547 4156 606 4211 in
635 4155 850 4211 Christo
879 4152 1129 4208 salutem.

624 4247 947 4301 Revertente
974 4260 1061 4298 me
1095 4244 1161 4296 de
1191 4252 1214 4281 ο
1250 4241 1440 4297 Wicus
1472 4247 1694 4310 propter
1731 4253 1923 4293 causas
1953 4251 2142 4291 neces-

551 4338 724 4395 sarias
769 4352 903 4406 quas
937 4334 1136 4389 ibidem
1194 4310 1483 4387 habuimus
1529 4332 1848 4400 disponere,
1894 4341 2145 4383 occurre-

552 4507 759 4564 nullum
782 4506 983 4561 bellum
1018 4504 1221 4575 gessit:
1268 4517 1370 4575 nec
1411 4503 1619 4574 integer
1636 4502 1735 4575 ille
1757 4500 2145 4575 populus,»_sed

2214 1945 2387 2009 tinua,
2418 1941 2474 1997 in
2500 1954 2700 1995 arcano
2732 1936 2913 1993 cordis
2937 1934 3042 1989 mei
3072 1934 3344 1992 thesauro,
3378 1935 3614 1983 vestram
3659 1923 3804 1995 jugi-

2215 2047 2300 2094 ter
2345 2034 2690 2106 amplectitur
2739 2027 3148 2086 beatitudinem.
3197 2023 3243 2081 O
3284 2020 3595 2089 dulcissime
3636 2017 3802 2072 decus

2215 2128 2393 2201 populi
2443 2123 2763 2181 Christiani!
2805 2137 2839 2176 ο
2876 2118 3116 2175 defensio
3163 2115 3517 2173 ecclesiarum
3562 2110 3798 2166 Christi!

2218 2218 2513 2277 consolatio
2540 2215 2664 2269 vita:
2685 2211 2991 2284 prteseutis!
3021 2209 3227 2277 Quibus
3249 2216 3397 2261 tuam
3415 2201 3802 2259 beatitudinem

2219 2310 2472 2369 omnibus
2500 2303 2865 2362 necessarium
2894 2310 2978 2357 est
3005 2300 3144 2354 votis
3174 2297 3427 2360 exaltare,
3459 2290 3804 2348 intercessio-

2142 2407 2151 2417 '
2220 2405 2378 2460 nibus
2405 2399 2678 2469 adjuvare,
2708 2405 2973 2467 quatenus
2998 2408 3097 2463 per
3123 2399 3359 2447 vestram
3388 2385 3800 2458 prosperitatem

2221 2493 2591 2552 Christianum
2634 2498 2848 2545 tueatur
2890 2487 3194 2556 imperium,
3244 2482 3375 2537 ﬁdes
3424 2478 3693 2535 catholica
3719 2477 3809 2532 de-

2224 2587 2494 2651 fendatur,
2517 2582 2740 2653 iustitiae
2766 2578 2949 2651 regula
2977 2577 3229 2633 omnibus
3256 2575 3577 2629 innotescat.

2294 2700 2434 2755 Ecce
2458 2696 2588 2767 quid
2614 2703 2790 2749 actum
2823 2699 2906 2747 est
2930 2692 2996 2747 de
3028 2688 3321 2760 apostolica
3350 2687 3477 2742 sede
3502 2685 3558 2740 in
3586 2683 3807 2740 civitate

2224 2794 2518 2866 przecipua,
2546 2790 2601 2846 in
2649 2788 2909 2859 dignitate
2949 2782 3420 2847 excellentissima,
3467 2794 3586 2850 quae
3632 2777 3815 2833 omnia

2226 2894 2409 2941 vestro
2458 2879 2831 2937 tantummodo
2876 2883 3163 2933 servantur
3195 2872 3430 2942 judicio;
3479 2879 3539 2927 ut
3574 2868 3815 2940 pruden-

2226 2976 2439 3032 tissimo
2484 2972 2709 3030 consilio
2738 2968 3015 3040 sapientiae
3055 2966 3210 3021 vobis
3246 2980 3277 3017 a
3306 2963 3417 3018 Deo
3444 2961 3582 3016 data:
3611 2966 3817 3030 tempe-

2227 3075 2347 3121 rata
2373 3061 2807 3121 consideratione
2829 3057 3168 3129 corrigantur
3189 3068 3309 3124 qua:
3333 3050 3647 3122 corrigenda
3670 3056 3815 3117 sunt,

2231 3165 2286 3214 et
2310 3161 2700 3211 conserventur
2725 3166 2844 3220 qua:
2883 3144 3252 3204 conservanda
3294 3152 3450 3208 sunt;
3480 3150 3536 3197 et
3564 3156 3675 3211 qua
3711 3138 3820 3194 cle-

2231 3258 2446 3304 menter
2476 3244 2657 3301 divina
2704 3241 2869 3312 gessit
2898 3240 3105 3309 pietas,
3140 3235 3467 3293 extollantur
3504 3233 3559 3287 in
3606 3232 3819 3286 laudem

2229 3339 2466 3397 nominis
2494 3336 2657 3400 illius,
2688 3333 2781 3403 qui
2827 3328 3033 3387 salvum
3080 3328 3208 3384 fecit
3252 3341 3466 3383 servum
3495 3339 3651 3380 suum
3675 3330 3731 3378 et
3763 3320 3823 3377 li-

2229 3429 2442 3488 beravit
2461 3444 2489 3482 a
2510 3423 2889 3497 persecutione
2908 3436 2972 3476 ex
2982 3420 3229 3475 ecranda:
3250 3417 3601 3474 inﬁdelitatis.
3629 3414 3822 3470 Vestra

2229 3535 2360 3576 vero
2399 3514 2799 3588 sapientissima
2830 3510 2996 3567 animi
3030 3510 3329 3580 prudentia,
3361 3510 3488 3563 dum
3530 3505 3714 3561 omnia
3743 3505 3825 3560 in-

2234 3611 2457 3680 telligat,
2488 3606 2617 3678 quid
2645 3622 2732 3661 cm
2774 3601 3063 3659 conveniat
3106 3614 3370 3672 persona},
3401 3598 3457 3653 in
3481 3595 3823 3652 benefacien-

2234 3708 2324 3774 do,
2354 3708 2468 3762 sive
2492 3705 2547 3760 in
2581 3703 2904 3759 vindicando
2932 3699 3121 3774 [faciat
3145 3707 3200 3752 et
3223 3692 3513 3767 perﬁciat],
3540 3693 3688 3763 quod
3717 3692 3824 3746 Deo

2234 3798 2464 3870 placeat,
2502 3804 2557 3851 et
2579 3794 2831 3851 omnibus
2860 3793 3003 3847 bona
3040 3788 3095 3843 in
3122 3787 3278 3842 vobis
3302 3784 3550 3840 voluntas
3573 3780 3827 3838 ostenda-

2237 3899 2345 3956 tur,
2368 3888 2615 3944 laudetur
2636 3894 2690 3942 et
2712 3894 2941 3941 ametur.
2970 3882 3085 3939 Hoc
3120 3879 3421 3937 certissime
3450 3877 3624 3947 pietas
3643 3884 3826 3931 vestra

2239 3988 2513 4052 agnoscat,
2559 3979 2705 4050 quod
2747 3977 2948 4033 nullius
2994 3975 3273 4031 hominum
3318 3969 3438 4025 auri
3488 3967 3573 4023 vel
3616 3965 3823 4038 argenti

2240 4069 2560 4125 munuscula
2599 4076 2811 4123 tantum
2848 4065 3122 4121 laetiﬁcant
3155 4061 3335 4118 Flacci
3361 4060 3522 4115 vestri
3552 4059 3823 4120 animum;

2242 4172 2500 4233 quantum
2533 4160 2880 4219 beatitudinis
2908 4167 3106 4214 vestrae
3134 4157 3314 4226 apices
3341 4153 3489 4210 omni
3517 4151 3717 4224 gaudio
3749 4165 3829 4205 re-

2242 4254 2453 4310 ﬁciunt.
2480 4254 2604 4309 ideo
2633 4251 2859 4323 supplici
2882 4259 3009 4305 voto
3036 4249 3314 4319 deprecor,
3342 4253 3395 4300 ut
3425 4243 3620 4314 saepius
3636 4241 3831 4313 jubea-

2243 4348 2314 4404 tis
2338 4348 2477 4415 ﬁeri,
2506 4346 2649 4417 quod
2677 4362 2765 4401 me
2790 4358 3003 4415 semper
3026 4356 3207 4397 amare
3233 4336 3548 4411 agnoscitis.

2318 4518 2347 4558 δ
2382 4516 2525 4571 Edit.
2547 4515 2797 4581 Quercet.
2825 4511 2891 4565 1‘2
2908 4526 2971 4565 ex
2990 4525 3092 4565 ms.
3111 4506 3365 4581 (Froben.
3387 4502 3501 4581 8l_.)
3520 4501 3835 4581 Scriptaest

551 4578 867 4653 anq‘lo".ex._
905 4562 1233 4653 Ρνίιιῗονίδυὲ
1277 4574 1332 4626 in
1366 4562 1596 4653 mqr‘é’m
1627 4562 2145 4653 .LeOﬁi3-,E°"§ili3‘§
2168 4562 2223 4622 Β
2249 4562 2538 4652 antea-tiam
2554 4562 3068 4653 iéa'iaéiiaVehiréi
3083 4562 3148 4633 ad
3170 4576 3419 4633 Carolum
3443 4562 3512 4627 Μ.
3536 4562 3681 4627 anno
3709 4572 3833 4628 799.

554 4641 723 4719 sunt).
752 4641 1137 4719 Relinquantur
1158 4642 1541 4719 aliquantulum
1568 4643 1741 4707 ηιξκιε,
1771 4660 1838 4719 ne
1854 4641 2141 4719 (Saxones)

552 4712 804 4801 obdurati
825 4712 1049 4801 fugiant.
1077 4755 1092 4770 .
1120 4754 1136 4769 .
1161 4753 1175 4768 .
1224 4712 1502 4801 tenendum
1532 4723 1629 4796 est,
1653 4714 1793 4795 quod
1819 4712 2040 4796 habetur

555 4788 734 4868 terris.
772 4784 1041 4859 saxoniaa)
1106 4802 1195 4867 ne_
1224 4784 1869 4868 propter-acquisizionetn
1926 4784 2145 4838 minoris

556 4856 738 5000 érefni
780 4871 973 4938 nempe
1001 4854 1199 4910 terreni
1225 4854 1651 4938 atnpliationeni)
1689 4854 1828 4925 quod
1866 4855 2040 4925 majus
2070 4862 2147 4909 est

583 4942 729 5000 sane
772 4926 1107 5000 Ecclesueet
1140 4934 1333 5000 capitis
1380 4926 1544 4995 Illius)
1576 4927 1868 5000 amittatur.
1900 4925 2147 5000 Servetur

583 4925 729 4984 salus
772 4926 1027 4981 Ecclesiae
1051 4935 1107 4981 et
1140 4927 1333 4996 capitis
1380 4926 1544 4995 illius)
1576 4927 1868 4979 amittatur.
1900 4925 2148 4996 Servetur

557 4992 703 5079 ovile.
724 4998 993 5079 preprium
1024 4992 1303 5065 (Ecclesia,
1350 5012 1469 5065 qua:
1503 4992 1721 5079 proprie
1747 4996 1886 5077 ovile
1912 4992 2149 5061 cujusvis

560 5065 737 5123 ﬁdelis
765 5065 1101 5136 appellatur;
1151 5083 1251 5123 nec
1287 5082 1352 5121 eo
1382 5065 1597 5122 nomine
1638 5065 1910 5136 Alcuinus
1925 5078 2150 5136 regnum

558 5134 1047 5260 LonPobardicum,
1075 5134 1135 5193 ut
1162 5138 1275 5193 vult
1300 5137 1513 5207 Pagius,
1548 5136 1806 5204 insignire
1831 5134 2107 5205 voluisset)
2133 5150 2147 5186 :

560 5226 626 5260 ne
692 5225 823 5260 unus
854 5225 1019 5260 ranam
1058 5209 1283 5260 devastet
1328 5206 1460 5260 illud
1495 5208 1772 5260 (percusso
1813 5218 2005 5260 nempe
2054 5218 2147 5260 Da-

560 5226 626 5263 nc
671 5206 823 5279 lupus
854 5225 1025 5279 rapax,
1058 5209 1292 5279 devastet
1328 5206 1467 5279 illud
1495 5208 1772 5279 (percusso
1813 5218 2005 5279 nempe
2054 5218 2150 5271 pa-

561 5274 736 5360 store)
766 5280 845 5360 ita
974 5278 1160 5334 alienis
1196 5274 1531 5360 sudgturﬂﬁti
1573 5275 1769 5344 populo
1795 5274 2028 5360 nondum
2056 5288 2150 5354 ae-

561 5343 807 5419 quisiio),
844 5350 983 5402 utin
1030 5349 1254 5418 propriis
1287 5346 1370 5471 (Sin
1407 5343 1474 5401 iis
1521 5343 1712 5412 nempe
1750 5360 1869 5413 quae
1897 5343 2153 5398 Ecclesiae

561 5419 764 5471 bonum
796 5428 1146 5471 concernunt.
1177 5432 1283 5471 auo
1349 5415 1542 5471 cuiuue
1564 5414 1822 5471 ﬁdelium.
1852 5413 2152 5471 Dniznrimis

561 5413 776 5474 bonum
795 5413 1146 5483 Concern'unt',
1177 5413 1321 5487 quod
1349 5415 1542 5485 cuique
1564 5414 1822 5487 ﬁdelium,
1851 5413 2152 5487 pmzprimis

562 5502 694 5543 vero
723 5504 972 5557 supremo
993 5489 1136 5542 illius
1157 5484 1419 5542 advocato
1439 5484 1593 5557 quasi
1620 5485 1894 5557 proprium
1917 5499 2035 5539 esse
2061 5484 2150 5538 de-

560 5557 675 5641 bet)
698 5555 948 5641 damnum
975 5574 1078 5641 non
1100 5558 1353 5641 patiatur,
1382 5564 1486 5641 etc.
1518 5555 1729 5636 Eruditi
1752 5564 2003 5641 statuent,
2031 5569 2154 5635 quae

566 5623 796 5683 istarum
816 5623 1315 5696 interpretationum
1338 5624 1579 5695 praal‘erri
1613 5633 1706 5678 aut
1745 5625 1959 5680 Alcuini
1988 5623 2155 5680 menti

566 5697 897 5754 conformior
916 5697 1124 5753 censeri
1142 5704 1434 5752 mereatur.

638 5782 664 5809 υ
709 5767 849 5821 Olim
884 5807 899 5821 .
941 5807 955 5821 .
999 5806 1013 5820 .
1052 5767 1117 5821 de
1141 5768 1409 5821 exactione

638 5782 664 5809 ³
709 5782 849 5821 unm
884 5807 899 5822 ο

538 5891 543 5900 .
563 5839 725 5933 stolis
742 5837 832 5904 28,
853 5838 946 5906 3i,
970 5836 1040 5893 57
1068 5845 1125 5895 et
1153 5836 1222 5892 72
1248 5834 1415 5910 (nunc
1432 5838 1528 5911 ζῶ,
1554 5836 1643 5906 56,
1664 5836 1738 5893 42
1757 5844 1813 5894 et
1830 5834 1944 5912 87).

2316 4670 2338 4697 ο
2381 4643 2582 4710 Wicus.
2620 4643 2782 4710 Cella.
2796 4652 3064 4706 maritima
3092 4648 3151 4704 S.
3183 4647 3370 4702 Jodoci
3403 4645 3542 4715 apud
3570 4643 3833 4715 Morinos,

2243 4728 2405 4784 hodie
2432 4727 2492 4780 S.
2519 4721 2954 4780 Josse-sur-Mer.
2991 4720 3145 4787 Quod
3182 4714 3566 4787 monasterium
3588 4714 3837 4787 Carolus

2244 4783 2474 4853 Alcuino
2503 4796 2725 4850 tradidit
2766 4783 3078 4859 regendum,
3109 4790 3241 4843 dum
3277 4803 3345 4843 ex
3366 4783 3557 4858 Anglia
3585 4785 3640 4839 in
3662 4783 3839 4839 Fran-

2248 4869 2389 4924 ciam
2419 4867 2580 4921 rediit
2601 4880 2741 4920 anno
2777 4864 2879 4917 792
2900 4863 2987 4917 vel
3008 4859 3273 4929 sequenti.

2317 4937 2344 4976 ἀ
2387 4936 2635 4992 Sororem
2677 4943 2917 4989 vestram.
2966 4924 3169 5001 Nempe
3211 4927 3465 5001 Gisalam,
3510 4925 3729 5001 [ortean
3782 4924 3838 4979 in

2248 5007 2589 5061 Parthenone
2613 5004 2847 5065 Calensi,
2872 5002 3026 5071 cuius
3045 4995 3315 5054 abbatissa
3345 5005 3482 5071 erat.
3510 4995 3743 5052 MARILL.

2325 5090 2349 5117 ε
2389 5077 2465 5131 De
2501 5077 2691 5130 domno
2719 5065 3024 5143 apostolico,
3050 5071 3226 5143 Leone
3249 5067 3521 5143 pontiﬁce,
3557 5082 3724 5143 quem
3760 5065 3843 5143 di-

2251 5147 2377 5202 vina
2403 5136 2769 5201 misericordia
2806 5159 2912 5197 non
2941 5136 3210 5206 deSeruit;
3249 5136 3342 5194 sed
3370 5137 3675 5209 prodigiose
3700 5152 3735 5192 e
3763 5136 3842 5191 la-

2253 5226 2468 5272 tronum
2503 5216 2755 5271 manibus
2776 5213 3049 5279 liberavit,
3071 5211 3227 5279 eique
3256 5206 3547 5265 oculorum
3561 5216 3616 5262 et
3641 5206 3844 5279 lingnre

2254 5303 2412 5342 usum
2438 5288 2747 5355 ademptum
2775 5277 3040 5347 restituit;
3077 5277 3235 5355 prout
3253 5281 3381 5355 ejus
3397 5279 3663 5355 temporis
3700 5277 3843 5355 scri-

2255 5366 2443 5429 ptores
2466 5348 2754 5429 testantur,
2778 5363 2837 5429 et
2855 5348 3093 5429 ipsemet
3114 5348 3500 5429 Alcuinushoc
3541 5350 3661 5429 loco
3710 5348 3844 5429 insi-

2256 5419 2387 5483 nuat
2433 5428 2500 5482 iis
2546 5419 2771 5483 verbis:
2799 5419 2930 5491 Qu'w
2978 5423 3249 5477 clementer
3290 5421 3469 5474 diuina
3526 5419 3683 5491 gessit
3725 5420 3843 5490 pie-

2258 5508 2356 5562 tas,
2387 5508 2490 5553 etc.

2331 5558 2353 5607 ί
2395 5568 2666 5623 Advenire.
2696 5565 2924 5620 Advenit
2958 5564 3067 5619 Leo
3115 5578 3253 5633 papa
3283 5560 3351 5616 ad
3397 5558 3671 5633 Carolum,
3708 5558 3844 5613 dum

2258 5639 2306 5694 is
2332 5637 2400 5692 ad
2425 5634 3030 5707 Padresbrunnajnune
3049 5628 3429 5707 Pa'de'rbornae)
3452 5628 3716 5685 resideret
3746 5644 3844 5707 an-

941 5698 1124 5822 ίθηδεὲἓ
1141 5704 1636 5822 ἓξὲξῗέξέοάωωα
1827 5768 1838 5779 ,
1882 5767 1894 5778 ,
2112 5765 2125 5778 ,
2158 5744 2159 5747 η
2257 5726 2330 5764 no
2357 5708 2607 5791 praesenti
2649 5722 2743 5762 seu
2772 5698 2891 5771 799,
2936 5706 3117 5775 ibique
3157 5704 3306 5776 regia
3333 5698 3555 5772 prorsus
3589 5698 3844 5773 magniﬁ-

941 5807 955 5821 -
999 5806 1013 5820 -
1260 5834 1267 5836 .
1641 5782 1756 5821 mm
1784 5766 1914 5836 dme
1954 5764 2017 5821 Ῑη
2042 5781 2165 5836 θυι-ἰ
2257 5787 2436 5835 centra
2467 5785 2748 5836 susceptus
2777 5785 2880 5836 est.
2903 5786 2964 5832 ut
2991 5784 3221 5833 testatur
3245 5772 3583 5830 Anastasius.
3777 5797 3781 5801 ·

2257 5772 2436 5835 centia
2467 5785 2748 5846 susceptus
2777 5785 2880 5861 est,
2903 5786 2964 5832 ut
2991 5772 3583 5833 téstatur'Anaslasius.
