  <div class='ocr_page' id='page_1' title='image "/cluster/home/n/w/nwhite01/storage/ocr_20150623/100/hvd.32044024239972/158.png"; bbox 0 0 4074 6434; ppageno 0'>
   <div class='ocr_carea' id='block_1_1' title="bbox 259 467 360 528">
    <p class='ocr_par' dir='ltr' id='par_1_1' title="bbox 259 467 360 528">
     <span class='ocr_line' id='line_1_1' title="bbox 259 467 360 528; baseline 0 0"><span class='ocrx_word' id='word_1_1' title='bbox 259 467 360 528; x_wconf 75' lang='lat'><strong>505</strong></span> 
     </span>
    </p>
   </div>
   <div class='ocr_carea' id='block_1_2' title="bbox 1700 454 2083 514">
    <p class='ocr_par' dir='ltr' id='par_1_2' title="bbox 1700 454 2083 514">
     <span class='ocr_line' id='line_1_2' title="bbox 1700 454 2083 514; baseline 0.005 -2"><span class='ocrx_word' id='word_1_2' title='bbox 1700 454 2083 514; x_wconf 58' lang='lat' dir='ltr'><strong>EPISTOLIE.</strong></span> 
     </span>
    </p>
   </div>
   <div class='ocr_carea' id='block_1_3' title="bbox 3412 449 3521 508">
    <p class='ocr_par' dir='ltr' id='par_1_3' title="bbox 3412 449 3521 508">
     <span class='ocr_line' id='line_1_3' title="bbox 3412 449 3521 508; baseline 0 0"><span class='ocrx_word' id='word_1_3' title='bbox 3412 449 3521 508; x_wconf 79' lang='lat'><strong>506</strong></span> 
     </span>
    </p>
   </div>
   <div class='ocr_carea' id='block_1_4' title="bbox 246 569 3535 659">
    <p class='ocr_par' dir='ltr' id='par_1_4' title="bbox 246 569 3535 659">
     <span class='ocr_line' id='line_1_4' title="bbox 246 569 3535 659; baseline -0.004 -19"><span class='ocrx_word' id='word_1_4' title='bbox 246 640 253 659; x_wconf 48' lang='grc' dir='ltr'>ι</span> <span class='ocrx_word' id='word_1_5' title='bbox 327 584 483 657; x_wconf 74' lang='grc'><strong>120</strong></span> <span class='ocrx_word' id='word_1_6' title='bbox 504 582 583 639; x_wconf 90' lang='lat' dir='ltr'><strong>De</strong></span> <span class='ocrx_word' id='word_1_7' title='bbox 605 581 696 637; x_wconf 77' lang='lat' dir='ltr'><strong>illo</strong></span> <span class='ocrx_word' id='word_1_8' title='bbox 714 580 911 637; x_wconf 75' lang='lat' dir='ltr'><strong>itinere</strong></span> <span class='ocrx_word' id='word_1_9' title='bbox 937 594 1071 636; x_wconf 87' lang='lat' dir='ltr'><strong>vero</strong></span> <span class='ocrx_word' id='word_1_10' title='bbox 1094 578 1256 651; x_wconf 86' lang='lat' dir='ltr'><strong>longo</strong></span> <span class='ocrx_word' id='word_1_11' title='bbox 1281 586 1339 636; x_wconf 90' lang='lat' dir='ltr'><strong>et</strong></span> <span class='ocrx_word' id='word_1_12' title='bbox 1368 578 1639 634; x_wconf 85' lang='lat' dir='ltr'><strong>laborioso</strong></span> <span class='ocrx_word' id='word_1_13' title='bbox 1666 585 1693 614; x_wconf 74' lang='grc'>⁸</span> <span class='ocrx_word' id='word_1_14' title='bbox 1721 577 1829 631; x_wconf 91' lang='lat' dir='ltr'><strong>R0-</strong></span> <span class='ocrx_word' id='word_1_15' title='bbox 1852 580 1910 636; x_wconf 78' lang='lat' dir='ltr'><strong>A</strong></span> <span class='ocrx_word' id='word_1_16' title='bbox 2003 592 2104 659; x_wconf 52' lang='lat' dir='ltr'><strong>nia;</strong></span> <span class='ocrx_word' id='word_1_17' title='bbox 2125 592 2160 659; x_wconf 17' lang='lat' dir='ltr'><strong><em>:A</em></strong></span> <span class='ocrx_word' id='word_1_18' title='bbox 2193 576 2434 659; x_wconf 58' lang='lat' dir='ltr'><strong>hortatur</strong></span> <span class='ocrx_word' id='word_1_19' title='bbox 2474 574 2543 659; x_wconf 62' lang='lat' dir='ltr'><strong>uti</strong></span> <span class='ocrx_word' id='word_1_20' title='bbox 2601 591 2730 659; x_wconf 63' lang='lat' dir='ltr'><strong>opus</strong></span> <span class='ocrx_word' id='word_1_21' title='bbox 2763 572 3152 659; x_wconf 67' lang='lat' dir='ltr'><strong>prwdicationis</strong></span> <span class='ocrx_word' id='word_1_22' title='bbox 3186 578 3234 659; x_wconf 80' lang='lat' dir='ltr'><strong>et</strong></span> <span class='ocrx_word' id='word_1_23' title='bbox 3269 569 3535 659; x_wconf 48' lang='grc' dir='ltr'><strong>ςφξτέιξξ.</strong></span> 
     </span>
    </p>
   </div>
   <div class='ocr_carea' id='block_1_5' title="bbox 259 666 1835 757">
    <p class='ocr_par' dir='ltr' id='par_1_5' title="bbox 259 666 1835 757">
     <span class='ocr_line' id='line_1_5' title="bbox 259 666 1835 757; baseline -0.008 -23"><span class='ocrx_word' id='word_1_24' title='bbox 259 692 393 736; x_wconf 85' lang='lat' dir='ltr'><strong>mam</strong></span> <span class='ocrx_word' id='word_1_25' title='bbox 417 673 603 742; x_wconf 83' lang='lat' dir='ltr'><strong>eundi,</strong></span> <span class='ocrx_word' id='word_1_26' title='bbox 634 673 941 729; x_wconf 71' lang='lat' dir='ltr'><strong>nullatenus</strong></span> <span class='ocrx_word' id='word_1_27' title='bbox 982 671 1257 727; x_wconf 83' lang='lat' dir='ltr'><strong>infirmum</strong></span> <span class='ocrx_word' id='word_1_28' title='bbox 1281 678 1337 726; x_wconf 90' lang='lat' dir='ltr'><strong>et</strong></span> <span class='ocrx_word' id='word_1_29' title='bbox 1364 668 1711 757; x_wconf 50' lang='lat' dir='ltr'><strong>quotidianis.</strong></span> <span class='ocrx_word' id='word_1_30' title='bbox 1725 666 1835 723; x_wconf 90' lang='lat' dir='ltr'><strong>fra-</strong></span> 
     </span>
    </p>
   </div>
   <div class='ocr_carea' id='block_1_6' title="bbox 254 761 1837 837">
    <p class='ocr_par' dir='ltr' id='par_1_6' title="bbox 254 761 1837 837">
     <span class='ocr_line' id='line_1_6' title="bbox 254 761 1837 837; baseline -0.006 -11"><span class='ocrx_word' id='word_1_31' title='bbox 254 780 394 827; x_wconf 87' lang='lat' dir='ltr'><strong>ctum</strong></span> <span class='ocrx_word' id='word_1_32' title='bbox 430 766 707 824; x_wconf 82' lang='lat' dir='ltr'><strong>doloribus</strong></span> <span class='ocrx_word' id='word_1_33' title='bbox 753 766 1131 837; x_wconf 84' lang='lat' dir='ltr'><strong>corpusculum</strong></span> <span class='ocrx_word' id='word_1_34' title='bbox 1176 780 1311 820; x_wconf 84' lang='lat' dir='ltr'><strong>meae</strong></span> <span class='ocrx_word' id='word_1_35' title='bbox 1339 763 1647 836; x_wconf 70' lang='lat' dir='ltr'><strong>fragilitatis</strong></span> <span class='ocrx_word' id='word_1_36' title='bbox 1675 761 1837 834; x_wconf 80' lang='lat' dir='ltr'><strong>perti—</strong></span> 
     </span>
    </p>
   </div>
   <div class='ocr_carea' id='block_1_7' title="bbox 256 855 1837 930">
    <p class='ocr_par' dir='ltr' id='par_1_7' title="bbox 256 855 1837 930">
     <span class='ocr_line' id='line_1_7' title="bbox 256 855 1837 930; baseline -0.004 -13"><span class='ocrx_word' id='word_1_37' title='bbox 256 875 373 917; x_wconf 88' lang='lat' dir='ltr'><strong>cere</strong></span> <span class='ocrx_word' id='word_1_38' title='bbox 399 874 562 930; x_wconf 84' lang='lat' dir='ltr'><strong>posse</strong></span> <span class='ocrx_word' id='word_1_39' title='bbox 601 859 856 914; x_wconf 73' lang='lat' dir='ltr'><strong>arbitror.</strong></span> <span class='ocrx_word' id='word_1_40' title='bbox 902 857 1242 915; x_wconf 88' lang='lat' dir='ltr'><strong>Desiderium</strong></span> <span class='ocrx_word' id='word_1_41' title='bbox 1267 858 1384 929; x_wconf 90' lang='lat' dir='ltr'><strong>iam</strong></span> <span class='ocrx_word' id='word_1_42' title='bbox 1425 857 1553 912; x_wconf 84' lang='lat' dir='ltr'><strong>habt</strong></span> <span class='ocrx_word' id='word_1_43' title='bbox 1598 868 1758 921; x_wconf 70' lang='lat' dir='ltr'><strong>ssem,</strong></span> <span class='ocrx_word' id='word_1_44' title='bbox 1788 855 1837 911; x_wconf 90' lang='lat' dir='ltr'><strong>si</strong></span> 
     </span>
    </p>
   </div>
   <div class='ocr_carea' id='block_1_8' title="bbox 252 946 1838 1022">
    <p class='ocr_par' dir='ltr' id='par_1_8' title="bbox 252 946 1838 1022">
     <span class='ocr_line' id='line_1_8' title="bbox 252 946 1838 1022; baseline -0.003 -16"><span class='ocrx_word' id='word_1_45' title='bbox 252 957 486 1022; x_wconf 87' lang='lat' dir='ltr'><strong>potestas</strong></span> <span class='ocrx_word' id='word_1_46' title='bbox 527 956 673 1006; x_wconf 88' lang='lat' dir='ltr'><strong>esset</strong></span> <span class='ocrx_word' id='word_1_47' title='bbox 714 949 1023 1020; x_wconf 76' lang='lat' dir='ltr'><strong>peragendi.</strong></span> <span class='ocrx_word' id='word_1_48' title='bbox 1065 948 1189 1017; x_wconf 86' lang='lat' dir='ltr'><strong>Ideo</strong></span> <span class='ocrx_word' id='word_1_49' title='bbox 1230 949 1456 1004; x_wconf 90' lang='lat' dir='ltr'><strong>obsecro</strong></span> <span class='ocrx_word' id='word_1_50' title='bbox 1480 946 1838 1004; x_wconf 87' lang='lat' dir='ltr'><strong>clementissi-</strong></span> 
     </span>
    </p>
   </div>
   <div class='ocr_carea' id='block_1_9' title="bbox 254 1038 1838 1112">
    <p class='ocr_par' dir='ltr' id='par_1_9' title="bbox 254 1038 1838 1112">
     <span class='ocr_line' id='line_1_9' title="bbox 254 1038 1838 1112; baseline -0.003 -15"><span class='ocrx_word' id='word_1_51' title='bbox 254 1058 389 1097; x_wconf 83' lang='lat' dir='ltr'><strong>matu</strong></span> <span class='ocrx_word' id='word_1_52' title='bbox 413 1041 761 1112; x_wconf 88' lang='lat' dir='ltr'><strong>paternitatis</strong></span> <span class='ocrx_word' id='word_1_53' title='bbox 786 1050 980 1097; x_wconf 66' lang='lat' dir='ltr'><strong>vestrae</strong></span> <span class='ocrx_word' id='word_1_54' title='bbox 1020 1039 1468 1106; x_wconf 70' lang='lat' dir='ltr'><strong>benevolentiam,</strong></span> <span class='ocrx_word' id='word_1_55' title='bbox 1507 1047 1569 1094; x_wconf 91' lang='lat' dir='ltr'><strong>ut</strong></span> <span class='ocrx_word' id='word_1_56' title='bbox 1599 1038 1838 1094; x_wconf 87' lang='lat' dir='ltr'><strong>dimitta-</strong></span> 
     </span>
    </p>
   </div>
   <div class='ocr_carea' id='block_1_10' title="bbox 250 1128 1836 1197">
    <p class='ocr_par' dir='ltr' id='par_1_10' title="bbox 250 1128 1836 1197">
     <span class='ocr_line' id='line_1_10' title="bbox 250 1128 1836 1197; baseline -0.001 -12"><span class='ocrx_word' id='word_1_57' title='bbox 250 1130 314 1187; x_wconf 91' lang='lat' dir='ltr'><strong>tis</strong></span> <span class='ocrx_word' id='word_1_58' title='bbox 353 1147 443 1186; x_wconf 89' lang='lat' dir='ltr'><strong>me</strong></span> <span class='ocrx_word' id='word_1_59' title='bbox 491 1131 727 1186; x_wconf 82' lang='lat' dir='ltr'><strong>fideliter</strong></span> <span class='ocrx_word' id='word_1_60' title='bbox 770 1139 826 1188; x_wconf 92' lang='lat' dir='ltr'><strong>et</strong></span> <span class='ocrx_word' id='word_1_61' title='bbox 872 1132 1138 1187; x_wconf 81' lang='lat' dir='ltr'><strong>instanter</strong></span> <span class='ocrx_word' id='word_1_62' title='bbox 1180 1131 1533 1197; x_wconf 83' lang='lat' dir='ltr'><strong>orationibus,</strong></span> <span class='ocrx_word' id='word_1_63' title='bbox 1574 1143 1697 1185; x_wconf 89' lang='lat' dir='ltr'><strong>cum</strong></span> <span class='ocrx_word' id='word_1_64' title='bbox 1726 1128 1836 1184; x_wconf 89' lang='lat' dir='ltr'><strong>Deo</strong></span> 
     </span>
    </p>
   </div>
   <div class='ocr_carea' id='block_1_11' title="bbox 247 1221 1837 1295">
    <p class='ocr_par' dir='ltr' id='par_1_11' title="bbox 247 1221 1837 1295">
     <span class='ocr_line' id='line_1_11' title="bbox 247 1221 1837 1295; baseline -0.004 -15"><span class='ocrx_word' id='word_1_65' title='bbox 247 1225 611 1281; x_wconf 70' lang='lat' dir='ltr'><strong>servientibus</strong></span> <span class='ocrx_word' id='word_1_66' title='bbox 640 1225 782 1295; x_wconf 87' lang='lat' dir='ltr'><strong>apud</strong></span> <span class='ocrx_word' id='word_1_67' title='bbox 828 1233 1077 1280; x_wconf 89' lang='lat' dir='ltr'><strong>sanctum</strong></span> <span class='ocrx_word' id='word_1_68' title='bbox 1114 1223 1427 1289; x_wconf 85' lang='lat' dir='ltr'><strong>Martinum,</strong></span> <span class='ocrx_word' id='word_1_69' title='bbox 1460 1232 1702 1280; x_wconf 87' lang='lat' dir='ltr'><strong>vestrum</strong></span> <span class='ocrx_word' id='word_1_70' title='bbox 1731 1221 1837 1277; x_wconf 90' lang='lat' dir='ltr'><strong>iter</strong></span> 
     </span>
    </p>
   </div>
   <div class='ocr_carea' id='block_1_12' title="bbox 244 1316 1837 1391">
    <p class='ocr_par' dir='ltr' id='par_1_12' title="bbox 244 1316 1837 1391">
     <span class='ocr_line' id='line_1_12' title="bbox 244 1316 1837 1391; baseline -0.003 -14"><span class='ocrx_word' id='word_1_71' title='bbox 244 1319 520 1391; x_wconf 80' lang='lat' dir='ltr'><strong>adjuvare.</strong></span> <span class='ocrx_word' id='word_1_72' title='bbox 561 1321 630 1376; x_wconf 86' lang='lat' dir='ltr'><strong>Et</strong></span> <span class='ocrx_word' id='word_1_73' title='bbox 655 1321 862 1375; x_wconf 89' lang='lat' dir='ltr'><strong>utinam</strong></span> <span class='ocrx_word' id='word_1_74' title='bbox 894 1328 954 1375; x_wconf 93' lang='lat' dir='ltr'><strong>ut</strong></span> <span class='ocrx_word' id='word_1_75' title='bbox 978 1319 1301 1391; x_wconf 86' lang='lat' dir='ltr'><strong>quandoque</strong></span> <span class='ocrx_word' id='word_1_76' title='bbox 1330 1318 1511 1373; x_wconf 86' lang='lat' dir='ltr'><strong>divina</strong></span> <span class='ocrx_word' id='word_1_77' title='bbox 1539 1316 1715 1390; x_wconf 88' lang='lat' dir='ltr'><strong>gratia</strong></span> <span class='ocrx_word' id='word_1_78' title='bbox 1742 1330 1837 1372; x_wconf 90' lang='lat' dir='ltr'><strong>vo-</strong></span> 
     </span>
    </p>
   </div>
   <div class='ocr_carea' id='block_1_13' title="bbox 243 1409 1837 1484">
    <p class='ocr_par' dir='ltr' id='par_1_13' title="bbox 243 1409 1837 1484">
     <span class='ocr_line' id='line_1_13' title="bbox 243 1409 1837 1484; baseline -0.003 -14"><span class='ocrx_word' id='word_1_79' title='bbox 243 1413 322 1470; x_wconf 86' lang='lat' dir='ltr'><strong>bis</strong></span> <span class='ocrx_word' id='word_1_80' title='bbox 366 1413 636 1470; x_wconf 91' lang='lat' dir='ltr'><strong>concedat</strong></span> <span class='ocrx_word' id='word_1_81' title='bbox 669 1413 975 1470; x_wconf 89' lang='lat' dir='ltr'><strong>libertatem</strong></span> <span class='ocrx_word' id='word_1_82' title='bbox 1001 1429 1030 1468; x_wconf 94' lang='lat' dir='ltr'><strong>a</strong></span> <span class='ocrx_word' id='word_1_83' title='bbox 1060 1412 1257 1484; x_wconf 87' lang='lat' dir='ltr'><strong>populo</strong></span> <span class='ocrx_word' id='word_1_84' title='bbox 1286 1410 1518 1468; x_wconf 88' lang='lat' dir='ltr'><strong>nefando</strong></span> <span class='ocrx_word' id='word_1_85' title='bbox 1560 1409 1837 1466; x_wconf 78' lang='lat' dir='ltr'><strong>Saxonum</strong></span> 
     </span>
    </p>
   </div>
   <div class='ocr_carea' id='block_1_14' title="bbox 243 1503 1837 1581">
    <p class='ocr_par' dir='ltr' id='par_1_14' title="bbox 243 1503 1837 1581">
     <span class='ocr_line' id='line_1_14' title="bbox 243 1503 1837 1581; baseline -0.003 -18"><span class='ocrx_word' id='word_1_86' title='bbox 243 1508 343 1565; x_wconf 87' lang='lat' dir='ltr'><strong>iter</strong></span> <span class='ocrx_word' id='word_1_87' title='bbox 368 1523 558 1581; x_wconf 87' lang='lat' dir='ltr'><strong>agere,</strong></span> <span class='ocrx_word' id='word_1_88' title='bbox 601 1520 765 1580; x_wconf 85' lang='lat' dir='ltr'><strong>regna</strong></span> <span class='ocrx_word' id='word_1_89' title='bbox 813 1510 1136 1579; x_wconf 81' lang='lat' dir='ltr'><strong>gubernare,</strong></span> <span class='ocrx_word' id='word_1_90' title='bbox 1162 1505 1406 1575; x_wconf 89' lang='lat' dir='ltr'><strong>iustitias</strong></span> <span class='ocrx_word' id='word_1_91' title='bbox 1434 1503 1631 1570; x_wconf 88' lang='lat' dir='ltr'><strong>facere,</strong></span> <span class='ocrx_word' id='word_1_92' title='bbox 1663 1503 1837 1559; x_wconf 87' lang='lat' dir='ltr'><strong>eccle-</strong></span> 
     </span>
    </p>
   </div>
   <div class='ocr_carea' id='block_1_15' title="bbox 241 1595 1837 1672">
    <p class='ocr_par' dir='ltr' id='par_1_15' title="bbox 241 1595 1837 1672">
     <span class='ocr_line' id='line_1_15' title="bbox 241 1595 1837 1672; baseline -0.004 -15"><span class='ocrx_word' id='word_1_93' title='bbox 241 1600 348 1657; x_wconf 86' lang='lat' dir='ltr'><strong>sias</strong></span> <span class='ocrx_word' id='word_1_94' title='bbox 392 1613 684 1667; x_wconf 88' lang='lat' dir='ltr'><strong>renovare,</strong></span> <span class='ocrx_word' id='word_1_95' title='bbox 726 1601 985 1672; x_wconf 88' lang='lat' dir='ltr'><strong>populum</strong></span> <span class='ocrx_word' id='word_1_96' title='bbox 1016 1600 1308 1671; x_wconf 90' lang='lat' dir='ltr'><strong>corrigere,</strong></span> <span class='ocrx_word' id='word_1_97' title='bbox 1341 1597 1565 1669; x_wconf 87' lang='lat' dir='ltr'><strong>singulis</strong></span> <span class='ocrx_word' id='word_1_98' title='bbox 1589 1595 1837 1666; x_wconf 86' lang='lat' dir='ltr'><strong>personis</strong></span> 
     </span>
    </p>
   </div>
   <div class='ocr_carea' id='block_1_16' title="bbox 240 1687 1832 1764">
    <p class='ocr_par' dir='ltr' id='par_1_16' title="bbox 240 1687 1832 1764">
     <span class='ocr_line' id='line_1_16' title="bbox 240 1687 1832 1764; baseline -0.003 -16"><span class='ocrx_word' id='word_1_99' title='bbox 240 1707 301 1748; x_wconf 79' lang='lat' dir='ltr'><strong>ac</strong></span> <span class='ocrx_word' id='word_1_100' title='bbox 324 1692 686 1764; x_wconf 86' lang='lat' dir='ltr'><strong>dignitatibus</strong></span> <span class='ocrx_word' id='word_1_101' title='bbox 702 1688 851 1760; x_wconf 88' lang='lat' dir='ltr'><strong>iusta</strong></span> <span class='ocrx_word' id='word_1_102' title='bbox 878 1691 1193 1757; x_wconf 90' lang='lat' dir='ltr'><strong>decernere,</strong></span> <span class='ocrx_word' id='word_1_103' title='bbox 1215 1705 1502 1761; x_wconf 89' lang='lat' dir='ltr'><strong>oppressos</strong></span> <span class='ocrx_word' id='word_1_104' title='bbox 1526 1687 1832 1753; x_wconf 78' lang='lat' dir='ltr'><strong>defendere,</strong></span> 
     </span>
    </p>
   </div>
   <div class='ocr_carea' id='block_1_17' title="bbox 238 1768 1838 1857">
    <p class='ocr_par' dir='ltr' id='par_1_17' title="bbox 238 1768 1838 1857">
     <span class='ocr_line' id='line_1_17' title="bbox 238 1768 1838 1857; baseline -0.005 -14"><span class='ocrx_word' id='word_1_105' title='bbox 238 1785 382 1857; x_wconf 78' lang='lat' dir='ltr'><strong>leges</strong></span> <span class='ocrx_word' id='word_1_106' title='bbox 411 1795 679 1852; x_wconf 71' lang='lat' dir='ltr'><strong>statuere,</strong></span> <span class='ocrx_word' id='word_1_107' title='bbox 703 1768 1018 1856; x_wconf 89' lang='lat' dir='ltr'><strong>peregrinos</strong></span> <span class='ocrx_word' id='word_1_108' title='bbox 1044 1784 1335 1848; x_wconf 87' lang='lat' dir='ltr'><strong>consolari,</strong></span> <span class='ocrx_word' id='word_1_109' title='bbox 1364 1790 1420 1838; x_wconf 91' lang='lat' dir='ltr'><strong>et</strong></span> <span class='ocrx_word' id='word_1_110' title='bbox 1439 1782 1689 1837; x_wconf 90' lang='lat' dir='ltr'><strong>omnibus</strong></span> <span class='ocrx_word' id='word_1_111' title='bbox 1717 1779 1838 1835; x_wconf 91' lang='lat' dir='ltr'><strong>ubi-</strong></span> 
     </span>
    </p>
   </div>
   <div class='ocr_carea' id='block_1_18' title="bbox 238 1872 1835 1950">
    <p class='ocr_par' dir='ltr' id='par_1_18' title="bbox 238 1872 1835 1950">
     <span class='ocr_line' id='line_1_18' title="bbox 238 1872 1835 1950; baseline -0.004 -18"><span class='ocrx_word' id='word_1_112' title='bbox 238 1890 340 1947; x_wconf 88' lang='lat' dir='ltr'><strong>que</strong></span> <span class='ocrx_word' id='word_1_113' title='bbox 362 1877 548 1933; x_wconf 83' lang='lat' dir='ltr'><strong>aetatis</strong></span> <span class='ocrx_word' id='word_1_114' title='bbox 573 1874 782 1950; x_wconf 84' lang='lat' dir='ltr'><strong>[Forte,</strong></span> <span class='ocrx_word' id='word_1_115' title='bbox 818 1874 1087 1948; x_wconf 85' lang='lat' dir='ltr'><strong>veritatis]</strong></span> <span class='ocrx_word' id='word_1_116' title='bbox 1133 1883 1187 1930; x_wconf 92' lang='lat' dir='ltr'><strong>et</strong></span> <span class='ocrx_word' id='word_1_117' title='bbox 1235 1874 1475 1930; x_wconf 81' lang='lat' dir='ltr'><strong>caelestis</strong></span> <span class='ocrx_word' id='word_1_118' title='bbox 1520 1874 1645 1928; x_wconf 68' lang='lat' dir='ltr'><strong>vita:</strong></span> <span class='ocrx_word' id='word_1_119' title='bbox 1689 1872 1835 1928; x_wconf 89' lang='lat' dir='ltr'><strong>viam</strong></span> 
     </span>
    </p>
   </div>
   <div class='ocr_carea' id='block_1_19' title="bbox 2006 637 3524 717">
    <p class='ocr_par' dir='ltr' id='par_1_19' title="bbox 2006 637 3524 717">
     <span class='ocr_line' id='line_1_19' title="bbox 2006 637 3524 717; baseline -0.005 -17"><span class='ocrx_word' id='word_1_120' title='bbox 2006 648 2273 701; x_wconf 82' lang='lat' dir='ltr'><strong>virtutum.</strong></span> <span class='ocrx_word' id='word_1_121' title='bbox 2313 645 2391 701; x_wconf 90' lang='lat' dir='ltr'><strong>0b</strong></span> <span class='ocrx_word' id='word_1_122' title='bbox 2412 637 2893 717; x_wconf 58' lang='lat' dir='ltr'><strong>pallium&#39;adeptum</strong></span> <span class='ocrx_word' id='word_1_123' title='bbox 2915 642 3235 715; x_wconf 81' lang='lat' dir='ltr'><strong>gratulatur,</strong></span> <span class='ocrx_word' id='word_1_124' title='bbox 3262 637 3524 695; x_wconf 79' lang='lat' dir='ltr'><strong>hortando</strong></span> 
     </span>
    </p>
   </div>
   <div class='ocr_carea' id='block_1_20' title="bbox 2010 715 2950 788">
    <p class='ocr_par' dir='ltr' id='par_1_20' title="bbox 2010 715 2950 788">
     <span class='ocr_line' id='line_1_20' title="bbox 2010 715 2950 788; baseline -0.003 -17"><span class='ocrx_word' id='word_1_125' title='bbox 2010 717 2079 771; x_wconf 85' lang='lat' dir='ltr'><strong>ad</strong></span> <span class='ocrx_word' id='word_1_126' title='bbox 2102 715 2446 773; x_wconf 77' lang='lat' dir='ltr'><strong>ministerium</strong></span> <span class='ocrx_word' id='word_1_127' title='bbox 2471 716 2595 771; x_wconf 82' lang='lat' dir='ltr'><strong>bene</strong></span> <span class='ocrx_word' id='word_1_128' title='bbox 2622 715 2950 788; x_wconf 65' lang='lat' dir='ltr'><strong>explendum.</strong></span> 
     </span>
    </p>
   </div>
   <div class='ocr_carea' id='block_1_21' title="bbox 2008 845 3527 909">
    <p class='ocr_par' dir='ltr' id='par_1_21' title="bbox 2008 845 3527 909">
     <span class='ocr_line' id='line_1_21' title="bbox 2008 845 3527 909; baseline -0.001 -1"><span class='ocrx_word' id='word_1_129' title='bbox 2008 852 2367 909; x_wconf 77' lang='lat' dir='ltr'><strong>DilectiSStmo</strong></span> <span class='ocrx_word' id='word_1_130' title='bbox 2411 850 2699 909; x_wconf 87' lang='lat' dir='ltr'><strong>charitatis</strong></span> <span class='ocrx_word' id='word_1_131' title='bbox 2734 851 2845 907; x_wconf 82' lang='lat' dir='ltr'><strong>filio</strong></span> <span class='ocrx_word' id='word_1_132' title='bbox 2878 860 2933 906; x_wconf 90' lang='lat' dir='ltr'><strong>et</strong></span> <span class='ocrx_word' id='word_1_133' title='bbox 2967 848 3290 906; x_wconf 64' lang='lat' dir='ltr'><strong>venerandae</strong></span> <span class='ocrx_word' id='word_1_134' title='bbox 3324 845 3527 907; x_wconf 82' lang='lat' dir='ltr'><strong>sancti-</strong></span> 
     </span>
    </p>
   </div>
   <div class='ocr_carea' id='block_1_22' title="bbox 1936 941 3228 1009">
    <p class='ocr_par' dir='ltr' id='par_1_22' title="bbox 1936 941 3228 1009">
     <span class='ocr_line' id='line_1_22' title="bbox 1936 941 3228 1009; baseline -0.002 -11"><span class='ocrx_word' id='word_1_135' title='bbox 1936 944 2065 998; x_wconf 86' lang='lat' dir='ltr'><strong>tatis</strong></span> <span class='ocrx_word' id='word_1_136' title='bbox 2089 942 2260 1009; x_wconf 89' lang='lat' dir='ltr'><strong>Patri,</strong></span> <span class='ocrx_word' id='word_1_137' title='bbox 2283 943 2510 999; x_wconf 85' lang='lat' dir='ltr'><strong>devotus</strong></span> <span class='ocrx_word' id='word_1_138' title='bbox 2539 943 2595 997; x_wconf 91' lang='lat' dir='ltr'><strong>in</strong></span> <span class='ocrx_word' id='word_1_139' title='bbox 2625 942 2730 997; x_wconf 80' lang='lat' dir='ltr'><strong>fide</strong></span> <span class='ocrx_word' id='word_1_140' title='bbox 2752 943 2960 998; x_wconf 90' lang='lat' dir='ltr'><strong>amicus</strong></span> <span class='ocrx_word' id='word_1_141' title='bbox 2977 941 3228 999; x_wconf 88' lang='lat' dir='ltr'><strong>salutem.</strong></span> 
     </span>
    </p>
   </div>
   <div class='ocr_carea' id='block_1_23' title="bbox 2009 1030 3526 1098">
    <p class='ocr_par' dir='ltr' id='par_1_23' title="bbox 2009 1030 3526 1098">
     <span class='ocr_line' id='line_1_23' title="bbox 2009 1030 3526 1098; baseline 0.001 -12"><span class='ocrx_word' id='word_1_142' title='bbox 2009 1032 2175 1087; x_wconf 83' lang='lat' dir='ltr'><strong>Multa</strong></span> <span class='ocrx_word' id='word_1_143' title='bbox 2203 1033 2511 1088; x_wconf 88' lang='lat' dir='ltr'><strong>habuissem</strong></span> <span class='ocrx_word' id='word_1_144' title='bbox 2542 1040 2721 1090; x_wconf 86' lang='lat' dir='ltr'><strong>tecum</strong></span> <span class='ocrx_word' id='word_1_145' title='bbox 2744 1033 2901 1088; x_wconf 87' lang='lat' dir='ltr'><strong>valde</strong></span> <span class='ocrx_word' id='word_1_146' title='bbox 2923 1032 3229 1089; x_wconf 88' lang='lat' dir='ltr'><strong>necessaria</strong></span> <span class='ocrx_word' id='word_1_147' title='bbox 3254 1030 3526 1098; x_wconf 85' lang='lat' dir='ltr'><strong>conferre,</strong></span> 
     </span>
    </p>
   </div>
   <div class='ocr_carea' id='block_1_24' title="bbox 1936 1121 3532 1196">
    <p class='ocr_par' dir='ltr' id='par_1_24' title="bbox 1936 1121 3532 1196">
     <span class='ocr_line' id='line_1_24' title="bbox 1936 1121 3532 1196; baseline -0.003 -15"><span class='ocrx_word' id='word_1_148' title='bbox 1936 1124 1986 1181; x_wconf 91' lang='lat' dir='ltr'><strong>si</strong></span> <span class='ocrx_word' id='word_1_149' title='bbox 2014 1135 2224 1194; x_wconf 86' lang='lat' dir='ltr'><strong>tempus</strong></span> <span class='ocrx_word' id='word_1_150' title='bbox 2253 1132 2309 1179; x_wconf 89' lang='lat' dir='ltr'><strong>et</strong></span> <span class='ocrx_word' id='word_1_151' title='bbox 2336 1125 2486 1181; x_wconf 91' lang='lat' dir='ltr'><strong>locus</strong></span> <span class='ocrx_word' id='word_1_152' title='bbox 2503 1166 2518 1188; x_wconf 95' lang='lat'><strong>,</strong></span> <span class='ocrx_word' id='word_1_153' title='bbox 2557 1132 2613 1180; x_wconf 89' lang='lat' dir='ltr'><strong>et</strong></span> <span class='ocrx_word' id='word_1_154' title='bbox 2639 1123 2796 1181; x_wconf 85' lang='lat' dir='ltr'><strong>faciei</strong></span> <span class='ocrx_word' id='word_1_155' title='bbox 2838 1133 3030 1180; x_wconf 63' lang='lat' dir='ltr'><strong>vestrae</strong></span> <span class='ocrx_word' id='word_1_156' title='bbox 3058 1121 3343 1196; x_wconf 66' lang='lat' dir='ltr'><strong>praesentia</strong></span> <span class='ocrx_word' id='word_1_157' title='bbox 3371 1121 3532 1177; x_wconf 89' lang='lat' dir='ltr'><strong>ades-</strong></span> 
     </span>
    </p>
   </div>
   <div class='ocr_carea' id='block_1_25' title="bbox 1937 1212 3532 1287">
    <p class='ocr_par' dir='ltr' id='par_1_25' title="bbox 1937 1212 3532 1287">
     <span class='ocr_line' id='line_1_25' title="bbox 1937 1212 3532 1287; baseline -0.004 -15"><span class='ocrx_word' id='word_1_158' title='bbox 1937 1224 2053 1282; x_wconf 88' lang='lat' dir='ltr'><strong>set;</strong></span> <span class='ocrx_word' id='word_1_159' title='bbox 2090 1215 2203 1271; x_wconf 88' lang='lat' dir='ltr'><strong>sive</strong></span> <span class='ocrx_word' id='word_1_160' title='bbox 2228 1216 2296 1271; x_wconf 90' lang='lat' dir='ltr'><strong>de</strong></span> <span class='ocrx_word' id='word_1_161' title='bbox 2323 1216 2557 1287; x_wconf 83' lang='lat' dir='ltr'><strong>generali</strong></span> <span class='ocrx_word' id='word_1_162' title='bbox 2590 1215 2897 1271; x_wconf 85' lang='lat' dir='ltr'><strong>sanctitatis</strong></span> <span class='ocrx_word' id='word_1_163' title='bbox 2923 1215 3178 1272; x_wconf 74' lang='lat' dir='ltr'><strong>Ecclesia:</strong></span> <span class='ocrx_word' id='word_1_164' title='bbox 3207 1221 3380 1278; x_wconf 89' lang='lat' dir='ltr'><strong>statu,</strong></span> <span class='ocrx_word' id='word_1_165' title='bbox 3412 1212 3532 1268; x_wconf 84' lang='lat' dir='ltr'><strong>sive</strong></span> 
     </span>
    </p>
   </div>
   <div class='ocr_carea' id='block_1_26' title="bbox 1937 1303 3525 1377">
    <p class='ocr_par' dir='ltr' id='par_1_26' title="bbox 1937 1303 3525 1377">
     <span class='ocr_line' id='line_1_26' title="bbox 1937 1303 3525 1377; baseline -0.003 -16"><span class='ocrx_word' id='word_1_166' title='bbox 1937 1305 2005 1361; x_wconf 90' lang='lat' dir='ltr'><strong>de</strong></span> <span class='ocrx_word' id='word_1_167' title='bbox 2031 1306 2249 1377; x_wconf 89' lang='lat' dir='ltr'><strong>speciali</strong></span> <span class='ocrx_word' id='word_1_168' title='bbox 2280 1322 2460 1361; x_wconf 88' lang='lat' dir='ltr'><strong>rerum</strong></span> <span class='ocrx_word' id='word_1_169' title='bbox 2488 1308 2557 1361; x_wconf 91' lang='lat' dir='ltr'><strong>ad</strong></span> <span class='ocrx_word' id='word_1_170' title='bbox 2584 1321 2683 1361; x_wconf 89' lang='lat' dir='ltr'><strong>nos</strong></span> <span class='ocrx_word' id='word_1_171' title='bbox 2715 1305 3098 1377; x_wconf 87' lang='lat' dir='ltr'><strong>pertinentium</strong></span> <span class='ocrx_word' id='word_1_172' title='bbox 3134 1303 3525 1361; x_wconf 86' lang='lat' dir='ltr'><strong>vicissitudine.</strong></span> 
     </span>
    </p>
   </div>
   <div class='ocr_carea' id='block_1_27' title="bbox 1940 1395 3532 1468">
    <p class='ocr_par' dir='ltr' id='par_1_27' title="bbox 1940 1395 3532 1468">
     <span class='ocr_line' id='line_1_27' title="bbox 1940 1395 3532 1468; baseline -0.004 -15"><span class='ocrx_word' id='word_1_173' title='bbox 1940 1395 2047 1453; x_wconf 87' lang='lat' dir='ltr'><strong>Sed</strong></span> <span class='ocrx_word' id='word_1_174' title='bbox 2073 1398 2177 1454; x_wconf 92' lang='lat' dir='ltr'><strong>hoc</strong></span> <span class='ocrx_word' id='word_1_175' title='bbox 2200 1398 2324 1465; x_wconf 91' lang='lat' dir='ltr'><strong>erit,</strong></span> <span class='ocrx_word' id='word_1_176' title='bbox 2357 1399 2485 1454; x_wconf 90' lang='lat' dir='ltr'><strong>dum</strong></span> <span class='ocrx_word' id='word_1_177' title='bbox 2511 1399 2645 1465; x_wconf 92' lang='lat' dir='ltr'><strong>vult,</strong></span> <span class='ocrx_word' id='word_1_178' title='bbox 2679 1398 2769 1468; x_wconf 92' lang='lat' dir='ltr'><strong>qui</strong></span> <span class='ocrx_word' id='word_1_179' title='bbox 2791 1397 2974 1453; x_wconf 89' lang='lat' dir='ltr'><strong>omnia</strong></span> <span class='ocrx_word' id='word_1_180' title='bbox 2995 1396 3232 1468; x_wconf 85' lang='lat' dir='ltr'><strong>disponit</strong></span> <span class='ocrx_word' id='word_1_181' title='bbox 3255 1410 3375 1465; x_wconf 66' lang='lat' dir='ltr'><strong>qua:</strong></span> <span class='ocrx_word' id='word_1_182' title='bbox 3402 1398 3532 1449; x_wconf 87' lang='lat' dir='ltr'><strong>sunt</strong></span> 
     </span>
    </p>
   </div>
   <div class='ocr_carea' id='block_1_28' title="bbox 1938 1486 3533 1559">
    <p class='ocr_par' dir='ltr' id='par_1_28' title="bbox 1938 1486 3533 1559">
     <span class='ocr_line' id='line_1_28' title="bbox 1938 1486 3533 1559; baseline -0.001 -15"><span class='ocrx_word' id='word_1_183' title='bbox 1938 1488 1995 1544; x_wconf 88' lang='lat' dir='ltr'><strong>in</strong></span> <span class='ocrx_word' id='word_1_184' title='bbox 2024 1489 2161 1545; x_wconf 76' lang='lat' dir='ltr'><strong>ctelo</strong></span> <span class='ocrx_word' id='word_1_185' title='bbox 2185 1498 2240 1544; x_wconf 90' lang='lat' dir='ltr'><strong>et</strong></span> <span class='ocrx_word' id='word_1_186' title='bbox 2276 1491 2331 1545; x_wconf 93' lang='lat' dir='ltr'><strong>in</strong></span> <span class='ocrx_word' id='word_1_187' title='bbox 2362 1498 2536 1556; x_wconf 89' lang='lat' dir='ltr'><strong>terra;</strong></span> <span class='ocrx_word' id='word_1_188' title='bbox 2587 1489 2680 1559; x_wconf 89' lang='lat' dir='ltr'><strong>qui</strong></span> <span class='ocrx_word' id='word_1_189' title='bbox 2702 1489 3024 1559; x_wconf 89' lang='lat' dir='ltr'><strong>quandoque</strong></span> <span class='ocrx_word' id='word_1_190' title='bbox 3065 1490 3327 1545; x_wconf 90' lang='lat' dir='ltr'><strong>concedat</strong></span> <span class='ocrx_word' id='word_1_191' title='bbox 3373 1486 3533 1543; x_wconf 87' lang='lat' dir='ltr'><strong>nobis</strong></span> 
     </span>
    </p>
   </div>
   <div class='ocr_carea' id='block_1_29' title="bbox 1938 1582 3533 1649">
    <p class='ocr_par' dir='ltr' id='par_1_29' title="bbox 1938 1582 3533 1649">
     <span class='ocr_line' id='line_1_29' title="bbox 1938 1582 3533 1649; baseline -0.001 -11"><span class='ocrx_word' id='word_1_192' title='bbox 1938 1592 2125 1638; x_wconf 90' lang='lat' dir='ltr'><strong>mutua</strong></span> <span class='ocrx_word' id='word_1_193' title='bbox 2172 1584 2453 1639; x_wconf 90' lang='lat' dir='ltr'><strong>charitatis</strong></span> <span class='ocrx_word' id='word_1_194' title='bbox 2492 1584 2655 1638; x_wconf 81' lang='lat' dir='ltr'><strong>verba</strong></span> <span class='ocrx_word' id='word_1_195' title='bbox 2696 1583 2839 1637; x_wconf 90' lang='lat' dir='ltr'><strong>inter</strong></span> <span class='ocrx_word' id='word_1_196' title='bbox 2866 1598 2965 1638; x_wconf 90' lang='lat' dir='ltr'><strong>nos</strong></span> <span class='ocrx_word' id='word_1_197' title='bbox 3000 1583 3220 1649; x_wconf 89' lang='lat' dir='ltr'><strong>habere,</strong></span> <span class='ocrx_word' id='word_1_198' title='bbox 3268 1590 3323 1637; x_wconf 92' lang='lat' dir='ltr'><strong>et</strong></span> <span class='ocrx_word' id='word_1_199' title='bbox 3351 1582 3533 1638; x_wconf 85' lang='lat' dir='ltr'><strong>cordis</strong></span> 
     </span>
    </p>
   </div>
   <div class='ocr_carea' id='block_1_30' title="bbox 1938 1671 3529 1744">
    <p class='ocr_par' dir='ltr' id='par_1_30' title="bbox 1938 1671 3529 1744">
     <span class='ocr_line' id='line_1_30' title="bbox 1938 1671 3529 1744; baseline -0.003 -13"><span class='ocrx_word' id='word_1_200' title='bbox 1938 1681 2103 1731; x_wconf 74' lang='lat' dir='ltr'><strong>aestus</strong></span> <span class='ocrx_word' id='word_1_201' title='bbox 2126 1675 2308 1730; x_wconf 91' lang='lat' dir='ltr'><strong>verbis</strong></span> <span class='ocrx_word' id='word_1_202' title='bbox 2327 1674 2571 1744; x_wconf 83' lang='lat' dir='ltr'><strong>paciﬁcis</strong></span> <span class='ocrx_word' id='word_1_203' title='bbox 2592 1682 2891 1744; x_wconf 88' lang='lat' dir='ltr'><strong>patescere.</strong></span> <span class='ocrx_word' id='word_1_204' title='bbox 2934 1671 3039 1729; x_wconf 89' lang='lat' dir='ltr'><strong>Sed</strong></span> <span class='ocrx_word' id='word_1_205' title='bbox 3058 1713 3074 1739; x_wconf 91' lang='lat'><strong>,</strong></span> <span class='ocrx_word' id='word_1_206' title='bbox 3101 1680 3159 1726; x_wconf 90' lang='lat' dir='ltr'><strong>tu</strong></span> <span class='ocrx_word' id='word_1_207' title='bbox 3188 1671 3529 1741; x_wconf 90' lang='lat' dir='ltr'><strong>charissime,</strong></span> 
     </span>
    </p>
   </div>
   <div class='ocr_carea' id='block_1_31' title="bbox 1938 1763 3534 1834">
    <p class='ocr_par' dir='ltr' id='par_1_31' title="bbox 1938 1763 3534 1834">
     <span class='ocr_line' id='line_1_31' title="bbox 1938 1763 3534 1834; baseline -0.001 -12"><span class='ocrx_word' id='word_1_208' title='bbox 1938 1773 1994 1823; x_wconf 87' lang='lat' dir='ltr'><strong>et</strong></span> <span class='ocrx_word' id='word_1_209' title='bbox 2011 1766 2254 1822; x_wconf 89' lang='lat' dir='ltr'><strong>omnium</strong></span> <span class='ocrx_word' id='word_1_210' title='bbox 2277 1766 2618 1822; x_wconf 89' lang='lat' dir='ltr'><strong>sacerdotum</strong></span> <span class='ocrx_word' id='word_1_211' title='bbox 2661 1764 2864 1820; x_wconf 90' lang='lat' dir='ltr'><strong>Christi</strong></span> <span class='ocrx_word' id='word_1_212' title='bbox 2896 1764 3047 1820; x_wconf 91' lang='lat' dir='ltr'><strong>cordi</strong></span> <span class='ocrx_word' id='word_1_213' title='bbox 3088 1772 3274 1820; x_wconf 88' lang='lat' dir='ltr'><strong>nostro</strong></span> <span class='ocrx_word' id='word_1_214' title='bbox 3302 1763 3534 1834; x_wconf 85' lang='lat' dir='ltr'><strong>iunctis-</strong></span> 
     </span>
    </p>
   </div>
   <div class='ocr_carea' id='block_1_32' title="bbox 1936 1855 3535 1927">
    <p class='ocr_par' dir='ltr' id='par_1_32' title="bbox 1936 1855 3535 1927">
     <span class='ocr_line' id='line_1_32' title="bbox 1936 1855 3535 1927; baseline 0 -16"><span class='ocrx_word' id='word_1_215' title='bbox 1936 1856 2107 1913; x_wconf 84' lang='lat' dir='ltr'><strong>sime!</strong></span> <span class='ocrx_word' id='word_1_216' title='bbox 2139 1858 2367 1913; x_wconf 89' lang='lat' dir='ltr'><strong>obsecro</strong></span> <span class='ocrx_word' id='word_1_217' title='bbox 2417 1856 2833 1912; x_wconf 86' lang='lat' dir='ltr'><strong>intercessiones</strong></span> <span class='ocrx_word' id='word_1_218' title='bbox 2866 1855 3044 1912; x_wconf 88' lang='lat' dir='ltr'><strong>facere</strong></span> <span class='ocrx_word' id='word_1_219' title='bbox 3073 1872 3172 1927; x_wconf 89' lang='lat' dir='ltr'><strong>pro</strong></span> <span class='ocrx_word' id='word_1_220' title='bbox 3196 1856 3372 1921; x_wconf 88' lang='lat' dir='ltr'><strong>nobis,</strong></span> <span class='ocrx_word' id='word_1_221' title='bbox 3399 1871 3535 1925; x_wconf 86' lang='lat' dir='ltr'><strong>qua-</strong></span> 
     </span>
    </p>
   </div>
   <div class='ocr_carea' id='block_1_33' title="bbox 234 1946 3535 2026">
    <p class='ocr_par' dir='ltr' id='par_1_33' title="bbox 234 1946 3535 2026">
     <span class='ocr_line' id='line_1_33' title="bbox 234 1946 3535 2026; baseline 0.001 -25"><span class='ocrx_word' id='word_1_222' title='bbox 234 1946 547 2026; x_wconf 55' lang='grc' dir='ltr'><strong>δειεηάθη,</strong></span> <span class='ocrx_word' id='word_1_223' title='bbox 575 1946 653 2026; x_wconf 63' lang='grc' dir='ltr'><strong>ῇι</strong></span> <span class='ocrx_word' id='word_1_224' title='bbox 676 1968 749 2024; x_wconf 55' lang='grc' dir='ltr'><strong>εει</strong></span> <span class='ocrx_word' id='word_1_225' title='bbox 789 1946 1091 2025; x_wconf 56' lang='grc' dir='ltr'><strong>ωηεοιδιίό</strong></span> <span class='ocrx_word' id='word_1_226' title='bbox 1112 1967 1365 2024; x_wconf 68' lang='lat' dir='ltr'><strong>omnibus</strong></span> <span class='ocrx_word' id='word_1_227' title='bbox 1389 1967 1445 2022; x_wconf 71' lang='lat' dir='ltr'><strong>in</strong></span> <span class='ocrx_word' id='word_1_228' title='bbox 1482 1967 1717 2023; x_wconf 57' lang='lat' dir='ltr'><strong>adventu</strong></span> <span class='ocrx_word' id='word_1_229' title='bbox 1743 1982 1836 2023; x_wconf 67' lang='lat' dir='ltr'><strong>ve.</strong></span> <span class='ocrx_word' id='word_1_230' title='bbox 1862 1953 1914 2016; x_wconf 84' lang='grc' dir='ltr'><strong>Β</strong></span> <span class='ocrx_word' id='word_1_231' title='bbox 1941 1956 2098 2004; x_wconf 91' lang='lat' dir='ltr'><strong>tenus</strong></span> <span class='ocrx_word' id='word_1_232' title='bbox 2118 1948 2299 2004; x_wconf 89' lang='lat' dir='ltr'><strong>divina</strong></span> <span class='ocrx_word' id='word_1_233' title='bbox 2323 1948 2613 2004; x_wconf 88' lang='lat' dir='ltr'><strong>clementia</strong></span> <span class='ocrx_word' id='word_1_234' title='bbox 2639 1955 2694 2003; x_wconf 87' lang='lat' dir='ltr'><strong>et</strong></span> <span class='ocrx_word' id='word_1_235' title='bbox 2716 1962 2811 2002; x_wconf 90' lang='lat' dir='ltr'><strong>vos</strong></span> <span class='ocrx_word' id='word_1_236' title='bbox 2830 1947 3094 2017; x_wconf 81' lang='lat' dir='ltr'><strong>proﬁcere</strong></span> <span class='ocrx_word' id='word_1_237' title='bbox 3116 1946 3280 2003; x_wconf 82' lang='lat' dir='ltr'><strong>faciat</strong></span> <span class='ocrx_word' id='word_1_238' title='bbox 3306 1948 3360 2002; x_wconf 86' lang='lat' dir='ltr'><strong>in</strong></span> <span class='ocrx_word' id='word_1_239' title='bbox 3382 1946 3535 2003; x_wconf 89' lang='lat' dir='ltr'><strong>omni</strong></span> 
     </span>
    </p>
   </div>
   <div class='ocr_carea' id='block_1_34' title="bbox 233 2057 1838 2132">
    <p class='ocr_par' dir='ltr' id='par_1_34' title="bbox 233 2057 1838 2132">
     <span class='ocr_line' id='line_1_34' title="bbox 233 2057 1838 2132; baseline -0.001 -16"><span class='ocrx_word' id='word_1_240' title='bbox 233 2067 363 2116; x_wconf 70' lang='lat' dir='ltr'><strong>strte</strong></span> <span class='ocrx_word' id='word_1_241' title='bbox 405 2061 649 2132; x_wconf 84' lang='lat' dir='ltr'><strong>pietatis,</strong></span> <span class='ocrx_word' id='word_1_242' title='bbox 698 2060 1123 2131; x_wconf 88' lang='lat' dir='ltr'><strong>clarissimisque</strong></span> <span class='ocrx_word' id='word_1_243' title='bbox 1156 2069 1352 2116; x_wconf 72' lang='lat' dir='ltr'><strong>vestrae</strong></span> <span class='ocrx_word' id='word_1_244' title='bbox 1384 2058 1680 2116; x_wconf 89' lang='lat' dir='ltr'><strong>nobilitatis</strong></span> <span class='ocrx_word' id='word_1_245' title='bbox 1713 2057 1838 2114; x_wconf 87' lang='lat' dir='ltr'><strong>ﬁliis</strong></span> 
     </span>
    </p>
   </div>
   <div class='ocr_carea' id='block_1_35' title="bbox 231 2150 1832 2224">
    <p class='ocr_par' dir='ltr' id='par_1_35' title="bbox 231 2150 1832 2224">
     <span class='ocr_line' id='line_1_35' title="bbox 231 2150 1832 2224; baseline -0.001 -16"><span class='ocrx_word' id='word_1_246' title='bbox 231 2152 547 2209; x_wconf 89' lang='lat' dir='ltr'><strong>benedictio</strong></span> <span class='ocrx_word' id='word_1_247' title='bbox 588 2153 806 2224; x_wconf 91' lang='lat' dir='ltr'><strong>copiosa</strong></span> <span class='ocrx_word' id='word_1_248' title='bbox 839 2168 937 2224; x_wconf 89' lang='lat' dir='ltr'><strong>per</strong></span> <span class='ocrx_word' id='word_1_249' title='bbox 979 2161 1159 2208; x_wconf 89' lang='lat' dir='ltr'><strong>vestra</strong></span> <span class='ocrx_word' id='word_1_250' title='bbox 1210 2150 1493 2209; x_wconf 86' lang='lat' dir='ltr'><strong>benefacta</strong></span> <span class='ocrx_word' id='word_1_251' title='bbox 1539 2158 1832 2217; x_wconf 88' lang='lat' dir='ltr'><strong>accrescat,</strong></span> 
     </span>
    </p>
   </div>
   <div class='ocr_carea' id='block_1_36' title="bbox 230 2241 1839 2315">
    <p class='ocr_par' dir='ltr' id='par_1_36' title="bbox 230 2241 1839 2315">
     <span class='ocr_line' id='line_1_36' title="bbox 230 2241 1839 2315; baseline -0.002 -15"><span class='ocrx_word' id='word_1_252' title='bbox 230 2245 378 2300; x_wconf 83' lang='lat' dir='ltr'><strong>sicut</strong></span> <span class='ocrx_word' id='word_1_253' title='bbox 413 2260 513 2315; x_wconf 86' lang='lat' dir='ltr'><strong>per</strong></span> <span class='ocrx_word' id='word_1_254' title='bbox 556 2244 725 2300; x_wconf 90' lang='lat' dir='ltr'><strong>solius</strong></span> <span class='ocrx_word' id='word_1_255' title='bbox 768 2243 1084 2314; x_wconf 90' lang='lat' dir='ltr'><strong>homonymi</strong></span> <span class='ocrx_word' id='word_1_256' title='bbox 1128 2243 1206 2298; x_wconf 93' lang='lat' dir='ltr'><strong>tui</strong></span> <span class='ocrx_word' id='word_1_257' title='bbox 1240 2243 1410 2298; x_wconf 87' lang='lat' dir='ltr'><strong>David</strong></span> <span class='ocrx_word' id='word_1_258' title='bbox 1453 2242 1565 2297; x_wconf 90' lang='lat' dir='ltr'><strong>Deo</strong></span> <span class='ocrx_word' id='word_1_259' title='bbox 1601 2241 1839 2297; x_wconf 89' lang='lat' dir='ltr'><strong>dilectis-</strong></span> 
     </span>
    </p>
   </div>
   <div class='ocr_carea' id='block_1_37' title="bbox 227 2334 1839 2407">
    <p class='ocr_par' dir='ltr' id='par_1_37' title="bbox 227 2334 1839 2407">
     <span class='ocr_line' id='line_1_37' title="bbox 227 2334 1839 2407; baseline -0.001 -16"><span class='ocrx_word' id='word_1_260' title='bbox 227 2334 354 2391; x_wconf 87' lang='lat' dir='ltr'><strong>simi</strong></span> <span class='ocrx_word' id='word_1_261' title='bbox 380 2336 529 2407; x_wconf 89' lang='lat' dir='ltr'><strong>regis</strong></span> <span class='ocrx_word' id='word_1_262' title='bbox 549 2335 919 2400; x_wconf 87' lang='lat' dir='ltr'><strong>sanctitatem,</strong></span> <span class='ocrx_word' id='word_1_263' title='bbox 942 2342 1003 2389; x_wconf 92' lang='lat' dir='ltr'><strong>ut</strong></span> <span class='ocrx_word' id='word_1_264' title='bbox 1026 2336 1241 2406; x_wconf 85' lang='lat' dir='ltr'><strong>tegitur,</strong></span> <span class='ocrx_word' id='word_1_265' title='bbox 1268 2335 1522 2389; x_wconf 89' lang='lat' dir='ltr'><strong>omnibus</strong></span> <span class='ocrx_word' id='word_1_266' title='bbox 1550 2334 1839 2404; x_wconf 89' lang='lat' dir='ltr'><strong>nepotibus</strong></span> 
     </span>
    </p>
   </div>
   <div class='ocr_carea' id='block_1_38' title="bbox 226 2424 1840 2497">
    <p class='ocr_par' dir='ltr' id='par_1_38' title="bbox 226 2424 1840 2497">
     <span class='ocr_line' id='line_1_38' title="bbox 226 2424 1840 2497; baseline -0.001 -14"><span class='ocrx_word' id='word_1_267' title='bbox 226 2428 346 2483; x_wconf 90' lang='lat' dir='ltr'><strong>suis</strong></span> <span class='ocrx_word' id='word_1_268' title='bbox 394 2428 594 2497; x_wconf 86' lang='lat' dir='ltr'><strong>regalis</strong></span> <span class='ocrx_word' id='word_1_269' title='bbox 630 2426 813 2482; x_wconf 91' lang='lat' dir='ltr'><strong>throni</strong></span> <span class='ocrx_word' id='word_1_270' title='bbox 849 2433 1093 2495; x_wconf 88' lang='lat' dir='ltr'><strong>potestas</strong></span> <span class='ocrx_word' id='word_1_271' title='bbox 1129 2435 1447 2481; x_wconf 90' lang='lat' dir='ltr'><strong>conservata</strong></span> <span class='ocrx_word' id='word_1_272' title='bbox 1489 2424 1609 2479; x_wconf 91' lang='lat' dir='ltr'><strong>fuit.</strong></span> <span class='ocrx_word' id='word_1_273' title='bbox 1650 2424 1710 2479; x_wconf 89' lang='lat' dir='ltr'><strong>In</strong></span> <span class='ocrx_word' id='word_1_274' title='bbox 1753 2425 1840 2481; x_wconf 88' lang='lat' dir='ltr'><strong>his</strong></span> 
     </span>
    </p>
   </div>
   <div class='ocr_carea' id='block_1_39' title="bbox 221 2515 1842 2587">
    <p class='ocr_par' dir='ltr' id='par_1_39' title="bbox 221 2515 1842 2587">
     <span class='ocr_line' id='line_1_39' title="bbox 221 2515 1842 2587; baseline -0.001 -14"><span class='ocrx_word' id='word_1_275' title='bbox 221 2519 385 2573; x_wconf 90' lang='lat' dir='ltr'><strong>enim</strong></span> <span class='ocrx_word' id='word_1_276' title='bbox 436 2525 493 2572; x_wconf 92' lang='lat' dir='ltr'><strong>et</strong></span> <span class='ocrx_word' id='word_1_277' title='bbox 538 2515 847 2585; x_wconf 91' lang='lat' dir='ltr'><strong>huiusmodi</strong></span> <span class='ocrx_word' id='word_1_278' title='bbox 892 2516 1169 2587; x_wconf 89' lang='lat' dir='ltr'><strong>religionis</strong></span> <span class='ocrx_word' id='word_1_279' title='bbox 1199 2517 1678 2572; x_wconf 73' lang='lat' dir='ltr'><strong>exercitationibus</strong></span> <span class='ocrx_word' id='word_1_280' title='bbox 1704 2516 1842 2572; x_wconf 84' lang='lat' dir='ltr'><strong>filio-</strong></span> 
     </span>
    </p>
   </div>
   <div class='ocr_carea' id='block_1_40' title="bbox 224 2606 1837 2679">
    <p class='ocr_par' dir='ltr' id='par_1_40' title="bbox 224 2606 1837 2679">
     <span class='ocr_line' id='line_1_40' title="bbox 224 2606 1837 2679; baseline 0.001 -17"><span class='ocrx_word' id='word_1_281' title='bbox 224 2623 361 2663; x_wconf 88' lang='lat' dir='ltr'><strong>rum</strong></span> <span class='ocrx_word' id='word_1_282' title='bbox 391 2607 677 2673; x_wconf 78' lang='lat' dir='ltr'><strong>exaltatio,</strong></span> <span class='ocrx_word' id='word_1_283' title='bbox 724 2614 780 2662; x_wconf 92' lang='lat' dir='ltr'><strong>et</strong></span> <span class='ocrx_word' id='word_1_284' title='bbox 821 2607 972 2678; x_wconf 89' lang='lat' dir='ltr'><strong>regni</strong></span> <span class='ocrx_word' id='word_1_285' title='bbox 1018 2606 1269 2674; x_wconf 88' lang='lat' dir='ltr'><strong>felicitas,</strong></span> <span class='ocrx_word' id='word_1_286' title='bbox 1315 2616 1371 2663; x_wconf 91' lang='lat' dir='ltr'><strong>et</strong></span> <span class='ocrx_word' id='word_1_287' title='bbox 1396 2608 1577 2679; x_wconf 91' lang='lat' dir='ltr'><strong>populi</strong></span> <span class='ocrx_word' id='word_1_288' title='bbox 1613 2608 1837 2674; x_wconf 88' lang='lat' dir='ltr'><strong>sanitas,</strong></span> 
     </span>
    </p>
   </div>
   <div class='ocr_carea' id='block_1_41' title="bbox 223 2684 1841 2770">
    <p class='ocr_par' dir='ltr' id='par_1_41' title="bbox 223 2684 1841 2770">
     <span class='ocr_line' id='line_1_41' title="bbox 223 2684 1841 2770; baseline -0.001 -15"><span class='ocrx_word' id='word_1_289' title='bbox 223 2705 283 2755; x_wconf 84' lang='lat' dir='ltr'><strong>et</strong></span> <span class='ocrx_word' id='word_1_290' title='bbox 326 2696 556 2768; x_wconf 89' lang='lat' dir='ltr'><strong>frugum</strong></span> <span class='ocrx_word' id='word_1_291' title='bbox 590 2696 831 2762; x_wconf 88' lang='lat' dir='ltr'><strong>ubertas,</strong></span> <span class='ocrx_word' id='word_1_292' title='bbox 874 2704 931 2752; x_wconf 88' lang='lat' dir='ltr'><strong>et</strong></span> <span class='ocrx_word' id='word_1_293' title='bbox 973 2684 1138 2753; x_wconf 85' lang='lat' dir='ltr'><strong>totius</strong></span> <span class='ocrx_word' id='word_1_294' title='bbox 1177 2699 1305 2754; x_wconf 92' lang='lat' dir='ltr'><strong>boni</strong></span> <span class='ocrx_word' id='word_1_295' title='bbox 1348 2699 1687 2770; x_wconf 87' lang='lat' dir='ltr'><strong>iucunditas;</strong></span> <span class='ocrx_word' id='word_1_296' title='bbox 1716 2699 1841 2753; x_wconf 90' lang='lat' dir='ltr'><strong>tibi-</strong></span> 
     </span>
    </p>
   </div>
   <div class='ocr_carea' id='block_1_42' title="bbox 226 2785 1840 2861">
    <p class='ocr_par' dir='ltr' id='par_1_42' title="bbox 226 2785 1840 2861">
     <span class='ocr_line' id='line_1_42' title="bbox 226 2785 1840 2861; baseline 0.003 -19"><span class='ocrx_word' id='word_1_297' title='bbox 226 2802 337 2859; x_wconf 87' lang='lat' dir='ltr'><strong>que</strong></span> <span class='ocrx_word' id='word_1_298' title='bbox 371 2785 616 2842; x_wconf 73' lang='lat' dir='ltr'><strong>cmlestis</strong></span> <span class='ocrx_word' id='word_1_299' title='bbox 650 2786 802 2856; x_wconf 85' lang='lat' dir='ltr'><strong>regni</strong></span> <span class='ocrx_word' id='word_1_300' title='bbox 829 2786 1128 2854; x_wconf 90' lang='lat' dir='ltr'><strong>beatitudo,</strong></span> <span class='ocrx_word' id='word_1_301' title='bbox 1168 2788 1387 2846; x_wconf 88' lang='lat' dir='ltr'><strong>Christo</strong></span> <span class='ocrx_word' id='word_1_302' title='bbox 1417 2791 1528 2845; x_wconf 90' lang='lat' dir='ltr'><strong>Deo</strong></span> <span class='ocrx_word' id='word_1_303' title='bbox 1554 2790 1840 2861; x_wconf 85' lang='lat' dir='ltr'><strong>perﬁcien-</strong></span> 
     </span>
    </p>
   </div>
   <div class='ocr_carea' id='block_1_43' title="bbox 226 2880 1839 2953">
    <p class='ocr_par' dir='ltr' id='par_1_43' title="bbox 226 2880 1839 2953">
     <span class='ocr_line' id='line_1_43' title="bbox 226 2880 1839 2953; baseline 0.003 -16"><span class='ocrx_word' id='word_1_304' title='bbox 226 2888 315 2948; x_wconf 91' lang='lat' dir='ltr'><strong>te,</strong></span> <span class='ocrx_word' id='word_1_305' title='bbox 371 2880 577 2936; x_wconf 87' lang='lat' dir='ltr'><strong>crescit</strong></span> <span class='ocrx_word' id='word_1_306' title='bbox 622 2887 676 2935; x_wconf 90' lang='lat' dir='ltr'><strong>et</strong></span> <span class='ocrx_word' id='word_1_307' title='bbox 721 2891 984 2952; x_wconf 87' lang='lat' dir='ltr'><strong>augetur,</strong></span> <span class='ocrx_word' id='word_1_308' title='bbox 1037 2883 1349 2940; x_wconf 90' lang='lat' dir='ltr'><strong>dulcissime</strong></span> <span class='ocrx_word' id='word_1_309' title='bbox 1402 2886 1591 2953; x_wconf 83' lang='lat' dir='ltr'><strong>David,</strong></span> <span class='ocrx_word' id='word_1_310' title='bbox 1648 2886 1839 2942; x_wconf 88' lang='lat' dir='ltr'><strong>diebus</strong></span> 
     </span>
    </p>
   </div>
   <div class='ocr_carea' id='block_1_44' title="bbox 231 2974 481 3031">
    <p class='ocr_par' dir='ltr' id='par_1_44' title="bbox 231 2974 481 3031">
     <span class='ocr_line' id='line_1_44' title="bbox 231 2974 481 3031; baseline -0.016 0"><span class='ocrx_word' id='word_1_311' title='bbox 231 2974 481 3031; x_wconf 59' lang='lat' dir='ltr'><strong>aeternis.</strong></span> 
     </span>
    </p>
   </div>
   <div class='ocr_carea' id='block_1_45' title="bbox 304 3063 1653 3139">
    <p class='ocr_par' dir='ltr' id='par_1_45' title="bbox 304 3063 1653 3139">
     <span class='ocr_line' id='line_1_45' title="bbox 304 3063 1653 3139; baseline 0.003 -18"><span class='ocrx_word' id='word_1_312' title='bbox 304 3064 408 3121; x_wconf 89' lang='lat' dir='ltr'><strong>Det</strong></span> <span class='ocrx_word' id='word_1_313' title='bbox 439 3063 539 3119; x_wconf 90' lang='lat' dir='ltr'><strong>tibi</strong></span> <span class='ocrx_word' id='word_1_314' title='bbox 565 3065 853 3122; x_wconf 89' lang='lat' dir='ltr'><strong>consilium</strong></span> <span class='ocrx_word' id='word_1_315' title='bbox 882 3067 1052 3137; x_wconf 89' lang='lat' dir='ltr'><strong>pacis,</strong></span> <span class='ocrx_word' id='word_1_316' title='bbox 1085 3068 1245 3122; x_wconf 90' lang='lat' dir='ltr'><strong>simul</strong></span> <span class='ocrx_word' id='word_1_317' title='bbox 1271 3076 1435 3139; x_wconf 91' lang='lat' dir='ltr'><strong>atque</strong></span> <span class='ocrx_word' id='word_1_318' title='bbox 1462 3069 1653 3127; x_wconf 89' lang='lat' dir='ltr'><strong>salutis</strong></span> 
     </span>
    </p>
   </div>
   <div class='ocr_carea' id='block_1_46' title="bbox 372 3157 1672 3232">
    <p class='ocr_par' dir='ltr' id='par_1_46' title="bbox 372 3157 1672 3232">
     <span class='ocr_line' id='line_1_46' title="bbox 372 3157 1672 3232; baseline 0.005 -20"><span class='ocrx_word' id='word_1_319' title='bbox 372 3157 567 3226; x_wconf 88' lang='lat' dir='ltr'><strong>David,</strong></span> <span class='ocrx_word' id='word_1_320' title='bbox 597 3175 751 3214; x_wconf 91' lang='lat' dir='ltr'><strong>amor</strong></span> <span class='ocrx_word' id='word_1_321' title='bbox 776 3159 981 3232; x_wconf 86' lang='lat' dir='ltr'><strong>p0puli,</strong></span> <span class='ocrx_word' id='word_1_322' title='bbox 1006 3159 1259 3216; x_wconf 83' lang='lat' dir='ltr'><strong>Christus</strong></span> <span class='ocrx_word' id='word_1_323' title='bbox 1286 3162 1488 3232; x_wconf 89' lang='lat' dir='ltr'><strong>ubique</strong></span> <span class='ocrx_word' id='word_1_324' title='bbox 1510 3163 1634 3232; x_wconf 91' lang='lat' dir='ltr'><strong>pius</strong></span> <span class='ocrx_word' id='word_1_325' title='bbox 1658 3182 1672 3218; x_wconf 87' lang='lat'><strong>:</strong></span> 
     </span>
    </p>
   </div>
   <div class='ocr_carea' id='block_1_47' title="bbox 303 3248 1644 3324">
    <p class='ocr_par' dir='ltr' id='par_1_47' title="bbox 303 3248 1644 3324">
     <span class='ocr_line' id='line_1_47' title="bbox 303 3248 1644 3324; baseline 0.003 -20"><span class='ocrx_word' id='word_1_326' title='bbox 303 3248 661 3319; x_wconf 88' lang='lat' dir='ltr'><strong>Omnipotens</strong></span> <span class='ocrx_word' id='word_1_327' title='bbox 689 3249 842 3319; x_wconf 89' lang='lat' dir='ltr'><strong>cujus</strong></span> <span class='ocrx_word' id='word_1_328' title='bbox 870 3250 1125 3306; x_wconf 88' lang='lat' dir='ltr'><strong>defendat</strong></span> <span class='ocrx_word' id='word_1_329' title='bbox 1155 3251 1379 3307; x_wconf 82' lang='lat' dir='ltr'><strong>dextera</strong></span> <span class='ocrx_word' id='word_1_330' title='bbox 1409 3268 1644 3324; x_wconf 86' lang='lat' dir='ltr'><strong>semper,</strong></span> 
     </span>
    </p>
   </div>
   <div class='ocr_carea' id='block_1_48' title="bbox 376 3338 1549 3411">
    <p class='ocr_par' dir='ltr' id='par_1_48' title="bbox 376 3338 1549 3411">
     <span class='ocr_line' id='line_1_48' title="bbox 376 3338 1549 3411; baseline 0.003 -18"><span class='ocrx_word' id='word_1_331' title='bbox 376 3338 656 3395; x_wconf 85' lang='lat' dir='ltr'><strong>Victorem</strong></span> <span class='ocrx_word' id='word_1_332' title='bbox 686 3339 891 3396; x_wconf 86' lang='lat' dir='ltr'><strong>faciens</strong></span> <span class='ocrx_word' id='word_1_333' title='bbox 918 3349 1079 3410; x_wconf 83' lang='lat' dir='ltr'><strong>teque</strong></span> <span class='ocrx_word' id='word_1_334' title='bbox 1110 3348 1339 3411; x_wconf 90' lang='lat' dir='ltr'><strong>tuosque</strong></span> <span class='ocrx_word' id='word_1_335' title='bbox 1370 3342 1549 3398; x_wconf 88' lang='lat' dir='ltr'><strong>simul.</strong></span> 
     </span>
    </p>
   </div>
   <div class='ocr_carea' id='block_1_49' title="bbox 305 3429 1559 3491">
    <p class='ocr_par' dir='ltr' id='par_1_49' title="bbox 305 3429 1559 3491">
     <span class='ocr_line' id='line_1_49' title="bbox 305 3429 1559 3491; baseline 0.004 -5"><span class='ocrx_word' id='word_1_336' title='bbox 305 3429 518 3488; x_wconf 79' lang='lat' dir='ltr'><strong>Nomen</strong></span> <span class='ocrx_word' id='word_1_337' title='bbox 545 3439 606 3486; x_wconf 93' lang='lat' dir='ltr'><strong>ut</strong></span> <span class='ocrx_word' id='word_1_338' title='bbox 634 3439 897 3487; x_wconf 66' lang='lat' dir='ltr'><strong>aeternum</strong></span> <span class='ocrx_word' id='word_1_339' title='bbox 923 3441 1038 3489; x_wconf 92' lang='lat' dir='ltr'><strong>toto</strong></span> <span class='ocrx_word' id='word_1_340' title='bbox 1062 3433 1312 3489; x_wconf 88' lang='lat' dir='ltr'><strong>laudetur</strong></span> <span class='ocrx_word' id='word_1_341' title='bbox 1341 3434 1398 3489; x_wconf 93' lang='lat' dir='ltr'><strong>in</strong></span> <span class='ocrx_word' id='word_1_342' title='bbox 1427 3434 1559 3491; x_wconf 91' lang='lat' dir='ltr'><strong>orbe</strong></span> 
     </span>
    </p>
   </div>
   <div class='ocr_carea' id='block_1_50' title="bbox 374 3523 1349 3596">
    <p class='ocr_par' dir='ltr' id='par_1_50' title="bbox 374 3523 1349 3596">
     <span class='ocr_line' id='line_1_50' title="bbox 374 3523 1349 3596; baseline 0.001 -18"><span class='ocrx_word' id='word_1_343' title='bbox 374 3523 529 3580; x_wconf 83' lang='lat' dir='ltr'><strong>illius</strong></span> <span class='ocrx_word' id='word_1_344' title='bbox 556 3538 622 3579; x_wconf 74' lang='lat' dir='ltr'><strong>ex</strong></span> <span class='ocrx_word' id='word_1_345' title='bbox 653 3524 825 3589; x_wconf 90' lang='lat' dir='ltr'><strong>vobis,</strong></span> <span class='ocrx_word' id='word_1_346' title='bbox 860 3540 959 3596; x_wconf 91' lang='lat' dir='ltr'><strong>pro</strong></span> <span class='ocrx_word' id='word_1_347' title='bbox 982 3525 1201 3596; x_wconf 87' lang='lat' dir='ltr'><strong>pietatis</strong></span> <span class='ocrx_word' id='word_1_348' title='bbox 1227 3542 1349 3596; x_wconf 83' lang='lat' dir='ltr'><strong>ope.</strong></span> 
     </span>
    </p>
   </div>
   <div class='ocr_carea' id='block_1_51' title="bbox 309 3620 1657 3693">
    <p class='ocr_par' dir='ltr' id='par_1_51' title="bbox 309 3620 1657 3693">
     <span class='ocr_line' id='line_1_51' title="bbox 309 3620 1657 3693; baseline 0.001 -16"><span class='ocrx_word' id='word_1_349' title='bbox 309 3620 524 3692; x_wconf 82' lang='lat' dir='ltr'><strong>Aspice,</strong></span> <span class='ocrx_word' id='word_1_350' title='bbox 555 3630 876 3678; x_wconf 90' lang='lat' dir='ltr'><strong>cunctorum</strong></span> <span class='ocrx_word' id='word_1_351' title='bbox 904 3622 1031 3676; x_wconf 74' lang='lat' dir='ltr'><strong>ViL’B</strong></span> <span class='ocrx_word' id='word_1_352' title='bbox 1059 3638 1207 3693; x_wconf 87' lang='lat' dir='ltr'><strong>spes,</strong></span> <span class='ocrx_word' id='word_1_353' title='bbox 1240 3622 1413 3678; x_wconf 90' lang='lat' dir='ltr'><strong>forma</strong></span> <span class='ocrx_word' id='word_1_354' title='bbox 1447 3623 1657 3688; x_wconf 88' lang='lat' dir='ltr'><strong>salutis,</strong></span> 
     </span>
    </p>
   </div>
   <div class='ocr_carea' id='block_1_52' title="bbox 376 3713 1599 3782">
    <p class='ocr_par' dir='ltr' id='par_1_52' title="bbox 376 3713 1599 3782">
     <span class='ocr_line' id='line_1_52' title="bbox 376 3713 1599 3782; baseline 0.001 -13"><span class='ocrx_word' id='word_1_355' title='bbox 376 3713 626 3782; x_wconf 84' lang='lat' dir='ltr'><strong>Qualiter</strong></span> <span class='ocrx_word' id='word_1_356' title='bbox 654 3715 723 3770; x_wconf 91' lang='lat' dir='ltr'><strong>ad</strong></span> <span class='ocrx_word' id='word_1_357' title='bbox 749 3723 963 3771; x_wconf 89' lang='lat' dir='ltr'><strong>vosmet</strong></span> <span class='ocrx_word' id='word_1_358' title='bbox 992 3722 1104 3770; x_wconf 88' lang='lat' dir='ltr'><strong>tota</strong></span> <span class='ocrx_word' id='word_1_359' title='bbox 1131 3724 1377 3772; x_wconf 87' lang='lat' dir='ltr'><strong>recurrat</strong></span> <span class='ocrx_word' id='word_1_360' title='bbox 1410 3724 1599 3772; x_wconf 82' lang='lat' dir='ltr'><strong>ovans.</strong></span> 
     </span>
    </p>
   </div>
   <div class='ocr_carea' id='block_1_53' title="bbox 306 3786 1765 3878">
    <p class='ocr_par' dir='ltr' id='par_1_53' title="bbox 306 3786 1765 3878">
     <span class='ocr_line' id='line_1_53' title="bbox 306 3786 1765 3878; baseline 0.004 -19"><span class='ocrx_word' id='word_1_361' title='bbox 306 3786 338 3846; x_wconf 50' lang='grc' dir='ltr'>ἱ</span> <span class='ocrx_word' id='word_1_362' title='bbox 375 3804 488 3873; x_wconf 86' lang='lat' dir='ltr'><strong>Qui</strong></span> <span class='ocrx_word' id='word_1_363' title='bbox 514 3806 688 3861; x_wconf 90' lang='lat' dir='ltr'><strong>tristis</strong></span> <span class='ocrx_word' id='word_1_364' title='bbox 714 3807 881 3869; x_wconf 87' lang='lat' dir='ltr'><strong>venit,</strong></span> <span class='ocrx_word' id='word_1_365' title='bbox 914 3807 1101 3862; x_wconf 88' lang='lat' dir='ltr'><strong>redeat</strong></span> <span class='ocrx_word' id='word_1_366' title='bbox 1120 3807 1233 3878; x_wconf 90' lang='lat' dir='ltr'><strong>jam</strong></span> <span class='ocrx_word' id='word_1_367' title='bbox 1266 3807 1420 3863; x_wconf 77' lang='lat' dir='ltr'><strong>laetus</strong></span> <span class='ocrx_word' id='word_1_368' title='bbox 1455 3810 1522 3863; x_wconf 90' lang='lat' dir='ltr'><strong>ad</strong></span> <span class='ocrx_word' id='word_1_369' title='bbox 1550 3809 1765 3876; x_wconf 89' lang='lat' dir='ltr'><strong>urbem,</strong></span> 
     </span>
    </p>
   </div>
   <div class='ocr_carea' id='block_1_54' title="bbox 373 3894 1694 3968">
    <p class='ocr_par' dir='ltr' id='par_1_54' title="bbox 373 3894 1694 3968">
     <span class='ocr_line' id='line_1_54' title="bbox 373 3894 1694 3968; baseline 0.002 -18"><span class='ocrx_word' id='word_1_370' title='bbox 373 3894 488 3950; x_wconf 91' lang='lat' dir='ltr'><strong>Per</strong></span> <span class='ocrx_word' id='word_1_371' title='bbox 514 3897 603 3966; x_wconf 90' lang='lat' dir='ltr'><strong>pia</strong></span> <span class='ocrx_word' id='word_1_372' title='bbox 633 3897 772 3952; x_wconf 92' lang='lat' dir='ltr'><strong>dona</strong></span> <span class='ocrx_word' id='word_1_373' title='bbox 799 3896 996 3963; x_wconf 87' lang='lat' dir='ltr'><strong>Patris,</strong></span> <span class='ocrx_word' id='word_1_374' title='bbox 1030 3898 1425 3968; x_wconf 89' lang='lat' dir='ltr'><strong>consiliumque</strong></span> <span class='ocrx_word' id='word_1_375' title='bbox 1460 3914 1694 3955; x_wconf 88' lang='lat' dir='ltr'><strong>sacrum.</strong></span> 
     </span>
    </p>
   </div>
   <div class='ocr_carea' id='block_1_55' title="bbox 305 3986 1781 4059">
    <p class='ocr_par' dir='ltr' id='par_1_55' title="bbox 305 3986 1781 4059">
     <span class='ocr_line' id='line_1_55' title="bbox 305 3986 1781 4059; baseline 0.002 -17"><span class='ocrx_word' id='word_1_376' title='bbox 305 3986 471 4056; x_wconf 84' lang='lat' dir='ltr'><strong>Quod</strong></span> <span class='ocrx_word' id='word_1_377' title='bbox 496 3987 633 4056; x_wconf 91' lang='lat' dir='ltr'><strong>petit</strong></span> <span class='ocrx_word' id='word_1_378' title='bbox 659 3987 957 4052; x_wconf 89' lang='lat' dir='ltr'><strong>inveniens,</strong></span> <span class='ocrx_word' id='word_1_379' title='bbox 989 3988 1249 4057; x_wconf 88' lang='lat' dir='ltr'><strong>quidquid</strong></span> <span class='ocrx_word' id='word_1_380' title='bbox 1277 3989 1514 4058; x_wconf 87' lang='lat' dir='ltr'><strong>speravit</strong></span> <span class='ocrx_word' id='word_1_381' title='bbox 1535 3990 1781 4059; x_wconf 85' lang='lat' dir='ltr'><strong>adeptus,</strong></span> 
     </span>
    </p>
   </div>
   <div class='ocr_carea' id='block_1_56' title="bbox 376 4078 1637 4151">
    <p class='ocr_par' dir='ltr' id='par_1_56' title="bbox 376 4078 1637 4151">
     <span class='ocr_line' id='line_1_56' title="bbox 376 4078 1637 4151; baseline 0.002 -17"><span class='ocrx_word' id='word_1_382' title='bbox 376 4078 527 4134; x_wconf 81' lang='lat' dir='ltr'><strong>Huic</strong></span> <span class='ocrx_word' id='word_1_383' title='bbox 555 4094 767 4148; x_wconf 89' lang='lat' dir='ltr'><strong>quoque</strong></span> <span class='ocrx_word' id='word_1_384' title='bbox 793 4078 980 4135; x_wconf 88' lang='lat' dir='ltr'><strong>laudes</strong></span> <span class='ocrx_word' id='word_1_385' title='bbox 1002 4079 1343 4151; x_wconf 89' lang='lat' dir='ltr'><strong>hymnidicas</strong></span> <span class='ocrx_word' id='word_1_386' title='bbox 1372 4080 1637 4148; x_wconf 87' lang='lat' dir='ltr'><strong>referens,</strong></span> 
     </span>
    </p>
   </div>
   <div class='ocr_carea' id='block_1_57' title="bbox 308 4170 1663 4244">
    <p class='ocr_par' dir='ltr' id='par_1_57' title="bbox 308 4170 1663 4244">
     <span class='ocr_line' id='line_1_57' title="bbox 308 4170 1663 4244; baseline 0.002 -18"><span class='ocrx_word' id='word_1_387' title='bbox 308 4170 409 4239; x_wconf 88' lang='lat' dir='ltr'><strong>Qui</strong></span> <span class='ocrx_word' id='word_1_388' title='bbox 444 4172 646 4227; x_wconf 90' lang='lat' dir='ltr'><strong>mundo</strong></span> <span class='ocrx_word' id='word_1_389' title='bbox 676 4172 838 4227; x_wconf 88' lang='lat' dir='ltr'><strong>talem</strong></span> <span class='ocrx_word' id='word_1_390' title='bbox 867 4174 1056 4228; x_wconf 86' lang='lat' dir='ltr'><strong>tribuit</strong></span> <span class='ocrx_word' id='word_1_391' title='bbox 1078 4174 1177 4229; x_wconf 89' lang='lat' dir='ltr'><strong>sub</strong></span> <span class='ocrx_word' id='word_1_392' title='bbox 1203 4181 1448 4244; x_wconf 77' lang='lat' dir='ltr'><strong>tempore</strong></span> <span class='ocrx_word' id='word_1_393' title='bbox 1475 4182 1663 4229; x_wconf 91' lang='lat' dir='ltr'><strong>nostro</strong></span> 
     </span>
    </p>
   </div>
   <div class='ocr_carea' id='block_1_58' title="bbox 374 4262 1434 4336">
    <p class='ocr_par' dir='ltr' id='par_1_58' title="bbox 374 4262 1434 4336">
     <span class='ocr_line' id='line_1_58' title="bbox 374 4262 1434 4336; baseline 0.002 -17"><span class='ocrx_word' id='word_1_394' title='bbox 374 4262 694 4329; x_wconf 82' lang='lat' dir='ltr'><strong>Rectorem,</strong></span> <span class='ocrx_word' id='word_1_395' title='bbox 729 4280 898 4321; x_wconf 68' lang='lat' dir='ltr'><strong>sacra:</strong></span> <span class='ocrx_word' id='word_1_396' title='bbox 921 4266 1163 4336; x_wconf 86' lang='lat' dir='ltr'><strong>regmine</strong></span> <span class='ocrx_word' id='word_1_397' title='bbox 1189 4265 1434 4335; x_wconf 58' lang='lat' dir='ltr'><strong>iustitia}.</strong></span> 
     </span>
    </p>
   </div>
   <div class='ocr_carea' id='block_1_59' title="bbox 628 4356 1432 4429">
    <p class='ocr_par' dir='ltr' id='par_1_59' title="bbox 628 4356 1432 4429">
     <span class='ocr_line' id='line_1_59' title="bbox 628 4356 1432 4429; baseline -0.004 -13"><span class='ocrx_word' id='word_1_398' title='bbox 628 4357 782 4429; x_wconf 76' lang='lat'><strong>121</strong></span> <span class='ocrx_word' id='word_1_399' title='bbox 810 4368 832 4397; x_wconf 75' lang='grc' dir='ltr'><strong>ο</strong></span> <span class='ocrx_word' id='word_1_400' title='bbox 858 4356 1194 4413; x_wconf 86' lang='lat' dir='ltr'><strong>EPISTOLA</strong></span> <span class='ocrx_word' id='word_1_401' title='bbox 1227 4356 1432 4414; x_wconf 76' lang='lat' dir='ltr'><strong>XCVII.</strong></span> 
     </span>
    </p>
   </div>
   <div class='ocr_carea' id='block_1_60' title="bbox 864 4464 1219 4592">
    <p class='ocr_par' dir='ltr' id='par_1_60' title="bbox 864 4464 1219 4592">
     <span class='ocr_line' id='line_1_60' title="bbox 864 4464 1219 4592; baseline 0.006 -19"><span class='ocrx_word' id='word_1_402' title='bbox 864 4464 1042 4592; x_wconf 53' lang='grc' dir='ltr'><strong>(Αηῗιῖ</strong></span> <span class='ocrx_word' id='word_1_403' title='bbox 1069 4520 1219 4592; x_wconf 85' lang='lat'><strong>799.)</strong></span> 
     </span>
    </p>
   </div>
   <div class='ocr_carea' id='block_1_61' title="bbox 250 4609 1840 4684">
    <p class='ocr_par' dir='ltr' id='par_1_61' title="bbox 250 4609 1840 4684">
     <span class='ocr_line' id='line_1_61' title="bbox 250 4609 1840 4684; baseline 0.002 -19"><span class='ocrx_word' id='word_1_404' title='bbox 250 4609 478 4684; x_wconf 64' lang='lat' dir='ltr'><strong>Exoptat</strong></span> <span class='ocrx_word' id='word_1_405' title='bbox 498 4611 615 4683; x_wconf 78' lang='lat' dir='ltr'><strong>ejus</strong></span> <span class='ocrx_word' id='word_1_406' title='bbox 643 4611 1007 4683; x_wconf 68' lang='lat' dir='ltr'><strong>praesentiam,</strong></span> <span class='ocrx_word' id='word_1_407' title='bbox 1053 4611 1291 4683; x_wconf 75' lang='lat' dir='ltr'><strong>deplorat</strong></span> <span class='ocrx_word' id='word_1_408' title='bbox 1320 4622 1475 4670; x_wconf 71' lang='lat' dir='ltr'><strong>atrox</strong></span> <span class='ocrx_word' id='word_1_409' title='bbox 1504 4614 1702 4684; x_wconf 80' lang='lat' dir='ltr'><strong>factum</strong></span> <span class='ocrx_word' id='word_1_410' title='bbox 1732 4613 1840 4668; x_wconf 87' lang='lat' dir='ltr'><strong>Ro-</strong></span> 
     </span>
    </p>
   </div>
   <div class='ocr_carea' id='block_1_62' title="bbox 315 4743 1833 4818">
    <p class='ocr_par' dir='ltr' id='par_1_62' title="bbox 315 4743 1833 4818">
     <span class='ocr_line' id='line_1_62' title="bbox 315 4743 1833 4818; baseline 0.004 -21"><span class='ocrx_word' id='word_1_411' title='bbox 315 4757 340 4784; x_wconf 76' lang='grc' dir='ltr'>ι</span> <span class='ocrx_word' id='word_1_412' title='bbox 379 4743 613 4818; x_wconf 59' lang='lat' dir='ltr'><strong>Romani</strong></span> <span class='ocrx_word' id='word_1_413' title='bbox 634 4744 813 4818; x_wconf 71' lang='lat' dir='ltr'><strong>eundi.</strong></span> <span class='ocrx_word' id='word_1_414' title='bbox 844 4764 863 4795; x_wconf 86' lang='grc'><strong>‹</strong></span> <span class='ocrx_word' id='word_1_415' title='bbox 883 4744 1030 4818; x_wconf 74' lang='lat' dir='ltr'><strong>_Ht_tic</strong></span> <span class='ocrx_word' id='word_1_416' title='bbox 1053 4746 1194 4818; x_wconf 88' lang='lat' dir='ltr'><strong>enim</strong></span> <span class='ocrx_word' id='word_1_417' title='bbox 1216 4748 1496 4818; x_wconf 90' lang='lat' dir='ltr'><strong>obsequio,</strong></span> <span class='ocrx_word' id='word_1_418' title='bbox 1528 4748 1703 4818; x_wconf 82' lang='lat' dir='ltr'><strong>inquit</strong></span> <span class='ocrx_word' id='word_1_419' title='bbox 1731 4748 1833 4803; x_wconf 89' lang='lat' dir='ltr'><strong>Pa-</strong></span> 
     </span>
    </p>
   </div>
   <div class='ocr_carea' id='block_1_63' title="bbox 253 4814 1836 4890">
    <p class='ocr_par' dir='ltr' id='par_1_63' title="bbox 253 4814 1836 4890">
     <span class='ocr_line' id='line_1_63' title="bbox 253 4814 1836 4890; baseline 0.004 -22"><span class='ocrx_word' id='word_1_420' title='bbox 253 4814 360 4886; x_wconf 89' lang='lat' dir='ltr'><strong>gius</strong></span> <span class='ocrx_word' id='word_1_421' title='bbox 384 4815 678 4890; x_wconf 84' lang='lat' dir='ltr'><strong>anno_799,</strong></span> <span class='ocrx_word' id='word_1_422' title='bbox 705 4831 854 4890; x_wconf 86' lang='lat' dir='ltr'><strong>num.</strong></span> <span class='ocrx_word' id='word_1_423' title='bbox 868 4815 923 4890; x_wconf 54' lang='grc' dir='ltr'><strong>τι,</strong></span> <span class='ocrx_word' id='word_1_424' title='bbox 939 4815 1165 4872; x_wconf 87' lang='lat' dir='ltr'><strong>Carolus</strong></span> <span class='ocrx_word' id='word_1_425' title='bbox 1178 4833 1273 4873; x_wconf 80' lang='lat' dir='ltr'><strong>rex</strong></span> <span class='ocrx_word' id='word_1_426' title='bbox 1295 4814 1836 4890; x_wconf 47' lang='lat' dir='ltr'><strong>complures—episco-</strong></span> 
     </span>
    </p>
   </div>
   <div class='ocr_carea' id='block_1_64' title="bbox 254 4886 1838 4963">
    <p class='ocr_par' dir='ltr' id='par_1_64' title="bbox 254 4886 1838 4963">
     <span class='ocr_line' id='line_1_64' title="bbox 254 4886 1838 4963; baseline 0.003 -22"><span class='ocrx_word' id='word_1_427' title='bbox 254 4901 345 4955; x_wconf 87' lang='lat' dir='ltr'><strong>pos</strong></span> <span class='ocrx_word' id='word_1_428' title='bbox 369 4886 695 4963; x_wconf 76' lang='lat' dir='ltr'><strong>et__abbates</strong></span> <span class='ocrx_word' id='word_1_429' title='bbox 714 4886 832 4963; x_wconf 82' lang='lat' dir='ltr'><strong>iam</strong></span> <span class='ocrx_word' id='word_1_430' title='bbox 862 4888 1027 4963; x_wconf 78' lang='lat' dir='ltr'><strong>(anno</strong></span> <span class='ocrx_word' id='word_1_431' title='bbox 1067 4903 1260 4963; x_wconf 77' lang='lat' dir='ltr'><strong>nempe</strong></span> <span class='ocrx_word' id='word_1_432' title='bbox 1291 4886 1566 4963; x_wconf 65' lang='lat' dir='ltr'><strong>praesenti)</strong></span> <span class='ocrx_word' id='word_1_433' title='bbox 1598 4886 1838 4945; x_wconf 80' lang='lat' dir='ltr'><strong>destina-</strong></span> 
     </span>
    </p>
   </div>
   <div class='ocr_carea' id='block_1_65' title="bbox 256 4956 1324 5025">
    <p class='ocr_par' dir='ltr' id='par_1_65' title="bbox 256 4956 1324 5025">
     <span class='ocr_line' id='line_1_65' title="bbox 256 4956 1324 5025; baseline 0.006 -16"><span class='ocrx_word' id='word_1_434' title='bbox 256 4966 351 5010; x_wconf 89' lang='lat' dir='ltr'><strong>rat.</strong></span> <span class='ocrx_word' id='word_1_435' title='bbox 383 4978 402 5009; x_wconf 73' lang='grc' dir='ltr'><strong><em>ι</em></strong></span> <span class='ocrx_word' id='word_1_436' title='bbox 432 4956 558 5012; x_wconf 78' lang='lat' dir='ltr'><strong>Vid.</strong></span> <span class='ocrx_word' id='word_1_437' title='bbox 588 4956 745 5025; x_wconf 87' lang='lat' dir='ltr'><strong>epist.</strong></span> <span class='ocrx_word' id='word_1_438' title='bbox 768 4957 836 5011; x_wconf 88' lang='lat' dir='ltr'><strong>ad</strong></span> <span class='ocrx_word' id='word_1_439' title='bbox 865 4956 1138 5013; x_wconf 78' lang='lat' dir='ltr'><strong>Arnonem</strong></span> <span class='ocrx_word' id='word_1_440' title='bbox 1163 4956 1324 5015; x_wconf 76' lang='lat' dir='ltr'><strong>infra.</strong></span> 
     </span>
    </p>
   </div>
   <div class='ocr_carea' id='block_1_66' title="bbox 320 5026 1835 5097">
    <p class='ocr_par' dir='ltr' id='par_1_66' title="bbox 320 5026 1835 5097">
     <span class='ocr_line' id='line_1_66' title="bbox 320 5026 1835 5097; baseline 0.006 -18"><span class='ocrx_word' id='word_1_441' title='bbox 320 5027 346 5066; x_wconf 70' lang='grc' dir='ltr'>δ</span> <span class='ocrx_word' id='word_1_442' title='bbox 386 5026 494 5092; x_wconf 86' lang='lat' dir='ltr'><strong>Qui</strong></span> <span class='ocrx_word' id='word_1_443' title='bbox 519 5028 683 5081; x_wconf 80' lang='lat' dir='ltr'><strong>tristis</strong></span> <span class='ocrx_word' id='word_1_444' title='bbox 704 5028 855 5082; x_wconf 79' lang='lat' dir='ltr'><strong>venit.</strong></span> <span class='ocrx_word' id='word_1_445' title='bbox 892 5047 911 5080; x_wconf 87' lang='grc'><strong>‹</strong></span> <span class='ocrx_word' id='word_1_446' title='bbox 940 5028 1164 5084; x_wconf 80' lang='lat' dir='ltr'><strong>Videtur</strong></span> <span class='ocrx_word' id='word_1_447' title='bbox 1184 5030 1443 5095; x_wconf 88' lang='lat' dir='ltr'><strong>alludere,</strong></span> <span class='ocrx_word' id='word_1_448' title='bbox 1468 5033 1545 5087; x_wconf 86' lang='lat' dir='ltr'><strong>ait</strong></span> <span class='ocrx_word' id='word_1_449' title='bbox 1570 5031 1835 5097; x_wconf 88' lang='lat' dir='ltr'><strong>Canisius,</strong></span> 
     </span>
    </p>
   </div>
   <div class='ocr_carea' id='block_1_67' title="bbox 258 5098 1839 5174">
    <p class='ocr_par' dir='ltr' id='par_1_67' title="bbox 258 5098 1839 5174">
     <span class='ocr_line' id='line_1_67' title="bbox 258 5098 1839 5174; baseline 0.004 -23"><span class='ocrx_word' id='word_1_450' title='bbox 258 5098 582 5174; x_wconf 88' lang='lat' dir='ltr'><strong>ad_alteram</strong></span> <span class='ocrx_word' id='word_1_451' title='bbox 610 5098 1006 5174; x_wconf 77' lang='lat' dir='ltr'><strong>profectionem</strong></span> <span class='ocrx_word' id='word_1_452' title='bbox 1061 5099 1359 5157; x_wconf 81' lang='lat' dir='ltr'><strong>Romanam</strong></span> <span class='ocrx_word' id='word_1_453' title='bbox 1407 5101 1584 5158; x_wconf 83' lang='lat' dir='ltr'><strong>Caroli</strong></span> <span class='ocrx_word' id='word_1_454' title='bbox 1612 5103 1839 5174; x_wconf 82' lang='lat' dir='ltr'><strong>Magni,</strong></span> 
     </span>
    </p>
   </div>
   <div class='ocr_carea' id='block_1_68' title="bbox 259 5169 1843 5240">
    <p class='ocr_par' dir='ltr' id='par_1_68' title="bbox 259 5169 1843 5240">
     <span class='ocr_line' id='line_1_68' title="bbox 259 5169 1843 5240; baseline 0.004 -18"><span class='ocrx_word' id='word_1_455' title='bbox 259 5169 343 5236; x_wconf 88' lang='lat' dir='ltr'><strong>qui</strong></span> <span class='ocrx_word' id='word_1_456' title='bbox 386 5178 583 5240; x_wconf 80' lang='lat' dir='ltr'><strong>quater</strong></span> <span class='ocrx_word' id='word_1_457' title='bbox 610 5169 836 5223; x_wconf 82' lang='lat' dir='ltr'><strong>Romam</strong></span> <span class='ocrx_word' id='word_1_458' title='bbox 878 5169 1153 5240; x_wconf 87' lang='lat' dir='ltr'><strong>profectus</strong></span> <span class='ocrx_word' id='word_1_459' title='bbox 1195 5182 1319 5228; x_wconf 88' lang='lat' dir='ltr'><strong>est:</strong></span> <span class='ocrx_word' id='word_1_460' title='bbox 1353 5189 1494 5229; x_wconf 91' lang='lat' dir='ltr'><strong>anno</strong></span> <span class='ocrx_word' id='word_1_461' title='bbox 1525 5173 1627 5227; x_wconf 77' lang='grc'>774</span> <span class='ocrx_word' id='word_1_462' title='bbox 1666 5169 1843 5229; x_wconf 79' lang='lat' dir='ltr'><strong>vindi—</strong></span> 
     </span>
    </p>
   </div>
   <div class='ocr_carea' id='block_1_69' title="bbox 260 5238 1844 5313">
    <p class='ocr_par' dir='ltr' id='par_1_69' title="bbox 260 5238 1844 5313">
     <span class='ocr_line' id='line_1_69' title="bbox 260 5238 1844 5313; baseline 0.006 -22"><span class='ocrx_word' id='word_1_463' title='bbox 260 5238 816 5313; x_wconf 12' lang='lat' dir='ltr'><strong>gans‘Adrianumet</strong></span> <span class='ocrx_word' id='word_1_464' title='bbox 842 5238 1141 5313; x_wconf 78' lang='lat' dir='ltr'><strong>Romanam</strong></span> <span class='ocrx_word' id='word_1_465' title='bbox 1188 5243 1486 5299; x_wconf 89' lang='lat' dir='ltr'><strong>Ecclesiam</strong></span> <span class='ocrx_word' id='word_1_466' title='bbox 1529 5245 1596 5299; x_wconf 89' lang='lat' dir='ltr'><strong>ab</strong></span> <span class='ocrx_word' id='word_1_467' title='bbox 1631 5244 1844 5313; x_wconf 89' lang='lat' dir='ltr'><strong>injuriis</strong></span> 
     </span>
    </p>
   </div>
   <div class='ocr_carea' id='block_1_70' title="bbox 261 5306 1844 5381">
    <p class='ocr_par' dir='ltr' id='par_1_70' title="bbox 261 5306 1844 5381">
     <span class='ocr_line' id='line_1_70' title="bbox 261 5306 1844 5381; baseline 0.004 -18"><span class='ocrx_word' id='word_1_468' title='bbox 261 5306 517 5365; x_wconf 87' lang='lat' dir='ltr'><strong>Desiderii</strong></span> <span class='ocrx_word' id='word_1_469' title='bbox 546 5310 918 5381; x_wconf 86' lang='lat' dir='ltr'><strong>Longobard.;</strong></span> <span class='ocrx_word' id='word_1_470' title='bbox 954 5312 1147 5367; x_wconf 88' lang='lat' dir='ltr'><strong>deinde</strong></span> <span class='ocrx_word' id='word_1_471' title='bbox 1170 5329 1312 5369; x_wconf 87' lang='lat' dir='ltr'><strong>anno</strong></span> <span class='ocrx_word' id='word_1_472' title='bbox 1340 5314 1437 5371; x_wconf 85' lang='grc'><strong>781</strong></span> <span class='ocrx_word' id='word_1_473' title='bbox 1471 5306 1710 5371; x_wconf 82' lang='lat' dir='ltr'><strong>solvendi</strong></span> <span class='ocrx_word' id='word_1_474' title='bbox 1733 5316 1844 5370; x_wconf 89' lang='lat' dir='ltr'><strong>voti</strong></span> 
     </span>
    </p>
   </div>
   <div class='ocr_carea' id='block_1_71' title="bbox 262 5382 1840 5454">
    <p class='ocr_par' dir='ltr' id='par_1_71' title="bbox 262 5382 1840 5454">
     <span class='ocr_line' id='line_1_71' title="bbox 262 5382 1840 5454; baseline 0.005 -21"><span class='ocrx_word' id='word_1_475' title='bbox 262 5393 451 5447; x_wconf 86' lang='lat' dir='ltr'><strong>causa;</strong></span> <span class='ocrx_word' id='word_1_476' title='bbox 477 5382 640 5436; x_wconf 90' lang='lat' dir='ltr'><strong>tertio</strong></span> <span class='ocrx_word' id='word_1_477' title='bbox 655 5391 845 5454; x_wconf 86' lang='lat' dir='ltr'><strong>contra</strong></span> <span class='ocrx_word' id='word_1_478' title='bbox 866 5383 1058 5454; x_wconf 76' lang='lat' dir='ltr'><strong>ducem</strong></span> <span class='ocrx_word' id='word_1_479' title='bbox 1080 5382 1517 5441; x_wconf 88' lang='lat' dir='ltr'><strong>Beneventanum</strong></span> <span class='ocrx_word' id='word_1_480' title='bbox 1541 5402 1682 5441; x_wconf 89' lang='lat' dir='ltr'><strong>anno</strong></span> <span class='ocrx_word' id='word_1_481' title='bbox 1711 5386 1840 5454; x_wconf 88' lang='lat'><strong>786;</strong></span> 
     </span>
    </p>
   </div>
   <div class='ocr_carea' id='block_1_72' title="bbox 266 5452 1846 5526">
    <p class='ocr_par' dir='ltr' id='par_1_72' title="bbox 266 5452 1846 5526">
     <span class='ocr_line' id='line_1_72' title="bbox 266 5452 1846 5526; baseline 0.005 -23"><span class='ocrx_word' id='word_1_482' title='bbox 266 5459 453 5526; x_wconf 73' lang='lat' dir='ltr'><strong>quarto</strong></span> <span class='ocrx_word' id='word_1_483' title='bbox 480 5459 540 5505; x_wconf 93' lang='lat' dir='ltr'><strong>ut</strong></span> <span class='ocrx_word' id='word_1_484' title='bbox 570 5453 881 5526; x_wconf 80' lang='lat' dir='ltr'><strong>restitueret</strong></span> <span class='ocrx_word' id='word_1_485' title='bbox 902 5452 1255 5526; x_wconf 86' lang='lat' dir='ltr'><strong>Leoneman.</strong></span> <span class='ocrx_word' id='word_1_486' title='bbox 1285 5455 1390 5511; x_wconf 88' lang='lat'><strong>800</strong></span> <span class='ocrx_word' id='word_1_487' title='bbox 1420 5472 1527 5526; x_wconf 88' lang='lat' dir='ltr'><strong>quo</strong></span> <span class='ocrx_word' id='word_1_488' title='bbox 1553 5452 1846 5526; x_wconf 84' lang='lat' dir='ltr'><strong>imperator</strong></span> 
     </span>
    </p>
   </div>
   <div class='ocr_carea' id='block_1_73' title="bbox 263 5521 1846 5599">
    <p class='ocr_par' dir='ltr' id='par_1_73' title="bbox 263 5521 1846 5599">
     <span class='ocr_line' id='line_1_73' title="bbox 263 5521 1846 5599; baseline 0.005 -24"><span class='ocrx_word' id='word_1_489' title='bbox 263 5521 643 5599; x_wconf 69' lang='lat' dir='ltr'><strong>proclamatus.</strong></span> <span class='ocrx_word' id='word_1_490' title='bbox 680 5523 866 5599; x_wconf 74' lang='lat' dir='ltr'><strong>)_Mihi</strong></span> <span class='ocrx_word' id='word_1_491' title='bbox 898 5538 1029 5599; x_wconf 85' lang='lat' dir='ltr'><strong>vero</strong></span> <span class='ocrx_word' id='word_1_492' title='bbox 1066 5524 1316 5599; x_wconf 86' lang='lat' dir='ltr'><strong>videtur,</strong></span> <span class='ocrx_word' id='word_1_493' title='bbox 1350 5521 1469 5599; x_wconf 66' lang='lat' dir='ltr'><strong>hare</strong></span> <span class='ocrx_word' id='word_1_494' title='bbox 1503 5521 1846 5599; x_wconf 84' lang='lat' dir='ltr'><strong>intelligenda</strong></span> 
     </span>
    </p>
   </div>
   <div class='ocr_carea' id='block_1_74' title="bbox 265 5593 1848 5655">
    <p class='ocr_par' dir='ltr' id='par_1_74' title="bbox 265 5593 1848 5655">
     <span class='ocr_line' id='line_1_74' title="bbox 265 5593 1848 5655; baseline 0.006 -11"><span class='ocrx_word' id='word_1_495' title='bbox 265 5603 381 5647; x_wconf 90' lang='lat' dir='ltr'><strong>esse</strong></span> <span class='ocrx_word' id='word_1_496' title='bbox 407 5593 473 5648; x_wconf 92' lang='lat' dir='ltr'><strong>de</strong></span> <span class='ocrx_word' id='word_1_497' title='bbox 499 5594 644 5649; x_wconf 89' lang='lat' dir='ltr'><strong>tristi</strong></span> <span class='ocrx_word' id='word_1_498' title='bbox 667 5595 899 5650; x_wconf 89' lang='lat' dir='ltr'><strong>adventu</strong></span> <span class='ocrx_word' id='word_1_499' title='bbox 922 5602 978 5650; x_wconf 90' lang='lat' dir='ltr'><strong>et</strong></span> <span class='ocrx_word' id='word_1_500' title='bbox 1004 5595 1128 5651; x_wconf 76' lang='lat' dir='ltr'><strong>laeto</strong></span> <span class='ocrx_word' id='word_1_501' title='bbox 1153 5597 1329 5653; x_wconf 91' lang='lat' dir='ltr'><strong>reditu</strong></span> <span class='ocrx_word' id='word_1_502' title='bbox 1354 5598 1422 5653; x_wconf 88' lang='lat' dir='ltr'><strong>ad</strong></span> <span class='ocrx_word' id='word_1_503' title='bbox 1445 5600 1632 5653; x_wconf 87' lang='lat' dir='ltr'><strong>urbem</strong></span> <span class='ocrx_word' id='word_1_504' title='bbox 1652 5593 1848 5655; x_wconf 72' lang='lat' dir='ltr'><strong>Eeonis</strong></span> 
     </span>
    </p>
   </div>
   <div class='ocr_carea' id='block_1_75' title="bbox 265 5661 1848 5742">
    <p class='ocr_par' dir='ltr' id='par_1_75' title="bbox 265 5661 1848 5742">
     <span class='ocr_line' id='line_1_75' title="bbox 265 5661 1848 5742; baseline 0.004 -26"><span class='ocrx_word' id='word_1_505' title='bbox 265 5661 563 5742; x_wconf 84' lang='lat' dir='ltr'><strong>pontificis;</strong></span> <span class='ocrx_word' id='word_1_506' title='bbox 590 5672 752 5742; x_wconf 85' lang='lat' dir='ltr'><strong>prout</strong></span> <span class='ocrx_word' id='word_1_507' title='bbox 767 5674 834 5742; x_wconf 88' lang='lat' dir='ltr'><strong>_et</strong></span> <span class='ocrx_word' id='word_1_508' title='bbox 857 5666 1084 5742; x_wconf 80' lang='lat' dir='ltr'><strong>ulterior</strong></span> <span class='ocrx_word' id='word_1_509' title='bbox 1117 5675 1404 5725; x_wconf 81' lang='lat' dir='ltr'><strong>contextus</strong></span> <span class='ocrx_word' id='word_1_510' title='bbox 1432 5669 1690 5742; x_wconf 76' lang='lat' dir='ltr'><strong>carminis</strong></span> <span class='ocrx_word' id='word_1_511' title='bbox 1723 5685 1848 5725; x_wconf 90' lang='lat' dir='ltr'><strong>cum</strong></span> 
     </span>
    </p>
   </div>
   <div class='ocr_carea' id='block_1_76' title="bbox 269 5734 1850 5812">
    <p class='ocr_par' dir='ltr' id='par_1_76' title="bbox 269 5734 1850 5812">
     <span class='ocr_line' id='line_1_76' title="bbox 269 5734 1850 5812; baseline 0.004 -23"><span class='ocrx_word' id='word_1_512' title='bbox 403 5735 856 5812; x_wconf 66' lang='lat' dir='ltr'><strong>textu_epistol_ae_</strong></span> <span class='ocrx_word' id='word_1_513' title='bbox 876 5734 1037 5812; x_wconf 83' lang='lat' dir='ltr'><strong>hujus</strong></span> <span class='ocrx_word' id='word_1_514' title='bbox 1060 5750 1408 5812; x_wconf 71' lang='lat' dir='ltr'><strong>comparatus</strong></span> <span class='ocrx_word' id='word_1_515' title='bbox 1437 5739 1583 5812; x_wconf 88' lang='lat' dir='ltr'><strong>haud</strong></span> <span class='ocrx_word' id='word_1_516' title='bbox 1608 5740 1850 5812; x_wconf 10' lang='lat' dir='ltr'><strong>robscure</strong></span> 
     </span>
    </p>
   </div>
   <div class='ocr_carea' id='block_1_77' title="bbox 270 5801 1848 5879">
    <p class='ocr_par' dir='ltr' id='par_1_77' title="bbox 270 5801 1848 5879">
     <span class='ocr_line' id='line_1_77' title="bbox 270 5801 1848 5879; baseline 0.004 -21"><span class='ocrx_word' id='word_1_517' title='bbox 270 5801 519 5879; x_wconf 84' lang='lat' dir='ltr'><strong>insinuat.</strong></span> <span class='ocrx_word' id='word_1_518' title='bbox 549 5801 760 5879; x_wconf 49' lang='lat' dir='ltr'><strong>Versus</strong></span> <span class='ocrx_word' id='word_1_519' title='bbox 769 5806 860 5879; x_wconf 81' lang='lat' dir='ltr'><strong>isti</strong></span> <span class='ocrx_word' id='word_1_520' title='bbox 881 5801 1022 5879; x_wconf 79' lang='lat' dir='ltr'><strong>apud</strong></span> <span class='ocrx_word' id='word_1_521' title='bbox 1050 5801 1327 5866; x_wconf 66' lang='lat' dir='ltr'><strong>Canisium</strong></span> <span class='ocrx_word' id='word_1_522' title='bbox 1348 5809 1620 5879; x_wconf 88' lang='lat' dir='ltr'><strong>subiuncti</strong></span> <span class='ocrx_word' id='word_1_523' title='bbox 1642 5812 1848 5867; x_wconf 89' lang='lat' dir='ltr'><strong>haben-</strong></span> 
     </span>
    </p>
   </div>
   <div class='ocr_carea' id='block_1_78' title="bbox 271 5875 1650 6004">
    <p class='ocr_par' dir='ltr' id='par_1_78' title="bbox 271 5875 1650 6004">
     <span class='ocr_line' id='line_1_78' title="bbox 271 5875 1650 6004; baseline 0.005 -76"><span class='ocrx_word' id='word_1_524' title='bbox 271 5879 359 5927; x_wconf 86' lang='lat' dir='ltr'><strong>tur</strong></span> <span class='ocrx_word' id='word_1_525' title='bbox 376 5875 611 6000; x_wconf 55' lang='lat' dir='ltr'><strong>cgistolae</strong></span> <span class='ocrx_word' id='word_1_526' title='bbox 642 5875 950 6004; x_wconf 44' lang='lat' dir='ltr'><strong>&#39;IaéFroben.</strong></span> <span class='ocrx_word' id='word_1_527' title='bbox 976 5878 1066 5962; x_wconf 48' lang='lat' dir='ltr'><strong>9b)</strong></span> <span class='ocrx_word' id='word_1_528' title='bbox 1100 5895 1220 6004; x_wconf 53' lang='lat' dir='ltr'><strong>(tu:</strong></span> <span class='ocrx_word' id='word_1_529' title='bbox 1244 5898 1389 5937; x_wconf 86' lang='lat' dir='ltr'><strong>nunc</strong></span> <span class='ocrx_word' id='word_1_530' title='bbox 1415 5875 1498 5937; x_wconf 81' lang='lat' dir='ltr'><strong>est</strong></span> <span class='ocrx_word' id='word_1_531' title='bbox 1529 5882 1650 5965; x_wconf 50' lang='lat'><strong>{09.</strong></span> 
     </span>
     <span class='ocr_line' id='line_1_79' title="bbox 340 5946 1650 6004; baseline 0 0"><span class='ocrx_word' id='word_1_532' title='bbox 340 5952 366 5984; x_wconf 82' lang='grc'><strong><em>⁸</em></strong></span> <span class='ocrx_word' id='word_1_533' title='bbox 448 5946 634 6004; x_wconf 89' lang='lat' dir='ltr'><strong>roben.</strong></span> <span class='ocrx_word' id='word_1_534' title='bbox 734 5988 749 6002; x_wconf 91' lang='lat'><strong>.</strong></span> <span class='ocrx_word' id='word_1_535' title='bbox 777 5946 928 6004; x_wconf 81' lang='lat' dir='ltr'><strong>Hanc</strong></span> <span class='ocrx_word' id='word_1_536' title='bbox 949 5958 1123 6004; x_wconf 87' lang='lat' dir='ltr'><strong>entsto</strong></span> <span class='ocrx_word' id='word_1_537' title='bbox 1177 5968 1255 6004; x_wconf 87' lang='lat' dir='ltr'><strong>tn.</strong></span> <span class='ocrx_word' id='word_1_538' title='bbox 1296 5954 1388 6004; x_wconf 82' lang='lat' dir='ltr'><strong>sed</strong></span> <span class='ocrx_word' id='word_1_539' title='bbox 1418 5968 1525 6004; x_wconf 88' lang='lat' dir='ltr'><strong>non</strong></span> <span class='ocrx_word' id='word_1_540' title='bbox 1550 5963 1650 6004; x_wconf 66' lang='lat' dir='ltr'><strong>tnta</strong></span> 
     </span>
    </p>
   </div>
   <div class='ocr_carea' id='block_1_79' title="bbox 340 5946 1846 6027">
    <p class='ocr_par' dir='ltr' id='par_1_79' title="bbox 340 5946 1846 6027">
     <span class='ocr_line' id='line_1_80' title="bbox 340 5946 1846 6027; baseline 0.009 -28"><span class='ocrx_word' id='word_1_541' title='bbox 340 5952 397 6027; x_wconf 51' lang='grc' dir='ltr'><strong>τ’</strong></span> <span class='ocrx_word' id='word_1_542' title='bbox 404 5946 634 6013; x_wconf 82' lang='lat' dir='ltr'><strong>Froben.</strong></span> <span class='ocrx_word' id='word_1_543' title='bbox 659 5946 749 6004; x_wconf 76' lang='grc'><strong>82.</strong></span> <span class='ocrx_word' id='word_1_544' title='bbox 777 5946 928 6005; x_wconf 81' lang='lat' dir='ltr'><strong>Hanc</strong></span> <span class='ocrx_word' id='word_1_545' title='bbox 949 5946 1255 6023; x_wconf 81' lang='lat' dir='ltr'><strong>epistolam,</strong></span> <span class='ocrx_word' id='word_1_546' title='bbox 1296 5954 1389 6011; x_wconf 88' lang='lat' dir='ltr'><strong>sed</strong></span> <span class='ocrx_word' id='word_1_547' title='bbox 1417 5968 1526 6009; x_wconf 90' lang='lat' dir='ltr'><strong>non</strong></span> <span class='ocrx_word' id='word_1_548' title='bbox 1549 5953 1812 6027; x_wconf 78' lang='lat' dir='ltr'><strong>integram</strong></span> <span class='ocrx_word' id='word_1_549' title='bbox 1830 5997 1846 6024; x_wconf 93' lang='lat'><strong>,</strong></span> 
     </span>
    </p>
   </div>
   <div class='ocr_carea' id='block_1_80' title="bbox 1938 2041 3537 2114">
    <p class='ocr_par' dir='ltr' id='par_1_80' title="bbox 1938 2041 3537 2114">
     <span class='ocr_line' id='line_1_81' title="bbox 1938 2041 3537 2114; baseline -0.002 -15"><span class='ocrx_word' id='word_1_550' title='bbox 1938 2043 2103 2107; x_wconf 88' lang='lat' dir='ltr'><strong>bono,</strong></span> <span class='ocrx_word' id='word_1_551' title='bbox 2131 2050 2186 2098; x_wconf 85' lang='lat' dir='ltr'><strong>et</strong></span> <span class='ocrx_word' id='word_1_552' title='bbox 2212 2058 2312 2098; x_wconf 91' lang='lat' dir='ltr'><strong>nos</strong></span> <span class='ocrx_word' id='word_1_553' title='bbox 2339 2057 2529 2114; x_wconf 88' lang='lat' dir='ltr'><strong>regere</strong></span> <span class='ocrx_word' id='word_1_554' title='bbox 2573 2042 2826 2114; x_wconf 87' lang='lat' dir='ltr'><strong>dignetur</strong></span> <span class='ocrx_word' id='word_1_555' title='bbox 2860 2042 2929 2097; x_wconf 90' lang='lat' dir='ltr'><strong>ad</strong></span> <span class='ocrx_word' id='word_1_556' title='bbox 2967 2041 3158 2096; x_wconf 90' lang='lat' dir='ltr'><strong>salutis</strong></span> <span class='ocrx_word' id='word_1_557' title='bbox 3184 2048 3386 2096; x_wconf 68' lang='lat' dir='ltr'><strong>nostra:</strong></span> <span class='ocrx_word' id='word_1_558' title='bbox 3411 2055 3537 2110; x_wconf 89' lang='lat' dir='ltr'><strong>pro—</strong></span> 
     </span>
    </p>
   </div>
   <div class='ocr_carea' id='block_1_81' title="bbox 1939 2131 3537 2204">
    <p class='ocr_par' dir='ltr' id='par_1_81' title="bbox 1939 2131 3537 2204">
     <span class='ocr_line' id='line_1_82' title="bbox 1939 2131 3537 2204; baseline -0.003 -13"><span class='ocrx_word' id='word_1_559' title='bbox 1939 2134 2162 2191; x_wconf 87' lang='lat' dir='ltr'><strong>fectum.</strong></span> <span class='ocrx_word' id='word_1_560' title='bbox 2213 2133 2393 2190; x_wconf 75' lang='lat' dir='ltr'><strong>Multae</strong></span> <span class='ocrx_word' id='word_1_561' title='bbox 2416 2143 2563 2192; x_wconf 88' lang='lat' dir='ltr'><strong>.sunt</strong></span> <span class='ocrx_word' id='word_1_562' title='bbox 2604 2134 2766 2204; x_wconf 89' lang='lat' dir='ltr'><strong>hujus</strong></span> <span class='ocrx_word' id='word_1_563' title='bbox 2811 2133 2989 2190; x_wconf 81' lang='lat' dir='ltr'><strong>saeculi</strong></span> <span class='ocrx_word' id='word_1_564' title='bbox 3035 2131 3447 2203; x_wconf 87' lang='lat' dir='ltr'><strong>occupationes,</strong></span> <span class='ocrx_word' id='word_1_565' title='bbox 3478 2139 3537 2187; x_wconf 91' lang='lat' dir='ltr'><strong>et</strong></span> 
     </span>
    </p>
   </div>
   <div class='ocr_carea' id='block_1_82' title="bbox 1940 2216 3538 2295">
    <p class='ocr_par' dir='ltr' id='par_1_82' title="bbox 1940 2216 3538 2295">
     <span class='ocr_line' id='line_1_83' title="bbox 1940 2216 3538 2295; baseline -0.001 -11"><span class='ocrx_word' id='word_1_566' title='bbox 1940 2228 2170 2285; x_wconf 75' lang='lat' dir='ltr'><strong>diversa:</strong></span> <span class='ocrx_word' id='word_1_567' title='bbox 2191 2216 2506 2295; x_wconf 78' lang='lat' dir='ltr'><strong>varietates,</strong></span> <span class='ocrx_word' id='word_1_568' title='bbox 2534 2237 2590 2284; x_wconf 91' lang='lat' dir='ltr'><strong>et</strong></span> <span class='ocrx_word' id='word_1_569' title='bbox 2614 2236 2841 2284; x_wconf 88' lang='lat' dir='ltr'><strong>eventus</strong></span> <span class='ocrx_word' id='word_1_570' title='bbox 2874 2225 3231 2292; x_wconf 88' lang='lat' dir='ltr'><strong>miserabiles,</strong></span> <span class='ocrx_word' id='word_1_571' title='bbox 3265 2232 3322 2279; x_wconf 88' lang='lat' dir='ltr'><strong>et</strong></span> <span class='ocrx_word' id='word_1_572' title='bbox 3349 2223 3538 2282; x_wconf 84' lang='lat' dir='ltr'><strong>Eccle-</strong></span> 
     </span>
    </p>
   </div>
   <div class='ocr_carea' id='block_1_83' title="bbox 1940 2317 3538 2391">
    <p class='ocr_par' dir='ltr' id='par_1_83' title="bbox 1940 2317 3538 2391">
     <span class='ocr_line' id='line_1_84' title="bbox 1940 2317 3538 2391; baseline -0.004 -13"><span class='ocrx_word' id='word_1_573' title='bbox 1940 2322 2022 2378; x_wconf 88' lang='lat' dir='ltr'><strong>sia</strong></span> <span class='ocrx_word' id='word_1_574' title='bbox 2063 2322 2267 2377; x_wconf 88' lang='lat' dir='ltr'><strong>Christi</strong></span> <span class='ocrx_word' id='word_1_575' title='bbox 2318 2322 2504 2377; x_wconf 90' lang='lat' dir='ltr'><strong>multis</strong></span> <span class='ocrx_word' id='word_1_576' title='bbox 2548 2321 2725 2377; x_wconf 87' lang='lat' dir='ltr'><strong>modis</strong></span> <span class='ocrx_word' id='word_1_577' title='bbox 2772 2321 3122 2391; x_wconf 86' lang='lat' dir='ltr'><strong>impugnatur</strong></span> <span class='ocrx_word' id='word_1_578' title='bbox 3161 2333 3269 2373; x_wconf 88' lang='lat' dir='ltr'><strong>non</strong></span> <span class='ocrx_word' id='word_1_579' title='bbox 3300 2317 3474 2372; x_wconf 80' lang='lat' dir='ltr'><strong>solum</strong></span> <span class='ocrx_word' id='word_1_580' title='bbox 3502 2330 3538 2371; x_wconf 88' lang='lat' dir='ltr'><strong>a</strong></span> 
     </span>
    </p>
   </div>
   <div class='ocr_carea' id='block_1_84' title="bbox 1941 2407 3535 2486">
    <p class='ocr_par' dir='ltr' id='par_1_84' title="bbox 1941 2407 3535 2486">
     <span class='ocr_line' id='line_1_85' title="bbox 1941 2407 3535 2486; baseline -0.003 -17"><span class='ocrx_word' id='word_1_581' title='bbox 1941 2416 2191 2486; x_wconf 89' lang='lat' dir='ltr'><strong>paganis,</strong></span> <span class='ocrx_word' id='word_1_582' title='bbox 2220 2416 2315 2471; x_wconf 90' lang='lat' dir='ltr'><strong>sed</strong></span> <span class='ocrx_word' id='word_1_583' title='bbox 2344 2415 2509 2470; x_wconf 89' lang='lat' dir='ltr'><strong>etiam</strong></span> <span class='ocrx_word' id='word_1_584' title='bbox 2538 2430 2569 2467; x_wconf 90' lang='lat' dir='ltr'><strong>a</strong></span> <span class='ocrx_word' id='word_1_585' title='bbox 2598 2412 2750 2467; x_wconf 89' lang='lat' dir='ltr'><strong>falsis</strong></span> <span class='ocrx_word' id='word_1_586' title='bbox 2774 2412 3032 2467; x_wconf 90' lang='lat' dir='ltr'><strong>fratribus</strong></span> <span class='ocrx_word' id='word_1_587' title='bbox 3061 2409 3145 2482; x_wconf 81' lang='lat' dir='ltr'><strong>(Il</strong></span> <span class='ocrx_word' id='word_1_588' title='bbox 3181 2408 3304 2464; x_wconf 89' lang='lat' dir='ltr'><strong>Cor.</strong></span> <span class='ocrx_word' id='word_1_589' title='bbox 3334 2425 3412 2474; x_wconf 72' lang='grc' dir='ltr'><strong>χι,</strong></span> <span class='ocrx_word' id='word_1_590' title='bbox 3440 2407 3535 2475; x_wconf 79' lang='grc'><strong>26,</strong></span> 
     </span>
    </p>
   </div>
   <div class='ocr_carea' id='block_1_85' title="bbox 1941 2500 3539 2576">
    <p class='ocr_par' dir='ltr' id='par_1_85' title="bbox 1941 2500 3539 2576">
     <span class='ocr_line' id='line_1_86' title="bbox 1941 2500 3539 2576; baseline -0.003 -14"><span class='ocrx_word' id='word_1_591' title='bbox 1941 2517 1990 2562; x_wconf 84' lang='lat' dir='ltr'><strong>et</strong></span> <span class='ocrx_word' id='word_1_592' title='bbox 2016 2504 2136 2561; x_wconf 87' lang='lat' dir='ltr'><strong>Gal.</strong></span> <span class='ocrx_word' id='word_1_593' title='bbox 2165 2522 2229 2571; x_wconf 88' lang='lat' dir='ltr'><strong>tt,</strong></span> <span class='ocrx_word' id='word_1_594' title='bbox 2252 2505 2330 2576; x_wconf 73' lang='grc'><strong>4).</strong></span> <span class='ocrx_word' id='word_1_595' title='bbox 2395 2505 2463 2559; x_wconf 85' lang='lat' dir='ltr'><strong>Et</strong></span> <span class='ocrx_word' id='word_1_596' title='bbox 2513 2504 2606 2560; x_wconf 90' lang='lat' dir='ltr'><strong>ubi</strong></span> <span class='ocrx_word' id='word_1_597' title='bbox 2638 2502 2758 2558; x_wconf 89' lang='lat' dir='ltr'><strong>fons</strong></span> <span class='ocrx_word' id='word_1_598' title='bbox 2804 2503 3078 2573; x_wconf 65' lang='lat' dir='ltr'><strong>mquitatis</strong></span> <span class='ocrx_word' id='word_1_599' title='bbox 3118 2509 3173 2557; x_wconf 91' lang='lat' dir='ltr'><strong>et</strong></span> <span class='ocrx_word' id='word_1_600' title='bbox 3210 2500 3436 2570; x_wconf 66' lang='lat' dir='ltr'><strong>iustitiae</strong></span> <span class='ocrx_word' id='word_1_601' title='bbox 3465 2500 3539 2557; x_wconf 87' lang='lat' dir='ltr'><strong>ad</strong></span> 
     </span>
    </p>
   </div>
   <div class='ocr_carea' id='block_1_86' title="bbox 1941 2590 3540 2668">
    <p class='ocr_par' dir='ltr' id='par_1_86' title="bbox 1941 2590 3540 2668">
     <span class='ocr_line' id='line_1_87' title="bbox 1941 2590 3540 2668; baseline -0.003 -15"><span class='ocrx_word' id='word_1_602' title='bbox 1941 2613 2132 2654; x_wconf 90' lang='lat' dir='ltr'><strong>omnes</strong></span> <span class='ocrx_word' id='word_1_603' title='bbox 2177 2613 2275 2668; x_wconf 89' lang='lat' dir='ltr'><strong>per</strong></span> <span class='ocrx_word' id='word_1_604' title='bbox 2321 2596 2527 2651; x_wconf 89' lang='lat' dir='ltr'><strong>rivulos</strong></span> <span class='ocrx_word' id='word_1_605' title='bbox 2556 2596 2865 2651; x_wconf 89' lang='lat' dir='ltr'><strong>sanctitatis</strong></span> <span class='ocrx_word' id='word_1_606' title='bbox 2912 2593 3177 2665; x_wconf 84' lang='lat' dir='ltr'><strong>proﬂuere</strong></span> <span class='ocrx_word' id='word_1_607' title='bbox 3221 2593 3425 2659; x_wconf 89' lang='lat' dir='ltr'><strong>debuit,</strong></span> <span class='ocrx_word' id='word_1_608' title='bbox 3458 2590 3540 2651; x_wconf 88' lang='lat' dir='ltr'><strong>ibi</strong></span> 
     </span>
    </p>
   </div>
   <div class='ocr_carea' id='block_1_87' title="bbox 1939 2688 3535 2767">
    <p class='ocr_par' dir='ltr' id='par_1_87' title="bbox 1939 2688 3535 2767">
     <span class='ocr_line' id='line_1_88' title="bbox 1939 2688 3535 2767; baseline -0.003 -20"><span class='ocrx_word' id='word_1_609' title='bbox 1939 2691 2176 2748; x_wconf 82' lang='lat' dir='ltr'><strong>maxime</strong></span> <span class='ocrx_word' id='word_1_610' title='bbox 2202 2689 2506 2761; x_wconf 90' lang='lat' dir='ltr'><strong>iniquitatis</strong></span> <span class='ocrx_word' id='word_1_611' title='bbox 2535 2690 2792 2760; x_wconf 90' lang='lat' dir='ltr'><strong>palustris</strong></span> <span class='ocrx_word' id='word_1_612' title='bbox 2826 2688 3165 2759; x_wconf 87' lang='lat' dir='ltr'><strong>profunditas</strong></span> <span class='ocrx_word' id='word_1_613' title='bbox 3188 2688 3488 2767; x_wconf 15' lang='lat' dir='ltr'><strong>.exhalatur</strong></span> <span class='ocrx_word' id='word_1_614' title='bbox 3516 2703 3535 2743; x_wconf 89' lang='lat'><strong>:</strong></span> 
     </span>
    </p>
   </div>
   <div class='ocr_carea' id='block_1_88' title="bbox 1942 2780 3540 2850">
    <p class='ocr_par' dir='ltr' id='par_1_88' title="bbox 1942 2780 3540 2850">
     <span class='ocr_line' id='line_1_89' title="bbox 1942 2780 3540 2850; baseline -0.003 -10"><span class='ocrx_word' id='word_1_615' title='bbox 1942 2785 2083 2841; x_wconf 91' lang='lat' dir='ltr'><strong>sicut</strong></span> <span class='ocrx_word' id='word_1_616' title='bbox 2118 2784 2255 2839; x_wconf 88' lang='lat' dir='ltr'><strong>forte</strong></span> <span class='ocrx_word' id='word_1_617' title='bbox 2296 2799 2328 2837; x_wconf 89' lang='lat' dir='ltr'><strong>a</strong></span> <span class='ocrx_word' id='word_1_618' title='bbox 2375 2782 2719 2838; x_wconf 88' lang='lat' dir='ltr'><strong>sanctissima</strong></span> <span class='ocrx_word' id='word_1_619' title='bbox 2750 2782 2876 2837; x_wconf 90' lang='lat' dir='ltr'><strong>sede</strong></span> <span class='ocrx_word' id='word_1_620' title='bbox 2907 2782 3193 2837; x_wconf 89' lang='lat' dir='ltr'><strong>auditurus</strong></span> <span class='ocrx_word' id='word_1_621' title='bbox 3225 2782 3355 2847; x_wconf 89' lang='lat' dir='ltr'><strong>eris,</strong></span> <span class='ocrx_word' id='word_1_622' title='bbox 3404 2780 3540 2850; x_wconf 89' lang='lat' dir='ltr'><strong>quid</strong></span> 
     </span>
    </p>
   </div>
   <div class='ocr_carea' id='block_1_89' title="bbox 1942 2872 3539 2943">
    <p class='ocr_par' dir='ltr' id='par_1_89' title="bbox 1942 2872 3539 2943">
     <span class='ocr_line' id='line_1_90' title="bbox 1942 2872 3539 2943; baseline -0.001 -14"><span class='ocrx_word' id='word_1_623' title='bbox 1942 2876 2017 2929; x_wconf 88' lang='lat' dir='ltr'><strong>ibi</strong></span> <span class='ocrx_word' id='word_1_624' title='bbox 2062 2875 2326 2930; x_wconf 86' lang='lat' dir='ltr'><strong>scelerum</strong></span> <span class='ocrx_word' id='word_1_625' title='bbox 2365 2882 2420 2928; x_wconf 90' lang='lat' dir='ltr'><strong>et</strong></span> <span class='ocrx_word' id='word_1_626' title='bbox 2464 2872 2491 2912; x_wconf 73' lang='grc' dir='ltr'><em>ά</em></span> <span class='ocrx_word' id='word_1_627' title='bbox 2539 2873 2721 2928; x_wconf 65' lang='lat' dir='ltr'><strong>nimia:</strong></span> <span class='ocrx_word' id='word_1_628' title='bbox 2762 2872 3066 2927; x_wconf 88' lang='lat' dir='ltr'><strong>atrocitatis</strong></span> <span class='ocrx_word' id='word_1_629' title='bbox 3108 2888 3282 2942; x_wconf 89' lang='lat' dir='ltr'><strong>nuper</strong></span> <span class='ocrx_word' id='word_1_630' title='bbox 3321 2881 3539 2943; x_wconf 89' lang='lat' dir='ltr'><strong>gestum</strong></span> 
     </span>
    </p>
   </div>
   <div class='ocr_carea' id='block_1_90' title="bbox 1940 2963 3538 3032">
    <p class='ocr_par' dir='ltr' id='par_1_90' title="bbox 1940 2963 3538 3032">
     <span class='ocr_line' id='line_1_91' title="bbox 1940 2963 3538 3032; baseline 0 -12"><span class='ocrx_word' id='word_1_631' title='bbox 1940 2980 2062 3020; x_wconf 84' lang='lat' dir='ltr'><strong>esse</strong></span> <span class='ocrx_word' id='word_1_632' title='bbox 2091 2964 2345 3021; x_wconf 89' lang='lat' dir='ltr'><strong>refertur.</strong></span> <span class='ocrx_word' id='word_1_633' title='bbox 2392 2964 2712 3019; x_wconf 91' lang='lat' dir='ltr'><strong>Timendum</strong></span> <span class='ocrx_word' id='word_1_634' title='bbox 2735 2971 2821 3018; x_wconf 89' lang='lat' dir='ltr'><strong>est</strong></span> <span class='ocrx_word' id='word_1_635' title='bbox 2846 2978 2954 3018; x_wconf 91' lang='lat' dir='ltr'><strong>non</strong></span> <span class='ocrx_word' id='word_1_636' title='bbox 2984 2963 3162 3018; x_wconf 90' lang='lat' dir='ltr'><strong>solum</strong></span> <span class='ocrx_word' id='word_1_637' title='bbox 3199 2964 3304 3020; x_wconf 92' lang='lat' dir='ltr'><strong>hoc</strong></span> <span class='ocrx_word' id='word_1_638' title='bbox 3328 2963 3538 3032; x_wconf 88' lang='lat' dir='ltr'><strong>impiis-</strong></span> 
     </span>
    </p>
   </div>
   <div class='ocr_carea' id='block_1_91' title="bbox 1940 3054 3538 3127">
    <p class='ocr_par' dir='ltr' id='par_1_91' title="bbox 1940 3054 3538 3127">
     <span class='ocr_line' id='line_1_92' title="bbox 1940 3054 3538 3127; baseline 0 -15"><span class='ocrx_word' id='word_1_639' title='bbox 1940 3058 2091 3113; x_wconf 71' lang='lat' dir='ltr'><strong>simze</strong></span> <span class='ocrx_word' id='word_1_640' title='bbox 2122 3056 2408 3127; x_wconf 90' lang='lat' dir='ltr'><strong>pravitatis</strong></span> <span class='ocrx_word' id='word_1_641' title='bbox 2426 3055 2604 3112; x_wconf 91' lang='lat' dir='ltr'><strong>scelus</strong></span> <span class='ocrx_word' id='word_1_642' title='bbox 2621 3096 2637 3120; x_wconf 91' lang='lat'><strong>,</strong></span> <span class='ocrx_word' id='word_1_643' title='bbox 2688 3055 2783 3111; x_wconf 90' lang='lat' dir='ltr'><strong>sed</strong></span> <span class='ocrx_word' id='word_1_644' title='bbox 2807 3056 2973 3111; x_wconf 90' lang='lat' dir='ltr'><strong>etiam</strong></span> <span class='ocrx_word' id='word_1_645' title='bbox 2998 3054 3223 3125; x_wconf 89' lang='lat' dir='ltr'><strong>maioris</strong></span> <span class='ocrx_word' id='word_1_646' title='bbox 3250 3054 3377 3111; x_wconf 86' lang='lat' dir='ltr'><strong>mali</strong></span> <span class='ocrx_word' id='word_1_647' title='bbox 3411 3070 3538 3125; x_wconf 90' lang='lat' dir='ltr'><strong>pro-</strong></span> 
     </span>
    </p>
   </div>
   <div class='ocr_carea' id='block_1_92' title="bbox 1941 3148 3537 3225">
    <p class='ocr_par' dir='ltr' id='par_1_92' title="bbox 1941 3148 3537 3225">
     <span class='ocr_line' id='line_1_93' title="bbox 1941 3148 3537 3225; baseline 0.001 -20"><span class='ocrx_word' id='word_1_648' title='bbox 1941 3150 2166 3220; x_wconf 62' lang='lat' dir='ltr'><strong>dig’um.</strong></span> <span class='ocrx_word' id='word_1_649' title='bbox 2196 3149 2347 3205; x_wconf 64' lang='lat' dir='ltr'><strong>Qum</strong></span> <span class='ocrx_word' id='word_1_650' title='bbox 2363 3150 2422 3204; x_wconf 92' lang='lat' dir='ltr'><strong>in</strong></span> <span class='ocrx_word' id='word_1_651' title='bbox 2453 3148 2630 3219; x_wconf 87' lang='lat' dir='ltr'><strong>capite</strong></span> <span class='ocrx_word' id='word_1_652' title='bbox 2649 3148 2779 3204; x_wconf 90' lang='lat' dir='ltr'><strong>talia</strong></span> <span class='ocrx_word' id='word_1_653' title='bbox 2801 3155 3055 3220; x_wconf 88' lang='lat' dir='ltr'><strong>aguntur,</strong></span> <span class='ocrx_word' id='word_1_654' title='bbox 3078 3148 3207 3219; x_wconf 89' lang='lat' dir='ltr'><strong>quid</strong></span> <span class='ocrx_word' id='word_1_655' title='bbox 3228 3149 3283 3225; x_wconf 87' lang='lat' dir='ltr'><strong>in</strong></span> <span class='ocrx_word' id='word_1_656' title='bbox 3306 3163 3537 3219; x_wconf 87' lang='lat' dir='ltr'><strong>c0rpore</strong></span> 
     </span>
    </p>
   </div>
   <div class='ocr_carea' id='block_1_93' title="bbox 1939 3239 3539 3311">
    <p class='ocr_par' dir='ltr' id='par_1_93' title="bbox 1939 3239 3539 3311">
     <span class='ocr_line' id='line_1_94' title="bbox 1939 3239 3539 3311; baseline 0.001 -16"><span class='ocrx_word' id='word_1_657' title='bbox 1939 3240 2058 3296; x_wconf 81' lang='lat' dir='ltr'><strong>ﬁeri</strong></span> <span class='ocrx_word' id='word_1_658' title='bbox 2103 3240 2274 3311; x_wconf 88' lang='lat' dir='ltr'><strong>possit</strong></span> <span class='ocrx_word' id='word_1_659' title='bbox 2298 3283 2314 3307; x_wconf 92' lang='lat'><strong>,</strong></span> <span class='ocrx_word' id='word_1_660' title='bbox 2358 3240 2761 3297; x_wconf 90' lang='lat' dir='ltr'><strong>formidandum</strong></span> <span class='ocrx_word' id='word_1_661' title='bbox 2802 3247 2907 3297; x_wconf 90' lang='lat' dir='ltr'><strong>est.</strong></span> <span class='ocrx_word' id='word_1_662' title='bbox 2960 3239 3179 3296; x_wconf 75' lang='lat' dir='ltr'><strong>Iustitia</strong></span> <span class='ocrx_word' id='word_1_663' title='bbox 3202 3240 3445 3308; x_wconf 77' lang='lat' dir='ltr'><strong>laborat,</strong></span> <span class='ocrx_word' id='word_1_664' title='bbox 3479 3247 3539 3299; x_wconf 90' lang='lat' dir='ltr'><strong>et</strong></span> 
     </span>
    </p>
   </div>
   <div class='ocr_carea' id='block_1_94' title="bbox 1864 3308 3535 3405">
    <p class='ocr_par' dir='ltr' id='par_1_94' title="bbox 1864 3308 3535 3405">
     <span class='ocr_line' id='line_1_95' title="bbox 1864 3308 3535 3405; baseline 0.004 -19"><span class='ocrx_word' id='word_1_665' title='bbox 1864 3308 1914 3374; x_wconf 70' lang='grc' dir='ltr'>ο</span> <span class='ocrx_word' id='word_1_666' title='bbox 1944 3308 2205 3402; x_wconf 75' lang='lat' dir='ltr'><strong>iniquitas</strong></span> <span class='ocrx_word' id='word_1_667' title='bbox 2233 3332 2490 3398; x_wconf 89' lang='lat' dir='ltr'><strong>abundat,</strong></span> <span class='ocrx_word' id='word_1_668' title='bbox 2529 3339 2585 3388; x_wconf 89' lang='lat' dir='ltr'><strong>et</strong></span> <span class='ocrx_word' id='word_1_669' title='bbox 2604 3333 2844 3387; x_wconf 88' lang='lat' dir='ltr'><strong>charitas</strong></span> <span class='ocrx_word' id='word_1_670' title='bbox 2870 3330 3113 3402; x_wconf 86' lang='lat' dir='ltr'><strong>frigescit</strong></span> <span class='ocrx_word' id='word_1_671' title='bbox 3143 3332 3357 3405; x_wconf 78' lang='lat' dir='ltr'><strong>(Matth.</strong></span> <span class='ocrx_word' id='word_1_672' title='bbox 3381 3350 3535 3403; x_wconf 72' lang='grc' dir='ltr'><strong>ιιιγ,</strong></span> 
     </span>
    </p>
   </div>
   <div class='ocr_carea' id='block_1_95' title="bbox 1945 3422 3534 3496">
    <p class='ocr_par' dir='ltr' id='par_1_95' title="bbox 1945 3422 3534 3496">
     <span class='ocr_line' id='line_1_96' title="bbox 1945 3422 3534 3496; baseline 0.003 -17"><span class='ocrx_word' id='word_1_673' title='bbox 1945 3423 2041 3489; x_wconf 74' lang='grc'><strong>12;</strong></span> <span class='ocrx_word' id='word_1_674' title='bbox 2067 3422 2133 3477; x_wconf 89' lang='lat' dir='ltr'><strong><em>II</em></strong></span> <span class='ocrx_word' id='word_1_675' title='bbox 2163 3422 2297 3477; x_wconf 82' lang='lat' dir='ltr'><strong>Tim.</strong></span> <span class='ocrx_word' id='word_1_676' title='bbox 2321 3440 2386 3490; x_wconf 86' lang='lat' dir='ltr'><strong>ll,</strong></span> <span class='ocrx_word' id='word_1_677' title='bbox 2412 3423 2522 3496; x_wconf 82' lang='grc'>17),</span> <span class='ocrx_word' id='word_1_678' title='bbox 2539 3432 2594 3479; x_wconf 92' lang='lat' dir='ltr'><strong>et</strong></span> <span class='ocrx_word' id='word_1_679' title='bbox 2607 3423 2897 3479; x_wconf 86' lang='lat' dir='ltr'><strong>inﬁdelitas</strong></span> <span class='ocrx_word' id='word_1_680' title='bbox 2909 3425 3076 3495; x_wconf 90' lang='lat' dir='ltr'><strong>serpit</strong></span> <span class='ocrx_word' id='word_1_681' title='bbox 3094 3425 3234 3481; x_wconf 88' lang='lat' dir='ltr'><strong>sicut</strong></span> <span class='ocrx_word' id='word_1_682' title='bbox 3245 3440 3534 3495; x_wconf 88' lang='lat' dir='ltr'><strong>venenum,</strong></span> 
     </span>
    </p>
   </div>
   <div class='ocr_carea' id='block_1_96' title="bbox 1942 3514 3534 3593">
    <p class='ocr_par' dir='ltr' id='par_1_96' title="bbox 1942 3514 3534 3593">
     <span class='ocr_line' id='line_1_97' title="bbox 1942 3514 3534 3593; baseline 0.001 -21"><span class='ocrx_word' id='word_1_683' title='bbox 1942 3525 1998 3572; x_wconf 91' lang='lat' dir='ltr'><strong>et</strong></span> <span class='ocrx_word' id='word_1_684' title='bbox 2018 3516 2159 3571; x_wconf 88' lang='lat' dir='ltr'><strong>sicut</strong></span> <span class='ocrx_word' id='word_1_685' title='bbox 2182 3531 2383 3571; x_wconf 86' lang='lat' dir='ltr'><strong>cancer</strong></span> <span class='ocrx_word' id='word_1_686' title='bbox 2401 3517 2642 3572; x_wconf 90' lang='lat' dir='ltr'><strong>membra</strong></span> <span class='ocrx_word' id='word_1_687' title='bbox 2663 3514 2866 3572; x_wconf 89' lang='lat' dir='ltr'><strong>Christi</strong></span> <span class='ocrx_word' id='word_1_688' title='bbox 2887 3516 3160 3573; x_wconf 88' lang='lat' dir='ltr'><strong>maculare</strong></span> <span class='ocrx_word' id='word_1_689' title='bbox 3178 3533 3287 3573; x_wconf 92' lang='lat' dir='ltr'><strong>non</strong></span> <span class='ocrx_word' id='word_1_690' title='bbox 3299 3519 3534 3593; x_wconf 88' lang='lat' dir='ltr'><strong>desistit.</strong></span> 
     </span>
    </p>
   </div>
   <div class='ocr_carea' id='block_1_97' title="bbox 1940 3605 3536 3679">
    <p class='ocr_par' dir='ltr' id='par_1_97' title="bbox 1940 3605 3536 3679">
     <span class='ocr_line' id='line_1_98' title="bbox 1940 3605 3536 3679; baseline 0.003 -17"><span class='ocrx_word' id='word_1_691' title='bbox 1940 3605 2069 3662; x_wconf 88' lang='lat' dir='ltr'><strong>Ideo</strong></span> <span class='ocrx_word' id='word_1_692' title='bbox 2093 3607 2220 3662; x_wconf 93' lang='lat' dir='ltr'><strong>dum</strong></span> <span class='ocrx_word' id='word_1_693' title='bbox 2244 3616 2457 3677; x_wconf 90' lang='lat' dir='ltr'><strong>tempus</strong></span> <span class='ocrx_word' id='word_1_694' title='bbox 2490 3608 2708 3673; x_wconf 89' lang='lat' dir='ltr'><strong>habeas,</strong></span> <span class='ocrx_word' id='word_1_695' title='bbox 2735 3608 2920 3664; x_wconf 90' lang='lat' dir='ltr'><strong>labora</strong></span> <span class='ocrx_word' id='word_1_696' title='bbox 2946 3608 3000 3663; x_wconf 91' lang='lat' dir='ltr'><strong>in</strong></span> <span class='ocrx_word' id='word_1_697' title='bbox 3020 3610 3186 3665; x_wconf 91' lang='lat' dir='ltr'><strong>verbo</strong></span> <span class='ocrx_word' id='word_1_698' title='bbox 3205 3610 3536 3679; x_wconf 63' lang='lat' dir='ltr'><strong>praedicatio-</strong></span> 
     </span>
    </p>
   </div>
   <div class='ocr_carea' id='block_1_98' title="bbox 1941 3701 3536 3774">
    <p class='ocr_par' dir='ltr' id='par_1_98' title="bbox 1941 3701 3536 3774">
     <span class='ocr_line' id='line_1_99' title="bbox 1941 3701 3536 3774; baseline 0.002 -17"><span class='ocrx_word' id='word_1_699' title='bbox 1941 3701 2048 3768; x_wconf 93' lang='lat' dir='ltr'><strong>nis,</strong></span> <span class='ocrx_word' id='word_1_700' title='bbox 2072 3702 2128 3757; x_wconf 92' lang='lat' dir='ltr'><strong>in</strong></span> <span class='ocrx_word' id='word_1_701' title='bbox 2150 3703 2351 3758; x_wconf 90' lang='lat' dir='ltr'><strong>virtute</strong></span> <span class='ocrx_word' id='word_1_702' title='bbox 2380 3702 2665 3758; x_wconf 88' lang='lat' dir='ltr'><strong>charitatis</strong></span> <span class='ocrx_word' id='word_1_703' title='bbox 2688 3743 2702 3767; x_wconf 93' lang='lat'><strong>,</strong></span> <span class='ocrx_word' id='word_1_704' title='bbox 2741 3703 2799 3759; x_wconf 91' lang='lat' dir='ltr'><strong>in</strong></span> <span class='ocrx_word' id='word_1_705' title='bbox 2825 3703 3073 3774; x_wconf 76' lang='lat' dir='ltr'><strong>exemplo</strong></span> <span class='ocrx_word' id='word_1_706' title='bbox 3105 3704 3431 3771; x_wconf 90' lang='lat' dir='ltr'><strong>sanctitatis,</strong></span> <span class='ocrx_word' id='word_1_707' title='bbox 3479 3705 3536 3761; x_wconf 92' lang='lat' dir='ltr'><strong>in</strong></span> 
     </span>
    </p>
   </div>
   <div class='ocr_carea' id='block_1_99' title="bbox 1939 3793 3533 3867">
    <p class='ocr_par' dir='ltr' id='par_1_99' title="bbox 1939 3793 3533 3867">
     <span class='ocr_line' id='line_1_100' title="bbox 1939 3793 3533 3867; baseline 0.004 -20"><span class='ocrx_word' id='word_1_708' title='bbox 1939 3794 2160 3865; x_wconf 87' lang='lat' dir='ltr'><strong>pietatis</strong></span> <span class='ocrx_word' id='word_1_709' title='bbox 2178 3793 2376 3860; x_wconf 81' lang='lat' dir='ltr'><strong>oﬂicio,</strong></span> <span class='ocrx_word' id='word_1_710' title='bbox 2399 3794 2454 3848; x_wconf 92' lang='lat' dir='ltr'><strong>in</strong></span> <span class='ocrx_word' id='word_1_711' title='bbox 2479 3794 2944 3866; x_wconf 88' lang='lat' dir='ltr'><strong>eleemosynarum</strong></span> <span class='ocrx_word' id='word_1_712' title='bbox 2973 3794 3281 3867; x_wconf 89' lang='lat' dir='ltr'><strong>largitione,</strong></span> <span class='ocrx_word' id='word_1_713' title='bbox 3297 3796 3352 3850; x_wconf 89' lang='lat' dir='ltr'><strong>in</strong></span> <span class='ocrx_word' id='word_1_714' title='bbox 3375 3796 3533 3854; x_wconf 86' lang='lat' dir='ltr'><strong>mise-</strong></span> 
     </span>
    </p>
   </div>
   <div class='ocr_carea' id='block_1_100' title="bbox 1941 3885 3536 3957">
    <p class='ocr_par' dir='ltr' id='par_1_100' title="bbox 1941 3885 3536 3957">
     <span class='ocr_line' id='line_1_101' title="bbox 1941 3885 3536 3957; baseline 0.002 -17"><span class='ocrx_word' id='word_1_715' title='bbox 1941 3885 2192 3941; x_wconf 66' lang='lat' dir='ltr'><strong>ricordia:</strong></span> <span class='ocrx_word' id='word_1_716' title='bbox 2206 3895 2260 3940; x_wconf 90' lang='lat' dir='ltr'><strong>et</strong></span> <span class='ocrx_word' id='word_1_717' title='bbox 2280 3886 2498 3957; x_wconf 90' lang='lat' dir='ltr'><strong>pietatis</strong></span> <span class='ocrx_word' id='word_1_718' title='bbox 2519 3887 2846 3951; x_wconf 89' lang='lat' dir='ltr'><strong>constantia,</strong></span> <span class='ocrx_word' id='word_1_719' title='bbox 2864 3894 3131 3956; x_wconf 90' lang='lat' dir='ltr'><strong>quatenus</strong></span> <span class='ocrx_word' id='word_1_720' title='bbox 3156 3901 3225 3942; x_wconf 80' lang='lat' dir='ltr'><strong>ex</strong></span> <span class='ocrx_word' id='word_1_721' title='bbox 3254 3885 3414 3956; x_wconf 89' lang='lat' dir='ltr'><strong>huius</strong></span> <span class='ocrx_word' id='word_1_722' title='bbox 3440 3902 3536 3942; x_wconf 85' lang='lat' dir='ltr'><strong>ca-</strong></span> 
     </span>
    </p>
   </div>
   <div class='ocr_carea' id='block_1_101' title="bbox 1940 3977 3536 4049">
    <p class='ocr_par' dir='ltr' id='par_1_101' title="bbox 1940 3977 3536 4049">
     <span class='ocr_line' id='line_1_102' title="bbox 1940 3977 3536 4049; baseline 0.001 -18"><span class='ocrx_word' id='word_1_723' title='bbox 1940 3977 2120 4049; x_wconf 85' lang='lat' dir='ltr'><strong>liginis</strong></span> <span class='ocrx_word' id='word_1_724' title='bbox 2151 3977 2368 4033; x_wconf 84' lang='lat' dir='ltr'><strong>miseria</strong></span> <span class='ocrx_word' id='word_1_725' title='bbox 2390 3977 2458 4032; x_wconf 92' lang='lat' dir='ltr'><strong>ad</strong></span> <span class='ocrx_word' id='word_1_726' title='bbox 2477 3987 2752 4049; x_wconf 67' lang='lat' dir='ltr'><strong>perpetuae</strong></span> <span class='ocrx_word' id='word_1_727' title='bbox 2771 3977 3122 4033; x_wconf 88' lang='lat' dir='ltr'><strong>beatitudinis</strong></span> <span class='ocrx_word' id='word_1_728' title='bbox 3146 3978 3320 4034; x_wconf 90' lang='lat' dir='ltr'><strong>lucem</strong></span> <span class='ocrx_word' id='word_1_729' title='bbox 3342 3993 3536 4049; x_wconf 88' lang='lat' dir='ltr'><strong>perve-</strong></span> 
     </span>
    </p>
   </div>
   <div class='ocr_carea' id='block_1_102' title="bbox 1941 4069 3537 4138">
    <p class='ocr_par' dir='ltr' id='par_1_102' title="bbox 1941 4069 3537 4138">
     <span class='ocr_line' id='line_1_103' title="bbox 1941 4069 3537 4138; baseline 0.001 -15"><span class='ocrx_word' id='word_1_730' title='bbox 1941 4071 2060 4125; x_wconf 90' lang='lat' dir='ltr'><strong>nire</strong></span> <span class='ocrx_word' id='word_1_731' title='bbox 2079 4070 2338 4125; x_wconf 88' lang='lat' dir='ltr'><strong>merearis</strong></span> <span class='ocrx_word' id='word_1_732' title='bbox 2358 4111 2372 4134; x_wconf 93' lang='lat'><strong>,</strong></span> <span class='ocrx_word' id='word_1_733' title='bbox 2423 4078 2479 4124; x_wconf 90' lang='lat' dir='ltr'><strong>et</strong></span> <span class='ocrx_word' id='word_1_734' title='bbox 2528 4084 2613 4124; x_wconf 92' lang='lat' dir='ltr'><strong>me</strong></span> <span class='ocrx_word' id='word_1_735' title='bbox 2654 4077 2759 4124; x_wconf 70' lang='lat' dir='ltr'><strong>tua:</strong></span> <span class='ocrx_word' id='word_1_736' title='bbox 2788 4069 2977 4123; x_wconf 91' lang='lat' dir='ltr'><strong>salutis</strong></span> <span class='ocrx_word' id='word_1_737' title='bbox 3005 4069 3312 4123; x_wconf 87' lang='lat' dir='ltr'><strong>unanimem</strong></span> <span class='ocrx_word' id='word_1_738' title='bbox 3340 4069 3537 4138; x_wconf 76' lang='lat' dir='ltr'><strong>tilium,</strong></span> 
     </span>
    </p>
   </div>
   <div class='ocr_carea' id='block_1_103' title="bbox 1940 4158 3536 4228">
    <p class='ocr_par' dir='ltr' id='par_1_103' title="bbox 1940 4158 3536 4228">
     <span class='ocr_line' id='line_1_104' title="bbox 1940 4158 3536 4228; baseline 0.002 -14"><span class='ocrx_word' id='word_1_739' title='bbox 1940 4160 2189 4226; x_wconf 88' lang='lat' dir='ltr'><strong>fratrem,</strong></span> <span class='ocrx_word' id='word_1_740' title='bbox 2241 4161 2577 4225; x_wconf 91' lang='lat' dir='ltr'><strong>consocium,</strong></span> <span class='ocrx_word' id='word_1_741' title='bbox 2625 4159 2858 4214; x_wconf 89' lang='lat' dir='ltr'><strong>assiduis</strong></span> <span class='ocrx_word' id='word_1_742' title='bbox 2896 4158 3149 4228; x_wconf 89' lang='lat' dir='ltr'><strong>precibus</strong></span> <span class='ocrx_word' id='word_1_743' title='bbox 3171 4158 3256 4213; x_wconf 87' lang='lat' dir='ltr'><strong>vel</strong></span> <span class='ocrx_word' id='word_1_744' title='bbox 3294 4161 3536 4218; x_wconf 85' lang='lat' dir='ltr'><strong>admoni-</strong></span> 
     </span>
    </p>
   </div>
   <div class='ocr_carea' id='block_1_104' title="bbox 1942 4248 3537 4319">
    <p class='ocr_par' dir='ltr' id='par_1_104' title="bbox 1942 4248 3537 4319">
     <span class='ocr_line' id='line_1_105' title="bbox 1942 4248 3537 4319; baseline 0.003 -15"><span class='ocrx_word' id='word_1_745' title='bbox 1942 4250 2182 4305; x_wconf 89' lang='lat' dir='ltr'><strong>tionibus</strong></span> <span class='ocrx_word' id='word_1_746' title='bbox 2227 4258 2403 4305; x_wconf 87' lang='lat' dir='ltr'><strong>tecum</strong></span> <span class='ocrx_word' id='word_1_747' title='bbox 2452 4250 2670 4304; x_wconf 87' lang='lat' dir='ltr'><strong>trahere</strong></span> <span class='ocrx_word' id='word_1_748' title='bbox 2708 4262 2815 4303; x_wconf 89' lang='lat' dir='ltr'><strong>non</strong></span> <span class='ocrx_word' id='word_1_749' title='bbox 2854 4248 3107 4315; x_wconf 89' lang='lat' dir='ltr'><strong>desistas,</strong></span> <span class='ocrx_word' id='word_1_750' title='bbox 3134 4257 3197 4304; x_wconf 90' lang='lat' dir='ltr'><strong>ut</strong></span> <span class='ocrx_word' id='word_1_751' title='bbox 3224 4249 3431 4319; x_wconf 88' lang='lat' dir='ltr'><strong>pariter</strong></span> <span class='ocrx_word' id='word_1_752' title='bbox 3458 4251 3537 4310; x_wconf 71' lang='lat' dir='ltr'><strong>di~</strong></span> 
     </span>
    </p>
   </div>
   <div class='ocr_carea' id='block_1_105' title="bbox 1943 4339 3538 4416">
    <p class='ocr_par' dir='ltr' id='par_1_105' title="bbox 1943 4339 3538 4416">
     <span class='ocr_line' id='line_1_106' title="bbox 1943 4339 3538 4416; baseline 0.002 -22"><span class='ocrx_word' id='word_1_753' title='bbox 1943 4354 2069 4395; x_wconf 88' lang='lat' dir='ltr'><strong>cere</strong></span> <span class='ocrx_word' id='word_1_754' title='bbox 2096 4341 2243 4412; x_wconf 91' lang='lat' dir='ltr'><strong>digni</strong></span> <span class='ocrx_word' id='word_1_755' title='bbox 2266 4339 2586 4407; x_wconf 86' lang='lat' dir='ltr'><strong>efﬁciamur,</strong></span> <span class='ocrx_word' id='word_1_756' title='bbox 2620 4341 2855 4396; x_wconf 90' lang='lat' dir='ltr'><strong>donante</strong></span> <span class='ocrx_word' id='word_1_757' title='bbox 2881 4349 3102 4397; x_wconf 72' lang='lat' dir='ltr'><strong>teternae</strong></span> <span class='ocrx_word' id='word_1_758' title='bbox 3133 4339 3351 4411; x_wconf 89' lang='lat' dir='ltr'><strong>pietatis</strong></span> <span class='ocrx_word' id='word_1_759' title='bbox 3371 4342 3538 4416; x_wconf 83' lang='lat' dir='ltr'><strong>largi-</strong></span> 
     </span>
    </p>
   </div>
   <div class='ocr_carea' id='block_1_106' title="bbox 1944 4428 3537 4498">
    <p class='ocr_par' dir='ltr' id='par_1_106' title="bbox 1944 4428 3537 4498">
     <span class='ocr_line' id='line_1_107' title="bbox 1944 4428 3537 4498; baseline 0.006 -14"><span class='ocrx_word' id='word_1_760' title='bbox 1944 4437 2062 4484; x_wconf 89' lang='lat' dir='ltr'><strong>tore</strong></span> <span class='ocrx_word' id='word_1_761' title='bbox 2085 4446 2099 4484; x_wconf 91' lang='lat'><strong>:</strong></span> <span class='ocrx_word' id='word_1_762' title='bbox 2134 4428 2442 4485; x_wconf 74' lang='lat' dir='ltr'><strong>Introduxit</strong></span> <span class='ocrx_word' id='word_1_763' title='bbox 2462 4448 2556 4486; x_wconf 87' lang='lat' dir='ltr'><strong>nos</strong></span> <span class='ocrx_word' id='word_1_764' title='bbox 2583 4448 2674 4487; x_wconf 79' lang='lat' dir='ltr'><strong>rea:</strong></span> <span class='ocrx_word' id='word_1_765' title='bbox 2697 4432 2753 4486; x_wconf 89' lang='lat' dir='ltr'><strong>in</strong></span> <span class='ocrx_word' id='word_1_766' title='bbox 2773 4430 2990 4487; x_wconf 83' lang='lat' dir='ltr'><strong>cellaria</strong></span> <span class='ocrx_word' id='word_1_767' title='bbox 3012 4446 3133 4498; x_wconf 77' lang='lat' dir='ltr'><strong>sua,</strong></span> <span class='ocrx_word' id='word_1_768' title='bbox 3156 4434 3537 4494; x_wconf 69' lang='lat' dir='ltr'><strong>exsultabimus</strong></span> 
     </span>
    </p>
   </div>
   <div class='ocr_carea' id='block_1_107' title="bbox 1941 4520 3439 4597">
    <p class='ocr_par' dir='ltr' id='par_1_107' title="bbox 1941 4520 3439 4597">
     <span class='ocr_line' id='line_1_108' title="bbox 1941 4520 3439 4597; baseline 0.002 -22"><span class='ocrx_word' id='word_1_769' title='bbox 1941 4529 1990 4575; x_wconf 81' lang='lat' dir='ltr'><strong>et</strong></span> <span class='ocrx_word' id='word_1_770' title='bbox 2014 4520 2313 4576; x_wconf 71' lang='lat' dir='ltr'><strong>lwtabimur</strong></span> <span class='ocrx_word' id='word_1_771' title='bbox 2334 4522 2391 4576; x_wconf 86' lang='lat' dir='ltr'><strong>in</strong></span> <span class='ocrx_word' id='word_1_772' title='bbox 2418 4531 2467 4577; x_wconf 83' lang='lat' dir='ltr'><strong>te</strong></span> <span class='ocrx_word' id='word_1_773' title='bbox 2493 4521 2671 4595; x_wconf 82' lang='lat' dir='ltr'><strong>(Cant.</strong></span> <span class='ocrx_word' id='word_1_774' title='bbox 2703 4540 2745 4590; x_wconf 84' lang='grc' dir='ltr'><strong>ι,</strong></span> <span class='ocrx_word' id='word_1_775' title='bbox 2774 4522 2852 4597; x_wconf 81' lang='lat'><strong>5).</strong></span> <span class='ocrx_word' id='word_1_776' title='bbox 3428 4527 3439 4534; x_wconf 82' lang='grc'><strong>“</strong></span> 
     </span>
    </p>
   </div>
   <div class='ocr_carea' id='block_1_108' title="bbox 2015 4612 3538 4687">
    <p class='ocr_par' dir='ltr' id='par_1_108' title="bbox 2015 4612 3538 4687">
     <span class='ocr_line' id='line_1_109' title="bbox 2015 4612 3538 4687; baseline 0.007 -19"><span class='ocrx_word' id='word_1_777' title='bbox 2015 4612 2035 4687; x_wconf 93' lang='grc'>[</span> <span class='ocrx_word' id='word_1_778' title='bbox 2064 4626 2088 4654; x_wconf 74' lang='grc' dir='ltr'>ε</span> <span class='ocrx_word' id='word_1_779' title='bbox 2122 4613 2353 4671; x_wconf 89' lang='lat' dir='ltr'><strong>Gavisus</strong></span> <span class='ocrx_word' id='word_1_780' title='bbox 2379 4630 2500 4670; x_wconf 90' lang='lat' dir='ltr'><strong>sum</strong></span> <span class='ocrx_word' id='word_1_781' title='bbox 2526 4615 2777 4682; x_wconf 90' lang='lat' dir='ltr'><strong>multum,</strong></span> <span class='ocrx_word' id='word_1_782' title='bbox 2805 4616 2934 4672; x_wconf 92' lang='lat' dir='ltr'><strong>dum</strong></span> <span class='ocrx_word' id='word_1_783' title='bbox 2959 4625 3106 4672; x_wconf 93' lang='lat' dir='ltr'><strong>tuam</strong></span> <span class='ocrx_word' id='word_1_784' title='bbox 3143 4619 3538 4679; x_wconf 89' lang='lat' dir='ltr'><strong>beatitudinem</strong></span> 
     </span>
    </p>
   </div>
   <div class='ocr_carea' id='block_1_109' title="bbox 1936 4756 3537 4826">
    <p class='ocr_par' dir='ltr' id='par_1_109' title="bbox 1936 4756 3537 4826">
     <span class='ocr_line' id='line_1_110' title="bbox 1936 4756 3537 4826; baseline 0.003 -13"><span class='ocrx_word' id='word_1_785' title='bbox 1936 4756 2276 4813; x_wconf 82' lang='lat' dir='ltr'><strong>Mabillonius</strong></span> <span class='ocrx_word' id='word_1_786' title='bbox 2290 4772 2356 4812; x_wconf 82' lang='lat' dir='ltr'><strong>ex</strong></span> <span class='ocrx_word' id='word_1_787' title='bbox 2375 4758 2495 4813; x_wconf 90' lang='lat' dir='ltr'><strong>cod.</strong></span> <span class='ocrx_word' id='word_1_788' title='bbox 2514 4772 2617 4811; x_wconf 88' lang='lat' dir='ltr'><strong>ms.</strong></span> <span class='ocrx_word' id='word_1_789' title='bbox 2642 4757 3298 4826; x_wconf 88' lang='lat' dir='ltr'><strong>Sanct-Emmeramiano;</strong></span> <span class='ocrx_word' id='word_1_790' title='bbox 3322 4761 3537 4819; x_wconf 90' lang='lat' dir='ltr'><strong>initium</strong></span> 
     </span>
    </p>
   </div>
   <div class='ocr_carea' id='block_1_110' title="bbox 1936 4827 3537 4890">
    <p class='ocr_par' dir='ltr' id='par_1_110' title="bbox 1936 4827 3537 4890">
     <span class='ocr_line' id='line_1_111' title="bbox 1936 4827 3537 4890; baseline 0.005 -9"><span class='ocrx_word' id='word_1_791' title='bbox 1936 4842 2067 4883; x_wconf 91' lang='lat' dir='ltr'><strong>vero</strong></span> <span class='ocrx_word' id='word_1_792' title='bbox 2090 4828 2233 4882; x_wconf 88' lang='lat' dir='ltr'><strong>illius</strong></span> <span class='ocrx_word' id='word_1_793' title='bbox 2256 4827 2447 4883; x_wconf 86' lang='lat' dir='ltr'><strong>Pezius</strong></span> <span class='ocrx_word' id='word_1_794' title='bbox 2475 4844 2542 4882; x_wconf 81' lang='lat' dir='ltr'><strong>ex</strong></span> <span class='ocrx_word' id='word_1_795' title='bbox 2561 4828 2680 4883; x_wconf 92' lang='lat' dir='ltr'><strong>cod.</strong></span> <span class='ocrx_word' id='word_1_796' title='bbox 2705 4844 2808 4883; x_wconf 90' lang='lat' dir='ltr'><strong>ms.</strong></span> <span class='ocrx_word' id='word_1_797' title='bbox 2832 4828 3332 4887; x_wconf 88' lang='lat' dir='ltr'><strong>Benedictoburano</strong></span> <span class='ocrx_word' id='word_1_798' title='bbox 3353 4834 3537 4890; x_wconf 78' lang='lat' dir='ltr'><strong>edide-</strong></span> 
     </span>
    </p>
   </div>
   <div class='ocr_carea' id='block_1_111' title="bbox 1937 4897 3537 4970">
    <p class='ocr_par' dir='ltr' id='par_1_111' title="bbox 1937 4897 3537 4970">
     <span class='ocr_line' id='line_1_112' title="bbox 1937 4897 3537 4970; baseline 0.004 -17"><span class='ocrx_word' id='word_1_799' title='bbox 1937 4907 2084 4953; x_wconf 91' lang='lat' dir='ltr'><strong>runt.</strong></span> <span class='ocrx_word' id='word_1_800' title='bbox 2116 4897 2215 4953; x_wconf 85' lang='lat' dir='ltr'><strong>Hic</strong></span> <span class='ocrx_word' id='word_1_801' title='bbox 2227 4897 2445 4970; x_wconf 83' lang='lat' dir='ltr'><strong>plenior</strong></span> <span class='ocrx_word' id='word_1_802' title='bbox 2469 4899 2741 4970; x_wconf 68' lang='lat' dir='ltr'><strong>prodite:</strong></span> <span class='ocrx_word' id='word_1_803' title='bbox 2764 4900 2886 4955; x_wconf 90' lang='lat' dir='ltr'><strong>cod.</strong></span> <span class='ocrx_word' id='word_1_804' title='bbox 2908 4916 3011 4955; x_wconf 91' lang='lat' dir='ltr'><strong>ms.</strong></span> <span class='ocrx_word' id='word_1_805' title='bbox 3036 4900 3255 4970; x_wconf 88' lang='lat' dir='ltr'><strong>Salisb.,</strong></span> <span class='ocrx_word' id='word_1_806' title='bbox 3285 4904 3353 4959; x_wconf 91' lang='lat' dir='ltr'><strong>iis</strong></span> <span class='ocrx_word' id='word_1_807' title='bbox 3376 4905 3537 4959; x_wconf 83' lang='lat' dir='ltr'><strong>nimi-</strong></span> 
     </span>
    </p>
   </div>
   <div class='ocr_carea' id='block_1_112' title="bbox 1938 4968 3152 5039">
    <p class='ocr_par' dir='ltr' id='par_1_112' title="bbox 1938 4968 3152 5039">
     <span class='ocr_line' id='line_1_113' title="bbox 1938 4968 3152 5039; baseline 0.002 -15"><span class='ocrx_word' id='word_1_808' title='bbox 1938 4985 2058 5024; x_wconf 88' lang='lat' dir='ltr'><strong>rum</strong></span> <span class='ocrx_word' id='word_1_809' title='bbox 2087 4968 2347 5039; x_wconf 87' lang='lat' dir='ltr'><strong>suppletis</strong></span> <span class='ocrx_word' id='word_1_810' title='bbox 2376 4985 2497 5039; x_wconf 59' lang='lat' dir='ltr'><strong>quae</strong></span> <span class='ocrx_word' id='word_1_811' title='bbox 2525 4969 2728 5025; x_wconf 90' lang='lat' dir='ltr'><strong>ansulis</strong></span> <span class='ocrx_word' id='word_1_812' title='bbox 2747 4971 2952 5026; x_wconf 91' lang='lat' dir='ltr'><strong>inclusa</strong></span> <span class='ocrx_word' id='word_1_813' title='bbox 2981 4973 3152 5028; x_wconf 91' lang='lat' dir='ltr'><strong>vides.</strong></span> 
     </span>
    </p>
   </div>
   <div class='ocr_carea' id='block_1_113' title="bbox 2010 5038 3536 5107">
    <p class='ocr_par' dir='ltr' id='par_1_113' title="bbox 2010 5038 3536 5107">
     <span class='ocr_line' id='line_1_114' title="bbox 2010 5038 3536 5107; baseline 0.005 -15"><span class='ocrx_word' id='word_1_814' title='bbox 2010 5039 2036 5079; x_wconf 73' lang='grc' dir='ltr'>ά</span> <span class='ocrx_word' id='word_1_815' title='bbox 2080 5038 2278 5093; x_wconf 73' lang='lat' dir='ltr'><strong>Nimia:</strong></span> <span class='ocrx_word' id='word_1_816' title='bbox 2325 5038 2639 5094; x_wconf 83' lang='lat' dir='ltr'><strong>atrocitatis.</strong></span> <span class='ocrx_word' id='word_1_817' title='bbox 2714 5039 2844 5107; x_wconf 64' lang='lat' dir='ltr'><strong>Quae</strong></span> <span class='ocrx_word' id='word_1_818' title='bbox 2890 5042 3148 5098; x_wconf 88' lang='lat' dir='ltr'><strong>nimirum</strong></span> <span class='ocrx_word' id='word_1_819' title='bbox 3191 5043 3246 5097; x_wconf 91' lang='lat' dir='ltr'><strong>in</strong></span> <span class='ocrx_word' id='word_1_820' title='bbox 3298 5042 3536 5101; x_wconf 87' lang='lat' dir='ltr'><strong>Leonem</strong></span> 
     </span>
    </p>
   </div>
   <div class='ocr_carea' id='block_1_114' title="bbox 1939 5110 3536 5182">
    <p class='ocr_par' dir='ltr' id='par_1_114' title="bbox 1939 5110 3536 5182">
     <span class='ocr_line' id='line_1_115' title="bbox 1939 5110 3536 5182; baseline 0.003 -16"><span class='ocrx_word' id='word_1_821' title='bbox 1939 5117 2093 5182; x_wconf 89' lang='lat' dir='ltr'><strong>pont.</strong></span> <span class='ocrx_word' id='word_1_822' title='bbox 2123 5110 2401 5182; x_wconf 83' lang='lat' dir='ltr'><strong>anno799.</strong></span> <span class='ocrx_word' id='word_1_823' title='bbox 2424 5126 2500 5164; x_wconf 87' lang='lat' dir='ltr'><strong>vn</strong></span> <span class='ocrx_word' id='word_1_824' title='bbox 2525 5110 2643 5165; x_wconf 84' lang='lat' dir='ltr'><strong>Kal.</strong></span> <span class='ocrx_word' id='word_1_825' title='bbox 2664 5110 2856 5166; x_wconf 88' lang='lat' dir='ltr'><strong>Maiiin</strong></span> <span class='ocrx_word' id='word_1_826' title='bbox 2878 5112 3087 5168; x_wconf 86' lang='lat' dir='ltr'><strong>Litania</strong></span> <span class='ocrx_word' id='word_1_827' title='bbox 3108 5112 3312 5181; x_wconf 86' lang='lat' dir='ltr'><strong>majore</strong></span> <span class='ocrx_word' id='word_1_828' title='bbox 3323 5121 3536 5182; x_wconf 85' lang='lat' dir='ltr'><strong>patrata</strong></span> 
     </span>
    </p>
   </div>
   <div class='ocr_carea' id='block_1_115' title="bbox 1943 5181 3537 5254">
    <p class='ocr_par' dir='ltr' id='par_1_115' title="bbox 1943 5181 3537 5254">
     <span class='ocr_line' id='line_1_116' title="bbox 1943 5181 3537 5254; baseline 0.002 -17"><span class='ocrx_word' id='word_1_829' title='bbox 1943 5181 2132 5254; x_wconf 9' lang='lat' dir='ltr'><strong>est,gut</strong></span> <span class='ocrx_word' id='word_1_830' title='bbox 2158 5181 2435 5254; x_wconf 78' lang='lat' dir='ltr'><strong>colligitur</strong></span> <span class='ocrx_word' id='word_1_831' title='bbox 2474 5196 2540 5236; x_wconf 85' lang='lat' dir='ltr'><strong>ex</strong></span> <span class='ocrx_word' id='word_1_832' title='bbox 2579 5183 3035 5254; x_wconf 88' lang='lat' dir='ltr'><strong>subsequentibus</strong></span> <span class='ocrx_word' id='word_1_833' title='bbox 3065 5186 3284 5240; x_wconf 89' lang='lat' dir='ltr'><strong>verbis:</strong></span> <span class='ocrx_word' id='word_1_834' title='bbox 3317 5181 3453 5237; x_wconf 85' lang='lat' dir='ltr'><strong>Dum</strong></span> <span class='ocrx_word' id='word_1_835' title='bbox 3477 5185 3537 5240; x_wconf 82' lang='lat' dir='ltr'><strong>in</strong></span> 
     </span>
    </p>
   </div>
   <div class='ocr_carea' id='block_1_116' title="bbox 1945 5250 2538 5322">
    <p class='ocr_par' dir='ltr' id='par_1_116' title="bbox 1945 5250 2538 5322">
     <span class='ocr_line' id='line_1_117' title="bbox 1945 5250 2538 5322; baseline -0.003 -15"><span class='ocrx_word' id='word_1_836' title='bbox 1945 5252 2112 5322; x_wconf 63' lang='lat' dir='ltr'><strong>capite</strong></span> <span class='ocrx_word' id='word_1_837' title='bbox 2137 5250 2268 5304; x_wconf 86' lang='lat' dir='ltr'><strong>talia</strong></span> <span class='ocrx_word' id='word_1_838' title='bbox 2292 5250 2538 5322; x_wconf 79' lang='lat' dir='ltr'><strong>aguntur.</strong></span> 
     </span>
    </p>
   </div>
   <div class='ocr_carea' id='block_1_117' title="bbox 2022 5320 3538 5398">
    <p class='ocr_par' dir='ltr' id='par_1_117' title="bbox 2022 5320 3538 5398">
     <span class='ocr_line' id='line_1_118' title="bbox 2022 5320 3538 5398; baseline 0.005 -23"><span class='ocrx_word' id='word_1_839' title='bbox 2022 5334 2044 5398; x_wconf 65' lang='grc' dir='ltr'><strong><em>ξ’</em></strong></span> <span class='ocrx_word' id='word_1_840' title='bbox 2061 5320 2283 5398; x_wconf 70' lang='lat' dir='ltr'><strong>Gavisus</strong></span> <span class='ocrx_word' id='word_1_841' title='bbox 2302 5320 2418 5398; x_wconf 72' lang='lat' dir='ltr'><strong>sum</strong></span> <span class='ocrx_word' id='word_1_842' title='bbox 2430 5322 2798 5398; x_wconf 51' lang='lat' dir='ltr'><strong>guttametc.</strong></span> <span class='ocrx_word' id='word_1_843' title='bbox 2819 5325 2962 5392; x_wconf 70' lang='lat' dir='ltr'><strong>Haec,</strong></span> <span class='ocrx_word' id='word_1_844' title='bbox 2982 5343 3101 5398; x_wconf 69' lang='lat' dir='ltr'><strong>quae</strong></span> <span class='ocrx_word' id='word_1_845' title='bbox 3111 5324 3315 5398; x_wconf 83' lang='lat' dir='ltr'><strong>ansulis</strong></span> <span class='ocrx_word' id='word_1_846' title='bbox 3328 5325 3538 5398; x_wconf 83' lang='lat' dir='ltr'><strong>inclusa</strong></span> 
     </span>
    </p>
   </div>
   <div class='ocr_carea' id='block_1_118' title="bbox 1944 5392 3538 5473">
    <p class='ocr_par' dir='ltr' id='par_1_118' title="bbox 1944 5392 3538 5473">
     <span class='ocr_line' id='line_1_119' title="bbox 1944 5392 3538 5473; baseline 0.002 -26"><span class='ocrx_word' id='word_1_847' title='bbox 1944 5392 2135 5473; x_wconf 74' lang='lat' dir='ltr'><strong>vides,</strong></span> <span class='ocrx_word' id='word_1_848' title='bbox 2184 5392 2239 5473; x_wconf 76' lang='lat' dir='ltr'><strong>in</strong></span> <span class='ocrx_word' id='word_1_849' title='bbox 2273 5394 2394 5473; x_wconf 84' lang='lat' dir='ltr'><strong>cod.</strong></span> <span class='ocrx_word' id='word_1_850' title='bbox 2432 5393 2818 5473; x_wconf 38' lang='lat' dir='ltr'><strong>SalisbLinter</strong></span> <span class='ocrx_word' id='word_1_851' title='bbox 2861 5392 3247 5473; x_wconf 39' lang='lat' dir='ltr'><strong>antecedentia.</strong></span> <span class='ocrx_word' id='word_1_852' title='bbox 3264 5403 3320 5450; x_wconf 92' lang='lat' dir='ltr'><strong>et</strong></span> <span class='ocrx_word' id='word_1_853' title='bbox 3344 5396 3538 5473; x_wconf 73' lang='lat' dir='ltr'><strong>subse-</strong></span> 
     </span>
    </p>
   </div>
   <div class='ocr_carea' id='block_1_119' title="bbox 1947 5464 3535 5538">
    <p class='ocr_par' dir='ltr' id='par_1_119' title="bbox 1947 5464 3535 5538">
     <span class='ocr_line' id='line_1_120' title="bbox 1947 5464 3535 5538; baseline 0.004 -21"><span class='ocrx_word' id='word_1_854' title='bbox 1947 5464 2167 5538; x_wconf 77' lang='lat' dir='ltr'><strong>quentia</strong></span> <span class='ocrx_word' id='word_1_855' title='bbox 2194 5464 2398 5520; x_wconf 90' lang='lat' dir='ltr'><strong>inserta</strong></span> <span class='ocrx_word' id='word_1_856' title='bbox 2433 5474 2576 5520; x_wconf 90' lang='lat' dir='ltr'><strong>sunt.</strong></span> <span class='ocrx_word' id='word_1_857' title='bbox 2598 5464 2823 5538; x_wconf 11' lang='lat' dir='ltr'><strong>‘Novam</strong></span> <span class='ocrx_word' id='word_1_858' title='bbox 2860 5481 2990 5521; x_wconf 91' lang='lat' dir='ltr'><strong>vero</strong></span> <span class='ocrx_word' id='word_1_859' title='bbox 3018 5468 3105 5521; x_wconf 91' lang='lat' dir='ltr'><strong>hic</strong></span> <span class='ocrx_word' id='word_1_860' title='bbox 3144 5465 3383 5538; x_wconf 90' lang='lat' dir='ltr'><strong>incipere</strong></span> <span class='ocrx_word' id='word_1_861' title='bbox 3414 5467 3535 5538; x_wconf 74' lang='lat' dir='ltr'><strong>epi-</strong></span> 
     </span>
    </p>
   </div>
   <div class='ocr_carea' id='block_1_120' title="bbox 1949 5533 3537 5607">
    <p class='ocr_par' dir='ltr' id='par_1_120' title="bbox 1949 5533 3537 5607">
     <span class='ocr_line' id='line_1_121' title="bbox 1949 5533 3537 5607; baseline 0.003 -17"><span class='ocrx_word' id='word_1_862' title='bbox 1949 5533 2153 5607; x_wconf 79' lang='lat' dir='ltr'><strong>stolam</strong></span> <span class='ocrx_word' id='word_1_863' title='bbox 2190 5550 2420 5605; x_wconf 88' lang='lat' dir='ltr'><strong>pronum</strong></span> <span class='ocrx_word' id='word_1_864' title='bbox 2458 5544 2555 5607; x_wconf 79' lang='lat' dir='ltr'><strong>est</strong></span> <span class='ocrx_word' id='word_1_865' title='bbox 2588 5536 2853 5607; x_wconf 73' lang='lat' dir='ltr'><strong>iudicare.</strong></span> <span class='ocrx_word' id='word_1_866' title='bbox 2940 5537 3131 5591; x_wconf 88' lang='lat' dir='ltr'><strong>Priora</strong></span> <span class='ocrx_word' id='word_1_867' title='bbox 3172 5533 3318 5592; x_wconf 82' lang='lat' dir='ltr'><strong>enim</strong></span> <span class='ocrx_word' id='word_1_868' title='bbox 3365 5533 3537 5596; x_wconf 73' lang='lat' dir='ltr'><strong>verba</strong></span> 
     </span>
    </p>
   </div>
   <div class='ocr_carea' id='block_1_121' title="bbox 1950 5603 3537 5679">
    <p class='ocr_par' dir='ltr' id='par_1_121' title="bbox 1950 5603 3537 5679">
     <span class='ocr_line' id='line_1_122' title="bbox 1950 5603 3537 5679; baseline 0.003 -19"><span class='ocrx_word' id='word_1_869' title='bbox 1950 5603 2246 5679; x_wconf 80' lang='lat' dir='ltr'><strong>clausulam</strong></span> <span class='ocrx_word' id='word_1_870' title='bbox 2273 5603 2629 5679; x_wconf 69' lang='lat' dir='ltr'><strong>prmseferunt</strong></span> <span class='ocrx_word' id='word_1_871' title='bbox 2661 5605 3032 5679; x_wconf 73' lang='lat' dir='ltr'><strong>epistoiarem;</strong></span> <span class='ocrx_word' id='word_1_872' title='bbox 3072 5609 3189 5663; x_wconf 67' lang='lat' dir='ltr'><strong>haec</strong></span> <span class='ocrx_word' id='word_1_873' title='bbox 3229 5622 3360 5664; x_wconf 87' lang='lat' dir='ltr'><strong>vero</strong></span> <span class='ocrx_word' id='word_1_874' title='bbox 3391 5607 3537 5679; x_wconf 67' lang='lat' dir='ltr'><strong>eius-</strong></span> 
     </span>
    </p>
   </div>
   <div class='ocr_carea' id='block_1_122' title="bbox 1951 5676 3537 5747">
    <p class='ocr_par' dir='ltr' id='par_1_122' title="bbox 1951 5676 3537 5747">
     <span class='ocr_line' id='line_1_123' title="bbox 1951 5676 3537 5747; baseline 0.004 -15"><span class='ocrx_word' id='word_1_875' title='bbox 1951 5676 2096 5732; x_wconf 89' lang='lat' dir='ltr'><strong>modi</strong></span> <span class='ocrx_word' id='word_1_876' title='bbox 2130 5685 2295 5743; x_wconf 90' lang='lat' dir='ltr'><strong>sunt,</strong></span> <span class='ocrx_word' id='word_1_877' title='bbox 2343 5693 2374 5732; x_wconf 93' lang='lat' dir='ltr'><strong>a</strong></span> <span class='ocrx_word' id='word_1_878' title='bbox 2425 5677 2621 5747; x_wconf 90' lang='lat' dir='ltr'><strong>quibus</strong></span> <span class='ocrx_word' id='word_1_879' title='bbox 2668 5676 2890 5747; x_wconf 89' lang='lat' dir='ltr'><strong>epistola</strong></span> <span class='ocrx_word' id='word_1_880' title='bbox 2918 5678 3112 5747; x_wconf 85' lang='lat' dir='ltr'><strong>merito</strong></span> <span class='ocrx_word' id='word_1_881' title='bbox 3137 5676 3537 5738; x_wconf 51' lang='lat' dir='ltr'><strong>exordium&#39;su-</strong></span> 
     </span>
    </p>
   </div>
   <div class='ocr_carea' id='block_1_123' title="bbox 1951 5745 3536 5816">
    <p class='ocr_par' dir='ltr' id='par_1_123' title="bbox 1951 5745 3536 5816">
     <span class='ocr_line' id='line_1_124' title="bbox 1951 5745 3536 5816; baseline 0.003 -14"><span class='ocrx_word' id='word_1_882' title='bbox 1951 5747 2088 5812; x_wconf 91' lang='lat' dir='ltr'><strong>mit;</strong></span> <span class='ocrx_word' id='word_1_883' title='bbox 2131 5747 2387 5803; x_wconf 90' lang='lat' dir='ltr'><strong>nimirum</strong></span> <span class='ocrx_word' id='word_1_884' title='bbox 2430 5745 2782 5816; x_wconf 82' lang='lat' dir='ltr'><strong>gratulatoria</strong></span> <span class='ocrx_word' id='word_1_885' title='bbox 2806 5787 2821 5810; x_wconf 97' lang='lat'><strong>,</strong></span> <span class='ocrx_word' id='word_1_886' title='bbox 2869 5745 2938 5801; x_wconf 91' lang='lat' dir='ltr'><strong>ad</strong></span> <span class='ocrx_word' id='word_1_887' title='bbox 2965 5747 3239 5806; x_wconf 85' lang='lat' dir='ltr'><strong>Arnonem</strong></span> <span class='ocrx_word' id='word_1_888' title='bbox 3264 5748 3536 5806; x_wconf 79' lang='lat' dir='ltr'><strong>Salisbur-</strong></span> 
     </span>
    </p>
   </div>
   <div class='ocr_carea' id='block_1_124' title="bbox 1952 5817 3535 5899">
    <p class='ocr_par' dir='ltr' id='par_1_124' title="bbox 1952 5817 3535 5899">
     <span class='ocr_line' id='line_1_125' title="bbox 1952 5817 3535 5899; baseline 0.003 -27"><span class='ocrx_word' id='word_1_889' title='bbox 1952 5826 2354 5899; x_wconf 46' lang='lat' dir='ltr'><strong>gensem‘puto,</strong></span> <span class='ocrx_word' id='word_1_890' title='bbox 2383 5818 2453 5873; x_wconf 94' lang='lat' dir='ltr'><strong>ob</strong></span> <span class='ocrx_word' id='word_1_891' title='bbox 2486 5833 2680 5899; x_wconf 59' lang='lat' dir='ltr'><strong>novatn</strong></span> <span class='ocrx_word' id='word_1_892' title='bbox 2717 5817 3031 5899; x_wconf 63' lang='lat' dir='ltr'><strong>dignitatem</strong></span> <span class='ocrx_word' id='word_1_893' title='bbox 3059 5829 3115 5875; x_wconf 88' lang='lat' dir='ltr'><strong>ct</strong></span> <span class='ocrx_word' id='word_1_894' title='bbox 3147 5821 3294 5891; x_wconf 88' lang='lat' dir='ltr'><strong>pallii</strong></span> <span class='ocrx_word' id='word_1_895' title='bbox 3323 5820 3535 5899; x_wconf 72' lang='lat' dir='ltr'><strong>archie-</strong></span> 
     </span>
    </p>
   </div>
   <div class='ocr_carea' id='block_1_125' title="bbox 1953 5887 3535 5959">
    <p class='ocr_par' dir='ltr' id='par_1_125' title="bbox 1953 5887 3535 5959">
     <span class='ocr_line' id='line_1_126' title="bbox 1953 5887 3535 5959; baseline 0.001 -15"><span class='ocrx_word' id='word_1_896' title='bbox 1953 5887 2243 5959; x_wconf 86' lang='lat' dir='ltr'><strong>piscopalis</strong></span> <span class='ocrx_word' id='word_1_897' title='bbox 2272 5890 2541 5959; x_wconf 86' lang='lat' dir='ltr'><strong>decorem.</strong></span> <span class='ocrx_word' id='word_1_898' title='bbox 2582 5887 2721 5959; x_wconf 74' lang='lat' dir='ltr'><strong>Hinc</strong></span> <span class='ocrx_word' id='word_1_899' title='bbox 2744 5887 3089 5959; x_wconf 71' lang='lat' dir='ltr'><strong>librariorum</strong></span> <span class='ocrx_word' id='word_1_900' title='bbox 3118 5887 3308 5950; x_wconf 77' lang='lat' dir='ltr'><strong>errore</strong></span> <span class='ocrx_word' id='word_1_901' title='bbox 3330 5891 3535 5947; x_wconf 87' lang='lat' dir='ltr'><strong>factum</strong></span> 
     </span>
    </p>
   </div>
   <div class='ocr_carea' id='block_1_126' title="bbox 1953 5956 3534 6038">
    <p class='ocr_par' dir='ltr' id='par_1_126' title="bbox 1953 5956 3534 6038">
     <span class='ocr_line' id='line_1_127' title="bbox 1953 5956 3534 6038; baseline 0.003 -24"><span class='ocrx_word' id='word_1_902' title='bbox 1953 5956 2075 6016; x_wconf 78' lang='lat' dir='ltr'><strong>esse</strong></span> <span class='ocrx_word' id='word_1_903' title='bbox 2097 5956 2246 6031; x_wconf 82' lang='lat' dir='ltr'><strong>puto,</strong></span> <span class='ocrx_word' id='word_1_904' title='bbox 2270 5958 2412 6030; x_wconf 91' lang='lat' dir='ltr'><strong>quod</strong></span> <span class='ocrx_word' id='word_1_905' title='bbox 2438 5957 2492 6013; x_wconf 94' lang='lat' dir='ltr'><strong>in</strong></span> <span class='ocrx_word' id='word_1_906' title='bbox 2524 5958 2644 6016; x_wconf 90' lang='lat' dir='ltr'><strong>cod.</strong></span> <span class='ocrx_word' id='word_1_907' title='bbox 2678 5956 2736 6015; x_wconf 90' lang='lat' dir='ltr'><strong>S.</strong></span> <span class='ocrx_word' id='word_1_908' title='bbox 2769 5957 3099 6023; x_wconf 85' lang='lat' dir='ltr'><strong>Emmerami</strong></span> <span class='ocrx_word' id='word_1_909' title='bbox 3124 6007 3141 6034; x_wconf 89' lang='lat'><strong>,</strong></span> <span class='ocrx_word' id='word_1_910' title='bbox 3170 5981 3279 6038; x_wconf 80' lang='lat' dir='ltr'><strong>quo</strong></span> <span class='ocrx_word' id='word_1_911' title='bbox 3302 5978 3432 6021; x_wconf 87' lang='lat' dir='ltr'><strong>usus</strong></span> <span class='ocrx_word' id='word_1_912' title='bbox 3450 5966 3534 6018; x_wconf 78' lang='lat' dir='ltr'><strong>est</strong></span> 
     </span>
    </p>
   </div>
  </div>
