4056 6328
587 335 687 392 511

1454 350 1515 405 Β.
1556 352 1617 408 F.
1659 354 1885 411 ALBINI
1924 357 2056 416 SEU
2091 361 2366 419 ALCUlNI
2394 364 2686 425 DPERUM
2723 368 2900 426 PARS
2929 370 2972 426 Ι.

3743 375 3846 435 δη

586 449 770 519 (Joan.
811 467 911 520 vn,
961 453 1076 526 38).
1127 455 1185 512 Si
1234 462 1450 516 modum
1495 465 1726 530 excessi,
1766 466 2009 538 ignoscat
2059 472 2152 541 qui
2180 475 2228 533 Α
2253 472 2416 542 Cujus
2442 477 2637 532 solium
2665 479 2889 550 dissipat
2909 479 3279 551 iniquitatem;
3311 483 3464 554 cujus
3481 483 3662 542 vultus
3695 500 3844 546 reve-
3885 517 3889 520 ν

585 545 774 620 [Forte
810 548 914 621 leg.
941 553 1086 622 'quia
1123 555 1383 628 Charitas]
1417 560 1635 614 modum
1685 576 1791 616 non
1839 564 2019 630 habet,
2069 565 2162 635 qui

583 640 767 697 omnia
809 642 1058 698 sustinet.
1089 644 1267 701 Trahe
1300 662 1386 701 me
1411 656 1531 718 post
1558 658 1611 702 te
1643 652 1915 720 precibus,
1944 662 2004 708 ut
2040 671 2162 710 cur-

583 748 769 789 ramus
797 735 958 789 simul
984 735 1051 790 ad
1079 737 1323 791 bravium
1347 754 1593 808 superna:
1619 744 1918 800 vocationis
1942 761 1958 799 :
1985 746 2160 803 virtus

582 823 800 890 defecit,
839 825 943 880 nisi
972 824 1214 881 fraterna
1243 829 1539 886 consolatio
1569 832 1812 888 sublevet
1847 834 2070 902 lassum,
2103 843 2160 892 et

580 915 756 986 erigat
782 913 1072 984 jacentem.
1103 912 1243 983 Quid
1268 926 1352 973 est
1387 919 1529 988 quod
1566 921 1802 978 charitas
1833 940 1939 979 non
1964 927 2152 995 possit,

580 1007 708 1063 dum
746 1006 800 1060 in
830 1022 895 1062 eo
916 1016 1000 1085 est
1022 1008 1112 1077 qui
1145 1009 1325 1062 omnia
1360 1011 1578 1080 potest?
1602 1011 1720 1065 Noli
1759 1009 2027 1085 negligere
2056 1015 2160 1071 fra-

579 1103 790 1153 lernam
820 1081 1064 1154 salutem.
1095 1099 1343 1155 Christus
1379 1102 1614 1172 seipsum
1647 1120 1745 1174 pro
1785 1081 2158 1174 peccatoribus

578 1188 842 1254 tradidit;
894 1189 1024 1258 quid
1078 1196 1136 1245 tu
1187 1192 1350 1246 verba
1414 1193 1688 1248 subtrahis
1740 1197 2151 1263 exhortationis,

579 1280 668 1335 cui
701 1280 790 1335 ille
819 1283 1136 1352 sanguinem
1166 1298 1324 1339 suum
1349 1299 1457 1339 non
1483 1285 1742 1354 negavit?
1772 1286 2022 1359 Nunquid
2052 1289 2154 1345 ali-

572 1388 733 1443 quem
776 1375 1119 1446 peregrinum
1158 1378 1427 1434 aestimare
1467 1380 1650 1446 debes,
1687 1380 1814 1436 dum
1861 1398 2049 1438 omnes
2099 1385 2153 1440 in

573 1462 792 1520 Christo
814 1473 938 1520 sunt
969 1466 1114 1522 cives
1131 1468 1156 1520 ?
1178 1466 1428 1525 Charitas
1451 1484 1712 1540 personas
1748 1486 1854 1528 non
1883 1473 2148 1542 miratur;

566 1571 754 1613 saccos
797 1567 1046 1630 pertusas
1079 1575 1186 1614 non
1216 1561 1398 1626 habet,
1434 1576 1534 1617 nec
1581 1573 1872 1635 congregat
1924 1565 2152 1621 densum

563 1647 741 1702 lutum
780 1665 944 1719 super
983 1665 1078 1716 se;
1111 1651 1204 1706 sed
1231 1659 1315 1706 est
1347 1653 1609 1718 modesta,
1649 1655 1900 1724 benigna,
1940 1657 2153 1712 miseri-

563 1754 687 1795 cors
717 1748 771 1795 et
799 1741 1038 1796 clemens
1061 1759 1079 1803 ;
1099 1741 1155 1796 in
1193 1758 1298 1812 qua
1320 1751 1372 1798 te
1397 1746 1685 1810 custodiat,
1717 1747 1808 1816 qui
1836 1755 1888 1802 te
1931 1747 1985 1802 in
2009 1749 2149 1805 ovile

2261 567 2492 622 rentiam
2523 579 2808 626 conservat
2841 587 3013 643 usque
3047 574 3114 628 ad
3158 575 3487 645 aequitatem.
3532 577 3669 632 Nam
3704 583 3843 650 quod

2259 659 2386 714 olim
2406 663 2684 730 apostolici
2704 662 2894 719 Patres
2912 662 3262 737 suis’scriptis
3291 667 3346 722 in
3375 668 3840 732 conﬁrmationem

2259 747 2383 804 fidei
2420 751 2696 808 catholicae
2727 752 2958 811 diversis
2996 757 3182 811 mundi
3217 758 3461 827 partibus
3492 775 3838 835 peregerunt,

2257 835 2361 891 hoc
2382 847 2560 894 vestra
2581 842 2922 898 sanctissima
2944 845 3246 902 sollicitudo
3267 848 3489 920 implere
3509 867 3616 908 non
3639 867 3836 911 cessat.

2328 927 2439 984 Hoc
2476 931 2721 988 mirabile
2746 941 2804 989 et
2831 937 3064 1006 speciale
3093 939 3148 994 in
3183 946 3234 994 te
3264 942 3481 1011 pietatis
3510 943 3610 999 Dei
3639 945 3837 1004 donum

2252 1018 2624 1087 praedicamus,
2654 1023 2798 1093 quod
2833 1033 2981 1080 tanta
3018 1027 3300 1085 devotione
3328 1031 3600 1089 Ecclesias
3635 1033 3835 1094 Christi

2255 1123 2286 1162 a
2323 1109 2648 1178 perﬁdorum
2681 1114 2941 1172 doctrinis
2971 1117 3292 1176 intrinsecus
3328 1139 3558 1195 purgare
3586 1129 3836 1200 tuerique

2252 1199 2474 1266 niteris,
2523 1211 2725 1272 quanta
2758 1204 3059 1264 forinsecus
3089 1223 3121 1263 a
3159 1213 3462 1270 vastatione
3497 1199 3833 1288 paganorum

2253 1288 2538 1379 defendere
2561 1294 2645 1348 vel
2673 1310 2973 1368 propagare
3021 1301 3253 1356 conaris.
3297 1301 3394 1358 His
3412 1305 3623 1363 duobus
3641 1309 3832 1379 gladiis

2255 1376 2533 1454 [vestram]
2561 1387 2919 1442 venerandam
2953 1390 3328 1447 excellentiam
3367 1395 3554 1451 dextra
3595 1376 3834 1473 laivaque

2252 1470 2429 1526 divina
2454 1477 2684 1532 armavit
2703 1486 2958 1547 potestas,
2982 1480 3038 1536 in
3060 1483 3256 1553 quibus
3278 1485 3453 1542 victor
3472 1470 3769 1549 laudabilis
3781 1504 3832 1550 et
3869 1475 3872 1478 i

2250 1562 2608 1634 triumphator
2636 1567 2901 1640 gloriosus
2930 1571 3137 1628 existis.
3189 1573 3342 1631 Unde
3371 1585 3428 1633 et
3457 1579 3525 1634 ad
3556 1581 3829 1643 interioris
3873 1616 3875 1618 -

2247 1666 2442 1725 pugna:
2467 1671 2639 1728 genus
2661 1675 2795 1715 meae
2835 1662 3120 1732 parvitatis
3155 1665 3496 1723 devotionem
3535 1685 3830 1739 provocare

2251 1743 2531 1802 voluistis:
2558 1748 2710 1818 cujus
2741 1753 3055 1808 certaminis
3081 1755 3262 1810 sudori
3292 1757 3524 1816 libenter
3547 1767 3825 1832 succubui,

561 1833 910 1902 congregavit
945 1831 1108 1898 illius,
1137 1835 1470 1891 transferens
1499 1838 1564 1892 de
1597 1836 1848 1894 ﬂuctibus
1893 1837 1993 1894 feri
2030 1857 2144 1896 ma-
2173 1827 2224 1889 Β
2251 1840 2312 1888 ιιι
2335 1845 2357 1873 °
2381 1835 2435 1891 in
2462 1836 2660 1903 libello,
2693 1855 2854 1910 quem
2879 1851 3072 1899 vestra!
3097 1861 3269 1916 nuper
3293 1847 3597 1906 direxeram
3621 1827 3824 1925 pietati,

558 1922 658 1988 ris,
689 1932 748 1976 ut
771 1939 920 1979 esses
949 1924 1108 1990 aries,
1147 1927 1233 1981 cui
1274 1927 1418 1982 nulla
1458 1928 1759 1998 iniquitatis
1784 1940 2025 2000 potestas
2055 1949 2141 1989 re-

561 2014 756 2068 sistere
782 2014 1054 2070 valuisset.
1091 2015 1296 2086 Adjuva
1317 2028 1648 2089 precantem,
1679 2031 1740 2075 ut
1765 2023 1947 2078 vincat
1973 2024 2026 2079 in
2051 2041 2137 2093 eo,

563 2105 656 2174 qui
681 2105 812 2159 vicit
836 2107 890 2160 in
921 2115 973 2161 te
997 2104 1157 2176 hujus
1184 2110 1365 2165 smculi
1395 2112 1662 2167 vanitates
1686 2130 1700 2178 ;
1729 2114 1980 2185 quivoce
2005 2133 2137 2172 con-

559 2197 816 2251 solatoria
854 2198 966 2252 suis
990 2198 1128 2253 dixit
1164 2199 1476 2273 discipulis:
1507 2201 1636 2257 Haec
1661 2203 1866 2258 locutus
1889 2223 2006 2260 sum
2047 2224 2138 2263 vo-

554 2290 651 2355 bis,
695 2301 749 2343 ut
788 2291 843 2345 in
887 2309 968 2346 me
997 2310 1178 2364 pacem
1217 2295 1490 2360 habeatis;
1521 2296 1577 2349 in
1609 2296 1805 2350 mundo
1839 2314 2138 2367 pressuram

557 2380 835 2448 habebitis,
879 2383 969 2438 sed
1001 2384 1265 2453 conﬁdite,
1288 2387 1413 2456 quia
1441 2403 1534 2457 ego
1555 2386 1652 2440 vici
1673 2387 1926 2441 mundum
1951 2387 2133 2460 (Joan.

558 2485 672 2536 xvr,
704 2471 816 2544 55).
847 2472 1098 2529 Christus
1127 2475 1224 2530 Dei
1263 2475 1433 2531 Filius
1477 2484 1528 2532 te
1575 2476 1838 2532 victorem
1876 2477 2041 2533 faciat
2081 2487 2138 2535 et

552 2565 806 2621 exaudiat
829 2566 886 2622 in
908 2567 1055 2622 omni
1076 2583 1257 2638 prece,
1293 2567 1612 2624 cbarissime
1640 2567 1829 2623 frater.

1094 2693 1121 2722 ε
1160 2681 1497 2739 EPISTOLA
1526 2683 1587 2739 C.

1057 2769 1125 2807 AD
1160 2769 1376 2809 DOINUI
1417 2771 1613 2811 REGEI.

1151 2845 1328 2916 (Anno
1367 2847 1518 2918 800.)

543 2933 735 3014 Carolo
763 2935 965 3014 iteratis
989 2935 1174 2992 litteris
1197 2940 1724 3014 respondetaLaudat
1753 2942 2017 3014 religionis
2045 2963 2130 3001 ze-

613 3003 745 3087 lum,
767 3007 1029 3087 pietatem,
1066 3003 1288 3087 regalem
1313 3011 1633 3087 potentiam;
1663 3003 1969 3069 memoriam
1998 3018 2128 3087 facit

610 3076 674 3130 de
701 3077 1015 3148 quibusdam
1041 3076 1234 3134 chartis
1275 3076 1524 3151 computi.

609 3168 898 3225 Benedicto
925 3178 1086 3241 atque
1111 3173 1257 3227 omni
1289 3175 1563 3244 sapientia:
1588 3175 1783 3231 decore
1812 3178 2126 3249 praefulgido
2151 3195 2198 3260 ο

538 3259 706 3314 David
733 3261 864 3331 regi,
895 3261 1120 3318 Flaccus
1150 3263 1375 3321 Albinus
1401 3266 1452 3321 in
1484 3269 1702 3323 Christo
1730 3269 1976 3325 salutem.
2051 3301 2055 3304 -

608 3351 759 3407 Licet
815 3354 1059 3422 proxime
1109 3357 1176 3410 ad
1235 3357 1574 3414 clementiam
1623 3371 1859 3416 vestram
1907 3365 2121 3432 gemina

537 3441 737 3512 scripta
767 3443 1073 3510 direxerim,
1107 3462 1337 3515 quorum
1365 3465 1528 3506 unum
1563 3452 1802 3507 debitum
1841 3455 2122 3512 salutatio-

533 3534 620 3588 nis
658 3533 885 3604 inpleret
923 3533 1219 3610 [oflicium],
1262 3539 1407 3594 aliud
1444 3540 1721 3610 cujusdam
1759 3546 2121 3613 responsionis

528 3627 652 3697 jura
698 3635 948 3684 teneret:
983 3639 1162 3684 tamen
1209 3633 1494 3687 occasione
1539 3645 1733 3689 vestrm.
1772 3635 2120 3693 beatitudinis

532 3719 837 3774 litterarum
865 3729 1103 3792 accepta,
1135 3725 1459 3793 respondere
1485 3733 1770 3795 utrumque
1797 3725 1929 3798 [Al.,
1952 3729 2116 3784 utris-

531 3828 667 3882 que;
694 3813 827 3883 forte
854 3815 1149 3888 utcunque]
1174 3817 1447 3883 convenit,
1471 3834 1606 3888 quas
1631 3819 1832 3875 lumine
1861 3829 1916 3876 et
1943 3823 2118 3878 scien-

530 3903 621 3958 tia:
640 3912 694 3958 et
715 3905 960 3960 veritatis
981 3906 1320 3976 indagatione
1339 3907 1525 3978 plenas
1547 3919 1868 3964 veneranter
1887 3913 2068 3983 accepi
2097 3929 2112 3980 ;

529 4003 584 4048 et
614 4011 807 4064 magno
834 3997 1126 4066 gratiarum
1157 3998 1385 4053 actionis
1420 4000 1597 4054 studio
1635 3999 1801 4056 Deum
1841 4002 2110 4069 benedixi,

527 4086 620 4156 qui
648 4086 846 4141 virtute
872 4086 995 4141 ﬁdei
1025 4099 1080 4142 et
1117 4089 1342 4144 rationis
1366 4090 1698 4160 experientia
1724 4099 1916 4147 vestrae
1941 4093 2112 4164 pieta-

528 4177 599 4232 tis
623 4189 811 4248 pectus
840 4179 1176 4234 abundanter
1201 4181 1405 4253 implet.
1443 4183 1519 4236 lta
1542 4190 1602 4236 ut
1628 4182 1680 4236 in
1711 4199 1776 4238 eo
1800 4185 2112 4255 praerogati-

527 4284 593 4322 va
617 4271 965 4325 sacerdotalis
989 4272 1264 4337 doctrinas,
1294 4275 1583 4330 voluntatis
1611 4276 1801 4346 pietas,
1833 4285 1888 4332 et
1914 4279 2110 4349 regalis

523 4359 766 4430 potentia
787 4361 1161 4428 splendescere
1183 4363 1564 4434 comprobatur
1590 4368 1825 4420 maxime
1849 4385 1862 4421 :
1889 4369 2012 4437 quia
2050 4368 2110 4422 ﬁ-

525 4447 621 4501 des
646 4449 931 4514 catholica,
964 4466 1083 4521 quae
1107 4453 1309 4522 ubique
1339 4455 1497 4509 debet
1523 4470 1644 4510 esse
1666 4472 1772 4510 una
1800 4458 1929 4512 etin
1958 4457 2102 4514 nullo

2241 1927 2460 1994 agnosci
2489 1929 2722 1996 poterit:
2745 1930 2872 1986 licet
2903 1934 3131 1990 necdum
3161 1945 3354 1992 vestrae
3380 1942 3728 2000 auctoritatis
3754 1945 3824 2000 si-

2240 2014 2366 2083 gillo
2386 2019 2632 2106 eumdem
2657 2019 2819 2076 libelli
2856 2031 3097 2080 tenorem
3137 2027 3512 2086 conﬁrmatum
3557 2049 3824 2106 cognove—

2239 2103 2363 2158 rim.
2409 2105 2477 2161 Et
2510 2107 2627 2172 hoc,
2664 2125 2806 2176 reor,
2833 2112 2915 2167 vel
2941 2115 3195 2172 tarditate
3215 2119 3514 2189 portitoris,
3541 2103 3819 2197 velﬁangu-

2239 2193 2343 2248 stia
2365 2199 2620 2266 temporis
2641 2209 2849 2270 gestum
2871 2219 3008 2259 esse.
3050 2204 3364 2266 Nullateuus
3385 2211 3542 2268 solita
3566 2193 3819 2276 bonitatis

2237 2294 2430 2342 vestrae
2458 2294 2790 2349 consuetudo
2829 2294 2884 2349 in
2927 2296 3170 2366 pluribus
3216 2300 3320 2358 hoc
3365 2317 3527 2378 agere
3572 2307 3820 2368 litterulis

2237 2389 2470 2444 recusat,
2517 2383 2660 2452 quod
2707 2384 2763 2439 in
2808 2386 3107 2447 rarioribus
3139 2391 3334 2462 saepius
3363 2392 3558 2454 fecisse
3585 2413 3821 2470 compen-

2235 2477 2351 2527 tum
2375 2481 2478 2529 est.

2301 2585 2586 2644 Clnrtulas
2609 2605 2740 2647 vero
2763 2592 3133 2654 calculatianis
3147 2613 3340 2657 cursus
3354 2600 3580 2674 lunaris,
3600 2612 3686 2664 vel
3709 2609 3815 2666 bis-

2233 2681 2440 2738 sextilis
2461 2686 2887 2754 praeparationis,
2913 2704 3049 2760 quas
3075 2701 3273 2750 nostrae
3298 2697 3567 2755 devotioni
3593 2704 3818 2760 tradidi-

2232 2771 2332 2827 stis
2354 2772 2735 2843 explorandas,
2766 2777 3069 2836 invenimus
3089 2797 3218 2854 erga
3237 2789 3671 2846 mensurationes
3696 2793 3818 2849 dili-

2231 2866 2546 2936 gentissime
2588 2870 2905 2940 exquisitas,
2947 2875 3258 2934 acutissime
3293 2879 3559 2951 inventas,
3588 2888 3815 2944 nobilis-

2231 2954 2366 3011 sime
2388 2957 2644 3026 prolatas.
2689 2959 2757 3014 Et
2777 2963 2918 3031 quod
2942 2979 3064 3019 mea
3090 2965 3217 3022 olim
3245 2969 3459 3027 devotio
3482 2975 3547 3030 de
3571 2976 3814 3035 bissexto

2229 3050 2412 3118 paucis
2440 3050 2714 3108 inchoavit
2733 3055 3070 3124 ratiunculis,
3095 3069 3274 3116 vestra
3295 3066 3642 3137 sagacissima
3660 3071 3814 3128 iuda-

2231 3138 2377 3208 gatio
2401 3140 2619 3210 copiose
2639 3143 2942 3214 complevit.
2986 3146 3241 3214 Quamvis
3262 3154 3715 3214 considerandum
3743 3163 3814 3218 sit

2229 3244 2326 3285 cur
2351 3231 2405 3285 in
2430 3232 2752 3301 quibusdam
2783 3237 3077 3304 mensibus,
3107 3241 3174 3296 ad
3203 3245 3416 3299 eosdem
3447 3246 3563 3304 dies
3587 3249 3641 3305 in
3668 3268 3812 3310 anno

2222 3322 2480 3388 secundo,
2518 3324 2678 3380 tertio
2707 3325 2790 3380 vel
2827 3338 3020 3396 quarto
3057 3338 3339 3402 co'mputus
3381 3350 3575 3395 cursus
3618 3341 3812 3399 solaris

2223 3430 2332 3470 non
2371 3416 2724 3486 pervenisset.
2765 3417 2896 3474 Item
2931 3419 3140 3478 facilior
3174 3433 3229 3480 et
3265 3429 3565 3497 expeditior
3606 3432 3811 3493 lunaris

2221 3521 2412 3562 cursus
2450 3509 2758 3578 supputatio
2794 3525 2951 3580 posse
2984 3513 3211 3571 inveniri
3241 3518 3469 3574 videtur.
3515 3521 3669 3580 Licet
3696 3527 3811 3584 ham

2219 3599 2420 3668 optima
2453 3608 2508 3655 et
2532 3602 2844 3657 acutissima
2879 3620 3049 3675 usque
3080 3610 3146 3662 ad
3182 3625 3346 3665 unum
3376 3616 3689 3685 scrupulum
3723 3620 3809 3677 vel

2219 3689 2431 3744 sticum
2467 3689 2573 3763 [AL
2604 3692 2898 3774 siliculum]
2927 3696 3177 3774 distincte
3213 3709 3267 3756 et
3292 3712 3447 3758 caute
3476 3722 3698 3764 currere
3727 3712 3808 3766 in-

2218 3780 2502 3850 teﬂigatur.
2545 3783 2725 3837 Direxi
2754 3769 3086 3842 excellentiae
3105 3798 3297 3867 vestrae
3319 3800 3526 3850 stamen
3549 3813 3806 3868 quarunt-

2217 3872 2341 3927 dam
2362 3874 2802 3942 supputationum
2841 3875 2868 3914 ἀ
2901 3876 2968 3932 de
3005 3878 3134 3935 solis
3167 3880 3413 3954 lunaeque
3447 3901 3548 3956 per
3586 3890 3806 3962 signife-

2215 3979 2334 4017 rum
2383 3979 2544 4019 cursu
2570 3983 2582 4018 :
2606 3965 2693 4020 cui
2742 3965 2787 4020 si
2834 3969 3001 4023 vestri
3048 3972 3345 4030 acutissimi
3389 3992 3580 4036 sensus
3622 3985 3803 4042 subte-

2211 4069 2370 4123 gmen
2397 4054 2593 4111 addere
2618 4055 2900 4126 placuerit,
2942 4057 3082 4115 forte
3114 4063 3296 4132 pueris
3322 4066 3573 4136 palatinis
3613 4085 3800 4132 contra

2210 4143 2384 4216 frigus
2405 4145 2689 4215 imperitiae
2713 4147 2927 4218 aliquod
2951 4151 3257 4208 vestimenti
3285 4171 3453 4227 genus
3499 4161 3607 4216 texi
3650 4176 3800 4234 pote-

2210 4237 2316 4303 rit;
2347 4241 2488 4294 sicut
2511 4239 2566 4293 in
2590 4240 2788 4309 prioris
2815 4250 3040 4298 textum
3058 4258 3143 4299 me
3168 4244 3300 4318 [Al.,
3329 4251 3483 4324 meai]
3507 4255 3676 4311 etiam
3707 4275 3799 4316 or—

2210 4329 2482 4387 dinatione
2521 4333 2723 4402 optime
2769 4333 2964 4392 fecisse
3005 4341 3342 4407 protestaris.
3384 4343 3560 4400 Meum
3600 4362 3689 4405 est
3733 4354 3798 4408 de

2206 4429 2366 4476 terra:
2388 4425 2611 4494 gremio,
2652 4425 2736 4481 vel
2768 4427 2939 4498 glebis
2966 4430 3370 4502 pulverulentis,
3405 4439 3524 4493 auri
3558 4441 3796 4502 effodere

525 4538 818 4605 dissimilis,
850 4557 949 4612 per
979 4550 1214 4598 vestram
1245 4545 1641 4600 sanctissimam
1669 4546 2098 4614 sollicitudinem,
2127 4562 2184 4624 Ι)
2887 4521 3398 4638 ῙῗξῗἘ-ἶιξιίξξξτξέ
3411 4543 3684 4638 heminis".
3709 4553 3796 4592 Sa-

524 4626 554 4669 1)
584 4629 770 4698 sopitis
797 4606 1148 4688 schismatum
1182 4635 1476 4701 erroribus,
1515 4636 1796 4705 praedicari
1823 4646 1878 4693 et
1901 4606 2104 4708 pollere
2127 4606 2181 4624 υ
2205 4606 2422 4708 Ρίθῐξιίω
2455 4606 2847 4708 Ριίπῂξιξψηῃ
2887 4614 3194 4708 “mirando
3219 4625 3432 4688 “Stare
3460 4621 3516 4676 in
3545 4627 3753 4683 vertice
3777 4649 3790 4682 ⁵

523 4721 873 4792 dignoscitur.
918 4725 987 4778 Et
1027 4735 1288 4796 quantum
1335 4728 1486 4799 regni
1528 4729 1768 4799 potentia
1810 4730 2062 4800 praelatus
2083 4773 2098 4797 ,

525 4818 733 4865 tantum
758 4812 1033 4882 sapientiae
1060 4814 1254 4870 decore
1279 4824 1334 4870 et
1360 4823 1558 4872 sanctae
1587 4818 1864 4890 religionis
1892 4819 2102 4876 fervore

522 4904 772 4961 omnibus
805 4907 1088 4976 praecellis.
1128 4907 1277 4964 Felix
1323 4910 1550 4979 populus
1595 4913 1688 4982 qui
1729 4912 1819 4966 tali
1860 4913 2101 4984 principe

520 4994 718 5064 gaudet
742 5013 755 5048 :
783 4996 941 5068 124
963 4997 1013 5050 in
1043 4999 1194 5068 cujus
1216 5001 1574 5070 prosperitate
1600 5003 1745 5058 salus
1782 5017 2098 5064 cunctorum
2158 5034 2165 5042 ~

516 5084 792 5151 consistit;
814 5087 866 5140 in
881 5086 1032 5156 cujus
1044 5088 1313 5144 hilaritate
1331 5093 1571 5148 omnium
1593 5098 1804 5152 animus
1823 5101 2094 5169 gaudebit,
2163 5106 2168 5111 “

513 5182 575 5229 ut
601 5175 804 5231 dictum
824 5185 909 5232 est
931 5195 943 5231 ε
967 5177 1034 5232 In
1051 5178 1315 5234 hilaritate
1338 5184 1470 5253 regis
1496 5185 1598 5238 vita
1625 5185 1805 5257 (Prov.
1839 5206 1950 5257 xw,
1983 5192 2094 5264 15).

583 5343 609 5419 ἐι
639 5332 782 5419 Edit.
811 5334 1071 5419 ριιθιιίξει.Δ
1092 5338 1176 5402 ll,
1205 5339 1386 5396 Canis.
1419 5341 1453 5395 5
1483 5342 1734 5413 (Froben.
1772 5347 1863 5419 84)
1900 5350 2092 5408 collata

515 5415 636 5476 cum
656 5405 781 5476 cod.
809 5405 940 5476 Reg.
976 5407 1096 5461 Vat.

583 5472 838 5561 bhso‘pitis
879 5472 1216 5561 s'c'hiatttalum
1260 5481 1541 5561 erroribus.
1595 5482 1719 5561 Haec
1765 5487 2002 5561 intelligo
2025 5493 2090 5549 de

511 5543 897 5628 sopitanhazresi
921 5547 1191 5628 Feliciana
1219 5565 1315 5620 per
1341 5552 1626 5606 concilium
1651 5543 2089 5628 Aquisgran’ense

516 5612 658 5666 circa
686 5613 846 5669 finem
875 5618 1000 5671 anni
1029 5618 1150 5674 799.

586 5682 932 5772 :In‘libella.’
959 5689 1133 5772 Libris
1166 5706 1364 5772 nempe
1381 5693 1639 5772 adversus
1662 5696 1920 5772 Felicem,
1953 5719 2086 5772 quos

509 5752 934 5844 regisrexamini
991 5767 1045 5812 et
1090 5752 1460 5844 approbationi
1511 5752 1768 5844 submisit
1786 5752 2085 5844 ξῄέίίίυᾜῖό

511 5822 738 5885 concilio
765 5822 1204 5898 Aquisgranensi.
1236 5834 1355 5890 Vid.
1378 5835 1659 5904 epistolam
1689 5838 1757 5895 iis
1784 5822 2085 5914 ιίιιιιίέρὲξὲῖ

2204 4703 2472 4765 quatenus
2509 4697 2787 4756 laudabilis
2824 4705 3063 4772 potentia
3099 4716 3276 4764 vestra
3316 4712 3554 4769 omnium
3601 4716 3793 4776 floreat
3863 4751 3884 4774 .

2202 4801 2398 4856 genere
2443 4791 2719 4858 virtutum,
2761 4801 2817 4848 et
2857 4797 3135 4867 multiplici
3179 4803 3494 4861 meritorum
3533 4807 3692 4866 laude
3721 4814 3790 4868 ad

2170 4898 2172 4900 ν
2201 4869 2434 4937 caelestis
2457 4883 2609 4954 regni
2636 4883 2882 4955 gloriam,
2915 4887 3131 4948 Christo
3160 4904 3378 4966 regente
3404 4908 3566 4972 atque
3586 4905 3790 4964 donan-

2199 4977 2276 5038 te,
2305 4974 2588 5042 pervenire
2613 4986 2904 5033 mereatur.

2266 5105 2460 5160 Vivere
2478 5123 2566 5163 me
2586 5110 2745 5165 terris
2764 5113 2856 5167 vix
2876 5114 2969 5169 vix
2991 5116 3120 5173 sinit
3141 5120 3387 5192 improba
3414 5126 3603 5201 febris,

2335 5194 2405 5249 Et
2429 5211 2516 5251 me
2544 5198 2763 5256 caeleste
2788 5205 3050 5262 scandere
3073 5209 3235 5267 vultis
3261 5213 3380 5271 iter.

2191 5351 2365 5443 ﬁxam
2383 5362 2438 5409 et
2467 5365 2708 5443 nostram
2737 5359 2962 5417 Dissert.
3002 5367 3295 5443 deﬂazresi
3323 5369 3775 5443 Adoptianorum.

2259 5423 2285 5462 ἀ
2317 5424 2394 5505 De
2444 5425 2570 5516 sqlis
2619 5426 3008 5516 ιιιρηίιιίμιιεορερ·⁸
3037 5423 3346 5507 signiferum

2187 5491 2444 5586 ﬁlo-uinus
2473 5497 2544 5586 de
2568 5497 2695 5553 solis
2717 5491 2814 5586 per
2840 5491 3154 5586 signiferum
3177 5491 3343 5586 cursu
3372 5491 3777 5586 scripsi-Lillu’d

2187 5514 2444 5550 mcumus
2473 5514 2538 5551 ue
2568 5514 2695 5553 sons
2700 5514 2814 5624 (per
2841 5514 3154 5572 Signiferum
3182 5524 3343 5564 cursu
3372 5515 3609 5586 scripsit,
3639 5514 3775 5578 illud

2187 5562 2434 5651 fortassis
2462 5574 2565 5651 est,
2591 5583 2698 5651 quo
2771 5571 2996 5629 habetur
3022 5593 3184 5651 supra
3211 5580 3260 5634 in
3293 5588 3450 5651 epist.
3479 5586 3568 5642 85.
3598 5587 3775 5646 Char-

2186 5641 2298 5687 tam
2326 5651 2454 5716 vero
2477 5637 2636 5716 illam
2666 5639 2719 5693 in
2754 5655 2873 5716 qua]
2891 5637 3297 5715 supputationes
3325 5637 3409 5708 Ide
3438 5637 3578 5711 lunae
3603 5637 3771 5716 EEFs‘u

2182 5719 2280 5800 per
2318 5705 2527 5777 singula
2541 5708 2705 5800 signa
2735 5705 3118 5800 continet-itura
3137 5720 3203 5773 ad
3231 5705 3774 5800 epistdlénifjés'ié}:

2184 5774 2356 5862 tinere
2399 5774 2464 5832 ex
2477 5848 2488 5858 ι
2503 5774 2782 5862 utriusque
2827 5774 3226 5862 comparatione
3240 5774 3252 5776 ⁷
3264 5774 3767 5862 iidu'éil"s3inﬁéin

2183 5845 2427 5903 chartam
2474 5848 2616 5904 inter
2649 5845 2912 5920 opuscula
2942 5845 3413 5929 Philosophica'l‘:
3426 5845 3471 5920 ll
