4056 6328
601 433 710 492 519

1482 435 1542 490 Β.
1583 435 1645 490 F.
1675 435 1902 491 ALBINI
1943 436 2076 496 SEU
2111 437 2392 497 ALCUINI
2426 437 2710 496 OPERUM
2743 436 2926 494 PARS
2956 436 2999 492 l.

3768 442 3866 499 520

601 551 753 606 simae
771 548 962 620 patriae
986 549 1169 606 veniat
1189 551 1498 622 praesentia.
1531 552 1980 609 Patientia'nobis
2002 570 2190 609 neces-
2216 562 2264 622 Α
2295 555 2542 611 lectionis
2569 556 2800 610 adventu
2848 554 3052 611 habere
3095 553 3326 612 viderer.
3384 553 3493 611 Sed
3538 555 3704 612 breve
3745 573 3876 628 prte-

601 644 743 700 saria
782 651 862 698 est
897 641 1084 714 (Hebr.
1113 659 1168 708 x,
1202 643 1314 713 36),
1363 643 1476 698 sive
1522 644 1577 698 in
1620 647 2026 716 exspectatione
2066 661 2186 716 spe-

603 747 736 792 ratae
757 736 1125 802 beatitudinis,
1155 737 1268 791 sive
1304 736 1358 790 in
1389 738 1634 792 absentia
1661 739 1959 793 amicorum
1981 740 2187 794 charis-

600 829 883 883 simorum.
930 825 1234 881 Habeamus
1273 841 1488 897 semper
1526 827 1684 882 hodie
1710 828 1764 881 in
1795 829 2094 894 cliaritate;
2130 830 2186 884 in

601 935 698 989 spe
723 933 853 973 vero
877 918 1172 974 crastinum
1194 918 1540 982 desiderium,
1569 927 1629 974 ut
1658 921 1839 975 veniat
1861 922 2003 977 quod
2028 923 2187 978 hodie

601 1019 832 1065 amatur.

672 1104 847 1161 Ecce!
908 1119 1059 1160 mens
1109 1104 1275 1158 variis
1327 1103 1548 1159 ﬂuctuat
1609 1105 2066 1176 cogitationibus,
2134 1115 2188 1163 te

604 1197 1005 1254 consiliatorem
1053 1196 1209 1264 quasi
1249 1205 1466 1265 portum
1508 1196 1679 1250 ﬁrma:
1713 1198 2022 1252 stabilitatis
2068 1214 2189 1268 spe—

603 1304 732 1342 rans
773 1288 999 1342 venire:
1033 1287 1126 1342 sed
1178 1296 1235 1340 ut
1280 1287 1436 1341 video
1481 1287 1690 1355 longius
1720 1305 1750 1342 a
1781 1288 1960 1358 quiete
2003 1298 2187 1358 optata

601 1376 855 1432 fluctibus
895 1378 1126 1447 rapitur,
1171 1379 1223 1432 in
1267 1378 1380 1433 salo
1412 1378 1668 1448 agitatur,
1699 1379 1766 1433 ad
1791 1396 1950 1450 quem
1972 1391 2188 1450 portum

601 1467 881 1537 perveniet
927 1467 1200 1536 ignorans.
1248 1466 1496 1522 Assiduis
1537 1476 1715 1524 tamen
1765 1472 2067 1526 sanctitatis
2097 1488 2191 1528 ve-

601 1567 729 1613 strae
756 1560 1009 1629 precibus
1035 1560 1370 1614 dubitantem
1414 1561 1468 1615 in
1499 1563 1887 1632 cogitationum
1917 1565 2188 1635 discepta-

601 1649 840 1705 tionibus
894 1651 1161 1716 amicum,
1212 1653 1279 1705 ad
1326 1651 1572 1723 ﬁrmum,
1630 1653 1809 1708 divina
1861 1657 2190 1711 concedente

599 1743 796 1812 gratia,
823 1742 1014 1798 salutis
1042 1743 1327 1798 consilium
1355 1745 1622 1800 deducere
1647 1746 1958 1817 dignemini.
1987 1748 2191 1804 Praesto

598 1843 681 1889 est
711 1834 909 1904 ubique
929 1836 1051 1904 pius
1079 1843 1392 1891 sanctarum
1417 1837 1704 1891 exauditor
1735 1839 2060 1906 orationum,
2098 1841 2192 1912 qui

2287 647 2479 701 sentiae
2526 646 2616 700 diu
2647 653 2847 715 optata:
2871 654 3084 716 tempus
3135 647 3494 716 plangebam;
3543 655 3600 702 et
3623 659 3876 718 quantum

2292 738 2448 793 laetus
2473 738 2550 794 fui
2579 740 2635 794 in
2660 747 2881 810 aspectu
2930 739 3089 796 faciei
3123 749 3334 803 vestrae,
3369 748 3576 795 tantum
3620 743 3790 799 tristis
3827 745 3876 802 in

2288 830 2544 886 abscessu
2569 832 2882 900 torquebar.
2914 830 3023 887 Sed
3041 831 3170 901 quid
3189 831 3257 886 ad
3288 832 3438 888 haec?
3463 832 3593 888 Tale
3619 844 3705 890 est
3730 835 3876 906 hujus

2289 920 2472 975 saeculi
2497 921 2774 991 gaudium,
2807 936 2908 976 nos
2935 921 3005 976 ad
3035 919 3276 977 futurum
3306 921 3501 994 [Mab.,
3531 923 3773 979 futuram
3799 926 3878 982 lae-

2289 1009 2487 1082 titiam]
2536 1011 2758 1066 tendere
2807 1011 3125 1078 admonens,
3155 1027 3275 1082 quae
3302 1030 3579 1084 nunquam
3606 1016 3770 1071 ﬁnem
3794 1017 3877 1073 ha-

2289 1102 2470 1156 bitura
2500 1110 2620 1168 est;
2666 1102 2763 1156 sed
2804 1101 2972 1158 semel
3019 1103 3214 1158 hausta
3257 1103 3484 1160 dulcedo
3519 1121 3734 1178 semper
3756 1125 3879 1179 prae-

2291 1209 2418 1250 sens
2446 1210 2567 1249 esse
2593 1210 2702 1249 non
2735 1194 2951 1259 desinit,
2993 1195 3059 1249 ad
3089 1210 3253 1264 quam
3289 1203 3405 1251 tota
3451 1199 3653 1253 mentis
3697 1199 3878 1256 alacri-

2293 1292 2405 1339 tate
2453 1282 2819 1338 festinandum
2872 1293 2978 1339 est.
3033 1284 3220 1352 Qualis
3260 1295 3345 1341 est
3389 1288 3479 1342 illa
3526 1287 3735 1356 laetitia,
3775 1308 3879 1362 quae

2293 1376 2430 1430 nihil
2459 1378 2884 1446 perturbationis
2907 1378 3150 1445 habebit,
3183 1397 3458 1452 nunquam
3497 1382 3662 1438 finem
3694 1385 3880 1444 habere

2297 1471 2547 1526 timebit?
2593 1471 2721 1527 Haec
2748 1482 2832 1527 est
2866 1473 2918 1526 in
2945 1489 3046 1544 spe
3069 1475 3228 1530 modo
3260 1475 3506 1531 habenda
3532 1494 3547 1542 ;
3587 1487 3711 1547 post
3740 1479 3880 1550 hujus

2291 1577 2422 1617 vero
2451 1563 2578 1618 vita:
2602 1564 2764 1618 ﬁnem
2791 1565 3179 1635 perpetualiter
3202 1568 3549 1638 possidenda.
3565 1568 3746 1638 Quam
3767 1573 3878 1629 felix

2294 1662 2379 1709 est
2408 1654 2497 1708 illa
2519 1655 2736 1711 dilectio
2762 1657 2904 1712 inter
2931 1657 3152 1727 fratres,
3178 1677 3300 1732 quae
3329 1663 3446 1717 sine
3469 1662 3579 1719 ﬁne
3597 1665 3758 1731 vivit,
3779 1668 3880 1724 sine

2297 1744 2516 1801 fastidio
2541 1756 2786 1818 augetur.
3145 1749 3162 1763 ’

2371 1837 2620 1905 Hortare,
2668 1840 2831 1896 Pater
2878 1852 3086 1910 sancte,
3129 1845 3270 1902 ﬁlios
3317 1855 3534 1902 nostros
3579 1863 3882 1906 communes

600 1932 655 1980 et
682 1924 932 1979 fraternae
959 1926 1264 1982 dilectionis
1291 1943 1483 1998 preces
1507 1930 1786 1996 exaudire,
1819 1941 1873 1985 et
1898 1933 1953 1986 in
1983 1949 2040 1988 se
2069 1951 2185 2006 spe-
2214 1927 2262 1988 Β
2287 1927 2338 2001 [δ
2353 1928 2704 1986 Adhelricum
2728 1933 2966 2000 leVilam.
2992 1935 3344 1994 Adalbel‘lllm
3384 1939 3621 2012 Magum.
3651 1953 3711 1998 ει
3754 1943 3882 2000 Gun-

605 2024 788 2070 rantes
837 2017 1028 2086 spiritu
1077 2019 1469 2075 consolationis
1520 2033 1710 2077 sancto
1760 2024 2014 2092 adjuvare
2058 2029 2196 2086 solet

603 2107 776 2181 (Psal.
810 2125 944 2175 xvu,
977 2109 1090 2180 5i).
1135 2109 1213 2166 Ad
1251 2111 1394 2167 illius
1435 2112 1801 2170 dulcissimam
1850 2118 2194 2176 clementiam

600 2201 874 2271 erigamus
912 2218 1062 2272 spem
1104 2213 1368 2269 nostram,
1416 2206 1683 2277 simulque
1711 2210 1778 2263 de
1806 2209 1923 2278 ejus
1965 2213 2198 2283 opitula-

603 2291 751 2346 tione
797 2293 1187 2360 indubitantes,
1238 2297 1329 2365 qui
1375 2297 1640 2353 illuminat
1677 2315 1892 2356 omnem
1918 2304 2195 2360 hominem

599 2385 906 2441 venientem
944 2387 999 2440 in
1044 2388 1187 2444 hunc
1228 2391 1486 2446 mundum
1515 2394 1693 2466 (Joan.
1720 2413 1759 2461 ι,
1790 2397 1866 2468 9).
1899 2397 2052 2451 lllum
2082 2408 2196 2455 tota

599 2477 782 2532 cordis
826 2477 1148 2546 intentione,
1193 2488 1303 2536 tota
1349 2484 1516 2539 animi
1545 2485 1829 2543 affectione
1859 2490 2197 2547 incessanter

601 2568 978 2638 deprecemur,
1027 2580 1084 2626 ut
1132 2572 1399 2630 illuminet
1445 2577 1600 2633 nobis
1643 2579 1828 2636 oculos
1884 2582 2192 2652 interiores,

600 2675 670 2716 ne
693 2677 932 2733 unquam
953 2664 1009 2718 in
1039 2674 1210 2720 morte
1241 2668 1559 2739 ignorantia:
1583 2673 1990 2732 obdormiamus
2016 2675 2191 2748 (Paul.

603 2768 707 2822 ιιι,
735 2755 814 2827 4).

674 2845 922 2919 [Munera
946 2851 1251 2908 dilectionis
1272 2865 1464 2912 vestrae
1492 2865 1602 2912 tam
1630 2859 1754 2914 laeto
1776 2862 1960 2932 accepi
1987 2865 2194 2931 animo,

605 2953 770 3009 quam
791 2939 949 3010 plena
974 2957 1072 2998 vos
1094 2945 1360 3001 cbaritate
1381 2948 1614 3019 dirigere
1633 2953 1877 3022 cognovi.
1903 2952 2008 3010 Sed
2031 2971 2196 3026 quam

603 3027 725 3085 laete
747 3045 815 3085 ex
847 3033 1162 3091 muneribus
1211 3051 1364 3092 mens
1410 3038 1703 3105 hilarescit,
1759 3051 1870 3097 tam
1917 3046 2092 3102 tristis
2127 3062 2196 3104 ex

602 3121 849 3179 absentia
881 3135 1079 3182 vestrae
1101 3127 1455 3187 beatitudinis
1478 3133 1803 3205 ingemiscit.
1838 3138 1944 3193 Sed
1969 3140 2098 3208 quid
2127 3141 2196 3196 ad

602 3215 756 3270 huic?
783 3216 941 3272 Vivat
973 3219 1214 3277 charitas
1255 3223 1309 3277 in
1347 3222 1590 3279 Christo!
1640 3226 1710 3280 sit
1737 3244 1976 3298 praesens
2000 3231 2055 3285 in
2079 3233 2192 3302 spi-

603 3305 735 3371 ritu,
763 3307 854 3376 qui
883 3308 1078 3364 absens
1111 3315 1279 3368 estin
1315 3314 1490 3371 facie!
1544 3318 1735 3384 donec,
1779 3321 1890 3376 Deo
1936 3322 2189 3391 donante,

601 3395 764 3452 beata
787 3399 971 3455 veniat
1014 3405 1324 3472 praesentia,
1365 3424 1485 3477 quae
1512 3425 1788 3480 nunquam
1825 3412 1968 3467 ﬁniri
1996 3415 2192 3471 valeat.

605 3487 868 3547 Dominus
913 3492 1058 3548 Deus
1101 3495 1156 3548 in
1201 3512 1297 3551 sua
1344 3499 1718 3556 misericordia
1773 3502 1829 3557 in
1883 3521 1980 3559 sua
2028 3507 2197 3575 proﬁ-

603 3582 812 3640 cientes
831 3584 1111 3645 voluntate
1135 3591 1404 3646 custodiat
1430 3609 1526 3648 vos
1556 3596 1774 3666 ubique,
1803 3595 1974 3652 frater
2001 3600 2200 3659 dulcis-

605 3685 742 3729 sune
759 3671 799 3745 !]
1146 3761 1170 3790 α
1187 3749 1522 3808 EPISTOLA
1551 3754 1661 3810 CV.

956 3858 1024 3897 AD
1063 3859 1313 3901 ARNONEH
1366 3863 1839 3905 ARCIIIEPISCOPUN.

1215 3941 1393 4015 (Anno
1430 3943 1580 4016 800.)

601 4023 874 4109 Lctuade
900 4030 1481 4114 A.monis_visitatione,
1507 4037 1664 4114 _do_le_t
1689 4039 1753 4093 de
1781 4040 2033 4098 brevitate
2060 4061 2196 4114 prte-

672 4101 889 4182 sentite;
921 4099 1240 4182 desiderium
1264 4121 1380 4182 vero
1396 4099 1476 4182 _ad
1499 4106 1736 4182 [grtitiam
1758 4129 1960 4182 semper
1980 4099 2196 4170 ma'nen-

673 4178 775 4222 tem
799 4168 982 4253 elevat.
1015 4171 1224 4253 .lncitqt
1251 4173 1320 4253 ad
1355 4177 1470 4246 pias
1512 4179 1832 4236 hortationes
1863 4168 2195 4253 fratribuaet

674 4240 914 4294 omnibus
942 4242 1122 4297 ovibus
1153 4240 1382 4301 dandas.

673 4327 1041 4386 Desiderando
1081 4335 1383 4405 meritoque
1427 4342 1656 4397 amando
1689 4341 1898 4413 Aquilae
1926 4348 2192 4419 archiepi-

602 4434 785 4489 scopo,
817 4421 1035 4478 humilis
1066 4424 1228 4480 levita
1258 4427 1518 4485 Alcuinus
1549 4433 1798 4488 salutem.

675 4509 837 4564 Multa
864 4512 996 4567 mihi
1026 4514 1252 4570 dulcedo
1274 4517 1375 4572 fuit
1400 4521 1425 4559 ι)
1450 4535 1517 4576 ex
1544 4523 1853 4581 visitatione
1873 4534 2195 4589 veneranda}

603 4601 905 4656 dilectionis
955 4612 1167 4661 vestrae.
1219 4607 1371 4664 Licet
1422 4610 1663 4668 laborem
1704 4615 1953 4686 haberes,
2009 4629 2188 4679 tamen
2217 4637 2362 4706 Diri

601 4706 702 4761 ego
729 4692 943 4761 pietatis
967 4701 1070 4750 tum
1094 4698 1460 4758 consolatione
1487 4704 1807 4774 reficiebar;
1840 4709 1911 4764 ita
1936 4719 2013 4778 ut,
2033 4713 2190 4784 juxta

582 4784 744 4841 'bcati
791 4786 1067 4843 Benedicti
1106 4806 1423 4862 responsum
1451 4808 1499 4862 ο,
1541 4797 1749 4854 Pascha
1780 4817 1867 4857 me
1898 4803 1952 4858 in
1982 4813 2086 4862 tuae
2112 4808 2195 4864 di-

672 4933 698 4960 a
737 4920 1109 5014 Malim.
1139 4925 1246 4994 25;
1280 4931 1522 5000 suppleta
1548 4949 1614 4988 ex
1643 4935 1763 4990 cod.
1798 4936 1992 4995 Salisb.
2029 4941 2188 5014 (Fro-

598 4993 724 5048 ben.
757 4993 914 5062 epist.
947 4994 1060 5065 89).
1235 4993 1240 4994 ν
1346 4993 1398 5000 ”
2030 4993 2072 5014 Γ
2098 4993 2153 4998 η

613 5063 700 5142 Hb
857 5065 1374 5142 visitatione._Hanc
1424 5074 1790 5132 visitationem
1838 5079 2075 5139 Arnonis
2121 5087 2189 5142 ad

573 5133 885 5212 _l}lcliiiium
923 5133 1131 5212 factam
1179 5137 1345 5196 fuisse
1389 5153 1574 5200 censet
1615 5147 1682 5201 cl.
1728 5133 2188 5212 immitius—anno

598 5204 719 5285 800,
756 5205 882 5285 dum
907 5205 1054 5285 Arno
1083 5208 1253 5263 Roma
1287 5212 1354 5265 ad
1381 5230 1564 5285 regem
1597 5218 1865 5284 rediissct,
1899 5204 2188 5282 etadﬂm-o:

602 5275 904 5364 naste'r'ium
937 5275 1653 5364 ‘Elnonensenexciivrrisset
1703 5292 1732 5364 _(
1755 5275 1953 5347 Germ;
1982 5275 2184 5364 Sacri,

599 5354 731 5427 tom.
757 5345 818 5410 ll,
840 5346 893 5400 in
917 5348 1149 5416 Arnone,
1179 5367 1233 5405 n.
1265 5353 1378 5425 33).
1408 5355 1575 5426 Cujus
1597 5345 1966 5428 conjecturam
1989 5345 2188 5426 lﬁé'ée'l

599 5431 833 5485 quimur.

674 5498 695 5525 ο
731 5488 810 5581 Eli:
841 5489 961 5544 Vita
989 5493 1161 5581 sancti
1192 5493 1488 5581 Benedicti,
1530 5502 1671 5568 apud
1706 5512 1951 5560 sanctum
1978 5507 2183 5581 Grego-

601 5557 738 5630 rium
761 5559 1032 5630 Magnum,
1057 5563 1149 5618 lib.
1175 5582 1213 5619 ιι
1240 5557 1543 5623 Moralium.

670 5627 697 5707 ξ
752 5627 1092 5707 ᾼᾴῆεινὶριιηι
1119 5676 1132 5690 .
1161 5677 1194 5707 ν.
1235 5678 1249 5692 .
1295 5639 1671 5696 Adalbertum.
1723 5684 1736 5698 .
1782 5684 1795 5696 .
1840 5643 2178 5707 Guntarium.

599 5697 916 5786 Adhelricus
958 5703 1202 5786 fortassis
1237 5718 1320 5764 est
1347 5710 1610 5786 Aldricus,
1643 5714 1810 5769 abbas
1837 5697 2184 5786 sagit-3E5;

601 5771 880 5850 rariensis,
905 5776 998 5850 qui
1021 5778 1185 5850 etiam
1199 5789 1320 5850 post
1341 5782 1547 5837 obitum
1561 5771 1815 5850 Arnonis,
1831 5771 2180 5850 ann0782_2"ad

601 5840 904 5921 regularem
924 5840 1267 5921 disciplinam
1294 5853 1348 5907 in
1379 5857 1708 5911 monasterio
1737 5840 2024 5916 Eliionensi
2050 5840 2180 5921 con:

604 5909 923 5968 ﬁrmandam
961 5932 993 5970 a
1033 5909 1307 5982 Ludovico
1356 5927 1485 5998 imp.
1542 5909 1776 5986 misSuS—
1799 5940 1882 5987 est
1925 5909 2172 6008 (Maliilf,

2301 2021 2500 2075 tarium
2530 2024 2881 2094 pedisequum
2909 2029 3125 2096 pietatis
3150 2032 3390 2104 vestrm],
3441 2035 3568 2089 huic
3604 2051 3664 2091 se
3711 2037 3882 2108 dignos

2298 2128 2540 2183 praepara
2550 2131 2605 2169 re
2632 2118 2907 2174 charitati.
2936 2120 3115 2179 Suade
3136 2126 3376 2194 paternis
3399 2143 3494 2182 eos
3512 2130 3742 2185 obedire
3763 2148 3882 2202 pra:-

2299 2207 2507 2275 ceptis;
2543 2223 2668 2262 vere
2696 2209 2893 2266 fratres
2919 2229 3040 2269 esse
3070 2215 3124 2269 in
3167 2217 3396 2273 Domino
3440 2228 3494 2273 et
3538 2220 3678 2276 ﬁlios
3707 2223 3882 2280 aeterni

2299 2295 2495 2362 Patris,
2547 2299 2858 2357 colueredes
2905 2303 3107 2360 Christi
3145 2307 3241 2362 Dei
3276 2308 3455 2382 (Rom.
3482 2328 3604 2378 vm,
3637 2313 3752 2384 17).
3780 2314 3882 2371 Non

2299 2389 2481 2445 solum
2504 2394 2762 2462 pastorali
2790 2396 3152 2454 sollicitudine
3189 2402 3340 2456 vobis
3369 2403 3454 2457 his
3477 2404 3592 2459 haec
3621 2407 3882 2462 suadenda

2297 2491 2442 2548 sunt,
2485 2483 2579 2538 sed
2605 2487 2858 2542 omnibus
2892 2490 3072 2560 gregis
3101 2492 3198 2546 tibi
3225 2494 3501 2548 commissi
3529 2496 3729 2553 ovibus
3755 2499 3884 2570 inge-

2297 2574 2466 2627 renda
2481 2583 2625 2640 sunt,
2651 2577 2704 2631 in
2727 2588 2911 2634 sancta
2931 2580 3199 2638 charitate
3213 2586 3534 2640 etcastitate
3553 2602 3880 2658 permanere.

2299 2664 2533 2722 Mundus
2574 2670 2630 2722 in
2676 2671 2907 2742 maligno
2951 2675 3150 2744 positus
3197 2686 3272 2732 est
3315 2676 3367 2748 (Ι
3387 2678 3551 2734 Joan.
3576 2698 3634 2745 v,
3664 2683 3795 2753 i9);
3838 2691 3886 2739 et

2297 2757 2450 2812 multi
2480 2759 2545 2814 de
2571 2761 2815 2816 veritatis
2847 2763 2934 2817 via
2971 2772 3028 2818 et
3063 2764 3187 2820 ﬁdei
3219 2770 3504 2839 praeceptis
3528 2786 3587 2825 se
3622 2781 3883 2840 avertunt,

2297 2850 2496 2908 samulo
2523 2853 2755 2923 amplius
2785 2856 3084 2912 servientes
3105 2875 3269 2928 quam
3297 2861 3408 2916 Deo
3434 2879 3447 2914 :
3494 2878 3604 2918 non
3642 2867 3884 2921 conside-

2297 2951 2483 2997 rantes
2515 2944 2732 2999 oculum
2779 2947 2973 3004 divinae
3023 2951 3326 3020 majestatis
3367 2969 3529 3024 super
3566 2971 3664 3012 eos
3701 2958 3888 3029 ubique

2296 3033 2539 3104 vigilare,
2569 3036 2662 3104 qui
2685 3038 2964 3109 unicuique
2995 3040 3297 3114 redditurus
3323 3054 3400 3100 est
3421 3047 3716 3102 secundum
3747 3067 3888 3120 opera

2298 3146 2395 3183 sua
2430 3129 2648 3202 (Matth.
2681 3149 2792 3197 xvr,
2816 3134 2930 3204 27).
2975 3135 3590 3203 Quocircahclarissime
3621 3145 3777 3199 verbi
3802 3143 3885 3199 Dei

2299 3224 2652 3294 prmdicator,
2709 3227 2846 3281 insta
2895 3239 3210 3300 opportune,
3261 3233 3559 3303 importune
3595 3235 3715 3307 ’(11
3763 3237 3884 3290 Tim.

2302 3331 2378 3380 1v,
2424 3316 2501 3387 2),
2558 3316 2687 3387 quia
2743 3318 2962 3388 plurimi
3009 3336 3156 3376 sanm
3207 3321 3467 3394 resistunt
3516 3327 3802 3394 doctrinae,
3838 3345 3890 3385 se

2301 3417 2570 3472 amantes,
2629 3424 2736 3464 non
2785 3412 3113 3482 sempiterna
3160 3425 3466 3484 quaarentes
3521 3436 3535 3472 :
3584 3435 3657 3474 ex
3708 3423 3886 3492 quibus

2301 3509 2535 3570 quantos
2570 3503 2772 3568 valeas,
2805 3504 2984 3558 divina
3013 3506 3313 3575 opitulante
3341 3509 3540 3580 gratia,
3570 3511 3640 3566 de
3671 3513 3888 3569 flammis

2299 3606 2430 3646 erue
2471 3603 2745 3664 perpetuae
2790 3596 3140 3666 perditionis,
3194 3609 3249 3655 et
3299 3617 3567 3679 congrega
3609 3605 3667 3660 in
3719 3610 3888 3664 caulas

2298 3682 2504 3739 Christi
2542 3687 2745 3754 ovium,
2773 3698 3040 3757 quatenus
3060 3707 3124 3746 ex
3149 3691 3364 3749 illorum
3395 3695 3568 3751 salute
3593 3705 3692 3753 tua
3725 3703 3889 3756 multi-

2298 3777 2528 3846 plicetur
2573 3780 2743 3850 gloria
2780 3781 2836 3836 in
2875 3782 2963 3837 die
3013 3784 3228 3840 Domini
3279 3789 3450 3842 nostri
3495 3787 3626 3846 Jesu
3676 3792 3885 3848 Christi.

2368 3870 2753 3928 Paternitatem
2775 3883 3010 3930 vestram
3035 3877 3210 3946 pietas
3233 3877 3413 3935 divina
3441 3897 3634 3953 regere
3655 3897 3714 3941 et
3745 3887 3892 3957 proti-

2298 3977 2424 4017 cere
2469 3962 2636 4018 faciat
2665 3966 2719 4019 in
2743 3966 2903 4022 domo
2938 3969 3035 4024 Dei
3062 3986 3236 4040 usque
3284 3973 3341 4028 in
3383 3974 3525 4031 diem
3569 3978 3888 4048 perfectum,

2297 4051 2646 4111 dilectissime
2670 4056 2849 4112 Pater.

2729 4170 2882 4242 131
2918 4184 2941 4212 ο
2968 4173 3305 4232 EPISTOLA
3329 4176 3463 4234 CVI.

2820 4281 2887 4318 AD
2915 4281 3134 4322 DOINUI
3163 4284 3360 4325 REGI-1M.

2915 4356 3092 4444 (Anno
3117 4360 3268 4434 800.)

2483 4445 2824 4516 Epitaphium
2857 4446 2878 4486 ί
2911 4447 3227 4521 Liodgardw
3254 4452 3464 4524 femina:
3493 4457 3706 4515 nobilis.

2363 4545 2592 4601 Domino
2620 4549 2863 4617 piissimo
2885 4559 2937 4606 et
2965 4555 3193 4623 paciﬁco
3222 4558 3336 4628 regi
3358 4565 3414 4613 et
3440 4565 3894 4630 praestantissimo

2365 4823 2593 4879 Domine
2613 4824 2762 4895 Jesu,
2793 4845 2917 4899 spes
2942 4840 3149 4900 nostra,
3181 4835 3326 4892 salus
3351 4847 3562 4906 nostra,
3594 4844 3895 4899 consolatio

2292 4954 2388 5037 lib.
2455 4973 2582 5037 xxix
2616 4959 2828 5037 _Annal.
2881 4979 2935 5017 n.
2974 4966 3120 5037 βο).
3174 4968 3490 5026 Adalbertus
3549 4973 3682 5031 item
3728 4980 3894 5035 abbas

2292 5024 2687 5119 ferrariensis,
2723 5048 2907 5119 lquem
2955 5024 3194 5119 siculini
3219 5048 3280 5119 et_

2292 5095 2458 5153 fuisse
2481 5101 2634 5184 testis
2659 5111 2743 5184 est
2764 5095 2956 5159 auctor
2977 5108 3111 5162 Vitae
3132 5109 3344 5184 Alcuini
3369 5095 3890 5184 (Lilia—liillTthT-S—g:

2290 5184 2412 5255 stac.
2444 5171 2745 5255 iv'Bened.,
2789 5186 2930 5255 part.
2963 5194 3003 5241 ι,
3039 5195 3161 5248 pag.
3216 5171 3458 5255 167).\ls
3507 5188 3606 5243 hoc
3634 5171 3897 5246 iloco‘dﬁi-V-

2291 5248 2436 5326 ser'te
2464 5241 3138 5326 Maguscognominaturf
3172 5241 3368 5326 utjam
3407 5241 3628 5314 dubium
3805 5241 3892 5326 sit,

2290 5311 2508 5403 eodemA
2535 5311 2773 5403 nomine
2799 5317 2852 5371 in
2878 5311 3146 5403 epistolis
3187 5311 3338 5403 7Q'et
3375 5327 3444 5403 77A
3487 5311 3774 5397 (nunc—QVI:

2289 5380 2432 5474 hunc
2478 5382 2830 5474 Adalbertum
2876 5380 3172 5474 indigitari.
3219 5380 3896 5474 GuntaqqupZ-iii'sétiddé

2287 5450 2544 5540 Arnqlii‘s,
2577 5457 2706 5540 quis.
2723 5459 2821 5540 sit,
2843 5450 3181 5540 exploratum
3208 5481 3317 5521 non
3346 5450 3537 5525 habeo.

2364 5525 2519 5647 IE2
2565 5539 2587 5564 ο
2613 5527 2755 5582 Edit.
2784 5525 3036 5615 Quercet.
3066 5533 3127 5587 21
3158 5551 3224 5618 ex
3252 5555 3353 5593 ms.
3389 5540 3647 5625 (Froben.
3666 5543 3798 5619 90.)
3858 5617 3872 5629 .

2362 5593 2382 5632 ί
2453 5596 2750 5688 εἰρᾴρξζτέωε
2792 5602 2898 5656 Seu
2925 5603 3227 5686 Liutgardis
3272 5626 3456 5665 uxoris
3475 5612 3648 5688 Caroli
3684 5615 3894 5688 Magni,

2287 5679 2406 5733 qua:
2453 5665 2702 5746 Turonis,
2732 5687 2840 5740 quo
2883 5689 3008 5728 cum
3049 5665 3380 5746 imperatore
3422 5665 3683 5738 orationis
3725 5665 3896 5743 caiisa

2284 5745 2539 5827 venerat,
2582 5740 2807 5823 adversa
2863 5740 3172 5827 valetudine
3217 5762 3473 5827 correpta
3525 5755 3650 5827 obiit
3710 5740 3902 5827 pridie

2281 5805 2466 5934 si???
2511 5807 2657 5866 Junii
2700 5828 2842 5870 anno
2884 5816 3008 5872 800.
3052 5818 3154 5889 (Ex
3199 5805 3407 5878 Annal.r
3428 5805 3901 5886 Loiselianlismoi

2409 5907 2452 5934 ,ι
2935 5925 2947 5934 ,

2409 5907 2452 5950 ι)
2935 5925 2947 5936 ο
