4056 6328
190 343 291 424 ,821

1622 345 2004 409 ΕΡΙὸΤΟῑηΕ.

3329 351 3437 409 522

196 475 382 533 nostra,
412 463 502 537 qui
529 459 946 520 clementissima
970 472 1104 520 voce
1126 461 1375 520 omnibus
1401 463 1500 520 sub
1518 464 1757 534 pondere
1782 468 1836 524 Α
1859 460 2115 516 misertus
2154 456 2341 523 fueris,
2372 456 2631 512 miserere
2673 453 2902 512 Domine
2945 463 3205 511 creaturae
3232 466 3350 523 tuac,
3381 469 3442 515 ut

195 560 460 630 cujuslibet
521 557 724 612 laboris
777 557 1114 628 gementibus
1177 557 1465 621 mandasti,
1518 557 1701 612 dicens
1741 573 1754 610 :

202 651 363 707 Venite
387 650 456 704 ad
482 666 586 714 me,
621 664 795 702 omnes
822 648 912 718 qui
953 647 1202 702 laboratis
1227 656 1276 702 et
1304 648 1503 701 onerati
1538 648 1678 712 estis,
1710 655 1758 700 et

195 761 272 815 ego
313 741 540 810 reﬁciam
567 757 652 794 vos
701 738 915 810 (Matth.
947 756 1023 805 xr,
1051 739 1163 809 28).
1215 739 1353 806 Quid
1398 741 1501 795 bac
1527 739 1760 810 promis-

193 837 323 891 sione
355 832 688 902 jucundius?
729 834 866 902 Quid
913 833 1014 889 hac
1042 849 1136 905 spe
1168 834 1419 890 beatius?
1461 833 1654 888 Veniat
1689 832 1758 887 ad

191 941 297 982 eum
344 927 522 981 omnis
567 929 745 982 anima
792 944 1049 994 mmrens,
1102 941 1261 982 omne
1304 941 1400 980 cor
1442 924 1753 989 contritum,

187 1019 395 1074 fundens
422 1019 696 1090 lacrymas
721 1020 776 1074 in
819 1028 1115 1091 conspectu
1141 1015 1525 1074 misericordiae
1573 1015 1751 1081 illius;

185 1125 340 1181 neque
365 1109 666 1166 abscondat
708 1111 932 1166 vulnera
960 1127 1057 1166 sua
1100 1109 1330 1175 medico,
1359 1107 1452 1177 qui
1482 1107 1592 1161 ait:
1641 1105 1754 1176 Ego

185 1203 416 1268 occidam,
463 1214 510 1258 et
549 1205 711 1258 vivere
736 1191 967 1274 faciam:
1007 1205 1314 1275 percutiam,
1345 1211 1394 1257 et
1421 1218 1513 1272 ego
1559 1201 1755 1255 sanabo

183 1290 338 1354 (Deut.
371 1308 550 1358 xxxii,
575 1293 686 1366 59).
738 1293 995 1366 Flagellat
1038 1294 1190 1348 miris
1218 1293 1410 1357 modis,
1457 1301 1516 1347 ut
1545 1291 1756 1347 erudiat

182 1380 323 1447 ﬁlios,
356 1399 462 1454 pro
504 1401 736 1455 quorum
785 1386 955 1442 salute
999 1386 1152 1439 unico
1183 1401 1287 1439 non
1333 1384 1556 1454 pepercit
1587 1381 1751 1436 Filio.

183 1472 295 1540 Quis
332 1488 521 1532 contra
564 1494 679 1544 nos,
722 1478 767 1533 si
808 1478 949 1533 Deus
995 1496 1088 1550 pro
1118 1479 1264 1533 nobis
1305 1476 1480 1548 (Rom.
1513 1491 1629 1541 vni,
1662 1474 1752 1537 52,

178 1566 290 1638 '51)?
322 1567 460 1634 Quis
502 1569 806 1634 contristat,
837 1570 882 1624 si
913 1569 1054 1625 Deus
1084 1568 1362 1624 laetiﬁcat?
1397 1566 1554 1632 Nolo,
1585 1582 1615 1619 a
1646 1565 1755 1619 Deo
1775 1594 1814 1631 Δτέ

179 1659 368 1714 dicatur
419 1659 556 1715 tibi:
589 1658 634 1715 Ο
677 1661 891 1715 anima!
942 1661 1070 1730 quid
1117 1659 1326 1730 gemis?
1373 1658 1501 1728 quid
1546 1655 1754 1726 plangis

175 1748 352 1816 judicia
379 1751 542 1805 mea?
567 1751 680 1822 Ego
707 1752 848 1815 dedi,
877 1766 976 1822 ego
1005 1749 1199 1803 abstuli
1229 1748 1370 1817 (Job.
1406 1765 1444 1812 ι,
1475 1747 1587 1818 21).
1614 1746 1751 1812 Quid

179 1843 326 1898 habes
367 1845 574 1914 absque
623 1857 708 1897 me
739 1841 791 1914 (Ι
823 1841 944 1896 Cor.
977 1859 1049 1907 iv,
1077 1839 1167 1912 7)?
1213 1840 1322 1896 Cur
1359 1840 1454 1894 tibi
1481 1839 1746 1908 displicet,

176 1935 300 2003 quod
326 1936 462 1990 mihi
489 1936 702 2007 placet?
741 1936 953 2000 Omnia,
986 1951 1106 2006 quae
1139 1936 1323 1999 habes,
1357 1949 1476 1988 mea
1507 1942 1633 1989 sunt
1654 1933 1750 1988 be-

174 2025 368 2093 neﬁcia,
399 2044 508 2084 non
558 2036 648 2083 tua
680 2029 916 2097 propria.
959 2027 1033 2082 Te
1072 2028 1244 2098 ipsam
1287 2042 1441 2097 para,
1472 2035 1533 2080 ut
1577 2025 1752 2095 possis

167 2117 424 2186 particeps
453 2132 570 2174 esse
596 2119 944 2174 beatitudinis
969 2133 1121 2173 meae.
1147 2118 1377 2187 Propter
1401 2127 1452 2172 te
1473 2117 1748 2182 descendi,

159 2213 205 2259 et
224 2208 440 2277 patieba
453 2225 500 2273 r,
533 2225 651 2279 qua:
677 2209 852 2279 legisti
881 2209 934 2262 in
965 2207 1160 2261 litteris
1200 2209 1358 2274 meis,‘
1402 2216 1460 2260 ut
1489 2207 1750 2277 tibi-"prte-

153 2313 325 2367 parem
355 2302 704 2356 mansionem
731 2302 785 2354 in
815 2301 973 2355 domo
999 2299 1175 2354 Patris
1207 2301 1332 2354 mei.
1365 2299 1482 2354 Noli
1511 2300 1746 2366 tardare,

147 2405 290 2446 soror
334 2408 494 2454 mea,
526 2407 720 2460 sponsa
749 2407 890 2452 mea,
929 2407 1109 2461 surge,
1150 2407 1395 2460 propera,
1439 2401 1494 2446 et
1519 2392 1642 2445 veni
1681 2391 1749 2446 ad

147 2484 324 2551 epulas
351 2482 556 2552 gloria:
574 2497 709 2536 mea:
742 2480 761 2550 (
789 2479 942 2534 Cant.
973 2497 1036 2545 ιι,
1064 2480 1174 2551 10).
1206 2480 1392 2552 Magna
1419 2490 1565 2546 sunt,
1588 2483 1747 2536 beata

150 2581 283 2638 sunt,
337 2572 796 2642 incomparabilia
839 2581 962 2626 sunt
1008 2588 1128 2642 quae
1171 2573 1470 2642 prteparavi
1517 2573 1635 2628 tibi.
1684 2574 1749 2628 Et

155 2662 392 2734 quamvis
417 2678 619 2733 magna
651 2663 777 2728 sint,
821 2664 929 2719 noli
959 2671 1014 2717 tu
1043 2671 1223 2718 tamen
1252 2672 1504 2728 mstuare,
1536 2665 1620 2718 vel
1651 2665 1747 2718 du-

159 2757 320 2813 bitare
343 2756 414 2811 de
441 2756 639 2826 pretio.
691 2755 934 2827 Regnum
963 2765 1115 2811 tuum
1147 2766 1352 2812 tantum
1381 2758 1541 2824 valet,
1572 2775 1743 2828 quan-

165 2856 266 2902 tum
292 2856 350 2902 tu
377 2861 462 2902 es.
499 2846 574 2902 Te
615 2848 788 2916 ipsam
815 2848 903 2914 da,
933 2855 988 2903 et
1010 2848 1233 2904 habebis
1263 2849 1411 2904 illud.
1440 2850 1554 2905 Rex
1580 2859 1742 2905 acter-

166 2956 254 2995 nus
275 2939 609 3009 concupiscit
633 2940 865 3010 speciem
895 2948 1061 2994 tuam.
1097 2939 1213 2995 Non
1241 2942 1310 2996 sit
1350 2943 1402 2996 in
1430 2950 1481 2996 te
1511 2959 1640 3012 ruga
1660 2942 1743 2996 vel

167 3031 360 3106 macula
391 3029 608 3101 (Ephes.
640 3046 693 3096 v,
723 3029 835 3101 27).
886 3030 944 3086 Si
988 3031 1118 3100 quid
1145 3031 1384 3102 pulveris
1410 3047 1477 3086 ex
1523 3041 1740 3086 terrena

169 3122 483 3180 habitatione
510 3125 800 3180 adhaescrit
827 3124 943 3190 tibi,
995 3124 1249 3195 lacrymis
1276 3125 1411 3187 lava,
1440 3133 1499 3178 ut
1527 3135 1578 3179 te
1621 3141 1742 3195 spe-

170 3218 370 3283 ciosam,
417 3218 708 3289 pulchram
751 3227 806 3273 et
830 3217 1236 3274 desiderabilem
1284 3219 1540 3285 inveniat,
1568 3221 1659 3290 qui
1689 3229 1743 3274 te

168 3310 505 3379 concupiscit.
554 3309 672 3364 Noli
714 3311 780 3364 de
807 3309 1030 3365 alterius
1074 3311 1428 3382 ingemiscere
1467 3309 1742 3376 felicitate,

168 3416 267 3472 qua:
293 3402 550 3472 spinosos
593 3401 767 3455 ﬁnivit
814 3401 1044 3469 labores,
1076 3410 1132 3457 et
1157 3403 1357 3457 volavit
1404 3405 1470 3458 ad
1499 3419 1621 3458 eum
1652 3404 1744 3473 qui

168 3488 273 3547 fecit
292 3494 454 3548 illam.
497 3492 642 3547 Talis
671 3502 773 3560 est,
803 3501 924 3563 post
967 3496 1288 3549 sententiam
1312 3496 1499 3565 prima:
1527 3497 1748 3550 damna-

169 3585 322 3654 tionis,
379 3587 629 3643 conditio
684 3585 988 3658 fragilitatis
1043 3596 1262 3644 nostrze.
1325 3587 1626 3653 Nascimur,
1687 3597 1746 3644 ut

167 3683 436 3738 moriamur
466 3699 488 3748 ;
518 3682 802 3748 morimur,
830 3691 889 3737 ut
917 3682 1180 3737 vivamus.
1211 3680 1462 3752 Nunquid
1491 3698 1596 3737 non
1623 3681 1745 3737 fcli-

167 3771 261 3828 cior
286 3783 364 3830 est
389 3775 528 3830 vita:
552 3774 828 3845 ingressus
856 3790 1018 3845 quam
1065 3773 1300 3829 mortis?
1342 3773 1536 3828 Fertur
1560 3787 1747 3843 quem-

169 3863 270 3919 dam
286 3864 657 3936 respondisse,
680 3866 808 3921 dum
830 3868 894 3920 dc
917 3867 1010 3920 ﬁlii
1034 3866 1118 3920 sui
1139 3865 1520 3922 consolabatur
1540 3874 1714 3921 morte
1728 3883 1740 3895 ·

170 3952 378 4013 Sciebam
421 3973 538 4023 me,
571 3957 764 4028 inquit,
793 3957 1065 4012 mortalem
1099 3958 1356 4028 genuisse.
1403 3956 1514 4012 Cur
1538 3957 1746 4027 plangis

169 4049 287 4115 quod
327 4051 513 4106 vitare
560 4065 664 4104 non
722 4049 1057 4119 possumus?
1103 4047 1255 4117 Smpe
1300 4047 1454 4103 dolor
1505 4055 1746 4116 tempore

169 4141 435 4208 sanabitur,
473 4141 571 4213 qui
602 4141 812 4196 ratione
842 4156 946 4196 non
976 4139 1195 4209 poterit.
1245 4139 1518 4193 Mittamus
1548 4154 1743 4192 munu-

169 4231 293 4285 scula
313 4233 460 4288 chari
475 4231 608 4286 tatis
631 4239 760 4301 post
788 4230 984 4285 charos
1015 4237 1248 4284 nostros.
1293 4228 1595 4283 Olferamus
1622 4242 1745 4280 mu-

169 4334 253 4375 nus
277 4323 458 4378 salutis
501 4331 701 4376 nostra:
725 4336 823 4390 pro
861 4319 987 4375 illis.
1035 4318 1388 4374 Misereamur
1423 4317 1653 4382 miseris,
1687 4325 1745 4371 ut

171 4413 462 4471 misereatur
503 4415 608 4470 illis
635 4413 795 4468 Deus.
827 4411 980 4479 Quod
1005 4426 1105 4482 pro
1133 4411 1238 4467 illis
1277 4411 1334 4466 in
1360 4410 1464 4466 ﬁde
1491 4409 1742 4475 facimus,

171 4505 356 4572 proﬁcit
382 4517 436 4563 et
464 4506 650 4562 nobis.

163 4651 168 4656 .
233 4599 441 4655 Domine
484 4600 644 4663 Deus,
679 4597 806 4654 Jcsu
835 4597 981 4653 mitis
1007 4604 1062 4651 et
1103 4595 1432 4658 misericors,
1482 4593 1744 4648 miserere

179 4687 296 4747 illius
324 4710 487 4765 quam
519 4691 787 4747 abstulisti
813 4706 844 4746 a
876 4689 1048 4745 nobis.
1082 4688 1287 4744 Exaudi
1314 4703 1413 4742 nos
1434 4701 1534 4756 per
1572 4685 1745 4741 medi-

177 4784 330 4840 cinam
371 4784 660 4844 vulnerum
710 4794 1023 4840 nostrorum
1072 4781 1275 4856 [Forte,
1325 4780 1586 4853 tuorum],
1631 4795 1749 4850 quae

178 4879 402 4946 pependit
445 4881 501 4934 in
541 4877 708 4948 ligno,
754 4886 808 4932 et
840 4877 1032 4932 sedens
1060 4874 1128 4928 ad
1169 4876 1449 4930 dexteram
1491 4881 1640 4927 tuam
1666 4874 1750 4926 in—

179 4968 383 5037 terpellat
407 4987 502 5041 pro
537 4969 684 5023 nobis
706 4967 884 5042 (Rom.
914 4983 1032 5032 vm,
1057 4965 1170 5038 54).
1203 4965 1330 5020 Scio
1354 4966 1570 5036 quidem
1594 4965 1744 5018 mise'

181 5059 443 5118 ricordiam
490 5072 662 5127 tuam,
708 5062 799 5133 qui
829 5061 911 5117 vis
955 5077 1132 5115 omnes
1161 5060 1396 5114 homines
1436 5058 1605 5113 salvos
1633 5050 1742 5126 ﬁeri

179 5150 223 5219 (1
246 5153 368 5208 Tim.
399 5173 461 5223 ιι,
485 5155 562 5228 4).
591 5155 815 5210 Dimitte
839 5155 918 5210 illi
947 5155 1129 5210 debita
1169 5170 1266 5209 sua
1293 5153 1510 5225 (Matth.
1535 5169 1609 5216 vt,
1635 5149 1748 5222 12),

181 5258 490 5318 quzecnnque
531 5247 804 5303 contraxit
847 5254 970 5316 post
1020 5261 1216 5316 aquam
1261 5245 1472 5300 salutis.
1504 5243 1748 5307 Dimitte,

180 5333 384 5395 Domine
411 5343 424 5395 !
456 5341 706 5396 dimitte!
741 5340 1111 5409 deprecamur.
1144 5334 1224 5391 Ne
1255 5336 1426 5390 intres
1458 5350 1579 5390 cum
1611 5349 1675 5389 ea
1698 5333 1753 5388 in

177 5423 452 5494 judicium!
507 5431 866 5504 Superexaltet
905 5428 1267 5484 misericordia
1293 5429 1349 5481 in
1387 5427 1594 5498 judicio
1635 5427 1755 5500 (Ja-

183 5520 281 5574 cob.
323 5539 384 5589 ιι,
431 5524 542 5596 15).
595 5522 731 5596 Nam
782 5522 995 5592 eloquia
1045 5529 1137 5576 tua
1182 5534 1312 5574 vera
1365 5525 1513 5584 sunt,
1560 5517 1756 5588 quibus

181 5613 457 5678 promisisti
479 5615 916 5671 misericordibus
929 5611 1355 5668 misericordiam
1371 5608 1589 5682 (Matth.
1605 5627 1656 5676 v,
1676 5609 1750 5682 7);

183 5703 309 5770 quod
336 5713 396 5759 ut
438 5716 639 5774 essent,
689 5706 912 5762 dedistis
956 5706 1055 5761 eis.
1107 5703 1208 5771 Qui
1255 5701 1623 5770 misereberis,
1669 5703 1755 5759 cui

247 5827 272 5858 ι
297 5816 437 5875 Edit.
471 5819 718 5888 Quercct.
749 5820 844 5891 22,
875 5835 1071 5879 ex.ms.
1104 5815 1362 5889 (Froben.
1393 5812 1511 5886 9i.)

1863 554 2045 608 laudet
2071 560 2124 608 te
2163 560 2410 606 creatura
2459 557 2567 615 tua,
2597 557 2651 605 et
2687 557 2865 604 cantet
2903 550 3299 606 misericordias
3324 561 3444 608 tuas

1859 644 1914 699 in
1941 655 2201 700 mternum
2230 663 2242 697 :
2272 644 2338 697 Et
2362 643 2560 705 anima,
2591 658 2709 711 qua:
2750 641 3118 711 supervictnra
3148 643 3269 707 erit,
3297 659 3442 697 sem-

1858 752 1954 806 per
1981 737 2158 792 dicat:
2189 734 2444 805 Laudabo.
2468 734 2634 786 Deum
2658 749 2826 786 meum
2850 735 2904 786 in
2930 733 3033 786 vita
3057 749 3192 798 mea,
3215 731 3438 804 psallam

1857 825 1968 880 Deo
1996 842 2130 889 meo,
2159 823 2391 895 quandiu
2423 839 2510 876 ero
2543 819 2714 893 (Psal.
2747 835 2900 885 cxnv,
2937 819 3011 891 i).

1930 940 2156 1010 Semper
2189 941 2240 993 in
2266 949 2526 994 mternum
2558 938 2724 1002 vivat,
2753 936 2982 991 feliciter
3009 946 3156 1006 opto,

1997 1031 2134 1085 Filia
2164 1030 2326 1085 chara
2353 1029 2504 1092 mihi,
2538 1028 2626 1092 sit,
2661 1043 2808 1097 rogo,
2841 1028 3004 1082 chara
3027 1027 3154 1083 Deo.

2344 1156 2369 1184 ε
2412 1140 2747 1195 EPISTOLA
2792 1140 2945 1195 CVII;

2372 1229 2438 1267 AD
2475 1227 2690 1266 DOMNUM
2731 1227 2927 1267 REGEI.

2127 1301 2493 1358 Consolatoria
2519 1319 2612 1371 pro
2636 1309 2802 1354 morte
2828 1289 3171 1371 Liudgardw.

1926 1398 2153 1453 Domino
2180 1395 2517 1451 desiderabili
2545 1403 2599 1449 et
2626 1409 2752 1447 vere
2780 1391 3091 1448 beatissimo
3133 1393 3299 1449 David
3330 1392 3443 1465 regi

1856 1487 2082 1542 Flaccus
2109 1487 2335 1540 Albinus
2360 1485 2608 1540 salutem.

1928 1576 2063 1630 Dum
2089 1585 2283 1631 vestrae
2307 1573 2563 1644 potentia:
2592 1571 2878 1643 gloriosam
2907 1571 3306 1636 sublimitatem,
3333 1587 3440 1627 non
3531 1641 3540 1650 .

1855 1669 2111 1740 periturae
2136 1667 2402 1723 Chaldazis
2423 1664 2652 1719 flammis
2672 1664 2990 1729 Jerusalem,
3017 1665 3284 1733 imperare
3307 1664 3438 1729 scio,

1858 1762 1952 1816 sed
1980 1770 2254 1830 perpetuac
2282 1758 2433 1828 pacis
2459 1757 2731 1812 civitatem
2751 1757 2988 1825 pretioso
3013 1756 3272 1826 sanguine
3294 1754 3443 1810 (ΖΜ-ἰν

1857 1855 1925 1910 sti
1955 1861 2318 1908 constructam
2348 1865 2537 1922 regere
2578 1859 2741 1919 atque
2770 1849 3092 1916 gubernare,
3125 1846 3277 1916 cujus
3305 1846 3440 1915 lapi-

1853 1945 1946 2002 des
1977 1945 2084 1998 vivi
2111 1945 2177 1998 de
2203 1941 2480 1996 charitatis
2509 1941 2712 2011 glutine
2754 1938 3102 2008 colliguntur,
3127 1944 3183 1990 et
3206 1937 3443 1992 cmlestis

1851 2037 2063 2092 aediﬁcii
2120 2035 2460 2088 altitudinem
2515 2047 2582 2086 ex
2635 2030 2862 2085 diversis
2910 2029 3167 2082 virtutum
3216 2028 3442 2097 gemmis

1849 2129 1993 2184 muri
2017 2136 2367 2196 consurgunt.
2395 2126 2471 2179 De
2499 2139 2603 2193 qua
2633 2122 2915 2176 Psalmista
2941 2121 3015 2174 ait
3039 2136 3054 2174 :
3102 2119 3285 2190 Diligi]
3327 2120 3438 2173 Do-

1849 2224 2023 2275 minus
2053 2229 2230 2290 portas
2279 2217 2428 2281 Sion,
2466 2231 2621 2286 super
2668 2214 2842 2267 omnia
2890 2211 3229 2265 tabernacula
3274 2210 3438 2264 Iacob

1851 2311 2076 2382 (Psalm.
2105 2324 2319 2373 Lxxxw,
2352 2307 2429 2375 2).
2463 2307 2529 2360 Et
2558 2305 2684 2360 alibi
2713 2323 2725 2356 :
2759 2303 2911 2356 Mons
2939 2301 3069 2356 Sion
3091 2299 3256 2354 latera
3279 2300 3442 2368 Aqui-

1847 2401 2002 2466 Ionis,
2030 2400 2227 2459 civitas,
2253 2398 2386 2466 regis
2432 2395 2607 2464 magni
2657 2391 2884 2463 (Psalm.
2934 2407 3100 2453 xnvu,
3154 2390 3233 2458 5).
3286 2388 3438 2445 Unde

1849 2509 1970 2564 ego,
2021 2492 2242 2546 minima
2299 2489 2544 2558 quaedam
2602 2485 2760 2554 hujus
2807 2483 3044 2538 civitatis
3091 2482 3288 2550 portio,
3343 2481 3442 2536 sub

1849 2585 2084 2656 tegmine
2109 2582 2326 2652 pietatis
2355 2587 2552 2633 vestrae
2581 2577 2932 2639 constitutus,
2957 2572 3024 2627 ad
3051 2573 3439 2642 jucunditatem

1849 2676 2015 2731 animi
2044 2675 2209 2729 vestri
2254 2670 2736 2728 debita-servitute
2763 2668 2976 2736 saepius
3008 2665 3274 2720 litterulas
3309 2665 3440 2720 diri-

1848 2784 1975 2839 gere
2000 2768 2189 2823 studeo
2215 2784 2228 2833 ;
2271 2763 2498 2820 oﬂiciale
2524 2761 2825 2817 devotionis
2851 2767 3049 2816 nostra:
3077 2775 3292 2823 munus,
3335 2773 3441 2813 non

1846 2859 2215 2914 necessarium
2264 2853 2605 2910 abundantiae
2641 2860 2876 2915 vestrae;
2928 2851 3150 2919 cupiens
3179 2848 3442 2904 vulnerati

1847 2953 2012 3008 animi
2034 2950 2278 3014 mterori,
2301 2963 2401 3017 per
2421 2953 2612 3000 vestrae
2630 2942 3014 2999 consolationis
3033 2941 3439 3011 benignitatem,

1845 3045 2086 3102 mederi:
2120 3044 2244 3113 quia
2273 3041 2468 3112 saepius
2494 3037 2717 3109 probavi
2763 3035 3084 3089 familiarem
3130 3039 3442 3087 mansuetu-

1845 3137 2026 3193 dinem
2053 3133 2397 3192 sublimitatis
2424 3139 2638 3195 vestraa,
2669 3127 2951 3182 humilium
2989 3124 3265 3180 doloribus
3293 3137 3440 3177 com-

1845 3231 1976 3301 pati.
2000 3228 2136 3285 Nam
2159 3235 2214 3282 et
2243 3227 2356 3298 ipse
2403 3223 2681 3286 Dominus,
2713 3220 2879 3275 totius
2905 3216 3026 3274 fons
3054 3214 3440 3272 consolationis

1844 3332 1900 3378 et
1934 3323 2126 3378 salutis
2153 3337 2276 3376 cum
2309 3317 2560 3372 ﬂentibus
2587 3313 2737 3369 flevit
2767 3312 3021 3376 amicum,
3064 3325 3224 3379 quem
3271 3307 3442 3365 susci-

1845 3425 2060 3471 taturus
2113 3414 2260 3469 venit
2311 3411 2492 3482 (Joan.
2544 3424 2619 3474 χι,
2673 3407 2763 3473 55,
2807 3403 2918 3477 55).
2969 3403 3199 3460 aliorum
3244 3401 3438 3468 dolori,

1838 3507 1990 3578 juxta
2020 3505 2372 3562 humanitatis
2401 3503 2673 3567 affectum,
2703 3513 3017 3569 compassus
3055 3497 3250 3566 magis,
3277 3508 3440 3565 quam

1845 3601 2005 3657 amici
2033 3607 2258 3654 mortem
2295 3599 2503 3666 lugens,
2551 3594 2806 3656 maxime,
2851 3590 2976 3660 q‘uia
3021 3585 3268 3645 eumdem
3304 3585 3438 3639 hora

1844 3693 2111 3747 victurum
2141 3688 2479 3760 praesciebat.
2526 3684 2648 3738 Filii
2700 3683 2865 3738 lsrael
2901 3681 3118 3752 Moysen
3161 3679 3438 3748 lugebant,

1845 3783 1941 3840 sed
1971 3783 2022 3837 in
2050 3782 2211 3851 Lege,
2235 3796 2342 3835 non
2366 3779 2419 3832 in
2443 3776 2736 3847 Evangelia
2761 3773 2938 3847 (Deut.
2974 3787 3162 3836 xxxiv,
3192 3770 3268 3841 8).
3307 3766 3434 3824 Ideo

1845 3875 2020 3939 Iesus,
2067 3879 2286 3944 propter
2335 3876 2735 3926 sacramentum
2779 3863 3035 3929 nominis,
3083 3877 3191 3916 non
3240 3860 3436 3930 legitur

1846 3968 2098 4039 lacrymis
2118 3965 2300 4036 populi
2338 3971 2657 4035 prosecutus
2681 3974 2801 4014 esse
2830 3975 2844 4023 ;
2876 3957 2971 4012 sed
3011 3955 3165 4024 quasi
3197 3955 3440 4008 victurus

1847 4060 2042 4112 iterum
2067 4063 2190 4125 post
2226 4061 2475 4108 mortem.
2516 4050 2573 4104 ln
2600 4047 2822 4104 exordio
2870 4044 3120 4100 Iudicum
3159 4043 3311 4113 juxta
3352 4043 3439 4096 hi-

1847 4149 2027 4204 storiae
2057 4147 2320 4208 ordinem,
2351 4148 2763 4212 repraesentatus
2789 4139 2967 4192 luctus
2993 4137 3250 4205 sapientis
3277 4134 3438 4190 unius

1825 4248 1928 4295 est
1955 4239 2101 4303 diei;
2154 4235 2302 4305 impii
2337 4242 2516 4289 autem
2559 4248 2748 4287 omnes
2791 4229 2906 4286 dies
2930 4230 3054 4283 vitm
3090 4241 3218 4284 sum.
3268 4226 3436 4294 Sepa-

1846 4331 1984 4386 ratio
2013 4329 2259 4400 quaedam
2305 4325 2687 4380 familiaritatis
2739 4325 3007 4388 humanm,
3061 4337 3165 4376 non
3211 4318 3442 4390 perditio

1845 4422 2118 4492 plangitur
2147 4421 2200 4474 in
2234 4417 2496 4489 sapiente.
2528 4415 2586 4469 in
2613 4415 2777 4485 impio
2811 4421 3011 4468 :etcrna
3041 4411 3270 4482 perditio
3293 4409 3440 4463 luctu

1772 4532 1822 4593 υ
1844 4512 2219 4584 prosequenda
2247 4518 2330 4564 est
2359 4515 2633 4579 perpetuo.
2667 4505 2826 4561 Venit
2873 4519 3000 4559 vero
3029 4512 3181 4574 pater
3204 4501 3258 4556 in
3307 4499 3441 4566 ﬁlio,

1847 4605 2105 4676 magister
2145 4604 2199 4657 in
2245 4600 2530 4670 discipulo,
2560 4599 2764 4652 amicus
2810 4597 2865 4650 in
2895 4597 3091 4662 amico,
3137 4595 3182 4650 si
3229 4606 3441 4649 morum

1849 4697 2083 4768 dignitas
2129 4704 2185 4749 et
2232 4692 2511 4763 sapientia:
2569 4690 2824 4744 nobilitas
2874 4694 3157 4756 permanet
3222 4686 3278 4740 in
3347 4698 3444 4754 po-

1849 4790 2029 4845 steris.

1920 4878 2061 4946 Quid
2108 4877 2155 4932 si
2204 4877 2259 4930 in
2315 4873 2591 4929 miseriam
2640 4872 2888 4927 humanm
2943 4866 3267 4923 conditionis
3312 4880 3446 4921 mea:

1850 4973 1995 5026 ﬁlius
2025 4971 2288 5026 moriatur
2314 4975 2438 5021 ante
2467 4973 2674 5036 patrem
2713 4963 2765 5017 in
2806 4959 2938 5015 ﬂore
2975 4957 3318 5028 juventutis?
3345 4956 3444 5012 tol-

1853 5061 1980 5118 litur
2002 5063 2200 5134 justus,
2229 5077 2298 5116 ne
2323 5059 2528 5113 malitia
2568 5057 2883 5111 immutetur
2909 5067 3004 5108 cor
3040 5050 3157 5120 ejus
3183 5048 3336 5122 (Sap.
3366 5064 3442 5114 iv,

1853 5153 1964 5226 11).
1987 5152 2202 5208 Iudicia
2223 5150 2436 5204 Domini
2460 5149 2676 5219 abyssus
2698 5154 2818 5200 sunt
2835 5143 3000 5198 multa
3025 5141 3250 5215 (Psalm.
3277 5155 3444 5204 xxxv,

1853 5250 1930 5320 7).
1962 5249 2046 5304 Nil
2087 5248 2203 5302 sine
2238 5259 2402 5300 causa
2446 5244 2552 5298 erit
2599 5242 2654 5295 in
2683 5239 2901 5304 mundo,
2932 5253 3034 5293 nec
3077 5250 3216 5291 unus
3256 5247 3446 5303 passer

1853 5346 2013 5402 cadet
2039 5344 2094 5397 in
2123 5341 2373 5410 laqueum
2416 5336 2640 5405 aucupis
2679 5335 2796 5389 sine
2822 5333 2985 5388 Patre
3022 5337 3226 5395 nostro,
3257 5327 3347 5396 qui
3389 5325 3443 5378 in

1854 5437 2007 5494 cmlis
2030 5441 2113 5490 est
2136 5451 2151 5500 ;
2181 5449 2284 5487 non
2315 5428 2537 5500 capillus
2557 5427 2620 5481 de
2644 5427 2812 5498 capite
2837 5426 2968 5496 perit
2999 5421 3213 5495 (Matth.
3255 5437 3308 5484 x,
3332 5418 3401 5472 29
3427 5433 3442 5483 ;

1854 5533 1970 5586 Act.
2011 5543 2185 5591 xxv",
2225 5513 2354 5598 54)(
2388 5521 2506 5576 Νοιι
2550 5520 2694 5574 enim
2751 5517 2907 5572 nobis
2950 5516 3154 5569 luctum
3205 5513 3447 5567 incutere

1856 5621 2034 5686 debet,
2069 5633 2191 5674 cum
2230 5613 2485 5686 quislibet
2521 5612 2719 5665 charus
2739 5617 2924 5662 noster
2952 5623 2980 5660 a
3018 5603 3448 5677 peregrinatione

1854 5711 2032 5783 pergit
2078 5710 2145 5766 ad
2192 5708 2441 5778 patriam,
2491 5720 2521 5757 a
2567 5701 2922 5756 morientibus
2969 5698 3038 5753 ad
3084 5697 3345 5760 viventes,
3379 5693 3447 5749 ab
