4056 6328
592 428 699 492 327

1441 429 1505 488 Β.
1544 430 1603 490 F.
1645 429 1872 489 ALBINI
1909 430 2042 492 SEU
2080 427 2355 492 ALCUINI
2386 431 2671 490 OPERUM
2703 430 2883 489 PARS
2917 427 2961 488 ι.

592 552 715 618 pter
756 543 1051 610 Romanos,
1079 543 1310 600 clericus
1355 553 1555 613 vester,
1610 554 1670 600 ut
1716 548 1946 614 aestimo,
1993 547 2174 604 attulit
2195 551 2250 612 Α
2275 547 2332 603 in
2380 548 2477 603 Dei
2526 549 2764 614 servitio,
2811 549 2904 605 sed
2954 548 3042 603 via
3097 548 3244 620 regia
3289 546 3663 616 gradientium,
3691 553 3755 603 ut
3783 551 3852 606 ad

594 652 716 692 eam
742 636 896 702 mihi,
945 637 1162 693 nomine
1185 637 1482 704 Baldricus,
1529 638 1760 694 aﬁ'erens
1783 641 1916 696 mihi
1949 653 2170 712 cappam

594 727 838 783 Romano
865 742 1016 782 more
1043 736 1342 795 consutam,
1368 730 1624 786 vestitum
1665 731 1884 797 lineum,
1930 733 2172 788 laneum-

591 834 718 889 que.
758 816 864 873 Sed
891 817 1018 886 quia
1037 831 1138 889 ego
1159 817 1308 873 nolui
1327 818 1458 874 utin
1495 820 1720 877 alterius
1745 838 1937 878 manus
1983 837 2174 892 perve-

591 908 764 963 nisset
811 906 1061 977 epistola;
1091 906 1363 964 Candidus
1409 916 1619 964 tantum
1669 911 1813 966 illam
1864 911 2175 982 perlegebat

575 1017 825 1068 ‘mecum,
863 1013 917 1058 et
942 1005 1024 1059 sic
1050 1005 1249 1060 tradita
1294 1015 1378 1062 est
1414 1005 1557 1077 igni;
1583 1024 1650 1063 ne
1698 1009 1900 1078 aliquid
1934 1007 2172 1064 scandali

588 1095 721 1150 oriri
746 1095 1010 1163 potuisset
1036 1104 1257 1165 propter
1289 1097 1671 1168 negligentiam
1715 1099 1992 1154 chartulas
2027 1113 2174 1153 meas

587 1193 866 1240 servantes
893 1183 1098 1257 [Forte,
1127 1186 1442 1260 servantis].
1470 1200 1496 1230 δ
1522 1187 1838 1244 Hunnorum
1862 1205 2010 1255 vero,
2034 1189 2176 1244 sicut

585 1277 790 1342 dixisti,
821 1277 1073 1346 perditio,
1105 1287 1292 1334 nostra
1323 1288 1408 1336 est
1432 1281 1776 1352 negligentia,
1811 1281 2171 1337 laborantium

584 1368 641 1424 in
662 1369 948 1425 maledicta
974 1372 1322 1442 generatione
1346 1371 1644 1439 Saxonum,
1672 1374 1891 1443 Deoque
1916 1375 2169 1442 despecta

582 1475 756 1531 usque
783 1463 908 1526 huc,
936 1469 991 1518 et
1014 1478 1108 1518 eos
1139 1464 1468 1535 negligentes
1491 1481 1627 1536 quos
1672 1465 1876 1535 majore
1924 1465 2172 1521 mercede

585 1557 728 1626 apud
754 1555 924 1610 Deum
946 1563 1002 1609 et
1025 1557 1194 1629 gloria
1222 1559 1361 1628 apud
1383 1559 1630 1614 homines
1653 1558 1857 1614 habere
1876 1559 2168 1630 potuimus,

581 1655 643 1703 ut
674 1633 982 1704 videbatur.
1009 1647 1126 1703 Non
1151 1649 1322 1704 audeo
1351 1650 1458 1704 mei
1489 1651 1656 1706 solius
1699 1666 1919 1706 causam
1957 1646 2168 1722 [causa]

581 1747 794 1794 tantum
819 1740 918 1796 tibi
946 1740 1195 1810 ingerere
1219 1739 1457 1796 laborem
1478 1756 1576 1811 per
1593 1758 1780 1812 preces
1804 1750 1859 1796 et
1880 1742 2166 1813 laerymas,

579 1847 717 1902 quas
742 1832 918 1887 habeo
941 1831 1138 1901 saepius
1167 1839 1389 1901 propter
1422 1841 1659 1887 vestram
1694 1833 2013 1887 absentiam.
2063 1832 2168 1886 Ta-

2273 648 2514 711 optatum
2565 643 2853 712 aliquando
2905 641 3056 696 littus
3105 641 3284 696 divina
3333 640 3626 696 auxiliante
3680 642 3850 712 gratia

2270 733 2555 802 pervenire
2600 735 2788 804 possit.
2818 732 3110 807 [Quidquid
3137 748 3266 788 vero
3292 732 3360 788 de
3387 741 3478 787 tua
3504 733 3664 789 audio
3691 750 3852 789 cano-

2272 824 2395 878 nica
2421 825 2846 892 conversatione,
2896 826 3027 880 satis
3073 825 3206 879 mihi
3253 825 3466 894 placere
3507 823 3703 881 fateor.
3741 825 3850 881 Hoc

2272 928 2485 984 quoque
2520 915 2748 970 addatur
2777 917 2844 972 ad
2874 916 3178 972 mercedem
3216 915 3495 971 industriae
3523 925 3742 982 vestrae,
3796 927 3852 973 ut

2271 1002 2470 1060 fratres
2502 1006 2593 1074 qui
2615 1007 2714 1061 sub
2742 1021 2904 1061 manu
2931 1014 3111 1061 vestra
3145 1013 3271 1061 sunt
3307 1005 3602 1062 secundum
3651 1009 3854 1062 sancti-

2276 1101 2439 1149 tatem
2464 1094 2726 1164 regularis
2755 1096 2880 1150 vita:
2924 1098 3127 1150 vivant.
3159 1095 3269 1151 Nec
3313 1111 3413 1166 ego
3450 1096 3608 1152 aliter
3649 1098 3850 1164 audivi,

2271 1196 2374 1237 nec
2418 1197 2486 1237 eo
2515 1183 2692 1238 minus
2735 1184 2915 1240 dicere
2942 1185 3139 1252 debeo,
3170 1201 3290 1256 quae
3331 1201 3564 1258 agnosco
3589 1188 3852 1259 proﬁcere

2269 1271 2509 1327 fraterna
2531 1273 2834 1346 charitate].
2865 1274 3066 1346 Populo
3089 1291 3322 1348 quoque,
3353 1286 3414 1333 ut
3442 1280 3637 1349 saepius
3660 1280 3851 1352 depre-

2270 1368 2425 1416 catus
2449 1376 2586 1428 sum,
2637 1363 2867 1431 praedica
2905 1365 3169 1420 instanter
3208 1366 3434 1421 verbum
3458 1367 3555 1422 Dei
3586 1367 3673 1439 (II
3713 1369 3848 1426 Tim.

2269 1465 2345 1517 tv,
2391 1449 2469 1523 2),
2514 1465 2583 1506 ne
2627 1451 2787 1509 ullius
2828 1453 3008 1508 anima
3043 1455 3098 1509 in
3118 1463 3209 1510 tuo
3227 1457 3461 1526 pendeat
3490 1456 3648 1535 [ϐοά.
3679 1457 3746 1515 S.
3778 1458 3845 1513 Ε.

2269 1541 2492 1615 pendat]
2537 1541 2762 1613 judicio,
2821 1543 2906 1599 vel
2947 1560 2978 1600 a
3033 1552 3087 1601 te
3114 1557 3405 1617 quaeratur.
3451 1547 3690 1606 Ostende
3742 1551 3848 1608 illis

2267 1631 2411 1685 viam
2457 1632 2664 1700 salutis,
2722 1635 2821 1691 hos
2855 1646 3069 1691 secreta
3116 1637 3424 1706 collatione,
3473 1639 3594 1696 illos
3634 1641 3848 1712 publica

2265 1723 2647 1794 praedicatione
2687 1727 3031 1783 conﬁrmans.
3075 1729 3375 1799 Unicuique
3418 1729 3712 1785 secundum
3738 1746 3848 1788 suat

2229 1812 2236 1824 '
2266 1815 2588 1871 conditionis
2633 1817 2717 1872 vel
2738 1835 2982 1889 personae
3011 1821 3228 1876 modum
3255 1823 3596 1879 hortamenta
3633 1824 3845 1896 ingere.

579 1899 706 1974 ac“
737 1935 843 1975 non
869 1930 955 1976 es,
993 1899 1287 1976 s'ecundun;
1318 1922 1774 1993 opportunitatem
1833 1923 1993 1978 inane
2039 1924 2162 1990 iter,
2195 1899 2239 1960 Β
2267 1905 2632 1965 Potestatibus
2658 1919 2711 1965 et
2734 1912 3006 1982 judicibus
3025 1913 3294 1984 justitiam
3316 1923 3370 1970 et
3391 1916 3845 1985 misericordiam,

580 2009 650 2063 ad
671 2011 971 2078 patrocinia
998 2012 1172 2066 sancti
1214 2010 1429 2066 Martini
1456 2013 1667 2076 venire,
1702 2020 2044 2082 vestramque
2076 2014 2160 2067 vi~

577 2106 690 2154 tam
711 2099 827 2170 ejus
856 2103 1060 2159 sanctis
1090 2105 1468 2159 commendare
1497 2105 1852 2163 orationibus.
1878 2107 1906 2146 h
1936 2107 2163 2175 Pagana:

575 2203 708 2244 vero
737 2206 921 2258 naves,
949 2203 1009 2248 ut
1058 2195 1303 2262 audistis,
1359 2196 1531 2252 multa
1587 2197 1728 2252 mala
1772 2197 2016 2253 fecerunt
2065 2214 2164 2268 per

575 2277 781 2335 insulas
819 2280 1018 2338 Oceani
1053 2285 1300 2354 partibus
1325 2286 1669 2356 Aquitaniae;
1717 2303 1843 2356 pars
1866 2296 2049 2343 tamen
2095 2303 2162 2345 ex

575 2367 680 2424 illis
714 2371 898 2440 periit,
946 2383 1002 2429 et
1049 2375 1214 2430 occisi
1247 2377 1452 2430 suntin
1499 2377 1700 2444 littore,
1742 2378 1896 2446 quasi
1946 2387 2162 2434 centum

573 2461 812 2531 quinque
856 2464 957 2519 viri
1004 2481 1070 2522 ex
1125 2467 1230 2522 illis
1277 2469 1688 2537 priedatoribus.
1742 2469 2036 2542 Castigatio
2078 2480 2164 2528 est

572 2567 771 2622 magna
808 2553 1004 2610 horum
1048 2557 1281 2626 eruptio,
1314 2560 1552 2630 antiquis
1595 2561 1777 2631 ignota
1831 2563 2162 2632 temporibus

570 2642 768 2711 populo
793 2641 1142 2712 Christiano;
1175 2648 1302 2716 quia
1334 2646 1473 2704 forte
1529 2657 1654 2704 vota
1691 2667 1798 2706 non
1837 2662 2053 2707 servant
2084 2652 2162 2706 fa-

572 2731 708 2786 muli
752 2732 869 2798 Dei,
915 2749 1036 2803 quie
1076 2751 1272 2792 vovere
1297 2737 1491 2794 solent.
1531 2739 1675 2805 Ideo,
1713 2741 2058 2797 dilectissime
2082 2743 2158 2798 ﬁli

571 2831 628 2878 et
656 2825 851 2879 merito
880 2830 1186 2883 venerande
1213 2829 1401 2896 frater,
1450 2839 1572 2888 tuos
1597 2831 1819 2888 hortare
1849 2833 2046 2890 fratres
2075 2850 2160 2890 re-

571 2913 834 2982 gulariter
845 2916 1048 2983 vivere,
1090 2926 1145 2972 et
1167 2919 1507 2975 devotionem
1540 2923 1775 2992 primam
1800 2923 2027 2980 ﬁrmiter
2045 2941 2160 2980 ser-

571 3017 722 3071 vare,
750 3007 963 3062 dicente
1001 3007 1321 3079 Scriptura:
1367 3009 1552 3067 Vovetc
1599 3022 1646 3067 et
1692 3014 1890 3069 reddite
1928 3014 2156 3071 Domino

568 3094 681 3151 Deo
709 3107 876 3152 vestro
905 3098 1131 3171 (Psalm.
1162 3117 1322 3168 Lxxv,
1375 3103 1485 3176 12).
1509 3103 1642 3160 Item
1672 3123 1684 3159 :
1714 3104 1905 3160 Melius
1934 3117 2008 3160 est
2053 3124 2157 3162 non

569 3202 766 3252 vovere,
802 3205 959 3258 quam
981 3199 1098 3244 vota
1119 3208 1225 3246 non
1252 3191 1466 3249 reddere
1495 3193 1666 3265 (Eccl.
1707 3212 1760 3262 v,
1789 3196 1893 3270 4).]
1929 3209 1953 3246 ε
1979 3198 2154 3269 Prope

2258 1998 2566 2069 junioribus
2609 2003 3006 2070 obedientiam,
3052 2007 3412 2063 humilitatem
3465 2017 3521 2064 et
3570 2009 3735 2065 ﬁdem
3793 2011 3847 2066 in

2263 2089 2587 2158 senioribus,
2625 2095 2874 2148 omnibus
2909 2095 3218 2165 aequitatem
3244 2138 3260 2164 ,
3301 2098 3622 2155 charitatem
3648 2101 3747 2156 Dei
3792 2109 3847 2156 et

2261 2181 2514 2250 proximi,
2567 2185 2870 2239 castitatem
2909 2187 3172 2256 corporis,
3200 2188 3589 2260 benignitatem
3643 2198 3700 2246 et
3733 2191 3846 2262 pie-

2264 2279 2428 2328 tatem
2451 2275 2505 2330 in
2546 2276 2920 2348 eleemosynis,
2953 2286 3219 2348 quatenus
3243 2296 3365 2336 cum
3389 2281 3670 2352 multiplici
3697 2281 3846 2338 labo-

2262 2363 2341 2418 ris
2369 2358 2444 2419 tui
2474 2365 2652 2421 fructu
2675 2368 2742 2421 ad
2775 2375 2991 2424 aeterna:
3035 2371 3384 2428 beatitudinis
3417 2375 3601 2428 sede
3648 2387 3843 2443 perve-

2261 2454 2382 2510 nire
2405 2459 2685 2524 merearis,
2713 2474 2778 2513 eo
2802 2460 3113 2528 miserante,
3153 2463 3245 2534 qui
3270 2463 3348 2518 ait
3376 2481 3391 2519 :
3434 2463 3527 2520 Sic
3553 2463 3724 2518 luceat
3752 2462 3846 2520 lu

2261 2554 2429 2600 vestra
2449 2563 2627 2601 coram
2651 2549 2968 2618 hominibus,
2993 2560 3049 2605 ut
3083 2552 3292 2608 videant
3314 2571 3470 2626 opera
3496 2563 3667 2618 vestra
3682 2555 3845 2625 bona,

2261 2647 2309 2691 et
2331 2637 2620 2708 gloriﬁcent
2647 2639 2861 2695 Patrem
2886 2653 3126 2710 vestrum,
3154 2647 3243 2716 qui
3264 2647 3319 2700 in
3348 2646 3487 2702 caelis
3506 2657 3583 2702 est
3625 2647 3845 2720 (Matth.

2261 2743 2320 2795 v,
2362 2728 2470 2801 16).
2523 2729 2626 2786 Mei
2669 2747 2884 2804 quoque
2931 2742 2991 2789 ut
3037 2735 3196 2808 136
3228 2738 3470 2794 habeatis
3497 2741 3844 2810 memoriam,

2261 2821 2556 2877 secundum
2590 2837 2741 2893 spem
2765 2839 2942 2881 meam
2971 2834 3026 2882 et
3059 2826 3217 2882 ﬁdem
3269 2838 3527 2896 vestram,
3561 2829 3846 2902 deprecor,

2261 2929 2386 2968 cum
2438 2914 2640 2970 sanctis
2673 2914 2933 2973 fratribus
2959 2917 3156 2974 vestris
3187 2919 3404 2988 assidua
3435 2920 3846 2990 intercessione,

2260 3013 2322 3059 ut
2348 3020 2515 3076 prope
2545 3022 2706 3062 cursu
2733 3009 2905 3064 nostri
2929 3010 3116 3082 agonis
3149 3012 3434 3084 completo,
3471 3014 3686 3069 veniam
3713 3030 3846 3086 pec-

2260 3105 2504 3153 catorum
2549 3115 2793 3158 meorum
2821 3111 2878 3158 et
2899 3103 3135 3174 aliquam
3162 3105 3465 3175 portionem
3494 3108 3846 3165 beatitudinis

2259 3188 2402 3245 inter
2449 3191 2596 3248 cives
2643 3192 2880 3248 caelestis
2919 3195 3270 3253 habitationis
3317 3198 3562 3267 accipere
3607 3214 3846 3256 merear.

569 3275 715 3330 enim
745 3278 880 3332 estis
905 3294 999 3334 vos
1030 3281 1276 3338 terminis
1295 3299 1648 3355 paganorum,
1676 3285 1760 3342 Si;
1781 3268 1926 3345 salus
1953 3268 2152 3357 vesti-3,
2181 3268 2230 3334 Ο
2264 3279 2448 3353 [Plura
2473 3283 2770 3340 scriberem
2794 3286 3087 3341 secundum
3110 3287 3278 3344 animi
3301 3289 3472 3344 nostri
3493 3289 3843 3359 desiderium,

570 3370 856 3437 protectio,
887 3378 942 3425 et
970 3373 1341 3432 misericordia
1371 3377 1634 3436 Dominus
1666 3382 1808 3439 Deus
1829 3388 2028 3448 noster,
2063 3387 2155 3456 qui

569 3459 650 3513 ait
680 3479 692 3514 :
727 3459 855 3516 Sine
874 3480 956 3518 me
976 3464 1107 3518 nihil
1131 3470 1344 3537 potestis
1367 3471 1539 3539 facere
1577 3473 1757 3544 (Joan.
1781 3492 1869 3542 xv,
1891 3477 1967 3550 5).
1996 3478 2157 3554 Cpm-

569 3552 740 3617 motio
770 3569 964 3625 magna
989 3565 1074 3612 est
1107 3557 1163 3612 in
1213 3559 1444 3626 mundo,
1473 3571 1528 3617 et
1555 3564 1609 3619 in
1637 3567 1908 3622 mentibus
1958 3552 2156 3625 multo—

569 3660 691 3699 rum
716 3646 1029 3714 inﬁdelitas,
1061 3658 1117 3706 et
1145 3651 1201 3706 in
1234 3655 1450 3710 nomine
1471 3660 1859 3716 monachorum
1883 3663 2154 3734 negligen-

568 3736 664 3789 tia.
700 3737 900 3793 Volunt
943 3738 1070 3807 dici,
1117 3750 1172 3797 et
1225 3759 1332 3800 non
1388 3745 1524 3815 fieri,
1578 3749 1792 3806 dicente
1833 3752 2149 3824 Scriptura:

577 3822 700 3880 Vult
746 3827 910 3898 piger,
940 3839 989 3884 et
1019 3847 1124 3886 non
1148 3833 1256 3887 vult
1299 3833 1481 3906 (Prov.
1532 3853 1653 3905 xm,
1693 3839 1770 3912 4).
1813 3841 1870 3896 ld
1901 3822 2002 3909 est,
2038 3846 2154 3900 vult

566 3917 758 3973 beatus
782 3935 904 3976 esse
939 3930 994 3976 et
1025 3939 1132 3978 non
1158 3926 1273 3979 vult
1298 3925 1565 3997 laborare,
1607 3931 1748 3987 unde
1795 3933 1987 3990 beatus
2035 3936 2147 3991 ﬁat.

567 4006 617 4082 [ἀ
639 4009 861 4066 Noviter
879 4018 1349 4087 congregationem
1378 4021 1668 4090 quamdam
1689 4024 1812 4090 feci,
1827 4028 1978 4095 quasi
2003 4037 2153 4084 octa-

563 4115 632 4156 vo
660 4102 909 4160 milliario
935 4121 964 4159 a
992 4108 1320 4163 monasterio
1359 4112 1529 4166 sancti
1561 4112 1795 4180 Martini,
1822 4119 2152 4172 monachicae

562 4191 692 4246 vita:
738 4201 792 4248 et
829 4196 1095 4266 regularis
1149 4198 1440 4269 religionis,
1479 4204 1655 4272 primo
1685 4222 1748 4261 ex
1798 4206 2054 4264 fratribus
2083 4212 2149 4266 de

563 4279 780 4350 Gothia,
811 4286 905 4339 ubi
957 4287 1278 4343 Benedictus
1329 4293 1464 4346 abba
1517 4295 1819 4364 regularem
1869 4302 2151 4357 constituit

561 4373 754 4428 vitam.
786 4374 858 4430 At
879 4393 1043 4442 nunc,
1089 4379 1301 4435 volente
1331 4382 1459 4446 Deo,
1503 4384 1668 4454 aliqui
1697 4389 1920 4444 veniunt
1962 4401 2147 4446 sancta

563 4478 623 4518 se
667 4466 951 4522 devotione
996 4469 1412 4544 mancipantes].
1460 4473 1577 4529 Non
1606 4485 1690 4532 est
1735 4479 2147 4538 claudicandum

2259 3374 2306 3428 si
2354 3391 2462 3431 non
2511 3376 2614 3433 iste
2651 3393 2842 3434 cursor
2879 3394 2946 3435 ex
2977 3390 3158 3437 vestro
3193 3385 3446 3441 mandato
3469 3386 3732 3444 velociter
3763 3405 3847 3446 re-

2257 3467 2470 3521 vertere
2501 3467 2809 3536 babuisset;
2840 3477 3020 3526 tamen
3042 3487 3110 3528 ex
3148 3474 3234 3529 his
3271 3475 3613 3546 paucissimis
3646 3479 3848 3540 litteris

2257 3556 2540 3612 charitatis
2566 3569 2765 3615 nostra:
2810 3563 3061 3619 ardorem
3103 3563 3160 3619 in
3192 3581 3292 3621 vos
3325 3583 3619 3638 agnoscere
3639 3572 3848 3641 poteti-

2255 3647 2370 3720 tis].
2397 3648 2588 3704 Divina
2610 3667 2707 3706 vos
2730 3654 2904 3724 gratia
2931 3655 3221 3712 comitetur
3243 3657 3459 3730 ubique,
3497 3660 3715 3718 domine
3739 3662 3844 3718 Pa-

2255 3746 2340 3793 ter
2361 3745 2417 3793 et
2437 3739 2784 3798 dilectissime
2803 3744 2976 3800 amice
3009 3757 3056 3799 ο.

2327 3837 2586 3916 [Obsecro
2613 3841 2973 3900 humilitatem
3010 3855 3246 3903 vestram
3286 3857 3347 3905 ut
3377 3865 3498 3908 meo
3529 3851 3710 3909 ofﬁcio
3741 3855 3846 3910 Pa-

2254 3936 2394 3985 trem
2422 3930 2798 3989 cbarissimum
2826 3935 2844 3974 ί
2876 3937 3049 3993 Aelim
3101 3941 3408 4013 episcopum
3448 3944 3673 4013 salutes,
3717 3964 3845 4004 cum

2253 4023 2464 4078 caeteris
2498 4023 2776 4094 fratribus,
2803 4038 2858 4083 et
2877 4034 3352 4091 consacerdotibus
3381 4039 3687 4096 sanctitatis
3713 4049 3840 4097 tute.

2255 4110 2514 4170 Similiter
2526 4126 2581 4172 et
2593 4117 2909 4176 Remedium
2925 4123 3142 4179 decurio
3156 4124 3245 4198 [de
3265 4129 3438 4203 curia]
3455 4131 3611 4188 nobis
3632 4133 3842 4190 charis-

2261 4203 2449 4292 :imuni
2479 4207 2798 4281 ﬁdelemque
2841 4215 3075 4271 amicum
3109 4217 3327 4292 saluta].
3395 4222 3463 4277 Et
3487 4225 3531 4278 si
3556 4225 3652 4281 tibi
3676 4243 3843 4284 causa

2250 4290 2534 4372 eveniat[8
2546 4301 2829 4359 Paulinum
2856 4309 3243 4384 patriarcbam]
3266 4290 3500 4382 videndi,
3516 4316 3693 4373 saluta
3712 4335 3842 4376 eum

2251 4390 2397 4446 mille
2411 4392 2624 4449 millies.
2652 4394 2914 4453 Libellum
2928 4416 3058 4456 vero
3073 4403 3354 4460 catholica!
3365 4405 3490 4463 ﬁdei
3502 4424 3668 4478 quem
3680 4410 3842 4467 dom-

2251 4503 2324 4543 no
2336 4491 2450 4562 regi
2462 4491 2675 4557 direxit,
2706 4497 3068 4569 perlegebam.
3083 4509 3139 4557 et
3151 4503 3284 4558 satis
3298 4504 3430 4559 mihi
3446 4504 3654 4576 placuit
3664 4507 3721 4563 in
3736 4509 3845 4565 elo-

634 4595 1288 4705 agggmo‘rggﬁe‘rditio.
1331 4602 1433 4670 Qui
1457 4621 1597 4662 anno
1622 4608 1790 4677 priori
1813 4609 2142 4681 defecerant,
2169 4628 2228 4692 ι)
2251 4621 2516 4705 angarolo
2542 4626 2773 4705 Turonis
2797 4641 2988 4705 agente
3033 4633 3242 4691 litteras
3270 4637 3522 4705 obtinuit,
3560 4648 3622 4694 ut
3648 4641 3845 4699 liceret

561 4674 624 4720 ut
648 4667 870 4723 annales
898 4667 1159 4724 referunt.

632 4736 929 4823 lffagt‘zmc
971 4758 1155 4823 naves;
1188 4742 1617 4823 Norrnannorum
1664 4749 1825 4823 puto),
1874 4753 1966 4823 qui
2010 4763 2148 4812 teste

560 4806 871 4881 Eginhai'do
895 4810 948 4864 in
971 4811 1094 4866 Vita
1115 4812 1293 4868 Caroli
1332 4834 1349 4865 ι
1379 4815 1645 4873 Gallicum
1664 4806 1824 4877 ‘tiuu's'
1845 4806 1906 4878 et.
1921 4806 2149 4881 deﬁxit}:

559 4879 742 4965 nicum
775 4881 987 4935 assidua
1014 4885 1318 4965 vastatione
1342 4889 1656 4965 vastabant;
1699 4879 2147 4965 quapropteréa-

559 4948 706 5004 rolus
734 4965 830 5019 per
854 4965 1043 5007 omnes
1061 4965 1252 5077 Kortus
1267 4964 1324 5011 et
1350 4958 1487 5013 ostia
1512 4948 1826 5030 fluminum:
1849 4948 2144 5032 qu'a'naves

559 5020 724 5077 recini
753 5035 913 5077 nosse
935 5023 1056 5077 vide
1096 5035 1273 5077 antur.
1299 5029 1618 5077 stationibus
1647 5043 1703 5077 ρι
1730 5035 1972 5077 ρτριιιιίία
2001 5041 2144 5077 Mai-

559 5020 724 5100 recipi
753 5035 914 5108 posse
935 5020 1274 5108 videbantur,
1299 5029 1618 5108 stationibus
1631 5043 1703 5108 _et
1730 5020 1972 5108 excubiis
2001 5020 2146 5108 pb's'il

555 5090 646 5178 tis:
675 5105 743 5178 ne
765 5107 870 5178 qlu‘a
902 5093 1070 5150 hostis
1098 5097 1247 5152 exire
1263 5090 1551 5178 potuisset,
1573 5103 1667 5158 tali
1698 5090 2142 5178 munitionerpro-

556 5160 1021 5238 bibuit._Classem
1054 5160 1506 5238 quoque-molitus
1529 5160 1614 5228 est
1640 5185 1826 5231 contra
1855 5160 2144 5235 Nortman-

555 5230 744 5306 nicum
762 5233 980 5301 bellum,
1003 5230 1108 5292 eté.
1147 5230 1344 5306 {Quod
1362 5241 1597 5299 Annales
1624 5247 1692 5300 ad
1717 5230 1844 5302 anni
1863 5230 2145 5306 800152;};-

557 5315 674 5356 sem
693 5303 947 5359 Martium
973 5303 1232 5364 referunt:

627 5383 654 5465 ξ
683 5371 854 5456 Prope
873 5378 1170 5465 ‘enim‘estis
1203 5382 1452 5465 terminis
1465 5402 1810 5456 paganorum.
1843 5390 1978 5465 Data
2011 5409 2140 5465 ergo

554 5441 657 5498 fuit
698 5441 944 5536 epistola.
972 5449 1040 5530 ad
1081 5449 1355 5536 Annonem
1394 5441 1809 5536 Elnonaeunon'
1840 5441 2142 5536 SAalisbu—rlagi

553 5523 854 5591 morantem
880 5518 1054 5591 λὶιμίο
1077 5523 1221 5577 enim
1248 5539 1279 5577 a
1302 5518 1627 5583 Normannis
1646 5528 1828 5586 littora
1853 5532 2057 5589 Gallica
2087 5518 2141 5591 ἓξ

554 5583 1283 5666 Germanicajnfestantibus
1303 5595 1505 5666 nullum
1531 5583 1828 5666 periculurn
1857 5583 2139 5661 imminere

553 5655 921 5784 Εῧξὲἰῑὲὸνίᾱ.
951 5659 1169 5718 Hansiz.
1201 5675 1331 5720 tom.
1367 5665 1414 5721 ll
1438 5655 1621 5722 Germ.
1664 5670 1816 5727 Sacr.

554 5741 702 5780 DUHL
735 5741 824 5782 δῦ.

692 5797 910 5881 Ιγορὶιεν
935 5807 1386 5884 congregationem
1424 5811 1716 5884 quamdam,
1751 5814 1875 5884 feci.
1907 5815 2134 5874 Corma-

555 5875 657 5924 rici
680 5875 933 5927 nimirum
958 5890 972 5940 ;
1014 5875 1136 5931 hoc
1153 5877 1299 5933 enim
1323 5875 1465 5937 anno
1492 5881 1672 5942 Nonas
1693 5875 1838 5941 Junii
1873 5888 2135 5957 “Alcuinus

2251 4693 2354 4747 sibi
2381 4697 2671 4770 monachos
2704 4693 2902 4756 ibide'm
2938 4706 3283 4763 constituere.
3320 4708 3439 4765 Vid.
3487 4693 3582 4765 eas
3609 4693 3843 4770 iiiiéi-Jé

2251 4771 2400 4840 tom._
2418 4763 2461 4817 ll
2490 4766 2543 4821 in
2567 4767 2813 4840 Append.

2325 4847 2348 4873 ε
2380 4834 2438 4890 In
2481 4834 2808 4925 ctg_d.:s'a.ncti
2837 4843 3164 4925 Emmeram.
3207 4847 3284 4925 ita
3311 4849 3365 4925 in
3400 4859 3659 4925 contextu
3707 4870 3842 4925 per-

2247 4905 2394 4976 gitur
2436 4923 2449 4960 :
2485 4907 2553 4980 Et
2586 4912 2632 4964 si
2662 4911 2756 4966 tibi
2800 4931 2961 4970 causa
2997 4918 3197 4972 eveniat
3236 4905 3443 4974 videndi
3470 4905 3843 4980 aanimi};-

2247 4985 2437 5060 ξιτ-ατη,
2463 4978 2638 5034 saluta
2657 4999 2774 5036 eum
2801 4984 2945 5040 mille
2970 4986 3180 5043 millies.
3209 4989 3484 5057 Libellum,
3508 5001 3644 5060 etc.,
3672 4978 3844 5051 utin-

2247 5053 2356 5101 tus.

2323 5117 2557 5209 :del‘im‘
2581 5124 2896 5206 episcopum.
2930 5126 2993 5209 Is
3013 5137 3100 5209 est
3142 5128 3254 5209 abs
3274 5129 3437 5209 dubio
3465 5134 3689 5209 Alimus
3719 5138 3844 5209 epi-

2244 5203 2440 5259 scopus
2470 5191 2817 5274 Sabionenéis
2835 5212 2928 5279 seu
2954 5197 3307 5285 Brixinensis:
3337 5205 3450 5260 Vid.
3479 5206 3638 5276 epist.
3667 5191 3812 5289 9i..r

2244 5346 2248 5347 ,
2290 5263 2345 5347 ξ
2373 5262 2678 5347 ,ῖῖιξυίτῖιιιιη
2718 5269 3073 5347 certantum
3101 5270 3517 5347 ᾼίξμιιβιεηεθιη-
3551 5276 3692 5332 Hinc
3716 5294 3840 5347 iam

2318 5287 2343 5300 υ
2392 5287 2678 5317 rauunum
2718 5287 3073 5336 patriarcnam
3101 5287 3517 5342 equitetensem.
3551 5287 3692 5332 tunc
3716 5287 3840 5347 jam

2279 5338 2389 5408 atet
2417 5331 2702 5408 Aleuinum
2735 5337 2822 5392 hic
2850 5337 2994 5408 loqui
3033 5341 3099 5395 de
3123 5341 3301 5398 Libris
3329 5345 3533 5401 Paulini
3564 5349 3842 5404 adversus

2287 5402 3292 5490 elicem‘lJrgellitanum:Mabillonius
3318 5417 3561 5490 libellum
3578 5459 3592 5484 ,
3624 5419 3693 5474 de
3711 5402 3840 5490 quo

2243 5472 2331 5527 hic
2359 5472 2769 5558 mentio_ﬁt,_ex_
2785 5479 3112 5547 conjectura,
3135 5500 3256 5538 cum
3281 5487 3333 5541 in
3357 5472 3840 5558 codice‘quo'u‘sus

2241 5551 2325 5625 est
2343 5559 2538 5625 nomen
2563 5546 2770 5625 Paulini
2804 5546 3121 5625 expressum
3146 5571 3252 5609 non
3284 5546 3596 5625 haberetur;
3633 5561 3843 5616 tribuit

2241 5612 2575 5695 Richbodoni
2607 5612 2912 5695 Trevirensi
2929 5623 3200 5695 episcopo.
3228 5625 3332 5681 Sed
3351 5628 3435 5681 vir
3455 5612 3670 5684 summe
3690 5612 3842 5688 {nilis}

2239 5695 2525 5774 acclinatus
2553 5689 3283 5774 hanciintegraniAopistol‘ar-n
3306 5713 3410 5774 non
3430 5700 3594 5774 vidit;
3621 5715 3690 5754 ex
3716 5704 3844 5774 epi-

2239 5755 2376 5828 stola
2405 5772 2533 5828 vero
2564 5761 2752 5814 mutila
2791 5755 2946 5817 error
2973 5755 3144 5823 facilis
3180 5767 3299 5822 fuit.
3344 5767 3482 5826 Hinc
3509 5755 3672 5826 etiam
3699 5755 3844 5828 c6;-

2236 5825 2750 5968 ggggngétgs’auctor
2804 5832 2943 5890 Hist.
2998 5835 3107 5892 Lit.
3180 5837 3423 5898 Francize
3447 5825 3474 5912 ,ί
3522 5825 3656 5899 tom.
3713 5825 3835 5913 Ν,
