  <div class='ocr_page' id='page_1' title='image "/cluster/home/n/w/nwhite01/storage/ocr_20150623/100/hvd.32044024239972/170.png"; bbox 0 0 4056 6328; ppageno 0'>
   <div class='ocr_carea' id='block_1_1' title="bbox 199 383 287 439">
    <p class='ocr_par' dir='ltr' id='par_1_1' title="bbox 199 383 287 439">
     <span class='ocr_line' id='line_1_1' title="bbox 199 383 287 439; baseline 0 0"><span class='ocrx_word' id='word_1_1' title='bbox 199 383 287 439; x_wconf 71' lang='grc'><strong>529</strong></span> 
     </span>
    </p>
   </div>
   <div class='ocr_carea' id='block_1_2' title="bbox 1620 363 1995 424">
    <p class='ocr_par' dir='ltr' id='par_1_2' title="bbox 1620 363 1995 424">
     <span class='ocr_line' id='line_1_2' title="bbox 1620 363 1995 424; baseline -0.008 -1"><span class='ocrx_word' id='word_1_2' title='bbox 1620 363 1995 424; x_wconf 66' lang='lat' dir='ltr'><strong>EPISTOLAE.</strong></span> 
     </span>
    </p>
   </div>
   <div class='ocr_carea' id='block_1_3' title="bbox 3336 352 3442 410">
    <p class='ocr_par' dir='ltr' id='par_1_3' title="bbox 3336 352 3442 410">
     <span class='ocr_line' id='line_1_3' title="bbox 3336 352 3442 410; baseline 0 0"><span class='ocrx_word' id='word_1_3' title='bbox 3336 352 3442 410; x_wconf 72' lang='lat'><strong>330</strong></span> 
     </span>
    </p>
   </div>
   <div class='ocr_carea' id='block_1_4' title="bbox 197 463 3442 566">
    <p class='ocr_par' dir='ltr' id='par_1_4' title="bbox 197 463 3442 566">
     <span class='ocr_line' id='line_1_4' title="bbox 197 463 3442 566; baseline -0.01 -19"><span class='ocrx_word' id='word_1_4' title='bbox 197 492 386 566; x_wconf 80' lang='lat' dir='ltr'><strong>quentia</strong></span> <span class='ocrx_word' id='word_1_5' title='bbox 401 504 496 545; x_wconf 88' lang='lat' dir='ltr'><strong>sua</strong></span> <span class='ocrx_word' id='word_1_6' title='bbox 518 487 638 542; x_wconf 90' lang='lat' dir='ltr'><strong>etin</strong></span> <span class='ocrx_word' id='word_1_7' title='bbox 661 484 879 540; x_wconf 88' lang='lat' dir='ltr'><strong>ﬁoribus</strong></span> <span class='ocrx_word' id='word_1_8' title='bbox 897 482 1213 547; x_wconf 77' lang='lat' dir='ltr'><strong>dictionum,</strong></span> <span class='ocrx_word' id='word_1_9' title='bbox 1230 490 1284 536; x_wconf 89' lang='lat' dir='ltr'><strong>et</strong></span> <span class='ocrx_word' id='word_1_10' title='bbox 1300 481 1354 535; x_wconf 87' lang='lat' dir='ltr'><strong>in</strong></span> <span class='ocrx_word' id='word_1_11' title='bbox 1378 480 1500 535; x_wconf 91' lang='lat' dir='ltr'><strong>ﬁdei</strong></span> <span class='ocrx_word' id='word_1_12' title='bbox 1523 478 1754 542; x_wconf 90' lang='lat' dir='ltr'><strong>ratione,</strong></span> <span class='ocrx_word' id='word_1_13' title='bbox 1784 480 1833 538; x_wconf 78' lang='grc' dir='ltr'><strong>Α</strong></span> <span class='ocrx_word' id='word_1_14' title='bbox 1860 473 2364 566; x_wconf 10' lang='grc' dir='ltr'><strong>ευὶῇίοἰθῑγεθηιεξεμς</strong></span> <span class='ocrx_word' id='word_1_15' title='bbox 2402 478 2459 566; x_wconf 77' lang='lat' dir='ltr'><strong>et</strong></span> <span class='ocrx_word' id='word_1_16' title='bbox 2501 466 2822 566; x_wconf 74' lang='lat' dir='ltr'><strong>suavissimo</strong></span> <span class='ocrx_word' id='word_1_17' title='bbox 2853 478 2963 566; x_wconf 62' lang='lat' dir='ltr'><strong>suae</strong></span> <span class='ocrx_word' id='word_1_18' title='bbox 2986 463 3292 566; x_wconf 76' lang='lat' dir='ltr'><strong>dilectionis</strong></span> <span class='ocrx_word' id='word_1_19' title='bbox 3310 464 3442 536; x_wconf 79' lang='lat' dir='ltr'><strong>jugo</strong></span> 
     </span>
    </p>
   </div>
   <div class='ocr_carea' id='block_1_5' title="bbox 195 566 1754 638">
    <p class='ocr_par' dir='ltr' id='par_1_5' title="bbox 195 566 1754 638">
     <span class='ocr_line' id='line_1_5' title="bbox 195 566 1754 638; baseline -0.012 0"><span class='ocrx_word' id='word_1_20' title='bbox 195 591 241 638; x_wconf 90' lang='lat' dir='ltr'><strong>et</strong></span> <span class='ocrx_word' id='word_1_21' title='bbox 263 581 308 635; x_wconf 91' lang='lat' dir='ltr'><strong>in</strong></span> <span class='ocrx_word' id='word_1_22' title='bbox 339 577 768 633; x_wconf 83' lang='lat' dir='ltr'><strong>testimoniorum</strong></span> <span class='ocrx_word' id='word_1_23' title='bbox 793 572 1138 636; x_wconf 77' lang='lat' dir='ltr'><strong>auctoritate,</strong></span> <span class='ocrx_word' id='word_1_24' title='bbox 1167 571 1242 624; x_wconf 92' lang='lat' dir='ltr'><strong>ita</strong></span> <span class='ocrx_word' id='word_1_25' title='bbox 1267 578 1330 624; x_wconf 88' lang='lat' dir='ltr'><strong>ut</strong></span> <span class='ocrx_word' id='word_1_26' title='bbox 1351 568 1485 624; x_wconf 88' lang='lat' dir='ltr'><strong>nihil</strong></span> <span class='ocrx_word' id='word_1_27' title='bbox 1513 566 1599 622; x_wconf 87' lang='lat' dir='ltr'><strong>his</strong></span> <span class='ocrx_word' id='word_1_28' title='bbox 1628 566 1754 622; x_wconf 89' lang='lat' dir='ltr'><strong>addi</strong></span> 
     </span>
    </p>
   </div>
   <div class='ocr_carea' id='block_1_6' title="bbox 195 660 1758 738">
    <p class='ocr_par' dir='ltr' id='par_1_6' title="bbox 195 660 1758 738">
     <span class='ocr_line' id='line_1_6' title="bbox 195 660 1758 738; baseline -0.01 -11"><span class='ocrx_word' id='word_1_29' title='bbox 195 672 250 728; x_wconf 89' lang='lat' dir='ltr'><strong>de</strong></span> <span class='ocrx_word' id='word_1_30' title='bbox 284 666 661 738; x_wconf 68' lang='lat' dir='ltr'><strong>quaestionibus</strong></span> <span class='ocrx_word' id='word_1_31' title='bbox 708 677 878 732; x_wconf 82' lang='lat' dir='ltr'><strong>nuper</strong></span> <span class='ocrx_word' id='word_1_32' title='bbox 922 660 1123 716; x_wconf 89' lang='lat' dir='ltr'><strong>habitis</strong></span> <span class='ocrx_word' id='word_1_33' title='bbox 1159 661 1303 714; x_wconf 85' lang='lat' dir='ltr'><strong>inter</strong></span> <span class='ocrx_word' id='word_1_34' title='bbox 1345 674 1446 714; x_wconf 79' lang='lat' dir='ltr'><strong>nos</strong></span> <span class='ocrx_word' id='word_1_35' title='bbox 1473 667 1528 713; x_wconf 92' lang='lat' dir='ltr'><strong>et</strong></span> <span class='ocrx_word' id='word_1_36' title='bbox 1571 664 1758 728; x_wconf 84' lang='lat' dir='ltr'><strong>partes</strong></span> 
     </span>
    </p>
   </div>
   <div class='ocr_carea' id='block_1_7' title="bbox 193 749 1754 828">
    <p class='ocr_par' dir='ltr' id='par_1_7' title="bbox 193 749 1754 828">
     <span class='ocr_line' id='line_1_7' title="bbox 193 749 1754 828; baseline -0.01 -11"><span class='ocrx_word' id='word_1_37' title='bbox 193 762 469 818; x_wconf 80' lang='lat' dir='ltr'><strong>Felicianas</strong></span> <span class='ocrx_word' id='word_1_38' title='bbox 489 773 626 828; x_wconf 91' lang='lat' dir='ltr'><strong>opus</strong></span> <span class='ocrx_word' id='word_1_39' title='bbox 655 771 774 812; x_wconf 88' lang='lat' dir='ltr'><strong>esse</strong></span> <span class='ocrx_word' id='word_1_40' title='bbox 803 753 1134 810; x_wconf 90' lang='lat' dir='ltr'><strong>arbitrabar.</strong></span> <span class='ocrx_word' id='word_1_41' title='bbox 1165 751 1231 808; x_wconf 86' lang='lat' dir='ltr'><strong>Et</strong></span> <span class='ocrx_word' id='word_1_42' title='bbox 1259 751 1388 808; x_wconf 81' lang='lat' dir='ltr'><strong>felix</strong></span> <span class='ocrx_word' id='word_1_43' title='bbox 1414 758 1499 807; x_wconf 91' lang='lat' dir='ltr'><strong>est</strong></span> <span class='ocrx_word' id='word_1_44' title='bbox 1514 749 1754 806; x_wconf 85' lang='lat' dir='ltr'><strong>Ecclesia</strong></span> 
     </span>
    </p>
   </div>
   <div class='ocr_carea' id='block_1_8' title="bbox 189 842 1758 926">
    <p class='ocr_par' dir='ltr' id='par_1_8' title="bbox 189 842 1758 926">
     <span class='ocr_line' id='line_1_8' title="bbox 189 842 1758 926; baseline -0.008 -19"><span class='ocrx_word' id='word_1_45' title='bbox 189 852 504 926; x_wconf 83' lang='lat' dir='ltr'><strong>populusque</strong></span> <span class='ocrx_word' id='word_1_46' title='bbox 551 847 914 911; x_wconf 88' lang='lat' dir='ltr'><strong>Christianus,</strong></span> <span class='ocrx_word' id='word_1_47' title='bbox 945 844 1183 915; x_wconf 89' lang='lat' dir='ltr'><strong>quandiu</strong></span> <span class='ocrx_word' id='word_1_48' title='bbox 1230 842 1376 917; x_wconf 90' lang='lat' dir='ltr'><strong>[cum</strong></span> <span class='ocrx_word' id='word_1_49' title='bbox 1408 843 1604 898; x_wconf 90' lang='lat' dir='ltr'><strong>domno</strong></span> <span class='ocrx_word' id='word_1_50' title='bbox 1631 856 1758 912; x_wconf 88' lang='lat' dir='ltr'><strong>rege</strong></span> 
     </span>
    </p>
   </div>
   <div class='ocr_carea' id='block_1_9' title="bbox 190 931 1753 1014">
    <p class='ocr_par' dir='ltr' id='par_1_9' title="bbox 190 931 1753 1014">
     <span class='ocr_line' id='line_1_9' title="bbox 190 931 1753 1014; baseline -0.01 -16"><span class='ocrx_word' id='word_1_51' title='bbox 190 941 280 1014; x_wconf 82' lang='lat' dir='ltr'><strong>vel]</strong></span> <span class='ocrx_word' id='word_1_52' title='bbox 317 956 481 996; x_wconf 89' lang='lat' dir='ltr'><strong>unum</strong></span> <span class='ocrx_word' id='word_1_53' title='bbox 508 938 670 995; x_wconf 85' lang='lat' dir='ltr'><strong>talem</strong></span> <span class='ocrx_word' id='word_1_54' title='bbox 697 936 921 992; x_wconf 86' lang='lat' dir='ltr'><strong>habebit</strong></span> <span class='ocrx_word' id='word_1_55' title='bbox 944 933 1286 990; x_wconf 69' lang='lat' dir='ltr'><strong>defensorem</strong></span> <span class='ocrx_word' id='word_1_56' title='bbox 1308 933 1429 989; x_wconf 89' lang='lat' dir='ltr'><strong>ﬁdei</strong></span> <span class='ocrx_word' id='word_1_57' title='bbox 1454 931 1753 990; x_wconf 75' lang='lat' dir='ltr'><strong>catholicae.</strong></span> 
     </span>
    </p>
   </div>
   <div class='ocr_carea' id='block_1_10' title="bbox 188 1023 1757 1107">
    <p class='ocr_par' dir='ltr' id='par_1_10' title="bbox 188 1023 1757 1107">
     <span class='ocr_line' id='line_1_10' title="bbox 188 1023 1757 1107; baseline -0.01 -16"><span class='ocrx_word' id='word_1_58' title='bbox 188 1035 302 1107; x_wconf 89' lang='lat' dir='ltr'><strong>[Sed</strong></span> <span class='ocrx_word' id='word_1_59' title='bbox 317 1032 492 1086; x_wconf 88' lang='lat' dir='ltr'><strong>adhuc</strong></span> <span class='ocrx_word' id='word_1_60' title='bbox 525 1036 766 1085; x_wconf 88' lang='lat' dir='ltr'><strong>remanet</strong></span> <span class='ocrx_word' id='word_1_61' title='bbox 789 1026 993 1097; x_wconf 89' lang='lat' dir='ltr'><strong>aliquid</strong></span> <span class='ocrx_word' id='word_1_62' title='bbox 1018 1024 1342 1081; x_wconf 85' lang='lat' dir='ltr'><strong>faciendum.</strong></span> <span class='ocrx_word' id='word_1_63' title='bbox 1377 1023 1515 1078; x_wconf 88' lang='lat' dir='ltr'><strong>Nam</strong></span> <span class='ocrx_word' id='word_1_64' title='bbox 1537 1023 1757 1094; x_wconf 88' lang='lat' dir='ltr'><strong>quidam</strong></span> 
     </span>
    </p>
   </div>
   <div class='ocr_carea' id='block_1_11' title="bbox 187 1118 1761 1198">
    <p class='ocr_par' dir='ltr' id='par_1_11' title="bbox 187 1118 1761 1198">
     <span class='ocr_line' id='line_1_11' title="bbox 187 1118 1761 1198; baseline -0.007 -16"><span class='ocrx_word' id='word_1_65' title='bbox 187 1127 462 1198; x_wconf 83' lang='lat' dir='ltr'><strong>Elipandus</strong></span> <span class='ocrx_word' id='word_1_66' title='bbox 497 1123 768 1178; x_wconf 58' lang='lat' dir='ltr'><strong>Toletanat</strong></span> <span class='ocrx_word' id='word_1_67' title='bbox 812 1120 1066 1184; x_wconf 81' lang='lat' dir='ltr'><strong>civitatis,</strong></span> <span class='ocrx_word' id='word_1_68' title='bbox 1100 1121 1315 1175; x_wconf 86' lang='lat' dir='ltr'><strong>nomine</strong></span> <span class='ocrx_word' id='word_1_69' title='bbox 1363 1136 1469 1174; x_wconf 91' lang='lat' dir='ltr'><strong>non</strong></span> <span class='ocrx_word' id='word_1_70' title='bbox 1499 1118 1761 1189; x_wconf 79' lang='lat' dir='ltr'><strong>dignitate</strong></span> 
     </span>
    </p>
   </div>
   <div class='ocr_carea' id='block_1_12' title="bbox 184 1211 1759 1289">
    <p class='ocr_par' dir='ltr' id='par_1_12' title="bbox 184 1211 1759 1289">
     <span class='ocr_line' id='line_1_12' title="bbox 184 1211 1759 1289; baseline -0.006 -16"><span class='ocrx_word' id='word_1_71' title='bbox 184 1219 473 1289; x_wconf 88' lang='lat' dir='ltr'><strong>episcopus,</strong></span> <span class='ocrx_word' id='word_1_72' title='bbox 506 1214 561 1268; x_wconf 92' lang='lat' dir='ltr'><strong>in</strong></span> <span class='ocrx_word' id='word_1_73' title='bbox 601 1213 854 1268; x_wconf 86' lang='lat' dir='ltr'><strong>damnata</strong></span> <span class='ocrx_word' id='word_1_74' title='bbox 883 1211 1126 1283; x_wconf 86' lang='lat' dir='ltr'><strong>synodali</strong></span> <span class='ocrx_word' id='word_1_75' title='bbox 1174 1211 1497 1265; x_wconf 88' lang='lat' dir='ltr'><strong>auctoritate</strong></span> <span class='ocrx_word' id='word_1_76' title='bbox 1537 1217 1594 1264; x_wconf 92' lang='lat' dir='ltr'><strong>et</strong></span> <span class='ocrx_word' id='word_1_77' title='bbox 1627 1223 1759 1280; x_wconf 92' lang='lat' dir='ltr'><strong>apo-</strong></span> 
     </span>
    </p>
   </div>
   <div class='ocr_carea' id='block_1_13' title="bbox 181 1299 1760 1374">
    <p class='ocr_par' dir='ltr' id='par_1_13' title="bbox 181 1299 1760 1374">
     <span class='ocr_line' id='line_1_13' title="bbox 181 1299 1760 1374; baseline -0.006 -10"><span class='ocrx_word' id='word_1_78' title='bbox 181 1309 355 1364; x_wconf 88' lang='lat' dir='ltr'><strong>stolica</strong></span> <span class='ocrx_word' id='word_1_79' title='bbox 376 1321 612 1362; x_wconf 86' lang='lat' dir='ltr'><strong>censura</strong></span> <span class='ocrx_word' id='word_1_80' title='bbox 643 1305 838 1359; x_wconf 67' lang='lat' dir='ltr'><strong>haeresi</strong></span> <span class='ocrx_word' id='word_1_81' title='bbox 866 1311 1168 1374; x_wconf 85' lang='lat' dir='ltr'><strong>permanet.</strong></span> <span class='ocrx_word' id='word_1_82' title='bbox 1205 1301 1356 1357; x_wconf 89' lang='lat' dir='ltr'><strong>Sciat</strong></span> <span class='ocrx_word' id='word_1_83' title='bbox 1406 1310 1587 1356; x_wconf 91' lang='lat' dir='ltr'><strong>tamen</strong></span> <span class='ocrx_word' id='word_1_84' title='bbox 1624 1299 1760 1355; x_wconf 88' lang='lat' dir='ltr'><strong>dile-</strong></span> 
     </span>
    </p>
   </div>
   <div class='ocr_carea' id='block_1_14' title="bbox 181 1391 1762 1466">
    <p class='ocr_par' dir='ltr' id='par_1_14' title="bbox 181 1391 1762 1466">
     <span class='ocr_line' id='line_1_14' title="bbox 181 1391 1762 1466; baseline -0.006 -12"><span class='ocrx_word' id='word_1_85' title='bbox 181 1400 274 1454; x_wconf 89' lang='lat' dir='ltr'><strong>ctio</strong></span> <span class='ocrx_word' id='word_1_86' title='bbox 299 1405 508 1460; x_wconf 88' lang='lat' dir='ltr'><strong>vestra,</strong></span> <span class='ocrx_word' id='word_1_87' title='bbox 536 1395 679 1466; x_wconf 92' lang='lat' dir='ltr'><strong>quod</strong></span> <span class='ocrx_word' id='word_1_88' title='bbox 708 1395 850 1449; x_wconf 81' lang='lat' dir='ltr'><strong>filius</strong></span> <span class='ocrx_word' id='word_1_89' title='bbox 877 1401 1063 1448; x_wconf 90' lang='lat' dir='ltr'><strong>noster</strong></span> <span class='ocrx_word' id='word_1_90' title='bbox 1088 1406 1114 1434; x_wconf 79' lang='grc' dir='ltr'><strong>ει</strong></span> <span class='ocrx_word' id='word_1_91' title='bbox 1145 1391 1448 1446; x_wconf 89' lang='lat' dir='ltr'><strong>Laidradus</strong></span> <span class='ocrx_word' id='word_1_92' title='bbox 1471 1391 1762 1462; x_wconf 88' lang='lat' dir='ltr'><strong>episcopus</strong></span> 
     </span>
    </p>
   </div>
   <div class='ocr_carea' id='block_1_15' title="bbox 179 1483 1758 1557">
    <p class='ocr_par' dir='ltr' id='par_1_15' title="bbox 179 1483 1758 1557">
     <span class='ocr_line' id='line_1_15' title="bbox 179 1483 1758 1557; baseline -0.003 -15"><span class='ocrx_word' id='word_1_93' title='bbox 179 1489 334 1542; x_wconf 84' lang='lat' dir='ltr'><strong>frater</strong></span> <span class='ocrx_word' id='word_1_94' title='bbox 378 1495 582 1550; x_wconf 83' lang='lat' dir='ltr'><strong>vester,</strong></span> <span class='ocrx_word' id='word_1_95' title='bbox 615 1500 868 1557; x_wconf 89' lang='lat' dir='ltr'><strong>magnum</strong></span> <span class='ocrx_word' id='word_1_96' title='bbox 913 1483 1214 1554; x_wconf 89' lang='lat' dir='ltr'><strong>profectum</strong></span> <span class='ocrx_word' id='word_1_97' title='bbox 1263 1485 1317 1540; x_wconf 91' lang='lat' dir='ltr'><strong>in</strong></span> <span class='ocrx_word' id='word_1_98' title='bbox 1348 1483 1452 1538; x_wconf 88' lang='lat' dir='ltr'><strong>illis</strong></span> <span class='ocrx_word' id='word_1_99' title='bbox 1493 1483 1758 1553; x_wconf 89' lang='lat' dir='ltr'><strong>partibus,</strong></span> 
     </span>
    </p>
   </div>
   <div class='ocr_carea' id='block_1_16' title="bbox 178 1575 1762 1648">
    <p class='ocr_par' dir='ltr' id='par_1_16' title="bbox 178 1575 1762 1648">
     <span class='ocr_line' id='line_1_16' title="bbox 178 1575 1762 1648; baseline -0.003 -14"><span class='ocrx_word' id='word_1_100' title='bbox 178 1581 275 1634; x_wconf 86' lang='lat' dir='ltr'><strong>Deo</strong></span> <span class='ocrx_word' id='word_1_101' title='bbox 303 1579 563 1642; x_wconf 88' lang='lat' dir='ltr'><strong>donante,</strong></span> <span class='ocrx_word' id='word_1_102' title='bbox 607 1578 718 1648; x_wconf 89' lang='lat' dir='ltr'><strong>egit</strong></span> <span class='ocrx_word' id='word_1_103' title='bbox 764 1576 1114 1647; x_wconf 84' lang='lat' dir='ltr'><strong>quotidieque</strong></span> <span class='ocrx_word' id='word_1_104' title='bbox 1168 1577 1298 1648; x_wconf 83' lang='lat' dir='ltr'><strong>agit.</strong></span> <span class='ocrx_word' id='word_1_105' title='bbox 1330 1575 1402 1632; x_wconf 91' lang='lat' dir='ltr'><strong>Ut</strong></span> <span class='ocrx_word' id='word_1_106' title='bbox 1447 1575 1580 1629; x_wconf 91' lang='lat' dir='ltr'><strong>mihi</strong></span> <span class='ocrx_word' id='word_1_107' title='bbox 1631 1591 1762 1630; x_wconf 89' lang='lat' dir='ltr'><strong>vere</strong></span> 
     </span>
    </p>
   </div>
   <div class='ocr_carea' id='block_1_17' title="bbox 177 1669 1758 1742">
    <p class='ocr_par' dir='ltr' id='par_1_17' title="bbox 177 1669 1758 1742">
     <span class='ocr_line' id='line_1_17' title="bbox 177 1669 1758 1742; baseline -0.001 -16"><span class='ocrx_word' id='word_1_108' title='bbox 177 1672 427 1726; x_wconf 82' lang='lat' dir='ltr'><strong>dixerunt</strong></span> <span class='ocrx_word' id='word_1_109' title='bbox 449 1687 516 1727; x_wconf 85' lang='lat' dir='ltr'><strong>ex</strong></span> <span class='ocrx_word' id='word_1_110' title='bbox 541 1671 647 1726; x_wconf 93' lang='lat' dir='ltr'><strong>illis</strong></span> <span class='ocrx_word' id='word_1_111' title='bbox 690 1671 935 1742; x_wconf 88' lang='lat' dir='ltr'><strong>partibus</strong></span> <span class='ocrx_word' id='word_1_112' title='bbox 981 1671 1083 1726; x_wconf 92' lang='lat' dir='ltr'><strong>viri</strong></span> <span class='ocrx_word' id='word_1_113' title='bbox 1126 1669 1363 1742; x_wconf 79' lang='lat' dir='ltr'><strong>religiosi</strong></span> <span class='ocrx_word' id='word_1_114' title='bbox 1414 1677 1468 1724; x_wconf 89' lang='lat' dir='ltr'><strong>et</strong></span> <span class='ocrx_word' id='word_1_115' title='bbox 1517 1684 1758 1733; x_wconf 85' lang='lat' dir='ltr'><strong>veraces,</strong></span> 
     </span>
    </p>
   </div>
   <div class='ocr_carea' id='block_1_18' title="bbox 177 1762 1759 1836">
    <p class='ocr_par' dir='ltr' id='par_1_18' title="bbox 177 1762 1759 1836">
     <span class='ocr_line' id='line_1_18' title="bbox 177 1762 1759 1836; baseline -0.001 -18"><span class='ocrx_word' id='word_1_116' title='bbox 177 1780 337 1834; x_wconf 89' lang='lat' dir='ltr'><strong>usque</strong></span> <span class='ocrx_word' id='word_1_117' title='bbox 371 1764 569 1836; x_wconf 88' lang='lat' dir='ltr'><strong>viginti</strong></span> <span class='ocrx_word' id='word_1_118' title='bbox 612 1763 781 1817; x_wconf 88' lang='lat' dir='ltr'><strong>millia</strong></span> <span class='ocrx_word' id='word_1_119' title='bbox 811 1763 1058 1818; x_wconf 87' lang='lat' dir='ltr'><strong>conversi</strong></span> <span class='ocrx_word' id='word_1_120' title='bbox 1107 1769 1234 1817; x_wconf 91' lang='lat' dir='ltr'><strong>sunt</strong></span> <span class='ocrx_word' id='word_1_121' title='bbox 1282 1762 1423 1818; x_wconf 90' lang='lat' dir='ltr'><strong>inter</strong></span> <span class='ocrx_word' id='word_1_122' title='bbox 1453 1762 1759 1832; x_wconf 88' lang='lat' dir='ltr'><strong>episcopos,</strong></span> 
     </span>
    </p>
   </div>
   <div class='ocr_carea' id='block_1_19' title="bbox 1859 555 3453 622">
    <p class='ocr_par' dir='ltr' id='par_1_19' title="bbox 1859 555 3453 622">
     <span class='ocr_line' id='line_1_19' title="bbox 1859 555 3453 622; baseline -0.006 -1"><span class='ocrx_word' id='word_1_123' title='bbox 1859 568 1912 621; x_wconf 92' lang='lat' dir='ltr'><strong>in</strong></span> <span class='ocrx_word' id='word_1_124' title='bbox 1936 565 2241 620; x_wconf 91' lang='lat' dir='ltr'><strong>Christiana</strong></span> <span class='ocrx_word' id='word_1_125' title='bbox 2272 562 2378 618; x_wconf 91' lang='lat' dir='ltr'><strong>ﬁde</strong></span> <span class='ocrx_word' id='word_1_126' title='bbox 2406 558 2771 617; x_wconf 90' lang='lat' dir='ltr'><strong>ferocissimos</strong></span> <span class='ocrx_word' id='word_1_127' title='bbox 2811 556 3062 622; x_wconf 88' lang='lat' dir='ltr'><strong>subjiciat</strong></span> <span class='ocrx_word' id='word_1_128' title='bbox 3105 555 3345 620; x_wconf 89' lang='lat' dir='ltr'><strong>animos,</strong></span> <span class='ocrx_word' id='word_1_129' title='bbox 3385 565 3453 611; x_wconf 92' lang='lat' dir='ltr'><strong>ut</strong></span> 
     </span>
    </p>
   </div>
   <div class='ocr_carea' id='block_1_20' title="bbox 1862 643 3453 727">
    <p class='ocr_par' dir='ltr' id='par_1_20' title="bbox 1862 643 3453 727">
     <span class='ocr_line' id='line_1_20' title="bbox 1862 643 3453 727; baseline -0.008 -14"><span class='ocrx_word' id='word_1_130' title='bbox 1862 656 2024 727; x_wconf 78' lang='lat'><strong>138</strong></span> <span class='ocrx_word' id='word_1_131' title='bbox 2053 654 2200 711; x_wconf 88' lang='lat' dir='ltr'><strong>solus</strong></span> <span class='ocrx_word' id='word_1_132' title='bbox 2229 653 2372 708; x_wconf 90' lang='lat' dir='ltr'><strong>Deus</strong></span> <span class='ocrx_word' id='word_1_133' title='bbox 2416 660 2473 706; x_wconf 92' lang='lat' dir='ltr'><strong>et</strong></span> <span class='ocrx_word' id='word_1_134' title='bbox 2501 648 2762 703; x_wconf 88' lang='lat' dir='ltr'><strong>Dominus</strong></span> <span class='ocrx_word' id='word_1_135' title='bbox 2802 654 2984 701; x_wconf 89' lang='lat' dir='ltr'><strong>noster</strong></span> <span class='ocrx_word' id='word_1_136' title='bbox 3017 643 3175 700; x_wconf 83' lang='lat' dir='ltr'><strong>Jesus</strong></span> <span class='ocrx_word' id='word_1_137' title='bbox 3199 643 3453 700; x_wconf 87' lang='lat' dir='ltr'><strong>Christus</strong></span> 
     </span>
    </p>
   </div>
   <div class='ocr_carea' id='block_1_21' title="bbox 1859 736 3454 815">
    <p class='ocr_par' dir='ltr' id='par_1_21' title="bbox 1859 736 3454 815">
     <span class='ocr_line' id='line_1_21' title="bbox 1859 736 3454 815; baseline -0.008 -11"><span class='ocrx_word' id='word_1_138' title='bbox 1859 747 2134 815; x_wconf 89' lang='lat' dir='ltr'><strong>credatur,</strong></span> <span class='ocrx_word' id='word_1_139' title='bbox 2171 747 2408 809; x_wconf 89' lang='lat' dir='ltr'><strong>colatur,</strong></span> <span class='ocrx_word' id='word_1_140' title='bbox 2459 752 2622 814; x_wconf 90' lang='lat' dir='ltr'><strong>atque</strong></span> <span class='ocrx_word' id='word_1_141' title='bbox 2647 749 2878 796; x_wconf 91' lang='lat' dir='ltr'><strong>ametur.</strong></span> <span class='ocrx_word' id='word_1_142' title='bbox 2912 741 3109 796; x_wconf 80' lang='lat' dir='ltr'><strong>Vestra</strong></span> <span class='ocrx_word' id='word_1_143' title='bbox 3149 736 3454 794; x_wconf 89' lang='lat' dir='ltr'><strong>clarissima</strong></span> 
     </span>
    </p>
   </div>
   <div class='ocr_carea' id='block_1_22' title="bbox 1860 828 3454 914">
    <p class='ocr_par' dir='ltr' id='par_1_22' title="bbox 1860 828 3454 914">
     <span class='ocr_line' id='line_1_22' title="bbox 1860 828 3454 914; baseline -0.009 -17"><span class='ocrx_word' id='word_1_144' title='bbox 1860 839 2125 914; x_wconf 83' lang='lat' dir='ltr'><strong>[potestas</strong></span> <span class='ocrx_word' id='word_1_145' title='bbox 2151 847 2210 896; x_wconf 90' lang='lat' dir='ltr'><strong>et</strong></span> <span class='ocrx_word' id='word_1_146' title='bbox 2235 833 2601 908; x_wconf 90' lang='lat' dir='ltr'><strong>sanctissima]</strong></span> <span class='ocrx_word' id='word_1_147' title='bbox 2629 833 2879 889; x_wconf 83' lang='lat' dir='ltr'><strong>voluntas</strong></span> <span class='ocrx_word' id='word_1_148' title='bbox 2906 832 2961 886; x_wconf 92' lang='lat' dir='ltr'><strong>in</strong></span> <span class='ocrx_word' id='word_1_149' title='bbox 2988 833 3093 887; x_wconf 92' lang='lat' dir='ltr'><strong>hoc</strong></span> <span class='ocrx_word' id='word_1_150' title='bbox 3119 830 3266 885; x_wconf 89' lang='lat' dir='ltr'><strong>omni</strong></span> <span class='ocrx_word' id='word_1_151' title='bbox 3300 828 3454 884; x_wconf 88' lang='lat' dir='ltr'><strong>labo-</strong></span> 
     </span>
    </p>
   </div>
   <div class='ocr_carea' id='block_1_23' title="bbox 1860 923 3453 998">
    <p class='ocr_par' dir='ltr' id='par_1_23' title="bbox 1860 923 3453 998">
     <span class='ocr_line' id='line_1_23' title="bbox 1860 923 3453 998; baseline -0.007 -10"><span class='ocrx_word' id='word_1_152' title='bbox 1860 942 1945 988; x_wconf 89' lang='lat' dir='ltr'><strong>ret</strong></span> <span class='ocrx_word' id='word_1_153' title='bbox 1981 933 2157 989; x_wconf 91' lang='lat' dir='ltr'><strong>studio</strong></span> <span class='ocrx_word' id='word_1_154' title='bbox 2177 974 2192 998; x_wconf 94' lang='lat'><strong>,</strong></span> <span class='ocrx_word' id='word_1_155' title='bbox 2223 941 2284 986; x_wconf 92' lang='lat' dir='ltr'><strong>ut</strong></span> <span class='ocrx_word' id='word_1_156' title='bbox 2307 929 2510 986; x_wconf 88' lang='lat' dir='ltr'><strong>Christi</strong></span> <span class='ocrx_word' id='word_1_157' title='bbox 2536 942 2735 982; x_wconf 91' lang='lat' dir='ltr'><strong>nomen</strong></span> <span class='ocrx_word' id='word_1_158' title='bbox 2762 925 3112 990; x_wconf 89' lang='lat' dir='ltr'><strong>clariﬁcetur,</strong></span> <span class='ocrx_word' id='word_1_159' title='bbox 3143 933 3200 979; x_wconf 92' lang='lat' dir='ltr'><strong>et</strong></span> <span class='ocrx_word' id='word_1_160' title='bbox 3218 923 3338 995; x_wconf 87' lang='lat' dir='ltr'><strong>ejus</strong></span> <span class='ocrx_word' id='word_1_161' title='bbox 3366 923 3453 979; x_wconf 84' lang='lat' dir='ltr'><strong>di-</strong></span> 
     </span>
    </p>
   </div>
   <div class='ocr_carea' id='block_1_24' title="bbox 1859 1011 3450 1094">
    <p class='ocr_par' dir='ltr' id='par_1_24' title="bbox 1859 1011 3450 1094">
     <span class='ocr_line' id='line_1_24' title="bbox 1859 1011 3450 1094; baseline -0.008 -16"><span class='ocrx_word' id='word_1_162' title='bbox 1859 1023 1985 1078; x_wconf 90' lang='lat' dir='ltr'><strong>vina</strong></span> <span class='ocrx_word' id='word_1_163' title='bbox 2017 1030 2256 1094; x_wconf 88' lang='lat' dir='ltr'><strong>potestas</strong></span> <span class='ocrx_word' id='word_1_164' title='bbox 2281 1037 2378 1092; x_wconf 92' lang='lat' dir='ltr'><strong>per</strong></span> <span class='ocrx_word' id='word_1_165' title='bbox 2404 1018 2734 1074; x_wconf 78' lang='lat' dir='ltr'><strong>fortitudinis</strong></span> <span class='ocrx_word' id='word_1_166' title='bbox 2760 1025 2956 1071; x_wconf 63' lang='lat' dir='ltr'><strong>vestra;</strong></span> <span class='ocrx_word' id='word_1_167' title='bbox 2984 1013 3287 1086; x_wconf 80' lang='lat' dir='ltr'><strong>triumphos</strong></span> <span class='ocrx_word' id='word_1_168' title='bbox 3310 1011 3450 1068; x_wconf 88' lang='lat' dir='ltr'><strong>mul-</strong></span> 
     </span>
    </p>
   </div>
   <div class='ocr_carea' id='block_1_25' title="bbox 1863 1106 3568 1184">
    <p class='ocr_par' dir='ltr' id='par_1_25' title="bbox 1863 1106 3568 1184">
     <span class='ocr_line' id='line_1_25' title="bbox 1863 1106 3568 1184; baseline -0.006 -14"><span class='ocrx_word' id='word_1_169' title='bbox 1863 1117 1934 1170; x_wconf 92' lang='lat' dir='ltr'><strong>tis</strong></span> <span class='ocrx_word' id='word_1_170' title='bbox 1959 1124 2229 1170; x_wconf 88' lang='lat' dir='ltr'><strong>terrarum</strong></span> <span class='ocrx_word' id='word_1_171' title='bbox 2261 1113 2442 1184; x_wconf 80' lang='lat' dir='ltr'><strong>regnis</strong></span> <span class='ocrx_word' id='word_1_172' title='bbox 2465 1113 2772 1167; x_wconf 86' lang='lat' dir='ltr'><strong>innotescat</strong></span> <span class='ocrx_word' id='word_1_173' title='bbox 2802 1127 2816 1164; x_wconf 91' lang='lat'><strong>:</strong></span> <span class='ocrx_word' id='word_1_174' title='bbox 2851 1118 3121 1180; x_wconf 87' lang='lat' dir='ltr'><strong>quatenus</strong></span> <span class='ocrx_word' id='word_1_175' title='bbox 3149 1123 3257 1163; x_wconf 89' lang='lat' dir='ltr'><strong>non</strong></span> <span class='ocrx_word' id='word_1_176' title='bbox 3279 1106 3454 1163; x_wconf 88' lang='lat' dir='ltr'><strong>solum</strong></span> <span class='ocrx_word' id='word_1_177' title='bbox 3557 1144 3568 1149; x_wconf 73' lang='lat'><strong>-</strong></span> 
     </span>
    </p>
   </div>
   <div class='ocr_carea' id='block_1_26' title="bbox 1863 1199 3456 1279">
    <p class='ocr_par' dir='ltr' id='par_1_26' title="bbox 1863 1199 3456 1279">
     <span class='ocr_line' id='line_1_26' title="bbox 1863 1199 3456 1279; baseline -0.006 -16"><span class='ocrx_word' id='word_1_178' title='bbox 1863 1207 2179 1279; x_wconf 88' lang='lat' dir='ltr'><strong>magnitudo</strong></span> <span class='ocrx_word' id='word_1_179' title='bbox 2222 1206 2506 1276; x_wconf 88' lang='lat' dir='ltr'><strong>potestatis</strong></span> <span class='ocrx_word' id='word_1_180' title='bbox 2550 1211 2601 1259; x_wconf 90' lang='lat' dir='ltr'><strong>te</strong></span> <span class='ocrx_word' id='word_1_181' title='bbox 2631 1218 2814 1275; x_wconf 89' lang='lat' dir='ltr'><strong>regem</strong></span> <span class='ocrx_word' id='word_1_182' title='bbox 2856 1199 3136 1266; x_wconf 87' lang='lat' dir='ltr'><strong>ostendat,</strong></span> <span class='ocrx_word' id='word_1_183' title='bbox 3168 1200 3262 1255; x_wconf 88' lang='lat' dir='ltr'><strong>sed</strong></span> <span class='ocrx_word' id='word_1_184' title='bbox 3288 1199 3456 1255; x_wconf 91' lang='lat' dir='ltr'><strong>etiam</strong></span> 
     </span>
    </p>
   </div>
   <div class='ocr_carea' id='block_1_27' title="bbox 1865 1293 3463 1356">
    <p class='ocr_par' dir='ltr' id='par_1_27' title="bbox 1865 1293 3463 1356">
     <span class='ocr_line' id='line_1_27' title="bbox 1865 1293 3463 1356; baseline -0.004 -1"><span class='ocrx_word' id='word_1_185' title='bbox 1865 1300 2123 1356; x_wconf 89' lang='lat' dir='ltr'><strong>instantia</strong></span> <span class='ocrx_word' id='word_1_186' title='bbox 2167 1297 2467 1354; x_wconf 90' lang='lat' dir='ltr'><strong>seminandi</strong></span> <span class='ocrx_word' id='word_1_187' title='bbox 2495 1297 2644 1351; x_wconf 91' lang='lat' dir='ltr'><strong>verbi</strong></span> <span class='ocrx_word' id='word_1_188' title='bbox 2675 1296 2771 1350; x_wconf 88' lang='lat' dir='ltr'><strong>Dei</strong></span> <span class='ocrx_word' id='word_1_189' title='bbox 2808 1296 2863 1349; x_wconf 92' lang='lat' dir='ltr'><strong>in</strong></span> <span class='ocrx_word' id='word_1_190' title='bbox 2894 1294 3054 1349; x_wconf 85' lang='lat' dir='ltr'><strong>laude</strong></span> <span class='ocrx_word' id='word_1_191' title='bbox 3083 1293 3318 1348; x_wconf 87' lang='lat' dir='ltr'><strong>nominis</strong></span> <span class='ocrx_word' id='word_1_192' title='bbox 3355 1293 3463 1348; x_wconf 91' lang='lat' dir='ltr'><strong>Do-</strong></span> 
     </span>
    </p>
   </div>
   <div class='ocr_carea' id='block_1_28' title="bbox 1872 1383 3464 1457">
    <p class='ocr_par' dir='ltr' id='par_1_28' title="bbox 1872 1383 3464 1457">
     <span class='ocr_line' id='line_1_28' title="bbox 1872 1383 3464 1457; baseline -0.007 -9"><span class='ocrx_word' id='word_1_193' title='bbox 1872 1392 2006 1448; x_wconf 92' lang='lat' dir='ltr'><strong>mini</strong></span> <span class='ocrx_word' id='word_1_194' title='bbox 2051 1392 2223 1447; x_wconf 89' lang='lat' dir='ltr'><strong>nostri</strong></span> <span class='ocrx_word' id='word_1_195' title='bbox 2252 1389 2378 1445; x_wconf 82' lang='lat' dir='ltr'><strong>Jesu</strong></span> <span class='ocrx_word' id='word_1_196' title='bbox 2407 1388 2610 1444; x_wconf 89' lang='lat' dir='ltr'><strong>Christi</strong></span> <span class='ocrx_word' id='word_1_197' title='bbox 2651 1387 3061 1457; x_wconf 62' lang='lat' dir='ltr'><strong>praedicatorem</strong></span> <span class='ocrx_word' id='word_1_198' title='bbox 3087 1383 3304 1440; x_wconf 73' lang='lat' dir='ltr'><strong>efﬁciat.</strong></span> <span class='ocrx_word' id='word_1_199' title='bbox 3336 1383 3464 1438; x_wconf 91' lang='lat' dir='ltr'><strong>ldeo</strong></span> 
     </span>
    </p>
   </div>
   <div class='ocr_carea' id='block_1_29' title="bbox 1866 1473 3461 1553">
    <p class='ocr_par' dir='ltr' id='par_1_29' title="bbox 1866 1473 3461 1553">
     <span class='ocr_line' id='line_1_29' title="bbox 1866 1473 3461 1553; baseline -0.006 -17"><span class='ocrx_word' id='word_1_200' title='bbox 1866 1480 2048 1537; x_wconf 88' lang='lat' dir='ltr'><strong>divina</strong></span> <span class='ocrx_word' id='word_1_201' title='bbox 2077 1489 2130 1536; x_wconf 92' lang='lat' dir='ltr'><strong>te</strong></span> <span class='ocrx_word' id='word_1_202' title='bbox 2151 1481 2325 1553; x_wconf 87' lang='lat' dir='ltr'><strong>gratia</strong></span> <span class='ocrx_word' id='word_1_203' title='bbox 2355 1481 2439 1534; x_wconf 93' lang='lat' dir='ltr'><strong>his</strong></span> <span class='ocrx_word' id='word_1_204' title='bbox 2468 1480 2678 1535; x_wconf 90' lang='lat' dir='ltr'><strong>duobus</strong></span> <span class='ocrx_word' id='word_1_205' title='bbox 2703 1475 3022 1533; x_wconf 85' lang='lat' dir='ltr'><strong>mirabiliter</strong></span> <span class='ocrx_word' id='word_1_206' title='bbox 3048 1473 3242 1530; x_wconf 90' lang='lat' dir='ltr'><strong>ditavit</strong></span> <span class='ocrx_word' id='word_1_207' title='bbox 3270 1489 3461 1528; x_wconf 83' lang='lat' dir='ltr'><strong>mune-</strong></span> 
     </span>
    </p>
   </div>
   <div class='ocr_carea' id='block_1_30' title="bbox 1866 1565 3462 1639">
    <p class='ocr_par' dir='ltr' id='par_1_30' title="bbox 1866 1565 3462 1639">
     <span class='ocr_line' id='line_1_30' title="bbox 1866 1565 3462 1639; baseline -0.006 -10"><span class='ocrx_word' id='word_1_208' title='bbox 1866 1575 2038 1639; x_wconf 89' lang='lat' dir='ltr'><strong>ribus,</strong></span> <span class='ocrx_word' id='word_1_209' title='bbox 2072 1573 2126 1627; x_wconf 92' lang='lat' dir='ltr'><strong>id</strong></span> <span class='ocrx_word' id='word_1_210' title='bbox 2153 1581 2274 1638; x_wconf 90' lang='lat' dir='ltr'><strong>est,</strong></span> <span class='ocrx_word' id='word_1_211' title='bbox 2303 1582 2532 1627; x_wconf 78' lang='lat' dir='ltr'><strong>terrenae</strong></span> <span class='ocrx_word' id='word_1_212' title='bbox 2561 1569 2835 1628; x_wconf 88' lang='lat' dir='ltr'><strong>felicitatis</strong></span> <span class='ocrx_word' id='word_1_213' title='bbox 2861 1567 3087 1637; x_wconf 89' lang='lat' dir='ltr'><strong>imperio</strong></span> <span class='ocrx_word' id='word_1_214' title='bbox 3117 1575 3172 1622; x_wconf 91' lang='lat' dir='ltr'><strong>et</strong></span> <span class='ocrx_word' id='word_1_215' title='bbox 3199 1565 3462 1636; x_wconf 86' lang='lat' dir='ltr'><strong>spiritalis</strong></span> 
     </span>
    </p>
   </div>
   <div class='ocr_carea' id='block_1_31' title="bbox 1868 1654 3465 1734">
    <p class='ocr_par' dir='ltr' id='par_1_31' title="bbox 1868 1654 3465 1734">
     <span class='ocr_line' id='line_1_31' title="bbox 1868 1654 3465 1734; baseline -0.007 -15"><span class='ocrx_word' id='word_1_216' title='bbox 1868 1663 2145 1734; x_wconf 46' lang='lat' dir='ltr'><strong>sapientiai</strong></span> <span class='ocrx_word' id='word_1_217' title='bbox 2185 1659 2489 1725; x_wconf 85' lang='lat' dir='ltr'><strong>latitudine,</strong></span> <span class='ocrx_word' id='word_1_218' title='bbox 2518 1659 2659 1713; x_wconf 91' lang='lat' dir='ltr'><strong>utin</strong></span> <span class='ocrx_word' id='word_1_219' title='bbox 2702 1665 2931 1727; x_wconf 88' lang='lat' dir='ltr'><strong>utroque</strong></span> <span class='ocrx_word' id='word_1_220' title='bbox 2978 1654 3256 1726; x_wconf 81' lang='lat' dir='ltr'><strong>proficias,</strong></span> <span class='ocrx_word' id='word_1_221' title='bbox 3290 1656 3465 1709; x_wconf 91' lang='lat' dir='ltr'><strong>donec</strong></span> 
     </span>
    </p>
   </div>
   <div class='ocr_carea' id='block_1_32' title="bbox 1871 1745 3476 1820">
    <p class='ocr_par' dir='ltr' id='par_1_32' title="bbox 1871 1745 3476 1820">
     <span class='ocr_line' id='line_1_32' title="bbox 1871 1745 3476 1820; baseline -0.006 -12"><span class='ocrx_word' id='word_1_222' title='bbox 1871 1754 1939 1808; x_wconf 89' lang='lat' dir='ltr'><strong>ad</strong></span> <span class='ocrx_word' id='word_1_223' title='bbox 1972 1761 2190 1808; x_wconf 64' lang='lat' dir='ltr'><strong>aeterna:</strong></span> <span class='ocrx_word' id='word_1_224' title='bbox 2219 1751 2576 1807; x_wconf 88' lang='lat' dir='ltr'><strong>beatitudinis</strong></span> <span class='ocrx_word' id='word_1_225' title='bbox 2606 1748 2892 1820; x_wconf 84' lang='lat' dir='ltr'><strong>pervenias</strong></span> <span class='ocrx_word' id='word_1_226' title='bbox 2930 1745 3263 1802; x_wconf 87' lang='lat' dir='ltr'><strong>felicitatem.</strong></span> <span class='ocrx_word' id='word_1_227' title='bbox 3303 1745 3476 1800; x_wconf 81' lang='lat' dir='ltr'><strong>Parce</strong></span> 
     </span>
    </p>
   </div>
   <div class='ocr_carea' id='block_1_33' title="bbox 172 1839 3470 1924">
    <p class='ocr_par' dir='ltr' id='par_1_33' title="bbox 172 1839 3470 1924">
     <span class='ocr_line' id='line_1_33' title="bbox 172 1839 3470 1924; baseline -0.005 -15"><span class='ocrx_word' id='word_1_228' title='bbox 172 1853 498 1918; x_wconf 84' lang='lat' dir='ltr'><strong>sacerdotes,</strong></span> <span class='ocrx_word' id='word_1_229' title='bbox 549 1854 863 1918; x_wconf 91' lang='lat' dir='ltr'><strong>monachos,</strong></span> <span class='ocrx_word' id='word_1_230' title='bbox 897 1852 1175 1924; x_wconf 89' lang='lat' dir='ltr'><strong>p0pulum,</strong></span> <span class='ocrx_word' id='word_1_231' title='bbox 1208 1853 1356 1908; x_wconf 90' lang='lat' dir='ltr'><strong>viros</strong></span> <span class='ocrx_word' id='word_1_232' title='bbox 1405 1861 1461 1906; x_wconf 90' lang='lat' dir='ltr'><strong>et</strong></span> <span class='ocrx_word' id='word_1_233' title='bbox 1509 1851 1762 1917; x_wconf 90' lang='lat' dir='ltr'><strong>feminas,</strong></span> <span class='ocrx_word' id='word_1_234' title='bbox 1797 1841 1845 1904; x_wconf 80' lang='grc' dir='ltr'><strong><em>Β</em></strong></span> <span class='ocrx_word' id='word_1_235' title='bbox 1870 1845 2068 1918; x_wconf 90' lang='lat' dir='ltr'><strong>populo</strong></span> <span class='ocrx_word' id='word_1_236' title='bbox 2091 1843 2232 1918; x_wconf 88' lang='lat' dir='ltr'><strong>[tuo]</strong></span> <span class='ocrx_word' id='word_1_237' title='bbox 2261 1843 2590 1909; x_wconf 91' lang='lat' dir='ltr'><strong>Christiano,</strong></span> <span class='ocrx_word' id='word_1_238' title='bbox 2621 1850 2676 1898; x_wconf 91' lang='lat' dir='ltr'><strong>et</strong></span> <span class='ocrx_word' id='word_1_239' title='bbox 2702 1841 2973 1896; x_wconf 87' lang='lat' dir='ltr'><strong>Ecclesias</strong></span> <span class='ocrx_word' id='word_1_240' title='bbox 2994 1839 3197 1896; x_wconf 84' lang='lat' dir='ltr'><strong>Christi</strong></span> <span class='ocrx_word' id='word_1_241' title='bbox 3220 1839 3470 1905; x_wconf 86' lang='lat' dir='ltr'><strong>defende,</strong></span> 
     </span>
    </p>
   </div>
   <div class='ocr_carea' id='block_1_34' title="bbox 171 1943 1764 2017">
    <p class='ocr_par' dir='ltr' id='par_1_34' title="bbox 171 1943 1764 2017">
     <span class='ocr_line' id='line_1_34' title="bbox 171 1943 1764 2017; baseline -0.003 -17"><span class='ocrx_word' id='word_1_242' title='bbox 171 1943 486 2017; x_wconf 84' lang='lat' dir='ltr'><strong>plangentes</strong></span> <span class='ocrx_word' id='word_1_243' title='bbox 511 1945 800 2014; x_wconf 89' lang='lat' dir='ltr'><strong>pristinum</strong></span> <span class='ocrx_word' id='word_1_244' title='bbox 842 1959 1083 2000; x_wconf 88' lang='lat' dir='ltr'><strong>errorem</strong></span> <span class='ocrx_word' id='word_1_245' title='bbox 1121 1945 1540 2016; x_wconf 87' lang='lat' dir='ltr'><strong>gaudentesque,</strong></span> <span class='ocrx_word' id='word_1_246' title='bbox 1583 1943 1764 2011; x_wconf 88' lang='lat' dir='ltr'><strong>quoti-</strong></span> 
     </span>
    </p>
   </div>
   <div class='ocr_carea' id='block_1_35' title="bbox 168 2023 1768 2106">
    <p class='ocr_par' dir='ltr' id='par_1_35' title="bbox 168 2023 1768 2106">
     <span class='ocr_line' id='line_1_35' title="bbox 168 2023 1768 2106; baseline -0.003 -17"><span class='ocrx_word' id='word_1_247' title='bbox 168 2023 249 2090; x_wconf 81' lang='lat' dir='ltr'><strong>die</strong></span> <span class='ocrx_word' id='word_1_248' title='bbox 297 2033 418 2090; x_wconf 92' lang='lat' dir='ltr'><strong>Deo</strong></span> <span class='ocrx_word' id='word_1_249' title='bbox 449 2042 668 2104; x_wconf 80' lang='lat' dir='ltr'><strong>agentes</strong></span> <span class='ocrx_word' id='word_1_250' title='bbox 710 2035 912 2106; x_wconf 81' lang='lat' dir='ltr'><strong>gratias</strong></span> <span class='ocrx_word' id='word_1_251' title='bbox 939 2034 996 2091; x_wconf 91' lang='lat' dir='ltr'><strong>in</strong></span> <span class='ocrx_word' id='word_1_252' title='bbox 1027 2034 1300 2106; x_wconf 85' lang='lat' dir='ltr'><strong>agnitione</strong></span> <span class='ocrx_word' id='word_1_253' title='bbox 1329 2034 1575 2088; x_wconf 84' lang='lat' dir='ltr'><strong>veritatis</strong></span> <span class='ocrx_word' id='word_1_254' title='bbox 1605 2039 1660 2088; x_wconf 91' lang='lat' dir='ltr'><strong>et</strong></span> <span class='ocrx_word' id='word_1_255' title='bbox 1711 2032 1768 2086; x_wconf 89' lang='lat' dir='ltr'><strong>in</strong></span> 
     </span>
    </p>
   </div>
   <div class='ocr_carea' id='block_1_36' title="bbox 169 2121 1769 2195">
    <p class='ocr_par' dir='ltr' id='par_1_36' title="bbox 169 2121 1769 2195">
     <span class='ocr_line' id='line_1_36' title="bbox 169 2121 1769 2195; baseline -0.001 -15"><span class='ocrx_word' id='word_1_256' title='bbox 169 2126 441 2181; x_wconf 86' lang='lat' dir='ltr'><strong>catholica</strong></span> <span class='ocrx_word' id='word_1_257' title='bbox 471 2127 590 2181; x_wconf 91' lang='lat' dir='ltr'><strong>ﬁdei</strong></span> <span class='ocrx_word' id='word_1_258' title='bbox 643 2125 921 2181; x_wconf 83' lang='lat' dir='ltr'><strong>ﬁrmitate.</strong></span> <span class='ocrx_word' id='word_1_259' title='bbox 975 2125 1051 2179; x_wconf 91' lang='lat' dir='ltr'><strong>De</strong></span> <span class='ocrx_word' id='word_1_260' title='bbox 1102 2125 1218 2195; x_wconf 90' lang='lat' dir='ltr'><strong>ipso</strong></span> <span class='ocrx_word' id='word_1_261' title='bbox 1251 2123 1429 2179; x_wconf 89' lang='lat' dir='ltr'><strong>Felice</strong></span> <span class='ocrx_word' id='word_1_262' title='bbox 1451 2121 1563 2193; x_wconf 84' lang='lat' dir='ltr'><strong>jam</strong></span> <span class='ocrx_word' id='word_1_263' title='bbox 1617 2122 1769 2194; x_wconf 88' lang='lat' dir='ltr'><strong>prius</strong></span> 
     </span>
    </p>
   </div>
   <div class='ocr_carea' id='block_1_37' title="bbox 165 2217 1770 2288">
    <p class='ocr_par' dir='ltr' id='par_1_37' title="bbox 165 2217 1770 2288">
     <span class='ocr_line' id='line_1_37' title="bbox 165 2217 1770 2288; baseline -0.001 -16"><span class='ocrx_word' id='word_1_264' title='bbox 165 2233 255 2288; x_wconf 89' lang='lat' dir='ltr'><strong>per</strong></span> <span class='ocrx_word' id='word_1_265' title='bbox 280 2219 502 2274; x_wconf 84' lang='lat' dir='ltr'><strong>litteras</strong></span> <span class='ocrx_word' id='word_1_266' title='bbox 529 2227 760 2283; x_wconf 86' lang='lat' dir='ltr'><strong>nostras,</strong></span> <span class='ocrx_word' id='word_1_267' title='bbox 797 2217 880 2272; x_wconf 91' lang='lat' dir='ltr'><strong>vel</strong></span> <span class='ocrx_word' id='word_1_268' title='bbox 903 2217 1076 2286; x_wconf 88' lang='lat' dir='ltr'><strong>magis</strong></span> <span class='ocrx_word' id='word_1_269' title='bbox 1105 2217 1332 2272; x_wconf 89' lang='lat' dir='ltr'><strong>aliorum</strong></span> <span class='ocrx_word' id='word_1_270' title='bbox 1356 2217 1640 2280; x_wconf 86' lang='lat' dir='ltr'><strong>relatione,</strong></span> <span class='ocrx_word' id='word_1_271' title='bbox 1669 2231 1770 2270; x_wconf 85' lang='lat' dir='ltr'><strong>au-</strong></span> 
     </span>
    </p>
   </div>
   <div class='ocr_carea' id='block_1_38' title="bbox 165 2305 1771 2382">
    <p class='ocr_par' dir='ltr' id='par_1_38' title="bbox 165 2305 1771 2382">
     <span class='ocr_line' id='line_1_38' title="bbox 165 2305 1771 2382; baseline -0.002 -18"><span class='ocrx_word' id='word_1_272' title='bbox 165 2310 286 2366; x_wconf 88' lang='lat' dir='ltr'><strong>disti</strong></span> <span class='ocrx_word' id='word_1_273' title='bbox 321 2312 462 2382; x_wconf 87' lang='lat' dir='ltr'><strong>quid</strong></span> <span class='ocrx_word' id='word_1_274' title='bbox 482 2321 692 2382; x_wconf 90' lang='lat' dir='ltr'><strong>gestum</strong></span> <span class='ocrx_word' id='word_1_275' title='bbox 721 2310 840 2376; x_wconf 89' lang='lat' dir='ltr'><strong>fuit,</strong></span> <span class='ocrx_word' id='word_1_276' title='bbox 871 2317 927 2364; x_wconf 92' lang='lat' dir='ltr'><strong>et</strong></span> <span class='ocrx_word' id='word_1_277' title='bbox 953 2309 1114 2363; x_wconf 92' lang='lat' dir='ltr'><strong>modo</strong></span> <span class='ocrx_word' id='word_1_278' title='bbox 1130 2308 1232 2362; x_wconf 91' lang='lat' dir='ltr'><strong>fuit</strong></span> <span class='ocrx_word' id='word_1_279' title='bbox 1255 2310 1322 2363; x_wconf 88' lang='lat' dir='ltr'><strong>ad</strong></span> <span class='ocrx_word' id='word_1_280' title='bbox 1343 2307 1604 2363; x_wconf 89' lang='lat' dir='ltr'><strong>Sanctum</strong></span> <span class='ocrx_word' id='word_1_281' title='bbox 1626 2305 1771 2361; x_wconf 75' lang='lat' dir='ltr'><strong>Mar-</strong></span> 
     </span>
    </p>
   </div>
   <div class='ocr_carea' id='block_1_39' title="bbox 161 2399 1773 2471">
    <p class='ocr_par' dir='ltr' id='par_1_39' title="bbox 161 2399 1773 2471">
     <span class='ocr_line' id='line_1_39' title="bbox 161 2399 1773 2471; baseline 0 -18"><span class='ocrx_word' id='word_1_282' title='bbox 161 2401 339 2456; x_wconf 88' lang='lat' dir='ltr'><strong>tinum</strong></span> <span class='ocrx_word' id='word_1_283' title='bbox 388 2402 530 2471; x_wconf 87' lang='lat' dir='ltr'><strong>apud</strong></span> <span class='ocrx_word' id='word_1_284' title='bbox 569 2401 852 2470; x_wconf 62' lang='lat' dir='ltr'><strong>praefatum</strong></span> <span class='ocrx_word' id='word_1_285' title='bbox 882 2401 910 2439; x_wconf 76' lang='grc' dir='ltr'><strong>ι)</strong></span> <span class='ocrx_word' id='word_1_286' title='bbox 953 2399 1122 2454; x_wconf 84' lang='lat' dir='ltr'><strong>filium</strong></span> <span class='ocrx_word' id='word_1_287' title='bbox 1153 2409 1427 2465; x_wconf 88' lang='lat' dir='ltr'><strong>nostrum;</strong></span> <span class='ocrx_word' id='word_1_288' title='bbox 1457 2409 1513 2454; x_wconf 91' lang='lat' dir='ltr'><strong>et</strong></span> <span class='ocrx_word' id='word_1_289' title='bbox 1540 2400 1773 2454; x_wconf 89' lang='lat' dir='ltr'><strong>multum</strong></span> 
     </span>
    </p>
   </div>
   <div class='ocr_carea' id='block_1_40' title="bbox 158 2489 1774 2559">
    <p class='ocr_par' dir='ltr' id='par_1_40' title="bbox 158 2489 1774 2559">
     <span class='ocr_line' id='line_1_40' title="bbox 158 2489 1774 2559; baseline -0.002 -14"><span class='ocrx_word' id='word_1_290' title='bbox 158 2499 312 2545; x_wconf 87' lang='lat' dir='ltr'><strong>amat</strong></span> <span class='ocrx_word' id='word_1_291' title='bbox 338 2505 458 2556; x_wconf 90' lang='lat' dir='ltr'><strong>me,</strong></span> <span class='ocrx_word' id='word_1_292' title='bbox 491 2496 770 2559; x_wconf 90' lang='lat' dir='ltr'><strong>totumque</strong></span> <span class='ocrx_word' id='word_1_293' title='bbox 799 2489 981 2544; x_wconf 93' lang='lat' dir='ltr'><strong>odium</strong></span> <span class='ocrx_word' id='word_1_294' title='bbox 1013 2489 1156 2559; x_wconf 90' lang='lat' dir='ltr'><strong>quod</strong></span> <span class='ocrx_word' id='word_1_295' title='bbox 1197 2489 1386 2543; x_wconf 89' lang='lat' dir='ltr'><strong>habuit</strong></span> <span class='ocrx_word' id='word_1_296' title='bbox 1433 2489 1488 2543; x_wconf 91' lang='lat' dir='ltr'><strong>in</strong></span> <span class='ocrx_word' id='word_1_297' title='bbox 1538 2504 1626 2543; x_wconf 90' lang='lat' dir='ltr'><strong>me</strong></span> <span class='ocrx_word' id='word_1_298' title='bbox 1650 2504 1774 2544; x_wconf 92' lang='lat' dir='ltr'><strong>ver-</strong></span> 
     </span>
    </p>
   </div>
   <div class='ocr_carea' id='block_1_41' title="bbox 158 2578 1773 2652">
    <p class='ocr_par' dir='ltr' id='par_1_41' title="bbox 158 2578 1773 2652">
     <span class='ocr_line' id='line_1_41' title="bbox 158 2578 1773 2652; baseline 0 -16"><span class='ocrx_word' id='word_1_299' title='bbox 158 2598 278 2636; x_wconf 89' lang='lat' dir='ltr'><strong>sum</strong></span> <span class='ocrx_word' id='word_1_300' title='bbox 339 2588 434 2635; x_wconf 87' lang='lat' dir='ltr'><strong>est</strong></span> <span class='ocrx_word' id='word_1_301' title='bbox 483 2580 537 2634; x_wconf 91' lang='lat' dir='ltr'><strong>in</strong></span> <span class='ocrx_word' id='word_1_302' title='bbox 588 2579 873 2634; x_wconf 87' lang='lat' dir='ltr'><strong>charitatis</strong></span> <span class='ocrx_word' id='word_1_303' title='bbox 937 2578 1322 2652; x_wconf 86' lang='lat' dir='ltr'><strong>dulcedinem.]</strong></span> <span class='ocrx_word' id='word_1_304' title='bbox 1380 2579 1533 2647; x_wconf 84' lang='lat' dir='ltr'><strong>Quod</strong></span> <span class='ocrx_word' id='word_1_305' title='bbox 1572 2580 1773 2651; x_wconf 86' lang='lat' dir='ltr'><strong>rogasti</strong></span> 
     </span>
    </p>
   </div>
   <div class='ocr_carea' id='block_1_42' title="bbox 159 2670 1774 2742">
    <p class='ocr_par' dir='ltr' id='par_1_42' title="bbox 159 2670 1774 2742">
     <span class='ocr_line' id='line_1_42' title="bbox 159 2670 1774 2742; baseline 0.001 -18"><span class='ocrx_word' id='word_1_306' title='bbox 159 2671 488 2725; x_wconf 88' lang='lat' dir='ltr'><strong>litterarum</strong></span> <span class='ocrx_word' id='word_1_307' title='bbox 517 2677 828 2724; x_wconf 90' lang='lat' dir='ltr'><strong>nostrarum</strong></span> <span class='ocrx_word' id='word_1_308' title='bbox 875 2670 1016 2725; x_wconf 90' lang='lat' dir='ltr'><strong>serie</strong></span> <span class='ocrx_word' id='word_1_309' title='bbox 1065 2671 1261 2740; x_wconf 72' lang='lat' dir='ltr'><strong>saepius</strong></span> <span class='ocrx_word' id='word_1_310' title='bbox 1307 2680 1453 2725; x_wconf 91' lang='lat' dir='ltr'><strong>tuam</strong></span> <span class='ocrx_word' id='word_1_311' title='bbox 1501 2670 1774 2742; x_wconf 88' lang='lat' dir='ltr'><strong>appellare</strong></span> 
     </span>
    </p>
   </div>
   <div class='ocr_carea' id='block_1_43' title="bbox 164 2762 1774 2834">
    <p class='ocr_par' dir='ltr' id='par_1_43' title="bbox 164 2762 1774 2834">
     <span class='ocr_line' id='line_1_43' title="bbox 164 2762 1774 2834; baseline -0.001 -15"><span class='ocrx_word' id='word_1_312' title='bbox 164 2763 545 2826; x_wconf 87' lang='lat' dir='ltr'><strong>sanctitatem,</strong></span> <span class='ocrx_word' id='word_1_313' title='bbox 597 2762 755 2817; x_wconf 90' lang='lat' dir='ltr'><strong>testis</strong></span> <span class='ocrx_word' id='word_1_314' title='bbox 807 2770 891 2817; x_wconf 91' lang='lat' dir='ltr'><strong>est</strong></span> <span class='ocrx_word' id='word_1_315' title='bbox 929 2763 1072 2818; x_wconf 90' lang='lat' dir='ltr'><strong>Deus</strong></span> <span class='ocrx_word' id='word_1_316' title='bbox 1124 2765 1306 2819; x_wconf 88' lang='lat' dir='ltr'><strong>cordis</strong></span> <span class='ocrx_word' id='word_1_317' title='bbox 1351 2765 1457 2819; x_wconf 92' lang='lat' dir='ltr'><strong>mei</strong></span> <span class='ocrx_word' id='word_1_318' title='bbox 1511 2771 1774 2834; x_wconf 89' lang='lat' dir='ltr'><strong>quantum</strong></span> 
     </span>
    </p>
   </div>
   <div class='ocr_carea' id='block_1_44' title="bbox 165 2846 1776 2926">
    <p class='ocr_par' dir='ltr' id='par_1_44' title="bbox 165 2846 1776 2926">
     <span class='ocr_line' id='line_1_44' title="bbox 165 2846 1776 2926; baseline 0 -16"><span class='ocrx_word' id='word_1_319' title='bbox 165 2856 266 2911; x_wconf 91' lang='lat' dir='ltr'><strong>hoc</strong></span> <span class='ocrx_word' id='word_1_320' title='bbox 293 2857 578 2920; x_wconf 87' lang='lat' dir='ltr'><strong>desidero,</strong></span> <span class='ocrx_word' id='word_1_321' title='bbox 613 2863 671 2909; x_wconf 93' lang='lat' dir='ltr'><strong>ut</strong></span> <span class='ocrx_word' id='word_1_322' title='bbox 698 2857 892 2924; x_wconf 80' lang='lat' dir='ltr'><strong>saepius</strong></span> <span class='ocrx_word' id='word_1_323' title='bbox 936 2855 1027 2910; x_wconf 88' lang='lat' dir='ltr'><strong>ﬁat</strong></span> <span class='ocrx_word' id='word_1_324' title='bbox 1075 2858 1368 2912; x_wconf 88' lang='lat' dir='ltr'><strong>secundum</strong></span> <span class='ocrx_word' id='word_1_325' title='bbox 1403 2846 1776 2926; x_wconf 76' lang='lat' dir='ltr'><strong>opportunita-</strong></span> 
     </span>
    </p>
   </div>
   <div class='ocr_carea' id='block_1_45' title="bbox 169 2948 1778 3018">
    <p class='ocr_par' dir='ltr' id='par_1_45' title="bbox 169 2948 1778 3018">
     <span class='ocr_line' id='line_1_45' title="bbox 169 2948 1778 3018; baseline 0.001 -16"><span class='ocrx_word' id='word_1_326' title='bbox 169 2955 274 3002; x_wconf 87' lang='lat' dir='ltr'><strong>tem</strong></span> <span class='ocrx_word' id='word_1_327' title='bbox 298 2949 574 3018; x_wconf 89' lang='lat' dir='ltr'><strong>temporis</strong></span> <span class='ocrx_word' id='word_1_328' title='bbox 599 2955 653 3002; x_wconf 92' lang='lat' dir='ltr'><strong>et</strong></span> <span class='ocrx_word' id='word_1_329' title='bbox 676 2948 972 3018; x_wconf 87' lang='lat' dir='ltr'><strong>portitoris,</strong></span> <span class='ocrx_word' id='word_1_330' title='bbox 997 2957 1191 3018; x_wconf 88' lang='lat' dir='ltr'><strong>optans</strong></span> <span class='ocrx_word' id='word_1_331' title='bbox 1209 2957 1271 3003; x_wconf 91' lang='lat' dir='ltr'><strong>ut</strong></span> <span class='ocrx_word' id='word_1_332' title='bbox 1299 2964 1384 3003; x_wconf 90' lang='lat' dir='ltr'><strong>me</strong></span> <span class='ocrx_word' id='word_1_333' title='bbox 1413 2948 1616 3004; x_wconf 90' lang='lat' dir='ltr'><strong>habeas</strong></span> <span class='ocrx_word' id='word_1_334' title='bbox 1643 2964 1778 3018; x_wconf 69' lang='lat' dir='ltr'><strong>prae~</strong></span> 
     </span>
    </p>
   </div>
   <div class='ocr_carea' id='block_1_46' title="bbox 168 3039 1775 3094">
    <p class='ocr_par' dir='ltr' id='par_1_46' title="bbox 168 3039 1775 3094">
     <span class='ocr_line' id='line_1_46' title="bbox 168 3039 1775 3094; baseline -0.001 0"><span class='ocrx_word' id='word_1_335' title='bbox 168 3050 381 3094; x_wconf 88' lang='lat' dir='ltr'><strong>sentem</strong></span> <span class='ocrx_word' id='word_1_336' title='bbox 412 3040 469 3093; x_wconf 91' lang='lat' dir='ltr'><strong>in</strong></span> <span class='ocrx_word' id='word_1_337' title='bbox 494 3039 691 3093; x_wconf 88' lang='lat' dir='ltr'><strong>litteris</strong></span> <span class='ocrx_word' id='word_1_338' title='bbox 712 3039 848 3094; x_wconf 89' lang='lat' dir='ltr'><strong>meis</strong></span> <span class='ocrx_word' id='word_1_339' title='bbox 886 3046 947 3092; x_wconf 92' lang='lat' dir='ltr'><strong>ut</strong></span> <span class='ocrx_word' id='word_1_340' title='bbox 976 3040 1110 3094; x_wconf 92' lang='lat' dir='ltr'><strong>nihil</strong></span> <span class='ocrx_word' id='word_1_341' title='bbox 1138 3040 1296 3094; x_wconf 89' lang='lat' dir='ltr'><strong>nobis</strong></span> <span class='ocrx_word' id='word_1_342' title='bbox 1324 3039 1467 3094; x_wconf 92' lang='lat' dir='ltr'><strong>desit</strong></span> <span class='ocrx_word' id='word_1_343' title='bbox 1508 3040 1561 3093; x_wconf 91' lang='lat' dir='ltr'><strong>in</strong></span> <span class='ocrx_word' id='word_1_344' title='bbox 1590 3039 1775 3094; x_wconf 81' lang='lat' dir='ltr'><strong>chari-</strong></span> 
     </span>
    </p>
   </div>
   <div class='ocr_carea' id='block_1_47' title="bbox 171 3131 1779 3204">
    <p class='ocr_par' dir='ltr' id='par_1_47' title="bbox 171 3131 1779 3204">
     <span class='ocr_line' id='line_1_47' title="bbox 171 3131 1779 3204; baseline 0.002 -20"><span class='ocrx_word' id='word_1_345' title='bbox 171 3135 290 3189; x_wconf 91' lang='lat' dir='ltr'><strong>tatis</strong></span> <span class='ocrx_word' id='word_1_346' title='bbox 311 3133 710 3190; x_wconf 90' lang='lat' dir='ltr'><strong>communione</strong></span> <span class='ocrx_word' id='word_1_347' title='bbox 736 3141 933 3203; x_wconf 66' lang='lat' dir='ltr'><strong>praeter</strong></span> <span class='ocrx_word' id='word_1_348' title='bbox 964 3135 1245 3188; x_wconf 89' lang='lat' dir='ltr'><strong>oculorum</strong></span> <span class='ocrx_word' id='word_1_349' title='bbox 1272 3133 1637 3204; x_wconf 68' lang='lat' dir='ltr'><strong>praesentiam.</strong></span> <span class='ocrx_word' id='word_1_350' title='bbox 1667 3131 1779 3188; x_wconf 90' lang='lat' dir='ltr'><strong>Sed</strong></span> 
     </span>
    </p>
   </div>
   <div class='ocr_carea' id='block_1_48' title="bbox 170 3195 1854 3296">
    <p class='ocr_par' dir='ltr' id='par_1_48' title="bbox 170 3195 1854 3296">
     <span class='ocr_line' id='line_1_48' title="bbox 170 3195 1854 3296; baseline 0.001 -17"><span class='ocrx_word' id='word_1_351' title='bbox 170 3223 251 3281; x_wconf 88' lang='lat' dir='ltr'><strong>his</strong></span> <span class='ocrx_word' id='word_1_352' title='bbox 286 3225 474 3280; x_wconf 88' lang='lat' dir='ltr'><strong>multo</strong></span> <span class='ocrx_word' id='word_1_353' title='bbox 507 3225 679 3295; x_wconf 85' lang='lat' dir='ltr'><strong>major</strong></span> <span class='ocrx_word' id='word_1_354' title='bbox 707 3195 790 3282; x_wconf 76' lang='lat' dir='ltr'><strong>est</strong></span> <span class='ocrx_word' id='word_1_355' title='bbox 818 3233 874 3280; x_wconf 90' lang='lat' dir='ltr'><strong>et</strong></span> <span class='ocrx_word' id='word_1_356' title='bbox 893 3226 1083 3281; x_wconf 88' lang='lat' dir='ltr'><strong>melior</strong></span> <span class='ocrx_word' id='word_1_357' title='bbox 1110 3195 1372 3296; x_wconf 68' lang='lat' dir='ltr'><strong>perpetua</strong></span> <span class='ocrx_word' id='word_1_358' title='bbox 1397 3234 1600 3281; x_wconf 69' lang='lat' dir='ltr'><strong>sancta:</strong></span> <span class='ocrx_word' id='word_1_359' title='bbox 1644 3227 1778 3281; x_wconf 92' lang='lat' dir='ltr'><strong>cha-</strong></span> <span class='ocrx_word' id='word_1_360' title='bbox 1805 3195 1854 3258; x_wconf 67' lang='grc' dir='ltr'>ο</span> 
     </span>
    </p>
   </div>
   <div class='ocr_carea' id='block_1_49' title="bbox 173 3317 1674 3389">
    <p class='ocr_par' dir='ltr' id='par_1_49' title="bbox 173 3317 1674 3389">
     <span class='ocr_line' id='line_1_49' title="bbox 173 3317 1674 3389; baseline 0.001 -17"><span class='ocrx_word' id='word_1_361' title='bbox 173 3318 348 3375; x_wconf 89' lang='lat' dir='ltr'><strong>ritatis</strong></span> <span class='ocrx_word' id='word_1_362' title='bbox 376 3317 682 3389; x_wconf 83' lang='lat' dir='ltr'><strong>praesentia</strong></span> <span class='ocrx_word' id='word_1_363' title='bbox 709 3318 765 3372; x_wconf 90' lang='lat' dir='ltr'><strong>in</strong></span> <span class='ocrx_word' id='word_1_364' title='bbox 801 3317 1020 3374; x_wconf 88' lang='lat' dir='ltr'><strong>Christo</strong></span> <span class='ocrx_word' id='word_1_365' title='bbox 1047 3317 1176 3374; x_wconf 82' lang='lat' dir='ltr'><strong>Jesu</strong></span> <span class='ocrx_word' id='word_1_366' title='bbox 1215 3318 1445 3374; x_wconf 92' lang='lat' dir='ltr'><strong>Domino</strong></span> <span class='ocrx_word' id='word_1_367' title='bbox 1465 3327 1674 3375; x_wconf 81' lang='lat' dir='ltr'><strong>nostra.</strong></span> 
     </span>
    </p>
   </div>
   <div class='ocr_carea' id='block_1_50' title="bbox 656 3430 1326 3489">
    <p class='ocr_par' dir='ltr' id='par_1_50' title="bbox 656 3430 1326 3489">
     <span class='ocr_line' id='line_1_50' title="bbox 656 3430 1326 3489; baseline -0.001 -2"><span class='ocrx_word' id='word_1_368' title='bbox 656 3443 680 3473; x_wconf 85' lang='grc' dir='ltr'><strong>ο</strong></span> <span class='ocrx_word' id='word_1_369' title='bbox 720 3430 1125 3489; x_wconf 81' lang='lat' dir='ltr'><strong>EPISTOLA</strong></span> <span class='ocrx_word' id='word_1_370' title='bbox 1173 3432 1326 3488; x_wconf 88' lang='lat' dir='ltr'><strong>CIX.</strong></span> 
     </span>
    </p>
   </div>
   <div class='ocr_carea' id='block_1_51' title="bbox 711 3519 1269 3560">
    <p class='ocr_par' dir='ltr' id='par_1_51' title="bbox 711 3519 1269 3560">
     <span class='ocr_line' id='line_1_51' title="bbox 711 3519 1269 3560; baseline 0.002 -4"><span class='ocrx_word' id='word_1_371' title='bbox 711 3519 779 3558; x_wconf 79' lang='grc' dir='ltr'><strong>ΔΙ)</strong></span> <span class='ocrx_word' id='word_1_372' title='bbox 820 3519 1034 3558; x_wconf 70' lang='grc' dir='ltr'><strong>ΒΟΙΝΗΙΙ</strong></span> <span class='ocrx_word' id='word_1_373' title='bbox 1074 3520 1269 3560; x_wconf 57' lang='lat' dir='ltr'><strong>REGE”.</strong></span> 
     </span>
    </p>
   </div>
   <div class='ocr_carea' id='block_1_52' title="bbox 549 3574 1428 3647">
    <p class='ocr_par' dir='ltr' id='par_1_52' title="bbox 549 3574 1428 3647">
     <span class='ocr_line' id='line_1_52' title="bbox 549 3574 1428 3647; baseline 0 -19"><span class='ocrx_word' id='word_1_374' title='bbox 549 3574 727 3647; x_wconf 84' lang='lat' dir='ltr'><strong>(Anno</strong></span> <span class='ocrx_word' id='word_1_375' title='bbox 764 3575 868 3630; x_wconf 89' lang='lat'><strong>800</strong></span> <span class='ocrx_word' id='word_1_376' title='bbox 886 3615 900 3639; x_wconf 93' lang='lat'><strong>,</strong></span> <span class='ocrx_word' id='word_1_377' title='bbox 926 3591 1112 3629; x_wconf 90' lang='lat' dir='ltr'><strong>mense</strong></span> <span class='ocrx_word' id='word_1_378' title='bbox 1140 3576 1428 3647; x_wconf 89' lang='lat' dir='ltr'><strong>Augusto.)</strong></span> 
     </span>
    </p>
   </div>
   <div class='ocr_carea' id='block_1_53' title="bbox 178 3662 1790 3736">
    <p class='ocr_par' dir='ltr' id='par_1_53' title="bbox 178 3662 1790 3736">
     <span class='ocr_line' id='line_1_53' title="bbox 178 3662 1790 3736; baseline 0.001 -16"><span class='ocrx_word' id='word_1_379' title='bbox 178 3662 486 3736; x_wconf 74' lang='lat' dir='ltr'><strong>Respondet</strong></span> <span class='ocrx_word' id='word_1_380' title='bbox 521 3664 701 3720; x_wconf 80' lang='lat' dir='ltr'><strong>Caroli</strong></span> <span class='ocrx_word' id='word_1_381' title='bbox 722 3665 953 3736; x_wconf 70' lang='lat' dir='ltr'><strong>epistolae</strong></span> <span class='ocrx_word' id='word_1_382' title='bbox 983 3667 1273 3720; x_wconf 77' lang='lat' dir='ltr'><strong>nuntiantis</strong></span> <span class='ocrx_word' id='word_1_383' title='bbox 1302 3669 1576 3721; x_wconf 83' lang='lat' dir='ltr'><strong>victoriam</strong></span> <span class='ocrx_word' id='word_1_384' title='bbox 1605 3668 1671 3722; x_wconf 90' lang='lat' dir='ltr'><strong>de</strong></span> <span class='ocrx_word' id='word_1_385' title='bbox 1693 3669 1790 3721; x_wconf 79' lang='lat' dir='ltr'><strong>lio-</strong></span> 
     </span>
    </p>
   </div>
   <div class='ocr_carea' id='block_1_54' title="bbox 239 3736 1788 3819">
    <p class='ocr_par' dir='ltr' id='par_1_54' title="bbox 239 3736 1788 3819">
     <span class='ocr_line' id='line_1_54' title="bbox 239 3736 1788 3819; baseline 0.001 -29"><span class='ocrx_word' id='word_1_386' title='bbox 239 3738 417 3792; x_wconf 85' lang='lat' dir='ltr'><strong>stibus</strong></span> <span class='ocrx_word' id='word_1_387' title='bbox 456 3755 478 3791; x_wconf 89' lang='lat'><strong><em>:</em></strong></span> <span class='ocrx_word' id='word_1_388' title='bbox 517 3746 572 3818; x_wconf 40' lang='grc' dir='ltr'><strong>ἐτ</strong></span> <span class='ocrx_word' id='word_1_389' title='bbox 601 3736 894 3818; x_wconf 68' lang='lat' dir='ltr'><strong>mirabilem</strong></span> <span class='ocrx_word' id='word_1_390' title='bbox 920 3738 1199 3819; x_wconf 74' lang='lat' dir='ltr'><strong>sanitatem</strong></span> <span class='ocrx_word' id='word_1_391' title='bbox 1240 3737 1427 3793; x_wconf 78' lang='lat' dir='ltr'><strong>Leonis</strong></span> <span class='ocrx_word' id='word_1_392' title='bbox 1461 3755 1632 3809; x_wconf 79' lang='lat' dir='ltr'><strong>papw.</strong></span> <span class='ocrx_word' id='word_1_393' title='bbox 1679 3738 1788 3792; x_wconf 86' lang='lat' dir='ltr'><strong>Ro-</strong></span> 
     </span>
    </p>
   </div>
   <div class='ocr_carea' id='block_1_55' title="bbox 241 3817 1453 3878">
    <p class='ocr_par' dir='ltr' id='par_1_55' title="bbox 241 3817 1453 3878">
     <span class='ocr_line' id='line_1_55' title="bbox 241 3817 1453 3878; baseline -0.001 -17"><span class='ocrx_word' id='word_1_394' title='bbox 241 3824 475 3863; x_wconf 87' lang='lat' dir='ltr'><strong>manum</strong></span> <span class='ocrx_word' id='word_1_395' title='bbox 509 3817 609 3862; x_wconf 89' lang='lat' dir='ltr'><strong>iter</strong></span> <span class='ocrx_word' id='word_1_396' title='bbox 635 3817 875 3878; x_wconf 85' lang='lat' dir='ltr'><strong>prosequi</strong></span> <span class='ocrx_word' id='word_1_397' title='bbox 900 3817 1088 3861; x_wconf 87' lang='lat' dir='ltr'><strong>renuit.</strong></span> <span class='ocrx_word' id='word_1_398' title='bbox 1447 3827 1453 3835; x_wconf 72' lang='lat'>&#39;</span> 
     </span>
    </p>
   </div>
   <div class='ocr_carea' id='block_1_56' title="bbox 243 3898 1790 3972">
    <p class='ocr_par' dir='ltr' id='par_1_56' title="bbox 243 3898 1790 3972">
     <span class='ocr_line' id='line_1_56' title="bbox 243 3898 1790 3972; baseline 0.003 -20"><span class='ocrx_word' id='word_1_399' title='bbox 243 3898 492 3955; x_wconf 90' lang='lat' dir='ltr'><strong>Domino</strong></span> <span class='ocrx_word' id='word_1_400' title='bbox 521 3899 870 3954; x_wconf 83' lang='lat' dir='ltr'><strong>dilectissimo</strong></span> <span class='ocrx_word' id='word_1_401' title='bbox 891 3912 1052 3969; x_wconf 88' lang='lat' dir='ltr'><strong>atque</strong></span> <span class='ocrx_word' id='word_1_402' title='bbox 1074 3901 1222 3955; x_wconf 91' lang='lat' dir='ltr'><strong>omni</strong></span> <span class='ocrx_word' id='word_1_403' title='bbox 1243 3902 1450 3956; x_wconf 88' lang='lat' dir='ltr'><strong>honore</strong></span> <span class='ocrx_word' id='word_1_404' title='bbox 1473 3901 1790 3972; x_wconf 89' lang='lat' dir='ltr'><strong>dignissimo</strong></span> 
     </span>
    </p>
   </div>
   <div class='ocr_carea' id='block_1_57' title="bbox 176 3987 1789 4064">
    <p class='ocr_par' dir='ltr' id='par_1_57' title="bbox 176 3987 1789 4064">
     <span class='ocr_line' id='line_1_57' title="bbox 176 3987 1789 4064; baseline 0.004 -24"><span class='ocrx_word' id='word_1_405' title='bbox 176 3987 343 4045; x_wconf 89' lang='lat' dir='ltr'><strong>David</strong></span> <span class='ocrx_word' id='word_1_406' title='bbox 389 3991 521 4062; x_wconf 89' lang='lat' dir='ltr'><strong>regi</strong></span> <span class='ocrx_word' id='word_1_407' title='bbox 563 3989 789 4046; x_wconf 89' lang='lat' dir='ltr'><strong>Flaccus</strong></span> <span class='ocrx_word' id='word_1_408' title='bbox 835 3997 1127 4047; x_wconf 86' lang='lat' dir='ltr'><strong>veteranus</strong></span> <span class='ocrx_word' id='word_1_409' title='bbox 1173 3992 1329 4047; x_wconf 91' lang='lat' dir='ltr'><strong>miles</strong></span> <span class='ocrx_word' id='word_1_410' title='bbox 1366 4000 1684 4064; x_wconf 91' lang='lat' dir='ltr'><strong>perpetuam</strong></span> <span class='ocrx_word' id='word_1_411' title='bbox 1734 3993 1789 4047; x_wconf 93' lang='lat' dir='ltr'><strong>in</strong></span> 
     </span>
    </p>
   </div>
   <div class='ocr_carea' id='block_1_58' title="bbox 178 4077 698 4138">
    <p class='ocr_par' dir='ltr' id='par_1_58' title="bbox 178 4077 698 4138">
     <span class='ocr_line' id='line_1_58' title="bbox 178 4077 698 4138; baseline 0.008 -5"><span class='ocrx_word' id='word_1_412' title='bbox 178 4077 401 4137; x_wconf 89' lang='lat' dir='ltr'><strong>Christo</strong></span> <span class='ocrx_word' id='word_1_413' title='bbox 436 4081 698 4138; x_wconf 87' lang='lat' dir='ltr'><strong>salutem.</strong></span> 
     </span>
    </p>
   </div>
   <div class='ocr_carea' id='block_1_59' title="bbox 243 4173 1790 4246">
    <p class='ocr_par' dir='ltr' id='par_1_59' title="bbox 243 4173 1790 4246">
     <span class='ocr_line' id='line_1_59' title="bbox 243 4173 1790 4246; baseline 0.004 -20"><span class='ocrx_word' id='word_1_414' title='bbox 243 4173 499 4230; x_wconf 88' lang='lat' dir='ltr'><strong>Litteras</strong></span> <span class='ocrx_word' id='word_1_415' title='bbox 542 4176 916 4246; x_wconf 87' lang='lat' dir='ltr'><strong>prosperitatis</strong></span> <span class='ocrx_word' id='word_1_416' title='bbox 953 4185 1150 4231; x_wconf 78' lang='lat' dir='ltr'><strong>vestrae</strong></span> <span class='ocrx_word' id='word_1_417' title='bbox 1173 4186 1230 4232; x_wconf 91' lang='lat' dir='ltr'><strong>et</strong></span> <span class='ocrx_word' id='word_1_418' title='bbox 1263 4177 1648 4233; x_wconf 87' lang='lat' dir='ltr'><strong>consolationis</strong></span> <span class='ocrx_word' id='word_1_419' title='bbox 1688 4192 1790 4232; x_wconf 88' lang='lat' dir='ltr'><strong>no-</strong></span> 
     </span>
    </p>
   </div>
   <div class='ocr_carea' id='block_1_60' title="bbox 181 4268 1788 4340">
    <p class='ocr_par' dir='ltr' id='par_1_60' title="bbox 181 4268 1788 4340">
     <span class='ocr_line' id='line_1_60' title="bbox 181 4268 1788 4340; baseline 0.003 -23"><span class='ocrx_word' id='word_1_420' title='bbox 181 4271 339 4332; x_wconf 62' lang='lat' dir='ltr'><strong>strae,</strong></span> <span class='ocrx_word' id='word_1_421' title='bbox 391 4282 606 4336; x_wconf 90' lang='lat' dir='ltr'><strong>magno</strong></span> <span class='ocrx_word' id='word_1_422' title='bbox 639 4282 823 4321; x_wconf 90' lang='lat' dir='ltr'><strong>amore</strong></span> <span class='ocrx_word' id='word_1_423' title='bbox 865 4277 920 4322; x_wconf 92' lang='lat' dir='ltr'><strong>et</strong></span> <span class='ocrx_word' id='word_1_424' title='bbox 959 4268 1120 4338; x_wconf 87' lang='lat' dir='ltr'><strong>digno</strong></span> <span class='ocrx_word' id='word_1_425' title='bbox 1171 4268 1355 4323; x_wconf 85' lang='lat' dir='ltr'><strong>favore</strong></span> <span class='ocrx_word' id='word_1_426' title='bbox 1397 4269 1734 4340; x_wconf 90' lang='lat' dir='ltr'><strong>suscepimus</strong></span> <span class='ocrx_word' id='word_1_427' title='bbox 1773 4286 1788 4322; x_wconf 91' lang='lat'>:</span> 
     </span>
    </p>
   </div>
   <div class='ocr_carea' id='block_1_61' title="bbox 178 4355 1794 4430">
    <p class='ocr_par' dir='ltr' id='par_1_61' title="bbox 178 4355 1794 4430">
     <span class='ocr_line' id='line_1_61' title="bbox 178 4355 1794 4430; baseline 0.004 -20"><span class='ocrx_word' id='word_1_428' title='bbox 178 4355 268 4410; x_wconf 89' lang='lat' dir='ltr'><strong>Dei</strong></span> <span class='ocrx_word' id='word_1_429' title='bbox 316 4358 724 4428; x_wconf 87' lang='lat' dir='ltr'><strong>omnipotentis</strong></span> <span class='ocrx_word' id='word_1_430' title='bbox 754 4358 1097 4414; x_wconf 88' lang='lat' dir='ltr'><strong>clementiam</strong></span> <span class='ocrx_word' id='word_1_431' title='bbox 1143 4361 1538 4424; x_wconf 88' lang='lat' dir='ltr'><strong>collaudantes,</strong></span> <span class='ocrx_word' id='word_1_432' title='bbox 1585 4361 1674 4430; x_wconf 89' lang='lat' dir='ltr'><strong>qui</strong></span> <span class='ocrx_word' id='word_1_433' title='bbox 1696 4376 1794 4417; x_wconf 89' lang='lat' dir='ltr'><strong>vos</strong></span> 
     </span>
    </p>
   </div>
   <div class='ocr_carea' id='block_1_62' title="bbox 180 4449 1788 4526">
    <p class='ocr_par' dir='ltr' id='par_1_62' title="bbox 180 4449 1788 4526">
     <span class='ocr_line' id='line_1_62' title="bbox 180 4449 1788 4526; baseline 0.005 -24"><span class='ocrx_word' id='word_1_434' title='bbox 180 4449 486 4523; x_wconf 84' lang='lat' dir='ltr'><strong>fidelesque</strong></span> <span class='ocrx_word' id='word_1_435' title='bbox 511 4460 726 4507; x_wconf 88' lang='lat' dir='ltr'><strong>vestros</strong></span> <span class='ocrx_word' id='word_1_436' title='bbox 754 4454 1028 4523; x_wconf 90' lang='lat' dir='ltr'><strong>prosperis</strong></span> <span class='ocrx_word' id='word_1_437' title='bbox 1050 4455 1390 4510; x_wconf 90' lang='lat' dir='ltr'><strong>successibus</strong></span> <span class='ocrx_word' id='word_1_438' title='bbox 1407 4455 1616 4526; x_wconf 78' lang='lat' dir='ltr'><strong>pollere</strong></span> <span class='ocrx_word' id='word_1_439' title='bbox 1639 4455 1788 4521; x_wconf 92' lang='lat' dir='ltr'><strong>fecit,</strong></span> 
     </span>
    </p>
   </div>
   <div class='ocr_carea' id='block_1_63' title="bbox 1868 1930 3473 2007">
    <p class='ocr_par' dir='ltr' id='par_1_63' title="bbox 1868 1930 3473 2007">
     <span class='ocr_line' id='line_1_63' title="bbox 1868 1930 3473 2007; baseline -0.004 -14"><span class='ocrx_word' id='word_1_440' title='bbox 1868 1946 1928 1993; x_wconf 88' lang='lat' dir='ltr'><strong>ut</strong></span> <span class='ocrx_word' id='word_1_441' title='bbox 1969 1937 2275 1993; x_wconf 91' lang='lat' dir='ltr'><strong>benedictio</strong></span> <span class='ocrx_word' id='word_1_442' title='bbox 2317 1935 2535 2007; x_wconf 90' lang='lat' dir='ltr'><strong>superni</strong></span> <span class='ocrx_word' id='word_1_443' title='bbox 2567 1935 2709 2006; x_wconf 92' lang='lat' dir='ltr'><strong>regis</strong></span> <span class='ocrx_word' id='word_1_444' title='bbox 2739 1943 2790 1989; x_wconf 91' lang='lat' dir='ltr'><strong>te</strong></span> <span class='ocrx_word' id='word_1_445' title='bbox 2833 1933 3029 1989; x_wconf 82' lang='lat' dir='ltr'><strong>fortem</strong></span> <span class='ocrx_word' id='word_1_446' title='bbox 3058 1930 3258 1987; x_wconf 78' lang='lat' dir='ltr'><strong>efﬁciat</strong></span> <span class='ocrx_word' id='word_1_447' title='bbox 3305 1947 3473 2002; x_wconf 91' lang='lat' dir='ltr'><strong>super</strong></span> 
     </span>
    </p>
   </div>
   <div class='ocr_carea' id='block_1_64' title="bbox 1868 2025 3474 2104">
    <p class='ocr_par' dir='ltr' id='par_1_64' title="bbox 1868 2025 3474 2104">
     <span class='ocr_line' id='line_1_64' title="bbox 1868 2025 3474 2104; baseline -0.004 -17"><span class='ocrx_word' id='word_1_448' title='bbox 1868 2049 2126 2104; x_wconf 81' lang='lat' dir='ltr'><strong>paganos.</strong></span> <span class='ocrx_word' id='word_1_449' title='bbox 2177 2031 2397 2102; x_wconf 79' lang='lat' dir='ltr'><strong>Legitur</strong></span> <span class='ocrx_word' id='word_1_450' title='bbox 2426 2029 2718 2099; x_wconf 88' lang='lat' dir='ltr'><strong>quemdam</strong></span> <span class='ocrx_word' id='word_1_451' title='bbox 2765 2035 3011 2083; x_wconf 88' lang='lat' dir='ltr'><strong>veterum</strong></span> <span class='ocrx_word' id='word_1_452' title='bbox 3038 2025 3240 2082; x_wconf 79' lang='lat' dir='ltr'><strong>dixisse</strong></span> <span class='ocrx_word' id='word_1_453' title='bbox 3279 2033 3474 2097; x_wconf 71' lang='lat' dir='ltr'><strong>poeta-</strong></span> 
     </span>
    </p>
   </div>
   <div class='ocr_carea' id='block_1_65' title="bbox 1869 2117 3476 2194">
    <p class='ocr_par' dir='ltr' id='par_1_65' title="bbox 1869 2117 3476 2194">
     <span class='ocr_line' id='line_1_65' title="bbox 1869 2117 3476 2194; baseline -0.006 -12"><span class='ocrx_word' id='word_1_454' title='bbox 1869 2141 2015 2194; x_wconf 84' lang='lat' dir='ltr'><strong>rum,</strong></span> <span class='ocrx_word' id='word_1_455' title='bbox 2042 2142 2168 2183; x_wconf 89' lang='lat' dir='ltr'><strong>cum</strong></span> <span class='ocrx_word' id='word_1_456' title='bbox 2195 2125 2263 2180; x_wconf 91' lang='lat' dir='ltr'><strong>de</strong></span> <span class='ocrx_word' id='word_1_457' title='bbox 2306 2124 2464 2179; x_wconf 89' lang='lat' dir='ltr'><strong>laude</strong></span> <span class='ocrx_word' id='word_1_458' title='bbox 2505 2123 2893 2193; x_wconf 90' lang='lat' dir='ltr'><strong>imperatorum</strong></span> <span class='ocrx_word' id='word_1_459' title='bbox 2937 2119 3167 2174; x_wconf 80' lang='lat' dir='ltr'><strong>Romani</strong></span> <span class='ocrx_word' id='word_1_460' title='bbox 3197 2119 3384 2190; x_wconf 82' lang='lat' dir='ltr'><strong>regni,</strong></span> <span class='ocrx_word' id='word_1_461' title='bbox 3426 2117 3476 2175; x_wconf 90' lang='lat' dir='ltr'><strong>si</strong></span> 
     </span>
    </p>
   </div>
   <div class='ocr_carea' id='block_1_66' title="bbox 1870 2211 3476 2285">
    <p class='ocr_par' dir='ltr' id='par_1_66' title="bbox 1870 2211 3476 2285">
     <span class='ocr_line' id='line_1_66' title="bbox 1870 2211 3476 2285; baseline -0.006 -11"><span class='ocrx_word' id='word_1_462' title='bbox 1870 2221 1975 2274; x_wconf 88' lang='lat' dir='ltr'><strong>rite</strong></span> <span class='ocrx_word' id='word_1_463' title='bbox 2022 2217 2282 2275; x_wconf 89' lang='lat' dir='ltr'><strong>recordor</strong></span> <span class='ocrx_word' id='word_1_464' title='bbox 2305 2259 2322 2283; x_wconf 94' lang='lat'><strong>,</strong></span> <span class='ocrx_word' id='word_1_465' title='bbox 2371 2216 2690 2280; x_wconf 88' lang='lat' dir='ltr'><strong>cecinisset,</strong></span> <span class='ocrx_word' id='word_1_466' title='bbox 2728 2213 2920 2285; x_wconf 87' lang='lat' dir='ltr'><strong>quales</strong></span> <span class='ocrx_word' id='word_1_467' title='bbox 2951 2227 3073 2268; x_wconf 90' lang='lat' dir='ltr'><strong>esse</strong></span> <span class='ocrx_word' id='word_1_468' title='bbox 3117 2211 3432 2268; x_wconf 80' lang='lat' dir='ltr'><strong>debuissent</strong></span> <span class='ocrx_word' id='word_1_469' title='bbox 3455 2253 3476 2280; x_wconf 80' lang='lat'><strong>,</strong></span> 
     </span>
    </p>
   </div>
   <div class='ocr_carea' id='block_1_67' title="bbox 1871 2311 2060 2366">
    <p class='ocr_par' dir='ltr' id='par_1_67' title="bbox 1871 2311 2060 2366">
     <span class='ocr_line' id='line_1_67' title="bbox 1871 2311 2060 2366; baseline 0.005 -2"><span class='ocrx_word' id='word_1_470' title='bbox 1871 2311 2060 2366; x_wconf 91' lang='lat' dir='ltr'><strong>dicens</strong></span> 
     </span>
    </p>
   </div>
   <div class='ocr_carea' id='block_1_68' title="bbox 2030 2425 3150 2489">
    <p class='ocr_par' dir='ltr' id='par_1_68' title="bbox 2030 2425 3150 2489">
     <span class='ocr_line' id='line_1_68' title="bbox 2030 2425 3150 2489; baseline -0.005 -9"><span class='ocrx_word' id='word_1_471' title='bbox 2030 2431 2248 2481; x_wconf 78' lang='lat' dir='ltr'><strong>Parcere</strong></span> <span class='ocrx_word' id='word_1_472' title='bbox 2270 2428 2529 2489; x_wconf 78' lang='lat' dir='ltr'><strong>subjectis,</strong></span> <span class='ocrx_word' id='word_1_473' title='bbox 2547 2432 2602 2478; x_wconf 88' lang='lat' dir='ltr'><strong>et</strong></span> <span class='ocrx_word' id='word_1_474' title='bbox 2612 2425 2869 2477; x_wconf 74' lang='lat' dir='ltr'><strong>debellare</strong></span> <span class='ocrx_word' id='word_1_475' title='bbox 2888 2426 3150 2488; x_wconf 89' lang='lat' dir='ltr'><strong>superbos.</strong></span> 
     </span>
    </p>
   </div>
   <div class='ocr_carea' id='block_1_69' title="bbox 1873 2526 3476 2601">
    <p class='ocr_par' dir='ltr' id='par_1_69' title="bbox 1873 2526 3476 2601">
     <span class='ocr_line' id='line_1_69' title="bbox 1873 2526 3476 2601; baseline -0.003 -13"><span class='ocrx_word' id='word_1_476' title='bbox 1873 2532 2046 2601; x_wconf 84' lang='lat' dir='ltr'><strong>Quem</strong></span> <span class='ocrx_word' id='word_1_477' title='bbox 2071 2531 2399 2587; x_wconf 90' lang='lat' dir='ltr'><strong>versiculum</strong></span> <span class='ocrx_word' id='word_1_478' title='bbox 2422 2531 2614 2584; x_wconf 89' lang='lat' dir='ltr'><strong>beatus</strong></span> <span class='ocrx_word' id='word_1_479' title='bbox 2641 2528 2973 2600; x_wconf 78' lang='lat' dir='ltr'><strong>Augustinus</strong></span> <span class='ocrx_word' id='word_1_480' title='bbox 3005 2528 3060 2582; x_wconf 93' lang='lat' dir='ltr'><strong>in</strong></span> <span class='ocrx_word' id='word_1_481' title='bbox 3100 2529 3242 2584; x_wconf 93' lang='lat' dir='ltr'><strong>libro</strong></span> <span class='ocrx_word' id='word_1_482' title='bbox 3274 2527 3352 2582; x_wconf 88' lang='lat' dir='ltr'><strong>De</strong></span> <span class='ocrx_word' id='word_1_483' title='bbox 3381 2526 3476 2585; x_wconf 86' lang='lat' dir='ltr'><strong>Ci-</strong></span> 
     </span>
    </p>
   </div>
   <div class='ocr_carea' id='block_1_70' title="bbox 1873 2620 3480 2691">
    <p class='ocr_par' dir='ltr' id='par_1_70' title="bbox 1873 2620 3480 2691">
     <span class='ocr_line' id='line_1_70' title="bbox 1873 2620 3480 2691; baseline -0.003 -11"><span class='ocrx_word' id='word_1_484' title='bbox 1873 2625 2043 2680; x_wconf 88' lang='lat' dir='ltr'><strong>vitate</strong></span> <span class='ocrx_word' id='word_1_485' title='bbox 2069 2623 2165 2678; x_wconf 91' lang='lat' dir='ltr'><strong>Dei</strong></span> <span class='ocrx_word' id='word_1_486' title='bbox 2195 2622 2362 2677; x_wconf 90' lang='lat' dir='ltr'><strong>multa</strong></span> <span class='ocrx_word' id='word_1_487' title='bbox 2393 2622 2552 2676; x_wconf 89' lang='lat' dir='ltr'><strong>laude</strong></span> <span class='ocrx_word' id='word_1_488' title='bbox 2586 2621 2856 2690; x_wconf 78' lang='lat' dir='ltr'><strong>exposuit,</strong></span> <span class='ocrx_word' id='word_1_489' title='bbox 2888 2620 3138 2691; x_wconf 88' lang='lat' dir='ltr'><strong>quamvis</strong></span> <span class='ocrx_word' id='word_1_490' title='bbox 3173 2621 3349 2690; x_wconf 86' lang='lat' dir='ltr'><strong>magis</strong></span> <span class='ocrx_word' id='word_1_491' title='bbox 3375 2636 3480 2675; x_wconf 85' lang='lat' dir='ltr'><strong>no-</strong></span> 
     </span>
    </p>
   </div>
   <div class='ocr_carea' id='block_1_71' title="bbox 1874 2711 3482 2782">
    <p class='ocr_par' dir='ltr' id='par_1_71' title="bbox 1874 2711 3482 2782">
     <span class='ocr_line' id='line_1_71' title="bbox 1874 2711 3482 2782; baseline -0.005 -10"><span class='ocrx_word' id='word_1_492' title='bbox 1874 2717 1960 2772; x_wconf 91' lang='lat' dir='ltr'><strong>bis</strong></span> <span class='ocrx_word' id='word_1_493' title='bbox 1983 2714 2367 2772; x_wconf 89' lang='lat' dir='ltr'><strong>attendendum</strong></span> <span class='ocrx_word' id='word_1_494' title='bbox 2393 2714 2464 2768; x_wconf 92' lang='lat' dir='ltr'><strong>sit</strong></span> <span class='ocrx_word' id='word_1_495' title='bbox 2484 2711 2821 2782; x_wconf 86' lang='lat' dir='ltr'><strong>Evangelicis</strong></span> <span class='ocrx_word' id='word_1_496' title='bbox 2839 2711 3144 2781; x_wconf 72' lang='lat' dir='ltr'><strong>praeceptis,</strong></span> <span class='ocrx_word' id='word_1_497' title='bbox 3170 2725 3332 2781; x_wconf 86' lang='lat' dir='ltr'><strong>quam</strong></span> <span class='ocrx_word' id='word_1_498' title='bbox 3359 2711 3482 2766; x_wconf 82' lang='lat' dir='ltr'><strong>Vir-</strong></span> 
     </span>
    </p>
   </div>
   <div class='ocr_carea' id='block_1_72' title="bbox 1876 2801 3487 2882">
    <p class='ocr_par' dir='ltr' id='par_1_72' title="bbox 1876 2801 3487 2882">
     <span class='ocr_line' id='line_1_72' title="bbox 1876 2801 3487 2882; baseline -0.006 -17"><span class='ocrx_word' id='word_1_499' title='bbox 1876 2811 2088 2882; x_wconf 89' lang='lat' dir='ltr'><strong>giliacis</strong></span> <span class='ocrx_word' id='word_1_500' title='bbox 2115 2807 2380 2864; x_wconf 86' lang='lat' dir='ltr'><strong>versibus.</strong></span> <span class='ocrx_word' id='word_1_501' title='bbox 2412 2804 2549 2859; x_wconf 83' lang='lat' dir='ltr'><strong>Nam</strong></span> <span class='ocrx_word' id='word_1_502' title='bbox 2586 2812 2641 2858; x_wconf 84' lang='lat' dir='ltr'><strong>et</strong></span> <span class='ocrx_word' id='word_1_503' title='bbox 2668 2803 2785 2874; x_wconf 91' lang='lat' dir='ltr'><strong>ipsa</strong></span> <span class='ocrx_word' id='word_1_504' title='bbox 2816 2803 3033 2857; x_wconf 81' lang='lat' dir='ltr'><strong>Veritas</strong></span> <span class='ocrx_word' id='word_1_505' title='bbox 3061 2803 3136 2857; x_wconf 89' lang='lat' dir='ltr'><strong>ait</strong></span> <span class='ocrx_word' id='word_1_506' title='bbox 3163 2819 3177 2854; x_wconf 90' lang='lat'><strong>:</strong></span> <span class='ocrx_word' id='word_1_507' title='bbox 3208 2801 3361 2854; x_wconf 81' lang='lat' dir='ltr'><strong>Beati</strong></span> <span class='ocrx_word' id='word_1_508' title='bbox 3384 2801 3487 2856; x_wconf 79' lang='lat' dir='ltr'><strong>mi-</strong></span> 
     </span>
    </p>
   </div>
   <div class='ocr_carea' id='block_1_73' title="bbox 1877 2891 3484 2967">
    <p class='ocr_par' dir='ltr' id='par_1_73' title="bbox 1877 2891 3484 2967">
     <span class='ocr_line' id='line_1_73' title="bbox 1877 2891 3484 2967; baseline -0.006 -14"><span class='ocrx_word' id='word_1_509' title='bbox 1877 2898 2196 2962; x_wconf 86' lang='lat' dir='ltr'><strong>sericordes,</strong></span> <span class='ocrx_word' id='word_1_510' title='bbox 2221 2895 2473 2967; x_wconf 84' lang='lat' dir='ltr'><strong>quoniam</strong></span> <span class='ocrx_word' id='word_1_511' title='bbox 2513 2893 2615 2963; x_wconf 85' lang='lat' dir='ltr'><strong>ipsi</strong></span> <span class='ocrx_word' id='word_1_512' title='bbox 2652 2891 3071 2947; x_wconf 82' lang='lat' dir='ltr'><strong>misericordiam</strong></span> <span class='ocrx_word' id='word_1_513' title='bbox 3101 2900 3484 2962; x_wconf 76' lang='lat' dir='ltr'><strong>consequentur</strong></span> 
     </span>
    </p>
   </div>
   <div class='ocr_carea' id='block_1_74' title="bbox 1879 2983 3483 3063">
    <p class='ocr_par' dir='ltr' id='par_1_74' title="bbox 1879 2983 3483 3063">
     <span class='ocr_line' id='line_1_74' title="bbox 1879 2983 3483 3063; baseline -0.006 -18"><span class='ocrx_word' id='word_1_514' title='bbox 1879 2990 2096 3063; x_wconf 76' lang='lat' dir='ltr'><strong>(Matth.</strong></span> <span class='ocrx_word' id='word_1_515' title='bbox 2138 3004 2193 3054; x_wconf 88' lang='lat' dir='ltr'><strong>v,</strong></span> <span class='ocrx_word' id='word_1_516' title='bbox 2232 2988 2310 3058; x_wconf 90' lang='lat'><strong>7).</strong></span> <span class='ocrx_word' id='word_1_517' title='bbox 2359 2986 2427 3040; x_wconf 89' lang='lat' dir='ltr'><strong>Et</strong></span> <span class='ocrx_word' id='word_1_518' title='bbox 2472 2983 2642 3039; x_wconf 83' lang='lat' dir='ltr'><strong>alibi:</strong></span> <span class='ocrx_word' id='word_1_519' title='bbox 2672 2983 2854 3039; x_wconf 84' lang='lat' dir='ltr'><strong>Estote</strong></span> <span class='ocrx_word' id='word_1_520' title='bbox 2891 2983 3255 3038; x_wconf 73' lang='lat' dir='ltr'><strong>misericordes</strong></span> <span class='ocrx_word' id='word_1_521' title='bbox 3281 3023 3297 3048; x_wconf 93' lang='lat'><strong>,</strong></span> <span class='ocrx_word' id='word_1_522' title='bbox 3345 2984 3483 3037; x_wconf 88' lang='lat' dir='ltr'><strong>sicut</strong></span> 
     </span>
    </p>
   </div>
   <div class='ocr_carea' id='block_1_75' title="bbox 1879 3075 3194 3148">
    <p class='ocr_par' dir='ltr' id='par_1_75' title="bbox 1879 3075 3194 3148">
     <span class='ocr_line' id='line_1_75' title="bbox 1879 3075 3194 3148; baseline -0.006 -11"><span class='ocrx_word' id='word_1_523' title='bbox 1879 3093 1928 3137; x_wconf 88' lang='lat' dir='ltr'><strong>et</strong></span> <span class='ocrx_word' id='word_1_524' title='bbox 1960 3081 2122 3136; x_wconf 88' lang='lat' dir='ltr'><strong>Pater</strong></span> <span class='ocrx_word' id='word_1_525' title='bbox 2147 3089 2312 3136; x_wconf 78' lang='lat' dir='ltr'><strong>uester</strong></span> <span class='ocrx_word' id='word_1_526' title='bbox 2341 3078 2640 3132; x_wconf 83' lang='lat' dir='ltr'><strong>misericors</strong></span> <span class='ocrx_word' id='word_1_527' title='bbox 2665 3085 2740 3131; x_wconf 86' lang='lat' dir='ltr'><strong>est</strong></span> <span class='ocrx_word' id='word_1_528' title='bbox 2780 3075 2934 3148; x_wconf 89' lang='lat' dir='ltr'><strong>(Luc.</strong></span> <span class='ocrx_word' id='word_1_529' title='bbox 2979 3092 3054 3140; x_wconf 78' lang='lat' dir='ltr'><strong>v1,</strong></span> <span class='ocrx_word' id='word_1_530' title='bbox 3081 3075 3194 3146; x_wconf 74' lang='lat'><strong>36).</strong></span> 
     </span>
    </p>
   </div>
   <div class='ocr_carea' id='block_1_76' title="bbox 1953 3168 3474 3241">
    <p class='ocr_par' dir='ltr' id='par_1_76' title="bbox 1953 3168 3474 3241">
     <span class='ocr_line' id='line_1_76' title="bbox 1953 3168 3474 3241; baseline -0.002 -12"><span class='ocrx_word' id='word_1_531' title='bbox 1953 3173 2263 3241; x_wconf 78' lang='lat' dir='ltr'><strong>Quod&#39;vero</strong></span> <span class='ocrx_word' id='word_1_532' title='bbox 2303 3171 2460 3226; x_wconf 91' lang='lat' dir='ltr'><strong>nobis</strong></span> <span class='ocrx_word' id='word_1_533' title='bbox 2486 3178 2683 3225; x_wconf 67' lang='lat' dir='ltr'><strong>vestrae</strong></span> <span class='ocrx_word' id='word_1_534' title='bbox 2707 3169 2971 3225; x_wconf 90' lang='lat' dir='ltr'><strong>bonitatis</strong></span> <span class='ocrx_word' id='word_1_535' title='bbox 3000 3170 3054 3224; x_wconf 90' lang='lat' dir='ltr'><strong>in</strong></span> <span class='ocrx_word' id='word_1_536' title='bbox 3079 3168 3297 3225; x_wconf 89' lang='lat' dir='ltr'><strong>Christo</strong></span> <span class='ocrx_word' id='word_1_537' title='bbox 3343 3185 3474 3240; x_wconf 91' lang='lat' dir='ltr'><strong>pro-</strong></span> 
     </span>
    </p>
   </div>
   <div class='ocr_carea' id='block_1_77' title="bbox 1889 3263 3482 3334">
    <p class='ocr_par' dir='ltr' id='par_1_77' title="bbox 1889 3263 3482 3334">
     <span class='ocr_line' id='line_1_77' title="bbox 1889 3263 3482 3334; baseline -0.001 -14"><span class='ocrx_word' id='word_1_538' title='bbox 1889 3265 2014 3320; x_wconf 89' lang='lat' dir='ltr'><strong>bata</strong></span> <span class='ocrx_word' id='word_1_539' title='bbox 2045 3265 2294 3320; x_wconf 88' lang='lat' dir='ltr'><strong>voluntas</strong></span> <span class='ocrx_word' id='word_1_540' title='bbox 2330 3265 2397 3320; x_wconf 89' lang='lat' dir='ltr'><strong>de</strong></span> <span class='ocrx_word' id='word_1_541' title='bbox 2421 3263 2701 3334; x_wconf 85' lang='lat' dir='ltr'><strong>apostolici</strong></span> <span class='ocrx_word' id='word_1_542' title='bbox 2730 3265 2966 3334; x_wconf 86' lang='lat' dir='ltr'><strong>pastoris</strong></span> <span class='ocrx_word' id='word_1_543' title='bbox 2998 3277 3021 3304; x_wconf 83' lang='grc' dir='ltr'><strong>ο</strong></span> <span class='ocrx_word' id='word_1_544' title='bbox 3054 3263 3288 3319; x_wconf 87' lang='lat' dir='ltr'><strong>mirabili</strong></span> <span class='ocrx_word' id='word_1_545' title='bbox 3335 3265 3482 3319; x_wconf 81' lang='lat' dir='ltr'><strong>sani-</strong></span> 
     </span>
    </p>
   </div>
   <div class='ocr_carea' id='block_1_78' title="bbox 1892 3354 3485 3424">
    <p class='ocr_par' dir='ltr' id='par_1_78' title="bbox 1892 3354 3485 3424">
     <span class='ocr_line' id='line_1_78' title="bbox 1892 3354 3485 3424; baseline -0.001 -13"><span class='ocrx_word' id='word_1_546' title='bbox 1892 3365 2002 3412; x_wconf 87' lang='lat' dir='ltr'><strong>tate</strong></span> <span class='ocrx_word' id='word_1_547' title='bbox 2023 3356 2350 3411; x_wconf 89' lang='lat' dir='ltr'><strong>demandare</strong></span> <span class='ocrx_word' id='word_1_548' title='bbox 2372 3354 2605 3418; x_wconf 91' lang='lat' dir='ltr'><strong>curavit,</strong></span> <span class='ocrx_word' id='word_1_549' title='bbox 2636 3354 2793 3410; x_wconf 88' lang='lat' dir='ltr'><strong>decet</strong></span> <span class='ocrx_word' id='word_1_550' title='bbox 2819 3355 2965 3409; x_wconf 89' lang='lat' dir='ltr'><strong>enim</strong></span> <span class='ocrx_word' id='word_1_551' title='bbox 2986 3369 3201 3410; x_wconf 90' lang='lat' dir='ltr'><strong>omnem</strong></span> <span class='ocrx_word' id='word_1_552' title='bbox 3226 3354 3485 3424; x_wconf 87' lang='lat' dir='ltr'><strong>populum</strong></span> 
     </span>
    </p>
   </div>
   <div class='ocr_carea' id='block_1_79' title="bbox 1889 3442 3489 3514">
    <p class='ocr_par' dir='ltr' id='par_1_79' title="bbox 1889 3442 3489 3514">
     <span class='ocr_line' id='line_1_79' title="bbox 1889 3442 3489 3514; baseline -0.001 -13"><span class='ocrx_word' id='word_1_553' title='bbox 1889 3446 2262 3502; x_wconf 75' lang='lat' dir='ltr'><strong>ChriStianum</strong></span> <span class='ocrx_word' id='word_1_554' title='bbox 2306 3445 2363 3499; x_wconf 90' lang='lat' dir='ltr'><strong>in</strong></span> <span class='ocrx_word' id='word_1_555' title='bbox 2403 3445 2507 3499; x_wconf 90' lang='lat' dir='ltr'><strong>hac</strong></span> <span class='ocrx_word' id='word_1_556' title='bbox 2561 3442 2849 3499; x_wconf 90' lang='lat' dir='ltr'><strong>clementia</strong></span> <span class='ocrx_word' id='word_1_557' title='bbox 2891 3444 3086 3499; x_wconf 65' lang='lat' dir='ltr'><strong>divinae</strong></span> <span class='ocrx_word' id='word_1_558' title='bbox 3136 3444 3489 3514; x_wconf 88' lang='lat' dir='ltr'><strong>protectionis</strong></span> 
     </span>
    </p>
   </div>
   <div class='ocr_carea' id='block_1_80' title="bbox 1889 3532 3487 3609">
    <p class='ocr_par' dir='ltr' id='par_1_80' title="bbox 1889 3532 3487 3609">
     <span class='ocr_line' id='line_1_80' title="bbox 1889 3532 3487 3609; baseline -0.003 -17"><span class='ocrx_word' id='word_1_559' title='bbox 1889 3538 2142 3608; x_wconf 86' lang='lat' dir='ltr'><strong>gaudere,</strong></span> <span class='ocrx_word' id='word_1_560' title='bbox 2183 3544 2238 3592; x_wconf 90' lang='lat' dir='ltr'><strong>et</strong></span> <span class='ocrx_word' id='word_1_561' title='bbox 2260 3534 2480 3590; x_wconf 91' lang='lat' dir='ltr'><strong>laudare</strong></span> <span class='ocrx_word' id='word_1_562' title='bbox 2513 3551 2710 3590; x_wconf 90' lang='lat' dir='ltr'><strong>nomen</strong></span> <span class='ocrx_word' id='word_1_563' title='bbox 2748 3535 2925 3589; x_wconf 89' lang='lat' dir='ltr'><strong>sancti</strong></span> <span class='ocrx_word' id='word_1_564' title='bbox 2949 3533 3107 3609; x_wconf 72' lang='grc' dir='ltr'><strong>[ϐοά.</strong></span> <span class='ocrx_word' id='word_1_565' title='bbox 3150 3532 3269 3587; x_wconf 85' lang='lat' dir='ltr'><strong>Vat.</strong></span> <span class='ocrx_word' id='word_1_566' title='bbox 3296 3575 3312 3600; x_wconf 91' lang='lat'><strong>,</strong></span> <span class='ocrx_word' id='word_1_567' title='bbox 3358 3549 3487 3588; x_wconf 90' lang='lat' dir='ltr'><strong>san-</strong></span> 
     </span>
    </p>
   </div>
   <div class='ocr_carea' id='block_1_81' title="bbox 1891 3625 3485 3703">
    <p class='ocr_par' dir='ltr' id='par_1_81' title="bbox 1891 3625 3485 3703">
     <span class='ocr_line' id='line_1_81' title="bbox 1891 3625 3485 3703; baseline -0.004 -17"><span class='ocrx_word' id='word_1_568' title='bbox 1891 3629 2062 3703; x_wconf 90' lang='lat' dir='ltr'><strong>ctum]</strong></span> <span class='ocrx_word' id='word_1_569' title='bbox 2101 3630 2197 3685; x_wconf 90' lang='lat' dir='ltr'><strong>Dei</strong></span> <span class='ocrx_word' id='word_1_570' title='bbox 2225 3629 2421 3696; x_wconf 89' lang='lat' dir='ltr'><strong>nostri,</strong></span> <span class='ocrx_word' id='word_1_571' title='bbox 2451 3629 2543 3697; x_wconf 90' lang='lat' dir='ltr'><strong>qui</strong></span> <span class='ocrx_word' id='word_1_572' title='bbox 2574 3643 2851 3698; x_wconf 89' lang='lat' dir='ltr'><strong>nunquam</strong></span> <span class='ocrx_word' id='word_1_573' title='bbox 2881 3625 3085 3681; x_wconf 86' lang='lat' dir='ltr'><strong>deserit</strong></span> <span class='ocrx_word' id='word_1_574' title='bbox 3108 3635 3393 3696; x_wconf 91' lang='lat' dir='ltr'><strong>sperantes</strong></span> <span class='ocrx_word' id='word_1_575' title='bbox 3429 3626 3485 3680; x_wconf 89' lang='lat' dir='ltr'><strong>in</strong></span> 
     </span>
    </p>
   </div>
   <div class='ocr_carea' id='block_1_82' title="bbox 1889 3719 3485 3794">
    <p class='ocr_par' dir='ltr' id='par_1_82' title="bbox 1889 3719 3485 3794">
     <span class='ocr_line' id='line_1_82' title="bbox 1889 3719 3485 3794; baseline -0.004 -14"><span class='ocrx_word' id='word_1_576' title='bbox 1889 3741 1970 3790; x_wconf 90' lang='lat' dir='ltr'><strong>se,</strong></span> <span class='ocrx_word' id='word_1_577' title='bbox 2000 3725 2094 3794; x_wconf 90' lang='lat' dir='ltr'><strong>qui</strong></span> <span class='ocrx_word' id='word_1_578' title='bbox 2113 3723 2306 3793; x_wconf 90' lang='lat' dir='ltr'><strong>impias</strong></span> <span class='ocrx_word' id='word_1_579' title='bbox 2345 3721 2680 3791; x_wconf 89' lang='lat' dir='ltr'><strong>compescuit</strong></span> <span class='ocrx_word' id='word_1_580' title='bbox 2714 3735 2907 3775; x_wconf 89' lang='lat' dir='ltr'><strong>manus</strong></span> <span class='ocrx_word' id='word_1_581' title='bbox 2935 3735 2965 3773; x_wconf 90' lang='lat' dir='ltr'><strong>a</strong></span> <span class='ocrx_word' id='word_1_582' title='bbox 2993 3734 3160 3789; x_wconf 91' lang='lat' dir='ltr'><strong>pravo</strong></span> <span class='ocrx_word' id='word_1_583' title='bbox 3187 3719 3485 3774; x_wconf 87' lang='lat' dir='ltr'><strong>voluntatis</strong></span> 
     </span>
    </p>
   </div>
   <div class='ocr_carea' id='block_1_83' title="bbox 1889 3811 3488 3881">
    <p class='ocr_par' dir='ltr' id='par_1_83' title="bbox 1889 3811 3488 3881">
     <span class='ocr_line' id='line_1_83' title="bbox 1889 3811 3488 3881; baseline -0.006 -9"><span class='ocrx_word' id='word_1_584' title='bbox 1889 3815 2108 3881; x_wconf 73' lang='lat' dir='ltr'><strong>effectu,</strong></span> <span class='ocrx_word' id='word_1_585' title='bbox 2148 3813 2394 3870; x_wconf 88' lang='lat' dir='ltr'><strong>volentes</strong></span> <span class='ocrx_word' id='word_1_586' title='bbox 2437 3812 2656 3867; x_wconf 68' lang='lat' dir='ltr'><strong>caecatis</strong></span> <span class='ocrx_word' id='word_1_587' title='bbox 2686 3811 2957 3866; x_wconf 90' lang='lat' dir='ltr'><strong>mentibus</strong></span> <span class='ocrx_word' id='word_1_588' title='bbox 2987 3811 3167 3864; x_wconf 92' lang='lat' dir='ltr'><strong>lumen</strong></span> <span class='ocrx_word' id='word_1_589' title='bbox 3205 3826 3362 3865; x_wconf 89' lang='lat' dir='ltr'><strong>suum</strong></span> <span class='ocrx_word' id='word_1_590' title='bbox 3391 3826 3488 3864; x_wconf 81' lang='lat' dir='ltr'><strong>ex-</strong></span> 
     </span>
    </p>
   </div>
   <div class='ocr_carea' id='block_1_84' title="bbox 1893 3902 3491 3977">
    <p class='ocr_par' dir='ltr' id='par_1_84' title="bbox 1893 3902 3491 3977">
     <span class='ocr_line' id='line_1_84' title="bbox 1893 3902 3491 3977; baseline -0.004 -15"><span class='ocrx_word' id='word_1_591' title='bbox 1893 3909 2162 3977; x_wconf 86' lang='lat' dir='ltr'><strong>tinguere,</strong></span> <span class='ocrx_word' id='word_1_592' title='bbox 2214 3913 2272 3961; x_wconf 90' lang='lat' dir='ltr'><strong>et</strong></span> <span class='ocrx_word' id='word_1_593' title='bbox 2317 3904 2525 3974; x_wconf 88' lang='lat' dir='ltr'><strong>seipsos</strong></span> <span class='ocrx_word' id='word_1_594' title='bbox 2554 3903 2723 3973; x_wconf 89' lang='lat' dir='ltr'><strong>impio</strong></span> <span class='ocrx_word' id='word_1_595' title='bbox 2765 3902 2991 3959; x_wconf 85' lang='lat' dir='ltr'><strong>consilio</strong></span> <span class='ocrx_word' id='word_1_596' title='bbox 3015 3903 3235 3972; x_wconf 90' lang='lat' dir='ltr'><strong>proprio</strong></span> <span class='ocrx_word' id='word_1_597' title='bbox 3275 3905 3491 3973; x_wconf 88' lang='lat' dir='ltr'><strong>privare</strong></span> 
     </span>
    </p>
   </div>
   <div class='ocr_carea' id='block_1_85' title="bbox 1892 3995 3490 4069">
    <p class='ocr_par' dir='ltr' id='par_1_85' title="bbox 1892 3995 3490 4069">
     <span class='ocr_line' id='line_1_85' title="bbox 1892 3995 3490 4069; baseline -0.004 -14"><span class='ocrx_word' id='word_1_598' title='bbox 1892 3999 2091 4069; x_wconf 88' lang='lat' dir='ltr'><strong>capite.</strong></span> <span class='ocrx_word' id='word_1_599' title='bbox 2135 3997 2409 4068; x_wconf 85' lang='lat' dir='ltr'><strong>Quidquid</strong></span> <span class='ocrx_word' id='word_1_600' title='bbox 2457 4010 2588 4050; x_wconf 88' lang='lat' dir='ltr'><strong>vero</strong></span> <span class='ocrx_word' id='word_1_601' title='bbox 2631 3997 2697 4050; x_wconf 87' lang='lat' dir='ltr'><strong>de</strong></span> <span class='ocrx_word' id='word_1_602' title='bbox 2727 3995 2830 4050; x_wconf 90' lang='lat' dir='ltr'><strong>illis</strong></span> <span class='ocrx_word' id='word_1_603' title='bbox 2860 3995 3125 4063; x_wconf 88' lang='lat' dir='ltr'><strong>agendum</strong></span> <span class='ocrx_word' id='word_1_604' title='bbox 3160 3995 3230 4048; x_wconf 89' lang='lat' dir='ltr'><strong>sit</strong></span> <span class='ocrx_word' id='word_1_605' title='bbox 3259 4035 3274 4060; x_wconf 97' lang='lat'><strong>,</strong></span> <span class='ocrx_word' id='word_1_606' title='bbox 3311 4003 3490 4049; x_wconf 87' lang='lat' dir='ltr'><strong>vestra</strong></span> 
     </span>
    </p>
   </div>
   <div class='ocr_carea' id='block_1_86' title="bbox 1893 4083 3492 4154">
    <p class='ocr_par' dir='ltr' id='par_1_86' title="bbox 1893 4083 3492 4154">
     <span class='ocr_line' id='line_1_86' title="bbox 1893 4083 3492 4154; baseline -0.003 -10"><span class='ocrx_word' id='word_1_607' title='bbox 1893 4089 2210 4144; x_wconf 87' lang='lat' dir='ltr'><strong>cautissima</strong></span> <span class='ocrx_word' id='word_1_608' title='bbox 2255 4086 2612 4143; x_wconf 90' lang='lat' dir='ltr'><strong>considerare</strong></span> <span class='ocrx_word' id='word_1_609' title='bbox 2636 4086 2802 4140; x_wconf 90' lang='lat' dir='ltr'><strong>habet</strong></span> <span class='ocrx_word' id='word_1_610' title='bbox 2823 4083 3111 4154; x_wconf 89' lang='lat' dir='ltr'><strong>sapientia,</strong></span> <span class='ocrx_word' id='word_1_611' title='bbox 3142 4099 3260 4152; x_wconf 69' lang='lat' dir='ltr'><strong>quae</strong></span> <span class='ocrx_word' id='word_1_612' title='bbox 3289 4085 3492 4153; x_wconf 85' lang='lat' dir='ltr'><strong>optime</strong></span> 
     </span>
    </p>
   </div>
   <div class='ocr_carea' id='block_1_87' title="bbox 1893 4175 3493 4249">
    <p class='ocr_par' dir='ltr' id='par_1_87' title="bbox 1893 4175 3493 4249">
     <span class='ocr_line' id='line_1_87' title="bbox 1893 4175 3493 4249; baseline -0.001 -14"><span class='ocrx_word' id='word_1_613' title='bbox 1893 4181 2067 4247; x_wconf 90' lang='lat' dir='ltr'><strong>novit,</strong></span> <span class='ocrx_word' id='word_1_614' title='bbox 2115 4179 2245 4249; x_wconf 90' lang='lat' dir='ltr'><strong>quid</strong></span> <span class='ocrx_word' id='word_1_615' title='bbox 2292 4178 2379 4233; x_wconf 91' lang='lat' dir='ltr'><strong>cui</strong></span> <span class='ocrx_word' id='word_1_616' title='bbox 2411 4177 2701 4232; x_wconf 90' lang='lat' dir='ltr'><strong>conveniat</strong></span> <span class='ocrx_word' id='word_1_617' title='bbox 2728 4191 3004 4246; x_wconf 68' lang='lat' dir='ltr'><strong>personae,</strong></span> <span class='ocrx_word' id='word_1_618' title='bbox 3052 4183 3108 4230; x_wconf 90' lang='lat' dir='ltr'><strong>et</strong></span> <span class='ocrx_word' id='word_1_619' title='bbox 3133 4175 3261 4244; x_wconf 88' lang='lat' dir='ltr'><strong>quid</strong></span> <span class='ocrx_word' id='word_1_620' title='bbox 3288 4177 3375 4230; x_wconf 91' lang='lat' dir='ltr'><strong>cui</strong></span> <span class='ocrx_word' id='word_1_621' title='bbox 3418 4177 3493 4233; x_wconf 85' lang='lat' dir='ltr'><strong>sit</strong></span> 
     </span>
    </p>
   </div>
   <div class='ocr_carea' id='block_1_88' title="bbox 1893 4267 3486 4339">
    <p class='ocr_par' dir='ltr' id='par_1_88' title="bbox 1893 4267 3486 4339">
     <span class='ocr_line' id='line_1_88' title="bbox 1893 4267 3486 4339; baseline -0.001 -15"><span class='ocrx_word' id='word_1_622' title='bbox 1893 4270 2038 4327; x_wconf 85' lang='lat' dir='ltr'><strong>facto</strong></span> <span class='ocrx_word' id='word_1_623' title='bbox 2067 4269 2506 4333; x_wconf 88' lang='lat' dir='ltr'><strong>retribuendum;</strong></span> <span class='ocrx_word' id='word_1_624' title='bbox 2557 4267 2642 4322; x_wconf 91' lang='lat' dir='ltr'><strong>vel</strong></span> <span class='ocrx_word' id='word_1_625' title='bbox 2685 4269 2956 4338; x_wconf 89' lang='lat' dir='ltr'><strong>quomodo</strong></span> <span class='ocrx_word' id='word_1_626' title='bbox 3004 4267 3092 4322; x_wconf 90' lang='lat' dir='ltr'><strong>ille</strong></span> <span class='ocrx_word' id='word_1_627' title='bbox 3135 4267 3257 4338; x_wconf 90' lang='lat' dir='ltr'><strong>pius</strong></span> <span class='ocrx_word' id='word_1_628' title='bbox 3285 4277 3486 4339; x_wconf 90' lang='lat' dir='ltr'><strong>pastor,</strong></span> 
     </span>
    </p>
   </div>
   <div class='ocr_carea' id='block_1_89' title="bbox 1895 4362 3486 4432">
    <p class='ocr_par' dir='ltr' id='par_1_89' title="bbox 1895 4362 3486 4432">
     <span class='ocr_line' id='line_1_89' title="bbox 1895 4362 3486 4432; baseline 0 -14"><span class='ocrx_word' id='word_1_629' title='bbox 1895 4365 2074 4419; x_wconf 88' lang='lat' dir='ltr'><strong>divina</strong></span> <span class='ocrx_word' id='word_1_630' title='bbox 2103 4365 2172 4418; x_wconf 91' lang='lat' dir='ltr'><strong>ab</strong></span> <span class='ocrx_word' id='word_1_631' title='bbox 2196 4363 2538 4418; x_wconf 89' lang='lat' dir='ltr'><strong>inimicorum</strong></span> <span class='ocrx_word' id='word_1_632' title='bbox 2566 4362 2818 4417; x_wconf 89' lang='lat' dir='ltr'><strong>manibus</strong></span> <span class='ocrx_word' id='word_1_633' title='bbox 2840 4363 3100 4418; x_wconf 89' lang='lat' dir='ltr'><strong>liberatus</strong></span> <span class='ocrx_word' id='word_1_634' title='bbox 3127 4365 3486 4432; x_wconf 91' lang='lat' dir='ltr'><strong>protectione,</strong></span> 
     </span>
    </p>
   </div>
   <div class='ocr_carea' id='block_1_90' title="bbox 1896 4451 3376 4512">
    <p class='ocr_par' dir='ltr' id='par_1_90' title="bbox 1896 4451 3376 4512">
     <span class='ocr_line' id='line_1_90' title="bbox 1896 4451 3376 4512; baseline 0 -2"><span class='ocrx_word' id='word_1_635' title='bbox 1896 4471 2119 4512; x_wconf 90' lang='lat' dir='ltr'><strong>securus</strong></span> <span class='ocrx_word' id='word_1_636' title='bbox 2142 4456 2198 4510; x_wconf 92' lang='lat' dir='ltr'><strong>in</strong></span> <span class='ocrx_word' id='word_1_637' title='bbox 2221 4471 2317 4510; x_wconf 90' lang='lat' dir='ltr'><strong>sua</strong></span> <span class='ocrx_word' id='word_1_638' title='bbox 2345 4453 2471 4510; x_wconf 91' lang='lat' dir='ltr'><strong>sede</strong></span> <span class='ocrx_word' id='word_1_639' title='bbox 2500 4453 2612 4508; x_wconf 88' lang='lat' dir='ltr'><strong>Deo</strong></span> <span class='ocrx_word' id='word_1_640' title='bbox 2633 4451 2851 4509; x_wconf 90' lang='lat' dir='ltr'><strong>Christo</strong></span> <span class='ocrx_word' id='word_1_641' title='bbox 2873 4454 3151 4511; x_wconf 87' lang='lat' dir='ltr'><strong>deservire</strong></span> <span class='ocrx_word' id='word_1_642' title='bbox 3176 4455 3376 4511; x_wconf 87' lang='lat' dir='ltr'><strong>valeat.</strong></span> 
     </span>
    </p>
   </div>
   <div class='ocr_carea' id='block_1_91' title="bbox 179 4545 3489 4623">
    <p class='ocr_par' dir='ltr' id='par_1_91' title="bbox 179 4545 3489 4623">
     <span class='ocr_line' id='line_1_91' title="bbox 179 4545 3489 4623; baseline 0.002 -28"><span class='ocrx_word' id='word_1_643' title='bbox 179 4552 231 4596; x_wconf 91' lang='lat' dir='ltr'><strong>et</strong></span> <span class='ocrx_word' id='word_1_644' title='bbox 269 4545 545 4600; x_wconf 87' lang='lat' dir='ltr'><strong>inimicos</strong></span> <span class='ocrx_word' id='word_1_645' title='bbox 580 4545 661 4599; x_wconf 90' lang='lat' dir='ltr'><strong>sui</strong></span> <span class='ocrx_word' id='word_1_646' title='bbox 693 4547 924 4601; x_wconf 89' lang='lat' dir='ltr'><strong>nominis</strong></span> <span class='ocrx_word' id='word_1_647' title='bbox 967 4557 1163 4602; x_wconf 85' lang='lat' dir='ltr'><strong>vestrae</strong></span> <span class='ocrx_word' id='word_1_648' title='bbox 1199 4549 1452 4618; x_wconf 86' lang='lat' dir='ltr'><strong>potentiae</strong></span> <span class='ocrx_word' id='word_1_649' title='bbox 1481 4548 1510 4588; x_wconf 75' lang='grc' dir='ltr'><em>ά</em></span> <span class='ocrx_word' id='word_1_650' title='bbox 1553 4549 1790 4606; x_wconf 91' lang='lat' dir='ltr'><strong>subdidit</strong></span> <span class='ocrx_word' id='word_1_651' title='bbox 1818 4563 1872 4623; x_wconf 79' lang='grc' dir='ltr'><strong>ι)</strong></span> <span class='ocrx_word' id='word_1_652' title='bbox 1965 4549 2119 4616; x_wconf 88' lang='lat' dir='ltr'><strong>Quod</strong></span> <span class='ocrx_word' id='word_1_653' title='bbox 2147 4565 2277 4605; x_wconf 87' lang='lat' dir='ltr'><strong>vero</strong></span> <span class='ocrx_word' id='word_1_654' title='bbox 2295 4559 2490 4605; x_wconf 85' lang='lat' dir='ltr'><strong>vestrae</strong></span> <span class='ocrx_word' id='word_1_655' title='bbox 2516 4547 2868 4618; x_wconf 90' lang='lat' dir='ltr'><strong>benignitatis</strong></span> <span class='ocrx_word' id='word_1_656' title='bbox 2896 4548 3091 4604; x_wconf 73' lang='lat' dir='ltr'><strong>litterae</strong></span> <span class='ocrx_word' id='word_1_657' title='bbox 3133 4549 3326 4606; x_wconf 88' lang='lat' dir='ltr'><strong>Flacco</strong></span> <span class='ocrx_word' id='word_1_658' title='bbox 3359 4550 3489 4604; x_wconf 82' lang='lat' dir='ltr'><strong>taci—</strong></span> 
     </span>
    </p>
   </div>
   <div class='ocr_carea' id='block_1_92' title="bbox 181 4635 1783 4713">
    <p class='ocr_par' dir='ltr' id='par_1_92' title="bbox 181 4635 1783 4713">
     <span class='ocr_line' id='line_1_92' title="bbox 181 4635 1783 4713; baseline 0.006 -27"><span class='ocrx_word' id='word_1_659' title='bbox 181 4635 433 4701; x_wconf 87' lang='lat' dir='ltr'><strong>pedibus.</strong></span> <span class='ocrx_word' id='word_1_660' title='bbox 471 4636 593 4689; x_wconf 87' lang='lat' dir='ltr'><strong>Hoc</strong></span> <span class='ocrx_word' id='word_1_661' title='bbox 615 4638 754 4690; x_wconf 87' lang='lat' dir='ltr'><strong>enim</strong></span> <span class='ocrx_word' id='word_1_662' title='bbox 783 4637 941 4706; x_wconf 81' lang='lat' dir='ltr'><strong>faciat</strong></span> <span class='ocrx_word' id='word_1_663' title='bbox 965 4638 1129 4703; x_wconf 83' lang='lat' dir='ltr'><strong>Deus,</strong></span> <span class='ocrx_word' id='word_1_664' title='bbox 1153 4648 1202 4693; x_wconf 90' lang='lat' dir='ltr'><strong>et</strong></span> <span class='ocrx_word' id='word_1_665' title='bbox 1240 4641 1337 4694; x_wconf 75' lang='lat' dir='ltr'><strong>hoc</strong></span> <span class='ocrx_word' id='word_1_666' title='bbox 1364 4640 1524 4694; x_wconf 87' lang='lat' dir='ltr'><strong>addat</strong></span> <span class='ocrx_word' id='word_1_667' title='bbox 1551 4637 1569 4713; x_wconf 95' lang='lat'>(</span> <span class='ocrx_word' id='word_1_668' title='bbox 1601 4640 1631 4694; x_wconf 89' lang='grc' dir='ltr'><em>Ι</em></span> <span class='ocrx_word' id='word_1_669' title='bbox 1656 4640 1783 4711; x_wconf 86' lang='lat' dir='ltr'><strong>Reg.</strong></span> 
     </span>
    </p>
   </div>
   <div class='ocr_carea' id='block_1_93' title="bbox 178 4730 1790 4803">
    <p class='ocr_par' dir='ltr' id='par_1_93' title="bbox 178 4730 1790 4803">
     <span class='ocr_line' id='line_1_93' title="bbox 178 4730 1790 4803; baseline 0.006 -24"><span class='ocrx_word' id='word_1_670' title='bbox 178 4743 257 4794; x_wconf 84' lang='grc' dir='ltr'><strong>ιιι,</strong></span> <span class='ocrx_word' id='word_1_671' title='bbox 291 4731 414 4800; x_wconf 83' lang='grc'><strong>17),</strong></span> <span class='ocrx_word' id='word_1_672' title='bbox 457 4738 522 4784; x_wconf 90' lang='lat' dir='ltr'><strong>ut</strong></span> <span class='ocrx_word' id='word_1_673' title='bbox 551 4730 824 4799; x_wconf 91' lang='lat' dir='ltr'><strong>triumpho</strong></span> <span class='ocrx_word' id='word_1_674' title='bbox 854 4733 1082 4787; x_wconf 89' lang='lat' dir='ltr'><strong>terroris</strong></span> <span class='ocrx_word' id='word_1_675' title='bbox 1107 4733 1275 4787; x_wconf 85' lang='lat' dir='ltr'><strong>vestri</strong></span> <span class='ocrx_word' id='word_1_676' title='bbox 1303 4733 1553 4788; x_wconf 89' lang='lat' dir='ltr'><strong>inimicas</strong></span> <span class='ocrx_word' id='word_1_677' title='bbox 1590 4733 1790 4803; x_wconf 89' lang='lat' dir='ltr'><strong>ubique</strong></span> 
     </span>
    </p>
   </div>
   <div class='ocr_carea' id='block_1_94' title="bbox 181 4860 1791 4938">
    <p class='ocr_par' dir='ltr' id='par_1_94' title="bbox 181 4860 1791 4938">
     <span class='ocr_line' id='line_1_94' title="bbox 181 4860 1791 4938; baseline 0.005 -25"><span class='ocrx_word' id='word_1_678' title='bbox 181 4929 191 4938; x_wconf 33' lang='grc' dir='ltr'><strong>ε</strong></span> <span class='ocrx_word' id='word_1_679' title='bbox 249 4874 274 4900; x_wconf 80' lang='grc' dir='ltr'><strong>ει</strong></span> <span class='ocrx_word' id='word_1_680' title='bbox 309 4861 654 4916; x_wconf 86' lang='lat' dir='ltr'><strong>Laidradus.</strong></span> <span class='ocrx_word' id='word_1_681' title='bbox 700 4860 1190 4938; x_wconf 68' lang='lat' dir='ltr'><strong>Laidradumpost</strong></span> <span class='ocrx_word' id='word_1_682' title='bbox 1218 4879 1415 4938; x_wconf 86' lang='lat' dir='ltr'><strong>annum</strong></span> <span class='ocrx_word' id='word_1_683' title='bbox 1463 4864 1586 4919; x_wconf 86' lang='lat'><strong>799.</strong></span> <span class='ocrx_word' id='word_1_684' title='bbox 1613 4864 1791 4938; x_wconf 85' lang='lat' dir='ltr'><strong>Felice</strong></span> 
     </span>
    </p>
   </div>
   <div class='ocr_carea' id='block_1_95' title="bbox 176 4933 1794 5003">
    <p class='ocr_par' dir='ltr' id='par_1_95' title="bbox 176 4933 1794 5003">
     <span class='ocr_line' id='line_1_95' title="bbox 176 4933 1794 5003; baseline 0.004 -18"><span class='ocrx_word' id='word_1_685' title='bbox 176 4933 285 5003; x_wconf 79' lang='lat' dir='ltr'><strong>jam</strong></span> <span class='ocrx_word' id='word_1_686' title='bbox 318 4947 606 4987; x_wconf 86' lang='lat' dir='ltr'><strong>converso</strong></span> <span class='ocrx_word' id='word_1_687' title='bbox 633 4947 756 5003; x_wconf 17' lang='lat' dir='ltr'><strong>inon</strong></span> <span class='ocrx_word' id='word_1_688' title='bbox 787 4933 1009 4988; x_wconf 83' lang='lat' dir='ltr'><strong>rediisse</strong></span> <span class='ocrx_word' id='word_1_689' title='bbox 1046 4933 1098 4987; x_wconf 92' lang='lat' dir='ltr'><strong>in</strong></span> <span class='ocrx_word' id='word_1_690' title='bbox 1130 4934 1440 5003; x_wconf 89' lang='lat' dir='ltr'><strong>Hispaniam</strong></span> <span class='ocrx_word' id='word_1_691' title='bbox 1464 4976 1479 5000; x_wconf 95' lang='lat'><strong>,</strong></span> <span class='ocrx_word' id='word_1_692' title='bbox 1511 4937 1794 4991; x_wconf 90' lang='lat' dir='ltr'><strong>contendit</strong></span> 
     </span>
    </p>
   </div>
   <div class='ocr_carea' id='block_1_96' title="bbox 182 5000 1793 5074">
    <p class='ocr_par' dir='ltr' id='par_1_96' title="bbox 182 5000 1793 5074">
     <span class='ocr_line' id='line_1_96' title="bbox 182 5000 1793 5074; baseline 0.004 -20"><span class='ocrx_word' id='word_1_693' title='bbox 182 5000 247 5074; x_wconf 80' lang='lat' dir='ltr'><strong>cl_.</strong></span> <span class='ocrx_word' id='word_1_694' title='bbox 279 5004 592 5074; x_wconf 74' lang='lat' dir='ltr'><strong>Madrisius</strong></span> <span class='ocrx_word' id='word_1_695' title='bbox 616 5002 715 5073; x_wconf 91' lang='lat' dir='ltr'><strong>Op.</strong></span> <span class='ocrx_word' id='word_1_696' title='bbox 748 5005 917 5058; x_wconf 83' lang='lat' dir='ltr'><strong>sancti</strong></span> <span class='ocrx_word' id='word_1_697' title='bbox 942 5004 1146 5059; x_wconf 89' lang='lat' dir='ltr'><strong>Paulini</strong></span> <span class='ocrx_word' id='word_1_698' title='bbox 1171 5000 1292 5074; x_wconf 78' lang='lat' dir='ltr'><strong>pag.</strong></span> <span class='ocrx_word' id='word_1_699' title='bbox 1319 5005 1443 5069; x_wconf 66' lang='lat'><strong>222,</strong></span> <span class='ocrx_word' id='word_1_700' title='bbox 1471 5023 1618 5060; x_wconf 90' lang='lat' dir='ltr'><strong>num.</strong></span> <span class='ocrx_word' id='word_1_701' title='bbox 1645 5007 1713 5060; x_wconf 73' lang='grc'><strong>62</strong></span> <span class='ocrx_word' id='word_1_702' title='bbox 1737 5015 1793 5061; x_wconf 89' lang='lat' dir='ltr'><strong>et</strong></span> 
     </span>
    </p>
   </div>
   <div class='ocr_carea' id='block_1_97' title="bbox 181 5070 1794 5141">
    <p class='ocr_par' dir='ltr' id='par_1_97' title="bbox 181 5070 1794 5141">
     <span class='ocr_line' id='line_1_97' title="bbox 181 5070 1794 5141; baseline 0.004 -16"><span class='ocrx_word' id='word_1_703' title='bbox 181 5070 266 5126; x_wconf 82' lang='lat'><strong>65.</strong></span> <span class='ocrx_word' id='word_1_704' title='bbox 301 5073 417 5128; x_wconf 87' lang='lat' dir='ltr'><strong>Sed</strong></span> <span class='ocrx_word' id='word_1_705' title='bbox 471 5070 697 5137; x_wconf 80' lang='lat' dir='ltr'><strong>fallitur,</strong></span> <span class='ocrx_word' id='word_1_706' title='bbox 732 5082 790 5127; x_wconf 93' lang='lat' dir='ltr'><strong>ut</strong></span> <span class='ocrx_word' id='word_1_707' title='bbox 819 5091 884 5127; x_wconf 77' lang='lat' dir='ltr'><strong>ex</strong></span> <span class='ocrx_word' id='word_1_708' title='bbox 924 5076 1025 5129; x_wconf 90' lang='lat' dir='ltr'><strong>hoc</strong></span> <span class='ocrx_word' id='word_1_709' title='bbox 1074 5070 1191 5130; x_wconf 80' lang='lat' dir='ltr'><strong>loco</strong></span> <span class='ocrx_word' id='word_1_710' title='bbox 1222 5070 1568 5131; x_wconf 82' lang='lat' dir='ltr'><strong>manifestum</strong></span> <span class='ocrx_word' id='word_1_711' title='bbox 1597 5086 1701 5141; x_wconf 85' lang='lat' dir='ltr'><strong>est,</strong></span> <span class='ocrx_word' id='word_1_712' title='bbox 1737 5085 1794 5131; x_wconf 90' lang='lat' dir='ltr'><strong>et</strong></span> 
     </span>
    </p>
   </div>
   <div class='ocr_carea' id='block_1_98' title="bbox 179 5144 1792 5264">
    <p class='ocr_par' dir='ltr' id='par_1_98' title="bbox 179 5144 1792 5264">
     <span class='ocr_line' id='line_1_98' title="bbox 179 5144 1792 5264; baseline 0.003 -67"><span class='ocrx_word' id='word_1_713' title='bbox 179 5158 281 5264; x_wconf 51' lang='lat' dir='ltr'><strong>{vos</strong></span> <span class='ocrx_word' id='word_1_714' title='bbox 305 5145 561 5214; x_wconf 90' lang='lat' dir='ltr'><strong>amplius</strong></span> <span class='ocrx_word' id='word_1_715' title='bbox 586 5144 1004 5200; x_wconf 84' lang='lat' dir='ltr'><strong>monstrabimus</strong></span> <span class='ocrx_word' id='word_1_716' title='bbox 1026 5146 1081 5199; x_wconf 92' lang='lat' dir='ltr'><strong>in</strong></span> <span class='ocrx_word' id='word_1_717' title='bbox 1108 5146 1332 5201; x_wconf 91' lang='lat' dir='ltr'><strong>Dissert.</strong></span> <span class='ocrx_word' id='word_1_718' title='bbox 1367 5149 1431 5202; x_wconf 88' lang='lat' dir='ltr'><strong>de</strong></span> <span class='ocrx_word' id='word_1_719' title='bbox 1461 5147 1664 5202; x_wconf 81' lang='lat' dir='ltr'><strong>Haeres.</strong></span> <span class='ocrx_word' id='word_1_720' title='bbox 1689 5147 1792 5202; x_wconf 88' lang='lat' dir='ltr'><strong>Fe—</strong></span> 
     </span>
     <span class='ocr_line' id='line_1_99' title="bbox 201 5229 408 5264; baseline 0 0"><span class='ocrx_word' id='word_1_721' title='bbox 201 5229 408 5264; x_wconf 73' lang='lat' dir='ltr'><strong>lamna.</strong></span> 
     </span>
    </p>
   </div>
   <div class='ocr_carea' id='block_1_99' title="bbox 201 5229 408 5268">
    <p class='ocr_par' dir='ltr' id='par_1_99' title="bbox 201 5229 408 5268">
     <span class='ocr_line' id='line_1_100' title="bbox 201 5229 408 5268; baseline 0.014 -3"><span class='ocrx_word' id='word_1_722' title='bbox 201 5229 343 5268; x_wconf 77' lang='lat' dir='ltr'><strong>lClaD</strong></span> <span class='ocrx_word' id='word_1_723' title='bbox 349 5231 383 5268; x_wconf 76' lang='lat'><strong>8</strong></span> <span class='ocrx_word' id='word_1_724' title='bbox 392 5255 408 5267; x_wconf 85' lang='lat'><strong><em>.</em></strong></span> 
     </span>
    </p>
   </div>
   <div class='ocr_carea' id='block_1_100' title="bbox 248 5305 1407 5378">
    <p class='ocr_par' dir='ltr' id='par_1_100' title="bbox 248 5305 1407 5378">
     <span class='ocr_line' id='line_1_101' title="bbox 248 5305 1407 5378; baseline 0.003 -19"><span class='ocrx_word' id='word_1_725' title='bbox 248 5307 278 5346; x_wconf 70' lang='grc' dir='ltr'>δ</span> <span class='ocrx_word' id='word_1_726' title='bbox 315 5305 539 5359; x_wconf 79' lang='lat' dir='ltr'><strong>Filium</strong></span> <span class='ocrx_word' id='word_1_727' title='bbox 564 5317 818 5373; x_wconf 86' lang='lat' dir='ltr'><strong>nostrum,</strong></span> <span class='ocrx_word' id='word_1_728' title='bbox 845 5322 1038 5378; x_wconf 88' lang='lat' dir='ltr'><strong>nempe</strong></span> <span class='ocrx_word' id='word_1_729' title='bbox 1060 5307 1407 5364; x_wconf 87' lang='lat' dir='ltr'><strong>Laidradum.</strong></span> 
     </span>
    </p>
   </div>
   <div class='ocr_carea' id='block_1_101' title="bbox 251 5395 1794 5462">
    <p class='ocr_par' dir='ltr' id='par_1_101' title="bbox 251 5395 1794 5462">
     <span class='ocr_line' id='line_1_102' title="bbox 251 5395 1794 5462; baseline 0.006 -13"><span class='ocrx_word' id='word_1_730' title='bbox 251 5409 274 5436; x_wconf 77' lang='grc' dir='ltr'><strong>ε</strong></span> <span class='ocrx_word' id='word_1_731' title='bbox 318 5396 484 5450; x_wconf 82' lang='lat' dir='ltr'><strong>Edit.</strong></span> <span class='ocrx_word' id='word_1_732' title='bbox 516 5395 766 5462; x_wconf 89' lang='lat' dir='ltr'><strong>Quercet.</strong></span> <span class='ocrx_word' id='word_1_733' title='bbox 794 5397 878 5459; x_wconf 80' lang='grc'><strong>15.</strong></span> <span class='ocrx_word' id='word_1_734' title='bbox 907 5397 1089 5453; x_wconf 89' lang='lat' dir='ltr'><strong>Canis.</strong></span> <span class='ocrx_word' id='word_1_735' title='bbox 1122 5397 1171 5452; x_wconf 88' lang='lat'><strong>7.</strong></span> <span class='ocrx_word' id='word_1_736' title='bbox 1207 5397 1361 5454; x_wconf 90' lang='lat' dir='ltr'><strong>Nunc</strong></span> <span class='ocrx_word' id='word_1_737' title='bbox 1387 5401 1584 5457; x_wconf 90' lang='lat' dir='ltr'><strong>alicubi</strong></span> <span class='ocrx_word' id='word_1_738' title='bbox 1609 5417 1794 5458; x_wconf 83' lang='lat' dir='ltr'><strong>emen-</strong></span> 
     </span>
    </p>
   </div>
   <div class='ocr_carea' id='block_1_102' title="bbox 177 5463 1638 5545">
    <p class='ocr_par' dir='ltr' id='par_1_102' title="bbox 177 5463 1638 5545">
     <span class='ocr_line' id='line_1_103' title="bbox 177 5463 1638 5545; baseline 0.005 -23"><span class='ocrx_word' id='word_1_739' title='bbox 177 5463 308 5522; x_wconf 86' lang='lat' dir='ltr'><strong>data</strong></span> <span class='ocrx_word' id='word_1_740' title='bbox 341 5482 419 5522; x_wconf 81' lang='lat' dir='ltr'><strong>ex</strong></span> <span class='ocrx_word' id='word_1_741' title='bbox 455 5468 581 5520; x_wconf 87' lang='lat' dir='ltr'><strong>cod.</strong></span> <span class='ocrx_word' id='word_1_742' title='bbox 608 5482 722 5537; x_wconf 88' lang='lat' dir='ltr'><strong>reg.</strong></span> <span class='ocrx_word' id='word_1_743' title='bbox 747 5467 921 5524; x_wconf 81' lang='lat' dir='ltr'><strong>Vatic.</strong></span> <span class='ocrx_word' id='word_1_744' title='bbox 947 5468 1015 5522; x_wconf 84' lang='lat'><strong>69</strong></span> <span class='ocrx_word' id='word_1_745' title='bbox 1056 5467 1231 5541; x_wconf 86' lang='lat' dir='ltr'><strong>(Apud</strong></span> <span class='ocrx_word' id='word_1_746' title='bbox 1263 5469 1493 5526; x_wconf 91' lang='lat' dir='ltr'><strong>Froben.</strong></span> <span class='ocrx_word' id='word_1_747' title='bbox 1524 5474 1638 5545; x_wconf 77' lang='grc'><strong>95).</strong></span> 
     </span>
    </p>
   </div>
   <div class='ocr_carea' id='block_1_103' title="bbox 246 5555 1795 5635">
    <p class='ocr_par' dir='ltr' id='par_1_103' title="bbox 246 5555 1795 5635">
     <span class='ocr_line' id='line_1_104' title="bbox 246 5555 1795 5635; baseline 0.006 -25"><span class='ocrx_word' id='word_1_748' title='bbox 246 5555 274 5635; x_wconf 62' lang='lat'><strong><em>4</em></strong></span> <span class='ocrx_word' id='word_1_749' title='bbox 310 5557 585 5616; x_wconf 84' lang='lat' dir='ltr'><strong>Subdidit</strong></span> <span class='ocrx_word' id='word_1_750' title='bbox 611 5558 864 5635; x_wconf 59' lang='lat' dir='ltr'><strong>pedibus.</strong></span> <span class='ocrx_word' id='word_1_751' title='bbox 893 5560 1117 5615; x_wconf 88' lang='lat' dir='ltr'><strong>Carolus</strong></span> <span class='ocrx_word' id='word_1_752' title='bbox 1153 5576 1300 5635; x_wconf 76' lang='lat' dir='ltr'><strong>anno</strong></span> <span class='ocrx_word' id='word_1_753' title='bbox 1347 5563 1515 5632; x_wconf 91' lang='lat' dir='ltr'><strong>priori</strong></span> <span class='ocrx_word' id='word_1_754' title='bbox 1547 5565 1652 5619; x_wconf 88' lang='lat'><strong>799</strong></span> <span class='ocrx_word' id='word_1_755' title='bbox 1696 5581 1795 5635; x_wconf 90' lang='lat' dir='ltr'><strong>per</strong></span> 
     </span>
    </p>
   </div>
   <div class='ocr_carea' id='block_1_104' title="bbox 178 5575 1790 5703">
    <p class='ocr_par' dir='ltr' id='par_1_104' title="bbox 178 5575 1790 5703">
     <span class='ocr_line' id='line_1_105' title="bbox 246 5575 1790 5680; baseline 0.006 -69"><span class='ocrx_word' id='word_1_756' title='bbox 246 5575 274 5598; x_wconf 78' lang='grc' dir='ltr'>α</span> <span class='ocrx_word' id='word_1_757' title='bbox 310 5575 585 5616; x_wconf 69' lang='grc' dir='ltr'><strong>δυσαιαιι</strong></span> <span class='ocrx_word' id='word_1_758' title='bbox 611 5575 864 5680; x_wconf 57' lang='grc' dir='ltr'><strong>1ξειιιιηιε.</strong></span> <span class='ocrx_word' id='word_1_759' title='bbox 893 5575 1117 5615; x_wconf 69' lang='grc' dir='ltr'><strong>ωποιυε</strong></span> <span class='ocrx_word' id='word_1_760' title='bbox 1158 5576 1300 5616; x_wconf 85' lang='lat' dir='ltr'><strong>anno</strong></span> <span class='ocrx_word' id='word_1_761' title='bbox 1347 5575 1515 5632; x_wconf 79' lang='lat' dir='ltr'><strong>priori</strong></span> <span class='ocrx_word' id='word_1_762' title='bbox 1547 5575 1652 5619; x_wconf 80' lang='lat'><strong>799</strong></span> <span class='ocrx_word' id='word_1_763' title='bbox 1696 5581 1790 5635; x_wconf 88' lang='lat' dir='ltr'><strong>per</strong></span> 
     </span>
     <span class='ocr_line' id='line_1_106' title="bbox 178 5627 1790 5703; baseline 0.004 -19"><span class='ocrx_word' id='word_1_764' title='bbox 178 5627 356 5703; x_wconf 74' lang='lat' dir='ltr'><strong>ﬁlium</strong></span> <span class='ocrx_word' id='word_1_765' title='bbox 393 5643 568 5703; x_wconf 62' lang='lat' dir='ltr'><strong>suum</strong></span> <span class='ocrx_word' id='word_1_766' title='bbox 625 5630 892 5703; x_wconf 24' lang='lat' dir='ltr'><strong>Aippinum</strong></span> <span class='ocrx_word' id='word_1_767' title='bbox 937 5640 992 5703; x_wconf 82' lang='lat' dir='ltr'><strong>et</strong></span> <span class='ocrx_word' id='word_1_768' title='bbox 1031 5632 1313 5702; x_wconf 60' lang='lat' dir='ltr'><strong>praefectos</strong></span> <span class='ocrx_word' id='word_1_769' title='bbox 1357 5635 1790 5703; x_wconf 90' lang='lat' dir='ltr'><strong>provinciarum,</strong></span> 
     </span>
    </p>
   </div>
   <div class='ocr_carea' id='block_1_105' title="bbox 177 5697 1793 5777">
    <p class='ocr_par' dir='ltr' id='par_1_105' title="bbox 177 5697 1793 5777">
     <span class='ocr_line' id='line_1_107' title="bbox 177 5697 1793 5777; baseline 0.004 -23"><span class='ocrx_word' id='word_1_770' title='bbox 177 5701 400 5777; x_wconf 51' lang='lat' dir='ltr'><strong>[vallant</strong></span> <span class='ocrx_word' id='word_1_771' title='bbox 458 5697 763 5777; x_wconf 70' lang='lat' dir='ltr'><strong>Hunnicuin</strong></span> <span class='ocrx_word' id='word_1_772' title='bbox 814 5697 1134 5777; x_wconf 67' lang='lat' dir='ltr'><strong>complevit;</strong></span> <span class='ocrx_word' id='word_1_773' title='bbox 1171 5712 1327 5777; x_wconf 89' lang='lat' dir='ltr'><strong>teste</strong></span> <span class='ocrx_word' id='word_1_774' title='bbox 1357 5697 1688 5777; x_wconf 56' lang='lat' dir='ltr'><strong>&#39;Eginhardo</strong></span> <span class='ocrx_word' id='word_1_775' title='bbox 1739 5697 1793 5761; x_wconf 87' lang='lat' dir='ltr'><strong>in</strong></span> 
     </span>
    </p>
   </div>
   <div class='ocr_carea' id='block_1_106' title="bbox 180 5769 1791 5842">
    <p class='ocr_par' dir='ltr' id='par_1_106' title="bbox 180 5769 1791 5842">
     <span class='ocr_line' id='line_1_108' title="bbox 180 5769 1791 5842; baseline 0.005 -18"><span class='ocrx_word' id='word_1_776' title='bbox 180 5771 302 5825; x_wconf 75' lang='lat' dir='ltr'><strong>Vita</strong></span> <span class='ocrx_word' id='word_1_777' title='bbox 355 5770 556 5842; x_wconf 77' lang='lat' dir='ltr'><strong>Caroli</strong></span> <span class='ocrx_word' id='word_1_778' title='bbox 590 5769 763 5842; x_wconf 81' lang='lat' dir='ltr'><strong>Magni</strong></span> <span class='ocrx_word' id='word_1_779' title='bbox 812 5769 1097 5827; x_wconf 71' lang='lat' dir='ltr'><strong>Britannos</strong></span> <span class='ocrx_word' id='word_1_780' title='bbox 1134 5769 1452 5831; x_wconf 72' lang='lat' dir='ltr'><strong>cismnrinos</strong></span> <span class='ocrx_word' id='word_1_781' title='bbox 1482 5777 1708 5842; x_wconf 87' lang='lat' dir='ltr'><strong>domuit,</strong></span> <span class='ocrx_word' id='word_1_782' title='bbox 1742 5787 1791 5832; x_wconf 84' lang='lat' dir='ltr'><strong>et</strong></span> 
     </span>
    </p>
   </div>
   <div class='ocr_carea' id='block_1_107' title="bbox 179 5839 1797 5920">
    <p class='ocr_par' dir='ltr' id='par_1_107' title="bbox 179 5839 1797 5920">
     <span class='ocr_line' id='line_1_109' title="bbox 179 5839 1797 5920; baseline 0.006 -25"><span class='ocrx_word' id='word_1_783' title='bbox 179 5839 474 5899; x_wconf 82' lang='lat' dir='ltr'><strong>adversus</strong></span> <span class='ocrx_word' id='word_1_784' title='bbox 513 5839 811 5896; x_wconf 78' lang='lat' dir='ltr'><strong>Saracenos</strong></span> <span class='ocrx_word' id='word_1_785' title='bbox 837 5858 949 5897; x_wconf 89' lang='lat' dir='ltr'><strong>rem</strong></span> <span class='ocrx_word' id='word_1_786' title='bbox 975 5858 1230 5915; x_wconf 85' lang='lat' dir='ltr'><strong>prospere</strong></span> <span class='ocrx_word' id='word_1_787' title='bbox 1257 5848 1450 5919; x_wconf 86' lang='lat' dir='ltr'><strong>gessit;</strong></span> <span class='ocrx_word' id='word_1_788' title='bbox 1477 5859 1637 5920; x_wconf 87' lang='lat' dir='ltr'><strong>prout</strong></span> <span class='ocrx_word' id='word_1_789' title='bbox 1672 5839 1797 5904; x_wconf 77' lang='lat' dir='ltr'><strong>nar-</strong></span> 
     </span>
    </p>
   </div>
   <div class='ocr_carea' id='block_1_108' title="bbox 602 5931 992 5998">
    <p class='ocr_par' dir='ltr' id='par_1_108' title="bbox 602 5931 992 5998">
     <span class='ocr_line' id='line_1_110' title="bbox 602 5931 992 5998; baseline 0.005 -4"><span class='ocrx_word' id='word_1_790' title='bbox 602 5931 878 5998; x_wconf 76' lang='grc' dir='ltr'><strong>ΡΑΤειοι.</strong></span> <span class='ocrx_word' id='word_1_791' title='bbox 923 5935 992 5996; x_wconf 91' lang='lat' dir='ltr'><strong>C.</strong></span> 
     </span>
    </p>
   </div>
   <div class='ocr_carea' id='block_1_109' title="bbox 1895 4638 3488 4711">
    <p class='ocr_par' dir='ltr' id='par_1_109' title="bbox 1895 4638 3488 4711">
     <span class='ocr_line' id='line_1_111' title="bbox 1895 4638 3488 4711; baseline -0.001 -17"><span class='ocrx_word' id='word_1_792' title='bbox 1895 4639 2170 4694; x_wconf 86' lang='lat' dir='ltr'><strong>turnitatis</strong></span> <span class='ocrx_word' id='word_1_793' title='bbox 2189 4640 2400 4708; x_wconf 90' lang='lat' dir='ltr'><strong>culpam</strong></span> <span class='ocrx_word' id='word_1_794' title='bbox 2428 4641 2700 4711; x_wconf 78' lang='lat' dir='ltr'><strong>ingemat,</strong></span> <span class='ocrx_word' id='word_1_795' title='bbox 2724 4656 2883 4710; x_wconf 90' lang='lat' dir='ltr'><strong>quem</strong></span> <span class='ocrx_word' id='word_1_796' title='bbox 2901 4638 3106 4710; x_wconf 85' lang='lat' dir='ltr'><strong>[Forte,</strong></span> <span class='ocrx_word' id='word_1_797' title='bbox 3135 4639 3282 4710; x_wconf 74' lang='lat' dir='ltr'><strong>eum]</strong></span> <span class='ocrx_word' id='word_1_798' title='bbox 3307 4639 3488 4694; x_wconf 88' lang='lat' dir='ltr'><strong>fervor</strong></span> 
     </span>
    </p>
   </div>
   <div class='ocr_carea' id='block_1_110' title="bbox 1898 4730 3485 4802">
    <p class='ocr_par' dir='ltr' id='par_1_110' title="bbox 1898 4730 3485 4802">
     <span class='ocr_line' id='line_1_112' title="bbox 1898 4730 3485 4802; baseline -0.001 -16"><span class='ocrx_word' id='word_1_799' title='bbox 1898 4732 1918 4771; x_wconf 72' lang='grc' dir='ltr'><em>τ</em></span> <span class='ocrx_word' id='word_1_800' title='bbox 1954 4732 2155 4786; x_wconf 89' lang='lat' dir='ltr'><strong>mensis</strong></span> <span class='ocrx_word' id='word_1_801' title='bbox 2182 4732 2412 4802; x_wconf 84' lang='lat' dir='ltr'><strong>Augusti</strong></span> <span class='ocrx_word' id='word_1_802' title='bbox 2455 4734 2728 4797; x_wconf 90' lang='lat' dir='ltr'><strong>desidem,</strong></span> <span class='ocrx_word' id='word_1_803' title='bbox 2775 4747 2883 4785; x_wconf 90' lang='lat' dir='ltr'><strong>non</strong></span> <span class='ocrx_word' id='word_1_804' title='bbox 2922 4730 3212 4785; x_wconf 86' lang='lat' dir='ltr'><strong>voluntatis</strong></span> <span class='ocrx_word' id='word_1_805' title='bbox 3241 4730 3485 4786; x_wconf 86' lang='lat' dir='ltr'><strong>efﬁcacia</strong></span> 
     </span>
    </p>
   </div>
   <div class='ocr_carea' id='block_1_111' title="bbox 1895 4863 3489 4938">
    <p class='ocr_par' dir='ltr' id='par_1_111' title="bbox 1895 4863 3489 4938">
     <span class='ocr_line' id='line_1_113' title="bbox 1895 4863 3489 4938; baseline 0.001 -19"><span class='ocrx_word' id='word_1_806' title='bbox 1895 4873 2018 4938; x_wconf 78' lang='lat' dir='ltr'><strong>rant</strong></span> <span class='ocrx_word' id='word_1_807' title='bbox 2044 4863 2296 4938; x_wconf 81' lang='lat' dir='ltr'><strong>Annales,</strong></span> <span class='ocrx_word' id='word_1_808' title='bbox 2331 4865 2490 4938; x_wconf 87' lang='lat' dir='ltr'><strong>vulgo</strong></span> <span class='ocrx_word' id='word_1_809' title='bbox 2532 4866 2752 4936; x_wconf 91' lang='lat' dir='ltr'><strong>ascripti</strong></span> <span class='ocrx_word' id='word_1_810' title='bbox 2782 4864 3091 4936; x_wconf 87' lang='lat' dir='ltr'><strong>Eginhardo</strong></span> <span class='ocrx_word' id='word_1_811' title='bbox 3115 4864 3283 4934; x_wconf 88' lang='lat' dir='ltr'><strong>ipsius</strong></span> <span class='ocrx_word' id='word_1_812' title='bbox 3307 4863 3489 4921; x_wconf 83' lang='lat' dir='ltr'><strong>Caroli</strong></span> 
     </span>
    </p>
   </div>
   <div class='ocr_carea' id='block_1_112' title="bbox 1897 4935 2330 5005">
    <p class='ocr_par' dir='ltr' id='par_1_112' title="bbox 1897 4935 2330 5005">
     <span class='ocr_line' id='line_1_114' title="bbox 1897 4935 2330 5005; baseline -0.002 -15"><span class='ocrx_word' id='word_1_813' title='bbox 1897 4937 2071 5005; x_wconf 85' lang='lat' dir='ltr'><strong>Magni</strong></span> <span class='ocrx_word' id='word_1_814' title='bbox 2099 4935 2330 4989; x_wconf 90' lang='lat' dir='ltr'><strong>notario.</strong></span> 
     </span>
    </p>
   </div>
   <div class='ocr_carea' id='block_1_113' title="bbox 1970 5005 3487 5078">
    <p class='ocr_par' dir='ltr' id='par_1_113' title="bbox 1970 5005 3487 5078">
     <span class='ocr_line' id='line_1_115' title="bbox 1970 5005 3487 5078; baseline 0.002 -18"><span class='ocrx_word' id='word_1_815' title='bbox 1970 5005 2258 5078; x_wconf 12' lang='lat' dir='ltr'><strong>eiMiraibili</strong></span> <span class='ocrx_word' id='word_1_816' title='bbox 2289 5008 2534 5061; x_wconf 82' lang='lat' dir='ltr'><strong>sanitate.</strong></span> <span class='ocrx_word' id='word_1_817' title='bbox 2569 5008 2827 5063; x_wconf 85' lang='lat' dir='ltr'><strong>Dubitant</strong></span> <span class='ocrx_word' id='word_1_818' title='bbox 2869 5005 3052 5078; x_wconf 83' lang='lat' dir='ltr'><strong>aliqui,</strong></span> <span class='ocrx_word' id='word_1_819' title='bbox 3091 5022 3157 5060; x_wconf 92' lang='lat' dir='ltr'><strong>an</strong></span> <span class='ocrx_word' id='word_1_820' title='bbox 3185 5005 3294 5062; x_wconf 90' lang='lat' dir='ltr'><strong>Leo</strong></span> <span class='ocrx_word' id='word_1_821' title='bbox 3333 5016 3487 5077; x_wconf 90' lang='lat' dir='ltr'><strong>pont.</strong></span> 
     </span>
    </p>
   </div>
   <div class='ocr_carea' id='block_1_114' title="bbox 1894 5077 3488 5147">
    <p class='ocr_par' dir='ltr' id='par_1_114' title="bbox 1894 5077 3488 5147">
     <span class='ocr_line' id='line_1_116' title="bbox 1894 5077 3488 5147; baseline 0.003 -15"><span class='ocrx_word' id='word_1_822' title='bbox 1894 5077 2065 5132; x_wconf 89' lang='lat' dir='ltr'><strong>oculis</strong></span> <span class='ocrx_word' id='word_1_823' title='bbox 2088 5085 2142 5131; x_wconf 91' lang='lat' dir='ltr'><strong>et</strong></span> <span class='ocrx_word' id='word_1_824' title='bbox 2169 5077 2348 5146; x_wconf 88' lang='lat' dir='ltr'><strong>lingua</strong></span> <span class='ocrx_word' id='word_1_825' title='bbox 2377 5078 2591 5147; x_wconf 89' lang='lat' dir='ltr'><strong>penitus</strong></span> <span class='ocrx_word' id='word_1_826' title='bbox 2619 5081 2840 5133; x_wconf 86' lang='lat' dir='ltr'><strong>orbatus</strong></span> <span class='ocrx_word' id='word_1_827' title='bbox 2871 5077 3034 5132; x_wconf 87' lang='lat' dir='ltr'><strong>fuerit</strong></span> <span class='ocrx_word' id='word_1_828' title='bbox 3061 5094 3089 5131; x_wconf 90' lang='lat' dir='ltr'><strong>a</strong></span> <span class='ocrx_word' id='word_1_829' title='bbox 3118 5079 3347 5132; x_wconf 89' lang='lat' dir='ltr'><strong>sicariis.</strong></span> <span class='ocrx_word' id='word_1_830' title='bbox 3379 5079 3488 5136; x_wconf 88' lang='lat' dir='ltr'><strong>Sed</strong></span> 
     </span>
    </p>
   </div>
   <div class='ocr_carea' id='block_1_115' title="bbox 1893 5147 3486 5218">
    <p class='ocr_par' dir='ltr' id='par_1_115' title="bbox 1893 5147 3486 5218">
     <span class='ocr_line' id='line_1_117' title="bbox 1893 5147 3486 5218; baseline 0.002 -17"><span class='ocrx_word' id='word_1_831' title='bbox 1893 5147 2172 5201; x_wconf 86' lang='lat' dir='ltr'><strong>oculorum</strong></span> <span class='ocrx_word' id='word_1_832' title='bbox 2204 5159 2259 5218; x_wconf 88' lang='lat' dir='ltr'><strong>ct</strong></span> <span class='ocrx_word' id='word_1_833' title='bbox 2302 5148 2497 5218; x_wconf 84' lang='lat' dir='ltr'><strong>linguae</strong></span> <span class='ocrx_word' id='word_1_834' title='bbox 2543 5166 2696 5204; x_wconf 89' lang='lat' dir='ltr'><strong>usum</strong></span> <span class='ocrx_word' id='word_1_835' title='bbox 2726 5167 2845 5218; x_wconf 89' lang='lat' dir='ltr'><strong>cum</strong></span> <span class='ocrx_word' id='word_1_836' title='bbox 2877 5165 3133 5218; x_wconf 86' lang='lat' dir='ltr'><strong>prospera</strong></span> <span class='ocrx_word' id='word_1_837' title='bbox 3181 5149 3486 5205; x_wconf 81' lang='lat' dir='ltr'><strong>valetudine</strong></span> 
     </span>
    </p>
   </div>
   <div class='ocr_carea' id='block_1_116' title="bbox 1894 5217 3488 5290">
    <p class='ocr_par' dir='ltr' id='par_1_116' title="bbox 1894 5217 3488 5290">
     <span class='ocr_line' id='line_1_118' title="bbox 1894 5217 3488 5290; baseline 0.003 -18"><span class='ocrx_word' id='word_1_838' title='bbox 1894 5217 2266 5290; x_wconf 18' lang='lat' dir='ltr'><strong>ipsuindhaud</strong></span> <span class='ocrx_word' id='word_1_839' title='bbox 2323 5217 2438 5273; x_wconf 85' lang='lat' dir='ltr'><strong>sine</strong></span> <span class='ocrx_word' id='word_1_840' title='bbox 2493 5217 2754 5274; x_wconf 72' lang='lat' dir='ltr'><strong>miraculo</strong></span> <span class='ocrx_word' id='word_1_841' title='bbox 2819 5217 3116 5290; x_wconf 81' lang='lat' dir='ltr'><strong>recepisse,</strong></span> <span class='ocrx_word' id='word_1_842' title='bbox 3158 5221 3488 5276; x_wconf 83' lang='lat' dir='ltr'><strong>conveniunt</strong></span> 
     </span>
    </p>
   </div>
   <div class='ocr_carea' id='block_1_117' title="bbox 1892 5288 3488 5361">
    <p class='ocr_par' dir='ltr' id='par_1_117' title="bbox 1892 5288 3488 5361">
     <span class='ocr_line' id='line_1_119' title="bbox 1892 5288 3488 5361; baseline 0.002 -20"><span class='ocrx_word' id='word_1_843' title='bbox 1892 5289 2052 5361; x_wconf 83' lang='lat' dir='ltr'><strong>plane</strong></span> <span class='ocrx_word' id='word_1_844' title='bbox 2090 5288 2522 5361; x_wconf 15' lang='lat' dir='ltr'><strong>illiusggtemporis</strong></span> <span class='ocrx_word' id='word_1_845' title='bbox 2552 5293 2866 5361; x_wconf 87' lang='lat' dir='ltr'><strong>scriptores.</strong></span> <span class='ocrx_word' id='word_1_846' title='bbox 2897 5288 3018 5345; x_wconf 77' lang='lat' dir='ltr'><strong>Vid.</strong></span> <span class='ocrx_word' id='word_1_847' title='bbox 3051 5289 3368 5345; x_wconf 79' lang='lat' dir='ltr'><strong>Anastasius</strong></span> <span class='ocrx_word' id='word_1_848' title='bbox 3397 5292 3488 5344; x_wconf 87' lang='lat' dir='ltr'><strong>Bi-</strong></span> 
     </span>
    </p>
   </div>
   <div class='ocr_carea' id='block_1_118' title="bbox 1894 5358 3480 5428">
    <p class='ocr_par' dir='ltr' id='par_1_118' title="bbox 1894 5358 3480 5428">
     <span class='ocr_line' id='line_1_120' title="bbox 1894 5358 3480 5428; baseline 0.002 -15"><span class='ocrx_word' id='word_1_849' title='bbox 1894 5359 2064 5413; x_wconf 90' lang='lat' dir='ltr'><strong>bioth.</strong></span> <span class='ocrx_word' id='word_1_850' title='bbox 2115 5359 2170 5412; x_wconf 92' lang='lat' dir='ltr'><strong>in</strong></span> <span class='ocrx_word' id='word_1_851' title='bbox 2223 5358 2345 5413; x_wconf 88' lang='lat' dir='ltr'><strong>Vita</strong></span> <span class='ocrx_word' id='word_1_852' title='bbox 2378 5358 2618 5427; x_wconf 87' lang='lat' dir='ltr'><strong>Leonis;</strong></span> <span class='ocrx_word' id='word_1_853' title='bbox 2662 5358 2902 5417; x_wconf 60' lang='lat' dir='ltr'><strong>Annales</strong></span> <span class='ocrx_word' id='word_1_854' title='bbox 2955 5361 3480 5428; x_wconf 86' lang='lat' dir='ltr'><strong>Laureshamenses;</strong></span> 
     </span>
    </p>
   </div>
   <div class='ocr_carea' id='block_1_119' title="bbox 1892 5429 3482 5502">
    <p class='ocr_par' dir='ltr' id='par_1_119' title="bbox 1892 5429 3482 5502">
     <span class='ocr_line' id='line_1_121' title="bbox 1892 5429 3482 5502; baseline 0.003 -18"><span class='ocrx_word' id='word_1_855' title='bbox 1892 5429 2058 5502; x_wconf 71' lang='lat' dir='ltr'><strong>Poeta</strong></span> <span class='ocrx_word' id='word_1_856' title='bbox 2106 5429 2436 5502; x_wconf 71' lang='lat' dir='ltr'><strong>Saxonicus;</strong></span> <span class='ocrx_word' id='word_1_857' title='bbox 2489 5432 2870 5502; x_wconf 85' lang='lat' dir='ltr'><strong>Theodulphus</strong></span> <span class='ocrx_word' id='word_1_858' title='bbox 2917 5430 3349 5497; x_wconf 85' lang='lat' dir='ltr'><strong>Aurelianensis,</strong></span> <span class='ocrx_word' id='word_1_859' title='bbox 3384 5433 3482 5488; x_wconf 84' lang='lat' dir='ltr'><strong>li&#39;h.</strong></span> 
     </span>
    </p>
   </div>
   <div class='ocr_carea' id='block_1_120' title="bbox 1895 5500 3199 5574">
    <p class='ocr_par' dir='ltr' id='par_1_120' title="bbox 1895 5500 3199 5574">
     <span class='ocr_line' id='line_1_122' title="bbox 1895 5500 3199 5574; baseline 0.002 -20"><span class='ocrx_word' id='word_1_860' title='bbox 1895 5500 2244 5574; x_wconf 28' lang='lat' dir='ltr'><strong>tu,ACa_rm._6</strong></span> <span class='ocrx_word' id='word_1_861' title='bbox 2270 5502 2337 5574; x_wconf 87' lang='lat' dir='ltr'><strong>ad</strong></span> <span class='ocrx_word' id='word_1_862' title='bbox 2359 5500 2610 5558; x_wconf 88' lang='lat' dir='ltr'><strong>Carolum</strong></span> <span class='ocrx_word' id='word_1_863' title='bbox 2642 5500 3060 5574; x_wconf 75' lang='lat' dir='ltr'><strong>Magnum,_etc.,</strong></span> <span class='ocrx_word' id='word_1_864' title='bbox 3092 5512 3199 5574; x_wconf 81' lang='lat' dir='ltr'><strong>etc.</strong></span> 
     </span>
    </p>
   </div>
   <div class='ocr_carea' id='block_1_121' title="bbox 1973 5569 3482 5654">
    <p class='ocr_par' dir='ltr' id='par_1_121' title="bbox 1973 5569 3482 5654">
     <span class='ocr_line' id='line_1_123' title="bbox 1973 5569 3482 5654; baseline 0.005 -32"><span class='ocrx_word' id='word_1_865' title='bbox 1973 5570 1991 5609; x_wconf 70' lang='grc' dir='ltr'><em>ί</em></span> <span class='ocrx_word' id='word_1_866' title='bbox 2039 5569 2236 5654; x_wconf 49' lang='lat' dir='ltr'><strong>Mensis</strong></span> <span class='ocrx_word' id='word_1_867' title='bbox 2283 5572 2526 5654; x_wconf 70' lang='lat' dir='ltr'><strong>Augusti.</strong></span> <span class='ocrx_word' id='word_1_868' title='bbox 2575 5569 2800 5654; x_wconf 73' lang='lat' dir='ltr'><strong>Carolus</strong></span> <span class='ocrx_word' id='word_1_869' title='bbox 2834 5571 3063 5654; x_wconf 44' lang='lat' dir='ltr'><strong>«.Merise</strong></span> <span class='ocrx_word' id='word_1_870' title='bbox 3101 5571 3347 5654; x_wconf 46' lang='lat' dir='ltr'><strong>‘Augusto</strong></span> <span class='ocrx_word' id='word_1_871' title='bbox 3394 5573 3482 5628; x_wconf 85' lang='lat' dir='ltr'><strong>in-</strong></span> 
     </span>
    </p>
   </div>
   <div class='ocr_carea' id='block_1_122' title="bbox 1895 5639 3482 5709">
    <p class='ocr_par' dir='ltr' id='par_1_122' title="bbox 1895 5639 3482 5709">
     <span class='ocr_line' id='line_1_124' title="bbox 1895 5639 3482 5709; baseline 0.002 -13"><span class='ocrx_word' id='word_1_872' title='bbox 1895 5641 2124 5696; x_wconf 88' lang='lat' dir='ltr'><strong>choante</strong></span> <span class='ocrx_word' id='word_1_873' title='bbox 2153 5639 2548 5709; x_wconf 79' lang='lat' dir='ltr'><strong>Mognntiacum</strong></span> <span class='ocrx_word' id='word_1_874' title='bbox 2593 5644 2835 5706; x_wconf 90' lang='lat' dir='ltr'><strong>veniens,</strong></span> <span class='ocrx_word' id='word_1_875' title='bbox 2865 5643 2968 5696; x_wconf 88' lang='lat' dir='ltr'><strong>iter</strong></span> <span class='ocrx_word' id='word_1_876' title='bbox 3007 5643 3058 5696; x_wconf 91' lang='lat' dir='ltr'><strong>in</strong></span> <span class='ocrx_word' id='word_1_877' title='bbox 3100 5639 3309 5696; x_wconf 82' lang='lat' dir='ltr'><strong>Italiam</strong></span> <span class='ocrx_word' id='word_1_878' title='bbox 3351 5659 3482 5699; x_wconf 84' lang='lat' dir='ltr'><strong>con-</strong></span> 
     </span>
    </p>
   </div>
   <div class='ocr_carea' id='block_1_123' title="bbox 1897 5711 3475 5782">
    <p class='ocr_par' dir='ltr' id='par_1_123' title="bbox 1897 5711 3475 5782">
     <span class='ocr_line' id='line_1_125' title="bbox 1897 5711 3475 5782; baseline 0.002 -16"><span class='ocrx_word' id='word_1_879' title='bbox 1897 5711 2050 5774; x_wconf 76' lang='lat' dir='ltr'><strong>dixit,</strong></span> <span class='ocrx_word' id='word_1_880' title='bbox 2075 5733 2090 5763; x_wconf 86' lang='grc'><strong>›</strong></span> <span class='ocrx_word' id='word_1_881' title='bbox 2127 5712 2304 5781; x_wconf 90' lang='lat' dir='ltr'><strong>inquit</strong></span> <span class='ocrx_word' id='word_1_882' title='bbox 2345 5713 2606 5768; x_wconf 84' lang='lat' dir='ltr'><strong>annalista</strong></span> <span class='ocrx_word' id='word_1_883' title='bbox 2654 5713 2988 5768; x_wconf 85' lang='lat' dir='ltr'><strong>Loiselianus</strong></span> <span class='ocrx_word' id='word_1_884' title='bbox 3023 5713 3090 5768; x_wconf 88' lang='lat' dir='ltr'><strong>ad</strong></span> <span class='ocrx_word' id='word_1_885' title='bbox 3123 5730 3320 5768; x_wconf 88' lang='lat' dir='ltr'><strong>annum</strong></span> <span class='ocrx_word' id='word_1_886' title='bbox 3348 5714 3475 5782; x_wconf 91' lang='lat'><strong>800,</strong></span> 
     </span>
    </p>
   </div>
   <div class='ocr_carea' id='block_1_124' title="bbox 1897 5782 3482 5852">
    <p class='ocr_par' dir='ltr' id='par_1_124' title="bbox 1897 5782 3482 5852">
     <span class='ocr_line' id='line_1_126' title="bbox 1897 5782 3482 5852; baseline 0.003 -16"><span class='ocrx_word' id='word_1_887' title='bbox 1897 5783 2121 5851; x_wconf 88' lang='lat' dir='ltr'><strong>ideoque</strong></span> <span class='ocrx_word' id='word_1_888' title='bbox 2151 5797 2214 5838; x_wconf 92' lang='lat' dir='ltr'><strong>eo</strong></span> <span class='ocrx_word' id='word_1_889' title='bbox 2245 5799 2426 5838; x_wconf 85' lang='lat' dir='ltr'><strong>mense</strong></span> <span class='ocrx_word' id='word_1_890' title='bbox 2470 5782 2707 5852; x_wconf 90' lang='lat' dir='ltr'><strong>ejusdem</strong></span> <span class='ocrx_word' id='word_1_891' title='bbox 2739 5783 2863 5838; x_wconf 89' lang='lat' dir='ltr'><strong>anni</strong></span> <span class='ocrx_word' id='word_1_892' title='bbox 2895 5783 3101 5839; x_wconf 89' lang='lat' dir='ltr'><strong>litteras</strong></span> <span class='ocrx_word' id='word_1_893' title='bbox 3149 5784 3266 5841; x_wconf 90' lang='lat' dir='ltr'><strong>illas</strong></span> <span class='ocrx_word' id='word_1_894' title='bbox 3291 5786 3359 5842; x_wconf 86' lang='lat' dir='ltr'><strong>ab</strong></span> <span class='ocrx_word' id='word_1_895' title='bbox 3387 5784 3482 5840; x_wconf 75' lang='lat' dir='ltr'><strong>Al-</strong></span> 
     </span>
    </p>
   </div>
   <div class='ocr_carea' id='block_1_125' title="bbox 1899 5853 3042 5926">
    <p class='ocr_par' dir='ltr' id='par_1_125' title="bbox 1899 5853 3042 5926">
     <span class='ocr_line' id='line_1_127' title="bbox 1899 5853 3042 5926; baseline 0.001 -18"><span class='ocrx_word' id='word_1_896' title='bbox 1899 5853 2058 5908; x_wconf 88' lang='lat' dir='ltr'><strong>cuino</strong></span> <span class='ocrx_word' id='word_1_897' title='bbox 2084 5854 2310 5909; x_wconf 77' lang='lat' dir='ltr'><strong>accepit.</strong></span> <span class='ocrx_word' id='word_1_898' title='bbox 2340 5853 2476 5926; x_wconf 89' lang='lat' dir='ltr'><strong>Pagi</strong></span> <span class='ocrx_word' id='word_1_899' title='bbox 2502 5855 2598 5910; x_wconf 83' lang='lat' dir='ltr'><strong>hoc</strong></span> <span class='ocrx_word' id='word_1_900' title='bbox 2621 5872 2784 5924; x_wconf 88' lang='lat' dir='ltr'><strong>anno,</strong></span> <span class='ocrx_word' id='word_1_901' title='bbox 2810 5871 2961 5912; x_wconf 90' lang='lat' dir='ltr'><strong>num.</strong></span> <span class='ocrx_word' id='word_1_902' title='bbox 2991 5855 3042 5910; x_wconf 89' lang='lat'><strong>8.</strong></span> 
     </span>
    </p>
   </div>
   <div class='ocr_carea' id='block_1_126' title="bbox 3041 5947 3104 6007">
    <p class='ocr_par' dir='ltr' id='par_1_126' title="bbox 3041 5947 3104 6007">
     <span class='ocr_line' id='line_1_128' title="bbox 3041 5947 3104 6007; baseline -0.032 0"><span class='ocrx_word' id='word_1_903' title='bbox 3041 5947 3104 6007; x_wconf 88' lang='grc'><strong>11</strong></span> 
     </span>
    </p>
   </div>
  </div>
