4056 6328
541 425 645 484 331

538 542 754 617 pigrum
791 538 973 595 efﬁcit.
1003 539 1082 594 De
1111 537 1293 609 pueris
1316 549 1447 588 vero
1469 532 1697 597 nostris,
1730 545 1866 600 quos
1908 524 2138 601 pedibus
2163 528 2217 587 Δ

537 633 1025 707 paternisRomam
1045 644 1270 707 pergere
1285 625 1552 699 principis,
1571 623 1731 677 velim
1746 624 1885 679 scire
1896 622 2131 693 quando,

541 729 628 786 vel
664 728 789 794 ubi,
829 725 914 791 vel
939 725 1133 796 quibus
1172 712 1557 783 comitantibus
1588 726 1784 773 vestrae
1816 713 2134 771 beatitudini

543 832 833 876 occurrere
867 817 1113 881 debeant.
1144 812 1221 867 De
1262 811 1456 881 quibus
1482 810 1538 864 in
1565 816 1760 864 vestrae
1803 805 2138 863 excellentiae

540 909 738 983 litteris
759 907 1022 977 scriptum
1050 901 1355 959 invenimus
1389 920 1402 955 :
1441 920 1460 952 ι
1491 900 1593 970 Qui
1636 908 1707 967 te,
1747 899 1948 968 inquis,
1979 897 2133 969 quie-

548 1007 754 1073 scente,
776 1013 876 1071 pro
899 1004 951 1052 te
974 1004 1064 1061 tua
1090 1009 1317 1050 munera
1346 992 1483 1046 inire
1504 992 1699 1047 valent.
1739 1011 1757 1044 ι
1787 990 1986 1059 Fateor
2011 987 2135 1058 qui-

547 1093 690 1159 dem,
718 1092 872 1163 vobis
885 1089 1201 1158 iubentibus
1221 1094 1278 1142 et
1296 1085 1630 1158 iuvantibus,
1655 1085 1858 1140 laboris
1884 1084 1991 1139 mei
2011 1097 2137 1157 pos-

545 1191 674 1240 sunt
700 1182 839 1253 inire
879 1180 1152 1247 sudorem.
1186 1174 1409 1233 Munera
1446 1192 1575 1232 vero
1603 1192 1721 1231 mea
1765 1175 1871 1231 illis
1904 1174 2137 1231 necdum

541 1274 803 1339 concedo,
827 1287 947 1343 quae
966 1279 1150 1349 vestra
1170 1268 1483 1341 frequenter
1505 1267 1757 1340 largitate
1783 1267 2028 1337 accipere
2049 1280 2138 1321 so-

544 1366 744 1422 lebam.
776 1363 913 1433 Nam
939 1371 993 1418 et
1022 1361 1251 1432 Moyses,
1285 1375 1445 1435 quem
1477 1361 1635 1417 nobis
1665 1361 1816 1432 quasi
1852 1356 1919 1415 ad
1948 1373 2136 1415 exem-

540 1459 689 1532 plum
709 1454 1030 1529 proponitis,
1060 1468 1240 1527 pugna
1268 1461 1489 1525 peracta
1511 1462 1567 1509 et
1590 1451 1897 1508 Amalecitis
1919 1448 2132 1525 fugatis,

538 1554 780 1624 praedam
806 1551 1082 1607 reductam
1109 1546 1224 1618 ipse
1245 1545 1442 1618 populo
1468 1546 1743 1613 distribuit
1770 1544 1969 1619 (Exod.
1998 1559 2133 1611 xvn,

543 1643 657 1719 15).
682 1644 752 1701 Et
778 1639 969 1708 David,
1002 1638 1159 1711 Syria
1179 1651 1277 1708 per
1296 1633 1433 1692 Joab
1458 1637 1759 1709 principem
1783 1636 1990 1692 militiae
2011 1633 2138 1691 sub-

534 1732 705 1804 jecta,
737 1749 929 1790 aurum
957 1740 1015 1787 et
1032 1744 1277 1803 gemmas
1300 1730 1722 1798 pretiosissimas
1746 1728 1813 1784 ad
1840 1727 2022 1799 templi
2045 1728 2138 1783 de-

545 1827 747 1883 dicavit
773 1833 1024 1881 ornatum
1059 1823 1147 1899 (11
1182 1824 1315 1897 Reg.
1347 1841 1463 1885 vin,
1506 1822 1615 1893 il).
1649 1820 1755 1877 Sed
1779 1828 1838 1875 et
1854 1817 2136 1874 Ammoni-

1431 421 1491 473 B.
1536 418 1595 472 F.
1638 416 1863 472 ALBINI
1898 413 2033 471 SEU
2068 408 2344 469 ALCUINI
2390 406 2670 464 OPERUM
2710 403 2888 462 PARS
2924 403 2964 459 Ι.

2760 519 2785 557 ι)
2811 511 3141 571 EHSTOLA
3172 510 3286 569 CX.

2539 627 2605 666 AD
2633 624 2865 666 A'BBATES
2888 622 2957 662 ΕΤ
2989 619 3261 663 ησΝΑρηοε
3278 617 3518 662 ωτιηι.

2852 710 3027 781 (Auno
3038 704 3202 778 '800.)

2237 824 2487 883 Errorem
2499 824 2911 894 Adoptianorum
2927 821 3081 894 capit,
3096 836 3247 894 quem
3259 816 3516 894 singulari
3531 812 3711 870 libello
3729 829 3821 886 per

2309 895 2514 951 beatum
2538 886 2875 961 Benedictum
2898 886 3077 955 misso,
3103 886 3155 944 se
3169 890 3285 963 jam
3313 886 3587 963 refutatu,
3610 894 3660 940 et
3685 900 3823 940 nunc

2306 966 2500 1036 majori
2526 978 2680 1035 ope-ie
2704 981 2735 1017 a
2761 979 2816 1017 se
2837 963 3174 1033 refutanda!»
3195 962 3288 1015 ait.

2308 1076 2537 1145 Albinus
2564 1074 2783 1131 humilis
2813 1074 3019 1141 Christi
3038 1072 3280 1127 "famulus
3306 1078 3361 1126 et
3387 1070 3631 1127 serviens
3650 1068 3826 1123 sancti

2240 1171 2489 1235 Martini,
2519 1169 2771 1226 omnibus
2811 1168 3116 1232 abbatibus,
3165 1163 3423 1220 fratribus
3460 1171 3517 1220 et
3555 1161 3705 1228 ﬁliis,
3735 1159 3829 1231 qui

2239 1274 2370 1321 sunt
2394 1276 2416 1303 ο
2438 1263 2647 1319 Gothiae
2666 1262 2910 1333 partibus
2931 1260 2985 1314 in
3007 1258 3222 1315 Christo
3242 1254 3831 1322 charissimismterna

2238 1356 2590 1414 beatitudinis
2616 1352 2862 1409 salutem.

2308 1449 2560 1520 Acceptis
2603 1446 2929 1519 dulcissimis
2973 1453 3169 1502 vestra:
3226 1441 3575 1500 beatitudinis
3610 1439 3829 1519 litteris,

2241 1539 2402 1597 simul
2446 1545 2501 1595 et
2550 1538 2887 1595 suavissimis
2932 1536 3268 1606 nimiumque
3311 1534 3469 1591 nobis
3507 1532 3833 1590 necessariis

2243 1640 2551 1688 sanctarum
2598 1632 2907 1688 orationum
2961 1638 3267 1686 vestrarum
3314 1628 3659 1699 muneribus,
3708 1643 3833 1682 cum

2242 1724 2390 1781 omni
2420 1724 2616 1797 gaudio
2640 1732 2696 1779 et
2735 1723 2933 1779 mentis
2975 1722 3279 1789 alacritate,
3304 1730 3359 1784 et
3405 1734 3657 1797 magnam
3707 1732 3836 1772 vere

2242 1819 2449 1874 habens
2486 1816 2737 1873 ﬁduciam
2766 1832 2864 1889 per
2900 1823 3112 1875 vestras
3138 1812 3531 1871 sacratissimas
3574 1812 3838 1866 interces-

542 1926 725 1974 tarum
765 1916 912 1990 regis
952 1889 1198 1973 diadema
1240 1889 1462 1991 proprio
1509 1889 1766 1989 imposuit
1789 1911 1973 1982 capiti,
2012 1910 2138 1966 licet
2166 1889 2219 1953 Β
2242 1911 2424 1967 siones
2449 1909 2517 1964 ad
2560 1908 2744 1964 Iesum
2784 1909 2880 1964 Dei
2911 1909 3125 1977 Filium,
3160 1908 3249 1979 qui
3298 1924 3396 1981 pro
3427 1906 3615 1983 mundi
3662 1905 3839 1981 salute

540 2005 675 2063 Joab
699 2005 916 2062 labores
941 2007 1291 2064 sustinuisset
1315 2006 1521 2061 militia
1554 2003 1639 2077 (-II
1667 2002 1793 2075 Reg.
1827 2018 1925 2068 ιιι,
1950 1999 2063 2074 50).

614 2098 722 2156 Sed
752 2108 806 2155 et
830 2100 895 2155 de
932 2100 1066 2162 hoc,
1098 2100 1241 2169 quod
1270 2085 1403 2153 mihi
1452 2098 1821 2168 improperare
1846 2092 2097 2151 voluistis
2118 2135 2134 2163 ,

532 2206 631 2248 ‘me
658 2192 808 2247 fumo
831 2191 1109 2247 sordentia
1148 2190 1490 2246 Turonorum
1520 2197 1661 2245 tecta
1700 2186 1906 2243 auratis
1932 2184 2136 2241 Roma-

542 2297 737 2335 norum
765 2280 981 2335 arcibus
1008 2296 1347 2352 praeponere,
1380 2280 1493 2336 scio
1521 2288 1760 2335 vestram
1787 2274 2139 2349 legisse‘pru-

541 2372 780 2426 dentiam
798 2370 1201 2427 Salomonicum
1226 2370 1354 2426 illud
1377 2370 1608 2442 elogium
1639 2388 1651 2423 :
1680 2368 1871 2424 Melius
1892 2367 2035 2441 (est).
2057 2367 2140 2424 in-

540 2462 679 2532 quit,
700 2461 877 2516 sedere
897 2462 954 2515 in
976 2461 1169 2533 angulo
1190 2462 1442 2527 domum,
1463 2474 1622 2532 quam
1641 2475 1758 2514 cum
1786 2459 2004 2515 muliere
2026 2460 2138 2514 liti-

541 2555 689 2623 giosa
716 2555 772 2607 in
791 2553 949 2607 docto
961 2552 1224 2609 communi
1239 2552 1546 2626 (waJll,
1562 2552 1742 2624 9).Et,
1769 2560 1829 2607 ut
1851 2567 1977 2607 cum
2002 2562 2145 2623 pace

542 2644 917 2716 dieam,magis
927 2643 1131 2701 ferrum
1146 2652 1307 2701 nocet
1317 2645 1511 2711 uariis,
1525 2660 1689 2715 quam
1699 2642 2144 2701 fumusJ‘uron's

540 2733 688 2790 enim
723 2733 954 2791 fumosis
980 2735 1143 2791 tectis
1163 2742 1441 2801 contenta,
1475 2735 1586 2790 Deo
1614 2736 1882 2801 donante,
1921 2749 2022 2805 per
2038 2749 2143 2789 .ve-

545 2836 677 2884 strte
696 2828 965 2883 bonitatis
978 2828 1379 2897 providentiam
1398 2827 1456 2882 in
1484 2840 1617 2898 pace
1638 2834 1940 2896 permanet.
1965 2824 2143 2883 Rome

548 2933 686 2976 vero
729 2933 853 2990 qua:
894 2917 1136 2974 fraterna
1180 2918 1454 2975 discordia
1499 2918 1712 2973 initiata
1756 2924 1878 2984 est,
1917 2916 2141 2972 insitum

545 3013 900 3071 dissensionis
935 3026 1202 3069 venenum
1230 3014 1512 3084 bustisque
1553 3019 1740 3068 tenere
1768 3025 1878 3071 non
1906 3016 2088 3066 cessat
2121 3022 2139 3062 :

547 3116 854 3181 vestraeque
878 3110 1203 3166 veneranda;
1220 3109 1501 3184 dignitatis
1530 3109 1826 3181 potentiam
1843 3148 1860 3176 ,
1887 3108 1957 3164 ad
1979 3104 2147 3176 huius

544 3205 717 3275 pestis
740 3205 1203 3285 compescendam
1217 3204 1536 3275 perniciem,
1567 3217 1611 3258 ei
1624 3200 1874 3259 ﬁlicibus
1886 3216 1893 3221 '
1905 3199 2136 3259 Germa-

2245 2002 2409 2058 homo
2431 2002 2681 2073 dignatus
2709 2007 2793 2055 est
2819 1999 2937 2057 ﬁeri
2963 2019 2976 2056 :
3011 2001 3086 2056 ita
3114 2000 3290 2073 utqui
3328 1999 3473 2055 Deus
3506 1997 3842 2077 aeternaliter

2244 2110 2311 2161 ex
2339 2093 2503 2149 Patre
2539 2099 2699 2149 natus
2727 2101 2833 2161 est,
2872 2093 3247 2164 tempor'aliter
3275 2100 3589 2149 nasceretur
3625 2108 3695 2148 ex
3733 2092 3841 2163 vir-

2248 2187 2389 2261 gine,
2420 2197 2477 2243 et
2504 2185 2647 2243 idem
2673 2193 2816 2242 esset
2855 2186 3018 2243 homo
3044 2185 3134 2259 qui
3161 2192 3215 2240 et
3242 2184 3413 2251 Deus;
3444 2194 3498 2240 et
3528 2183 3670 2239 idem
3702 2184 3840 2240 Deus

2251 2280 2341 2351 qui
2367 2287 2422 2337 et
2446 2279 2639 2346 homo;
2669 2288 2724 2336 et
2749 2295 2858 2335 non
2881 2287 3025 2339 esset
3048 2276 3156 2333 ulla
3180 2276 3453 2350 separatio
3484 2291 3733 2349 persona:
3761 2273 3841 2331 vel

2251 2358 2510 2441 ﬁlietatis,
2555 2390 2623 2429 ne
2649 2382 2831 2430 essent
2858 2372 2965 2428 duo
2990 2371 3133 2441 Filii,
3161 2387 3302 2426 unus
3335 2370 3591 2445 proprius
3618 2378 3673 2424 et
3707 2368 3841 2423 alter

2252 2465 2567 2536 adoptivus;
2600 2473 2691 2521 aut
2738 2465 2844 2522 duo
2876 2463 2997 2531 Dii,
3044 2479 3185 2533 unus
3214 2478 3377 2519 verus
3424 2461 3565 2516 Deus
3607 2469 3663 2529 et
3709 2460 3842 2515 alter

2246 2558 2642 2628 nuncupativus
2669 2576 2680 2611 ε
2711 2557 2854 2627 quod
2897 2555 3119 2624 omnino
3145 2553 3367 2626 impium
3412 2562 3496 2609 est
3527 2552 3759 2608 credere
3792 2559 3843 2606 et

2244 2648 2562 2721 praedicare.
2596 2646 2733 2717 Quia
2761 2648 2857 2704 Dei
2902 2647 3074 2703 Filius
3117 2646 3170 2701 in
3204 2645 3536 2718 proprietate
3574 2660 3844 2715 personae,

2246 2750 2302 2796 et
2342 2741 2465 2796 Filii
2500 2741 2778 2812 dignitatis
2819 2739 3065 2805 adunivit
3107 2737 3210 2805 sibi
3256 2736 3558 2804 hominem,
3598 2744 3658 2793 ut
3703 2741 3844 2803 esset

2246 2850 2387 2890 unus
2410 2832 2678 2899 Christus,
2706 2841 2760 2887 et
2790 2848 2931 2887 unus
2952 2822 3117 2896 Deus,
3142 2837 3199 2885 et
3222 2846 3363 2885 unus
3396 2827 3494 2883 Dei
3534 2826 3732 2893 Filius,
3769 2836 3845 2881 to-

2248 2935 2338 2983 tus
2361 2926 2417 2982 in
2439 2926 2569 2994 suis,
2600 2935 2654 2981 et
2684 2935 2829 2980 totus
2858 2925 2913 2979 in
2941 2923 3163 2989 nostris,
3188 2920 3462 2993 perfectus
3484 2921 3537 2997 in
3563 2921 3848 2976 divinitate

2248 3027 2305 3075 et
2324 3015 2614 3095 perfectus
2640 3017 2695 3072 in
2724 3016 3079 3072 humanitate.
3108 3013 3262 3082 Quod
3290 3012 3473 3069 multis
3517 3012 3847 3077 testimoniis

2248 3109 2572 3183 evangelicis
2606 3120 2660 3165 et
2703 3109 3030 3180 apostolicis,
3061 3107 3145 3181 vel
3174 3108 3339 3163 etiam
3388 3115 3699 3162 sanctorum
3735 3105 3843 3165 Pa-

2248 3211 2395 3260 trum
2438 3202 2822 3259 traditionibus
2871 3200 3209 3275 comprobari
3252 3208 3460 3272 potest;
3501 3199 3640 3261 sicut
3688 3199 3749 3273 in
3781 3198 3845 3276 li-

541 3294 652 3351 uida
685 3282 907 3351 sedibus
927 3294 1185 3351 fesz
1224 3292 1516 3366 eunpellit.
1558 3292 1668 3351 Nos
1712 3308 1844 3350 vero
1892 3292 2150 3366 lacrymil
2175 3280 2225 3347 C
2254 3295 2399 3353 bello
2422 3311 2488 3351 ex
2516 3304 2670 3367 parte
2699 3293 2899 3349 factum
2927 3303 3031 3361 est,
3058 3309 3221 3374 quem
3254 3291 3551 3361 direximus
3575 3307 3673 3363 per
3718 3292 3851 3351 bea-

543 3386 867 3453 absentiam,
898 3393 953 3441 et
974 3385 1230 3455 precibus
1251 3386 1360 3441 iter
1383 3393 1625 3441 vestrum
1650 3384 1925 3441 continuis
1951 3398 2143 3455 prose-

546 3478 791 3549 quimur,
833 3476 1073 3533 divinam
1098 3476 1377 3533 humiliter
1406 3477 1754 3534 obsecrantes
1777 3476 2139 3545 clementiam,

546 3578 817 3641 quatenus
857 3583 958 3623 vos
994 3577 1315 3639 vestrosque
1355 3569 1549 3636 simul,
1577 3583 1704 3625 cum
1725 3571 1874 3627 omni
1920 3583 2148 3642 prospe—

542 3659 709 3715 ritate
735 3673 900 3716 sanos
922 3660 1119 3728 ducat,
1152 3669 1210 3718 et
1240 3663 1468 3719 redueat
1491 3664 1810 3735 gaudentes.
1840 3647 2144 3735 139%-

543 3758 674 3807 stm
692 3764 827 3808 vero
846 3752 1069 3823 pietatis
1084 3752 1283 3812 litteris
1304 3755 1613 3813 nullatenus
1629 3758 1913 3816 consentio
1933 3748 1993 3812 ut
2004 3757 2147 3813 obli-

542 3843 828 3900 viscantur
858 3844 1004 3902 mei:
1038 3847 1136 3904 sed
1164 3848 1361 3921 saepius
1383 3849 1607 3906 veniant
1646 3850 1704 3905 in
1731 3847 2146 3921 spiritu-conso-

542 3929 786 4003 htionis,
808 3942 873 3990 ut
890 3936 1226 4008 esculentur,
1254 3939 1454 3997 iterum
1479 3941 1785 4013 iterumque
1812 3940 2141 4013 relegantur,

543 4032 603 4080 et
756 4027 936 4085 cordis
979 4027 1240 4087 thesauro
1282 4038 1548 4103 perpetua
1591 4030 1876 4090 dulcedine
1921 4046 2145 4090 conser-

543 4126 654 4171 ναι
717 4130 763 4170 r.

543 4126 763 4171 ventur.

686 4226 957 4304 Tempora
975 4236 1239 4293 concedat
1263 4234 1515 4293 Christus
1541 4236 1723 4295 felicia
1748 4240 1903 4313 regni

756 4320 932 4396 Hujus
951 4331 1009 4382 et
1034 4325 1242 4394 aeterni,
1271 4325 1443 4385 David
1460 4338 1660 4396 amate,
1684 4340 1712 4371 ι
1732 4328 1853 4386 tibi.

1291 4528 1423 4547 ῃ

2170 4649 2227 4712 D

2251 3397 2371 3445 tum
2390 3386 2419 3429 (ι
2439 3386 2811 3455 Benedictum,
2839 3387 2992 3443 vobis
3019 3384 3272 3463 solatium
3298 3393 3353 3439 et
3378 3384 3852 3440 conﬁrmationem

2251 3480 2381 3538 ﬁdei
2424 3480 2727 3536 catholicae.
2774 3478 2881 3534 Sed
2910 3478 2967 3533 in
3011 3476 3260 3534 manibus
3292 3487 3318 3518 ο
3343 3476 3518 3546 majus
3549 3477 3717 3533 modo
3760 3477 3855 3532 ha-
3912 3499 3919 3504 α

2250 3577 2445 3633 bemus
2472 3588 2609 3645 opus
2634 3580 2857 3644 propter
2880 3570 3015 3631 alias
3035 3587 3245 3635 causas,
3276 3586 3399 3641 (iure
3423 3571 3477 3639 in
3502 3569 3685 3625 libello
3720 3568 3742 3608 ι
3768 3583 3858 3634 ve:

2250 3666 2483 3733 neraudi
2510 3664 2709 3725 Felicis
2756 3665 3017 3737 legimus;
3046 3672 3104 3719 ct
3128 3664 3282 3725 illum
3323 3662 3537 3721 volente
3563 3661 3676 3717 Deo
3700 3660 3857 3729 vobis

2247 3760 2555 3831 diligimus,
2582 3766 2869 3829 postquam
2894 3758 3069 3813 lectus
3086 3767 3143 3814 et
3168 3756 3555 3828 conprobatus
3583 3752 3763 3808 fuerit
3789 3753 3856 3807 ab

2251 3851 2521 3922 episcopis
2573 3850 2775 3905 nostris
2823 3858 2879 3904 et
2911 3850 2937 3889 ε
2963 3849 3161 3905 domno
3204 3862 3350 3919 rege.
3386 3844 3629 3901 'lnterim
3670 3854 3861 3900 vestra

2250 3942 2531 3999 Sanctitas
2557 3956 2657 3998 nos
2683 3940 2899 4009 adjuvet
2935 3939 3141 3997 sanctis
3172 3937 3511 3995 orationibus
3537 3936 3763 4001 vestris,
3802 3943 3862 3989 ut

2250 4031 2517 4089 Dominus
2548 4031 2695 4087 Deus
2722 4030 2931 4102 aperiat
2962 4032 3118 4088 nobis
3146 4029 3473 4102 agnitionem
3502 4026 3781 4091 veritatis,
3809 4032 3863 4080 et

2250 4126 2507 4184 ﬁduciam
2536 4126 2938 4196 praedicationis
2963 4135 3017 4181 et
3052 4125 3416 4181 constantiam
3448 4122 3504 4176 in
3532 4120 3642 4175 ﬁde
3666 4120 3861 4174 catho-

2250 4218 2378 4274 lica.
2404 4216 2625 4272 Hatram
2644 4217 2783 4273 enim
2802 4215 2935 4272 caret
2957 4216 3252 4288 deprecatio
3270 4216 3407 4287 justi
3430 4211 3641 4287 (Iacob.
3656 4227 3718 4277 v,
3742 4212 3862 4282 16),

2250 4318 2457 4382 quanto
2483 4311 2655 4381 magis
2681 4318 2737 4366 et
2759 4309 3140 4380 plurimorum.

2322 4403 2488 4478 ἰω
2514 4403 2639 4458 Haac
2682 4404 2893 4459 novitas
2936 4418 3131 4459 vocum
3159 4403 3215 4459 in
3241 4402 3544 4475 adoptione,
3577 4415 3867 4472 nuncupar-

2250 4496 2393 4551 tione
2427 4495 2662 4561 Christi,
2690 4496 2912 4551 omnino
2956 4494 3206 4553 ﬁdelibus
3232 4496 3485 4552 omnibus
3529 4493 3865 4549 detestanda

2250 4597 2357 4655 est,
2388 4595 2447 4644 et
2483 4602 2811 4660 magnopere
2844 4590 3083 4645 cavenda
3126 4588 3243 4646 hmo
3290 4588 3484 4644 divisio
3528 4587 3587 4642 in
3632 4584 3868 4642 Christo

623 4696 1292 4793 “neminemne?”
1315 4694 1925 4793 l1°°199°ﬁeseasisit
1940 4700 2146 4793 35.831?!

2260 4721 2661 4793 dictum._Hunc
2682 4721 2971 4791 Libellum,
2994 4721 3089 4793 qui
3114 4723 3401 4793 hucusque
3428 4720 3609 4785 latuit,
3635 4718 3862 4793 βξφά.

544 4772 606 4828 in
643 4769 887 4825 Editione
916 4768 1278 4842 Quercetapia,
1311 4768 1371 4842 in
1410 4784 1515 4842 qua
1554 4769 1661 4842 duo
1701 4768 1906 4842 tantum
1940 4772 2146 4842 priores

548 4842 933 4912 describantur.
959 4840 1078 4897 Non
1118 4839 1359 4912 advertit
1372 4836 1459 4912 vir
1483 4840 1744 4899 eruditus.
1773 4836 2011 4912 reliquos
2030 4857 2150 4898 ver-

549 4928 647 4971 sus
680 4928 712 4968 a
747 4910 1083 4980 Quercetano
1117 4911 1293 4967 editos
1334 4910 1503 4967 fuisse
1546 4911 1617 4967 ad
1664 4912 1866 4967 calcem
1889 4910 2147 4980 epistolae

548 4984 637 5050 12,
667 4999 810 5056 nunc
853 4982 938 5056 96,
966 4981 1034 5048 ad
1063 4997 1225 5053 quam
1255 4983 1419 5056 etiam
1450 4982 1644 5056 magis,
1667 4998 1862 5056 quam
1877 4981 1972 5056 ad_
1984 4984 2147 5056 istam

544 5054 822 5127 pertinere
847 5052 1127 5127 videntur;
1155 5054 1298 5127 quod
1323 5053 1403 5127 ibi
1431 5052 1623 5127 agatur
1649 5052 1717 5108 de
1751 5052 1929 5109 reditu
1949 5053 2148 5111 Leonis

552 5124 624 5181 ad
647 5126 857 5196 urbem,
884 5124 977 5196 qui
1005 5141 1145 5181 anno
1170 5124 1337 5195 priori
1366 5124 1612 5196 contigit.

625 5195 834 5268 1illane
860 5192 1016 5268 epist.
1070 5192 1322 5268 Balusius
1351 5192 1540 5268 edidit
1566 5194 1663 5268 lib.
1692 5211 1731 5268 _r
1771 5192 2143 5268 biiscell._pag.

627 5211 652 5235 ιι
685 5211 834 5251 nanc
860 5212 890 5252 e
929 5211 1016 5251 lSl.
1072 5211 1322 5251 natamus
1351 5211 1523 5250 eumn
1568 5211 1663 5248 nn.
1710 5211 1729 5249 ι
1771 5211 1992 5251 unseen.
2059 5212 2071 5251 :

554 5266 851 5341 377,_un_de
878 5211 1026 5341 iYIam
1039 5266 1459 5341 descripsimus
1476 5262 1672 5341 (Apud
1692 5263 1925 5341 Froben.
1960 5211 2071 5341 ξμς.

626 5348 649 5376 ο
672 5336 877 5411 Gothiae
890 5335 1367 5411 partibg3.hGothia
1393 5335 1500 5411 alio
1529 5336 1749 5411 nomine
1775 5337 1941 5392 etiam
1970 5335 2150 5411 Septi-

550 5408 771 5463 mannia
793 5405 1037 5464 vocatur.
1066 5406 1218 5462 Felix
1252 5405 1619 5528 Urgellitauus
1642 5407 1930 5478 episcopus
1961 5427 1981 5460 α
2010 5405 2148 5463 mul-

550 5479 625 5528 tis
655 5479 796 5528 amni
831 5478 1257 5528 Sentimanniam
1295 5474 1436 5528 pesti
1462 5490 1614 5528 erum
1639 5478 1889 5528 haustum
1924 5480 2148 5528 haeresis

550 5479 625 5534 tis
655 5479 797 5548 apud
831 5474 1614 5549 Septimanniamgpestii'ernm
1639 5474 1890 5549 haustu—ni
1924 5480 2149 5534 haeresis

548 5546 979 5620 Adoptianorum
1004 5546 1336 5620 propinavit,
1370 5566 1389 5599 ι
1422 5556 1482 5602 ut
1507 5546 1695 5620 scribit
1715 5547 1880 5620 Jonas
1901 5549 2150 5620 Aurelia-

553 5620 739 5674 nensis
782 5618 876 5678 lib.
922 5638 940 5677 ι
977 5617 1044 5675 de
1068 5617 1423 5690 Citltalmag.
1471 5617 1732 5690 adversus
1756 5618 1945 5675 Claud.
1977 5620 2141 5677 Taur.

558 5690 689 5757 Quae
717 5704 806 5744 res
830 5689 1119 5745 Alcuinum
1148 5688 1441 5745 sollicitum
1468 5689 1680 5756 habuit,
1714 5705 1781 5745 ne
1824 5690 1913 5745 illo
1939 5706 2148 5749 veneno

557 5761 889 5834 monasteria
908 5777 940 5834 a
957 5761 1119 5834 beato
1134 5760 1423 5834 Benedicto
1436 5759 1733 5817 Anianensi
1758 5778 1929 5833 nuper
1947 5765 2147 5834 partim

556 5829 759 5900 erecta,
782 5832 978 5900 partim
1007 5830 1299 5885 reformata
1329 5829 1697 5888 iniicerentur.

631 5899 657 5938 ἀ
686 5899 755 5954 In
787 5899 1087 5957 Libane...
1117 5914 1270 5971 quem
1292 5900 1582 5959 direximus
1605 5920 1696 5975 per
1739 5907 1943 5962 beatum
1980 5908 2148 5965 Bene-

2258 4790 2366 4846 290
2393 4790 2525 4862 bibl.
2550 4793 2717 4862 palat.
2760 4789 3033 4849 Vaticana:
3066 4793 3206 4848 inira
3232 4789 3480 4849 dabimus
3511 4799 3639 4846 ante
3660 4789 3872 4845 Libros

2255 4877 2336 4919 vn
2367 4861 2625 4919 adversus
2664 4862 2919 4920 Felicem.
2960 4865 3096 4920 Vide
3128 4863 3583 4923 dissertationem.
3607 4871 3874 4928 nostram

2257 4932 2326 5005 de
2355 4934 2552 5005 hieresi
2594 4934 3043 5005 Adoptianorum.
3076 4935 3245 4990 Porro
3271 4934 3597 4992 Benedich
3637 4938 3729 5005 est
3770 4933 3875 4993 ah-

2254 5003 2356 5060 bas
2399 5001 2730 5061 Anianensis
2755 5006 3094 5076 monasterii,
3129 5007 3272 5075 quod
3303 5014 3478 5076 caput
3507 5014 3593 5060 est
3623 5001 3876 5058 aliorum

2254 5076 2712 5146 monasteriorum
2747 5075 3131 5146 Septimanniae
3160 5092 3258 5133 seu
3282 5075 3516 5139 Gothiaa,
3546 5089 3669 5144 qua:
3710 5087 3879 5132 nunc

2256 5144 2574 5220 Languedoc
2596 5145 2809 5220 a‘Gallis
2820 5144 3148 5220 appellatur,
3166 5162 3399 5218 quocum
3418 5146 3653 5207 Alauiuo
3673 5146 3881 5207 amica

2257 5216 2589 5272 consuetudo
2615 5217 2735 5272 fuit.

2334 5299 2357 5324 θ
2388 5287 2567 5357 Majas
2589 5305 2737 5359 opus.
2772 5288 2992 5346 Scilicet
3022 5289 3192 5348 libros
3221 5306 3298 5355 vn
3333 5288 3594 5350 adversus
3614 5282 3884 5355 Felicem

2260 5357 2677 5413 Uraellitanum.

2312 5373 2464 5413 Γαθιιι
2471 5373 2654 5413 tanum
2664 5398 2677 5411 .

2336 5375 3098 5503 ἕθέίιέξιῖῗὲξιηάᾷἛξάίσὲιΗωβ
3134 5430 3475 5503 omnpeilatio
3520 5426 3687 5503 amici
3748 5437 3883 5503 esi.

2258 5513 2365 5553 non
2395 5498 2712 5572 adversarii.
2743 5501 2983 5571 Epistula
3015 5502 3179 5572 igitur
3215 5498 3453 5571 presens
3477 5500 3684 5568 scripta
3734 5498 3843 5556 est?
3862 5540 3879 5572 ,

2256 5577 2544 5651 postquam
2572 5570 2721 5651 Felitg
2746 5570 2817 5629 ab
2834 5570 3065 5651 Alauiuo
3090 5574 3145 5629 in
3170 5570 3887 5651 conciliofiquisgranonsi

2259 5640 2542 5722 annojpii
2566 5642 2850 5722 convictus
2884 5642 3019 5722 fuit,
3049 5651 3103 5698 et
3137 5659 3269 5722 cum
3292 5643 3386 5722 illo
3411 5643 3463 5696 in
3488 5640 3733 5722 gratiam
3788 5654 3889 5699 το·

2257 5707 2376 5767 diit.
2401 5711 2563 5784 fide,
2593 5728 2715 5783 quac
2743 5713 2979 5770 diximus
2998 5707 3058 5769 in
3088 5713 3307 5784 praefata
3337 5707 3757 5784 dissertatione.

2336 5784 2360 5822 ⁸
2390 5780 2470 5865 Et
2486 5780 2678 5865 έστῃὶιο
2705 5800 2838 5853 rege.
2875 5780 3315 5865 Yidgqiistolam
3343 5785 3411 5865 ad
3434 5782 3695 5840 Carolum
3749 5780 3861 5843 ll
3886 5813 3895 5820 ι

2258 5868 2424 5921 gnum
2448 5851 2628 5917 Libris
2653 5870 2726 5909 vn
2760 5851 2949 5912 contra
2978 5851 3216 5912 Felicem
3238 5852 3531 5927 praeditam.
