4056 6328
259 351 354 409 333

1686 352 2041 411 EPISTOLAZ
2052 395 2064 407 .

3398 368 3502 424 534

255 462 473 519 Domino
499 469 705 517 nostro.
738 460 950 518 Scimus
977 462 1110 519 duas
1139 470 1359 519 naturas
1394 462 1659 532 perfectas
1701 480 1817 521 esse

1926 466 2049 521 dam
2095 481 2161 521 ex
2210 466 2451 536 apostolo
2507 468 2835 538 proditorem
2892 469 3112 528 factum.
3157 475 3504 538 Considerate

255 559 304 614 in
328 556 563 622 Christo,
592 565 647 612 et
682 572 845 611 unam
871 571 1152 628 personam
1178 576 1191 610 :
1224 555 1507 612 mortalem
1542 558 1823 613 immorta-

251 652 454 721 lemque
472 650 724 706 eumdem
743 665 882 706 esse.
906 648 1060 705 Sicut
1080 651 1242 705 homo
1266 648 1513 705 mortalis
1530 657 1615 705 est
1636 665 1817 715 carne,

250 742 565 802 immortalis
606 744 817 808 anima;
868 751 1050 799 tamen
1083 758 1224 798 smus
1266 750 1353 798 est
1386 743 1570 809 homo,
1616 750 1672 797 et
1714 758 1823 799 una

247 852 488 910 persona,
515 845 571 892 et
610 852 750 892 unus
777 836 949 892 Filius
975 837 1147 907 patris
1171 836 1253 891 sui
1282 841 1428 890 totus
1472 835 1741 906 proprius,
1767 844 1825 891 et

246 934 407 990 dividi
430 949 535 989 non
555 942 750 1005 potest,
766 934 909 1005 quod
924 934 996 989 sit
1015 934 1212 1004 partim
1228 934 1622 1005 nuncupativus
1635 934 1816 998 homo,

244 1036 293 1083 et
312 1026 513 1098 partim
532 1042 695 1082 verus
720 1028 917 1082 homo:
940 1028 1013 1081 ita
1040 1035 1095 1082 et
1114 1027 1385 1092 Christus,
1406 1026 1534 1081 licet
1559 1026 1630 1081 sit
1656 1038 1820 1080 carne

242 1121 504 1185 mortalis,
533 1130 589 1176 et
616 1121 898 1176 divinitate
925 1107 1278 1186 immortalis;
1294 1128 1474 1176 tamen
1500 1134 1638 1174 unus
1663 1118 1820 1175 lesus

240 1213 486 1270 Christus
504 1222 561 1269 et
588 1230 728 1270 unus
750 1214 844 1271 Dei
874 1214 1075 1283 Filius;
1102 1215 1240 1271 sicut
1264 1215 1373 1271 dixi
1400 1215 1673 1271 hominem
1699 1228 1820 1270 esse

237 1322 399 1361 unum
447 1307 637 1373 lilium,
672 1308 798 1364 licet
824 1323 985 1364 carne
1013 1309 1083 1363 sit
1111 1310 1377 1376 mortalis,
1414 1317 1469 1363 et
1511 1309 1689 1364 anima
1718 1307 1820 1389 im-

238 1396 479 1452 mortalis
503 1412 517 1452 :
544 1406 600 1453 et
628 1399 934 1456 nullatenus
961 1415 1100 1455 unus
1138 1399 1330 1465 Filius,
1357 1415 1467 1455 uno
1493 1399 1674 1467 Patre,
1716 1394 1814 1471 po-

236 1494 334 1542 test
371 1502 498 1544 esse
534 1480 841 1561 utrumque,
864 1498 920 1546 et
950 1492 1201 1563 proprius
1244 1476 1301 1547 et
1330 1491 1633 1563 adoptivus.
1674 1482 1740 1546 Et
1770 1492 1817 1547 si

232 1588 310 1633 est
337 1595 487 1635 unus
514 1580 684 1636 Filius
724 1569 864 1637 Deus
893 1581 1145 1637 Christus
1183 1582 1235 1637 in
1264 1597 1370 1637 una
1408 1597 1661 1653 persona,
1700 1599 1818 1639 om-

230 1667 356 1724 nino
372 1666 480 1725 aut
502 1678 649 1727 totus
676 1680 760 1727 est
784 1662 1059 1744 proprius,
1090 1682 1182 1729 aut
1209 1682 1355 1729 totus
1380 1674 1683 1744 adoptivus.
1709 1660 1816 1731 Sed

1925 554 2147 617 Saulultl
2175 571 2242 621 ex
2267 568 2612 633 persecutore
2651 562 3059 630 praedicatorem
3095 564 3364 624 enectum.
3394 571 3504 628 Me-

1922 656 2162 709 mentote
2189 647 2457 711 Helenum
2484 652 2836 718 monachum,
2880 653 3037 726 cujus
3060 656 3344 717 historiam
3374 662 3503 718 bea-

1922 747 2011 795 tus
2037 740 2396 813 Hieronymus
2422 760 2566 813 nunc
2588 745 2756 805 edidit
2778 748 3023 820 epistola,
3047 754 3317 821 quomodo
3345 756 3505 826 quasi

1919 832 2137 901 pietatis
2159 834 2358 891 intuitu
2380 850 2632 907 egressus
2655 846 2741 894 est
2764 854 2796 894 a
2819 841 3166 910 monasterio,
3189 842 3506 917 relinquens

1918 934 2130 994 patrem
2159 941 2337 995 suum,
2364 936 2419 986 et
2453 930 2512 986 in
2551 931 2740 1000 quales
2766 934 3011 1003 pervenit
3050 945 3236 1006 nomen
3275 938 3504 997 tribula-

1920 1015 2116 1083 tiones,
2166 1019 2249 1073 vel
2294 1022 2530 1089 qualiter
2572 1022 2781 1093 planxit
2826 1029 3149 1095 monachum
3195 1030 3250 1086 in
3293 1047 3498 1099 eremo,

1920 1122 2083 1176 quem
2120 1111 2351 1178 perdidit
2392 1113 2450 1169 in
2484 1116 2833 1173 monasterio.
2863 1116 3013 1174 Raro
3037 1120 3283 1179 diabolus
3316 1134 3504 1194 aperta

1918 1198 2097 1258 fronte
2122 1211 2327 1272 pugnat
2351 1214 2538 1260 contra
2583 1222 2770 1263 servos
2799 1208 2917 1275 Dei,
2945 1212 3045 1269 sed
3069 1213 3170 1268 sub
3194 1214 3368 1285 ﬁgura
3393 1216 3507 1287 pie-

1901 1294 2069 1360 tatis,
2105 1296 2262 1365 quasi
2294 1295 2516 1366 majoris
2545 1299 2616 1354 sit
2653 1300 2902 1363 utilitatis
2940 1305 3095 1360 exire
3121 1306 3189 1361 de
3232 1301 3503 1365 monaste-

1919 1386 2004 1443 rio
2031 1403 2194 1457 quam
2224 1404 2560 1459 permanere.
2589 1392 2717 1449 Ovis
2748 1410 2867 1464 qua:
2895 1398 2961 1452 de
2986 1398 3112 1458 ovili
3143 1399 3421 1471 egreditur
3447 1409 3504 1455 et

1919 1497 1950 1536 a
1978 1491 2195 1553 pastore
2232 1486 2463 1552 recedit,
2508 1487 2617 1560 lupi
2663 1499 2811 1560 patet
2856 1495 3145 1552 morsibus.
3188 1497 3378 1553 Melius
3422 1508 3509 1554 est

1917 1590 2028 1631 non
2052 1592 2267 1643 vovere,
2294 1593 2456 1649 quam
2479 1588 2601 1636 vota
2625 1596 2731 1637 non
2758 1580 3165 1653 implere.'Dicit
3191 1586 3502 1659 Scriptura:

1928 1664 2116 1722 Youets
2131 1677 2180 1723 et
2210 1670 2409 1725 reddite
2429 1670 2652 1726 Domina
2675 1673 2784 1728 Deo
2807 1686 2971 1730 vestro
3001 1660 3173 1747 O’sal.
3197 1696 3358 1744 Lxxv,
3392 1680 3501 1751 η).

229 1759 424 1816 melius
450 1770 560 1827 est,
604 1771 664 1817 ut
704 1771 927 1834 propter
955 1763 1102 1819 illam
1144 1754 1519 1821 excellentiam
1563 1775 1814 1822 naturam
1848 1833 1889 1841 _
1920 1756 2098 1813 Verax
2126 1767 2213 1825 est
2236 1760 2378 1816 Deus
2421 1762 2476 1825 in
2502 1764 2951 1833 promissionibus
2991 1768 3359 1837 beatitudinis,
3386 1787 3507 1841 quae

231 1846 402 1923 (149.,
435 1833 910 1910 εχεθιιθιηέιηίυει
930 1856 1164 1929 naturae]
1210 1856 1305 1913 Dei
1339 1856 1528 1924 Filius,
1556 1861 1647 1929 qui
1692 1875 1817 1929 pm.
1846 1833 1895 1894 Β
1920 1850 2268 1922 diligentibus
2292 1868 2351 1909 se
2384 1855 2649 1923 promittit
2678 1855 2884 1927 (Iacob.
2907 1875 2945 1922 ι,
2974 1860 3083 1931 12).
3131 1861 3198 1917 Et
3220 1833 3353 1918 vere,
3372 1833 3510 1920 (ﬁcis

225 1942 376 2013 prius
398 1951 457 1999 et
485 1953 720 2000 aeternus
749 1954 851 2012 est,
879 1946 951 2001 sit
975 1947 1284 2003 humanitas
1309 1957 1581 2019 assumpta
1608 1950 1661 2005 in
1692 1964 1815 2021 pro—

224 2031 513 2102 prietatem
543 2035 696 2103 Filii,
730 2052 893 2107 quam
931 2045 1151 2108 propter
1183 2038 1571 2095 humanitatem
1602 2040 1696 2095 Dei
1728 2040 1816 2096 Fl-

223 2122 326 2179 lius
350 2133 588 2183 aeternus
618 2127 929 2183 humilietur
952 2129 1017 2183 in.
1039 2129 1401 2198 adoptionem.
1433 2128 1666 2186 Omnino
1695 2146 1819 2201 pro-

221 2214 378 2282 prius
400 2215 542 2279 illius
561 2227 616 2274 et
635 2220 919 2289 adoptivus
937 2235 1078 2275 unus
1097 2226 1218 2279 esse
1238 2236 1346 2281 non
1366 2231 1543 2292 potest
1562 2224 1631 2279 ad
1650 2240 1817 2279 unum

218 2315 458 2377 patrem,
487 2310 557 2364 ad
582 2313 716 2366 duos
738 2320 919 2367 autem
948 2304 1145 2381 potest.
1376 2302 1384 2309 ’

291 2402 429 2458 Hac
453 2405 858 2460 considerantes
885 2404 1216 2483 diligentius,
1242 2415 1297 2461 et
1318 2406 1501 2489 animo
1525 2415 1704 2462 tenete
1726 2408 1816 2462 lir-

211 2495 411 2561 miter,
437 2503 493 2550 et
518 2504 828 2552 constanter
850 2497 1142 2567 praedicate
1167 2514 1332 2553 unum
1352 2498 1554 2554 Filium
1576 2508 1630 2555 et
1652 2516 1816 2554 unum

209 2585 420 2653 Deum,
468 2588 719 2643 eumdem
764 2589 1041 2659 proprium
1086 2597 1142 2645 et
1182 2605 1369 2669 verum
1413 2588 1819 2685 perfectumque

213 2691 379 2744 esse;
411 2678 538 2749 quia
587 2681 763 2736 omnis
796 2681 994 2737 veritas
1036 2682 1089 2736 in
1137 2682 1353 2739 Christo
1393 2692 1477 2740 est
1517 2693 1571 2740 et
1611 2678 1819 2739 nullum

213 2769 572 2842 ﬁgmentum,
615 2778 671 2826 et
712 2778 827 2827 tota
859 2771 1128 2843 plenitudo
1157 2774 1443 2831 divinitatis
1482 2773 1715 2850 (Coloss.
1746 2793 1811 2842 ιι,

214 2860 292 2933 ο),
318 2868 380 2916 et
410 2861 556 2917 nulla
587 2863 879 2920 minoratio
904 2880 1004 2921 nec
1030 2864 1290 2935 defectio;
1321 2881 1345 2908 ι
1373 2884 1475 2924 nec
1503 2884 1647 2937 eum,
1678 2871 1818 2926 sicut

215 2950 271 3008 in
304 2951 497 3008 libello
520 2953 733 3023 prmfati
772 2954 967 3011 Felicis
1004 2956 1202 3013 lectum
1231 2967 1335 3024 est,
1362 2950 1636 3029 baptismo
1673 2959 1815 3015 indi-

215 3044 420 3115 guisse,
461 3044 557 3100 sed
584 3061 706 3101 mox
738 3045 855 3101 sine
892 3056 1116 3117 peccato
1159 3055 1215 3103 et
1258 3049 1404 3104 omni
1434 3047 1556 3105 labe
1584 3040 1813 3120 peccati,

218 3132 429 3206 Spiritu
461 3143 649 3193 sancto
690 3140 1009 3208 conceptum
1038 3152 1157 3194 esse
1198 3136 1368 3195 Deum
1410 3136 1598 3195 verum
1625 3150 1678 3195 et
1709 3140 1811 3195 ho-

215 3205 417 3285 minem
469 3245 676 3288 verum.
726 3205 877 3287 Etsi
916 3233 1075 3287 beata
1115 3233 1269 3303 virgo
1310 3235 1591 3304 proprium
1637 3233 1814 3305 potuit
1841 3205 1888 3268 θ

215 3336 484 3390 generare
509 3323 613 3379 sibi
659 3323 845 3389 lilium,
884 3325 976 3395 qui
1016 3323 1117 3380 fuit
1141 3340 1208 3381 ex
1241 3332 1447 3382 :eterno
1491 3318 1588 3382 DEi
1618 3328 1808 3395 Filius,

214 3413 494 3482 quomodo
541 3430 647 3471 non
689 3416 863 3487 potuit
894 3416 1036 3472 Deus
1081 3417 1243 3473 Pater
1292 3418 1494 3473 habere
1524 3414 1812 3475 hominem

214 3505 408 3562 Filium
450 3510 757 3579 proprium,
783 3510 875 3580 qui
917 3526 985 3565 ex
1016 3520 1258 3583 tempore
1291 3510 1452 3569 natus
1478 3504 1558 3569 est
1600 3528 1667 3568 ex
1701 3512 1811 3591 vir-

216 3596 367 3666 ginei
392 3599 557 3655 Unus
579 3599 801 3656 omnino
825 3609 911 3657 est
934 3602 987 3656 in
1017 3610 1242 3673 utraque
1271 3609 1485 3670 natura,
1504 3596 1582 3658 'ad
1606 3598 1813 3659 utrum-

215 3704 314 3759 que
354 3699 671 3763 parentem,
700 3694 948 3750 Christus
971 3703 1027 3751 et
1050 3694 1223 3752 Filius
1256 3690 1352 3751 Dei
1381 3697 1651 3768 proprius.
1683 3688 1813 3764 Quae

216 3785 392 3839 omnia
421 3784 666 3869 plenius,
700 3786 998 3856 opitulante
1024 3787 1217 3843 eodem
1250 3781 1381 3854 Deo,
1523 3805 1631 3869 quo
1656 3786 1813 3845 nobis

215 3889 390 3933 sermo
401 3866 533 3942 ‘est,
553 3877 747 3933 lecturi
774 3876 926 3934 eritis
954 3879 1007 3933 in
1030 3878 1221 3935 eodem
1244 3876 1443 3946 libello,
1462 3866 1631 3950 quem
1652 3880 1813 3951 modo

216 3966 268 4022 in
296 3970 562 4025 manibus
606 3968 887 4026 habemus.
939 3970 1171 4027 Tantum
1208 3971 1262 4026 in
1304 3971 1427 4027 fidei
1460 3972 1715 4043 ﬁrmitate
1759 3979 1814 4025 et

218 4058 289 4113 nil
334 4061 661 4117 hesitantes
686 4048 926 4137 [Supple,
955 4061 1193 4135 manete]
1220 4078 1233 4116 :
1264 4062 1388 4134 quia
1433 4062 1544 4117 sine
1572 4062 1677 4131 ﬁde
1708 4061 1810 4114 im-

214 4151 458 4219 possibile
509 4160 583 4207 est
628 4151 833 4224 placere
874 4152 1015 4221 Deo,
1046 4160 1118 4226 ut
1156 4151 1450 4223 Apostolus
1492 4152 1568 4208 ait
1610 4150 1807 4223 (Hebr.

218 4258 288 4311 ιι,
314 4246 394 4319 6).
1630 4232 1653 4245 ”

278 4335 627 4393 Charitatem
656 4336 952 4393 fraternam
987 4336 1379 4393 instantissime
1407 4336 1551 4390 inter
1574 4349 1670 4391 vos
1698 4349 1812 4391 ser-

216 4434 355 4496 vate,
399 4438 459 4486 et
502 4429 767 4486 unitatem
806 4422 872 4484 'in
917 4428 1083 4485 omni
1111 4414 1375 4484 catholica
1418 4420 1575 4498 pace,
1613 4436 1667 4482 et
1707 4414 1812 4481 ﬁde

217 4526 356 4574 recta
377 4528 436 4576 et
458 4518 775 4577 humilitate
791 4535 901 4576 non
926 4519 1071 4576 ﬂeta.
1095 4518 1165 4575 Et
1182 4518 1543 4576 obedientiam
1569 4508 1810 4574 vestram

218 4613 522 4668 secundum
569 4612 907 4684 propositum
951 4610 1218 4684 regularis
1261 4610 1385 4666 vitae
1442 4611 1587 4666 omni
1636 4606 1813 4666 studio

218 4714 446 4772 servate,
480 4712 541 4759 et
582 4698 804 4760 Stabiles
837 4712 1011 4761 estote
1052 4705 1106 4759 in
1149 4704 1281 4760 locis
1310 4703 1523 4768 vestris,
1568 4692 1812 4757 ubi'vos-

218 4798 475 4875 metipsos
532 4797 755 4881 dedistis
789 4799 928 4865 Deo;
958 4805 1013 4852 et
1054 4796 1219 4853 nolite
1249 4796 1499 4851 deserere
1543 4782 1816 4850 monaste-

217 4884 292 4940 ria
337 4885 553 4953 vestra,
581 4894 636 4942 et
678 4888 865 4958 vagari
894 4901 992 4958 per
1019 4887 1204 4943 seaculi
1252 4886 1540 4941 vanitates.
1578 4883 1816 4956 Tempus

219 4976 357 5031 enim
388 4962 562 5048 huius
606 4976 739 5057 vitas
754 4977 922 5034 breve
966 4986 1049 5033 est
1096 4977 1151 5050 (Ι
1179 4975 1301 5031 Cor.
1330 4991 1444 5042 vn,
1469 4976 1586 5047 29),
1609 4984 1664 5030 et
1711 4992 1817 5030 non

218 5077 333 5123 sunt
360 5068 647 5140 condignis
680 5071 948 5141 passiones
988 5067 1145 5140 hujus
1170 5066 1349 5123 seaculi
1374 5067 1443 5122 ad
1482 5077 1816 5138 superventu-

220 5171 330 5212 ram
359 5144 592 5231 gloriam
622 5159 801 5232 (Rom.
827 5176 946 5225 vm,
974 5157 1085 5231 18).
1128 5157 1247 5214 Non
1282 5157 1442 5213 debet
1469 5158 1817 5212 vestrtebea-

222 5237 681 5306 titudini‘Cbristi
710 5249 899 5321 jugum
925 5250 1117 5306 durum
1163 5248 1332 5303 videri
1372 5248 1461 5304 vel
1501 5261 1812 5312 onerosum,

222 5343 313 5397 sed
342 5343 467 5398 leve
493 5350 550 5398 et
576 5357 761 5409 suave,
786 5343 926 5398 sicut
956 5341 1073 5412 ipse
1098 5340 1205 5408 ait;
1240 5340 1438 5410 Iugum
1466 5341 1603 5393 enim
1644 5354 1819 5392 meum

219 5447 373 5489 suave
409 5445 490 5490 est
509 5477 535 5515 ,ἠ
554 5445 602 5515 et
646 5453 775 5491 onus
822 5426 1011 5491 meum"
1038 5422 1147 5489 leve.
1169 5424 1273 5511 'cst
1319 5424 1546 5504 (Matth.
1574 5447 1666 5492 ιι.
1700 5422 1814 5515 ὄρ).

222 5523 465 5604 Non'qui
514 5506 747 5601 ceperit,
775 5528 869 5601 sed
894 5527 988 5600 qui
1030 5506 1479 5599 perseveraverit,
1508 5521 1688 5581 salvus
1714 5506 1822 5581 erit

224 5617 443 5691 (lculi.
468 5620 655 5688 1,13;
685 5630 743 5677 et
765 5636 915 5688 una,
940 5619 1052 5692 t5).
1082 5620 1352 5676 Revocate
1375 5618 1443 5673 ad
1472 5625 1708 5681 mentem
1731 5614 1821 5671 Ju-

292 5777 478 5850 fNec
509 5795 701 5850 (eum...
735 5780 991 5850 baptismo
1017 5779 1321 5849 indiguisse.
1377 5774 1532 5833 Hunc
1576 5791 1821 5834 errorem

221 5845 427 5906 refutat
450 5848 714 5910 Alcuinus
739 5845 905 5911 Libro
939 5866 979 5907 ιι
1006 5845 1265 5905 adversus
1292 5850 1559 5906 eumdem.

1921 1942 2143 2015 [Sensus
2182 1945 2481 2019 corruptus]
2516 1962 2531 2001 :
2567 1946 2772 2004 Reddet
2807 1952 3072 2020 profuissa
3100 1954 3366 2011 veritatis.
3400 1955 3510 2011 Me-

1916 2044 2159 2091 mentote
2183 2034 2501 2106 Apostolum
2528 2039 2827 2101 dicentem":
2855 2040 3093 2109 Fratres,
3116 2037 3328 2099 stabiles
3349 2054 3510 2102 estote

1916 2132 1964 2177 et
1995 2125 2284 2183 immobiles
2332 2126 2398 2198 (Ι
2443 2126 2564 2183 Cor.
2591 2145 2680 2195 xv,
2708 2130 2821 2201 58).
2856 2132 2923 2186 Et
2952 2134 3149 2191 iterum
3175 2126 3330 2200 {Qui
3368 2144 3505 2200 stat.

1916 2217 2115 2284 uideat,
2164 2236 2227 2273 ne
2279 2221 2434 2274 cadat
2483 2221 2537 2293 (Ι
2578 2220 2702 2276 Cor.
2748 2240 2808 2286 χ,
2843 2224 2952 2295 12).
3009 2210 3508 2296 Stabat'loannes,

1916 2311 2132 2379 quando
2157 2310 2432 2367 Christum
2470 2314 2746 2370 cernebat.
2774 2315 2918 2381 Ideo,
2950 2315 3148 2372 fratres
3177 2320 3505 2388 charissimi,

1916 2400 2126 2471 uigilata
2147 2410 2196 2455 et
2223 2411 2355 2456 state
2376 2404 2435 2457 in
2462 2404 2585 2472 ﬁde,
2620 2405 2841 2460 viriliter
2865 2409 3001 2477 agite
3023 2407 3077 2477 (Ι
3100 2408 3222 2462 Cor.
3254 2425 3362 2473 xvi,
3396 2411 3507 2482 15),

1916 2498 1974 2545 et
2000 2492 2335 2548 confortotur
2363 2509 2460 2549 cor
2496 2503 2738 2550 vestrum
2774 2496 2830 2549 in
2859 2498 3006 2551 omni
3052 2513 3217 2568 opere
3249 2500 3410 2555 bene.
3444 2501 3517 2555 Et

1916 2584 2201 2641 Psalmista
2227 2601 2242 2640 :
2280 2586 2541 2659 Exspecta
2567 2584 3126 2656 Dominum'uiriliter
3153 2609 3265 2662 age,
3297 2593 3507 2662 confor—

1916 2685 2055 2732 tetur
2079 2693 2171 2731 cor
2196 2687 2368 2744 tuum,
2394 2674 2444 2733 et
2468 2681 2668 2734 sustine
2692 2678 2977 2735 Dominum
3003 2678 3178 2753 (Paul.
3208 2696 3360 2747 xxvi,
3394 2682 3506 2754 ib).

1922 2767 2074 2840 ιιι
2101 2767 2239 2836 Quid
2264 2777 2349 2825 est
2381 2779 2620 2841 exspecta
2648 2770 2954 2838 Dominum,
2981 2772 3087 2827 nisi
3113 2773 3294 2846 stabili
3327 2780 3509 2829 mente

1915 2867 2190 2930 exspecta,
2215 2862 2386 2915 donec
2408 2861 2506 2916 tibi
2542 2863 2723 2921 veniat
2748 2862 2866 2917 dies
2892 2865 3382 2919 remunerationis?
3400 2864 3511 2920 Fac

1915 2949 2097 3005 omnia
2144 2964 2310 3021 opera
2356 2950 2609 3017 viriliter,
2652 2960 2706 3007 et
2751 2951 3085 3009 oonfertetur
3131 2956 3226 3009 eor'
3256 2961 3409 3009 tuum
3454 2954 3511 3011 in

1913 3041 2282 3110 permanendo
2327 3045 2471 3112 quod
2524 3044 2768 3115 cepisti,
2820 3054 2877 3102 et
2926 3046 3135 3103 sustine
3190 3048 3506 3114 Dominum,

1916 3134 2177 3204 quidquid
2217 3134 2274 3190 in
2314 3143 2369 3191 te
2422 3137 2788 3194 tribulatidnis
2830 3138 2917 3194 vel
2967 3139 3170 3195 laboris
3209 3141 3505 3211 permittit,

1917 3229 2123 3284 sustine
2151 3228 2401 3284 viriliter.
2432 3229 2618 3285 Natta
2650 3240 2774 3287 sunt
2811 3231 3176 3287 tribulationss
3202 3231 3502 3301 iustorum,

1916 3329 1967 3374 et
2001 3317 2069 3375 de
2099 3320 2182 3374 bis
2211 3319 2453 3375 liberabit
2482 3338 2570 3381 eos
2605 3321 2862 3378 Dominus
2917 3322 3092 3394 (Psal.
3142 3338 3349 3390 sum,
3386 3323 3503 3397 ΞΟ).

1916 3409 2106 3468 Nullus
2132 3412 2285 3468 labor
2323 3414 2526 3469 amanti
2557 3414 2729 3469 Deum
2753 3415 2922 3471 durus
2959 3415 3226 3493 videatur,
3252 3417 3379 3487 quia
3418 3415 3509 3473 ille

1916 3513 2001 3561 est
2045 3514 2420 3561 remuneratur
2456 3504 2649 3573 ﬁdelis,
2676 3507 2770 3577 qui
2805 3516 2891 3563 est
2938 3507 3230 3563 auxiliator
3252 3506 3503 3573 idoneus,

1916 3597 2009 3667 qui
2052 3611 2327 3666 nunquam
2378 3597 2581 3661 deserit
2623 3605 2905 3669 sperantes
2949 3598 3006 3652 in
3036 3614 3113 3653 se.
3164 3598 3508 3668 Respondeat

1916 3685 2078 3745 homo
2121 3686 2556 3757 suggestionibus
2597 3687 2796 3743 diaboli
2832 3703 2848 3741 :
2899 3688 3160 3751 Dominus
3210 3684 3503 3743 auxiliator

1916 3775 2048 3829 miti
2077 3786 2182 3841 est,
2207 3792 2311 3829 non
2339 3776 2529 3831 timebo
2571 3776 2697 3847 quid
2740 3776 2896 3847 faciet
2920 3778 3076 3831 homo
3120 3775 3292 3848 (Psal.
3333 3792 3503 3843 nam,

1915 3866 1991 3938 6),
2019 3868 2074 3925 id
2095 3876 2201 3934 est,
2228 3868 2463 3925 carnalis
2490 3868 2794 3931 (inlectatio.
2844 3870 2977 3924 Item
3003 3884 3019 3923 :
3046 3869 3319 3925 Declinate
3347 3887 3382 3923 a
3424 3886 3508 3925 me

1914 3959 2151 4031 maligni,
2173 3972 2221 4016 et
2264 3962 2538 4017 scrutabor
2558 3962 2813 4025 mandata
2848 3962 2947 4016 Dei
2966 3963 3068 4018 mei
3094 3961 3267 4033 (Psal.
3311 3979 3501 4028 cxvm,

1917 4053 2061 4124 “5).
2088 4053 2153 4109 Et
2179 4054 2372 4111 iterum
2401 4072 2416 4108 :
2445 4053 2717 4110 Auxilium
2744 4070 2916 4109 meum
2939 4072 2973 4107 a
3001 4053 3246 4119 Domino,
3271 4055 3361 4124 qui
3380 4054 3505 4123 fecit

1915 4141 2101 4199 atrium
2128 4152 2175 4198 et
2204 4152 2418 4198 terram.
2444 4143 2704 4199 Daunius
2732 4142 2996 4198 custodiat
3024 4144 3298 4199 introitum
3318 4151 3366 4196 et
3390 4144 3505 4197 esi.

1914 4240 2027 4291 ιω
2050 4247 2318 4291 seruorum
2349 4249 2566 4289 sitarum
2591 4250 2656 4290 ea;
2680 4234 2780 4303 hoc
2821 4251 2959 4289 nunc
2987 4242 3036 4289 et
3064 4250 3226 4304 usque
3254 4234 3310 4288 in
3337 4249 3505 4289 secu-

1913 4323 2024 4381 lum
2071 4323 2244 4397 (Psal.
2267 4339 2394 4391 an,
2419 4325 2475 4392 2,
2508 4325 2587 4398 8).
2618 4325 2763 4393 Hine,
2795 4327 3101 4383 charissimi
3128 4326 3346 4391 fratres,
3383 4326 3503 4382 feli-

1914 4416 2050 4473 citer
2075 4417 2256 4488 legite,
2278 4423 2334 4473 et
2362 4416 2594 4474 ﬁdeliter
2616 4418 2854 4489 implete,
2876 4428 2932 4473 et
2954 4418 3216 4476 Dominus
3241 4420 3382 4476 Deus
3404 4435 3501 4477 vos

1919 4510 2138 4581 adjuvet
2160 4518 2215 4566 et
2236 4510 2502 4581 proiicere
2528 4509 2690 4566 faciat
2714 4511 2770 4566 in
2795 4512 2944 4566 omni
2972 4513 3142 4580 bono;
3170 4521 3226 4567 et
3247 4512 3505 4573 exaudiat

1917 4604 2191 4659 orationes
2235 4610 2446 4659 vestras
2470 4617 2571 4672 pre
2597 4603 2872 4669 omnibus,
2899 4613 2955 4659 et
2980 4620 3080 4675 pro
3110 4621 3195 4660 me
3227 4604 3371 4661 ﬁdeli
3410 4619 3504 4661 ve-

1917 4705 2033 4754 stro
2078 4696 2352 4767 adiutore,
2393 4705 2451 4753 et
2496 4698 2756 4753 Dominus
2800 4697 2946 4753 Deus
2980 4698 3249 4754 custodiat
3299 4713 3396 4754 vos
3444 4696 3505 4754 in

1917 4798 2119 4845 alterna
2146 4803 2278 4858 pace
2299 4795 2356 4843 et
2382 4787 2649 4845 charitate
2679 4787 2938 4858 perfecta,
2967 4788 3073 4844 viri
3098 4788 3296 4846 fratres
3320 4799 3377 4846 et
3403 4788 3502 4845 lilii

1921 4880 2243 4941 charissimi.

2421 4970 2450 5019 li
2486 4966 2821 5024 EPISTOLA
2858 4967 2991 5024 CXI.

2383 5078 2447 5117 AD
2482 5075 2725 5121 FIAI‘I“
2759 5076 2815 5116 IN
2851 5077 3069 5118 cornu.

2487 5152 2667 5225 (Anne
2695 5152 2950 5225 incet‘tO.)

1924 5242 2185 5318 Hortatur
2211 5244 2280 5299 ad
2312 5246 2682 5318 paenitentiam,
2713 5247 2783 5301 ad
2804 5247 3182 5302 obseruantiam
3205 5248 3322 5302 uita:
3344 5264 3500 5318 regu-

2020 5316 2171 5382 laris,
2200 5325 2247 5369 et
2272 5314 2340 5368 ad
2372 5314 2732 5385 fortitudinem
2755 5319 2810 5371 in
2832 5326 3010 5371 exorta
3038 5318 3391 5371 tribulatione.

1992 5430 2361 5487 Sanctissimis
2387 5430 2443 5486 in
2465 5429 2666 5501 Christi
2693 5431 2963 5505 charitate.
2980 5431 3259 5501 fratribus,
3282 5430 3502 5509 Deoque

1924 5528 1980 5584 in
2002 5527 2231 5585 diversis
2254 5526 2464 5589 Gothiae.
2494 5529 2740 5597 partibus
2763 5527 2996 5585 ﬁdeliter
3022 5529 3380 5585 servientibus
3401 5528 3504 5587 hu-

1923 5620 2068 5675 milis
2090 5618 2254 5673 levita
2275 5607 2534 5673 Alc‘ﬁinus
2559 5618 2807 5703 salutem.
3332 5620 3341 5629 '

1995 5782 2020 5821 ι)
2060 5780 2205 5838 Edit.
2228 5780 2479 5836 ﬂucrcet.
2511 5779 2578 5836 99
2610 5796 2675 5835 ex
2699 5796 2799 5836 ωε.
2833 5778 3006 5855 (Apud
3033 5779 3265 5837 Froben.
3298 5778 3409 5857 95).
