4074 6436
515 375 623 430 3'55

1369 371 1425 424 Β.
1470 371 1528 424 F.
1570 367 1795 424 ALBlNl
1833 366 1964 421 SEU
2009 361 2280 420 ALCUlNl
2318 359 2599 418 OPERUM
2635 355 2815 412 PARS
2853 355 2892 408 l.

3685 353 3788 408 556

582 489 835 560 Legimus
860 487 1149 541 Dominum
1181 485 1460 554 discipulis
1484 483 1805 554 praecepisse
1828 488 1888 535 ut
1914 480 2100 535 turbas
2128 479 2178 536 Δ
2274 477 2386 548 Ego
2432 491 2562 530 vero
2611 473 2790 529 saeculi
2850 471 3260 540 tempestatibus
3318 469 3589 560 turbatus,
3625 482 3790 560 casso

512 599 610 652 per
636 579 1020 637 contubernias
1041 579 1379 634 discumbere
1403 577 1670 640 fecissent,
1697 577 2101 646 quinquagenos

514 682 570 729 et
581 674 1019 743 quinquagenos;
1044 686 1178 739 quos
1191 685 1379 725 omnes
1392 669 1551 723 unius
1560 668 1716 738 panis
1735 666 2006 722 soliditate
2021 681 2103 720 re-

514 764 606 821 ﬁci
625 765 841 820 volebat
865 761 1018 834 (Luc.
1043 778 1118 827 ix,
1151 761 1260 833 M).
1291 759 1795 831 Quinquagenarius
1821 773 2098 822 numerus,

515 856 572 912 in
587 872 696 926 quo
715 857 800 912 lex
816 855 941 910 data
960 861 1062 918 est,
1084 853 1196 922 ipse
1227 851 1462 921 Spiritus
1481 850 1782 906 Paraclitus
1797 865 1828 902 a
1857 849 2018 903 Patre
2049 855 2103 902 et

515 953 654 1008 Filio
683 952 900 1016 missus,
929 950 1087 1018 quiin
1110 956 1323 1002 centum
1346 944 1535 1015 viginti
1559 944 1776 999 nomina
1803 941 2100 1004 descendit,

516 1043 893 1098 remissionem
921 1048 1267 1110 peccatorum
1295 1036 1562 1108 signiﬁcat
1586 1051 1600 1088 :
1640 1051 1802 1104 quam
1825 1049 2015 1088 omnes
2038 1032 2101 1085 ﬁ—

517 1135 666 1192 deles
705 1136 760 1189 in
783 1135 951 1203 ipsius
970 1131 1142 1187 sancti
1165 1130 1400 1198 Spiritus
1424 1129 1596 1198 gratia
1617 1127 1904 1196 accipiunt,
1928 1126 2105 1195 primo

518 1223 571 1278 in
604 1230 945 1279 sacramento
984 1219 1357 1291 baptismatis;
1413 1217 1649 1274 secundo
1690 1217 1745 1270 in
1774 1216 2107 1285 poenitentiae

517 1313 793 1384 lacrymis,
819 1311 1013 1381 quibus
1039 1310 1219 1364 anima
1241 1308 1517 1379 peccatrix
1546 1306 1722 1361 abluta
1752 1307 1820 1361 ad
1845 1305 2106 1360 visionem

516 1406 610 1460 Dei
635 1403 931 1460 Salvatoris
960 1402 1245 1473 pervenire
1273 1401 1602 1464 merebitur;
1630 1400 1841 1454 dicente
1871 1400 1985 1469 ipsa
2006 1400 2109 1453 Ve-

516 1499 680 1554 ritate
709 1514 722 1550 :
755 1496 906 1550 Beati
933 1494 1130 1548 mundo
1160 1494 1335 1558 corde,
1363 1494 1612 1563 quoniam
1640 1492 1740 1562 ipsi
1767 1491 1933 1544 Deum
1971 1491 2110 1544 vide-

518 1593 641 1646 bunt
669 1590 883 1662 (Matth.
914 1606 971 1654 v,
1000 1587 1076 1657 8).
1105 1587 1239 1642 Ecce
1265 1603 1400 1640 nunc
1421 1595 1621 1656 tempus
1643 1583 1976 1654 acceptabile,
1995 1600 2112 1637 ecce

519 1701 657 1739 nunc
673 1683 782 1738 dies
808 1673 1096 1752 salutis‘lll
1111 1679 1232 1734 Cor.
1251 1696 1326 1744 v1,
1343 1679 1418 1750 2).
1438 1677 1750 1731 Mundemus
1766 1694 1858 1731 nos
1883 1677 1946 1729 ab
1970 1675 2112 1730 omni

517 1778 910 1848 inquinamento
955 1775 1130 1828 carnis
1156 1784 1203 1828 et
1243 1774 1479 1843 spiritus,
1515 1772 1838 1841 per/ieientes
1885 1768 2112 1822 salutem

2204 566 2388 622 multis
2413 567 2466 620 in
2495 565 2630 620 locis
2651 563 2838 618 labore
2864 560 3154 626 desudavi;
3184 560 3275 613 sed
3300 557 3459 612 modo
3482 557 3638 626 quasi
3664 571 3793 610 nau-

2203 658 2406 730 fragus,
2437 657 2548 712 Deo
2571 656 2886 720 miserante,
2918 654 2984 707 ad
3027 660 3242 724 portum
3269 650 3513 719 dejectus
3547 650 3746 720 quietis
3776 668 3788 703 :

2204 747 2260 801 in
2279 761 2386 816 quo
2415 761 2502 799 me
2528 744 2729 799 fessum
2752 751 2808 798 et
2835 743 3175 796 vulneratum
3197 741 3486 812 jacentem,
3509 740 3789 810 deprecor,

2205 847 2516 894 sanctarum
2539 836 2856 892 assiduitate
2885 835 3193 890 orationum
3219 841 3451 888 vestram
3476 833 3796 887 unanimita-

2205 937 2316 983 tem
2370 927 2640 992 auxiliari,
2691 935 2750 981 ut
2797 927 3120 997 quandoque
3148 927 3214 980 ad
3244 925 3490 981 florentia
3535 926 3794 980 virtutum

2206 1037 2335 1076 rura
2362 1020 2647 1091 pervenire
2675 1034 2908 1085 merear,
2961 1028 3016 1075 et
3049 1019 3190 1073 bona
3231 1019 3525 1073 securitate
3577 1017 3652 1070 illi
3700 1016 3796 1071 soli

2207 1111 2434 1177 servire,
2471 1112 2524 1165 in
2554 1125 2661 1182 quo
2691 1110 2804 1165 solo
2832 1119 2915 1165 est
2944 1110 3112 1164 totius
3138 1123 3261 1178 spes
3287 1109 3508 1172 salutis,
3543 1109 3662 1164 sine
3694 1125 3797 1178 quo

2207 1221 2310 1260 nec
2354 1204 2556 1259 cadens
2600 1217 2907 1273 resurgere,
2949 1218 3048 1258 nec
3075 1203 3214 1257 bene
3236 1210 3387 1256 stans
3431 1201 3590 1255 ﬁrmo
3629 1201 3798 1271 gradu

2208 1303 2354 1350 stare
2382 1295 2600 1366 poterit.

2281 1386 2399 1441 Misi
2431 1386 2745 1442 munuscula
2784 1401 2950 1456 parva
2993 1385 3270 1441 dilectioni
3297 1395 3510 1452 vestrae,
3555 1387 3649 1443 sed
3693 1385 3801 1441 Deo

2211 1487 2365 1545 teste,
2403 1493 2509 1533 non
2541 1494 2705 1547 parva
2734 1479 3019 1543 charitate,
3057 1488 3316 1549 quantum
3353 1479 3406 1533 in
3437 1487 3655 1549 pectore
3680 1494 3802 1548 pec-

2211 1570 2413 1626 catoris
2433 1570 2550 1640 ejus
2571 1569 2836 1640 igniculus
2857 1570 3149 1624 scintillare
3178 1569 3338 1624 valet.
3367 1569 3570 1624 Tamen
3593 1570 3642 1624 si
3659 1569 3801 1624 Deus

2211 1664 2346 1718 mihi
2366 1664 2641 1718 vobiscum
2672 1663 2724 1716 in
2752 1663 3039 1717 sanctitate
3061 1663 3183 1717 vitae
3211 1669 3359 1718 stare
3379 1664 3610 1716 necdum
3633 1661 3803 1716 dedis-

2214 1764 2318 1820 set,
2353 1763 2546 1824 ‘tamen
2590 1754 2831 1824 piissima
2862 1755 3002 1809 illius
3047 1756 3217 1825 gratia
3257 1762 3492 1810 vestram
3538 1754 3805 1810 veraciter

521 1839 826 1928 an'imamm
851 1839 1411 1937 ηοδιητωηυίσονο
1429 1839 1526 1930 vn;
1545 1839 1615 1933 η
1633 1863 1758 1918 Hm
1783 1879 1914 1917 vero
1935 1862 2109 1916 scio“-
2142 1839 2187 1896 Β
2213 1845 2376 1900 corde
2409 1859 2532 1898 meo
2565 1842 2761 1899 infudit
2789 1845 3131 1908 charitatem,
3162 1851 3356 1915 optans
3385 1853 3550 1914 atque
3580 1843 3801 1898 humili-

523 1974 604 2018 tes
648 1970 702 2017 et
743 1960 946 2030 optime
995 1957 1373 2028 intelligentes,
1417 1955 1721 2010 charissimi
1772 1953 1989 2018 fratres,
2034 1953 2108 2007 nil

523 2050 800 2106 sordidum
823 2050 877 2103 in
909 2056 1091 2102 vestra
1127 2045 1282 2118 142
1313 2055 1591 2100 remaneat
1617 2045 1967 2107 conscientia,
1998 2044 2110 2127 sive

523 2142 590 2196 de
614 2141 796 2195 carnis
821 2138 1111 2210 fragilitate
1160 2145 1520 2200 contractum,
1553 2137 1665 2191 sive
1692 2137 1758 2189 de
1783 2136 2006 2205 Spiritus
2030 2137 2111 2189 in-

523 2221 836 2302 quietudine
878 2228 1159 2293 infectum,
1191 2237 1252 2281 ut
1294 2228 1510 2298 dignam
1549 2227 1602 2280 in
1629 2227 1883 2282 cordibus
1918 2227 2112 2281 vestris

524 2323 758 2394 Spiritus
785 2330 1006 2377 sanctus
1047 2320 1150 2375 sibi
1177 2319 1418 2373 inveniat
1449 2319 1854 2372 habitationem.
1903 2317 2111 2370 Nullam

523 2415 788 2486 malignus
812 2414 981 2469 hostis
1007 2413 1061 2467 in
1084 2422 1266 2468 vestra
1289 2412 1427 2466 bona
1443 2411 1855 2466 conversatione
1872 2409 2115 2464 inveniat

521 2519 632 2559 suse
660 2503 879 2558 malitiae
902 2512 1134 2574 partem,
1167 2517 1267 2557 nec
1292 2501 1497 2555 aditum
1525 2517 1687 2571 quem
1713 2501 1928 2571 quaerit,
1954 2515 2111 2570 repe-

522 2595 627 2650 riat
673 2595 867 2650 vestris
913 2595 966 2648 in
994 2593 1281 2658 cordibus;
1314 2593 1409 2647 sed
1437 2593 1583 2646 omni
1625 2593 1866 2647 custodia
1907 2593 2116 2646 animas

522 2692 733 2740 vestras
755 2683 1073 2739 conﬁrmata
1108 2684 1163 2737 in
1191 2683 1474 2738 charitatis
1501 2683 1819 2750 munimine,
1860 2684 1915 2738 in
1944 2684 2118 2739 tutela

523 2777 863 2841 obedientite,
898 2777 954 2830 in
984 2792 1141 2831 muro
1171 2777 1511 2841 humilitatis,
1555 2777 1611 2831 in
1639 2778 1905 2832 castitatis
1931 2779 2118 2833 obser-

523 2870 762 2933 vatione,
793 2870 853 2944 in
878 2876 1081 2923 sanctae
1106 2870 1260 2937 pacis
1295 2869 1697 2945 conjunctione.
1731 2870 1975 2924 Viriliter
2020 2887 2117 2940 pu—

527 2971 688 3032 gnate
715 2968 904 3015 contra
927 2962 1209 3032 antiquum
1241 2963 1470 3027 hostem,
1502 2969 1557 3016 et
1597 2965 1975 3019 communibus
2001 2980 2118 3018 ma-

527 3057 684 3112 nibus
733 3057 998 3111 debellate
1047 3072 1193 3122 eum,
1242 3058 1335 3126 qui
1383 3058 1593 3128 rugiens
1639 3059 1847 3122 circuit,
1880 3074 2119 3128 quwrens

477 3195 480 3198 ί
525 3155 678 3220 quem
695 3148 902 3202 devoret
924 3147 977 3219 (Ι
994 3148 1136 3202 Petr.
1165 3164 1220 3213 v,
1238 3150 1314 3219 8).
1330 3148 1550 3203 Portate
1577 3149 1632 3202 in
1657 3147 1927 3203 frontibus
1950 3149 2119 3203 vexil-

526 3240 639 3294 lum
667 3241 866 3304 crucis,
899 3249 954 3295 et
977 3241 1032 3294 in
1059 3242 1315 3298 cordibus
1341 3242 1625 3297 charitatis
1665 3243 2031 3309 munimenta,
2065 3251 2120 3298 et

529 3330 808 3386 catholicae
839 3331 964 3386 ﬁdei
992 3332 1412 3389 ﬁrmamentum.
1444 3333 1550 3404 Spe
1581 3335 1737 3389 ﬁrma
1762 3336 2122 3406 vosmetipsos

530 3419 720 3490 erigite
763 3419 831 3473 ad
859 3419 1050 3486 Deum,
1082 3429 1139 3476 et
1164 3423 1299 3476 nihil
1326 3432 1516 3478 contra
1539 3433 1777 3479 vestram
1815 3425 1960 3480 valet
1987 3442 2121 3478 una-

533 3511 834 3566 nimitatem
884 3512 1028 3568 illius
1074 3514 1327 3570 insidiosa
1379 3517 1666 3574 calliditas.
1719 3518 1888 3589 Magis
1934 3519 2120 3573 humili

533 3611 715 3657 mente
743 3603 1049 3659 senioribus
1076 3608 1272 3661 vestris
1311 3607 1532 3662 obedire
1555 3609 1752 3678 parati,
1780 3625 1940 3678 quam
1968 3626 2120 3664 mur-

533 3697 852 3752 murationis
881 3699 1012 3753 vitio
1041 3699 1355 3771 dijudicare,
1389 3702 1650 3771 quidquid
1674 3703 1828 3758 vobis
1871 3704 2120 3775 injunga-

539 3797 628 3844 tur
663 3792 864 3861 operis.

608 3883 843 3940 Vovistis
889 3900 985 3941 vos
1021 3885 1133 3940 Deo
1158 3885 1385 3952 servire,
1416 3887 1760 3957 paternisque
1786 3887 1901 3958 regi
1946 3889 2124 3943 consi-

535 3976 640 4032 liis.
674 3975 850 4033 Nolite
887 3980 1243 4049 vosmetipsos
1286 3993 1447 4048 super
1478 3987 1719 4034 rectores
1747 3980 1988 4035 exaltare
2029 3996 2122 4034 ve-

534 4080 697 4138 stros,
728 4088 829 4128 nec
849 4089 1035 4128 eorum
1053 4072 1299 4142 judicare
1329 4080 1445 4127 acta
1473 4073 1555 4128 vel
1582 4073 1828 4140 consilia;
1873 4073 1965 4128 sed
1995 4089 2124 4128 con-

536 4165 670 4220 tenti
729 4165 1098 4221 tantummodo
1151 4172 1324 4220 estote
1370 4179 1558 4220 eorum
1593 4162 1816 4232 judicio,
1862 4165 2122 4234 quidquid

537 4257 729 4327 agatis,
751 4256 1124 4325 regularisque
1143 4257 1266 4310 vitae
1284 4257 1585 4326 praeceptis,
1602 4256 1656 4309 in
1679 4256 1873 4325 quibus
1888 4255 2123 4310 maxime

482 4417 484 4419 ν
538 4346 816 4401 humilitas
846 4346 1128 4401 obediendi
1155 4361 1278 4399 cum
1316 4347 1582 4400 charitate
1607 4347 1937 4416 praecipitur.
1965 4344 2122 4401 Horae

539 4449 668 4489 vero
691 4442 885 4489 vestrae
914 4449 1101 4488 omnes
1127 4435 1408 4489 animabus
1433 4435 1629 4489 vestris
1657 4437 1817 4491 utiles
1849 4437 2122 4492 invenian—

542 4538 650 4593 tur,
676 4526 762 4581 vel
807 4527 861 4580 in
890 4542 1052 4596 opere
1099 4541 1390 4590 manuum,
1431 4526 1516 4581 vel
1546 4527 1600 4580 in
1640 4527 1886 4582 lectionis
1920 4528 2117 4593 studio,

542 4619 624 4674 vel
652 4619 706 4673 in
730 4619 991 4673 orationis
1018 4619 1215 4689 gratia.
1241 4617 1374 4673 Oret
1406 4619 1688 4687 operarius
1713 4620 1895 4684 corde,
1919 4628 1978 4673 ut
2019 4621 2123 4674 du-

542 4709 670 4780 plici
699 4707 949 4764 mercede
1001 4708 1194 4780 dignus
1247 4709 1539 4770 habeatur.
1588 4707 1849 4764 Similiter
1889 4710 1943 4763 in
1993 4709 2126 4765 refe-

543 4803 722 4858 ctione
747 4803 988 4870 corporis
1013 4802 1190 4855 anima
1217 4800 1491 4856 reﬁciatur
1516 4802 1570 4856 in
1594 4803 1888 4873 gratiarum
1916 4804 2129 4859 actione

545 4895 685 4959 Deo;
712 4893 796 4949 vel
839 4893 883 4948 si
913 4908 1109 4962 corpus
1153 4892 1336 4946 labore
1365 4890 1649 4960 afﬁciatur,
1693 4909 1844 4948 mens
1872 4909 2129 4964 compun-

545 4989 723 5043 ctioue
771 4986 1138 5042 conﬁrmetur.
1195 4983 1284 5040 Sic
1319 5000 1448 5039 vero
1489 4994 1758 5040 armatum
1806 4988 2126 5042 mouaclmm

547 5079 744 5149 duplici
791 5076 1064 5148 suffragio,
1098 5075 1173 5131 nil
1219 5075 1465 5147 antiquus
1493 5078 1656 5131 hostis
1695 5093 1888 5132 nocere
1930 5078 2131 5147 poterit

548 5175 731 5245 (Apoc.
779 5188 878 5236 xu,
923 5171 1000 5242 9),
1033 5172 1125 5241 qui
1169 5171 1364 5240 quaerit
1398 5185 1495 5241 per
1529 5171 1883 5242 ~vagationem
1934 5171 2131 5224 mentis

548 5267 854 5323 mercedem
883 5265 1126 5322 minuere
1155 5265 1467 5322 laborantis.

621 5434 648 5463 ι
690 5420 891 5476 Nuntio
915 5419 1286 5475 tribulationis.
1323 5417 1580 5484 Quaenam
1609 5414 1773 5468 fuerit
1816 5415 1929 5468 haec
1957 5414 2131 5469 tribu-

549 5491 702 5558 latio,
755 5508 848 5546 nos
888 5491 1038 5561 fugit.
1087 5489 1429 5561 Eginbardus
1483 5487 1544 5561 in_
1589 5484 1888 5561 Annalibus
1941 5484 2008 5538 ad
2036 5499 2132 5538 an-

551 5555 806 5618 numv793
829 5555 1158 5616 Saracenos-
1183 5566 1366 5612 narrat
1398 5555 1825 5623 Septimanniam
1859 5555 2131 5623 ingressos

551 5649 674 5688 cum
711 5633 952 5706 Francis
979 5644 1268 5706 pugnasse,
1307 5628 1649 5706 victoresque
1709 5624 1970 5705 rediisse;
2007 5625 2131 5706 inde

552 5719 683 5758 vero
710 5695 996 5760 monachis
1015 5695 1224 5757 Gothiae
1273 5714 1367 5752 seu
1427 5695 1809 5764 Septimanniac
1829 5695 2130 5762 periculum

555 5773 856 5837 imminere,
895 5790 960 5830 ac
993 5769 1282 5844 tribulatio
1298 5767 1514 5822 evenire
1557 5765 1750 5833 potuit.
1803 5764 1970 5844 Igitur
1995 5765 2134 5844 hanc

555 5834 964 5912 epistolamhoc
997 5857 1138 5897 anno
1181 5839 1435 5907 scriptam
1479 5852 1616 5892 esse.
1653 5851 1776 5886 vero
1823 5834 1996 5888 simile
2019 5834 2131 5888 cui-

2212 1948 2297 1992 tcr
2337 1937 2654 2008 deprecans,
2703 1947 2973 2006 quatenus
3027 1953 3123 2007 per
3174 1945 3384 1992 vestras
3429 1937 3806 1992 sanctissimas

2212 2029 2486 2086 orationes
2538 2045 2733 2083 munus
2781 2028 3073 2083 voluntatis
3129 2044 3263 2084 mea:
3304 2028 3414 2083 Deo
3466 2028 3804 2098 acceptabile

2212 2137 2352 2189 esse,
2384 2121 2607 2191 ejusque
2633 2121 2834 2175 donum
2878 2120 2931 2174 in
2962 2120 3140 2174 anima
3170 2136 3289 2175 mea
3331 2120 3573 2191 recipere
3616 2119 3802 2188 digne-

2214 2222 2324 2279 tur,
2357 2215 2447 2284 qui
2476 2215 2708 2284 gratiam
2741 2230 2840 2285 pro
2871 2215 3044 2286 gratia
3072 2216 3200 2270 dare
3229 2213 3395 2278 solet;
3427 2215 3492 2268 de
3517 2213 3676 2283 cujus
3695 2213 3804 2283 ple-

2213 2303 2458 2358 nitudine
2485 2304 2812 2374 accepimus,
2841 2304 3100 2374 quidquid
3141 2305 3265 2360 boni
3301 2306 3500 2360 habere
3533 2306 3801 2360 videmur.

2214 2394 2361 2449 Illius
2405 2396 2475 2449 sit
2517 2411 2729 2466 semper
2758 2397 2998 2452 charitas
3024 2396 3078 2449 in
3109 2397 3293 2462 corde,
3339 2389 3457 2451 laus
3497 2397 3551 2451 in
3586 2412 3706 2462 ore,
3749 2405 3802 2452 et

2216 2501 2377 2556 opere
2403 2487 2544 2542 bono
2569 2487 2780 2558 signum
2810 2481 3063 2556 perfectae
3091 2486 3412 2544 dilectionis.

2288 2577 2522 2632 Plurima
2577 2587 2772 2634 vestrae
2820 2579 3140 2634 beatitudini
3192 2579 3428 2635 scribere
3478 2580 3804 2646 desideravi,

2217 2667 2311 2723 sed
2335 2681 2358 2708 ιι
2397 2669 2587 2723 nuntio
2635 2669 2995 2724 tribulationis
3039 2677 3437 2735 consternatus,
3478 2671 3596 2727 haec
3634 2686 3803 2740 pauca

2218 2759 2436 2815 dictavi.
2474 2759 2532 2814 ln
2561 2775 2668 2830 qua
2696 2774 2826 2815 vero
2856 2761 3202 2817 tribulatione
3250 2777 3343 2817 vos
3387 2762 3618 2817 viriliter
3647 2779 3809 2836 agere

2217 2859 2274 2904 et
2297 2852 2565 2906 constanti
2596 2867 2717 2906 esse
2744 2853 2924 2908 animo
2954 2854 3204 2920 obsecro,
3239 2855 3473 2909 scientes
3493 2855 3640 2924 quod
3667 2855 3804 2910 Deus

2220 2958 2493 3011 nunquam
2531 2944 2733 2999 deserit
2781 2954 3044 3015 sperantes
3086 2947 3141 3000 in
3195 2963 3250 3000 se
3304 2945 3476 3016 (Psal.
3523 2963 3665 3010 xvn,
3698 2946 3807 3017 3t).

2220 3030 2287 3085 Et
2331 3033 2375 3086 si
2413 3033 2653 3102 qualibet
2700 3035 3048 3090 tribulatione
3095 3045 3340 3106 cogente,
3391 3037 3568 3092 locum
3597 3048 3809 3094 mutare

2220 3138 2441 3178 necesse
2468 3125 2555 3190 sit,
2589 3142 2863 3196 nunquam
2911 3127 3174 3198 regularis
3200 3129 3324 3183 vita:
3349 3130 3664 3186 observatio
3689 3147 3809 3185 mu-

2147 3205 2192 3267 C
2227 3223 2396 3282 tetur;
2436 3233 2535 3273 nec
2561 3219 2838 3274 tribulatio
2867 3221 3111 3290 corporis
3144 3223 3309 3276 animi
3337 3221 3527 3294 fatiget
3555 3234 3810 3279 constan-

2225 3307 2376 3360 tiam.
2411 3306 2526 3363 Nox
2562 3318 2618 3363 et
2645 3311 2760 3365 dies
2803 3311 2951 3366 vices
2979 3327 3105 3367 suas
3148 3323 3431 3384 peragunt.
3476 3314 3644 3370 Maris
3683 3325 3811 3370 tem-

2223 3412 2408 3473 pestas
2449 3405 2758 3460 serenitatis
2800 3406 3188 3476 tranquillitate
3214 3407 3516 3479 mitigatur.
3549 3408 3660 3464 Nec
3691 3425 3810 3480 per—

2222 3506 2381 3566 petua
2417 3499 2751 3568 prosperitas
2797 3498 2850 3552 in
2898 3499 3001 3554 hoc
3039 3501 3295 3568 praesenti
3340 3500 3537 3555 saeculo
3581 3502 3813 3557 inveniri

2222 3587 2387 3653 valet,
2425 3589 2554 3657 quia
2591 3590 2645 3644 in
2687 3591 2879 3648 exsilio
2925 3608 3132 3658 sumus,
3181 3602 3236 3648 et
3267 3595 3336 3647 ad
3381 3594 3612 3649 laborem
3644 3598 3815 3650 nasci-

2223 3695 2342 3732 mur
2369 3679 2511 3748 (Job.
2542 3695 2597 3745 v,
2621 3680 2700 3752 7).
2733 3681 2799 3735 Et
2824 3682 2962 3737 sicut
2986 3683 3194 3755 ﬂagella
3219 3683 3454 3741 infantes
3472 3687 3735 3743 erudiunt
3749 3689 3814 3743 ad

2223 3767 2536 3823 discendum
2563 3771 2842 3840 sapientia:
2863 3772 3044 3836 decus,
3069 3773 3156 3828 vel
3182 3774 3340 3830 bonis
3361 3791 3682 3833 assuescere
3705 3795 3816 3834 mo-

2224 3859 2394 3917 ribus.
2426 3861 2517 3925 ita
2541 3869 2597 3914 et
2619 3876 2718 3916 nos
2745 3861 3021 3919 laboribus
3057 3873 3113 3919 et
3155 3864 3432 3920 doloribus
3457 3867 3816 3922 admonemur

2223 3951 2292 4004 ad
2336 3957 2606 4020 perpetuae
2653 3951 3004 4008 beatitudinis
3051 3969 3346 4024 properare
3392 3955 3653 4024 quietem,
3700 3971 3816 4026 quae

2222 4040 2368 4094 nullo
2410 4039 2596 4094 dolore
2623 4041 2708 4096 vel
2747 4042 2932 4098 labore
2959 4043 3218 4109 fuscatur,
3250 4045 3398 4100 nullo
3429 4045 3534 4101 ﬁne
3557 4048 3817 4101 termina-

2223 4139 2330 4196 tur,
2375 4132 2468 4186 sed
2509 4140 2767 4201 perpetua
2803 4133 3141 4203 jucunditate
3187 4146 3244 4191 et
3295 4136 3557 4192 felicitate
3605 4138 3817 4192 stabilis

2222 4230 2504 4294 permanet
2530 4224 2584 4277 in
2613 4233 2893 4281 aeternum.
2925 4226 3006 4282 Ad
3035 4227 3176 4282 hanc
3205 4227 3610 4298 adipiscendam
3637 4230 3819 4284 nullus

2222 4326 2461 4373 vestram
2491 4326 2735 4373 sanctam
2763 4318 3118 4374 intentionem
3145 4320 3422 4374 deterreat
3455 4321 3612 4376 labor
3658 4321 3817 4393 ιω

2223 4409 2386 4464 nullm
2424 4408 2584 4478 hujus
2617 4410 2799 4465 saeculi
2851 4410 3124 4467 blanditiae
3171 4413 3488 4479 retrahant;
3549 4413 3643 4467 sed
3691 4412 3818 4468 forti

2225 4498 2426 4563 animo,
2455 4497 2649 4553 fratres
2677 4499 3007 4566 charissimi,
3038 4509 3231 4566 estote,
3260 4503 3316 4556 in
3345 4504 3486 4557 omni
3512 4519 3666 4573 apere
3685 4503 3819 4558 bona

2226 4587 2453 4652 stabiles,
2479 4590 2716 4653 scientes,
2743 4591 2879 4659 quod
2896 4589 3045 4644 labor
3064 4601 3227 4645 vester
3248 4609 3352 4646 non
3381 4603 3454 4646 est
3477 4593 3652 4647 inanis
3677 4592 3819 4662 apud

2226 4679 2397 4734 Deum
2428 4680 2478 4750 (Ι
2513 4679 2633 4735 Cor.
2659 4696 2750 4746 xv,
2781 4681 2890 4751 58),
2919 4692 2974 4736 et
3004 4684 3095 4752 qui
3125 4684 3245 4753 plus
3269 4684 3494 4750 laborat,
3526 4685 3649 4756 plus
3677 4701 3820 4740 mer—

2229 4773 2376 4828 cedis
2402 4773 2647 4842 accipiet.
2678 4771 2934 4826 Dominus
2957 4773 3118 4838 Deus,
3156 4775 3247 4842 qui
3273 4790 3369 4829 vos
3396 4775 3450 4829 in
3480 4775 3640 4830 unius
3661 4777 3824 4831 ovilis

2229 4868 2494 4922 charitate
2541 4866 2918 4936 congregavit,
2970 4874 3170 4921 aeterna
3237 4867 3614 4922 benedictione
3675 4869 3822 4924 intra

2229 4962 2429 5014 mmnia
2459 4959 2737 5014 catholicae
2771 4958 2914 5021 ﬁdei,
2951 4966 3006 5012 et
3037 4965 3238 5013 sanctae
3275 4959 3561 5014 charitatis
3601 4960 3825 5015 divitias

2233 5051 2286 5104 in
2322 5050 2480 5105 bonis
2507 5051 2762 5119 Operibus
2789 5048 3068 5116 adjuvare,
3103 5049 3599 5119 perpetualiterque
3639 5059 3825 5106 custo—

2233 5145 2349 5198 dire
2377 5145 2642 5212 dignetur,
2678 5143 2892 5197 Domini
2916 5150 3118 5210 patres,
3151 5141 3348 5197 fratres
3383 5150 3438 5198 et
3463 5141 3559 5196 ﬁlii
3608 5143 3826 5198 deside«

2238 5237 2553 5301 rantissimi,
2578 5244 2740 5306 atque
2765 5234 2872 5290 mei
2898 5234 3064 5289 animi
3085 5235 3349 5290 charitate
3373 5235 3694 5291 dulcissimi.

2234 5428 2396 5484 quam
2419 5412 2588 5484 videri
2624 5415 2820 5484 possit.
2851 5412 2924 5466 At
2948 5413 3088 5468 enim
3111 5428 3175 5467 eo
3209 5429 3350 5468 anno
3373 5430 3490 5484 non
3507 5414 3575 5468 ad
3601 5421 3822 5483 portqu

2234 5482 2430 5553 quietis
2455 5483 2714 5538 Alcuinus
2742 5482 3002 5552 deiectus,
3047 5484 3138 5538 sed
3168 5483 3234 5536 ad
3265 5499 3432 5539 novos
3480 5482 3697 5538 labores
3729 5497 3822 5539 vo.

2236 5563 2388 5607 catus
2433 5565 2532 5608 est.
2589 5554 2757 5621 Quam
2813 5556 2882 5610 ob
2909 5569 3130 5609 causam
3161 5554 3460 5609 consultius
3488 5554 3665 5608 visum
3697 5553 3819 5616 fuit,

2235 5623 2515 5694 epistolam
2551 5634 2866 5693 praesentem
2900 5624 3045 5695 nullo
3066 5632 3217 5680 certo
3241 5639 3383 5679 anno
3410 5624 3647 5695 affigere,
3671 5625 3822 5695 prio:

2238 5691 2386 5767 ribus
2423 5691 2602 5750 tamen
2651 5696 2793 5767 illam
2843 5691 3170 5767 conjungere
3217 5691 3524 5752 consultum
3569 5691 3724 5762 duxi,
3753 5693 3820 5750 ad

2234 5765 2452 5821 eosdem
2476 5766 2731 5821 exaratis.
