4056 6328
258 418 350 477 557

740 561 766 591 ι
793 548 1128 606 EPISTOLA
1156 548 1313 605 CX".

488 658 554 696 AD
581 657 822 697 I'RATRES
842 658 894 698 IN
933 656 1217 698 PROVINCIA
1263 657 1571 698 εοτιιοκωι.

794 731 974 805 (Anno
1009 730 1264 802 incerto.)

248 824 490 883 Errorens
537 823 733 895 refutat
771 839 951 895 eorum
974 823 1066 895 qui
1100 820 1284 895 nolunt
1312 822 1672 895 sacerdotibus
1700 840 1821 894 pec-

279 905 392 952 cata
415 893 692 965 conﬁteri;
729 903 777 949 et
818 893 1160 963 confessionis
1187 893 1539 947 necessitatem
1571 893 1781 949 astruit.

308 982 685 1067 Dilectissimis
707 1008 841 1063 viris
860 1006 1121 1063 fratribus
1149 1015 1204 1062 et
1236 1008 1483 1077 patribus
1509 1008 1564 1063 in
1596 1010 1822 1079 provin-

242 1102 319 1158 cia
350 1102 377 1141 δ
407 1100 735 1166 Gothorum,
777 1099 997 1155 humilis
1025 1099 1282 1156 Ecclesiae
1324 1100 1523 1157 Christi
1551 1118 1818 1160 vernacu-

240 1194 317 1249 lus
342 1191 857 1249 Albinus‘diaconus
885 1192 1137 1248 salutem.

301 1286 546 1341 Plurima
589 1295 786 1342 vestrae
833 1287 1144 1353 sagacitatis
1179 1297 1237 1345 et
1258 1288 1533 1359 religionis
1582 1289 1701 1345 laus
1721 1304 1820 1345 no-

236 1379 357 1435 stris
381 1380 582 1450 smpius
630 1379 869 1434 insonuit
914 1379 1155 1445 auribus,
1181 1394 1275 1434 seu
1315 1389 1538 1451 propter
1558 1381 1818 1437 sacratis-

235 1472 423 1527 simam
453 1472 840 1528 monachorum
891 1472 1082 1534 vitam,
1110 1486 1205 1527 seu
1246 1480 1469 1543 propter
1506 1472 1818 1543 religiosam

231 1562 493 1621 laicorum
516 1565 981 1620 conversationem
1008 1583 1020 1617 :
1055 1565 1183 1620 dum
1212 1565 1289 1620 illi
1320 1566 1389 1620 ab
1409 1558 1557 1620 omni
1586 1567 1816 1637 strepitu

230 1656 505 1713 saecularis
553 1656 939 1725 inquietudinis
975 1654 1074 1711 soli
1126 1656 1237 1712 Deo
1260 1671 1454 1711 vacare
1485 1656 1814 1726 desiderant,

230 1756 280 1806 et
301 1750 392 1805 isti
429 1748 575 1804 inter
598 1748 900 1803 mundanas
925 1749 1311 1819 occupationes
1356 1749 1716 1805 castissimam
1736 1750 1817 1804 vi-

228 1851 333 1897 tam
399 1841 708 1897 rationabili
765 1841 1198 1896 consideratione
1274 1842 1470 1912 degere
1537 1842 1811 1898 dicuntur.

228 1933 387 2006 [Quid
429 1934 531 1988 hac
590 1932 844 1988 fraternae
892 1933 1175 1988 charitatis
1222 1933 1592 1989 vicissitudine
1620 1933 1815 2003 jucun-

225 2025 386 2080 dius?
410 2024 432 2098 ]
467 2025 546 2079 Illi
589 2025 918 2095 quotidianis
942 2040 1071 2079 suos
1094 2025 1429 2080 contribules
1475 2025 1815 2081 orationibus

221 2115 480 2185 adjuvare
504 2133 613 2173 non
643 2117 908 2173 desistunt
932 2137 945 2172 :
977 2118 1064 2173 isti
1097 2119 1489 2175 intercessores
1519 2135 1648 2175 suos
1675 2134 1816 2190 prae-

219 2210 393 2265 sentis
420 2211 542 2264 vitae
590 2209 795 2265 solatiis
825 2217 1132 2266 sustentare
1179 2212 1416 2282 gestiunt
1447 2228 1460 2265 :
1495 2212 1639 2280 quod
1664 2212 1815 2281 quis-

215 2316 323 2373 que
345 2303 581 2375 gratiam
607 2303 1017 2358 benedictionis
1041 2303 1143 2358 sibi
1169 2317 1200 2356 a
1230 2303 1342 2358 Deo
1371 2303 1551 2357 datam
1579 2303 1634 2358 in
1651 2304 1815 2358 alter-

213 2401 406 2446 utrum
446 2392 717 2447 refundat.
771 2392 925 2447 Unde
947 2399 1001 2446 et
1029 2407 1127 2447 nos
1170 2399 1365 2448 vestrae
1387 2393 1606 2462 pietatis
1629 2407 1814 2448 exem-

208 2485 322 2556 plis
367 2485 564 2549 edocti,
606 2485 777 2539 nostri
826 2484 1025 2554 navigii
1082 2498 1301 2539 cursum
1346 2485 1683 2540 orationibus
1713 2500 1811 2539 ve-

208 2586 347 2633 strae
393 2576 695 2631 sanctitatis
731 2576 799 2631 ad
846 2584 1062 2648 portum
1096 2583 1368 2646 perpetuae
1418 2576 1617 2647 quietis
1650 2576 1810 2648 dirigi

209 2682 527 2739 precamur.

280 2756 398 2812 Nos
424 2773 640 2828 quoque
680 2766 869 2813 mutuo
915 2758 1200 2813 charitatis
1226 2757 1404 2813 ofﬁcio
1453 2767 1649 2815 vestra:
1682 2775 1809 2815 san-

210 2848 388 2905 ctitati
420 2847 781 2919 aliquantulas
815 2847 919 2918 piae
962 2847 1347 2903 admonitionis
1378 2847 1648 2904 litterulas
1676 2848 1809 2903 diri-

211 2958 338 3015 gere
375 2942 711 3007 curavimus,
769 2949 994 3015 propter
1053 2941 1314 3011 quasdam
1364 2941 1802 3006 consuetudines,

212 3049 329 3104 qua:
378 3035 584 3089 vestris
622 3033 881 3089 inoluisse
926 3031 1175 3088 feruntur
1225 3033 1558 3104 regionibus.
1599 3034 1806 3089 Dicitur

212 3142 337 3182 vero
363 3127 643 3181 neminem
671 3141 739 3181 ex
780 3126 935 3181 laicis
986 3141 1140 3181 suam
1188 3126 1325 3181 velle
1357 3136 1379 3164 ο
1408 3124 1802 3182 confessionem

212 3218 590 3274 sacerdotibus
624 3218 775 3282 dare,
826 3232 962 3287 quos
989 3232 1020 3271 a
1063 3216 1173 3272 Deo
1201 3216 1420 3272 Christo
1444 3233 1567 3273 cum
1598 3218 1802 3274 sanctis

211 3310 473 3379 apostolis
519 3310 719 3379 ligandi
756 3308 1104 3378 solvendique
1159 3316 1484 3379 potestatem
1528 3311 1803 3380 accepisse

210 3400 486 3456 credimus
548 3399 765 3472 (Matth.
797 3415 913 3467 ινι,
946 3399 1030 3466 19,
1068 3408 1118 3455 et
1139 3415 1298 3465 xvm,
1329 3398 1439 3470 18).
1477 3398 1618 3466 Quid
1647 3401 1806 3456 solvit

211 3492 567 3549 sacerdotalis
633 3499 878 3562 potestas
901 3533 917 3558 ,
963 3492 1009 3547 si
1064 3491 1277 3547 vincula
1329 3507 1438 3547 non
1496 3493 1806 3548 considerat

210 3583 394 3653 ligati?
436 3582 745 3638 Cessabunt
787 3597 950 3652 opera
976 3582 1189 3647 medici,
1222 3582 1266 3637 si
1300 3582 1523 3637 vulnera
1578 3599 1685 3638 non
1716 3599 1804 3639 os-

211 3682 439 3735 tendunt
470 3678 627 3753 [Cod.
658 3678 802 3744 Sal.,
838 3678 1219 3752 ostenduntur]
1249 3681 1459 3751 mgroti.
1497 3679 1555 3735 Si
1575 3681 1802 3737 vulnera

210 3775 457 3845 corporis
484 3772 718 3829 carnalis
756 3772 951 3827 medici
980 3787 1174 3827 manus
1206 3782 1540 3844 exspectant,
1598 3783 1802 3844 quanto

209 3865 369 3936 magis
399 3863 632 3917 vulnera
662 3862 857 3916 animae
890 3862 1147 3932 spiritalis
1182 3862 1377 3918 medici
1412 3863 1604 3919 solatia
1632 3864 1801 3935 depo-

208 3966 355 4011 scunt
377 3957 404 4010 ?
438 3955 553 4009 Deo
581 3954 683 4019 vis,
713 3970 746 4007 o
776 3954 958 4019 homo,
990 3954 1260 4019 conﬁteri,
1291 3969 1453 4025 quem
1493 3956 1681 4012 nolens
1711 3971 1802 4011 vo-

208 4048 316 4105 lens
363 4050 546 4104 latere
596 4062 705 4102 non
757 4046 1002 4116 poteris:
1041 4046 1299 4102 Ecclesiae
1354 4045 1579 4113 Christi,
1608 4048 1663 4102 in
1692 4062 1799 4118 qua

209 4142 470 4211 peccasti,
503 4139 820 4195 satisfacere
853 4139 1099 4211 negligis.
1131 4139 1242 4195 Cur
1284 4140 1398 4211 ipse
1443 4140 1693 4197 Christus
1722 4142 1800 4196 le-

210 4250 445 4303 prosum,
480 4248 663 4313 quem‘
688 4231 986 4295 mundavit,
1042 4231 1414 4286 sacerdotibus
1441 4248 1499 4287 se
1519 4231 1684 4301 jussit
1710 4248 1799 4289 os-

210 4327 425 4383 tendere
469 4323 686 4397 (Matth.
719 4338 837 4388 vm,
863 4321 970 4393 4)?
1019 4320 1130 4377 Cur
1171 4321 1438 4377 Lazarum
1486 4322 1799 4393 quatridua-

211 4434 326 4474 num
356 4417 745 4475 resuscitatum
771 4413 907 4469 alios
934 4412 1322 4481 solverejussit
1347 4415 1529 4487 (Joan.
1560 4432 1636 4482 xl,
1660 4415 1799 4488 44)?

211 4509 456 4582 Nunquid
488 4525 594 4563 non
632 4507 981 4562 fasciamenta
1032 4505 1232 4560 mortui
1280 4507 1469 4561 eodem
1500 4506 1665 4563 verbo
1690 4507 1797 4563 sol-

210 4620 326 4661 vere
350 4610 594 4677 poterat,
621 4617 728 4672 quo
751 4608 1024 4653 mortuum
1056 4598 1180 4652 vita:
1207 4598 1474 4654 redditum
1508 4598 1576 4655 de
1617 4601 1797 4672 sepul-

211 4711 295 4753 cro
320 4696 543 4768 prodire
601 4693 809 4762 jussit?
856 4690 967 4746 Cur
1020 4691 1371 4760 interrogavit
1422 4708 1596 4750 caecos
1630 4697 1699 4750 ad
1734 4710 1793 4751 se

210 4790 523 4855 clamantes,
559 4787 685 4859 quid
714 4785 994 4840 voluissent
1021 4784 1235 4852 (Matth.
1266 4800 1360 4850 xx,
1381 4785 1473 4858 52)
1495 4787 1519 4841 ?
1543 4785 1629 4842 An
1650 4788 1795 4859 igno-

210 4895 325 4937 rare
343 4879 531 4937 cordis
570 4893 759 4935 eorum
793 4877 1124 4931 voluntatem
1179 4876 1373 4947 potuit,
1402 4878 1494 4947 qui
1548 4886 1792 4959 Qtatum

210 4968 382 5027 lumen
410 4971 589 5028 oculis
618 4969 832 5025 illorum
859 4967 1085 5024 reddere
1111 4968 1323 5023 valuit?
1358 4968 1524 5025 Forte
1549 4971 1594 5025 si
1622 4971 1793 5026 Deum

213 5062 393 5132 latere,
423 5065 568 5122 sicut
589 5063 862 5118 hominem
887 5063 1174 5132 potuisses,
1214 5076 1318 5117 nec
1343 5060 1455 5117 Deo
1483 5062 1605 5132 plus
1627 5079 1791 5134 quam

277 5234 303 5265 ι
334 5222 484 5279 Edit.
531 5218 785 5287 Quercet.
835 5216 940 5290 7i,
978 5216 1173 5290 Canis.
1216 5213 1287 5270 26
1333 5215 1610 5290 (Froben.
1638 5216 1787 5290 96);

212 5296 492 5350 emendata
523 5286 591 5347 ei
615 5290 736 5346 cod.
767 5304 871 5344 ms.
902 5288 1131 5351 Salisb.,
1156 5286 1209 5339 in
1250 5286 1357 5355 quo
1396 5288 1539 5341 hunc
1576 5286 1791 5343 titulum

214 5364 407 5421 habet:
444 5361 640 5418 Contra
681 5377 766 5415 eos
795 5359 885 5431 qui
924 5357 1106 5413 nolunt
1132 5356 1489 5411 sacerdotibus
1516 5357 1644 5411 dare
1668 5376 1792 5413 con-

237 5452 508 5489 εεειοηεπι.

215 5434 929 5569 Ῐεῗιὲηῶῒδταηιιϐθηίεἰυε
967 5500 1105 5555 hanc
1143 5512 1330 5553 vocem
1367 5498 1421 5569 in
1459 5514 1561 5553 ms.
1601 5513 1790 5555 corru-

212 5583 355 5644 ptam
385 5575 731 5638 existimans,
760 5572 862 5644 legi
890 5570 1001 5627 vult
1032 5569 1346 5644 Scotorum._
1370 5568 1479 5644 _Sed
1520 5570 1662 5624 nulla
1690 5580 1792 5644 _est

215 5638 349 5700 ratio
390 5661 495 5701 ms.
536 5638 868 5714 corrigendi,
915 5657 1037 5696 cum
1080 5647 1291 5714 constet
1319 5638 1621 5714 Alcuiuum
1655 5641 1788 5697 alias

212 5717 372 5799 etiam
399 5716 655 5799 epistolas
680 5709 746 5769 ad
773 5714 1069 5767 monachos
1093 5711 1302 5767 Gothiae
1342 5725 1434 5764 seu
1478 5709 1786 5780 Septiman-

213 5785 314 5842 nite
337 5785 639 5858 scripsisse.
796 5855 834 5858 _
912 5836 917 5843 .

282 5869 305 5896 ο
345 5853 753 5927 Con'fessionem.
795 5855 1204 5927 Egregiumest
1243 5854 1348 5927 hoc
1388 5853 1597 5908 Alcuini
1637 5856 1787 5910 testi-

215 5925 576 5998 monium‘pro
613 5926 951 5981 confessione
990 5925 1277 5979 auriculari
1310 5934 1495 5979 contra
1538 5927 1779 5980 moderni

1667 424 2049 483 EPISTOLIE.

1854 553 1905 609 Α
1929 547 2132 603 homini
2167 548 2417 606 conﬁteri
2443 549 2723 609 voluisses.
2760 551 3041 625 Superbia:
3065 555 3169 612 hoc
3198 574 3368 630 genus
3389 578 3513 622 esse

3405 447 3514 503 338

1929 639 2145 695 videtur
2165 642 2501 698 sacerdotem
2520 640 2759 711 iudicem
2790 645 3084 716 despicere.

1930 752 2089 827 lu
2118 753 2176 810 Si
2221 753 2361 811 dicis
2390 773 2403 810 :
2440 756 2647 812 Bonum
2691 767 2765 812 est
2818 760 3054 829 conﬁteri
3082 761 3309 820 Domino
3337 765 3514 840 (Psal.

1924 861 2029 909 xcr,
2070 845 2127 916 2)
2158 861 2174 900 :
2205 848 2302 903 sed
2330 847 2533 903 bonum
2576 857 2662 905 est
2688 848 2849 920 hujus
2888 852 3242 913 confessionis
3266 865 3321 914 te
3347 859 3521 917 habe-

1926 954 1986 993 re
2010 946 2225 995 testem.
2284 940 2437 997 Licet
2464 941 2491 982 d
2532 959 2639 999 non
2680 959 2897 1016 semper
2941 947 3210 1005 confessio
3244 953 3516 1023 poeniten-

1922 1032 2055 1087 tiam
2081 1033 2370 1104 signiﬁcet,
2394 1034 2489 1091 sed
2516 1037 2815 1106 saepissime
2862 1037 3099 1106 laudem,
3150 1050 3212 1097 ut
3253 1044 3309 1100 in
3337 1046 3517 1104 Evan—

1921 1124 2060 1197 gelia
2088 1125 2204 1195 ipsa
2228 1126 2442 1182 Veritas
2471 1128 2607 1183 dixit
2633 1147 2647 1183 :
2676 1126 2945 1201 Conﬁteor
2967 1132 3081 1199 tibi,
3109 1133 3274 1191 Pater
3308 1138 3424 1194 caeli
3463 1149 3516 1196 et

1919 1227 2077 1275 terra:
2098 1219 2316 1305 (Matth.
2344 1238 2418 1288 xl,
2443 1220 2559 1295 25),
2591 1224 2648 1280 id
2689 1234 2795 1291 est,
2825 1225 2989 1284 laudo
3018 1238 3102 1295 te,-
3117 1229 3280 1288 Pater
3308 1234 3434 1293 caeli
3457 1244 3515 1294 et

1920 1321 2101 1369 terra}.
2151 1315 2221 1372 Et
2256 1316 2309 1371 in
2336 1316 2593 1389 Symbolo
2639 1318 2880 1376 dicitur:
2917 1322 3183 1396 Confiteor
3218 1346 3382 1385 unum
3424 1332 3516 1388 ba-
3542 1386 3560 1405 δ

1918 1410 2110 1479 ptisma
2147 1418 2202 1466 et
2247 1420 2462 1476 caetera,
2514 1428 2635 1483 quae
2682 1425 2982 1485 sequuntur
3026 1420 3093 1474 ad
3143 1421 3287 1478 idem
3340 1425 3515 1496 respi-

1920 1500 2119 1558 cientia
2154 1504 2379 1559 verbum
2408 1519 2423 1559 :
2453 1506 2594 1575 quod
2624 1509 2870 1575 verbum,
2918 1509 2972 1565 id
3010 1519 3113 1579 est,
3155 1514 3428 1586 conﬁteor,
3456 1517 3516 1573 ἧι

1918 1588 2022 1645 hoc
2045 1590 2164 1647 loco
2207 1592 2604 1649 confessionem
2659 1596 2803 1661 ﬁdei,
2831 1613 2937 1654 non
2981 1613 3326 1670 peccatorum
3369 1605 3515 1663 desi-

1919 1685 2070 1747 gnat.
2107 1678 2400 1735 Erubescis
2429 1681 2637 1758 homini
2668 1682 2721 1736 in
2752 1684 2980 1740 salutem
3014 1694 3163 1742 tuam
3204 1695 3512 1761 ostendere,

1918 1767 2060 1837 quod
2081 1785 2189 1825 non
2209 1772 2491 1828 erubescis
2512 1789 2636 1828 cum
2657 1773 2877 1831 homine
2899 1778 2953 1831 in
2978 1780 3336 1850 perditionem
3360 1791 3509 1840 tuam

1916 1862 2276 1930 perpetrare?
2301 1862 2566 1919 Ancillam
2596 1873 2744 1921 tuam
2777 1868 3078 1938 iniquitatis
3105 1881 3211 1928 tuae
3233 1876 3506 1931 consciam

1915 1951 1999 2007 vis
2048 1953 2269 2021 habere,
2322 1964 2378 2010 et
2424 1958 2761 2013 sacerdotem
2805 1959 3007 2017 Christi
3058 1958 3513 2023 reconciliationis

1914 2050 2021 2099 tua:
2057 2060 2166 2100 non
2207 2046 2294 2103 vis
2321 2047 2524 2104 habere
2564 2049 2864 2120 adiutorem
2887 2053 2910 2106 Ῥ
2936 2054 3041 2110 Per
3082 2056 3360 2114 inimicum
3391 2074 3515 2115 cor—

1914 2136 2093 2203 ruisti,
2121 2145 2176 2192 et
2198 2155 2309 2194 non
2365 2141 2449 2196 vis
2496 2157 2596 2213 per
2639 2144 2875 2199 amicum
2919 2150 3244 2219 resurgere?
3278 2149 3507 2211 Multum

1912 2224 2182 2283 offendisti
2211 2229 2499 2286 Dominum
2546 2240 2720 2298 tuum,
2763 2242 2818 2289 et
2840 2234 3002 2290 alium
3054 2253 3159 2293 non
3201 2239 3283 2294 vis
3309 2240 3512 2297 habere

1912 2320 2400 2388 reconciliatorem,
2430 2325 2534 2379 nisi
2558 2333 2611 2381 te
2657 2326 2880 2396 ipsum?
2909 2326 3150 2386 Conﬁdis
3182 2346 3282 2401 per
3307 2332 3509 2387 oratio-

1912 2423 2010 2493 ηεξ
2048 2417 2171 2465 tuas
2209 2412 2449 2468 salvari?
2500 2415 2724 2485 Spernis
2772 2419 3126 2488 apostolicum
3174 2432 3505 2493 praeceptum

2540 2470 2557 2485 I
2684 2470 2718 2472 "
2778 2470 3126 2488 "r""""‘"'
3176 2470 3503 2493 τ”υννιν“·”·

1913 2470 2142 2555 dicentis
2166 2516 2182 2555 :
2209 2500 2372 2559 Orate
2390 2522 2485 2576 pro
2510 2508 2746 2573 invicem,
2777 2518 2834 2563 ut
2853 2509 3157 2576 salvemini;
3188 2522 3245 2569 et
3268 2514 3465 2572 iterum
3488 2536 3503 2572 :

1917 2599 1942 2627 °
1982 2588 2046 2645 Si
2075 2592 2194 2661 quis
2240 2602 2481 2663 peccator
2507 2605 2604 2660 est,
2642 2607 2753 2651 oret
2796 2614 2891 2668 pro
2921 2615 2981 2653 eo
3016 2601 3285 2670 sacerdos,
3316 2613 3374 2657 ut
3400 2604 3510 2658 sal-

1913 2689 2077 2734 vetur.
2127 2681 2266 2749 Quid
2294 2685 2362 2739 ad
2397 2686 2516 2740 haec
2564 2685 2773 2754 dicitis,
2803 2704 2926 2759 quae
2950 2691 3005 2745 in
3055 2694 3246 2748 eadem
3276 2694 3506 2765 epistola

1914 2771 2204 2841 leguntur:
2246 2774 2582 2845 Conﬁtemini
2608 2778 2917 2834 alterutrum
2938 2793 3153 2853 peccata
3182 2778 3502 2857 κατωμα-

1910 2864 2023 2918 cob.
2054 2880 2106 2929 v,
2135 2864 2221 2929 l4,
2247 2865 2470 2941 15,16),
2508 2875 2568 2921 ιιι
2590 2869 2873 2925 deleantur
2892 2873 3088 2929 delicta
3113 2883 3294 2931 vestra
3315 2876 3341 2931 ?
3361 2876 3505 2945 Quid

1908 2963 2009 3019 est,
2065 2956 2209 3025 quod
2262 2957 2442 3011 dixit:
2487 2958 2846 3016 alterutrum?
2898 2963 3002 3017 nisi
3053 2965 3216 3023 homo
3268 2968 3499 3035 homini,

1908 3061 2034 3103 reus
2061 3046 2251 3117 judici,
2280 3058 2516 3120 aegrotus
2545 3052 2803 3108 medico?
2829 3053 2949 3125 Ipsa
2981 3071 3199 3126 quoque
3223 3056 3502 3130 Sapientia

1905 3154 2004 3210 per
2051 3140 2394 3198 Salomonem
2443 3142 2623 3198 dixit:
2672 3142 2777 3211 Qui
2819 3146 3091 3203 abscondit
3129 3150 3326 3206 scelera
3378 3170 3498 3221 sua,

1830 3276 1876 3338 Ο
1910 3251 2013 3289 non
2043 3234 2300 3304 dirigetur
2359 3233 2541 3307 (Prov.
2572 3251 2767 3303 xxviii,
2810 3238 2938 3311 l3);
2976 3240 3031 3295 id
3078 3250 3183 3309 est,
3217 3259 3327 3299 non
3367 3245 3502 3301 diri-

1908 3333 2066 3397 getur
2086 3327 2141 3381 in
2168 3327 2312 3381 viam
2340 3328 2554 3394 salutis,
2581 3330 2672 3399 qui
2712 3339 2934 3400 peccata
2967 3348 3062 3387 sua
3092 3334 3273 3425 celape
3295 3336 3497 3393 studet.

1975 3438 2229 3508 Nunquid
2251 3439 2365 3495 Deo
2390 3441 2649 3496 abscondi
2675 3452 2902 3511 possunt
2926 3446 3132 3501 scelera
3162 3456 3372 3514 nostra,
3406 3450 3498 3520 qui

1904 3530 2085 3585 omnia
2132 3529 2299 3595 videt,
2357 3532 2509 3586 novit
2531 3540 2586 3586 et
2630 3534 2944 3590 considerat
2964 3535 3093 3593 ?-Ab
3121 3539 3344 3595 homine
3372 3555 3498 3610 pos-

1904 3635 2092 3675 sumus
2125 3621 2457 3676 abscondere
2496 3637 2616 3691 qua:
2644 3625 2873 3695 agimus,
2925 3637 2983 3682 at
3002 3643 3111 3683 non
3143 3628 3276 3686 Deo.
3305 3628 3497 3686 Nonne

1902 3712 2071 3766 David
2096 3721 2368 3781 praesente
2409 3712 2619 3769 Nathan
2669 3719 2955 3787 propheta,
3004 3720 3097 3790 qui
3140 3736 3199 3777 se
3237 3723 3498 3792 arguebat

1900 3816 2000 3871 pro
2023 3810 2247 3872 peccato
2268 3817 2368 3857 suo
2392 3803 2528 3858 dixit
2552 3822 2565 3859 :
2594 3803 2817 3861 Peccavi
2845 3807 3070 3864 Domino
3094 3808 3184 3883 (11
3232 3811 3361 3885 Reg.
3387 3830 3490 3880 xu,

1904 3891 2037 3964 15)?
2066 3893 2205 3950 Ecce
2231 3902 2415 3949 tantus
2440 3895 2528 3950 vir
2553 3903 2747 3951 testem
2783 3896 3143 3956 confessionis
3186 3917 3299 3958 sua:
3323 3904 3496 3960 voluit

1900 3983 2100 4039 habere
2148 3987 2491 4055 prophetam.
2560 3986 2629 4041 Et
2654 3988 2781 4057 quia
2842 4004 2951 4044 non
2989 3992 3206 4046 erubuit
3246 3994 3493 4050 conﬁteri

1900 4075 2046 4145 quod
2076 4075 2241 4144 impie
2291 4078 2478 4145 gessit,
2527 4077 2709 4131 statim
2764 4080 3013 4134 audivit:
3045 4080 3185 4137 Ecce
3229 4082 3491 4142 Dominus

1899 4163 2166 4217 transtulit
2202 4175 2473 4235 peccatum
2518 4175 2685 4221 tuum.
2730 4166 2946 4224 Homini
3001 4170 3258 4241 patefecit
3294 4174 3493 4233 vulnus

1899 4268 2077 4318 suum,
2109 4263 2166 4310 et
2202 4271 2233 4309 a
2260 4255 2371 4310 Deo
2398 4271 2523 4311 mox
2551 4258 2849 4313 remedium
2895 4261 3121 4331 accepit.
3177 4260 3316 4318 Nam
3343 4270 3400 4319 et
3433 4265 3491 4320 in

1898 4345 2141 4402 Levitico
2202 4348 2518 4420 saepissime,
2574 4348 2803 4406 Domino
2837 4354 3162 4422 mandante,
3235 4364 3492 4425 peccator

1898 4440 1967 4495 ad
2001 4440 2338 4497 sacerdotem
2362 4442 2601 4497 mittitur
2623 4458 2744 4498 cum
2778 4444 3018 4513 victima,
3064 4461 3230 4516 quam
3252 4446 3487 4505 offerens

1897 4531 2008 4586 Deo
2034 4540 2152 4586 oret
2173 4546 2273 4601 pro
2294 4548 2379 4597 eo,
2412 4539 2467 4587 et
2512 4533 2819 4589 dimittatur
2850 4534 2901 4590 ei
2948 4534 3092 4609 (Ιιευ.
3116 4553 3172 4604 v,
3203 4536 3315 4610 12).
3356 4537 3487 4606 Quae

1823 4641 1871 4699 υ
1897 4630 2024 4678 sunt
2059 4631 2257 4678 nostrae
2284 4624 2519 4679 victimae
2543 4641 2643 4695 pro
2671 4628 2928 4695 peccatis,
2975 4643 3007 4683 a
3041 4629 3198 4685 nobis
3237 4628 3489 4686 commis-

1897 4713 1991 4779 sis,
2028 4714 2133 4768 nisi
2195 4712 2462 4769 confessio
2521 4723 2869 4785 peccatorum
2913 4721 3273 4776 nostrorum?
3308 4721 3484 4790 Quam

1895 4819 2029 4874 pure
2057 4804 2169 4859 Deo
2194 4819 2293 4874 per
2339 4806 2675 4861 sacerdotem
2726 4807 2921 4862 offerre
2967 4809 3262 4880 debemus;
3296 4824 3484 4884 quate-

1894 4909 1998 4949 nus
2035 4895 2368 4950 orationibus
2428 4895 2588 4959 illius,
2636 4904 2835 4953 nostrae
2880 4898 3234 4958 confessionis
3279 4904 3483 4962 oblatio

1895 4983 2006 5040 Deo
2029 4985 2373 5055 acceptabilis
2405 4987 2519 5051 ﬁat,
2551 4993 2606 5041 et
2634 4988 3005 5061 remissionem
3047 4990 3116 5046 ab
3153 5006 3218 5046 eo
3246 4994 3482 5065 accipia-

1894 5091 2036 5144 mus,
2061 5077 2147 5130 cui
2169 5085 2242 5131 est
2267 5076 2590 5146 sacriﬁcium
2628 5078 2846 5148 spiritus
2891 5080 3293 5147 contabulatas,
3320 5090 3369 5137 et
3387 5098 3482 5140 cor

1893 5231 2057 5307 etiam
2084 5232 2347 5307 temporis
2372 5232 2676 5307 haereticos,
2707 5234 2800 5307 qui
2830 5234 2930 5291 soli
2959 5235 3070 5307 Deo
3098 5245 3318 5307 peccata
3347 5253 3478 5295 cou-

1893 5302 2034 5357 ﬁteri
2062 5301 2309 5358 sufficere
2336 5311 2602 5360 asserunt.
2638 5301 2845 5361 De—hac
2866 5322 2925 5363 re
2944 5301 3205 5363 Alcuinus
3224 5308 3352 5364 alibi
3375 5324 3477 5365 ste-

1890 5374 2049 5498 p‘ius,
2068 5381 2127 5426 ut
2158 5373 2211 5427 in
2240 5375 2481 5444 epistolis
2512 5375 2607 5440 15,
2639 5376 2710 5431 59
2738 5374 2905 5447 (nunc
2935 5376 3028 5443 14,
3056 5377 3181 5451 44),
3209 5388 3313 5435 etc.
3346 5380 3469 5437 Vid.

1945 5443 2091 5498 abill.
2120 5439 2279 5498 Praef.
2312 5447 2380 5498 ad
2409 5453 2542 5498 uart.
2575 5463 2593 5498 1
2622 5444 2759 5498 Suec.
2795 5464 2855 5498 ιιι
2883 5448 3105 5498 Bened.-
3132 5466 3255 5498 nan.
3284 5451 3338 5498 9.

1945 5443 2091 5521 a_bil_l_.
2120 5439 2289 5500 Praef:
2312 5447 2380 5502 ad
2408 5453 2542 5521 part.
2575 5439 2759 5521 ιβπερὶ
2795 5464 2855 5521 tu
2882 5439 3106 5521 Bened.,
3128 5439 3255 5521 pag.
3284 5451 3338 5506 9.

1959 5513 1984 5553 ἀ
2028 5514 2151 5590 Non
2178 5532 2390 5590 semper~
2401 5513 2656 5590 confessio
2684 5518 3040 5590 panitentiant
3065 5513 3349 5590 significat.
3393 5520 3472 5578 De

1887 5586 1990 5711 Eoo
2035 5584 2311 5656 eleganter
2357 5586 2416 5643 S.
2468 5584 2605 5657 Aug.
2654 5584 2819 5642 serm.
2873 5588 2940 5652 8,
2988 5590 3054 5644 de
3105 5584 3264 5647 Verb.
3310 5591 3467 5648 Dom.

1932 5672 2155 5711 ANISIUS.

1932 5672 2155 5711 ANISIUS.

1963 5740 1985 5766 ε
2025 5726 2085 5782 Si
2109 5728 2226 5798 quis
2251 5739 2489 5797 peccator
2512 5739 2586 5783 est
2610 5738 2854 5783 vestrum.
2885 5729 3016 5785 Illud
3043 5730 3103 5787 S.
3128 5730 3310 5789 Jacobi
3336 5752 3350 5789 :
3378 5733 3474 5792 In-

1884 5796 2130 5866 ﬁrmatur
2160 5796 2277 5874 quis
2306 5799 2368 5874 in
2396 5800 2565 5865 vobis,
2599 5808 2704 5874 etc.
2726 5842 2740 5864 ,
2775 5798 2842 5874 ad
2880 5801 3121 5874 animum
3161 5804 3468 5874 peccatoris

1886 5868 2356 5922 aceommoiiatitio
2385 5884 2541 5924 sensu
2573 5869 2740 5925 refert
2766 5871 3058 5942 eleganter.
3089 5868 3268 5929 Caius.
