4056 6328
520 386 626 447 359

1366 387 1424 440 Β.
1466 386 1524 440 F.
1566 384 1790 441 ALBINI
1838 386 1969 441 SEU
2010 381 2287 440 ALCUINI
2323 381 2607 439 OPERUM
2648 380 2824 438 PARS
2862 383 2901 437 Ι.

3690 385 3787 441 ’540

521 505 805 561 contritum
840 511 890 556 et
927 498 1259 557 humiliorem
1309 512 1412 557 nou
1454 505 1652 573 spernit
1703 499 1877 576 (Paul.
1910 519 1959 568 L,
1992 503 2102 575 19).
2134 502 2186 560 Α
2213 507 2261 552 el
2291 516 2466 553 coram
2498 509 2545 553 te
2573 500 2591 572 (
2616 500 2743 554 Luc.
2772 513 2870 565 xv,
2904 499 2969 555 18
2993 501 3032 572 ).
3078 500 3188 558 Sed
3228 500 3394 559 semel
3436 502 3700 558 sacerdoti
3739 505 3789 560 in

592 597 841 653 Christus
886 611 985 666 pro
1016 597 1221 650 nostris
1264 590 1556 651 Moribus
1603 596 1671 651 ab
1702 596 1939 650 inimicis
1963 595 2107 665 judi-

521 689 632 747 cari
660 690 713 744 tn
739 690 884 747 hunc
907 688 1167 743 mundum
1194 688 1360 753 venit,
1389 696 1450 743 ut
1492 702 1594 743 nos
1619 689 1914 757 redimeret
1935 704 1962 742 a
1990 685 2107 743 dia-

519 781 629 837 boli
659 781 965 841 servitute:
1001 789 1057 836 et
1078 795 1176 836 nos
1205 780 1560 855 dedignamur
1589 795 1621 834 a
1657 780 1860 837 sanctis
1895 780 1992 834 Dei
2020 768 2106 835 Sa-

520 872 829 956 cerdotibus
847 869 1102 940 iudicari,
1134 879 1193 924 ut
1231 870 1523 951 liberemur
1552 886 1581 925 ιι
1606 871 1836 933 vinculis
1857 878 2107 939 peccato-

520 982 642 1022 rum
676 965 1034 1022 nostrorum?
1085 964 1177 1019 ille
1228 964 1435 1033 absque
1479 964 1627 1025 oumi
1660 971 1900 1034 peccato,
1933 962 2107 1019 homi-

518 1071 651 1113 num
672 1056 946 1121 assistere,
978 1065 1033 1110 et
1057 1056 1162 1110 hoc
1196 1040 1727 1125 impiorumdudicio
1756 1071 1865 1113 non
1889 1055 2099 1111 renuit:

522 1155 579 1219 et
613 1163 715 1219 nos
747 1162 871 1202 cum
898 1147 1085 1203 multis
1112 1148 1354 1219 peccatis
1382 1147 1658 1221 hominum
1680 1146 1904 1221 judicia,
1927 1147 2107 1202 ethoc

520 1246 852 1316 sanctorum,
892 1237 1076 1311 subire
1123 1237 1562 1313 contemnimus?
1610 1236 1795 1291 Nonne
1842 1238 1895 1316 in
1950 1250 2105 1292 sacro

518 1310 844 1410 baptismate
873 1310 1248 1409 sacerdotibus
1272 1327 1474 1384 Christi
1504 1336 1703 1383 nostra:
1744 1314 1867 1403 fidei
1895 1327 2107 1383 confes-

748 1402 810 1503 et
834 1402 1358 1499 abrenuntiationem
1400 1422 1615 1501 Satanm
1662 1421 1793 1501 dare
1824 1402 2099 1493 debemus,

516 1522 574 1592 et
597 1514 677 1570 sic
705 1514 1025 1587 sacerdotali
1049 1513 1371 1585 ministerio,
1404 1513 1583 1583 divina
1623 1520 1880 1584 operante
1904 1512 2103 1583 gratia,

517 1607 587 1662 ab
613 1607 868 1673 omnibus
896 1606 1041 1662 ablui
1076 1608 1362 1677 peccatis?
1390 1605 1501 1661 Cur
1522 1607 1685 1661 etiam
1710 1604 1839 1661 etin
1867 1604 2105 1659 secundo

406 1758 413 1765 ,
516 1701 851 1773 pauitantia:
880 1703 1230 1771 baptismate,
1264 1715 1364 1772 per
1404 1698 2103 1759 confessionemhumilita-

520 1792 591 1849 tis
615 1802 833 1858 nostrze,
859 1792 929 1847 ab
966 1774 1218 1848 omnibus
1262 1799 1382 1862 post
1402 1792 1636 1863 primum
1686 1791 1951 1861 baptisma
1979 1806 2102 1861 per-

2211 591 2499 658 praesentia
2527 590 2722 649 divina:
2750 591 2968 660 pietatis
2997 591 3268 648 confessio
3296 591 3543 649 facienda
3574 592 3787 651 sufﬁcit.

2213 678 2441 750 Semper
2474 689 2654 736 autem
2682 682 2911 737 Domino
2940 698 3064 747 cum
3092 683 3351 755 lacqmis
3376 692 3430 737 et
3459 683 3639 738 cordis
3671 701 3791 741 cou-

2214 773 2432 828 tritione
2458 771 2763 828 faciendam
2793 787 2915 831 esse
2936 775 3291 837 arbitramur.
3324 773 3510 839 Omnis
3540 776 3682 830 enim
3706 778 3797 848 qui

2209 862 2347 918 male
2376 867 2514 935 agit,
2543 866 2652 919 odit
2678 864 2844 920 lucem
2863 907 2877 931 ,
2906 874 2956 920 et
2982 878 3089 921 non
3112 869 3249 922 venit
3277 867 3347 921 ad
3375 865 3573 933 lucent,
3604 878 3664 922 ut
3692 885 3790 926 non

2208 966 2502 1027 arguantur
2529 975 2685 1030 opera
2710 960 2824 1030 ejus
2847 976 2865 1015 :
2892 960 2981 1031 qui
3004 968 3179 1015 autem
3221 960 3350 1030 facit
3377 944 3681 1026 ueritatem,
3714 978 3793 1017 ve-

2210 1048 2284 1124 nit
2314 1048 2383 1102 ad
2411 1048 2612 1116 lucem,
2654 1059 2710 1106 ut
2740 1051 3138 1121 manifestcntar
3179 1052 3296 1122 ejus
3341 1068 3533 1123 opera,
3573 1053 3703 1124 quia
3741 1054 3793 1110 ia

2208 1122 2318 1194 Deo
2345 1152 2465 1195 sunt
2496 1142 2638 1212 facta
2670 1143 2870 1216 (Joan.
2898 1160 2999 1210 ιιι,
3026 1143 3130 1210 20,
3158 1144 3222 1198 21

2280 1233 2390 1288 Vos
2418 1232 2602 1302 igitur,
2634 1235 2740 1289 viri
2768 1235 3000 1303 fratres,
3030 1236 3129 1305 ﬁlii
3156 1236 3295 1293 lucis
3322 1237 3457 1294 estis
3482 1246 3539 1295 et
3568 1255 3677 1296 non
3718 1248 3794 1295 te-

2207 1325 2498 1383 nebrarum
2525 1362 2541 1390 ,
2570 1326 2793 1397 populus
2822 1328 3185 1399 acquisitioaia
3209 1335 3265 1383 et
3290 1344 3399 1385 non
3436 1330 3792 1400 perditionis:

2207 1433 2331 1488 gena
2360 1427 2543 1473 sancta
2576 1419 2594 1490 (
2618 1417 2648 1471 I
2672 1418 2819 1474 Patr.
2849 1436 2911 1486 ιι,
2942 1418 3016 1491 9)
3047 1439 3059 1473 :
3089 1420 3291 1476 Christi
3321 1423 3584 1493 sanguine
3613 1425 3794 1495 acqui-

2207 1509 2331 1564 sita.
2365 1509 2642 1565 Ambulate
2668 1520 2726 1564 ut
2756 1510 2857 1580 ﬁlii
2883 1510 3017 1566 lucis
3041 1513 3098 1567 in
3125 1514 3269 1567 omni
3299 1514 3531 1585 bonitate
3560 1513 3793 1587 (Epltes.

2207 1616 2259 1667 v,
2287 1602 2341 1668 8,
2366 1600 2460 1673 9),
2496 1610 2550 1658 et
2584 1603 2818 1673 pietate,
2853 1610 2910 1657 et
2947 1604 3221 1667 castitate,
3263 1612 3523 1661 exuentes
3560 1615 3797 1662 veterem

2205 1692 2480 1749 hominem
2519 1709 2645 1749 cum
2686 1694 2925 1765 peccatis
2967 1694 3111 1760 suis,
3147 1701 3205 1765 et
3246 1695 3533 1753 induentes
3563 1713 3791 1773 novum,

2206 1785 2299 1854 qui
2328 1786 2622 1841 secundum
2648 1786 2816 1848 Deum
2841 1794 3059 1842 creatus
3085 1794 3170 1842 est
3196 1784 3431 1859 (Colon.
3458 1805 3518 1843 ιιι
3537 1829 3553 1854 ,
3579 1790 3612 1845 9
3633 1831 3649 1855 ,
3680 1790 3793 1865 1ο).

520 1883 679 1949 actis,
734 1883 924 1940 eadem
974 1883 1157 1938 divina
1200 1859 1495 1938 miserante
1542 1882 1737 1953 gratia,
1759 1859 2101 1949 sacerdotali
2129 1859 2177 1921 Β
2209 1876 2295 1937 Sit
2320 1878 2662 1935 conversatio
2690 1884 2869 1933 vestra
2897 1877 3135 1951 cmlestis
3168 1886 3223 1933 et
3270 1894 3376 1934 non
3412 1889 3650 1936 terrena.
3715 1859 3798 1937 Di-

521 1974 773 2033 similiter
797 1975 998 2030 auxilio
1028 1990 1134 2030 non
1161 1977 1417 2031 debemus
1440 1974 1647 2032 absolvi
1670 1974 1947 2045 peccatis?

588 2063 649 2120 Si
670 2074 897 2137 peccata
922 2065 1293 2122 sacerdotibus
1315 2083 1423 2122 non
1444 2074 1571 2122 sunt
1608 2066 1906 2137 prodenda,
1935 2079 2104 2134 quare

517 2154 578 2211 in
609 2168 635 2197 ι
674 2155 1110 2225 Sacramentario
1156 2161 1610 2216 reconciliationis
1663 2161 1938 2215 orationes
1970 2159 2104 2215 scri-

522 2252 811 2319 ptasunt?
846 2252 1123 2318 Quomodo
1148 2254 1405 2311 sacerdos
1434 2252 1766 2321 reconciliat,
1794 2267 1954 2323 quem
1976 2266 2105 2322 pec-

522 2354 648 2396 care
686 2356 796 2396 non
820 2343 1013 2397 novit?
1047 2342 1106 2397 Si
1128 2343 1389 2408 consiliis,
1406 2342 1564 2412 juxta
1593 2342 1956 2407 Sulmonem,
1992 2352 2103 2399 tra-

522 2434 717 2489 ctanda
742 2442 871 2489 sunt
897 2435 1037 2499 bella
1067 2434 1250 2505 (Prov.
1282 2452 1372 2503 xx,
1399 2435 1509 2507 18),
1539 2435 1682 2506 quali
1731 2436 1957 2492 audacia
1985 2424 2103 2491 side

521 2524 745 2587 oonsilio
766 2525 1255 2582 eoolesiasticorum
1277 2527 1481 2591 ducum
1520 2542 1761 2597 pugnare
1780 2544 1882 2584 nos
1911 2528 2103 2583 adver-

518 2628 613 2671 sus
640 2616 912 2673 diabolum
937 2618 1295 2675 conﬁdimus?
1321 2617 1457 2675 Item
1490 2620 1681 2675 eodem
1709 2619 1938 2684 dicente,
1971 2619 2104 2691 legi-

519 2721 642 2762 mus
673 2724 688 2761 :
734 2706 946 2773 Frater,
998 2711 1087 2779 qui
1116 2692 1402 2778 adiuvatur
1431 2727 1463 2764 α
1498 2710 1683 2781 fratre,
1722 2712 1876 2781 quasi
1917 2711 2102 2766 civitas

520 2799 680 2869 ﬁrma
706 2810 781 2855 eet
809 2800 992 2871 (Prov.
1017 2816 1172 2867 xviii,
1200 2802 1310 2872 l9).
1369 2802 1539 2869 Quem
1578 2786 1799 2873 adjuvat
1848 2804 2103 2859 sacerdos

518 2886 724 2955 Christi
750 2890 858 2945 dux
885 2891 1156 2951 exercitus
1185 2891 1283 2949 Dei
1306 2901 1366 2946 et
1392 2900 1572 2949 rector
1604 2900 1905 2947 castrorum
1936 2888 2100 2959 illius,

518 2978 564 3033 si
593 2979 774 3037 nullus
801 2981 869 3037 ab
895 2996 962 3039 eo
988 2996 1100 3038 sua:
1124 2982 1317 3039 salutis
1363 2982 1622 3041 auxilium
1647 2998 1891 3053 quaerere
1918 2984 2104 3054 digna-

518 3078 627 3139 tur,
673 3074 720 3128 si
744 3088 903 3141 nemo
932 3076 1144 3131 occulta
1175 3075 1454 3133 diabolica:
1480 3075 1687 3134 fraudis
1712 3079 1937 3135 vulnera
1954 3073 2101 3136 illius

516 3165 823 3235 mediciuaii
851 3168 1087 3223 dextera:
1113 3169 1395 3227 tractanda
1425 3170 1706 3225 ostendit?

592 3255 748 3328 [‘5
784 3259 1019 3331 inaniter
1044 3260 1229 3330 itaque
1252 3262 1428 3331 posita
1457 3271 1584 3318 sunt
1628 3262 1681 3318 in
1718 3262 1978 3323 Ecclesiis
2008 3280 2094 3321 re-

516 3347 713 3413 media,
729 3330 811 3401 et.
803 3351 1041 3421 synodali
1071 3330 1392 3409 auctoritate
1414 3354 1610 3411 litteris
1634 3357 1884 3412 mandata
1908 3365 2095 3414 contra

515 3442 695 3513 omnia
726 3426 1069 3513 peccatorum
1093 3432 1401 3530 nostrorum
1426 3448 1676 3527 vulnera,
1702 3465 1820 3519 quae
1846 3450 1930 3505 vel
1956 3452 2096 3537 anti-

515 3536 607 3605 qui
636 3536 808 3590 hostis
832 3524 1102 3618 versutia,
1134 3538 1220 3611 vel
1247 3522 1567 3618 negligentia
1593 3543 1969 3618 mandatorum
1998 3522 2094 3598 Dei

514 3626 831 3707 spiritaliter
855 3635 956 3709 aut
992 3613 1284 3685 carnaliter
1309 3613 1473 3688 inobis
1506 3614 1858 3703 infliguntur;
1888 3635 1938 3693 si
1986 3650 2094 3690 non

518 3706 604 3795 his
642 3718 733 3786 qui
771 3717 824 3769 in
855 3706 1100 3774 Ecclesia
1134 3708 1335 3797 Christi
1370 3725 1558 3801 statuti
1595 3733 1718 3779 sunt
1751 3727 1820 3782 ad
1856 3729 2095 3783 sananda

510 3805 733 3889 putrida
794 3804 1057 3865 scelerum
1114 3821 1421 3892 nostrorum
1476 3815 1694 3882 ulcera,
1760 3819 2087 3893 revelantur.

513 3893 847 3981 Cordeenim
875 3901 1133 3968 creditur,
1174 3904 1650 3983 dicitlAppstolus,
1691 3910 1761 3964 ad
1788 3900 2087 3981 justitiam,

512 4005 602 4073 pre
646 3998 817 4045 autem
862 3993 1117 4073 confessio
1159 3995 1227 4073 ﬁt.
1264 3994 1332 4050 ad
1365 3997 1586 4077 salutem
1629 4000 1826 4072 (Rom.
1857 4019 1887 4057 x
1911 4044 1927 4068 ,
1959 4004 2086 4076 10).

512 4081 629 4165 Non
656 4084 828 4167 solu’m
856 4088 1137 4159 catholica:
1164 4089 1321 4155 ﬁdei,
1350 4093 1444 4147 sed
1472 4095 1635 4150 etiam
1662 4112 1798 4167 pura
1841 4106 2090 4169 peccato~

513 4189 634 4230 rum
662 4176 931 4251 confessio
960 4178 1122 4252 [cum
1151 4183 1329 4255 cordis
1358 4188 1766 4256 compunclione
1790 4187 1809 4259 ]
1841 4191 1996 4245 nobis
2019 4192 2089 4247 ad

418 4302 421 4305 -
509 4265 755 4357 ξειιιιιεξιιιΔ
784 4268 997 4346 proﬁcit
1041 4273 1456 4341 sempiternam,
1498 4278 1712 4357 dicente
1758 4280 2084 4351 Scriptura:

511 4355 609 4431 Dic
626 4350 784 4431 prior
807 4359 1095 4439 injustitigs
1117 4373 1270 4432 tuas,
1298 4375 1353 4418 ut
1374 4366 1682 4436 justi/ieceris
1706 4350 1728 4442 ν(
1746 4350 2043 4430 Isaiam"
2067 4416 2082 4441 ,

507 4447 577 4525 Ωβ
602 4448 640 4519 ).
672 4450 739 4504 Et
768 4450 962 4506 iterum
990 4471 1001 4505 :
1033 4454 1217 4523 Justus
1241 4456 1297 4510 in
1320 4461 1575 4529 principio
1603 4474 1873 4519 accusator
1898 4478 1972 4522 est
2001 4472 2085 4524 sui

2206 1971 2358 2042 ligite
2382 1969 2683 2039 justitiam,
2712 1978 2770 2025 et
2792 1971 2919 2027 odio
2948 1971 3144 2027 habete
3169 1971 3533 2042 iniquitatem.
3562 1972 3669 2040 Qui
3719 1989 3797 2026 sa-

2206 2079 2310 2118 nus
2337 2071 2456 2127 est,
2488 2062 2743 2119 defendat
2778 2078 2838 2118 se
2871 2072 3027 2133 scuto
3056 2063 3212 2128 ﬁdei,
3246 2079 3313 2119 ne
3340 2063 3675 2120 clandestina
3707 2080 3797 2118 au-

2209 2156 2343 2226 tiqui
2370 2157 2544 2213 hostis
2570 2158 2765 2227 sagitta
2789 2173 2914 2232 eum
2944 2158 3231 2211 vulnerare
3259 2157 3436 2213 valeat
3462 2156 3683 2229 (Ep/tes.
3713 2174 3760 2211 vi
3778 2197 3794 2223 ,

2207 2247 2334 2318 16).
2383 2248 2440 2303 Si
2481 2250 2603 2319 quis
2644 2265 2771 2306 vero
2813 2257 3032 2320 propter
3068 2249 3415 2320 fragilitatem
3458 2250 3673 2327 carnis,
3716 2249 3794 2302 vel

2203 2350 2428 2411 propter
2484 2341 2863 2421 negligentiam
2910 2343 3412 2412 circumspectionis
3456 2341 3790 2415 vulneratur,

2205 2434 2367 2489 citius
2408 2435 2476 2490 ad
2518 2434 2877 2497 confessionis
2914 2434 3240 2519 medicinam
3282 2442 3558 2501 recurrat,
3591 2451 3661 2490 ne
3704 2450 3793 2515 per

2205 2525 2515 2603 illecebram
2556 2526 2713 2591 male
2756 2526 3161 2593 consuetudinis
3200 2527 3289 2581 vix
3316 2528 3583 2584 eradicari
3618 2528 3637 2601 [
3663 2528 3789 2583 Cod.

2207 2617 2345 2681 Sal.,
2381 2617 2702 2690 eradicare]
2742 2619 2919 2673 valeat
2952 2610 3251 2688 peccatum.
3295 2618 3431 2674 Tres
3467 2620 3616 2674 enim
3649 2636 3804 2695 mon-

2204 2719 2326 2769 tuos
2372 2711 2660 2767 Dominum
2706 2710 2888 2773 Iesum
2930 2711 3209 2769 Christum
3248 2712 3555 2784 evangelica
3604 2723 3792 2769 narrat

2205 2803 2435 2859 historia
2476 2803 2809 2861 Suscitasse:
2856 2804 3022 2861 ﬁliam
3067 2804 3496 2877 archisynagogi
3526 2807 3581 2875 in
3629 2806 3791 2862 domo

2204 2892 2444 2964 (illam,
2471 2907 2504 2948 ν
2523 2934 2538 2959 ,
2562 2894 2631 2950 '58
2654 2911 2762 2965 seq.
2787 2893 2844 2968 ),
2885 2893 3054 2973 filium
3072 2868 3684 2979 ,viduaa‘ext-ra'pbrtam
3714 2899 3789 2954 ci-

2200 2986 2388 3042 vitatis
2424 2986 2594 3057 (Luc.
2624 3002 2734 3061 vn,
2764 2987 2963 3058 licet].
2990 2987 3040 3061 ),
3064 2987 3341 3057 Lazarum
3367 2989 3790 3058 quatriduanum

2202 3077 2268 3137 de
2293 3086 2643 3133 monumento
2670 3077 2738 3133 ad
2764 3078 2930 3141 vitam
2960 3078 3174 3133 vocavit
3195 3075 3376 3151 (Joau.
3400 3078 3501 3151 ιι).
3529 3077 3634 3146 Qui
3665 3072 3803 3135 sunt

2204 3170 2262 3226 lii
2306 3178 2418 3226 tres
2455 3171 2687 3237 mortui,
2729 3170 2833 3227 nisi
2874 3170 2981 3226 tria
3022 3184 3221 3242 genera
3259 3172 3633 3242 peccantium,
3666 3188 3792 3245 quae

2201 3263 2362 3318 modo
2401 3263 2642 3332 quotidie
2688 3263 2869 3321 divina
2908 3262 3296 3319 conﬁtentibus
3342 3264 3607 3320 suscitare
3651 3266 3795 3321 solet

2199 3354 2404 3425 gratia?
2432 3353 2627 3410 Filiam
2654 3355 2880 3410 suscitat
2906 3354 2961 3409 in
2990 3355 3168 3420 domo,
3199 3356 3327 3410 dum
3352 3357 3789 3431 consentientem

2199 3447 2255 3503 in
2290 3447 2455 3503 corde
2498 3462 2755 3517 peccare,
2794 3456 3074 3503 revocata
3111 3449 3319 3518 peccati
3354 3451 3787 3525 perpetratione.

2197 3540 2395 3595 Filium
2424 3540 2599 3596 vidua:
2628 3548 2784 3598 extra
2822 3548 3032 3613 portam
3066 3542 3306 3605 civitatis
3347 3530 3608 3609 suseitat,
3652 3545 3791 3600 dum

2196 3640 2510 3698 peccantem
2561 3630 2698 3687 foris
2745 3632 2801 3687 in
2844 3646 3008 3702 opere
3050 3633 3119 3688 ad
3162 3635 3494 3704 pmnitentiac
3538 3636 3784 3692 medica-

2195 3730 2377 3778 menta
2405 3720 2695 3793 confugere
2723 3722 2872 3785 facit.
2914 3724 3190 3780 Fetcntem
3219 3741 3348 3781 vero
3385 3726 3443 3780 in
3481 3726 3622 3789 mala
3653 3744 3792 3799 con-

2195 3814 2477 3873 suetudine
2502 3815 2751 3884 peccati,
2797 3816 2924 3871 dum
2966 3814 3233 3899 lacrymas
3269 3818 3603 3887 poenitentia:
3634 3804 3791 3874 elicit

2192 3920 2261 3961 ex
2301 3906 2493 3969 corde,
2538 3906 2799 3972 suscitat,
2838 3914 2896 3964 et
2928 3921 2995 3973 ex
3041 3907 3406 3965 ecclesiastica
3452 3909 3791 3979 auctoritate

2193 3999 2401 4057 solvere
2439 4013 2563 4055 eum
2584 3998 2768 4067 jubet,
2816 4006 2877 4054 ut
2916 3999 3109 4069 dignus
3147 4001 3229 4071 sit
3257 4001 3638 4057 communione
3679 4002 3791 4058 Do—

2192 4091 2352 4155 mini,
2382 4098 2437 4146 et
2460 4091 2730 4162 particeps
2757 4092 2898 4147 sacri
2926 4091 3114 4148 altaris
3138 4091 3418 4150 efﬁciatur.

2262 4182 2389 4237 Hmc
2415 4184 2666 4254 cogitato,
2690 4182 2993 4239 charissimi
3018 4182 3233 4255 fratres,
3259 4193 3313 4239 et
3334 4185 3389 4239 in
3412 4184 3786 4261 qualicunque

2188 4276 2380 4335 harum
2419 4277 2583 4332 trium
2619 4278 2869 4335 mortium
2904 4291 3105 4348 genere
3143 4278 3190 4347 si
3228 4277 3586 4350 quisjaoeat,
3618 4280 3791 4337 citius

2188 4368 2256 4425 ad
2279 4367 2632 4425 confessionis
2659 4369 3035 4437 probatissima
3058 4369 3451 4433 medicamenta
3473 4371 3783 4444 confugiat,

2186 4460 2461 4516 salutifero
2486 4461 2817 4529 pmnltentim
2845 4475 2904 4516 se
2929 4460 3115 4517 abluat
3143 4463 3500 4518 medicamine
3528 4482 3539 4516 :
3570 4472 3631 4518 ut
3658 4481 3779 4521 non

509 4540 692 4615 (Prov,
724 4559 884 4613 xvut,
918 4544 1025 4617 17).
1058 4544 1115 4600 Si
1137 4545 1331 4619 justus,
1365 4560 1568 4619 quanto
1594 4555 1768 4623 magis
1794 4561 2080 4625 peccator?
2111 4576 2159 4639 Β
2184 4551 2251 4605 ad
2284 4549 2546 4619 judicium
2587 4551 2968 4618 damnationis,
2995 4551 3090 4607 sed
3117 4554 3184 4607 ad
3206 4554 3437 4608 salutem
3463 4554 3788 4611 sanctifica-

581 4633 639 4688 Si
664 4633 805 4690 forte
832 4637 966 4701 dicis
992 4652 1115 4705 cum
1142 4638 1425 4695 Psalmista
1452 4659 1466 4719 ξ
1498 4641 1621 4703 Dixi
1637 4684 1651 4709 ,
1676 4646 1958 4719 conﬁtebor
1984 4650 2078 4703 ad-

583 4681 639 4688 η-
664 4681 739 4689 -ν-
755 4681 803 4690 νη,
833 4681 965 4701 ,ηυξ-ι
995 4681 1115 4705 νυτ..
1142 4681 1166 4691 -
1187 4681 1425 4695 υ--ιιι-ιησι
1498 4681 1615 4703 unq-
1637 4684 1651 4709 ν
1676 4681 1946 4719 vyr’olucuva
1984 4681 2074 4703 uu-

508 4740 709 4801 versaa:
751 4743 829 4780 me
856 4727 1171 4798 injustitiam
1222 4748 1389 4786 meam
1446 4681 1672 4789 Domino
1700 4735 1886 4809 (Psal.
1914 4754 2042 4799 xui
2060 4781 2074 4806 ,

504 4818 600 4888 5).
644 4816 710 4872 Et
741 4833 841 4889 ego
870 4834 992 4874 cum
1019 4822 1209 4877 eodem
1246 4822 1420 4879 dicam
1449 4843 1461 4879 :
1495 4825 1759 4893 Quoniam
1794 4831 1968 4896 tacui,
1996 4833 2079 4888 in-

504 4917 853 4964 veteraverunt
880 4926 998 4965 ossa
1024 4929 1137 4965 mea
1165 4911 1329 4986 (Ibid.
1361 4932 1490 4970 vers.
1519 4917 1596 4990 5).
1630 4918 1698 4973 Et
1728 4919 1922 4976 iterum
1953 4938 2074 4978 cum

502 5002 607 5056 alio
626 5004 915 5074 propheta:
941 4992 1379 5077 Computruerunt
1391 5009 1632 5079 jumenta
1658 5013 1711 5066 in
1736 5022 1957 5069 stercore
1977 5033 2073 5070 suo

503 5092 671 5165 (Joel.
703 5112 756 5161 ι,
790 5095 906 5169 17).
937 5096 1075 5163 Quid
1109 5107 1188 5153 est
1221 5099 1446 5174 (autem)
1473 5101 1717 5171 jumenta
1748 5106 1799 5159 in
1832 5115 2072 5162 stercore

500 5198 599 5242 suo
617 5192 951 5258 putrescere,
978 5188 1080 5244 nisi
1101 5192 1418 5249 criminosus
1446 5206 1687 5265 quosque
1709 5197 1762 5251 in
1791 5199 2071 5268 putredine

498 5272 839 5353 peccatorum
879 5294 1097 5337 suorum
1134 5282 1360 5353 jacere?
1400 5282 1500 5352 Qui
1529 5287 1948 5357 peccat,jacet;
1980 5294 2070 5361 qui

497 5371 801 5437 confitetur,
818 5373 1158 5446 surgit[Cod.
1178 5364 1295 5431 Sal.
1323 5374 1547 5451 surget].
1574 5379 1673 5446 Qui
1700 5384 2068 5451 paenitentiam

495 5460 635 5533 agit,
683 5466 973 5521 revertitur
1019 5469 1086 5522 ad
1133 5477 1344 5538 patrem
1387 5483 1573 5537 suum,
1627 5474 1767 5529 sicut
1811 5476 2069 5548 prodigus

494 5549 637 5606 ﬁlius
658 5553 715 5617 in
738 5548 1029 5631 Evangelia
1053 5558 1250 5627 legitur
1278 5559 1507 5615 dixisse:
1539 5558 1786 5631 surgam,
1814 5574 1861 5619 et
1888 5566 1970 5620 ibo
1995 5568 2064 5622 ad

493 5649 694 5710 patrem
736 5660 940 5714 meum,
970 5658 1019 5703 et
1044 5649 1217 5703 dicam
1245 5652 1292 5704 ei
1322 5667 1341 5705 :
1366 5653 1547 5722 pater!
1567 5655 1771 5723 peccavi
1794 5656 1851 5710 in
1879 5655 2060 5711 caelum

2186 4640 2348 4697 tionis
2383 4642 2746 4707 communicet
2780 4658 3009 4713 corpore
3032 4652 3088 4711 et
3117 4645 3379 4715 sanguine
3410 4644 3625 4700 Domini
3668 4664 3780 4702 no~

2186 4733 2284 4788 stri
2311 4732 2440 4788 Jesu
2469 4733 2694 4790 Christi.
2722 4736 2791 4790 Et
2813 4752 2935 4801 cum
2961 4738 3256 4807 gratiarum
3297 4738 3511 4793 actione
3553 4752 3786 4809 semper

2186 4836 2542 4921 remennrate
2589 4830 2856 4898 quomodo
2902 4845 2995 4885 vos
3045 4831 3223 4889 divina
3274 4830 3650 4899 misericordia
3711 4832 3784 4887 de

2187 4928 2331 4977 terra
2363 4922 2708 4977 tenebrarum
2735 4928 2790 4977 et
2815 4921 3066 4993 frigoris,
3099 4923 3165 4978 de
3191 4923 3408 4993 regione
3436 4922 3784 4993 ignorantiae

2176 5021 2239 5071 et.
2260 5013 2591 5089 iniquitatis,
2628 5013 2906 5077 transtulit
2943 5014 2998 5069 in
3027 5014 3141 5070 loca
3181 5014 3320 5070 lucis
3345 5023 3400 5071 et
3440 5015 3644 5083 lmtitia:
3667 5057 3685 5080 ,
3721 5017 3784 5071 in

2174 5105 2523 5160 tabernacula
2548 5105 2888 5160 abundantia:
2910 5114 2965 5158 et
2983 5104 3207 5172 iustitia:
3232 5124 3244 5159 :
3274 5115 3329 5160 et
3353 5105 3517 5176 elegit
3541 5122 3637 5161 vos
3662 5108 3781 5163 sibi

2172 5196 2227 5251 in
2272 5188 2409 5251 ﬁlios
2448 5184 2649 5267 pietale
2695 5205 2950 5268 paterna,
2996 5207 3057 5251 ut
3094 5196 3195 5267 per
3232 5211 3332 5252 vos
3370 5202 3572 5255 nurum
3612 5198 3784 5254 illius

2175 5290 2455 5346 nuntietur
2479 5291 2533 5344 in
2560 5291 2824 5361 gentibus.
2854 5288 3155 5360 Sequimini
3187 5291 3416 5361 vestigia
3444 5296 3784 5346 sanctorum

2176 5381 2414 5448 Patrum,
2434 5392 2488 5438 et
2512 5385 2678 5439 nolite
2707 5385 2759 5439 in
2783 5387 3063 5441 catholicae
3095 5386 3217 5440 fidei
3245 5386 3558 5455 religionem
3589 5400 3783 5441 novas

2173 5477 2427 5533 inducere
2464 5486 2659 5534 sectas.
2705 5478 2902 5534 Cavete
2941 5480 3095 5534 vobis
3138 5490 3467 5533 venenosum
3508 5479 3783 5535 erratiae

2172 5566 2478 5625 infectionis
2506 5570 2828 5625 fermentum
2855 5585 2867 5623 :
2901 5569 2994 5625 sed
3022 5569 3079 5624 in
3108 5569 3418 5625 sinceritate
3446 5576 3501 5625 et
3526 5569 3785 5625 veritate

2169 5665 2548 5719 mundissimos
2575 5679 2745 5718 sacrae
2774 5663 2897 5719 ﬁdei
2925 5679 3094 5733 panes
3122 5664 3385 5720 comedim
3405 5704 3419 5718 .
3450 5663 3506 5719 et
3533 5660 3737 5718 vinum
3756 5703 3781 5733 ,

572 5768 1080 5866 f_Sa_crarnfii‘tario.
1124 5784 1204 5839 An
1253 5784 1310 5840 S.
1360 5784 1601 5858 Gregorii
1646 5787 1820 5859 Magni
1882 5789 2376 5851 Sacramentarium
2418 5796 2693 5866 intelligit,
2761 5796 2814 5850 iu
2880 5811 2986 5866 quo
3033 5795 3487 5852 reconciliationis
3550 5796 3779 5852 oratio-

495 5863 593 5907 nes
621 5852 876 5907 exstant?
902 5853 1085 5908 Canus.
