4056 6328
543 321 652 378 545

1419 321 1480 378 Β.
1512 323 1573 379 F.
1611 324 1839 380 ALBINI
1878 325 2010 382 SEU
2045 325 2322 384 ALCUINI
2360 328 2642 387 OPERUM
2681 333 2859 390 PARS
2895 336 2933 392 Ι.

3702 345 3808 400 δη

544 436 729 502 retris,
764 445 826 491 ut
864 437 1073 492 astimo
1092 477 1108 504 ,
1135 438 1400 507 exemptis
1425 438 1681 508 perﬁdia,
1710 439 1970 495 unitatem
1995 455 2122 495 san-
2151 447 2195 502 Α
2223 442 2478 500 Ecclesiis
2505 444 2728 500 Christi.
2762 447 2819 502 Si
2866 466 2926 504 ea
2955 451 3227 508 voluntate
3268 457 3432 511 vadas
3457 473 3562 527 qua
3589 459 3643 514 in
3670 459 3813 517 litte-

545 535 650 584 cta
675 536 730 582 et
760 511 1041 584 catholica
1083 530 1370 595 Ecclesia,
1407 537 1462 584 et
1501 530 1780 584 veritatem
1810 531 2129 587 universalis

547 620 675 678 ﬁdei
701 623 865 692 aliqui
895 624 1182 679 vulnerare
1208 623 1460 690 nitentes,
1493 625 1656 678 etiam
1683 633 1738 680 et
1765 627 2128 696 spurcissimis

548 726 795 768 errorum
827 711 1048 768 facibus
1072 713 1438 783 limpidissima
1465 714 1844 770 ecclesiastica
1882 715 2003 770 ﬁdei
2034 732 2130 788 po-

547 806 670 861 cula
697 806 962 871 inﬁciunt,
994 815 1046 862 et
1073 808 1311 878 nuptiale
1349 808 1567 875 vinum,
1596 812 1738 879 quod
1778 810 2026 866 Christus
2061 826 2127 865 ex

548 912 689 966 aqua
717 899 921 968 Virgini
951 898 1104 954 Matri
1134 896 1314 970 (Joan.
1347 916 1409 966 ιι,
1437 901 1616 970 5-9),
1648 902 1903 957 Ecclesia
1924 903 2130 958 scilicet

546 997 767 1055 sancta,
810 990 1096 1045 salubriter
1142 991 1438 1060 potandum
1488 993 1784 1058 convertit,
1833 994 2025 1048 iterum
2073 994 2127 1048 in

546 1096 716 1150 aquas
760 1083 1000 1136 stultitia
1029 1084 1272 1138 converti
1304 1091 1588 1161 conantur.
1621 1083 1728 1140 Sed
1771 1093 1922 1140 tuum
1953 1094 2066 1151 est,
2095 1102 2128 1141 0

545 1183 730 1243 pastor
753 1175 921 1230 electe
947 1177 1146 1246 gregis,
1167 1187 1223 1233 et
1247 1187 1430 1233 custos
1450 1188 1730 1248 portarum
1753 1179 1986 1234 civitatis
2008 1181 2124 1247 Dei,

544 1267 635 1334 qui
661 1268 864 1322 clavem
897 1269 1135 1324 scientia
1163 1280 1380 1340 potente
1417 1271 1636 1326 dextera
1671 1278 1847 1334 tenes,
1883 1281 1937 1327 et
1965 1273 2124 1342 quin-

540 1375 648 1428 que
671 1359 874 1428 lapides
891 1360 1292 1429 limpidissimos
1313 1363 1445 1417 lava
1471 1363 1742 1428 recondis,
1760 1363 2128 1432 blaspheman-

538 1458 622 1505 tes
648 1451 946 1505 exercitum
970 1452 1063 1506 Dei
1087 1453 1318 1507 viventis
1341 1452 1640 1510 Philistaos
1662 1455 1716 1508 in
1740 1456 2125 1524 superbissimo

534 1541 750 1598 Goliath
768 1561 874 1598 uno
890 1545 1135 1600 veritatis
1151 1547 1261 1600 ictu
1283 1555 1425 1601 totos
1441 1557 1722 1603 conterere
1747 1547 1798 1619 (1
1819 1547 1946 1619 Reg.
1965 1547 2120 1620 xvn).

538 1633 794 1691 Nostrum
824 1645 906 1691 est
933 1637 1156 1692 elevatis
1185 1653 1307 1692 cum
1336 1638 1518 1709 Moyse
1550 1641 1799 1695 manibus
1824 1641 1876 1694 in
1903 1640 2120 1704 calum,

2228 535 2304 588 ris
2333 536 2682 594 beatitudinis
2725 549 2828 594 tua
2875 540 3138 611 legebam,
3171 547 3373 615 optime
3417 549 3548 603 mihi
3599 549 3814 620 placere

2227 625 2422 692 fateor,
2445 629 2489 682 si
2512 637 2688 684 tamen
2715 631 2978 700 invenias,
2993 635 3086 705 qui
3105 645 3343 692 vestrum
3367 639 3568 696 bonum
3591 641 3815 713 impleat

2227 720 2574 777 desiderium.

2298 835 2607 901 Revertere,
2644 850 2935 909 revertere,
2965 843 3126 900 Pater
3149 856 3355 916 sancte,
3391 862 3612 921 peracta
3639 852 3817 925 pieta-

2228 926 2298 981 tis
2322 926 2607 997 legatione,
2636 931 2702 985 ad
2733 946 2862 986 oves
2899 935 3158 1004 perditas,
3191 953 3257 992 ne
3292 955 3422 1010 grex
3458 941 3573 997 sine
3598 954 3816 1012 pastore

2225 1034 2324 1088 per
2346 1021 2552 1090 spineta
2581 1024 2833 1078 vitiorum
2861 1041 3119 1082 corruens
3147 1038 3310 1097 erret,
3354 1033 3443 1101 qui
3480 1034 3568 1088 vix
3598 1046 3818 1105 pastore

2225 1120 2489 1182 prasente
2519 1115 2712 1184 corrigi
2759 1117 2953 1186 potuit.
2997 1117 3149 1173 Sicut
3175 1121 3279 1175 duo
3309 1123 3448 1177 oculi
3481 1124 3534 1177 in
3563 1141 3815 1196 corpore,

2226 1200 2305 1256 sic
2328 1217 2425 1257 vos
2446 1201 2580 1257 duos
2607 1202 2758 1276 [Ms.,
2781 1206 2910 1279 duo]
2938 1223 3035 1277 per
3062 1210 3228 1265 totius
3256 1211 3549 1269 Britannia
3571 1215 3819 1270 latitudi-

2225 1309 2348 1348 nem
2379 1293 2560 1349 lucere
2587 1297 2752 1352 credo
2790 1305 2951 1366 atque
2986 1310 3112 1371 opto
3140 1321 3153 1356 :
3186 1305 3296 1358 noli
3341 1305 3587 1362 dextrum
3626 1311 3819 1380 patria

2226 1386 2545 1441 subtrahere
2560 1388 2794 1442 oculum.
2825 1389 3094 1446 Memento
3115 1397 3484 1453 sanctissimos
3505 1409 3819 1457 antecesso-

2226 1492 2314 1531 res
2344 1486 2486 1543 tuos,
2522 1479 2711 1535 Patres
2753 1489 2808 1535 et
2855 1495 3105 1552 pastores
3144 1496 3377 1553 nostros,
3414 1505 3518 1559 qua
3552 1493 3819 1548 sollicitu-

2225 1565 2350 1620 dine
2395 1566 2776 1624 laboraverunt
2825 1571 2877 1626 in
2907 1575 3072 1639 verbo
3111 1575 3205 1630 Dei
3239 1586 3293 1632 et
3322 1579 3375 1632 in
3420 1579 3591 1635 salute
3633 1584 3819 1653 populi

2225 1655 2540 1724 Christiani,
2566 1669 2624 1713 ut
2649 1660 2859 1718 illorum
2890 1679 3122 1734 sequens
3146 1669 3372 1740 vestigia
3392 1686 3579 1726 eorum
3608 1689 3819 1728 merca-

535 1727 856 1783 humilitatis
882 1730 1133 1797 precibus
1173 1737 1226 1784 te
1264 1728 1518 1798 adjuvare
1545 1727 1739 1802 (Exod.
1773 1747 1916 1795 xvn,
1951 1731 2040 1802 ll)
2069 1738 2123 1784 et
2154 1800 2199 1824 ﬁ
2225 1748 2302 1803 ris
2332 1751 2605 1805 οοηεοηίο
2627 1750 2734 1806 frui
2761 1753 2813 1807 ίη
2839 1727 3044 1810 mele-sti
3075 1757 3264 1824 gloria,

537 1829 784 1890 spectare
821 1838 942 1876 cum
988 1822 1156 1878 David
1195 1824 1248 1877 in
1282 1800 1640 1879 munitissima
1670 1826 1906 1880 civitatis
1947 1835 2118 1891 turre,
2154 1800 2201 1860 Β

535 1912 706 1966 donec
735 1913 1038 1982 speculator
1065 1929 1131 1969 ex
1162 1915 1272 1970 alto
1299 1917 1551 1972 culminis
1590 1916 1803 1986 fastigio
1837 1919 2121 1975 clamitans

534 2003 693 2058 nobis
724 2012 871 2058 tuam
912 2007 1198 2061 annuntiet
1228 2008 1509 2062 victoriam
1543 2008 1640 2080 (ΙΙ
1683 2009 1810 2080 Reg.
1851 2027 1984 2066 xvm
2007 2053 2020 2078 ,
2050 2011 2120 2066 24

533 2091 690 2163 seq.).
725 2092 806 2148 Ad
843 2103 895 2148 te
918 2097 1160 2151 omnium
1204 2099 1474 2168 aspiciunt
1501 2101 1664 2167 oculi,
1702 2101 1906 2171 aliquid
1933 2103 2000 2157 de
2028 2111 2120 2158 tuo

534 2183 943 2242 aﬂluentissimo
971 2188 1184 2258 eloquio
1219 2191 1439 2247 caleste
1483 2192 1851 2249 desiderantes
1895 2196 2117 2262 audire;

535 2287 593 2333 et
619 2280 1015 2337 ferventissimo
1042 2283 1320 2352 sapientia
1349 2284 1479 2348 sole,
1509 2284 1883 2353 frigidissimos
1908 2288 2122 2356 grandi-

535 2383 667 2422 num
708 2369 940 2440 lapides,
991 2373 1082 2441 qui
1128 2372 1362 2428 culmina
1397 2376 1778 2444 sapientissimi
1819 2377 2122 2433 Salomonis

529 2459 697 2515 ferire
723 2476 830 2516 non
855 2471 1234 2534 metuunt,per
1257 2472 1305 2520 te
1325 2466 1484 2521 citius
1509 2467 1703 2522 resolvi
1724 2478 2118 2539 exspectantes.

532 2548 613 2604 Tu
638 2567 767 2607 vero
796 2550 1010 2607 lucerna
1049 2555 1239 2609 ardens
1269 2566 1317 2610 et
1348 2555 1525 2612 lucens
1552 2557 1733 2629 (Joan.
1763 2575 1817 2623 v,
1849 2558 1938 2630 35)
1965 2576 1978 2625 ;
2020 2575 2120 2614 nos

526 2641 582 2696 in
607 2651 698 2698 tua
724 2643 843 2700 luce
867 2646 1139 2702 exsultare
1166 2649 1492 2719 gaudemus,
1526 2659 1584 2704 ut
1616 2658 1670 2705 te
1699 2651 1913 2706 lucente
1937 2661 1992 2706 et
2023 2653 2120 2706 du-

524 2744 681 2792 cente
706 2739 774 2792 ad
801 2738 1006 2806 lumen,
1039 2741 1178 2812 quod
1209 2741 1473 2797 illuminat
1502 2760 1703 2797 omnem
1733 2745 1994 2799 hominm
2031 2762 2115 2801 ve-

526 2829 752 2883 nientem
787 2832 841 2884 in
886 2833 1025 2886 Iumc
1073 2834 1326 2886 mundum
1381 2835 1576 2906 (Joan.
1626 2852 1675 2899 ι,
1722 2835 1822 2901 9),
1877 2835 2117 2904 ejusdem

525 2924 744 2974 atema
769 2919 903 2976 lucis
928 2923 1100 2990 gratia
1127 2922 1436 2990 adjuvante,
1477 2927 1762 2994 pervenire
1787 2941 2113 2984 mereamur.

981 3041 1018 3076 α’
1048 3035 1383 3092 EPISTOLA
1421 3038 1583 3094 CXIV
1611 3040 1660 3092 ι).

831 3163 900 3203 ΑΙ)
938 3163 1298 3203 EDILHARDUII
1338 3166 1814 3207 ARCHIEPISCOPUI.

1142 3257 1320 3331 (Anno
1350 3260 1500 3333 800.)

524 3345 734 3428 ιαμ-ὀπί
763 3348 912 3428 illum
941 3352 1003 3404 ob
1026 3363 1330 3428 conventam
1352 3371 1468 3428 cum
1497 3355 1772 3428 Eanbaldo
1801 3373 1895 3428 pro
1917 3359 2112 3415 honore

595 3417 953 3474 Ecclesiarum
975 3432 1020 3475 et
1042 3422 1168 3492 cleri
1196 3417 1879 3492 reformatione.Suadet'ut
1909 3430 2011 3483 cito
2042 3431 2111 3484 ad

589 3505 793 3563 gregem
813 3501 1023 3559 peracta
1057 3491 1312 3563 legatione
1333 3505 1656 3561 revertatur;
1678 3497 1833 3551 mittit
1855 3499 2039 3554 sellam
2062 3511 2110 3556 et

597 3559 859 3614 caballum
881 3579 1054 3616 suum.

595 3667 948 3727 Sanctissimo
974 3673 1119 3730 Patri
1150 3684 1204 3730 et
1233 3676 1286 3731 in
1318 3678 1578 3735 membris
1605 3679 1805 3736 Christi
1835 3681 1991 3738 valde
2020 3699 2111 3739 ve-

523 3762 763 3817 nerando
792 3762 1112 3823 Edilhardo
1137 3771 1545 3842 archiepiscopo
1569 3772 1826 3830 Alcuinus
1852 3775 2110 3834 diaconus

520 3847 578 3903 in
605 3850 806 3906 Christi
836 3855 1101 3912 charitate
1131 3860 1380 3917 salutem.

589 3939 829 3997 Audiens
851 3945 1074 4001 salutem
1098 3957 1152 4003 et
1180 3953 1593 4022 prosperitatem
1617 3965 1874 4023 vestram,
1901 3965 1957 4012 et
1979 3974 2108 4014 con-

517 4039 737 4086 ventum
766 4050 888 4090 cum
921 4037 1030 4093 lilio
1051 4055 1172 4095 meo
1196 4041 1436 4099 Enbaldo
1459 4044 1630 4118 [Leg.,
1649 4049 1944 4123 Eanbaldo]
1968 4051 2107 4107 Ebo-

518 4125 729 4180 racensi
775 4129 1057 4202 episcopo,
1113 4135 1246 4191 satis
1299 4137 1428 4193 mihi
1466 4140 1706 4209 placuit;
1766 4159 1990 4212 sperans
2039 4161 2106 4202 ex

511 4223 709 4271 vestra
733 4221 1034 4276 sanctitatis
1053 4225 1317 4296 colloquio
1330 4227 1694 4286 Ecclesiarum
1720 4234 1918 4290 Christi
1942 4237 2109 4292 hono-

514 4318 604 4360 res
628 4308 876 4373 exaltari,
916 4320 969 4365 et
989 4313 1098 4368 Deo
1122 4315 1174 4368 in
1206 4317 1284 4370 eis
1309 4320 1660 4376 servientium
1687 4324 1854 4379 vitam
1882 4327 2102 4396 corrigi,

514 4409 636 4465 qua
667 4413 858 4468 magna
887 4414 955 4454 ex
977 4413 1132 4470 parte
1158 4406 1246 4459 diu
1277 4419 1530 4479 corrupta
1559 4413 1735 4478 viluit,
1765 4424 1820 4470 et
1843 4432 1980 4484 pene
2009 4418 2105 4472 lai-

513 4500 702 4540 eorum
739 4490 977 4546 vanitate
1005 4504 1280 4563 coaquata
1309 4506 1411 4562 est,
1438 4499 1510 4552 ita
1537 4510 1594 4554 ut
1620 4509 1840 4558 tonsura
1868 4514 2102 4561 tantum-

515 4577 676 4629 modo
707 4577 942 4634 discreta
964 4583 1212 4638 videatur
1241 4585 1395 4657 [Ms.,
1425 4591 1678 4664 videtur],
1709 4604 1964 4651 caterum
1989 4615 2106 4654 mo-

509 4665 661 4720 ribus
693 4668 859 4723 multa
907 4686 972 4725 ex
1005 4682 1158 4742 parte
1189 4679 1504 4747 consimilis,
1535 4696 1626 4736 seu
1667 4684 1720 4738 in
1748 4687 2103 4746 vestimento-

509 4769 632 4808 rum
663 4757 901 4815 vanitate
939 4771 994 4816 et
1038 4769 1368 4836 arrogantia,
1408 4779 1464 4826 et
1511 4775 1876 4832 conviviorum
1913 4796 2102 4851 super-

506 4843 734 4913 fluitate,
767 4859 822 4904 et
865 4853 987 4908 aliis
1021 4857 1182 4912 rebus
1211 4875 1332 4928 qua
1373 4873 1551 4919 vestra
1581 4877 1768 4923 sancta
1829 4843 2103 4942 sagacitas

505 4938 710 5006 optime
761 4943 927 4997 novit.
977 4944 1099 5001 Ideo
1144 4950 1290 5005 suasi
1336 4951 1458 5008 aliis
1507 4955 1810 5013 litterarum
1855 4938 2101 5019 micarum

506 5029 755 5098 apicibus
784 5036 1058 5090 sanctitati
1087 5049 1298 5107 vestra,
1329 5059 1650 5112 permanere
1683 5050 1738 5104 in
1765 5053 1962 5120 patria,
2003 5071 2101 5111 no-

504 5118 622 5175 lens
645 5120 826 5180 lumen
863 5125 1159 5185 Britannia
1179 5135 1470 5206 exstingui,
1495 5154 1596 5195 nec
1630 5118 1812 5198 tubam
1852 5147 2098 5206 veritatis

504 5219 718 5282 tacere;
751 5217 847 5273 sed
874 5217 1077 5276 factum
1102 5223 1197 5279 ﬁat
1221 5228 1365 5295 quod
1392 5228 1502 5286 Deo
1528 5232 1740 5301 placeat
1769 5245 1824 5291 et
1847 5240 2098 5309 proﬁciat

573 5381 600 5447 ξ
627 5370 860 5447 Ετρῦθη.
892 5379 1048 5447 epist.
1082 5381 1205 5438 175.

570 5440 1080 5540 διὲυἱιιεηερίἑιοιτς.
1107 5451 1756 5540 fragmentumsuperius
1780 5466 1901 5540 dedi
1929 5470 2089 5540 epist.

499 5509 572 5594 βε
600 5509 766 5602 (nunc
796 5509 907 5602 77).
935 5535 1001 5574 ex
1033 5509 2092 5602 Maim‘e’sbhjriéiigi:ﬁifa'ﬁﬁrié‘iéiié'é'é

501 5591 718 5668 inventa
763 5598 866 5668 est
893 5591 1100 5668 integra
1146 5595 1199 5651 in
1244 5600 1363 5652 cod.
1417 5591 1517 5656 ms.
1551 5591 1681 5658 bibl.
1737 5591 2086 5668 Harleiensivs:

500 5722 1258 5826 aestimares:esse
1288 5733 1354 5826 an
1620 5743 1738 5826 ,θρίξ
1757 5722 2054 5826 ηνεάρξὲιῖᾱ

500 5793 715 5849 videtur
739 5799 809 5852 ob
833 5814 895 5853 ea
918 5820 1040 5872 qua
1065 5793 1660 5884 adnotamusin—epist.‘
1678 5793 2009 5875 illi}.

2297 1861 2357 1918 Si
2381 1879 2509 1920 vero
2540 1866 2606 1920 ad
2631 1867 2885 1923 domuum
2917 1887 3098 1941 regem
3133 1877 3436 1944 pervenias,
3466 1878 3696 1935 admone
3726 1896 3818 1934 so-

2223 1953 2336 2009 cios
2379 1963 2519 2021 tuos,
2552 1958 2896 2029 maximeque
2926 1963 3174 2031 clericos,
3206 1975 3266 2020 ut
3304 1969 3597 2026 honoriﬁce
3641 1985 3703 2027 se
3729 1973 3820 2028 ob-

2223 2057 2440 2102 servent
2466 2049 2518 2103 in
2543 2051 2690 2106 omni
2719 2051 2976 2124 religione
2998 2067 3202 2122 sancta,
3238 2061 3293 2115 in
3324 2063 3663 2118 vestimentis
3684 2066 3819 2120 etin

2222 2142 2410 2196 ordine
2438 2143 2823 2211 ecclesiastico,
2874 2152 3143 2212 uttotius
3180 2154 3460 2220 bonitatis,
3507 2157 3820 2228 ubicunque

2220 2235 2408 2299 vadas,
2434 2249 2645 2307 semper
2665 2238 2938 2310 relinquas
2959 2246 3286 2316 exemplum.
3309 2247 3542 2304 Prohibe
3561 2266 3659 2306 eos
3681 2267 3820 2307 auro

2222 2325 2307 2380 vel
2336 2329 2524 2382 sericis
2571 2330 2646 2384 uti
2689 2334 3029 2391 vestimentis
3056 2349 3077 2375 ε
3121 2338 3175 2392 in
3202 2352 3493 2411 conspectu
3521 2344 3705 2398 domui
3736 2360 3819 2399 re-

2221 2419 2334 2490 gis;
2362 2422 2456 2474 sed
2481 2421 2668 2477 humili
2695 2425 2880 2480 habitu
2905 2426 3177 2494 incedant,
3206 2434 3498 2487 secundum
3527 2446 3821 2490 consuetu-

2221 2509 2403 2566 dinem
2453 2528 2732 2569 servorum
2781 2516 2904 2583 Dei;
2947 2527 3002 2572 et
3047 2536 3143 2589 per
3167 2523 3346 2578 omnia
3387 2524 3502 2580 loca
3529 2543 3654 2582 eum
3686 2545 3818 2598 pace

2218 2601 2386 2656 vadas
2422 2612 2478 2656 et
2506 2606 2912 2662 conversatione
2943 2608 3168 2665 honesta
3214 2615 3429 2685 cognito
3457 2617 3554 2672 tibi
3587 2634 3741 2674 more
3762 2633 3818 2676 et

2182 2721 2186 2724 -
2219 2699 2607 2754 consuetudine
2636 2701 2794 2772 hujus
2817 2705 3011 2772 gentis.

2291 2811 2409 2866 Misi
2438 2813 2557 2878 tibi,
2605 2815 2747 2870 sicut
2780 2816 3115 2875 demandasti
3150 2822 3302 2889 mihi,
3335 2825 3543 2892 sellam,
3577 2844 3684 2898 qua
3714 2843 3819 2904 ego

2219 2902 2541 2958 caballicare
2591 2905 2783 2960 solitus
2838 2923 2981 2975 sum,
3029 2912 3108 2966 sic
3157 2924 3423 2983 paratam,
3470 2920 3611 2974 sicut
3640 2902 3815 2978 solent

2217 2994 2572 3050 ecclesiarum
2603 3006 2850 3066 pastores
2893 3000 2946 3054 in
2977 3002 3078 3058 hac
3112 3006 3332 3075 regione
3371 3008 3598 3077 habere;
3632 3014 3796 3069 cabal

2217 3086 2328 3142 lum
2357 3103 2591 3158 quoque,
2621 3089 2713 3160 qui
2738 3100 2982 3161 portaret
3001 3095 3210 3162 sellam,
3234 3114 3436 3169 vosque
3459 3107 3806 3173 superseden-

2138 3156 2186 3222 (ἶ
2215 3189 2312 3242 tes,
2341 3156 2393 3232 si
2411 3156 2623 3247 placeat
2638 3156 2831 3252 pietati
2853 3194 3064 3240 vestra.
3098 3185 3126 3227 ἆ
3155 3156 3387 3244 Puerum
3413 3156 3592 3248 mentm
3615 3196 3818 3265 direxi,

2214 3275 2276 3320 ut
2303 3269 2473 3322 nostri
2520 3270 2816 3326 honoriﬁce
2847 3289 2941 3329 vos
2978 3276 3296 3348 suscipiant,
3329 3283 3626 3338 secundum
3667 3288 3819 3356 quod

2214 3357 2443 3413 habeam
2474 3358 2807 3430 facultatem,
2837 3371 2894 3419 et
2915 3375 3111 3422 vestra
3137 3372 3441 3427 sanctitatis
3463 3372 3641 3442 jussio
3686 3376 3818 3446 ﬁat;

2213 3465 2312 3522 per
2335 3467 2496 3522 quem
2538 3462 2694 3523 potes
2738 3457 2872 3512 mihi
2918 3460 3245 3519 demandare
3295 3465 3490 3521 iterum
3524 3467 3726 3526 litteris
3753 3473 3820 3529 de

2213 3541 2409 3608 itinere
2452 3553 2654 3612 vestro,
2687 3556 2866 3603 utrum
2916 3551 2985 3606 ad
3017 3563 3262 3609 sanctum
3306 3557 3591 3614 Martinum
3625 3573 3818 3632 prote-

2213 3643 2418 3690 ctorem
2449 3646 2696 3693 nostrum
2722 3648 2775 3694 ει
2803 3642 3215 3701 intercessorem
3241 3659 3480 3705 vestrum
3507 3662 3692 3708 vestra
3721 3658 3822 3712 b0-

2211 3729 2356 3785 nitas
2391 3730 2444 3784 in
2495 3734 2814 3789 revertendo
2858 3736 3044 3792 venire
3085 3741 3304 3810 cogitet.
3348 3743 3673 3815 Prosperum
3709 3750 3818 3804 iter

2210 3821 2365 3876 vobis
2389 3821 2552 3878 faciat
2582 3824 2752 3890 Deus;
2785 3828 3079 3899 angeloque
3104 3831 3220 3900 ejus
3251 3837 3545 3892 comitante
3571 3838 3816 3910 Spiritus

2212 3923 2432 3968 sanctus
2456 3929 2713 3984 prospere
2738 3933 2834 3974 vos
2864 3920 3026 3976 ducat
3059 3930 3222 3993 atque
3242 3925 3499 3994 reducat;
3529 3939 3585 3984 et
3611 3933 3816 3988 multos

2210 4002 2376 4060 faciat
2394 4004 2624 4062 feliciter
2646 4025 2816 4065 annos
2843 4012 2897 4066 in
2927 4023 3112 4068 sancta
3133 4017 3396 4086 proﬁcere
3420 4023 3814 4090 praedicatione

2209 4101 2278 4156 ad
2301 4101 2528 4158 salutem
2553 4105 2864 4171 multorum,
2889 4115 2942 4162 et
2961 4121 3308 4181 augmentum
3330 4116 3596 4171 mercedis
3611 4128 3814 4176 vestra

2210 4193 2264 4247 in
2315 4202 2518 4249 atema
2565 4195 2734 4266 gloria
2760 4238 2774 4263 ,
2830 4199 3139 4256 dulcissime
3199 4210 3254 4256 et
3307 4203 3815 4267 desiderantissime

2210 4284 2372 4340 Pater
2391 4287 2402 4339 !

2277 4400 2335 4455 In
2366 4401 2472 4456 ﬁne
2521 4417 2652 4457 vero
2700 4403 2857 4472 hujus
2892 4407 3148 4463 chartula
3187 4410 3448 4479 deprecor
3480 4412 3809 4472 charitatem

2207 4499 2444 4546 vestram
2482 4500 2540 4546 ut
2584 4495 2690 4548 mei
2721 4496 2954 4551 nominis
2975 4497 3221 4554 habeatis
3252 4503 3568 4557 memoriam
3595 4504 3646 4557 in
3679 4521 3813 4561 san-

2165 4585 2176 4607 ⁷
2209 4585 2310 4640 etis
2329 4586 2664 4641 orationibus
2685 4590 2902 4653 vestris,
2929 4591 3070 4647 sicut
3091 4594 3285 4664 sapius
3310 4597 3492 4666 rogavi
3516 4607 3812 4669 vestraque

2204 4677 2453 4745 promisit
2498 4678 2837 4750 benignitas;
2872 4684 2964 4738 sed
3012 4685 3171 4740 modo
3219 4689 3452 4743 maxime
3489 4691 3720 4746 obsecro
3747 4701 3809 4747 ut

2203 4765 2342 4835 apud
2390 4778 2608 4824 sanctos
2649 4773 2920 4840 apostolos
2957 4783 3011 4829 et
3053 4787 3320 4848 martyres
3342 4779 3542 4834 Christi
3568 4783 3675 4836 mei
3703 4782 3806 4837 ha-

2201 4853 2376 4911 beatis
2398 4860 2736 4934 memoriam,
2771 4862 2912 4917 sicut
2942 4866 3080 4934 apud
3109 4877 3353 4923 sanctum
3384 4869 3673 4926 Martinum
3703 4888 3803 4928 ve-

2201 4947 2299 5001 stri
2335 4917 2536 5005 habere
2571 4917 3036 5010 dulce'habemurs.

2267 5429 2295 5494 (ξ
2327 5417 2496 5494 llujus
2525 5421 2929 5494 admonitionis
2977 5427 3298 5485 Edilhardo
3340 5432 3498 5488 facta
3540 5437 3801 5494 meminit

2194 5486 2792 5549 Malmeshuriensislib.
2825 5497 2992 5621 IBeg.
3018 5500 3193 5570 Angl.,
3218 5518 3337 5574 cap.
3367 5486 3799 5576 4;"cinjii's‘ié'r'iii

2194 5560 2441 5621 superius
2474 5563 2630 5621 cnist.
2664 5564 2734 5619 65
2761 5566 2926 5621 (nunc
2984 5569 3060 5621 8i.
3092 5573 3145 5621 in
3183 5575 3325 5621 notis
3353 5576 3656 5621 retulimus,

2193 5560 3017 5666 “regestis:eam

501 5651 636 5734 Vide
655 5671 772 5777 gua
797 5658 992 5717 ibidem
1009 5651 1418 5740 adnotavimus;
1448 5674 1537 5727 ubi
1568 5683 1746 5728 tamen
1777 5693 1948 5735 annus
2189 5697 2288 5752 Jud

501 5737 650 5777 ruren
692 5743 774 5777 US.
808 5738 861 5777 et
890 5732 1002 5777 hmo
1031 5736 1255 5777 nnielnln
1289 5737 1354 5777 απ
1386 5757 1583 5777 annum
1635 5743 1738 5777 an
1787 5749 2082 5777 κη,-1..,.Α...ι,.

2320 5575 2441 5615 EI‘IUS
2474 5571 2630 5632 epist.
2664 5571 2734 5619 65
2761 5571 2926 5636 (nunc
2950 5571 3060 5639 78),
3092 5573 3145 5624 in
3183 5571 3325 5628 notis
3353 5571 3660 5632 retulimus.

2320 5629 2548 5685 Puerum
2601 5636 3010 5718 manna-direxi.
3205 5643 3526 5718 zErdillmrdo
3552 5650 3695 5718 apud
3725 5649 3792 5706 S.

2293 5707 3036 5790 ocum.oceuriit,_illumque
3048 5714 3242 5790 ibidem
3274 5717 3502 5786 benigne
3527 5707 3791 5790 suscepit,

2057 5770 2086 5808 3
2187 5777 2348 5838 prout
2374 5772 2562 5829 scribit
2581 5775 2637 5830 in
2655 5776 2892 5845 Epistola
2912 5770 2978 5837 ad
2996 5783 3351 5850 Eanbaldum,
3375 5770 3494 5856 qua
3513 5770 3787 5860 sequitur:
