4056 6328
241 369 332 434 545

715 493 742 523 ι
775 476 1108 537 EPISTOLA
1140 478 1299 535 CXV.

242 615 302 660 in
339 596 365 638 ιι
414 574 735 652 sibilum.
795 605 1246 647 ARCEIEPISCOPUM
1298 602 1650 644 seonscsnsus
1688 584 1800 641 sc-

575 680 768 720 υιεειάῖ
779 704 794 729 ,
819 678 1171 719 COGNOIENTO
1192 676 1418 742 δωυξειι
1429 699 1441 713 .

826 754 1002 827 (Anno
1037 751 1187 822 800.)

241 849 534 910 Consolatur
580 848 859 919 afﬂictum,
902 855 956 919 et
986 845 1055 900 ad
1083 838 1385 919 patientiam
1423 842 1684 908 hortatur,
1715 839 1801 911 fu-

548 912 666 990 gam
693 918 758 972 ab
786 916 1022 972 Ecclesia
1046 912 1143 969 sua
1168 912 1456 969 dissuadet.

295 1034 421 1091 Filio
448 1040 699 1088 votorum
726 1042 972 1086 meorum
1003 1026 1241 1083 Simeoni
1270 1023 1539 1081 sacerdoti
1576 1022 1800 1079 Albinus

234 1127 470 1183 salutem.

296 1216 516 1271 Romam
544 1214 690 1270 eunti
732 1215 852 1269 viro
876 1212 1126 1285 religioso
1150 1212 1469 1281 coepiscopo
1500 1219 1592 1265 tuo
1620 1207 1799 1263 Edil-

229 1310 383 1366 hardo
422 1307 662 1364 occurrit
691 1308 764 1362 illi
794 1319 815 1346 ο
855 1307 995 1377 apud
1021 1314 1266 1361 sanctum
1300 1304 1554 1359 ldochum
1601 1303 1801 1358 missus

231 1419 387 1459 meus.
417 1402 574 1458 Sicut
605 1416 691 1456 me
718 1399 922 1474 [Forte,
950 1415 981 1454 a
1009 1397 1117 1468 me]
1146 1414 1243 1469 per
1272 1412 1426 1454 suam
1466 1396 1798 1450 voluntatem

229 1496 444 1568 benigne
468 1502 749 1564 susceptus
786 1502 889 1558 est,
917 1491 1126 1563 habens
1153 1505 1337 1546 secum
1371 1489 1506 1545 alios
1536 1488 1669 1543 duos
1690 1488 1803 1558 epi-

228 1602 428 1658 scopos,
460 1586 772 1656 amicosque
802 1593 1017 1640 nostros
1045 1582 1474 1639 Ceommundum
1502 1590 1664 1651 atque
1693 1580 1799 1635 To-

228 1677 580 1743 retmundum,
623 1691 722 1746 pro
750 1691 979 1747 quorum
1008 1674 1201 1730 solatio
1226 1674 1433 1728 litteras
1460 1688 1610 1728 meas
1627 1671 1801 1727 direxi

228 1770 433 1825 domino
480 1785 601 1826 meo
645 1770 810 1824 David
841 1769 953 1841 regi
982 1768 1032 1823 ει.
1063 1768 1208 1824 lnter
1245 1767 1349 1822 alia
1385 1767 1650 1838 siquidem
1681 1782 1802 1838 quae

225 1860 348 1916 mihi
398 1861 514 1932 ipse
565 1860 821 1930 prrefatus
865 1858 1187 1914 venerabilis
1238 1859 1400 1913 Pater
1445 1856 1641 1912 litteris
1689 1856 1802 1911 suis

224 1955 477 2010 mandare
517 1963 823 2020 curaverat,
872 1954 937 2010 de
978 1962 1157 2009 vestra
1186 1952 1532 2008 tribulatione
1569 1951 1804 2007 innotuit

221 2045 401 2117 nobis;
428 2045 580 2115 cujus
599 2061 759 2101 causa
787 2046 885 2101 has
906 2044 1294 2101 consolatorias
1315 2043 1524 2099 litteras
1547 2042 1802 2098 charitati

218 2147 407 2194 vestrae
444 2139 675 2211 dirigere
704 2140 902 2204 studui,
933 2140 1231 2209 deprecans
1258 2153 1376 2202 vos,
1424 2137 1479 2192 in
1509 2144 1799 2211 conspectu

215 2228 306 2284 Dei
336 2231 569 2286 viriliter
595 2246 776 2301 agere,
816 2239 872 2285 et
917 2230 1041 2285 forti
1071 2230 1252 2284 animo
1280 2244 1419 2284 esse.
1452 2226 1564 2283 Nec
1590 2243 1804 2298 semper

209 2336 337 2389 nox,
371 2337 474 2378 nec
497 2338 710 2394 semper
729 2323 865 2389 dies,
888 2323 984 2377 sed
1003 2322 1149 2376 vices
1171 2337 1297 2376 suas
1318 2329 1514 2391 agunt;
1546 2321 1618 2374 ita
1642 2318 1802 2388 hujus

206 2414 394 2470 saeculi
444 2416 743 2470 adversitas
787 2414 872 2469 vel
917 2415 1268 2484 prosperitas.
1309 2413 1480 2468 Hodie
1511 2421 1803 2482 tempestas

200 2504 482 2570 imminet,
518 2505 614 2560 sed
659 2520 784 2560 cras
834 2506 1099 2560 serenitas
1146 2505 1369 2560 arridet.
1423 2504 1647 2575 Figatur
1688 2503 1803 2574 spei

200 2598 451 2653 anchora
500 2597 552 2651 in
580 2595 872 2652 Christum.
902 2595 1005 2664 Qui
1033 2595 1247 2651 laetatur
1288 2596 1342 2650 in
1388 2595 1681 2665 prosperis,
1728 2593 1800 2648 ti-

199 2694 350 2744 meat
378 2689 641 2752 adversa;
669 2697 727 2742 et
761 2688 851 2757 qui
895 2687 1136 2743 adversis
1162 2686 1418 2756 fatigatur
1453 2693 1632 2756 speret
1670 2699 1799 2755 pro-

205 2793 361 2848 spera
390 2777 505 2832 cito
523 2777 794 2832 advenire.
819 2776 1025 2832 Aurum
1054 2776 1280 2847 perfecti
1304 2777 1516 2832 decoris
1539 2792 1644 2831 non
1670 2777 1796 2842 erit,

205 2871 305 2925 nisi
343 2868 572 2924 fornace
605 2868 816 2925 ardoris
842 2870 1123 2940 probetur.
1172 2868 1425 2924 Arbitror
1475 2882 1539 2922 ex
1588 2877 1640 2922 te
1680 2868 1799 2939 ipso

209 2967 306 3014 tua;
323 2968 539 3030 partem
564 2959 925 3015 tribulationis
946 2959 1099 3025 oriri,
1124 2959 1215 3028 qui
1249 2969 1272 2997 θ
1298 2957 1523 3013 forsitan
1551 2957 1798 3013 inimicos

211 3052 347 3124 regis
372 3051 625 3122 recipias,
660 3050 745 3107 vel
774 3049 1113 3106 inimicorum
1150 3049 1292 3105 illius
1314 3048 1683 3119 possessiones
1714 3058 1798 3103 tu-

208 3145 350 3200 taris.
380 3142 441 3199 Si
466 3158 599 3198 vero
621 3142 768 3213 juste
791 3142 1015 3213 patiaris
1044 3140 1196 3213 μίση
1226 3138 1495 3212 patieris],
1517 3139 1646 3210 quid
1677 3148 1795 3193 tur-

1675 336 2052 415 Enis'rous.

1826 476 1879 538 Α
1904 473 2051 540 dum,
2085 474 2216 530 dicit
2239 473 2549 545 Apostolus,
2578 490 2740 546 usque
2764 473 2834 528 ad
2861 474 3167 544 sanguinem
3190 477 3489 545 restitistis:

3379 356 3486 416 546

1902 572 1951 620 et
1995 565 2138 620 obliti
2160 568 2283 620 estis
2313 565 2682 621 consolationis
2708 577 2889 620 vestra:
2905 582 2924 631 ,'
2953 566 3174 636 castigat
3204 565 3345 621 Deus
3373 583 3489 623 om-

1902 676 2017 714 nem
2048 657 2218 727 filium
2259 673 2411 728 quem
2460 658 2641 729 recipit
2673 655 2859 728 (Hebr.
2892 672 3002 722 xu,
3052 655 3106 721 4,
3134 655 3167 711 5
3196 664 3252 712 et
3276 656 3356 728 6).
3380 656 3492 717 Pro

1900 759 2141 821 paternze
2185 749 2405 820 pietatis
2455 748 2805 817 castigatione
2856 745 2999 802 ﬁlius
3042 747 3348 802 contristari
3380 761 3490 804 non

1902 842 2081 897 debet.
2112 840 2265 911 Impii
2290 838 2596 895 fremebant
2617 854 2779 910 super
2799 839 2999 909 justas,
3027 837 3160 894 dicit
3186 835 3487 908 Scriptura,

1900 933 1991 990 sed
2040 932 2296 987 Dominus
2336 940 2563 986 conteret
2589 930 2765 985 dentes
2812 946 2989 984 eorum
3022 927 3374 1002 (Psalvau,
3409 926 3489 1000 7),

1899 1032 1955 1081 et
1975 1024 2041 1078 ad
2064 1023 2290 1077 nihilum
2317 1022 2513 1092 redigit
2548 1022 2778 1091 impetus
2806 1034 3011 1074 eorum.
3035 1019 3178 1092 Lege
3199 1018 3491 1089 diligenter

1900 1115 2169 1190 quomodo
2198 1130 2363 1171 senex
2388 1113 2675 1169 Matathias
2714 1114 2767 1168 in
2799 1113 2913 1182 ipsa
2954 1120 3128 1167 morte
3171 1112 3490 1169 imminente

1900 1211 2148 1266 hortatus
2173 1217 2255 1265 est
2280 1207 2423 1264 ﬁlios
2445 1224 2591 1275 suos,
2616 1215 2677 1262 ut
2699 1207 2930 1262 viriliter
2954 1214 3179 1279 agerent
3197 1213 3250 1261 et
3277 1205 3492 1265 fortiter

1900 1302 2234 1359 debellarent
2273 1299 2613 1356 adversarios
2653 1299 2781 1364 Dei;
2813 1307 2870 1355 et
2896 1297 3168 1368 quomodo
3192 1298 3365 1354 sancti
3392 1312 3493 1369 per

1900 1394 2277 1450 tribulationes
2321 1392 2564 1449 coronati
2623 1400 2768 1456 sunt,
2819 1400 2874 1447 et
2925 1407 3111 1463 quam,
3154 1406 3262 1446 non
3312 1391 3490 1447 dicam

1898 1500 2090 1556 parva,
2127 1486 2224 1540 sed
2262 1484 2428 1540 etiam
2463 1482 2610 1538 nulla
2640 1484 2711 1539 sit
2749 1483 2919 1555 gloria
2953 1484 3273 1553 peccatoris,
3308 1482 3493 1538 dicens

1898 1575 2044 1631 inter
2069 1584 2265 1631 caetera
2295 1594 2308 1629 :
2334 1574 2376 1629 Α
2406 1574 2569 1630 verbis
2609 1574 2707 1628 viri
2730 1574 3014 1644 peccatoris
3061 1590 3164 1629 non
3191 1574 3487 1641 timueritis,

1897 1667 2146 1738 quoniam
2168 1665 2337 1737 gloria
2364 1665 2477 1736 ejus
2511 1674 2709 1719 stercus
2734 1673 2780 1719 et
2816 1666 3022 1719 vannis.
3062 1663 3236 1719 Hodie
3277 1662 3488 1718 extolli-

1903 1765 2009 1822 tur,
2037 1766 2086 1811 et
2131 1773 2247 1811 cras
2291 1774 2395 1811 non
2444 1757 2734 1821 invenitur;
2760 1756 3006 1827 quoniam
3034 1771 3309 1810 conversus
3335 1763 3411 1809 est
3434 1754 3492 1811 in

1834 1838 1876 1898 Β
1904 1857 2100 1903 terram
2148 1864 2320 1913 suam,
2369 1856 2418 1901 et
2463 1847 2708 1918 cogitatio
2750 1847 2864 1917 ejus
2911 1844 3064 1918 periit
3091 1844 3245 1918 [Ms.,
3293 1842 3489 1920 periet]

1905 1936 1961 2009 (I
1988 1937 2166 1993 Much.
2192 1955 2255 2005 ιι,
2286 1936 2375 2003 62,
2403 1936 2514 2011 65).

1973 2034 2084 2092 Nec
2103 2035 2261 2107 longe
2283 2035 2628 2105 antiquorum
2649 2032 2892 2104 exempla
2918 2040 3217 2103 tempon
3247 2045 3493 2102 quaerere

1900 2142 2037 2199 Opus
2068 2135 2170 2193 est,
2203 2127 2329 2182 dum
2360 2127 2528 2182 habes
2556 2126 2843 2196 praesentia
2881 2122 3227 2180 sufﬁcienter.
3260 2122 3341 2177 Tu
3374 2122 3491 2194 ipse

1899 2219 2083 2274 vidisti
2109 2217 2377 2287 quomodo
2406 2217 2683 2288 perierunt
2710 2231 2863 2287 reges
2890 2215 3159 2286 principes
3180 2213 3272 2285 qui
3301 2214 3492 2269 adver-

1859 2361 1862 2364 .
1902 2312 2006 2366 sati
2053 2317 2178 2365 sunt
2222 2310 2656 2364 antecessoribus
2706 2309 2810 2363 tuis
2851 2317 2907 2362 et
2946 2306 3201 2361 Ecclesiae
3242 2304 3485 2360 Christi:

1900 2401 2142 2472 nunquid
2169 2401 2313 2455 Deus
2336 2400 2391 2454 in
2413 2400 2604 2453 horum
2635 2398 2835 2453 dormit
2864 2396 3175 2461 sceleribus,
3197 2396 3323 2465 quia
3348 2396 3491 2450 :BSLL

1901 2501 2053 2549 mant
2079 2508 2139 2547 se
2168 2492 2386 2563 impune
2418 2504 2577 2561 posse
2624 2489 2881 2554 insanire,
2928 2503 3030 2544 nec
3056 2494 3249 2558 putant
3271 2487 3486 2542 oculum

1902 2589 1998 2644 Dei
2026 2587 2246 2658 vigilare
2278 2599 2440 2654 super
2468 2598 2657 2638 eorum
2687 2581 2988 2638 insaniam?
3014 2578 3177 2634 Stulti
3202 2578 3330 2633 facti
3363 2587 3489 2634 sunt

1900 2681 1957 2737 in
1988 2679 2251 2751 sapientia
2299 2692 2413 2741 sua,
2462 2691 2569 2731 non
2610 2675 2864 2729 timentes
2887 2672 3055 2726 Deum
3084 2668 3342 2739 judicem.
3372 2668 3489 2724 Tua

1897 2787 2030 2828 vero
2051 2770 2311 2842 patientia
2334 2776 2387 2822 et
2407 2769 2548 2823 bona
2568 2766 2817 2821 voluntas
2844 2770 2962 2818 oret
2990 2776 3090 2832 pro
3113 2761 3235 2824 illis,
3260 2776 3328 2815 ne
3349 2757 3490 2816 forte

1898 2863 1991 2919 det
2024 2863 2167 2918 Deus
2194 2861 2299 2916 illis
2324 2858 2719 2932 paenitentiam,
2763 2863 2816 2911 et
2850 2854 2982 2910 ﬁant
3007 2852 3191 2926 [Forte
3219 2852 3318 2923 leg.
3352 2851 3486 2907 salvi

1900 2955 2056 3029 ﬁant]
2083 2970 2149 3010 ex
2176 2953 2410 3010 inimicis
2436 2952 2594 3007 amici
2622 2950 2715 3005 Dei
2760 2948 2919 3014 facti;
2949 2947 3032 3002 sin
3061 2954 3239 3001 autem
3276 2944 3486 2999 illorum

1896 3048 2128 3119 perditio
2149 3044 2415 3118 praeﬁnita
2438 3050 2522 3099 est
2544 3040 2702 3114 [Ms.,
2726 3038 2959 3111 proditio
2978 3035 3226 3108 perﬁnita
3241 3034 3371 3106 est],
3394 3043 3484 3089 tua

1897 3139 2163 3209 siquidem
2215 3135 2493 3192 Sanctitas
2539 3132 2845 3188 nullatenus
2885 3130 2989 3185 erit
3032 3129 3147 3183 sine
3172 3142 3489 3183 remunera-

207 3236 383 3292 baris?
412 3236 472 3292 Si
500 3204 868 3306 vero'injuste,
895 3249 994 3289 cur
1020 3204 1126 3288 non
1156 3204 1790 3288 recorderis‘sahctorum
1818 3204 1867 3269 ο
1899 3204 2044 3285 tione
2095 3237 2308 3284 asterna:
2346 3225 2638 3281 felicitatis.
2687 3222 2839 3278 Sicut
2886 3220 3065 3276 fumus
3112 3218 3321 3274 illorum
3361 3233 3486 3273 eva-

206 3324 619 3381 tribulationes?
645 3324 745 3380 Job
774 3323 1026 3390 audistis,
1060 3322 1191 3378 dicit
1216 3320 1449 3377 Jacobus
1492 3320 1790 3391 apostolus,

209 3425 249 3471 et
275 3417 430 3487 ﬁnem
465 3415 681 3471 Domini
724 3414 925 3469 vidistis
954 3412 1096 3486 (Jac.
1136 3429 1188 3477 ν,
1228 3413 1339 3476 ll).
1377 3411 1478 3479 Qui
1524 3410 1793 3481 particeps

209 3515 282 3559 est
300 3505 673 3562 tribulationis
700 3514 1031 3569 sanctorum,
1064 3505 1334 3574 particeps
1373 3504 1477 3558 erit
1506 3511 1560 3557 et
1586 3503 1788 3573 glorias.

208 3596 314 3654 Noli
342 3598 533 3669 fugam
557 3599 822 3662 meditari,
856 3597 949 3653 sed
983 3612 1240 3652 coronam
1268 3610 1506 3667 sperare.

272 3689 362 3744 Sta
388 3690 613 3746 fortiter
632 3691 686 3746 in
712 3690 848 3754 acie,
878 3689 1031 3759 quasi
1060 3687 1281 3760 signifer
1309 3698 1611 3743 castrorum
1636 3686 1793 3744 Chri—

210 3780 286 3834 sti.
317 3781 372 3836 Si
404 3783 550 3854 fugit
588 3781 843 3837 vexillum
868 3780 1063 3845 ferens,
1092 3781 1223 3852 quid
1248 3779 1376 3835 facit
1403 3780 1711 3847 exercitus?
1732 3778 1792 3837 Si

209 3871 322 3926 tuba
362 3881 513 3930 tacet
548 3874 605 3928 in
648 3874 861 3939 castris,
892 3874 1015 3943 quis
1056 3888 1115 3928 se
1151 3881 1421 3943 praeparat
1449 3872 1516 3926 ad
1556 3871 1792 3927 bellum?

210 3959 261 4018 Si
287 3965 391 4022 dux
414 3965 646 4022 timidus
666 3967 789 4032 erit,
821 3966 1088 4037 quomodo
1117 3965 1413 4021 salvabitur
1438 3964 1621 4021 miles?
1653 3963 1794 4018 Nec-

273 4090 297 4150 ξι
324 4079 572 4150 Froben.
601 4080 761 4150 epist.
796 4078 918 4134 174.

223 4147 233 4157 ’
271 4148 297 4188 δ
320 4147 681 4221 Cognomento
712 4149 1015 4217 ,Simonem.
1059 4148 1212 4205 Hunc
1247 4149 1458 4221 titulum
1488 4149 1652 4221 habet
1678 4148 1793 4219 ipse

342 4218 445 4275 ms.
499 4221 848 4286 Harleianus,
888 4234 953 4274 ex
1002 4235 1109 4289 quo
1152 4219 1442 4275 innotescit
1484 4218 1792 4289 Simeonem

209 4287 342 4361 illum
367 4292 734 4359 sacerdotem,
759 4293 824 4345 ad
841 4306 998 4361 quem
1023 4287 1222 4361 scripta
1247 4298 1333 4361 est
1350 4290 1523 4361 epist:
1537 4288 1604 4361 5‘7
1623 4288 1793 4361 (nunc

208 4359 288 4434 72)
312 4370 366 4417 et
393 4378 566 4434 quem
608 4364 662 4434 in
693 4358 916 4433 epistola
962 4360 1030 4416 58
1061 4358 1226 4431 (nunc
1255 4359 1349 4434 75)_
1375 4358 1441 4413 ad
1487 4358 1789 4434 Calvinum,

209 4429 585 4489 charissimam
603 4429 772 4487 ﬁlium
797 4441 851 4488 et
875 4429 1143 4487 summum
1164 4429 1498 4486 sacerdotem
1526 4429 1789 4496 nominat,

209 4500 365 4570 ipsum
387 4521 511 4561 esse
538 4504 874 4559 Eanbaldum
896 4502 1354 4571 archiepiscopum
1369 4500 1784 4571 Eboracensem,

208 4568 283 4627 cui
314 4574 606 4637 Alcuinus,
639 4589 789 4629 more
818 4588 934 4636 suo,
968 4568 1161 4627 nomen
1198 4568 1487 4626 ascititium
1520 4568 1787 4625 Simeonis

210 4643 398 4700 tribuit.
446 4646 593 4702 Vide
644 4653 801 4699 notas
838 4659 987 4698 meas
1034 4643 1099 4696 ad
1147 4641 1401 4712 epistolas
1446 4642 1656 4712 citatas,
1700 4642 1790 4696 ubi

209 4716 426 4785 nondum
454 4719 584 4772 visa
616 4717 723 4770 hac
766 4713 1035 4785 praesenti
1063 4710 1288 4785 epistola
1316 4720 1504 4785 contra
1532 4710 1644 4765 νγ.
1678 4711 1791 4766 cla—

209 4783 435 4860 rissimos
462 4773 834 4860 Mabillonilim
867 4792 922 4839 et
947 4773 1242 4860 Lelandum
1376 4788 1630 4860 contextu
1661 4797 1791 4836 con-

205 4850 462 4921 jiciebam,
482 4858 641 4912 illum
671 4855 975 4910 Simeonem
1001 4867 1101 4908 nec
1123 4854 1174 4907 in
1194 4853 1382 4915 Gallia,
1417 4866 1517 4907 nec
1546 4850 1792 4908 Worma-

210 4923 303 4989 tite,
330 4928 422 4983 sed
450 4930 509 4983 in
532 4926 727 4994 Anglia
755 4941 875 4980 esse
894 4925 1266 4994 quaerendum.

271 5007 291 5032 ε
324 4999 476 5068 Apud
509 4997 578 5053 S.
628 4994 902 5068 ldoclmm.
928 4994 1248 5068 gLegendum
1296 4994 1792 5068 censeo__._lodocum

209 5077 291 5118 seu
313 5063 621 5132 Judaeum;
643 5066 774 5121 cella
802 5063 1074 5120 maritinia
1102 5065 1206 5119 alio
1231 5064 1446 5119 nomine
1470 5063 1674 5127 Wicus,
1695 5078 1792 5119 seu

208 5139 646 5204 monasteriolum
673 5151 817 5192 cura:
846 5136 1053 5191 Alcuini
1096 5151 1238 5189 anno
1282 5134 1385 5190 795
1416 5150 1484 5189 ex
1510 5134 1699 5204 Anglia
1735 5134 1792 5188 in

208 5202 480 5277 Franciam
511 5208 840 5264 revertentis
863 5223 894 5260 a
921 5205 1114 5277 Carolo
1158 5204 1346 5277 Magno
1364 5202 1634 5277 tradilllﬂ‘!
1648 5220 1669 5277 ;_
1694 5204 1793 5277 h0-

210 5273 286 5347 {lie
310 5277 936 5334 Saint-Josse—sur-mer.
972 5276 1093 5331 Vid.
1128 5273 1287 5345 epist.
1316 5275 1385 5331 59
1408 5274 1584 5347 (nunc
1608 5273 1709 5346 44)
1735 5282 1791 5329 et

210 5344 264 5399 81
281 5348 462 5422 inuno
486 5349 581 5422 96)
610 5351 752 5422 inter
777 5355 953 5422 notas.

270 5414 313 5456 δ’
335 5418 471 5475 Vide
500 5413 784 5491 epistolam
816 5417 937 5491 74__(
948 5433 1091 5491 nunc
1113 5416 1215 5487 89)
1246 5431 1446 5491 ex_qua
1473 5413 1793 5491 intelligitur

209 5482 626 5545 Ceommundum
673 5504 765 5544 seu
815 5482 1209 5553 Ceilmundum,
1260 5482 1425 5540 fuisse
1471 5483 1601 5539 Ollae
1649 5482 1791 5554 regis

212 5554 524 5615 Merciorum
553 5560 889 5624 ministrum;
928 5568 984 5613 et
1017 5556 1438 5613 Toretmundum
1469 5571 1562 5610 seu
1588 5555 1792 5610 Torhe-

209 5629 457 5685 mundum
481 5629 754 5686 Hedilredi
790 5645 885 5684 seu
912 5628 1184 5684 Ethelredi
1226 5627 1367 5698 regis
1397 5625 1789 5698 Northumbro-

210 5711 320 5770 rum
347 5700 565 5756 ﬁdelem
605 5699 885 5756 famulum.
924 5701 1002 5755 Ex
1025 5701 1128 5754 hoc
1149 5696 1311 5770 porro
1338 5696 1788 5770 locoinnotescit,

214 5766 590 5842 {Edilhardum
638 5769 817 5829 socios
836 5787 1060 5842 quoque
1090 5766 1170 5826 sui
1200 5770 1425 5825 Romam
1454 5768 1792 5842 itinerisha-

211 5835 383 5898 buisse
409 5847 552 5898 duos
588 5835 896 5913 episcopos;
926 5835 1085 5898 unius
1113 5842 1284 5898 solum
1314 5839 1612 5896 meminere
1637 5839 1792 5894 chro-

1895 3324 2069 3380 nescit
2093 3321 2363 3392 superbia,
2392 3326 2446 3375 et
2470 3326 2563 3372 tua
2590 3314 2850 3388 patientia
2878 3314 3017 3370 sicut
3041 3312 3134 3366 lux
3161 3310 3405 3382 splendet
3430 3310 3482 3367 in

1894 3416 2039 3471 diem
2064 3412 2379 3483 perfectum.

1964 3515 2167 3569 Harum
2205 3511 2432 3566 obsecro
2476 3506 2639 3563 lectio
2689 3505 2996 3560 litterarum
3040 3501 3280 3557 animum
3329 3508 3482 3554 tuum

1790 3602 1799 3615 ’
1894 3608 2163 3667 confortet
2188 3605 2419 3660 viriliter
2455 3617 2636 3674 agere,
2670 3609 2727 3657 et
2761 3606 3075 3657 constanter
3107 3605 3255 3655 stare
3279 3596 3335 3652 in
3366 3595 3484 3652 acie

1893 3697 2164 3755 exercitus
2184 3694 2408 3751 Christi.
2437 3692 2570 3760 Quis
2597 3692 2867 3763 trepidare
2894 3690 3056 3746 debet
3079 3689 3298 3747 Christo
3325 3688 3480 3755 duce,

1891 3800 1949 3848 et
1974 3797 2250 3862 praeeunte
2272 3788 2485 3858 agmina
2516 3784 2831 3841 certaminis
2855 3784 2976 3839 sui?
3005 3782 3162 3839 Prior
3190 3781 3279 3837 ille
3294 3790 3484 3851 porta-

1890 3884 1969 3940 vit
1995 3897 2210 3939 crucem
2241 3895 2397 3937 suam
2435 3879 2505 3934 ad
2541 3878 2869 3949 passionem,
2897 3877 3007 3948 pati
3050 3892 3151 3947 pro
3178 3875 3361 3931 mundi
3396 3890 3483 3930 sa-

1889 3977 2003 4033 lute
2043 3983 2289 4048 paratus,
2320 3972 2563 4029 clamans
2588 3970 2840 4026 omnibus
2866 3988 2880 4025 ε
2910 3968 3015 4035 Qui
3038 3967 3145 4023 vult
3170 3969 3342 4023 venire
3364 3977 3482 4038 post

1892 4088 2116 4166 nologus
2151 4084 2308 4166 Saxo
2361 4083 2825 4166 etAVigorniensis
2867 4082 2935 4166 ad
2968 4096 3168 4135 annum
3193 4081 3296 4163 799
3318 4096 3480 4150 quem

1892 4157 1982 4213 ille
2017 4150 2391 4212 Cinebrihtum
2422 4150 2846 4208 Occidentalium
2873 4151 3148 4207 Saxonum
3171 4150 3479 4220 episcopum

1893 4228 1982 4283 hic
2007 4226 2357 4282 Kinehertum
2387 4224 2643 4280 Ventanaa
2671 4222 2906 4293 civitatis
2928 4220 3236 4293 pontiﬁcem
3263 4229 3477 4293 vocant.

1890 4297 2132 4423 Alt§18°ius
2178 4309 2376 4349 nomen
2424 4307 2583 4349 nemo
2626 4292 2825 4364 prodit.
2877 4291 3105 4358 Pictos,
3152 4306 3294 4349 anno
3344 4291 3479 4359 796,

1892 4385 1949 4423 n.
2058 4406 2072 4420 .

1892 4385 1949 4423 η.
1982 4385 2072 4423 κδ.

1967 4449 1990 4477 e
2015 4436 2117 4503 Qui
2139 4435 2363 4506 forsitan
2381 4435 2619 4490 inimicos
2646 4435 2780 4506 regis
2810 4434 3047 4506 recipias.
3080 4432 3273 4506 Narrat
3308 4432 3484 4505 Roge-

1894 4509 2013 4563 rius
2047 4505 2369 4562 ﬂovedenus
2398 4506 2537 4576 apud
2567 4505 2833 4576 Alfortum
2860 4505 2925 4560 ad
2951 4520 3151 4576 annum
3177 4505 3300 4571 801,
3337 4521 3390 4560 n.
3420 4506 3478 4574 2,

1891 4580 2034 4650 quod
2059 4598 2077 4628 ι
2101 4578 2204 4650 illis
2250 4575 2581 4650 temporibus
2619 4575 2903 4650 Eardullus
2939 4592 3047 4650 re_x_
3084 4575 3480 4650 Northanhum-

1890 4646 2129 4720 brorum
2146 4647 2239 4720 A(in
2281 4646 2434 4720 cujus
2467 4647 2671 4720 ditione
2712 4646 2941 4720 ecclesia
2988 4647 3346 4720 Eboracensis
3374 4647 3476 4703 sita

1890 4728 2009 4775 erat
2045 4715 2261 4841 [sum
2289 4718 2327 4770 l.
2349 4715 2411 4774 ‘c.
2432 4759 2447 4779 ,
2477 4734 2531 4770 n.
2571 4715 2661 4799 5])
2710 4717 2924 4770 duxerit
2956 4718 3254 4772 exercitum
3290 4725 3476 4773 contra

1890 4790 2041 4841 Kenu
2064 4787 2177 4841 lum
2236 4802 2416 4841 regem
2460 4786 2804 4841 Merciorum.
2855 4798 3065 4841 promer
3104 4789 3476 4841 susceptionem

1890 4786 2177 4844 Kenull'um
2236 4802 2416 4859 regem
2460 4786 2804 4859 Merciorum,
2854 4798 3065 4855 propter
3104 4789 3478 4859 susceptionem

1890 4860 2221 4915 inimicorum
2250 4856 2365 4927 ejus
2395 4873 2413 4911 :
2443 4856 2535 4927 qui
2567 4865 2623 4911 et
2660 4857 2773 4926 ipse
2808 4870 3144 4927 congregans
3179 4856 3478 4927 exercitum

1890 4943 2072 4987 secum
2101 4925 2330 4983 aliarum
2374 4925 3069 4997 provinciarumpromovit
3114 4925 3314 4997 auxilia
3360 4927 3478 4996 plu-

1890 4998 2260 5080 rima'.__Longa
2284 4993 2425 5051 inter
2443 5011 2538 5051 cos
2560 4993 2898 5080 expeditione
2929 4993 3090 5080 facta,
3112 4996 3329 5051 tandem
3352 4993 3475 5080 cum

1891 5068 2116 5127 consilio
2134 5067 2507 5139 episcoporum
2528 5074 2584 5121 et
2602 5067 2902 5137 principum
2926 5067 3219 5139 Anglorum
3241 5081 3307 5139 ex
3330 5075 3479 5139 utra-

1890 5155 1995 5212 que
2037 5136 2189 5209 parté
2222 5153 2412 5263 Eacem
2440 5136 2816 5220 inierunttper
2857 5136 3083 5208 gratiam
3114 5138 3248 5220 regis
3273 5136 3474 5220 Anglo-

1890 5227 2026 5263 rum.
2058 5230 2077 5262 ι
2109 5209 2221 5263 Ean
2262 5208 2414 5262 aldus
2437 5206 2686 5263 fortassns
2712 5224 2765 5262 In
2789 5208 2893 5263 illis
2925 5210 3255 5263 temporibus
3281 5209 3474 5263 auibus

1890 5206 2077 5265 rum.)
2109 5206 2414 5279 Eanhaldus
2437 5206 2686 5264 fortassis
2712 5206 2765 5262 in
2789 5206 2893 5263 illis
2925 5206 3255 5279 temporibus
3281 5206 3477 5278 quibus

1889 5277 2289 5335 Northumbrian
2324 5294 2572 5348 regnum,
2615 5288 2736 5349 post
2784 5277 3057 5334 Ethelredi
3085 5277 3313 5341 eadem,
3334 5293 3476 5349 anno

1891 5350 1994 5405 796
2023 5358 2405 5420 perpetratam,
2434 5348 2639 5420 eviluit,
2672 5358 2751 5420 et
2773 5362 2927 5420 reges
2977 5349 3138 5420 illius,
3182 5358 3319 5420 teste
3347 5348 3478 5420 Mal-

1888 5418 2247 5492 mesburiensi
2270 5419 2438 5492 libra}
2467 5419 2598 5492 Reg.
2621 5419 2802 5492 Angl.,
2830 5418 2952 5490 cap.
2977 5418 3066 5492 26,
3092 5421 3158 5475 ad
3189 5418 3475 5492 arbitrium

1889 5489 2353 5573 regis_§axon}1m
2361 5488 2808 5573 _0ccidentaliu_r_n
2854 5488 3192 5573 spectabant,
3230 5490 3477 5573 partibus

1889 5558 2098 5616 Kenulﬁ
2151 5561 2292 5631 regis
2332 5559 2653 5616 Merciorum
2700 5558 2985 5625 adhaesit?
3004 5560 3189 5616 hostes
3237 5558 3475 5615 Eardulﬁ

1889 5631 2139 5687 similiter
2174 5631 2423 5699 recepit,"
2455 5639 2733 5701 terrasque
2776 5631 2989 5685 illorum
3035 5639 3237 5686 tutatus
3274 5639 3380 5698 est,
3409 5645 3477 5689 ac

1886 5711 2172 5785 propterea
2198 5702 2358 5785 hujus
2381 5702 2561 5784 odium
2600 5700 3105 5785 et‘persecutionem
3134 5702 3272 5785 inse
3293 5701 3478 5759 conci—

1890 5771 2056 5829 tavit?
2088 5772 2213 5828 Haec
2236 5771 2384 5855 certe
2421 5772 2593 5842 ipsius
2615 5771 2827 5826 Alcuini
2857 5773 3094 5842 suspicio
3122 5781 3224 5830 est.
