4056 6328
681 419 707 447 ι
735 403 1067 461 EPISTOLA
1104 402 1287 459 CXIX.

560 516 627 555 AD
664 513 910 554 CAROLUI
949 512 1122 551 REGE“
1159 510 1415 550 JUV'ENEI.

217 617 387 676 Carolo
422 614 536 686 ﬁlio
572 611 749 669 Caroli
788 610 969 682 Magni
1009 608 1306 681 gratulatur
1344 607 1406 662 ob
1434 606 1683 686 adeptum
1708 603 1773 661 ab

274 685 548 760 apostolico
596 686 818 760 regium
840 698 1027 760 nomen
1060 696 1178 734 cum
1211 695 1454 760 corona;
1499 687 1548 732 et
1576 685 1774 760 optima

270 746 451 831 prabet
501 746 697 810 monita
749 753 818 808 ad
862 752 986 807 bene
1033 751 1333 823 regendum,
1373 749 1442 803 ad
1482 746 1773 819 exaanm

271 829 447 901 patris.

273 941 392 997 Viro
432 938 631 995 illustri
673 950 729 993 et
764 935 933 1011 [cum]
962 935 1110 992 omni
1138 937 1346 992 honore
1388 932 1714 991 nominando
1744 933 1773 974 δ

208 1031 383 1088 Carolo
410 1031 528 1102 regi
547 1029 735 1099 juveni
768 1036 825 1084 et
851 1028 1073 1099 inclyto,
1095 1026 1324 1082 Albinus
1351 1026 1603 1083 salutem.

266 1121 453 1178 Audivi
508 1133 531 1159 ο
585 1121 842 1175 domuum
886 1118 1241 1189 apostolicum
1287 1116 1497 1189 regium
1544 1131 1770 1182 nomen,

203 1215 405 1271 domino
457 1211 913 1269 excellentissimo
957 1209 1127 1265 David
1183 1209 1554 1267 consentiente
1577 1248 1593 1275 ,
1649 1224 1774 1264 cum

200 1323 386 1363 corona
443 1305 610 1375 regiae
657 1302 934 1374 dignitatis
976 1302 1131 1357 vobis
1196 1300 1540 1371 imposuisse.
1622 1299 1776 1356 Unde

200 1400 424 1471 gaudens
458 1396 668 1467 gaudeo
694 1396 760 1450 de
788 1396 994 1449 honore
1034 1376 1288 1459 nominis,
1316 1392 1482 1447 etiam
1527 1399 1583 1447 et
1624 1398 1777 1462 pote-

197 1490 378 1553 statis;
427 1496 628 1557 optans
676 1492 915 1540 vestram
959 1483 1279 1554 dignitatem
1333 1490 1389 1537 et
1438 1481 1775 1537 nobilitatem

198 1582 368 1637 multis
393 1580 661 1653 prolicere
686 1578 918 1648 populis,
946 1576 1217 1648 gentibus,
1244 1574 1597 1644 ecclesiisque
1619 1574 1778 1629 Chri-

195 1673 255 1727 sti
304 1673 358 1727 in
407 1672 662 1735 salutem,
711 1676 766 1724 et
815 1668 1072 1738 triumphi
1112 1667 1281 1738 gloria
1329 1666 1543 1723 celebre
1570 1682 1690 1723 esse
1719 1667 1774 1722 in

1612 287 1993 348 EPISTOLE.

1794 411 1849 469 Α
1872 402 1997 458 simi
2024 401 2198 473 patris
2227 403 2325 469 tui,
2352 402 2578 459 rectoris
2604 408 2661 458 et
2688 400 3031 473 imperatoris
3066 402 3250 474 populi
3291 400 3450 459 Chri-

3343 288 3449 347 554

1874 492 2061 560 stiani,
2084 495 2513 551 benedictionem
2540 502 2593 549 te
2616 493 2896 564 consequi,
2947 493 3059 549 Deo
3103 494 3337 550 donante
3358 534 3375 562 ,
3404 494 3454 551 si

1872 585 2190 642 nobilitatis.
2207 586 2373 654 illius,
2399 594 2455 642 et
2476 586 2692 657 pietatis
2710 626 2726 653 ,
2753 592 2808 641 et
2829 585 2996 641 totius
3034 585 3311 641 modestiae
3338 599 3455 641 mo-

1874 676 2184 733 resimitari
2206 677 2439 746 nitaris;
2492 677 2815 747 Dominlque
2843 677 3289 745 miscricordiam,
3333 691 3457 748 qua:

1871 768 2069 826 melior
2098 778 2182 826 est
2222 769 2390 837 totius
2423 770 2606 827 saeculi
2658 770 2847 843 gloria,
2882 770 3192 841 plenissime
3240 786 3456 843 prome-

1875 866 2007 922 reri.
2064 866 2382 937 Ubicunque
2425 866 2529 922 iter
2568 867 2774 927 habens
2796 907 2812 933 ,
2865 882 3079 937 semper
3128 876 3180 922 te
3227 867 3457 940 vestigia

1873 959 2094 1031 pietatis
2119 966 2434 1030 sequantur,
2472 969 2533 1015 ut
2556 959 2783 1033 laudem
2813 960 2954 1030 apud
2978 960 3224 1017 homines
3253 960 3455 1018 habeas

1874 1061 1931 1109 et
1958 1054 2263 1111 mercedem
2284 1054 2427 1124 apud
2453 1054 2623 1110 Deum
2650 1062 2984 1126 perpetuam.

1949 1166 2177 1237 Semper
2200 1166 2255 1222 in
2281 1174 2543 1224 aeternum
2572 1166 2759 1222 mundi
2785 1181 2908 1236 spes
2943 1181 3136 1236 magna
3159 1166 3354 1221 valeto.

2021 1259 2105 1316 Sit
2132 1259 2230 1316 tibi
2258 1258 2508 1315 Christus
2537 1275 2710 1326 amor,
2734 1259 2847 1325 lux,
2877 1259 2987 1325 via,
3013 1260 3146 1326 vita,
3184 1258 3348 1313 salus.

2373 1371 2402 1413 ει
2429 1370 2764 1427 EPISTOLA
2785 1370 2948 1427 CXX.

2453 1490 2521 1530 AD
2562 1484 2586 1514 ⁸
2620 1487 2862 1528 BOIDEI.

1878 1586 2127 1643 Carolum
2164 1587 2355 1641 iterum
2382 1584 2626 1655 hortatur
2652 1584 2721 1655 at}
2750 1584 2919 1655 regias
2959 1585 3191 1655 virtutes,
3224 1595 3273 1639 et
3297 1583 3462 1655 patris

1997 1658 2289 1728 exentplum
2317 1654 2652 1710 imitandum.
2678 1654 2941 1725 Prospera
2976 1654 3057 1709 illi
3081 1654 3344 1726 precatur.

194 1763 420 1829 mundo;
458 1777 559 1817 nec
589 1776 696 1816 non
736 1769 791 1816 et
829 1758 1070 1814 terribile
1099 1758 1424 1813 adversariis
1451 1758 1774 1814 Christiana:
1803 1780 1853 1838 Β
1950 1768 2178 1826 Domino
2215 1768 2412 1823 merito
2454 1768 2671 1838 insigni,
2705 1767 2981 1839 regalique
3010 1769 3217 1824 δοηοιιθ
3258 1768 3466 1841 dignis.

191 1856 498 1927 religionis;
549 1855 898 1925 longmvaque
949 1852 1307 1922 prosperitate
1352 1852 1535 1923 vigere
1584 1859 1641 1906 et
1683 1867 1781 1906 va-

189 1946 324 2011 lere;
357 1956 415 2002 et
435 1962 561 2002 cum
594 1946 688 2001 Dei
714 1942 1088 2000 benedictione
1112 1958 1328 2013 semper
1350 1942 1576 1999 meliora
1601 1942 1777 2013 sequi,

184 2050 234 2096 et
260 2041 328 2095 ad
363 2040 565 2095 altiora
603 2039 914 2104 ascendere,
961 2046 1016 2092 et
1052 2051 1301 2094 crescere
1342 2050 1513 2109 usque
1551 2036 1608 2091 in
1635 2035 1781 2093 diem

180 2134 491 2205 perfectum
517 2145 732 2191 aeternae
756 2132 1129 2188 beatitudinis.

244 2225 428 2292 Unde,
470 2226 824 2282 dilectissime
868 2223 945 2278 ﬁli
978 2225 991 2277 ε
1025 2224 1230 2279 faciens
1270 2221 1434 2278 facito
1456 2219 1700 2289 justitias
1728 2228 1784 2277 et

168 2318 596 2374 misericordias
618 2319 673 2372 in
693 2316 891 2386 populo
907 2315 1236 2381 Christiano,
1252 2315 1376 2383 quia
1392 2314 1507 2368 haec
1521 2319 1667 2379 sunt,
1684 2311 1784 2367 Sa-

161 2410 388 2467 lomone
405 2416 717 2463 attestante
737 2406 920 2478 (Prov.
937 2422 1050 2470 am,
1070 2404 1182 2477 l2),
1197 2421 1316 2473 quae
1331 2404 1572 2465 exaltant
1586 2403 1783 2458 solium

158 2503 345 2574 regni,
381 2508 445 2555 et
472 2483 1057 2566 laudabilem'Deoque
1095 2495 1419 2565 placabilem
1447 2494 1651 2565 regiam
1670 2492 1786 2549 elli-

159 2596 315 2651 ciunt
361 2598 731 2663 potestatem.
761 2587 1112 2643 Consiliarios
1154 2588 1353 2643 habeto
1378 2587 1548 2642 bonos
1570 2627 1586 2652 ,
1620 2586 1743 2657 pios
1767 2627 1782 2652 ,

163 2689 507 2761 prudentes,
541 2685 817 2753 Deumque
844 2684 1113 2745 timentes,
1141 2681 1196 2734 in
1218 2679 1414 2751 quibus
1442 2678 1644 2734 veritas
1666 2694 1787 2750 reg-

172 2791 277 2843 net,
312 2794 433 2834 non
461 2775 738 2845 cupiditas
763 2813 777 2838 ,
810 2772 936 2841 quia
964 2787 1182 2825 munera
1206 2779 1470 2825 exerceant
1514 2768 1675 2823 corda
1698 2785 1785 2845 sa-

173 2872 442 2940 pientium
473 2908 490 2935 ,
525 2844 573 2921 et
601 2867 899 2921 subvertunt
930 2863 1083 2917 verba
1102 2862 1373 2932 justorum
1395 2860 1593 2934 (Exod.
1620 2844 1782 2927 xm},

180 2959 251 3031 8).
281 2959 621 3015 Nullatenus
654 2956 959 3026 aliquorum
1011 2954 1331 3023 improbitas
1360 2953 1637 3025 dignitatis
1680 2963 1786 3009 tute

180 3068 377 3108 nomen
413 3051 752 3113 obscurent;
804 3057 857 3102 et
885 3046 1026 3117 quod
1074 3056 1131 3101 tu
1162 3047 1278 3116 ipse
1324 3061 1430 3101 non
1458 3044 1541 3101 vis
1583 3044 1782 3111 facere,

1881 1860 2020 1917 simo
2049 1859 2245 1915 Carolo
2266 1858 2378 1915 lilio
2397 1856 2557 1915 Albin
2594 1857 2975 1929 triumphalem
2994 1858 3051 1914 in
3078 1858 3295 1914 Christo
3323 1859 3466 1915 salu—

1881 1963 2012 2010 tem.
3265 2018 3271 2024 .
3448 1960 3451 1961 '
3502 1934 3512 1941 ’

1952 2044 2174 2101 Gaudeo
2198 2084 2216 2114 ,
2240 2042 2590 2101 dilectissime
2629 2044 2704 2100 ﬁli
2737 2045 2767 2098 Ξ·
2789 2044 2844 2100 ἰιι
2871 2043 3157 2100 devotione
3181 2044 3336 2101 bona:
3366 2059 3467 2099 vo-

1881 2137 2106 2193 luntatis
2123 2144 2340 2204 vestrae,
2371 2151 2532 2207 quam
2563 2134 2750 2191 Osulfo
2774 2135 2976 2191 famulo
3002 2142 3184 2191 vestro
3207 2142 3465 2190 narrante

1881 2228 2059 2284 audivi
2119 2244 2214 2284 seu
2242 2229 2309 2283 de
2355 2227 2819 2298 eleemosynarum
2877 2225 3202 2296 frequentia,
3266 2225 3349 2281 vel
3398 2226 3464 2280 de

1883 2318 2123 2373 mandati
2155 2317 2502 2382 humilitate;
2536 2332 2655 2386 qua:
2697 2316 2914 2381 omnia,
2960 2316 3265 2371 certissime
3308 2315 3466 2380 scito,

1886 2409 1996 2463 Deo
2035 2408 2263 2462 multum
2292 2406 2526 2477 placere,
2571 2416 2996 2476 perpetuamque
3032 2392 3134 2462 tibi
3175 2407 3317 2476 apud
3352 2403 3472 2474 eius

1884 2501 2311 2557 misericordiam
2356 2500 2658 2570 promereri
2710 2499 3160 2555 benedictionem.
3224 2498 3305 2554 Tu
3371 2514 3467 2554 ve-

1885 2607 1949 2647 ro
1993 2590 2070 2646 fili
2117 2591 2193 2645 mi
2218 2592 2230 2644 !
2258 2590 2335 2646 ﬁli
2364 2590 2719 2645 charissime!
2753 2588 2958 2645 faciens
3005 2589 3170 2645 facito
3214 2589 3313 2645 Dei
3353 2605 3471 2646 om-

1885 2685 2182 2755 nipotentis
2235 2699 2483 2755 semper,
2524 2691 2785 2755 quantum
2832 2682 3013 2738 valeas
3037 2722 3052 2747 ,
3112 2682 3372 2736 honorem
3414 2681 3472 2736 in

1884 2776 2033 2833 omni
2083 2775 2325 2831 bonitate
2373 2784 2429 2830 et
2473 2774 2711 2846 pietate;
2746 2788 2978 2844 sequens
3028 2771 3468 2827 excellentissimi

1885 2866 2060 2937 patris
2110 2866 2191 2920 tui
2230 2865 2476 2935 exempla
2525 2864 2582 2919 in
2632 2864 2780 2919 omni
2834 2864 3119 2918 honestate
3160 2870 3217 2917 et
3266 2864 3474 2919 sobrie-

1888 2970 2037 3027 tate,
2085 2968 2353 3031 quatenus
2381 2958 2564 3014 divina
2623 2956 2827 3013 Christi
2872 2955 2970 3011 Dei
3012 2956 3297 3011 clementia
3330 2954 3475 3011 illius

1888 3054 2320 3111 benedictionem
2350 3060 2404 3108 te
2449 3050 2794 3108 haereditario
2816 3047 2941 3120 jure
2967 3049 3243 3120 possidere
3280 3064 3476 3105 conce«

183 3147 313 3201 alios
340 3161 455 3201 non
478 3144 768 3215 permittas
787 3149 1007 3212 propter
1023 3140 1375 3210 cupiditatem
1397 3155 1551 3194 suam
1581 3139 1784 3210 impro-
1812 3133 1862 3198 C
1892 3148 2003 3204 dat,

180 3240 242 3295 ba
294 3248 490 3295 mente
546 3237 759 3292 efﬁcere
802 3252 817 3302 ;
863 3235 991 3304 quia
1037 3247 1180 3304 saepe
1215 3231 1582 3302 subiectorum
1626 3232 1785 3303 culpa

180 3336 414 3391 dominis
459 3334 780 3402 deputatur.
811 3328 957 3385 Neve
985 3328 1287 3399 aliquorum
1311 3328 1476 3397 impia
1499 3327 1783 3393 voluntas,

179 3428 273 3483 sub
296 3436 404 3483 tua:
456 3422 822 3481 beatitudinis
848 3422 1086 3486 nomine,
1137 3420 1383 3476 sacculos
1413 3435 1541 3476 suos
1564 3418 1788 3489 impleat

180 3519 487 3588 iniquitatis
548 3530 877 3570 mammona.
907 3511 1028 3569 Non
1061 3521 1187 3568 sunt
1228 3513 1329 3569 tibi
1354 3512 1601 3583 exempla
1629 3512 1788 3583 longe

177 3609 512 3679 quaerenda;
576 3606 744 3661 habes
792 3606 935 3660 enim
987 3605 1040 3659 in
1087 3603 1248 3659 domo
1288 3605 1343 3659 in
1392 3620 1497 3675 qua
1548 3605 1787 3659 nutritus

178 3699 339 3767 fuisti,
356 3701 587 3772 optima
605 3698 770 3753 totius
792 3697 1050 3752 bonitatis
1073 3695 1320 3767 exempla
1345 3713 1360 3761 ;
1387 3704 1442 3749 et
1463 3694 1642 3761 crede,
1668 3711 1787 3751 cer—

177 3795 379 3850 tissime
417 3793 589 3849 illius
614 3790 1054 3847 excellentissimi
1075 3796 1130 3844 et
1154 3790 1303 3846 omni
1342 3789 1537 3845 decore
1564 3787 1788 3845 nobilis-

240 3960 266 3989 ει
287 3948 544 4005 Froben.
578 3946 737 4017 epist.
767 3946 891 4003 178.

242 4019 269 4058 δ
296 4019 506 4074 Carolo
567 4014 675 4088 regi
704 4018 905 4088 juveni.
940 4016 1043 4084 Qui
1074 4014 1177 4070 fuit
1203 4014 1386 4071 Caroli
1433 4014 1610 4087 Magni
1646 4014 1789 4088 filius

176 4097 299 4144 natu
347 4090 541 4159 maior
573 4087 641 4143 ex
668 4087 990 4159 Hildegarde
1033 4088 1238 4159 regina,
1295 4094 1457 4159 natus
1485 4101 1626 4142 anno
1657 4087 1786 4159 172,

176 4162 399 4230 posthac
442 4155 629 4217 rebus
653 4161 791 4214 bene
829 4155 996 4230 gestis
1023 4164 1078 4213 et
1102 4155 1367 4213 ‘victoriis
1397 4158 1600 4213 clarus.
1644 4155 1791 4212 Obiit

178 4229 300 4287 vero
326 4241 461 4288 ante
482 4237 713 4303 patrem
739 4229 881 4303 anno
904 4229 1028 4284 8H.

132 4326 145 4345 -
244 4314 267 4343 ε
303 4299 604 4373 Damnum
627 4299 971 4373 apostolicum
993 4299 1191 4373 regium
1218 4315 1472 4373 nomen...
1494 4313 1791 4373 cumporc-

176 4368 684 4446 na...irttposuisse.
714 4372 791 4426 De
809 4372 920 4446 hac
935 4368 1080 4446 regia
1106 4369 1456 4446 coronatione
1483 4368 1664 4446 (Samii
1692 4382 1790 4446 per

175 4438 547 4522 apostolicum
583 4442 924 4522 altum_ap_ud
954 4438 1247 4522 scriptores
1268 4439 1564 4522 silentium.
1606 4438 1786 4521 Pippi~

174 4507 298 4572 num
326 4517 582 4641 qluidem
595 4522 650 4569 et
662 4507 990 4596 Ludovicum
1009 4507 1149 4594 ﬁlios
1158 4509 1337 4565 Caroli
1352 4510 1527 4594 Magni
1542 4507 1788 4593 juniores

175 4603 314 4641 anno
380 4588 449 4641 81
479 4586 567 4641 ab
593 4584 875 4640 Adriano]
918 4598 1051 4641 pana
1079 4599 1133 4636 ιιι
1165 4597 1319 4641 reges
1345 4581 1512 4638 fuisse
1540 4588 1788 4637 inunctos

175 4603 314 4643 anno
342 4581 449 4644 781
479 4586 567 4641 ab
593 4584 875 4640 Adriano]
917 4598 1051 4653 papa
1079 4583 1133 4636 in
1165 4597 1319 4653 reges
1345 4581 1512 4638 fuisse
1540 4582 1790 4653 inunctos

176 4667 390 4715 constat
418 4673 529 4713 ore
563 4656 815 4712 omnium
843 4650 1003 4709 illius
1021 4653 1120 4709 τενὶ
1148 4650 1535 4707 annalistarum
1558 4668 1572 4717 ;
1599 4651 1668 4707 de
1689 4650 1792 4706 Ca-

175 4730 287 4785 rolo
311 4739 457 4785 natu
492 4726 717 4794 majore
748 4734 928 4781 tacent
957 4739 1166 4779 onmes.
1200 4724 1411 4778 lllustre
1450 4739 1598 4794 nunc
1630 4722 1791 4794 nulli-_

177 4817 277 4870 que
300 4801 481 4856 dubio
496 4792 1005 4870 subjectnmghujus
1027 4794 1153 4850 facti
1182 4794 1548 4870 testiinonium
1576 4792 1791 4848 Alcuini

175 4865 446 4928 habemus
474 4888 491 4939 ;
550 4865 706 4940 quod
731 4868 798 4922 ad
833 4868 977 4921 hunc
1015 4881 1215 4940 annum
1262 4865 1367 4940 βρς)
1406 4873 1461 4920 et
1491 4865 1653 4928 diem,
1685 4879 1795 4935 quo

175 4940 407 5016 Carolus
430 4935 676 5016 quoque
690 4947 849 5016 pater
868 4953 1073 5016 corona
1089 4935 1352 5016 imperiali
1375 4951 1407 5016 a
1426 4950 1644 5016 summo
1656 4949 1797 5016 pon-

178 5012 321 5069 tiﬁce
349 5006 559 5068 Leone
592 5006 661 5064 lll
689 5006 974 5079 insignitus
1001 5008 1125 5073 fuit,
1149 5006 1490 5062 referendum
1511 5006 1794 5079 existimo;

175 5082 323 5139 illum
349 5085 519 5140 enim
569 5076 836 5135 Alcuinu's
879 5080 968 5134 hic
992 5086 1150 5134 vocat
1177 5085 1440 5132 rectorem
1484 5085 1532 5130 et
1568 5076 1797 5147 impera-

176 5163 342 5237 tnorem
378 5152 595 5237 populi
621 5149 934 5234 Christiani.
955 5150 1036 5232 .Et
1061 5161 1191 5237 sane
1220 5147 1799 5237 conjeclqu'amLmeam

177 5217 409 5281 firmare
432 5217 673 5280 videtur
698 5221 1064 5277 testimonium
1090 5218 1363 5273 Anastasii
1396 5217 1801 5273 Bibliothecarii

175 5295 231 5349 in
260 5296 396 5352 Vita
440 5293 666 5351 Leonis
706 5292 772 5346 lll
796 5308 969 5362 papae,
1013 5288 1106 5362 qui
1128 5290 1249 5362 ait:
1285 5307 1305 5340 ι
1336 5287 1484 5343 Illico
1516 5286 1803 5362 sanctissi-

177 5381 301 5421 mus
330 5369 598 5422 antistes
625 5371 682 5419 et
704 5356 1129 5433 pontifex'urisit
1166 5359 1284 5414 oleo
1305 5356 1797 5433 sa_ncto_Carplun_),

174 5442 230 5512 et
243 5426 797 5512 excellentissimum
822 5432 991 5512 lilium
1015 5432 1130 5512 ejus
1155 5444 1337 5512 regem
1359 5430 1476 5512 ipso
1493 5429 1580 5483 die
1599 5426 1804 5512 ljalalis

176 5505 407 5564 Domini
458 5505 653 5564 nostri
679 5501 807 5558 Jesu
856 5497 1076 5559 Christi.
1116 5522 1135 5554 ι
1182 5497 1309 5556 scio
1352 5497 1529 5554 virum
1579 5497 1712 5553 clar.
1737 5497 1801 5552 D.

180 5576 501 5651 hiat-tinum
558 5574 811 5645 Bouquet
844 5585 991 5651 tom.
1023 5572 1067 5629 ν
1097 5570 1275 5651 S_crip.
1328 5570 1459 5651 Rer:
1677 5583 1801 5651 pag.

176 5648 309 5717 466,
337 5652 505 5708 inter
540 5638 715 5703 notas
731 5653 786 5701 et
811 5645 946 5700 alios
975 5645 1092 5700 hinc
1113 5638 1458 5717 interpretari
1489 5640 1555 5694 de
1568 5638 1808 5717 _Pippino

178 5709 368 5792 Caroli
397 5721 529 5776 tilio
552 5757 579 5792 Α,
614 5716 917 5792 q_u_i_relicto
940 5731 1063 5792 cum
1086 5709 1326 5792 exercitu
1368 5709 1658 5792 Winegiso.
1671 5712 1810 5766 duce

182 5788 509 5866 Spoletano
546 5789 614 5845 in
631 5783 842 5844 Urbem
865 5786 1092 5853 venerit,
1123 5793 1179 5841 et
1212 5783 1287 5841 ibi
1322 5791 1516 5840 unctus
1545 5783 1617 5837 sit
1645 5783 1700 5836 iu
1724 5796 1809 5837 reo

1960 3242 2091 3298 Esto
2115 3241 2439 3297 miserorum
2463 3238 2586 3308 pius
2614 3237 2832 3293 auditor
2853 3278 2867 3303 ,
2902 3250 3205 3306 causasque
3248 3234 3467 3290 illorum

1882 3331 2182 3402 iustissime
2210 3332 2563 3397 discernens;
2598 3344 2774 3400 neque
2797 3328 3072 3397 subjectos
3101 3336 3204 3383 tum
3222 3326 3476 3397 'pOtesta-

1889 3427 1931 3481 ti
1948 3425 2161 3496 iudices
2183 3426 2471 3495 permittas
2491 3438 2588 3493 per
2614 3422 2884 3492 sportulas
2903 3421 2989 3477 vel
3024 3420 3245 3491 praemia
3268 3419 3479 3488 judica—

1890 3531 1969 3583 re,
1994 3517 2120 3588 quia
2163 3531 2405 3581 munera,
2448 3523 2509 3569 ut
2531 3515 2587 3570 in
2633 3513 2915 3583 Scriptura
2941 3512 3156 3584 legitur,
3210 3517 3476 3566 excaecant

1890 3609 2052 3663 corda
2075 3609 2390 3679 sapientum,
2408 3616 2457 3661 et
2479 3606 2778 3662 subvertant
2810 3606 2962 3660 verba
2983 3604 3253 3675 justorum
3278 3602 3476 3672 (Exod.

1890 3717 2050 3767 χιιι,
2079 3698 2158 3772 8).
2210 3698 2567 3755 Honorabiles
2615 3697 2814 3754 habeto
2842 3696 3076 3752 famulos
3103 3693 3327 3759 Christi,
3383 3692 3478 3764 qui

1888 3796 2005 3853 veri
2032 3794 2141 3851 sint
2169 3794 2314 3851 servi
2343 3793 2461 3862 Dei,
2490 3793 2617 3865 quia
2638 3791 2858 3863 quidam
2879 3792 3090 3847 ueniunt
3108 3791 3166 3845 in
3201 3789 3478 3844 vestimen-

1890 3964 2032 4074 gem,
2054 3949 2221 4033 Italia;
2254 3949 2479 4005 scilicet.
2509 3949 2580 4003 At
2606 3949 2751 4033 enim
2774 3948 3057 4019 Pippinum
3087 3946 3143 4001 in
3173 3962 3353 4019 regem
3375 3945 3484 4028 ita-

1912 4036 1977 4074 ue
2016 4035 2121 4074 tant
2168 4022 2256 4074 dlll
2284 4028 2441 4074 antea
2466 4021 2534 4074 ab
2575 4019 2814 4074 Adriano
2860 4033 2999 4074 pana
3045 4025 3265 4072 unctum
3313 4016 3481 4072 fuisse

1912 4016 1977 4075 ite
2009 4019 2121 4089 jam
2168 4021 2256 4075 ditt
2284 4028 2441 4075 antea
2466 4021 2534 4074 ab
2575 4019 2814 4074 Adriano
2839 4016 2999 4089 papa
3045 4016 3265 4089 unctum
3312 4016 3481 4089 fuisse

1890 4086 2025 4146 mort
2042 4090 2294 4144 diximus.
2326 4089 2647 4144 Anastasius
2680 4104 2811 4159 ergo
2851 4086 3145 4159 tie—Carolo
3168 4086 3482 4159 Caroli_filio

1892 4160 2271 4231 intelligendus
2290 4168 2390 4223 est,
2419 4160 2512 4229 qui
2542 4168 2673 4213 natu
2696 4156 2875 4228 major
2896 4174 3052 4231 nunc
3066 4158 3119 4231 in
3161 4158 3312 4231 regni
3338 4156 3485 4231 futu-

1893 4247 2014 4286 rum
2037 4227 2404 4286 successorem
2428 4227 2717 4287 coronatus
2737 4227 2821 4285 est
2850 4245 2880 4284 a
2906 4228 3162 4299 pontifice
3191 4227 3390 4284 Leone.
3418 4228 3487 4299 Et

1892 4302 1958 4357 de
1983 4302 2173 4356 eodem
2200 4300 2577 4357 Frodoardum‘

1892 4371 2072 4427 Mabil.
2096 4371 2220 4427 Act.
2248 4370 2348 4428 SS.
2379 4369 2509 4427 0rd.
2537 4369 2595 4427 S.

1891 4442 2018 4509 504,
2046 4443 2102 4498 in
2116 4443 2200 4499 his
2212 4443 2458 4499 versibus
2477 4461 2490 4497 ε

2014 4575 2171 4624 Sumit
2189 4575 2450 4637 apostolica
2475 4583 2730 4634 augustam
2753 4588 2842 4624 rex
2862 4576 2984 4625 sede
3008 4588 3237 4626 coronam

2016 4637 2349 4699 Conclamatur
2375 4638 2527 4685 honos
2550 4637 2776 4686 Romanis
2793 4638 3010 4699 patribus
3035 4644 3222 4699 auctus,

2015 4698 2312 4761 imperiique
2338 4701 2496 4748 nltent
2519 4698 2814 4747 Francorum
2834 4707 3030 4760 sceptra
3053 4698 3255 4761 decore,

2019 4758 2168 4821 Regis
2194 4758 2245 4809 et
2267 4761 2326 4809 ad
2350 4773 2557 4822 regnum
2581 4761 2777 4823 genitus
2792 4758 3167 4819 sacro‘unguine
3185 4758 3363 4823 surgit.

2660 4316 2835 4370 noque
2855 4298 3118 4356 cecinisse
3144 4308 3294 4371 puto,
3343 4298 3483 4368 apud
3554 4326 3557 4327 ν

2701 4371 2822 4426 ned.
2847 4380 2986 4442 part.
3015 4387 3076 4437 ιι,
3094 4386 3219 4429 suac.
3247 4386 3331 4438 ιιι,
3358 4385 3482 4441 pag.

1965 4863 2098 4931 Quis
2128 4865 2298 4935 magis
2337 4862 2406 4917 ad
2426 4879 2665 4935 _regnum
2700 4864 2905 4935 genitus
2928 4904 2942 4927 ,
2969 4878 3132 4933 quam
3158 4864 3488 4935 primogeni-

1899 4936 2028 4991 tus?
2050 4932 2381 5006 quapropter
2418 4932 2739 5006 Sirmondu‘s
2785 4932 3057 5006 immerito
3076 4932 3272 5006 corrigi
3325 4932 3491 5006 voluit

1897 5003 2305 5075 inscriptionem
2335 5004 2592 5060 carminis
2616 5004 2688 5060 25
2720 5005 2844 5061 libri
2895 5021 2949 5060 tv
2997 5021 3169 5062 carm.
3207 5003 3488 5060 Theodulli

1898 5074 2156 5148 episcopi
2182 5074 2627 5148 Aurelianensis,
2677 5076 2747 5148 ad
2787 5075 3038 5130 Carolum
3090 5092 3279 5148 regem,
3306 5075 3487 5148 magni

1901 5145 2107 5228 scilicet
2127 5146 2305 5228 Caroli
2335 5145 2524 5228 lilium.
2563 5145 2676 5228 Rex
2707 5147 2998 5228 siquidem,
3023 5154 3084 5228 ut
3116 5145 3377 5228 Alcuinus
3402 5145 3493 5200 hic

1903 5216 2119 5283 asserit,
2145 5216 2247 5273 fuit
2270 5232 2379 5273 non
2407 5225 2618 5273 tantum
2632 5216 2828 5274 honore
2858 5219 3108 5284 nominis,
3126 5218 3215 5272 sed
3232 5218 3390 5272 etiam
3404 5233 3495 5288 po-

1904 5289 2131 5344 testatis.

1973 5357 2002 5399 d
2030 5357 2268 5430 Eroben.
2293 5360 2453 5430 epist.
2480 5360 2604 5416 {'79.

1979 5440 2002 5470 ο
2030 5427 2180 5484 Hanc
2202 5424 2483 5501 epistolam
2506 5429 2674 5501 priori
2703 5430 2770 5485 ad
2799 5428 3048 5501 eumdem
3083 5426 3336 5501 Carolum
3367 5424 3492 5496 jun-

1907 5501 2102 5572 gimus,
2135 5497 2383 5571 quamvis
2412 5518 2477 5557 ex
2504 5497 2657 5557 textu
2685 5501 2830 5568 illius
2873 5497 3330 5572 haudadmodum
3362 5514 3492 5572 con-

1909 5569 2057 5627 Stare
2083 5569 2273 5640 possit,
2315 5590 2384 5628 an
2426 5572 2616 5628 eodem
2641 5613 2656 5637 ,
2691 5579 2784 5626 aut
2811 5587 2917 5641 quo
2965 5569 3071 5624 alio
3099 5584 3242 5641 anno
3291 5569 3492 5638 scripta

1910 5638 2101 5697 fuerit;
2132 5642 2210 5697 Ex
2242 5643 2349 5698 illis
2383 5653 2563 5698 tamen
2608 5641 2788 5699 verbis
2818 5638 2846 5695 ξ
2866 5640 3045 5710 Neque
3092 5638 3348 5710 subjectos
3391 5649 3496 5693 tua:

1910 5657 2091 5697 tuerit.
2132 5657 2210 5697 tax
2242 5657 2349 5698 nus
2383 5657 2563 5698 tamen
2608 5657 2788 5699 vernis
2818 5657 2832 5695 :
2866 5657 3045 5764 utique
3092 5657 3348 5710 “40186108
3391 5657 3490 5693 tua:

1910 5714 2153 5785 potestati
2174 5713 2384 5785 judices
2409 5714 2931 5785 permittas,elc.,co
2976 5709 3045 5785 igi
3074 5724 3233 5780 posse
3259 5710 3490 5785 videtur,

1913 5780 2307 5853 Carolum'jam
2340 5780 2471 5841 tunc
2493 5783 2643 5856 regia
2673 5790 2943 5855 potestate
2970 5780 3138 5839 fuisse
3181 5780 3492 5851 pmditum.
