  <div class='ocr_page' id='page_1' title='image "/cluster/home/n/w/nwhite01/storage/ocr_20150623/100/hvd.32044024239972/185.png"; bbox 0 0 4056 6328; ppageno 0'>
   <div class='ocr_carea' id='block_1_1' title="bbox 518 381 625 440">
    <p class='ocr_par' dir='ltr' id='par_1_1' title="bbox 518 381 625 440">
     <span class='ocr_line' id='line_1_1' title="bbox 518 381 625 440; baseline -0.019 0"><span class='ocrx_word' id='word_1_1' title='bbox 518 381 625 440; x_wconf 71' lang='lat'><strong>559</strong></span> 
     </span>
    </p>
   </div>
   <div class='ocr_carea' id='block_1_2' title="bbox 940 481 1662 552">
    <p class='ocr_par' dir='ltr' id='par_1_2' title="bbox 940 481 1662 552">
     <span class='ocr_line' id='line_1_2' title="bbox 940 481 1662 552; baseline -0.006 -14"><span class='ocrx_word' id='word_1_2' title='bbox 940 497 966 526; x_wconf 70' lang='grc' dir='ltr'><strong>ι</strong></span> <span class='ocrx_word' id='word_1_3' title='bbox 998 481 1325 552; x_wconf 79' lang='lat' dir='ltr'><strong>EPISTOLA</strong></span> <span class='ocrx_word' id='word_1_4' title='bbox 1373 481 1605 538; x_wconf 78' lang='lat' dir='ltr'><strong>cxxiv.</strong></span> <span class='ocrx_word' id='word_1_5' title='bbox 1634 482 1662 522; x_wconf 69' lang='grc' dir='ltr'>δ</span> 
     </span>
    </p>
   </div>
   <div class='ocr_carea' id='block_1_3' title="bbox 581 585 2027 636">
    <p class='ocr_par' dir='ltr' id='par_1_3' title="bbox 581 585 2027 636">
     <span class='ocr_line' id='line_1_3' title="bbox 581 585 2027 636; baseline -0.01 0"><span class='ocrx_word' id='word_1_6' title='bbox 581 598 648 636; x_wconf 73' lang='grc' dir='ltr'><strong>ΑΒ</strong></span> <span class='ocrx_word' id='word_1_7' title='bbox 685 591 708 619; x_wconf 68' lang='grc' dir='ltr'><strong>θ</strong></span> <span class='ocrx_word' id='word_1_8' title='bbox 740 592 1006 635; x_wconf 68' lang='lat' dir='ltr'><strong>GEORGIUH</strong></span> <span class='ocrx_word' id='word_1_9' title='bbox 1036 589 1410 631; x_wconf 69' lang='lat' dir='ltr'><strong>PATRIABCIIAII</strong></span> <span class='ocrx_word' id='word_1_10' title='bbox 1441 588 1594 627; x_wconf 76' lang='lat' dir='ltr'><strong>URBIS</strong></span> <span class='ocrx_word' id='word_1_11' title='bbox 1625 585 2027 626; x_wconf 68' lang='grc' dir='ltr'>ιιιιειιοδοωιιᾱς.</span> 
     </span>
    </p>
   </div>
   <div class='ocr_carea' id='block_1_4' title="bbox 520 684 2095 766">
    <p class='ocr_par' dir='ltr' id='par_1_4' title="bbox 520 684 2095 766">
     <span class='ocr_line' id='line_1_4' title="bbox 520 684 2095 766; baseline -0.012 -13"><span class='ocrx_word' id='word_1_12' title='bbox 520 696 744 766; x_wconf 82' lang='lat' dir='ltr'><strong>Georgio</strong></span> <span class='ocrx_word' id='word_1_13' title='bbox 773 691 1076 766; x_wconf 71' lang='lat' dir='ltr'><strong>gratulatur</strong></span> <span class='ocrx_word' id='word_1_14' title='bbox 1089 690 1150 744; x_wconf 89' lang='lat' dir='ltr'><strong>ob</strong></span> <span class='ocrx_word' id='word_1_15' title='bbox 1172 689 1481 766; x_wconf 74' lang='lat' dir='ltr'><strong>dignitatem</strong></span> <span class='ocrx_word' id='word_1_16' title='bbox 1517 687 1573 739; x_wconf 90' lang='lat' dir='ltr'><strong>in</strong></span> <span class='ocrx_word' id='word_1_17' title='bbox 1594 685 1706 766; x_wconf 78' lang='lat' dir='ltr'><strong>loco</strong></span> <span class='ocrx_word' id='word_1_18' title='bbox 1736 684 2095 766; x_wconf 57' lang='lat' dir='ltr'><strong>sanctissimo;</strong></span> 
     </span>
    </p>
   </div>
   <div class='ocr_carea' id='block_1_5' title="bbox 591 753 2093 828">
    <p class='ocr_par' dir='ltr' id='par_1_5' title="bbox 591 753 2093 828">
     <span class='ocr_line' id='line_1_5' title="bbox 591 753 2093 828; baseline -0.011 -7"><span class='ocrx_word' id='word_1_19' title='bbox 591 753 833 821; x_wconf 56' lang='lat' dir='ltr'><strong>hortatur</strong></span> <span class='ocrx_word' id='word_1_20' title='bbox 859 763 928 817; x_wconf 83' lang='lat' dir='ltr'><strong>ad</strong></span> <span class='ocrx_word' id='word_1_21' title='bbox 969 753 1269 828; x_wconf 80' lang='lat' dir='ltr'><strong>patientiam</strong></span> <span class='ocrx_word' id='word_1_22' title='bbox 1306 760 1361 811; x_wconf 88' lang='lat' dir='ltr'><strong>in</strong></span> <span class='ocrx_word' id='word_1_23' title='bbox 1391 757 1742 828; x_wconf 83' lang='lat' dir='ltr'><strong>persecutione</strong></span> <span class='ocrx_word' id='word_1_24' title='bbox 1782 753 2093 822; x_wconf 80' lang='lat' dir='ltr'><strong>inﬁdelium.</strong></span> 
     </span>
    </p>
   </div>
   <div class='ocr_carea' id='block_1_6' title="bbox 593 825 1801 906">
    <p class='ocr_par' dir='ltr' id='par_1_6' title="bbox 593 825 1801 906">
     <span class='ocr_line' id='line_1_6' title="bbox 593 825 1801 906; baseline -0.012 -13"><span class='ocrx_word' id='word_1_25' title='bbox 593 838 662 894; x_wconf 91' lang='lat' dir='ltr'><strong>Se</strong></span> <span class='ocrx_word' id='word_1_26' title='bbox 683 851 904 906; x_wconf 87' lang='lat' dir='ltr'><strong>suosque</strong></span> <span class='ocrx_word' id='word_1_27' title='bbox 932 825 1075 887; x_wconf 85' lang='lat' dir='ltr'><strong>illius</strong></span> <span class='ocrx_word' id='word_1_28' title='bbox 1102 825 1424 884; x_wconf 86' lang='lat' dir='ltr'><strong>orationibus</strong></span> <span class='ocrx_word' id='word_1_29' title='bbox 1453 825 1801 880; x_wconf 81' lang='lat' dir='ltr'><strong>commendat.</strong></span> 
     </span>
    </p>
   </div>
   <div class='ocr_carea' id='block_1_7' title="bbox 591 936 2096 1004">
    <p class='ocr_par' dir='ltr' id='par_1_7' title="bbox 591 936 2096 1004">
     <span class='ocr_line' id='line_1_7' title="bbox 591 936 2096 1004; baseline -0.01 -1"><span class='ocrx_word' id='word_1_30' title='bbox 591 947 910 1004; x_wconf 76' lang='lat' dir='ltr'><strong>Benedictus</strong></span> <span class='ocrx_word' id='word_1_31' title='bbox 931 944 1074 999; x_wconf 88' lang='lat' dir='ltr'><strong>Deus</strong></span> <span class='ocrx_word' id='word_1_32' title='bbox 1097 953 1154 998; x_wconf 89' lang='lat' dir='ltr'><strong>et</strong></span> <span class='ocrx_word' id='word_1_33' title='bbox 1173 940 1428 995; x_wconf 89' lang='lat' dir='ltr'><strong>Dominus</strong></span> <span class='ocrx_word' id='word_1_34' title='bbox 1448 946 1633 994; x_wconf 88' lang='lat' dir='ltr'><strong>noster</strong></span> <span class='ocrx_word' id='word_1_35' title='bbox 1653 936 1809 992; x_wconf 72' lang='lat' dir='ltr'><strong>Iesus</strong></span> <span class='ocrx_word' id='word_1_36' title='bbox 1828 937 2096 1000; x_wconf 77' lang='lat' dir='ltr'><strong>Christus,</strong></span> 
     </span>
    </p>
   </div>
   <div class='ocr_carea' id='block_1_8' title="bbox 521 1026 2098 1112">
    <p class='ocr_par' dir='ltr' id='par_1_8' title="bbox 521 1026 2098 1112">
     <span class='ocr_line' id='line_1_8' title="bbox 521 1026 2098 1112; baseline -0.011 -14"><span class='ocrx_word' id='word_1_37' title='bbox 521 1043 613 1112; x_wconf 89' lang='lat' dir='ltr'><strong>qui</strong></span> <span class='ocrx_word' id='word_1_38' title='bbox 643 1039 883 1096; x_wconf 90' lang='lat' dir='ltr'><strong>visitavit</strong></span> <span class='ocrx_word' id='word_1_39' title='bbox 913 1038 1123 1109; x_wconf 82' lang='lat' dir='ltr'><strong>plebem</strong></span> <span class='ocrx_word' id='word_1_40' title='bbox 1152 1049 1326 1097; x_wconf 91' lang='lat' dir='ltr'><strong>suam,</strong></span> <span class='ocrx_word' id='word_1_41' title='bbox 1349 1040 1404 1088; x_wconf 90' lang='lat' dir='ltr'><strong>et</strong></span> <span class='ocrx_word' id='word_1_42' title='bbox 1433 1032 1596 1102; x_wconf 80' lang='lat' dir='ltr'><strong>elegit</strong></span> <span class='ocrx_word' id='word_1_43' title='bbox 1640 1029 1911 1084; x_wconf 82' lang='lat' dir='ltr'><strong>civitatem</strong></span> <span class='ocrx_word' id='word_1_44' title='bbox 1939 1026 2098 1082; x_wconf 83' lang='lat' dir='ltr'><strong>Jeru-</strong></span> 
     </span>
    </p>
   </div>
   <div class='ocr_carea' id='block_1_9' title="bbox 521 1120 2097 1200">
    <p class='ocr_par' dir='ltr' id='par_1_9' title="bbox 521 1120 2097 1200">
     <span class='ocr_line' id='line_1_9' title="bbox 521 1120 2097 1200; baseline -0.01 -12"><span class='ocrx_word' id='word_1_45' title='bbox 521 1133 710 1197; x_wconf 82' lang='lat' dir='ltr'><strong>salem,</strong></span> <span class='ocrx_word' id='word_1_46' title='bbox 739 1129 997 1200; x_wconf 80' lang='lat' dir='ltr'><strong>sanguine</strong></span> <span class='ocrx_word' id='word_1_47' title='bbox 1030 1125 1416 1196; x_wconf 87' lang='lat' dir='ltr'><strong>redemptionis</strong></span> <span class='ocrx_word' id='word_1_48' title='bbox 1454 1131 1654 1178; x_wconf 58' lang='lat' dir='ltr'><strong>nostra).</strong></span> <span class='ocrx_word' id='word_1_49' title='bbox 1681 1120 2097 1185; x_wconf 84' lang='lat' dir='ltr'><strong>sanctissimam,</strong></span> 
     </span>
    </p>
   </div>
   <div class='ocr_carea' id='block_1_10' title="bbox 521 1213 2101 1298">
    <p class='ocr_par' dir='ltr' id='par_1_10' title="bbox 521 1213 2101 1298">
     <span class='ocr_line' id='line_1_10' title="bbox 521 1213 2101 1298; baseline -0.01 -17"><span class='ocrx_word' id='word_1_50' title='bbox 521 1238 576 1282; x_wconf 91' lang='lat' dir='ltr'><strong>et</strong></span> <span class='ocrx_word' id='word_1_51' title='bbox 602 1223 1042 1298; x_wconf 80' lang='lat' dir='ltr'><strong>gloriosissimam</strong></span> <span class='ocrx_word' id='word_1_52' title='bbox 1071 1219 1311 1288; x_wconf 87' lang='lat' dir='ltr'><strong>ejusdem</strong></span> <span class='ocrx_word' id='word_1_53' title='bbox 1353 1217 1450 1274; x_wconf 90' lang='lat' dir='ltr'><strong>Dei</strong></span> <span class='ocrx_word' id='word_1_54' title='bbox 1477 1226 1531 1272; x_wconf 88' lang='lat' dir='ltr'><strong>et</strong></span> <span class='ocrx_word' id='word_1_55' title='bbox 1575 1215 1783 1280; x_wconf 51' lang='lat' dir='ltr'><strong>Domini</strong></span> <span class='ocrx_word' id='word_1_56' title='bbox 1818 1213 1987 1270; x_wconf 87' lang='lat' dir='ltr'><strong>nostri</strong></span> <span class='ocrx_word' id='word_1_57' title='bbox 2014 1226 2101 1266; x_wconf 84' lang='lat' dir='ltr'><strong>re-</strong></span> 
     </span>
    </p>
   </div>
   <div class='ocr_carea' id='block_1_11' title="bbox 521 1305 2097 1380">
    <p class='ocr_par' dir='ltr' id='par_1_11' title="bbox 521 1305 2097 1380">
     <span class='ocr_line' id='line_1_11' title="bbox 521 1305 2097 1380; baseline -0.01 -6"><span class='ocrx_word' id='word_1_58' title='bbox 521 1317 886 1380; x_wconf 90' lang='lat' dir='ltr'><strong>surrectione;</strong></span> <span class='ocrx_word' id='word_1_59' title='bbox 918 1321 975 1369; x_wconf 92' lang='lat' dir='ltr'><strong>et</strong></span> <span class='ocrx_word' id='word_1_60' title='bbox 996 1309 1277 1368; x_wconf 84' lang='lat' dir='ltr'><strong>benedicta</strong></span> <span class='ocrx_word' id='word_1_61' title='bbox 1319 1307 1688 1364; x_wconf 88' lang='lat' dir='ltr'><strong>misericordia</strong></span> <span class='ocrx_word' id='word_1_62' title='bbox 1717 1305 1855 1375; x_wconf 90' lang='lat' dir='ltr'><strong>ejus,</strong></span> <span class='ocrx_word' id='word_1_63' title='bbox 1887 1319 1993 1375; x_wconf 92' lang='lat' dir='ltr'><strong>qua</strong></span> <span class='ocrx_word' id='word_1_64' title='bbox 2023 1311 2097 1369; x_wconf 90' lang='lat' dir='ltr'><strong>te,</strong></span> 
     </span>
    </p>
   </div>
   <div class='ocr_carea' id='block_1_12' title="bbox 520 1397 2099 1479">
    <p class='ocr_par' dir='ltr' id='par_1_12' title="bbox 520 1397 2099 1479">
     <span class='ocr_line' id='line_1_12' title="bbox 520 1397 2099 1479; baseline -0.013 -10"><span class='ocrx_word' id='word_1_65' title='bbox 520 1412 857 1468; x_wconf 80' lang='lat' dir='ltr'><strong>sanctissime</strong></span> <span class='ocrx_word' id='word_1_66' title='bbox 898 1406 1206 1479; x_wconf 86' lang='lat' dir='ltr'><strong>patriarcha</strong></span> <span class='ocrx_word' id='word_1_67' title='bbox 1251 1401 1470 1472; x_wconf 78' lang='lat' dir='ltr'><strong>Georgi,</strong></span> <span class='ocrx_word' id='word_1_68' title='bbox 1500 1401 1662 1470; x_wconf 81' lang='lat' dir='ltr'><strong>elegit</strong></span> <span class='ocrx_word' id='word_1_69' title='bbox 1704 1399 1758 1452; x_wconf 87' lang='lat' dir='ltr'><strong>in</strong></span> <span class='ocrx_word' id='word_1_70' title='bbox 1793 1397 1926 1452; x_wconf 91' lang='lat' dir='ltr'><strong>locis</strong></span> <span class='ocrx_word' id='word_1_71' title='bbox 1971 1411 2099 1452; x_wconf 91' lang='lat' dir='ltr'><strong>san-</strong></span> 
     </span>
    </p>
   </div>
   <div class='ocr_carea' id='block_1_13' title="bbox 520 1487 2101 1562">
    <p class='ocr_par' dir='ltr' id='par_1_13' title="bbox 520 1487 2101 1562">
     <span class='ocr_line' id='line_1_13' title="bbox 520 1487 2101 1562; baseline -0.012 -1"><span class='ocrx_word' id='word_1_72' title='bbox 520 1504 775 1562; x_wconf 91' lang='lat' dir='ltr'><strong>ctissimis</strong></span> <span class='ocrx_word' id='word_1_73' title='bbox 815 1517 925 1557; x_wconf 69' lang='lat' dir='ltr'><strong>sua:</strong></span> <span class='ocrx_word' id='word_1_74' title='bbox 959 1497 1335 1560; x_wconf 80' lang='lat' dir='ltr'><strong>habitationis,</strong></span> <span class='ocrx_word' id='word_1_75' title='bbox 1363 1509 1427 1548; x_wconf 90' lang='lat' dir='ltr'><strong>ac</strong></span> <span class='ocrx_word' id='word_1_76' title='bbox 1473 1500 1670 1547; x_wconf 63' lang='lat' dir='ltr'><strong>nostra:</strong></span> <span class='ocrx_word' id='word_1_77' title='bbox 1716 1487 2101 1558; x_wconf 85' lang='lat' dir='ltr'><strong>redemptionis</strong></span> 
     </span>
    </p>
   </div>
   <div class='ocr_carea' id='block_1_14' title="bbox 519 1578 2101 1662">
    <p class='ocr_par' dir='ltr' id='par_1_14' title="bbox 519 1578 2101 1662">
     <span class='ocr_line' id='line_1_14' title="bbox 519 1578 2101 1662; baseline -0.013 -9"><span class='ocrx_word' id='word_1_78' title='bbox 519 1598 934 1654; x_wconf 87' lang='lat' dir='ltr'><strong>intercessorem</strong></span> <span class='ocrx_word' id='word_1_79' title='bbox 963 1607 1063 1662; x_wconf 87' lang='lat' dir='ltr'><strong>pro</strong></span> <span class='ocrx_word' id='word_1_80' title='bbox 1089 1596 1277 1643; x_wconf 89' lang='lat' dir='ltr'><strong>sancta</strong></span> <span class='ocrx_word' id='word_1_81' title='bbox 1319 1602 1414 1641; x_wconf 91' lang='lat' dir='ltr'><strong>sua</strong></span> <span class='ocrx_word' id='word_1_82' title='bbox 1450 1583 1687 1639; x_wconf 87' lang='lat' dir='ltr'><strong>Ecclesia</strong></span> <span class='ocrx_word' id='word_1_83' title='bbox 1705 1623 1718 1647; x_wconf 94' lang='lat'><strong>,</strong></span> <span class='ocrx_word' id='word_1_84' title='bbox 1745 1597 1864 1652; x_wconf 64' lang='lat' dir='ltr'><strong>quae</strong></span> <span class='ocrx_word' id='word_1_85' title='bbox 1894 1581 1949 1634; x_wconf 93' lang='lat' dir='ltr'><strong>in</strong></span> <span class='ocrx_word' id='word_1_86' title='bbox 1976 1578 2101 1632; x_wconf 90' lang='lat' dir='ltr'><strong>lati-</strong></span> 
     </span>
    </p>
   </div>
   <div class='ocr_carea' id='block_1_15' title="bbox 523 1669 2103 1750">
    <p class='ocr_par' dir='ltr' id='par_1_15' title="bbox 523 1669 2103 1750">
     <span class='ocr_line' id='line_1_15' title="bbox 523 1669 2103 1750; baseline -0.011 -10"><span class='ocrx_word' id='word_1_87' title='bbox 523 1687 704 1741; x_wconf 89' lang='lat' dir='ltr'><strong>tudine</strong></span> <span class='ocrx_word' id='word_1_88' title='bbox 747 1683 911 1738; x_wconf 85' lang='lat' dir='ltr'><strong>totius</strong></span> <span class='ocrx_word' id='word_1_89' title='bbox 953 1678 1173 1738; x_wconf 83' lang='lat' dir='ltr'><strong>oll‘endit</strong></span> <span class='ocrx_word' id='word_1_90' title='bbox 1202 1675 1410 1750; x_wconf 88' lang='lat' dir='ltr'><strong>[Forte,</strong></span> <span class='ocrx_word' id='word_1_91' title='bbox 1435 1673 1712 1745; x_wconf 88' lang='lat' dir='ltr'><strong>ostendit],</strong></span> <span class='ocrx_word' id='word_1_92' title='bbox 1744 1670 1948 1734; x_wconf 88' lang='lat' dir='ltr'><strong>laudat,</strong></span> <span class='ocrx_word' id='word_1_93' title='bbox 1975 1669 2103 1724; x_wconf 91' lang='lat' dir='ltr'><strong>colit</strong></span> 
     </span>
    </p>
   </div>
   <div class='ocr_carea' id='block_1_16' title="bbox 520 1763 2098 1836">
    <p class='ocr_par' dir='ltr' id='par_1_16' title="bbox 520 1763 2098 1836">
     <span class='ocr_line' id='line_1_16' title="bbox 520 1763 2098 1836; baseline -0.011 -1"><span class='ocrx_word' id='word_1_94' title='bbox 520 1787 575 1836; x_wconf 88' lang='lat' dir='ltr'><strong>et</strong></span> <span class='ocrx_word' id='word_1_95' title='bbox 601 1779 790 1834; x_wconf 89' lang='lat' dir='ltr'><strong>adorat</strong></span> <span class='ocrx_word' id='word_1_96' title='bbox 818 1790 1009 1830; x_wconf 91' lang='lat' dir='ltr'><strong>nomen</strong></span> <span class='ocrx_word' id='word_1_97' title='bbox 1040 1772 1250 1828; x_wconf 91' lang='lat' dir='ltr'><strong>Domini</strong></span> <span class='ocrx_word' id='word_1_98' title='bbox 1275 1771 1367 1825; x_wconf 90' lang='lat' dir='ltr'><strong>Dei</strong></span> <span class='ocrx_word' id='word_1_99' title='bbox 1392 1769 1612 1832; x_wconf 62' lang='lat' dir='ltr'><strong>aeterni;</strong></span> <span class='ocrx_word' id='word_1_100' title='bbox 1641 1777 1702 1822; x_wconf 93' lang='lat' dir='ltr'><strong>ut</strong></span> <span class='ocrx_word' id='word_1_101' title='bbox 1721 1775 1864 1822; x_wconf 88' lang='lat' dir='ltr'><strong>esset</strong></span> <span class='ocrx_word' id='word_1_102' title='bbox 1891 1763 1964 1836; x_wconf 84' lang='lat' dir='ltr'><strong>[F</strong></span> <span class='ocrx_word' id='word_1_103' title='bbox 1968 1774 2098 1828; x_wconf 86' lang='lat' dir='ltr'><strong>orte,</strong></span> 
     </span>
    </p>
   </div>
   <div class='ocr_carea' id='block_1_17' title="bbox 1374 353 2897 422">
    <p class='ocr_par' dir='ltr' id='par_1_17' title="bbox 1374 353 2897 422">
     <span class='ocr_line' id='line_1_17' title="bbox 1374 353 2897 422; baseline -0.008 0"><span class='ocrx_word' id='word_1_104' title='bbox 1374 368 1432 422; x_wconf 84' lang='grc' dir='ltr'>Β.</span> <span class='ocrx_word' id='word_1_105' title='bbox 1475 367 1535 421; x_wconf 86' lang='lat' dir='ltr'><strong>F.</strong></span> <span class='ocrx_word' id='word_1_106' title='bbox 1570 365 1798 421; x_wconf 80' lang='lat' dir='ltr'><strong>ALBINI</strong></span> <span class='ocrx_word' id='word_1_107' title='bbox 1835 365 1966 421; x_wconf 87' lang='lat' dir='ltr'><strong>SEU</strong></span> <span class='ocrx_word' id='word_1_108' title='bbox 2002 361 2277 420; x_wconf 82' lang='lat' dir='ltr'><strong>ALCUINI</strong></span> <span class='ocrx_word' id='word_1_109' title='bbox 2323 356 2604 417; x_wconf 79' lang='lat' dir='ltr'><strong>OPERUM</strong></span> <span class='ocrx_word' id='word_1_110' title='bbox 2642 353 2821 412; x_wconf 76' lang='lat' dir='ltr'><strong>PARS</strong></span> <span class='ocrx_word' id='word_1_111' title='bbox 2855 355 2897 410; x_wconf 91' lang='grc' dir='ltr'>ι.</span> 
     </span>
    </p>
   </div>
   <div class='ocr_carea' id='block_1_18' title="bbox 2123 460 3775 545">
    <p class='ocr_par' dir='ltr' id='par_1_18' title="bbox 2123 460 3775 545">
     <span class='ocr_line' id='line_1_18' title="bbox 2123 460 3775 545; baseline -0.007 -17"><span class='ocrx_word' id='word_1_112' title='bbox 2123 487 2175 545; x_wconf 75' lang='grc' dir='ltr'><strong>Α</strong></span> <span class='ocrx_word' id='word_1_113' title='bbox 2270 472 2372 527; x_wconf 82' lang='lat' dir='ltr'><strong>Mei</strong></span> <span class='ocrx_word' id='word_1_114' title='bbox 2403 485 2616 542; x_wconf 89' lang='lat' dir='ltr'><strong>quoque</strong></span> <span class='ocrx_word' id='word_1_115' title='bbox 2643 477 2703 522; x_wconf 91' lang='lat' dir='ltr'><strong>ut</strong></span> <span class='ocrx_word' id='word_1_116' title='bbox 2745 469 2799 522; x_wconf 89' lang='lat' dir='ltr'><strong>in</strong></span> <span class='ocrx_word' id='word_1_117' title='bbox 2837 465 3038 522; x_wconf 84' lang='lat' dir='ltr'><strong>sanctis</strong></span> <span class='ocrx_word' id='word_1_118' title='bbox 3067 463 3403 520; x_wconf 88' lang='lat' dir='ltr'><strong>orationibus</strong></span> <span class='ocrx_word' id='word_1_119' title='bbox 3444 460 3642 518; x_wconf 82' lang='lat' dir='ltr'><strong>vestris</strong></span> <span class='ocrx_word' id='word_1_120' title='bbox 3677 461 3775 516; x_wconf 89' lang='lat' dir='ltr'><strong>ha-</strong></span> 
     </span>
    </p>
   </div>
   <div class='ocr_carea' id='block_1_19' title="bbox 3670 347 3773 403">
    <p class='ocr_par' dir='ltr' id='par_1_19' title="bbox 3670 347 3773 403">
     <span class='ocr_line' id='line_1_19' title="bbox 3670 347 3773 403; baseline 0 0"><span class='ocrx_word' id='word_1_121' title='bbox 3670 347 3773 403; x_wconf 77' lang='lat'><strong>360</strong></span> 
     </span>
    </p>
   </div>
   <div class='ocr_carea' id='block_1_20' title="bbox 2195 554 3774 629">
    <p class='ocr_par' dir='ltr' id='par_1_20' title="bbox 2195 554 3774 629">
     <span class='ocr_line' id='line_1_20' title="bbox 2195 554 3774 629; baseline -0.009 -9"><span class='ocrx_word' id='word_1_122' title='bbox 2195 565 2368 620; x_wconf 85' lang='lat' dir='ltr'><strong>beatis</strong></span> <span class='ocrx_word' id='word_1_123' title='bbox 2396 561 2710 616; x_wconf 89' lang='lat' dir='ltr'><strong>memoriam</strong></span> <span class='ocrx_word' id='word_1_124' title='bbox 2753 573 2851 629; x_wconf 89' lang='lat' dir='ltr'><strong>per</strong></span> <span class='ocrx_word' id='word_1_125' title='bbox 2892 558 3010 628; x_wconf 92' lang='lat' dir='ltr'><strong>ejus</strong></span> <span class='ocrx_word' id='word_1_126' title='bbox 3054 555 3481 612; x_wconf 90' lang='lat' dir='ltr'><strong>misericordiam</strong></span> <span class='ocrx_word' id='word_1_127' title='bbox 3527 554 3774 615; x_wconf 88' lang='lat' dir='ltr'><strong>obsecro,</strong></span> 
     </span>
    </p>
   </div>
   <div class='ocr_carea' id='block_1_21' title="bbox 2197 645 3779 726">
    <p class='ocr_par' dir='ltr' id='par_1_21' title="bbox 2197 645 3779 726">
     <span class='ocr_line' id='line_1_21' title="bbox 2197 645 3779 726; baseline -0.009 -17"><span class='ocrx_word' id='word_1_128' title='bbox 2197 655 2288 726; x_wconf 86' lang='lat' dir='ltr'><strong>qui</strong></span> <span class='ocrx_word' id='word_1_129' title='bbox 2318 653 2394 708; x_wconf 87' lang='lat' dir='ltr'><strong>ait</strong></span> <span class='ocrx_word' id='word_1_130' title='bbox 2421 670 2433 705; x_wconf 93' lang='lat'><strong>:</strong></span> <span class='ocrx_word' id='word_1_131' title='bbox 2460 649 2560 705; x_wconf 87' lang='lat' dir='ltr'><strong>Ubi</strong></span> <span class='ocrx_word' id='word_1_132' title='bbox 2583 660 2705 704; x_wconf 84' lang='lat' dir='ltr'><strong>sunt</strong></span> <span class='ocrx_word' id='word_1_133' title='bbox 2732 650 2836 703; x_wconf 87' lang='lat' dir='ltr'><strong>duo</strong></span> <span class='ocrx_word' id='word_1_134' title='bbox 2869 647 2943 703; x_wconf 85' lang='lat' dir='ltr'><strong>vel</strong></span> <span class='ocrx_word' id='word_1_135' title='bbox 2973 659 3073 702; x_wconf 87' lang='lat' dir='ltr'><strong>tres</strong></span> <span class='ocrx_word' id='word_1_136' title='bbox 3096 648 3151 700; x_wconf 90' lang='lat' dir='ltr'><strong>in</strong></span> <span class='ocrx_word' id='word_1_137' title='bbox 3182 645 3389 699; x_wconf 83' lang='lat' dir='ltr'><strong>nomine</strong></span> <span class='ocrx_word' id='word_1_138' title='bbox 3419 660 3532 697; x_wconf 88' lang='lat' dir='ltr'><strong>meo</strong></span> <span class='ocrx_word' id='word_1_139' title='bbox 3565 659 3779 713; x_wconf 85' lang='lat' dir='ltr'><strong>congre-</strong></span> 
     </span>
    </p>
   </div>
   <div class='ocr_carea' id='block_1_22' title="bbox 2195 735 3777 818">
    <p class='ocr_par' dir='ltr' id='par_1_22' title="bbox 2195 735 3777 818">
     <span class='ocr_line' id='line_1_22' title="bbox 2195 735 3777 818; baseline -0.005 -18"><span class='ocrx_word' id='word_1_140' title='bbox 2195 748 2327 818; x_wconf 83' lang='lat' dir='ltr'><strong>gati,</strong></span> <span class='ocrx_word' id='word_1_141' title='bbox 2351 745 2421 799; x_wconf 88' lang='lat' dir='ltr'><strong>ibi</strong></span> <span class='ocrx_word' id='word_1_142' title='bbox 2446 762 2562 799; x_wconf 88' lang='lat' dir='ltr'><strong>sum</strong></span> <span class='ocrx_word' id='word_1_143' title='bbox 2586 745 2642 798; x_wconf 90' lang='lat' dir='ltr'><strong>in</strong></span> <span class='ocrx_word' id='word_1_144' title='bbox 2663 742 2833 796; x_wconf 88' lang='lat' dir='ltr'><strong>medio</strong></span> <span class='ocrx_word' id='word_1_145' title='bbox 2855 758 3034 796; x_wconf 90' lang='lat' dir='ltr'><strong>eorum</strong></span> <span class='ocrx_word' id='word_1_146' title='bbox 3071 739 3286 812; x_wconf 82' lang='lat' dir='ltr'><strong>(Matth.</strong></span> <span class='ocrx_word' id='word_1_147' title='bbox 3321 753 3477 801; x_wconf 81' lang='lat' dir='ltr'><strong>xvm,</strong></span> <span class='ocrx_word' id='word_1_148' title='bbox 3509 735 3624 806; x_wconf 76' lang='lat'><strong>20).</strong></span> <span class='ocrx_word' id='word_1_149' title='bbox 3653 735 3777 792; x_wconf 79' lang='lat' dir='ltr'><strong>Haec</strong></span> 
     </span>
    </p>
   </div>
   <div class='ocr_carea' id='block_1_23' title="bbox 2195 827 3781 911">
    <p class='ocr_par' dir='ltr' id='par_1_23' title="bbox 2195 827 3781 911">
     <span class='ocr_line' id='line_1_23' title="bbox 2195 827 3781 911; baseline -0.005 -19"><span class='ocrx_word' id='word_1_150' title='bbox 2195 839 2482 911; x_wconf 86' lang='lat' dir='ltr'><strong>promissio</strong></span> <span class='ocrx_word' id='word_1_151' title='bbox 2511 838 2565 892; x_wconf 92' lang='lat' dir='ltr'><strong>in</strong></span> <span class='ocrx_word' id='word_1_152' title='bbox 2595 836 2700 891; x_wconf 91' lang='lat' dir='ltr'><strong>illis</strong></span> <span class='ocrx_word' id='word_1_153' title='bbox 2743 836 2948 906; x_wconf 92' lang='lat' dir='ltr'><strong>optime</strong></span> <span class='ocrx_word' id='word_1_154' title='bbox 2980 834 3247 903; x_wconf 90' lang='lat' dir='ltr'><strong>impletur,</strong></span> <span class='ocrx_word' id='word_1_155' title='bbox 3283 831 3375 900; x_wconf 90' lang='lat' dir='ltr'><strong>qui</strong></span> <span class='ocrx_word' id='word_1_156' title='bbox 3401 847 3509 886; x_wconf 89' lang='lat' dir='ltr'><strong>non</strong></span> <span class='ocrx_word' id='word_1_157' title='bbox 3538 827 3781 899; x_wconf 84' lang='lat' dir='ltr'><strong>corpori-</strong></span> 
     </span>
    </p>
   </div>
   <div class='ocr_carea' id='block_1_24' title="bbox 2195 921 3572 996">
    <p class='ocr_par' dir='ltr' id='par_1_24' title="bbox 2195 921 3572 996">
     <span class='ocr_line' id='line_1_24' title="bbox 2195 921 3572 996; baseline -0.007 -10"><span class='ocrx_word' id='word_1_158' title='bbox 2195 930 2300 986; x_wconf 86' lang='lat' dir='ltr'><strong>bus</strong></span> <span class='ocrx_word' id='word_1_159' title='bbox 2331 939 2556 995; x_wconf 88' lang='lat' dir='ltr'><strong>tantum,</strong></span> <span class='ocrx_word' id='word_1_160' title='bbox 2584 929 2678 984; x_wconf 90' lang='lat' dir='ltr'><strong>sed</strong></span> <span class='ocrx_word' id='word_1_161' title='bbox 2705 929 2970 982; x_wconf 89' lang='lat' dir='ltr'><strong>charitate</strong></span> <span class='ocrx_word' id='word_1_162' title='bbox 2989 925 3286 996; x_wconf 87' lang='lat' dir='ltr'><strong>junguntur</strong></span> <span class='ocrx_word' id='word_1_163' title='bbox 3314 921 3572 994; x_wconf 79' lang='lat' dir='ltr'><strong>perfecta.</strong></span> 
     </span>
    </p>
   </div>
   <div class='ocr_carea' id='block_1_25' title="bbox 2267 1013 3777 1086">
    <p class='ocr_par' dir='ltr' id='par_1_25' title="bbox 2267 1013 3777 1086">
     <span class='ocr_line' id='line_1_25' title="bbox 2267 1013 3777 1086; baseline -0.003 -12"><span class='ocrx_word' id='word_1_164' title='bbox 2267 1020 2493 1075; x_wconf 83' lang='lat' dir='ltr'><strong>Albinus</strong></span> <span class='ocrx_word' id='word_1_165' title='bbox 2519 1020 2690 1074; x_wconf 90' lang='lat' dir='ltr'><strong>habeo</strong></span> <span class='ocrx_word' id='word_1_166' title='bbox 2709 1034 2902 1074; x_wconf 88' lang='lat' dir='ltr'><strong>nomen</strong></span> <span class='ocrx_word' id='word_1_167' title='bbox 2925 1019 3067 1072; x_wconf 88' lang='lat' dir='ltr'><strong>inter</strong></span> <span class='ocrx_word' id='word_1_168' title='bbox 3088 1027 3241 1071; x_wconf 88' lang='lat' dir='ltr'><strong>notos</strong></span> <span class='ocrx_word' id='word_1_169' title='bbox 3264 1013 3414 1086; x_wconf 73' lang='lat' dir='ltr'><strong>[Ms.,</strong></span> <span class='ocrx_word' id='word_1_170' title='bbox 3444 1023 3630 1080; x_wconf 88' lang='lat' dir='ltr'><strong>notes;</strong></span> <span class='ocrx_word' id='word_1_171' title='bbox 3653 1013 3777 1083; x_wconf 80' lang='lat' dir='ltr'><strong>fort.</strong></span> 
     </span>
    </p>
   </div>
   <div class='ocr_carea' id='block_1_26' title="bbox 2201 1104 3781 1182">
    <p class='ocr_par' dir='ltr' id='par_1_26' title="bbox 2201 1104 3781 1182">
     <span class='ocr_line' id='line_1_26' title="bbox 2201 1104 3781 1182; baseline -0.004 -17"><span class='ocrx_word' id='word_1_172' title='bbox 2201 1110 2298 1182; x_wconf 82' lang='lat' dir='ltr'><strong>leg.</strong></span> <span class='ocrx_word' id='word_1_173' title='bbox 2335 1152 2349 1174; x_wconf 90' lang='lat'><strong>,</strong></span> <span class='ocrx_word' id='word_1_174' title='bbox 2383 1120 2594 1165; x_wconf 88' lang='lat' dir='ltr'><strong>nostros</strong></span> <span class='ocrx_word' id='word_1_175' title='bbox 2617 1109 2699 1164; x_wconf 86' lang='lat' dir='ltr'><strong>vel</strong></span> <span class='ocrx_word' id='word_1_176' title='bbox 2726 1107 3040 1180; x_wconf 88' lang='lat' dir='ltr'><strong>nostrates],</strong></span> <span class='ocrx_word' id='word_1_177' title='bbox 3064 1117 3118 1162; x_wconf 91' lang='lat' dir='ltr'><strong>et</strong></span> <span class='ocrx_word' id='word_1_178' title='bbox 3149 1107 3286 1162; x_wconf 91' lang='lat' dir='ltr'><strong>ﬁlios</strong></span> <span class='ocrx_word' id='word_1_179' title='bbox 3327 1115 3527 1161; x_wconf 76' lang='lat' dir='ltr'><strong>sancta:</strong></span> <span class='ocrx_word' id='word_1_180' title='bbox 3558 1104 3656 1158; x_wconf 88' lang='lat' dir='ltr'><strong>Dei</strong></span> <span class='ocrx_word' id='word_1_181' title='bbox 3682 1104 3781 1159; x_wconf 87' lang='lat' dir='ltr'><strong>Ec-</strong></span> 
     </span>
    </p>
   </div>
   <div class='ocr_carea' id='block_1_27' title="bbox 2197 1202 3783 1276">
    <p class='ocr_par' dir='ltr' id='par_1_27' title="bbox 2197 1202 3783 1276">
     <span class='ocr_line' id='line_1_27' title="bbox 2197 1202 3783 1276; baseline -0.008 -12"><span class='ocrx_word' id='word_1_182' title='bbox 2197 1208 2394 1264; x_wconf 64' lang='lat' dir='ltr'><strong>clesim.</strong></span> <span class='ocrx_word' id='word_1_183' title='bbox 2425 1207 2603 1262; x_wconf 74' lang='lat' dir='ltr'><strong>Vestri</strong></span> <span class='ocrx_word' id='word_1_184' title='bbox 2631 1220 2842 1276; x_wconf 80' lang='lat' dir='ltr'><strong>quoque</strong></span> <span class='ocrx_word' id='word_1_185' title='bbox 2872 1203 3104 1258; x_wconf 90' lang='lat' dir='ltr'><strong>nominis</strong></span> <span class='ocrx_word' id='word_1_186' title='bbox 3130 1202 3409 1257; x_wconf 89' lang='lat' dir='ltr'><strong>nobiscum</strong></span> <span class='ocrx_word' id='word_1_187' title='bbox 3438 1215 3556 1255; x_wconf 89' lang='lat' dir='ltr'><strong>esse</strong></span> <span class='ocrx_word' id='word_1_188' title='bbox 3581 1214 3783 1253; x_wconf 90' lang='lat' dir='ltr'><strong>memo-</strong></span> 
     </span>
    </p>
   </div>
   <div class='ocr_carea' id='block_1_28' title="bbox 2202 1290 3780 1363">
    <p class='ocr_par' dir='ltr' id='par_1_28' title="bbox 2202 1290 3780 1363">
     <span class='ocr_line' id='line_1_28' title="bbox 2202 1290 3780 1363; baseline -0.004 -9"><span class='ocrx_word' id='word_1_189' title='bbox 2202 1300 2357 1363; x_wconf 88' lang='lat' dir='ltr'><strong>riam,</strong></span> <span class='ocrx_word' id='word_1_190' title='bbox 2390 1299 2531 1353; x_wconf 88' lang='lat' dir='ltr'><strong>inter</strong></span> <span class='ocrx_word' id='word_1_191' title='bbox 2559 1295 2730 1352; x_wconf 78' lang='lat' dir='ltr'><strong>cilicia</strong></span> <span class='ocrx_word' id='word_1_192' title='bbox 2755 1297 2896 1352; x_wconf 85' lang='lat' dir='ltr'><strong>sacri</strong></span> <span class='ocrx_word' id='word_1_193' title='bbox 2935 1295 3121 1349; x_wconf 91' lang='lat' dir='ltr'><strong>altaris</strong></span> <span class='ocrx_word' id='word_1_194' title='bbox 3147 1295 3360 1350; x_wconf 89' lang='lat' dir='ltr'><strong>scitote.</strong></span> <span class='ocrx_word' id='word_1_195' title='bbox 3391 1290 3780 1348; x_wconf 86' lang='lat' dir='ltr'><strong>Confortamini</strong></span> 
     </span>
    </p>
   </div>
   <div class='ocr_carea' id='block_1_29' title="bbox 2199 1381 3778 1456">
    <p class='ocr_par' dir='ltr' id='par_1_29' title="bbox 2199 1381 3778 1456">
     <span class='ocr_line' id='line_1_29' title="bbox 2199 1381 3778 1456; baseline -0.006 -12"><span class='ocrx_word' id='word_1_196' title='bbox 2199 1391 2298 1444; x_wconf 88' lang='lat' dir='ltr'><strong>viri</strong></span> <span class='ocrx_word' id='word_1_197' title='bbox 2330 1389 2525 1443; x_wconf 80' lang='lat' dir='ltr'><strong>fratres</strong></span> <span class='ocrx_word' id='word_1_198' title='bbox 2555 1390 2608 1443; x_wconf 92' lang='lat' dir='ltr'><strong>in</strong></span> <span class='ocrx_word' id='word_1_199' title='bbox 2633 1387 2848 1442; x_wconf 88' lang='lat' dir='ltr'><strong>Christo</strong></span> <span class='ocrx_word' id='word_1_200' title='bbox 2871 1385 3019 1450; x_wconf 81' lang='lat' dir='ltr'><strong>Jesu,</strong></span> <span class='ocrx_word' id='word_1_201' title='bbox 3048 1395 3101 1440; x_wconf 90' lang='lat' dir='ltr'><strong>et</strong></span> <span class='ocrx_word' id='word_1_202' title='bbox 3126 1386 3180 1440; x_wconf 88' lang='lat' dir='ltr'><strong>in</strong></span> <span class='ocrx_word' id='word_1_203' title='bbox 3203 1383 3442 1456; x_wconf 89' lang='lat' dir='ltr'><strong>potentia</strong></span> <span class='ocrx_word' id='word_1_204' title='bbox 3469 1382 3616 1453; x_wconf 84' lang='lat' dir='ltr'><strong>ejus;</strong></span> <span class='ocrx_word' id='word_1_205' title='bbox 3644 1390 3702 1435; x_wconf 87' lang='lat' dir='ltr'><strong>et</strong></span> <span class='ocrx_word' id='word_1_206' title='bbox 3727 1381 3778 1434; x_wconf 91' lang='lat' dir='ltr'><strong>in</strong></span> 
     </span>
    </p>
   </div>
   <div class='ocr_carea' id='block_1_30' title="bbox 2204 1469 3782 1547">
    <p class='ocr_par' dir='ltr' id='par_1_30' title="bbox 2204 1469 3782 1547">
     <span class='ocr_line' id='line_1_30' title="bbox 2204 1469 3782 1547; baseline -0.007 -13"><span class='ocrx_word' id='word_1_207' title='bbox 2204 1480 2304 1536; x_wconf 88' lang='lat' dir='ltr'><strong>ﬁde</strong></span> <span class='ocrx_word' id='word_1_208' title='bbox 2349 1480 2612 1534; x_wconf 85' lang='lat' dir='ltr'><strong>catholica</strong></span> <span class='ocrx_word' id='word_1_209' title='bbox 2653 1478 2972 1533; x_wconf 87' lang='lat' dir='ltr'><strong>ﬁducialiter</strong></span> <span class='ocrx_word' id='word_1_210' title='bbox 3000 1477 3160 1547; x_wconf 83' lang='lat' dir='ltr'><strong>agite.</strong></span> <span class='ocrx_word' id='word_1_211' title='bbox 3200 1474 3465 1528; x_wconf 87' lang='lat' dir='ltr'><strong>Patientes</strong></span> <span class='ocrx_word' id='word_1_212' title='bbox 3509 1482 3674 1527; x_wconf 86' lang='lat' dir='ltr'><strong>estote</strong></span> <span class='ocrx_word' id='word_1_213' title='bbox 3716 1469 3782 1523; x_wconf 80' lang='lat' dir='ltr'><strong>ad</strong></span> 
     </span>
    </p>
   </div>
   <div class='ocr_carea' id='block_1_31' title="bbox 2202 1561 3782 1640">
    <p class='ocr_par' dir='ltr' id='par_1_31' title="bbox 2202 1561 3782 1640">
     <span class='ocr_line' id='line_1_31' title="bbox 2202 1561 3782 1640; baseline -0.008 -15"><span class='ocrx_word' id='word_1_214' title='bbox 2202 1587 2400 1635; x_wconf 91' lang='lat' dir='ltr'><strong>omnes,</strong></span> <span class='ocrx_word' id='word_1_215' title='bbox 2442 1570 2658 1624; x_wconf 73' lang='lat' dir='ltr'><strong>scientes</strong></span> <span class='ocrx_word' id='word_1_216' title='bbox 2702 1567 2840 1640; x_wconf 87' lang='lat' dir='ltr'><strong>quod</strong></span> <span class='ocrx_word' id='word_1_217' title='bbox 2884 1566 3032 1620; x_wconf 86' lang='lat' dir='ltr'><strong>labor</strong></span> <span class='ocrx_word' id='word_1_218' title='bbox 3073 1575 3236 1620; x_wconf 86' lang='lat' dir='ltr'><strong>vester</strong></span> <span class='ocrx_word' id='word_1_219' title='bbox 3275 1582 3380 1619; x_wconf 90' lang='lat' dir='ltr'><strong>non</strong></span> <span class='ocrx_word' id='word_1_220' title='bbox 3413 1573 3486 1618; x_wconf 78' lang='lat' dir='ltr'><strong>est</strong></span> <span class='ocrx_word' id='word_1_221' title='bbox 3527 1563 3703 1616; x_wconf 85' lang='lat' dir='ltr'><strong>inanis</strong></span> <span class='ocrx_word' id='word_1_222' title='bbox 3732 1561 3782 1612; x_wconf 90' lang='lat' dir='ltr'><strong>in</strong></span> 
     </span>
    </p>
   </div>
   <div class='ocr_carea' id='block_1_32' title="bbox 2201 1653 3784 1733">
    <p class='ocr_par' dir='ltr' id='par_1_32' title="bbox 2201 1653 3784 1733">
     <span class='ocr_line' id='line_1_32' title="bbox 2201 1653 3784 1733; baseline -0.005 -18"><span class='ocrx_word' id='word_1_223' title='bbox 2201 1661 2425 1715; x_wconf 88' lang='lat' dir='ltr'><strong>Domino</strong></span> <span class='ocrx_word' id='word_1_224' title='bbox 2453 1659 2504 1733; x_wconf 93' lang='lat' dir='ltr'><strong>(I</strong></span> <span class='ocrx_word' id='word_1_225' title='bbox 2535 1659 2687 1713; x_wconf 88' lang='lat' dir='ltr'><strong>Thes.</strong></span> <span class='ocrx_word' id='word_1_226' title='bbox 2729 1676 2781 1725; x_wconf 91' lang='lat' dir='ltr'><strong>v,</strong></span> <span class='ocrx_word' id='word_1_227' title='bbox 2812 1659 2906 1724; x_wconf 78' lang='lat' dir='ltr'><strong>M;</strong></span> <span class='ocrx_word' id='word_1_228' title='bbox 2938 1658 2968 1712; x_wconf 91' lang='grc' dir='ltr'><strong><em>Ι</em></strong></span> <span class='ocrx_word' id='word_1_229' title='bbox 3005 1657 3126 1712; x_wconf 90' lang='lat' dir='ltr'><strong>Cor.</strong></span> <span class='ocrx_word' id='word_1_230' title='bbox 3161 1673 3250 1722; x_wconf 81' lang='lat' dir='ltr'><strong>xv,</strong></span> <span class='ocrx_word' id='word_1_231' title='bbox 3275 1655 3396 1727; x_wconf 86' lang='lat'><strong>58);</strong></span> <span class='ocrx_word' id='word_1_232' title='bbox 3429 1656 3521 1710; x_wconf 86' lang='lat' dir='ltr'><strong>sed</strong></span> <span class='ocrx_word' id='word_1_233' title='bbox 3547 1655 3638 1725; x_wconf 86' lang='lat' dir='ltr'><strong>qui</strong></span> <span class='ocrx_word' id='word_1_234' title='bbox 3668 1653 3784 1723; x_wconf 89' lang='lat' dir='ltr'><strong>plus</strong></span> 
     </span>
    </p>
   </div>
   <div class='ocr_carea' id='block_1_33' title="bbox 2203 1747 3788 1824">
    <p class='ocr_par' dir='ltr' id='par_1_33' title="bbox 2203 1747 3788 1824">
     <span class='ocr_line' id='line_1_33' title="bbox 2203 1747 3788 1824; baseline -0.004 -19"><span class='ocrx_word' id='word_1_235' title='bbox 2203 1752 2431 1818; x_wconf 83' lang='lat' dir='ltr'><strong>laborat,</strong></span> <span class='ocrx_word' id='word_1_236' title='bbox 2467 1753 2587 1824; x_wconf 89' lang='lat' dir='ltr'><strong>plus</strong></span> <span class='ocrx_word' id='word_1_237' title='bbox 2615 1754 2882 1808; x_wconf 89' lang='lat' dir='ltr'><strong>mercedis</strong></span> <span class='ocrx_word' id='word_1_238' title='bbox 2908 1751 3154 1822; x_wconf 59' lang='lat' dir='ltr'><strong>accipiet.</strong></span> <span class='ocrx_word' id='word_1_239' title='bbox 3202 1747 3489 1803; x_wconf 83' lang='lat' dir='ltr'><strong>Ascendite</strong></span> <span class='ocrx_word' id='word_1_240' title='bbox 3527 1754 3710 1800; x_wconf 90' lang='lat' dir='ltr'><strong>mente</strong></span> <span class='ocrx_word' id='word_1_241' title='bbox 3734 1753 3788 1799; x_wconf 82' lang='lat' dir='ltr'><strong>et</strong></span> 
     </span>
    </p>
   </div>
   <div class='ocr_carea' id='block_1_34' title="bbox 520 1836 3785 1941">
    <p class='ocr_par' dir='ltr' id='par_1_34' title="bbox 520 1836 3785 1941">
     <span class='ocr_line' id='line_1_34' title="bbox 520 1836 3785 1941; baseline -0.009 -24"><span class='ocrx_word' id='word_1_242' title='bbox 520 1880 581 1926; x_wconf 71' lang='lat' dir='ltr'><strong>ut</strong></span> <span class='ocrx_word' id='word_1_243' title='bbox 605 1868 774 1941; x_wconf 75' lang='lat' dir='ltr'><strong>esses]</strong></span> <span class='ocrx_word' id='word_1_244' title='bbox 806 1869 860 1922; x_wconf 81' lang='lat' dir='ltr'><strong>in</strong></span> <span class='ocrx_word' id='word_1_245' title='bbox 890 1883 956 1922; x_wconf 84' lang='lat' dir='ltr'><strong>eo</strong></span> <span class='ocrx_word' id='word_1_246' title='bbox 978 1867 1097 1921; x_wconf 84' lang='lat' dir='ltr'><strong>loco</strong></span> <span class='ocrx_word' id='word_1_247' title='bbox 1133 1863 1458 1920; x_wconf 57' lang='lat' dir='ltr'><strong>beatissima;</strong></span> <span class='ocrx_word' id='word_1_248' title='bbox 1487 1861 1635 1932; x_wconf 72' lang='lat' dir='ltr'><strong>pacis</strong></span> <span class='ocrx_word' id='word_1_249' title='bbox 1664 1860 1986 1930; x_wconf 49' lang='lat' dir='ltr'><strong>pradicator</strong></span> <span class='ocrx_word' id='word_1_250' title='bbox 2002 1898 2016 1920; x_wconf 58' lang='lat'><strong>,</strong></span> <span class='ocrx_word' id='word_1_251' title='bbox 2048 1857 2104 1910; x_wconf 77' lang='lat' dir='ltr'><strong>in</strong></span> <span class='ocrx_word' id='word_1_252' title='bbox 2135 1839 2181 1898; x_wconf 79' lang='grc' dir='ltr'>Β</span> <span class='ocrx_word' id='word_1_253' title='bbox 2211 1845 2476 1900; x_wconf 88' lang='lat' dir='ltr'><strong>desiderio</strong></span> <span class='ocrx_word' id='word_1_254' title='bbox 2506 1853 2693 1900; x_wconf 90' lang='lat' dir='ltr'><strong>sancto</strong></span> <span class='ocrx_word' id='word_1_255' title='bbox 2718 1845 2784 1899; x_wconf 88' lang='lat' dir='ltr'><strong>ad</strong></span> <span class='ocrx_word' id='word_1_256' title='bbox 2810 1861 2956 1910; x_wconf 89' lang='lat' dir='ltr'><strong>eum,</strong></span> <span class='ocrx_word' id='word_1_257' title='bbox 2985 1843 3090 1941; x_wconf 65' lang='lat' dir='ltr'><strong>qui</strong></span> <span class='ocrx_word' id='word_1_258' title='bbox 3110 1843 3184 1896; x_wconf 83' lang='lat' dir='ltr'><strong>ait</strong></span> <span class='ocrx_word' id='word_1_259' title='bbox 3208 1857 3222 1896; x_wconf 73' lang='grc' dir='ltr'>ἒ</span> <span class='ocrx_word' id='word_1_260' title='bbox 3259 1839 3405 1906; x_wconf 82' lang='lat' dir='ltr'><strong>Volo,</strong></span> <span class='ocrx_word' id='word_1_261' title='bbox 3420 1839 3604 1941; x_wconf 53' lang='lat' dir='ltr'><strong>fater,</strong></span> <span class='ocrx_word' id='word_1_262' title='bbox 3621 1845 3678 1891; x_wconf 83' lang='lat' dir='ltr'><strong>ut</strong></span> <span class='ocrx_word' id='word_1_263' title='bbox 3700 1836 3785 1891; x_wconf 86' lang='lat' dir='ltr'><strong>ubi</strong></span> 
     </span>
    </p>
   </div>
   <div class='ocr_carea' id='block_1_35' title="bbox 519 1947 2101 2030">
    <p class='ocr_par' dir='ltr' id='par_1_35' title="bbox 519 1947 2101 2030">
     <span class='ocr_line' id='line_1_35' title="bbox 519 1947 2101 2030; baseline -0.009 -16"><span class='ocrx_word' id='word_1_264' title='bbox 519 1977 627 2030; x_wconf 84' lang='lat' dir='ltr'><strong>quo</strong></span> <span class='ocrx_word' id='word_1_265' title='bbox 663 1960 775 2028; x_wconf 86' lang='lat' dir='ltr'><strong>ipse</strong></span> <span class='ocrx_word' id='word_1_266' title='bbox 809 1956 954 2011; x_wconf 91' lang='lat' dir='ltr'><strong>omni</strong></span> <span class='ocrx_word' id='word_1_267' title='bbox 997 1954 1196 2010; x_wconf 91' lang='lat' dir='ltr'><strong>mundo</strong></span> <span class='ocrx_word' id='word_1_268' title='bbox 1241 1951 1603 2008; x_wconf 84' lang='lat' dir='ltr'><strong>sanctioribus</strong></span> <span class='ocrx_word' id='word_1_269' title='bbox 1631 1949 1926 2005; x_wconf 87' lang='lat' dir='ltr'><strong>ambulavit</strong></span> <span class='ocrx_word' id='word_1_270' title='bbox 1952 1947 2101 2016; x_wconf 91' lang='lat' dir='ltr'><strong>pedi-</strong></span> 
     </span>
    </p>
   </div>
   <div class='ocr_carea' id='block_1_36' title="bbox 521 2045 2103 2121">
    <p class='ocr_par' dir='ltr' id='par_1_36' title="bbox 521 2045 2103 2121">
     <span class='ocr_line' id='line_1_36' title="bbox 521 2045 2103 2121; baseline -0.008 -14"><span class='ocrx_word' id='word_1_271' title='bbox 521 2053 641 2116; x_wconf 91' lang='lat' dir='ltr'><strong>bus,</strong></span> <span class='ocrx_word' id='word_1_272' title='bbox 669 2051 760 2121; x_wconf 91' lang='lat' dir='ltr'><strong>qui</strong></span> <span class='ocrx_word' id='word_1_273' title='bbox 788 2050 900 2104; x_wconf 85' lang='lat' dir='ltr'><strong>ait:</strong></span> <span class='ocrx_word' id='word_1_274' title='bbox 928 2048 1119 2102; x_wconf 82' lang='lat' dir='ltr'><strong>Pacem</strong></span> <span class='ocrx_word' id='word_1_275' title='bbox 1146 2062 1314 2100; x_wconf 89' lang='lat' dir='ltr'><strong>meam</strong></span> <span class='ocrx_word' id='word_1_276' title='bbox 1340 2046 1406 2099; x_wconf 87' lang='lat' dir='ltr'><strong>do</strong></span> <span class='ocrx_word' id='word_1_277' title='bbox 1434 2045 1594 2108; x_wconf 83' lang='lat' dir='ltr'><strong>vobis,</strong></span> <span class='ocrx_word' id='word_1_278' title='bbox 1624 2060 1804 2114; x_wconf 88' lang='lat' dir='ltr'><strong>pacem</strong></span> <span class='ocrx_word' id='word_1_279' title='bbox 1826 2058 1993 2096; x_wconf 88' lang='lat' dir='ltr'><strong>meam</strong></span> <span class='ocrx_word' id='word_1_280' title='bbox 2021 2058 2103 2094; x_wconf 86' lang='lat' dir='ltr'><strong>re-</strong></span> 
     </span>
    </p>
   </div>
   <div class='ocr_carea' id='block_1_37' title="bbox 519 2132 2107 2213">
    <p class='ocr_par' dir='ltr' id='par_1_37' title="bbox 519 2132 2107 2213">
     <span class='ocr_line' id='line_1_37' title="bbox 519 2132 2107 2213; baseline -0.009 -15"><span class='ocrx_word' id='word_1_281' title='bbox 519 2143 696 2213; x_wconf 85' lang='lat' dir='ltr'><strong>linquo</strong></span> <span class='ocrx_word' id='word_1_282' title='bbox 717 2141 859 2196; x_wconf 85' lang='lat' dir='ltr'><strong>vobis</strong></span> <span class='ocrx_word' id='word_1_283' title='bbox 881 2140 1061 2213; x_wconf 82' lang='lat' dir='ltr'><strong>(Joan.</strong></span> <span class='ocrx_word' id='word_1_284' title='bbox 1087 2153 1200 2202; x_wconf 68' lang='lat' dir='ltr'><strong>11v,</strong></span> <span class='ocrx_word' id='word_1_285' title='bbox 1219 2137 1310 2205; x_wconf 72' lang='lat'><strong>27)</strong></span> <span class='ocrx_word' id='word_1_286' title='bbox 1337 2154 1349 2189; x_wconf 91' lang='lat'><strong>:</strong></span> <span class='ocrx_word' id='word_1_287' title='bbox 1376 2144 1436 2190; x_wconf 92' lang='lat' dir='ltr'><strong>ut</strong></span> <span class='ocrx_word' id='word_1_288' title='bbox 1457 2136 1532 2190; x_wconf 90' lang='lat' dir='ltr'><strong>sis</strong></span> <span class='ocrx_word' id='word_1_289' title='bbox 1553 2144 1732 2188; x_wconf 92' lang='lat' dir='ltr'><strong>rector</strong></span> <span class='ocrx_word' id='word_1_290' title='bbox 1748 2132 1926 2203; x_wconf 90' lang='lat' dir='ltr'><strong>populi</strong></span> <span class='ocrx_word' id='word_1_291' title='bbox 1951 2132 2032 2186; x_wconf 92' lang='lat' dir='ltr'><strong>sui</strong></span> <span class='ocrx_word' id='word_1_292' title='bbox 2051 2138 2107 2186; x_wconf 89' lang='lat' dir='ltr'><strong>et</strong></span> 
     </span>
    </p>
   </div>
   <div class='ocr_carea' id='block_1_38' title="bbox 521 2223 2103 2306">
    <p class='ocr_par' dir='ltr' id='par_1_38' title="bbox 521 2223 2103 2306">
     <span class='ocr_line' id='line_1_38' title="bbox 521 2223 2103 2306; baseline -0.009 -17"><span class='ocrx_word' id='word_1_293' title='bbox 521 2235 841 2306; x_wconf 58' lang='lat' dir='ltr'><strong>praedicator</strong></span> <span class='ocrx_word' id='word_1_294' title='bbox 881 2231 1125 2286; x_wconf 83' lang='lat' dir='ltr'><strong>veritatis</strong></span> <span class='ocrx_word' id='word_1_295' title='bbox 1171 2229 1422 2284; x_wconf 86' lang='lat' dir='ltr'><strong>omnibus</strong></span> <span class='ocrx_word' id='word_1_296' title='bbox 1461 2235 1773 2281; x_wconf 89' lang='lat' dir='ltr'><strong>sanctorum</strong></span> <span class='ocrx_word' id='word_1_297' title='bbox 1803 2223 2103 2278; x_wconf 90' lang='lat' dir='ltr'><strong>visitatori-</strong></span> 
     </span>
    </p>
   </div>
   <div class='ocr_carea' id='block_1_39' title="bbox 521 2315 2108 2390">
    <p class='ocr_par' dir='ltr' id='par_1_39' title="bbox 521 2315 2108 2390">
     <span class='ocr_line' id='line_1_39' title="bbox 521 2315 2108 2390; baseline -0.008 -9"><span class='ocrx_word' id='word_1_298' title='bbox 521 2327 621 2381; x_wconf 92' lang='lat' dir='ltr'><strong>bus</strong></span> <span class='ocrx_word' id='word_1_299' title='bbox 660 2325 918 2378; x_wconf 91' lang='lat' dir='ltr'><strong>locorum.</strong></span> <span class='ocrx_word' id='word_1_300' title='bbox 951 2321 1102 2377; x_wconf 85' lang='lat' dir='ltr'><strong>Beati</strong></span> <span class='ocrx_word' id='word_1_301' title='bbox 1154 2321 1307 2385; x_wconf 85' lang='lat' dir='ltr'><strong>estis,</strong></span> <span class='ocrx_word' id='word_1_302' title='bbox 1339 2320 1536 2390; x_wconf 88' lang='lat' dir='ltr'><strong>quibus</strong></span> <span class='ocrx_word' id='word_1_303' title='bbox 1571 2333 1885 2373; x_wconf 88' lang='lat' dir='ltr'><strong>concessum</strong></span> <span class='ocrx_word' id='word_1_304' title='bbox 1917 2322 1999 2370; x_wconf 89' lang='lat' dir='ltr'><strong>est</strong></span> <span class='ocrx_word' id='word_1_305' title='bbox 2030 2315 2108 2369; x_wconf 90' lang='lat' dir='ltr'><strong>la-</strong></span> 
     </span>
    </p>
   </div>
   <div class='ocr_carea' id='block_1_40' title="bbox 521 2409 2106 2488">
    <p class='ocr_par' dir='ltr' id='par_1_40' title="bbox 521 2409 2106 2488">
     <span class='ocr_line' id='line_1_40' title="bbox 521 2409 2106 2488; baseline -0.008 -14"><span class='ocrx_word' id='word_1_306' title='bbox 521 2433 736 2488; x_wconf 87' lang='lat' dir='ltr'><strong>crymas</strong></span> <span class='ocrx_word' id='word_1_307' title='bbox 761 2417 829 2471; x_wconf 88' lang='lat' dir='ltr'><strong>ad</strong></span> <span class='ocrx_word' id='word_1_308' title='bbox 852 2414 969 2484; x_wconf 90' lang='lat' dir='ltr'><strong>ejus</strong></span> <span class='ocrx_word' id='word_1_309' title='bbox 996 2414 1222 2468; x_wconf 88' lang='lat' dir='ltr'><strong>fundere</strong></span> <span class='ocrx_word' id='word_1_310' title='bbox 1259 2412 1514 2484; x_wconf 86' lang='lat' dir='ltr'><strong>vestigia,</strong></span> <span class='ocrx_word' id='word_1_311' title='bbox 1545 2412 1637 2482; x_wconf 89' lang='lat' dir='ltr'><strong>qui</strong></span> <span class='ocrx_word' id='word_1_312' title='bbox 1666 2411 1920 2466; x_wconf 90' lang='lat' dir='ltr'><strong>clementi</strong></span> <span class='ocrx_word' id='word_1_313' title='bbox 1957 2409 2106 2463; x_wconf 90' lang='lat' dir='ltr'><strong>vultu</strong></span> 
     </span>
    </p>
   </div>
   <div class='ocr_carea' id='block_1_41' title="bbox 521 2502 2107 2576">
    <p class='ocr_par' dir='ltr' id='par_1_41' title="bbox 521 2502 2107 2576">
     <span class='ocr_line' id='line_1_41' title="bbox 521 2502 2107 2576; baseline -0.006 -12"><span class='ocrx_word' id='word_1_314' title='bbox 521 2508 734 2564; x_wconf 89' lang='lat' dir='ltr'><strong>mulieri</strong></span> <span class='ocrx_word' id='word_1_315' title='bbox 763 2505 1074 2576; x_wconf 89' lang='lat' dir='ltr'><strong>peccatrici,</strong></span> <span class='ocrx_word' id='word_1_316' title='bbox 1107 2521 1227 2574; x_wconf 70' lang='lat' dir='ltr'><strong>quae</strong></span> <span class='ocrx_word' id='word_1_317' title='bbox 1273 2503 1530 2574; x_wconf 85' lang='lat' dir='ltr'><strong>lacrymis</strong></span> <span class='ocrx_word' id='word_1_318' title='bbox 1577 2512 1792 2559; x_wconf 87' lang='lat' dir='ltr'><strong>sanctos</strong></span> <span class='ocrx_word' id='word_1_319' title='bbox 1822 2502 1991 2558; x_wconf 88' lang='lat' dir='ltr'><strong>abluit</strong></span> <span class='ocrx_word' id='word_1_320' title='bbox 2014 2518 2107 2570; x_wconf 83' lang='lat' dir='ltr'><strong>pe—</strong></span> 
     </span>
    </p>
   </div>
   <div class='ocr_carea' id='block_1_42' title="bbox 522 2595 2107 2668">
    <p class='ocr_par' dir='ltr' id='par_1_42' title="bbox 522 2595 2107 2668">
     <span class='ocr_line' id='line_1_42' title="bbox 522 2595 2107 2668; baseline -0.007 -10"><span class='ocrx_word' id='word_1_321' title='bbox 522 2603 647 2668; x_wconf 86' lang='lat' dir='ltr'><strong>des,</strong></span> <span class='ocrx_word' id='word_1_322' title='bbox 676 2602 788 2656; x_wconf 89' lang='lat' dir='ltr'><strong>ait:</strong></span> <span class='ocrx_word' id='word_1_323' title='bbox 817 2599 919 2666; x_wconf 82' lang='lat' dir='ltr'><strong>Qui</strong></span> <span class='ocrx_word' id='word_1_324' title='bbox 963 2598 1186 2653; x_wconf 91' lang='lat' dir='ltr'><strong>multum</strong></span> <span class='ocrx_word' id='word_1_325' title='bbox 1221 2596 1438 2663; x_wconf 66' lang='lat' dir='ltr'><strong>dilexit,</strong></span> <span class='ocrx_word' id='word_1_326' title='bbox 1469 2595 1638 2650; x_wconf 89' lang='lat' dir='ltr'><strong>multa</strong></span> <span class='ocrx_word' id='word_1_327' title='bbox 1677 2597 2016 2651; x_wconf 76' lang='lat' dir='ltr'><strong>dimittuntur</strong></span> <span class='ocrx_word' id='word_1_328' title='bbox 2061 2595 2107 2649; x_wconf 91' lang='lat' dir='ltr'><strong>ei</strong></span> 
     </span>
    </p>
   </div>
   <div class='ocr_carea' id='block_1_43' title="bbox 521 2692 1184 2767">
    <p class='ocr_par' dir='ltr' id='par_1_43' title="bbox 521 2692 1184 2767">
     <span class='ocr_line' id='line_1_43' title="bbox 521 2692 1184 2767; baseline -0.006 -18"><span class='ocrx_word' id='word_1_329' title='bbox 521 2704 732 2766; x_wconf 87' lang='lat' dir='ltr'><strong>peccata</strong></span> <span class='ocrx_word' id='word_1_330' title='bbox 761 2694 912 2767; x_wconf 91' lang='lat' dir='ltr'><strong>(Luc.</strong></span> <span class='ocrx_word' id='word_1_331' title='bbox 941 2709 1038 2758; x_wconf 85' lang='lat' dir='ltr'><strong>vn,</strong></span> <span class='ocrx_word' id='word_1_332' title='bbox 1069 2692 1184 2763; x_wconf 74' lang='grc'>47).</span> 
     </span>
    </p>
   </div>
   <div class='ocr_carea' id='block_1_44' title="bbox 595 2783 2109 2856">
    <p class='ocr_par' dir='ltr' id='par_1_44' title="bbox 595 2783 2109 2856">
     <span class='ocr_line' id='line_1_44' title="bbox 595 2783 2109 2856; baseline -0.002 -16"><span class='ocrx_word' id='word_1_333' title='bbox 595 2787 821 2842; x_wconf 86' lang='lat' dir='ltr'><strong>Hortare</strong></span> <span class='ocrx_word' id='word_1_334' title='bbox 855 2787 958 2856; x_wconf 90' lang='lat' dir='ltr'><strong>piis</strong></span> <span class='ocrx_word' id='word_1_335' title='bbox 1002 2787 1273 2855; x_wconf 91' lang='lat' dir='ltr'><strong>precibus,</strong></span> <span class='ocrx_word' id='word_1_336' title='bbox 1304 2794 1531 2856; x_wconf 89' lang='lat' dir='ltr'><strong>paterno</strong></span> <span class='ocrx_word' id='word_1_337' title='bbox 1560 2783 1774 2848; x_wconf 72' lang='lat' dir='ltr'><strong>affectu,</strong></span> <span class='ocrx_word' id='word_1_338' title='bbox 1805 2793 1992 2839; x_wconf 90' lang='lat' dir='ltr'><strong>sancto</strong></span> <span class='ocrx_word' id='word_1_339' title='bbox 2018 2785 2109 2838; x_wconf 89' lang='lat' dir='ltr'><strong>de-</strong></span> 
     </span>
    </p>
   </div>
   <div class='ocr_carea' id='block_1_45' title="bbox 526 2875 2108 2939">
    <p class='ocr_par' dir='ltr' id='par_1_45' title="bbox 526 2875 2108 2939">
     <span class='ocr_line' id='line_1_45' title="bbox 526 2875 2108 2939; baseline -0.005 -4"><span class='ocrx_word' id='word_1_340' title='bbox 526 2881 725 2935; x_wconf 85' lang='lat' dir='ltr'><strong>siderio</strong></span> <span class='ocrx_word' id='word_1_341' title='bbox 778 2878 1058 2933; x_wconf 89' lang='lat' dir='ltr'><strong>consocios</strong></span> <span class='ocrx_word' id='word_1_342' title='bbox 1103 2877 1468 2932; x_wconf 89' lang='lat' dir='ltr'><strong>tribulationis</strong></span> <span class='ocrx_word' id='word_1_343' title='bbox 1512 2883 1634 2939; x_wconf 64' lang='lat' dir='ltr'><strong>tuae,</strong></span> <span class='ocrx_word' id='word_1_344' title='bbox 1668 2875 1794 2929; x_wconf 82' lang='lat' dir='ltr'><strong>forti</strong></span> <span class='ocrx_word' id='word_1_345' title='bbox 1841 2875 2024 2929; x_wconf 90' lang='lat' dir='ltr'><strong>animo</strong></span> <span class='ocrx_word' id='word_1_346' title='bbox 2053 2875 2108 2927; x_wconf 89' lang='lat' dir='ltr'><strong>in</strong></span> 
     </span>
    </p>
   </div>
   <div class='ocr_carea' id='block_1_46' title="bbox 526 2954 2110 3039">
    <p class='ocr_par' dir='ltr' id='par_1_46' title="bbox 526 2954 2110 3039">
     <span class='ocr_line' id='line_1_46' title="bbox 526 2954 2110 3039; baseline -0.004 -14"><span class='ocrx_word' id='word_1_347' title='bbox 526 2970 630 3025; x_wconf 90' lang='lat' dir='ltr'><strong>ﬁde</strong></span> <span class='ocrx_word' id='word_1_348' title='bbox 671 2983 991 3039; x_wconf 88' lang='lat' dir='ltr'><strong>permanere</strong></span> <span class='ocrx_word' id='word_1_349' title='bbox 1034 2967 1238 3023; x_wconf 90' lang='lat' dir='ltr'><strong>Christi</strong></span> <span class='ocrx_word' id='word_1_350' title='bbox 1286 2968 1400 3034; x_wconf 91' lang='lat' dir='ltr'><strong>Dei,</strong></span> <span class='ocrx_word' id='word_1_351' title='bbox 1430 2975 1486 3022; x_wconf 89' lang='lat' dir='ltr'><strong>et</strong></span> <span class='ocrx_word' id='word_1_352' title='bbox 1529 2954 1800 3036; x_wconf 76' lang='lat' dir='ltr'><strong>patienter</strong></span> <span class='ocrx_word' id='word_1_353' title='bbox 1843 2965 2110 3020; x_wconf 89' lang='lat' dir='ltr'><strong>sustinere</strong></span> 
     </span>
    </p>
   </div>
   <div class='ocr_carea' id='block_1_47' title="bbox 526 3056 2110 3130">
    <p class='ocr_par' dir='ltr' id='par_1_47' title="bbox 526 3056 2110 3130">
     <span class='ocr_line' id='line_1_47' title="bbox 526 3056 2110 3130; baseline -0.003 -15"><span class='ocrx_word' id='word_1_354' title='bbox 526 3062 702 3116; x_wconf 88' lang='lat' dir='ltr'><strong>varias</strong></span> <span class='ocrx_word' id='word_1_355' title='bbox 727 3060 1021 3116; x_wconf 83' lang='lat' dir='ltr'><strong>inﬁdelium</strong></span> <span class='ocrx_word' id='word_1_356' title='bbox 1041 3060 1462 3130; x_wconf 88' lang='lat' dir='ltr'><strong>persecutiones,</strong></span> <span class='ocrx_word' id='word_1_357' title='bbox 1473 3059 1831 3127; x_wconf 80' lang='lat' dir='ltr'><strong>recogitantes</strong></span> <span class='ocrx_word' id='word_1_358' title='bbox 1850 3072 1994 3122; x_wconf 88' lang='lat' dir='ltr'><strong>eum,</strong></span> <span class='ocrx_word' id='word_1_359' title='bbox 2018 3056 2110 3124; x_wconf 92' lang='lat' dir='ltr'><strong>qui</strong></span> 
     </span>
    </p>
   </div>
   <div class='ocr_carea' id='block_1_48' title="bbox 525 3150 2100 3226">
    <p class='ocr_par' dir='ltr' id='par_1_48' title="bbox 525 3150 2100 3226">
     <span class='ocr_line' id='line_1_48' title="bbox 525 3150 2100 3226; baseline -0.005 -17"><span class='ocrx_word' id='word_1_360' title='bbox 525 3171 621 3226; x_wconf 89' lang='lat' dir='ltr'><strong>pro</strong></span> <span class='ocrx_word' id='word_1_361' title='bbox 648 3154 819 3210; x_wconf 89' lang='lat' dir='ltr'><strong>salute</strong></span> <span class='ocrx_word' id='word_1_362' title='bbox 846 3153 1062 3208; x_wconf 89' lang='lat' dir='ltr'><strong>illorum</strong></span> <span class='ocrx_word' id='word_1_363' title='bbox 1102 3153 1156 3206; x_wconf 93' lang='lat' dir='ltr'><strong>in</strong></span> <span class='ocrx_word' id='word_1_364' title='bbox 1182 3152 1420 3222; x_wconf 90' lang='lat' dir='ltr'><strong>patibulo</strong></span> <span class='ocrx_word' id='word_1_365' title='bbox 1460 3167 1753 3222; x_wconf 87' lang='lat' dir='ltr'><strong>suspensus</strong></span> <span class='ocrx_word' id='word_1_366' title='bbox 1780 3151 1857 3205; x_wconf 90' lang='lat' dir='ltr'><strong>ait</strong></span> <span class='ocrx_word' id='word_1_367' title='bbox 1882 3169 1893 3204; x_wconf 93' lang='lat'>:</span> <span class='ocrx_word' id='word_1_368' title='bbox 1921 3150 2100 3213; x_wconf 89' lang='lat' dir='ltr'><strong>Pater,</strong></span> 
     </span>
    </p>
   </div>
   <div class='ocr_carea' id='block_1_49' title="bbox 525 3241 2105 3315">
    <p class='ocr_par' dir='ltr' id='par_1_49' title="bbox 525 3241 2105 3315">
     <span class='ocr_line' id='line_1_49' title="bbox 525 3241 2105 3315; baseline -0.002 -16"><span class='ocrx_word' id='word_1_369' title='bbox 525 3246 730 3314; x_wconf 81' lang='lat' dir='ltr'><strong>ignosce</strong></span> <span class='ocrx_word' id='word_1_370' title='bbox 766 3243 894 3309; x_wconf 89' lang='lat' dir='ltr'><strong>illis,</strong></span> <span class='ocrx_word' id='word_1_371' title='bbox 917 3245 1041 3314; x_wconf 83' lang='lat' dir='ltr'><strong>quia</strong></span> <span class='ocrx_word' id='word_1_372' title='bbox 1080 3243 1314 3297; x_wconf 85' lang='lat' dir='ltr'><strong>nesciunt</strong></span> <span class='ocrx_word' id='word_1_373' title='bbox 1355 3243 1482 3315; x_wconf 84' lang='lat' dir='ltr'><strong>quid</strong></span> <span class='ocrx_word' id='word_1_374' title='bbox 1529 3242 1728 3312; x_wconf 79' lang='lat' dir='ltr'><strong>faciunt</strong></span> <span class='ocrx_word' id='word_1_375' title='bbox 1759 3241 1910 3313; x_wconf 89' lang='lat' dir='ltr'><strong>(Luc.</strong></span> <span class='ocrx_word' id='word_1_376' title='bbox 1949 3257 2105 3308; x_wconf 69' lang='grc' dir='ltr'>χχιιι,</span> 
     </span>
    </p>
   </div>
   <div class='ocr_carea' id='block_1_50' title="bbox 524 3331 2114 3408">
    <p class='ocr_par' dir='ltr' id='par_1_50' title="bbox 524 3331 2114 3408">
     <span class='ocr_line' id='line_1_50' title="bbox 524 3331 2114 3408; baseline -0.001 -18"><span class='ocrx_word' id='word_1_377' title='bbox 524 3337 636 3408; x_wconf 70' lang='grc'>54).</span> <span class='ocrx_word' id='word_1_378' title='bbox 673 3336 796 3390; x_wconf 85' lang='grc' dir='ltr'><strong>Νοη</strong></span> <span class='ocrx_word' id='word_1_379' title='bbox 821 3344 940 3390; x_wconf 91' lang='lat' dir='ltr'><strong>sunt</strong></span> <span class='ocrx_word' id='word_1_380' title='bbox 967 3336 1141 3406; x_wconf 84' lang='lat' dir='ltr'><strong>itaque</strong></span> <span class='ocrx_word' id='word_1_381' title='bbox 1162 3331 1433 3405; x_wconf 69' lang='lat' dir='ltr'><strong>condigna:</strong></span> <span class='ocrx_word' id='word_1_382' title='bbox 1460 3335 1621 3406; x_wconf 83' lang='lat' dir='ltr'><strong>hujus</strong></span> <span class='ocrx_word' id='word_1_383' title='bbox 1650 3335 1897 3405; x_wconf 84' lang='lat' dir='ltr'><strong>temporis</strong></span> <span class='ocrx_word' id='word_1_384' title='bbox 1916 3335 2114 3406; x_wconf 85' lang='lat' dir='ltr'><strong>passio-</strong></span> 
     </span>
    </p>
   </div>
   <div class='ocr_carea' id='block_1_51' title="bbox 528 3425 2113 3498">
    <p class='ocr_par' dir='ltr' id='par_1_51' title="bbox 528 3425 2113 3498">
     <span class='ocr_line' id='line_1_51' title="bbox 528 3425 2113 3498; baseline -0.002 -14"><span class='ocrx_word' id='word_1_385' title='bbox 528 3447 639 3496; x_wconf 85' lang='lat' dir='ltr'><strong>nes,</strong></span> <span class='ocrx_word' id='word_1_386' title='bbox 662 3430 737 3483; x_wconf 87' lang='lat' dir='ltr'><strong>ait</strong></span> <span class='ocrx_word' id='word_1_387' title='bbox 784 3428 1032 3498; x_wconf 86' lang='lat' dir='ltr'><strong>egregius</strong></span> <span class='ocrx_word' id='word_1_388' title='bbox 1075 3427 1420 3489; x_wconf 75' lang='lat' dir='ltr'><strong>Pnedicator,</strong></span> <span class='ocrx_word' id='word_1_389' title='bbox 1449 3427 1517 3480; x_wconf 89' lang='lat' dir='ltr'><strong>ad</strong></span> <span class='ocrx_word' id='word_1_390' title='bbox 1544 3436 1968 3498; x_wconf 82' lang='lat' dir='ltr'><strong>superventuram</strong></span> <span class='ocrx_word' id='word_1_391' title='bbox 2002 3425 2113 3498; x_wconf 85' lang='lat' dir='ltr'><strong>glo-</strong></span> 
     </span>
    </p>
   </div>
   <div class='ocr_carea' id='block_1_52' title="bbox 528 3516 2114 3591">
    <p class='ocr_par' dir='ltr' id='par_1_52' title="bbox 528 3516 2114 3591">
     <span class='ocr_line' id='line_1_52' title="bbox 528 3516 2114 3591; baseline -0.001 -17"><span class='ocrx_word' id='word_1_392' title='bbox 528 3521 686 3584; x_wconf 86' lang='lat' dir='ltr'><strong>riam,</strong></span> <span class='ocrx_word' id='word_1_393' title='bbox 709 3537 825 3591; x_wconf 79' lang='lat' dir='ltr'><strong>qute</strong></span> <span class='ocrx_word' id='word_1_394' title='bbox 846 3517 1156 3573; x_wconf 81' lang='lat' dir='ltr'><strong>revelabitur</strong></span> <span class='ocrx_word' id='word_1_395' title='bbox 1177 3518 1233 3570; x_wconf 89' lang='lat' dir='ltr'><strong>in</strong></span> <span class='ocrx_word' id='word_1_396' title='bbox 1261 3517 1405 3572; x_wconf 85' lang='lat' dir='ltr'><strong>nobis</strong></span> <span class='ocrx_word' id='word_1_397' title='bbox 1432 3516 1609 3588; x_wconf 85' lang='lat' dir='ltr'><strong>(Rom.</strong></span> <span class='ocrx_word' id='word_1_398' title='bbox 1641 3534 1759 3582; x_wconf 80' lang='lat' dir='ltr'><strong>vni,</strong></span> <span class='ocrx_word' id='word_1_399' title='bbox 1793 3517 1902 3590; x_wconf 82' lang='grc'>18).</span> <span class='ocrx_word' id='word_1_400' title='bbox 1927 3517 2114 3572; x_wconf 89' lang='lat' dir='ltr'><strong>Nullus</strong></span> 
     </span>
    </p>
   </div>
   <div class='ocr_carea' id='block_1_53' title="bbox 530 3608 2113 3678">
    <p class='ocr_par' dir='ltr' id='par_1_53' title="bbox 530 3608 2113 3678">
     <span class='ocr_line' id='line_1_53' title="bbox 530 3608 2113 3678; baseline -0.001 -12"><span class='ocrx_word' id='word_1_401' title='bbox 530 3612 684 3666; x_wconf 89' lang='lat' dir='ltr'><strong>miles</strong></span> <span class='ocrx_word' id='word_1_402' title='bbox 725 3611 1089 3672; x_wconf 89' lang='lat' dir='ltr'><strong>coronabitur,</strong></span> <span class='ocrx_word' id='word_1_403' title='bbox 1121 3608 1225 3663; x_wconf 88' lang='lat' dir='ltr'><strong>nisi</strong></span> <span class='ocrx_word' id='word_1_404' title='bbox 1259 3609 1348 3678; x_wconf 92' lang='lat' dir='ltr'><strong>qui</strong></span> <span class='ocrx_word' id='word_1_405' title='bbox 1400 3609 1637 3678; x_wconf 85' lang='lat' dir='ltr'><strong>legitime</strong></span> <span class='ocrx_word' id='word_1_406' title='bbox 1683 3618 1876 3664; x_wconf 88' lang='lat' dir='ltr'><strong>certat.</strong></span> <span class='ocrx_word' id='word_1_407' title='bbox 1929 3609 2113 3664; x_wconf 82' lang='lat' dir='ltr'><strong>Brevis</strong></span> 
     </span>
    </p>
   </div>
   <div class='ocr_carea' id='block_1_54' title="bbox 529 3699 2115 3772">
    <p class='ocr_par' dir='ltr' id='par_1_54' title="bbox 529 3699 2115 3772">
     <span class='ocr_line' id='line_1_54' title="bbox 529 3699 2115 3772; baseline -0.003 -14"><span class='ocrx_word' id='word_1_408' title='bbox 529 3713 614 3758; x_wconf 87' lang='lat' dir='ltr'><strong>est</strong></span> <span class='ocrx_word' id='word_1_409' title='bbox 637 3703 792 3759; x_wconf 88' lang='lat' dir='ltr'><strong>labor</strong></span> <span class='ocrx_word' id='word_1_410' title='bbox 815 3701 1178 3756; x_wconf 88' lang='lat' dir='ltr'><strong>tribulationis</strong></span> <span class='ocrx_word' id='word_1_411' title='bbox 1212 3699 1368 3768; x_wconf 91' lang='lat' dir='ltr'><strong>hujus</strong></span> <span class='ocrx_word' id='word_1_412' title='bbox 1397 3700 1536 3764; x_wconf 56' lang='lat' dir='ltr'><strong>vitae,</strong></span> <span class='ocrx_word' id='word_1_413' title='bbox 1569 3702 1661 3756; x_wconf 89' lang='lat' dir='ltr'><strong>sed</strong></span> <span class='ocrx_word' id='word_1_414' title='bbox 1687 3717 1899 3757; x_wconf 87' lang='lat' dir='ltr'><strong>merces</strong></span> <span class='ocrx_word' id='word_1_415' title='bbox 1926 3716 2115 3772; x_wconf 87' lang='lat' dir='ltr'><strong>perpe-</strong></span> 
     </span>
    </p>
   </div>
   <div class='ocr_carea' id='block_1_55' title="bbox 530 3789 2115 3864">
    <p class='ocr_par' dir='ltr' id='par_1_55' title="bbox 530 3789 2115 3864">
     <span class='ocr_line' id='line_1_55' title="bbox 530 3789 2115 3864; baseline -0.001 -16"><span class='ocrx_word' id='word_1_416' title='bbox 530 3802 621 3848; x_wconf 90' lang='lat' dir='ltr'><strong>tua</strong></span> <span class='ocrx_word' id='word_1_417' title='bbox 642 3810 762 3864; x_wconf 68' lang='lat' dir='ltr'><strong>qua:</strong></span> <span class='ocrx_word' id='word_1_418' title='bbox 781 3793 1120 3848; x_wconf 82' lang='lat' dir='ltr'><strong>vincentibus</strong></span> <span class='ocrx_word' id='word_1_419' title='bbox 1140 3791 1374 3846; x_wconf 89' lang='lat' dir='ltr'><strong>dabitur.</strong></span> <span class='ocrx_word' id='word_1_420' title='bbox 1398 3789 1513 3845; x_wconf 85' lang='lat' dir='ltr'><strong>Non</strong></span> <span class='ocrx_word' id='word_1_421' title='bbox 1541 3792 1610 3846; x_wconf 91' lang='lat' dir='ltr'><strong>sit</strong></span> <span class='ocrx_word' id='word_1_422' title='bbox 1631 3792 1853 3847; x_wconf 89' lang='lat' dir='ltr'><strong>cuilibet</strong></span> <span class='ocrx_word' id='word_1_423' title='bbox 1873 3791 2115 3847; x_wconf 84' lang='lat' dir='ltr'><strong>ﬁdelium</strong></span> 
     </span>
    </p>
   </div>
   <div class='ocr_carea' id='block_1_56' title="bbox 531 3883 2117 3954">
    <p class='ocr_par' dir='ltr' id='par_1_56' title="bbox 531 3883 2117 3954">
     <span class='ocr_line' id='line_1_56' title="bbox 531 3883 2117 3954; baseline 0.001 -16"><span class='ocrx_word' id='word_1_424' title='bbox 531 3884 586 3938; x_wconf 92' lang='lat' dir='ltr'><strong>in</strong></span> <span class='ocrx_word' id='word_1_425' title='bbox 616 3884 883 3939; x_wconf 89' lang='lat' dir='ltr'><strong>oblivione</strong></span> <span class='ocrx_word' id='word_1_426' title='bbox 917 3883 1308 3954; x_wconf 89' lang='lat' dir='ltr'><strong>jucundissima</strong></span> <span class='ocrx_word' id='word_1_427' title='bbox 1349 3883 1639 3952; x_wconf 90' lang='lat' dir='ltr'><strong>promissio</strong></span> <span class='ocrx_word' id='word_1_428' title='bbox 1687 3885 1896 3939; x_wconf 91' lang='lat' dir='ltr'><strong>Domini</strong></span> <span class='ocrx_word' id='word_1_429' title='bbox 1945 3886 2117 3940; x_wconf 88' lang='lat' dir='ltr'><strong>nostri</strong></span> 
     </span>
    </p>
   </div>
   <div class='ocr_carea' id='block_1_57' title="bbox 530 3974 2115 4046">
    <p class='ocr_par' dir='ltr' id='par_1_57' title="bbox 530 3974 2115 4046">
     <span class='ocr_line' id='line_1_57' title="bbox 530 3974 2115 4046; baseline 0.001 -15"><span class='ocrx_word' id='word_1_430' title='bbox 530 3975 657 4031; x_wconf 78' lang='lat' dir='ltr'><strong>Jesn</strong></span> <span class='ocrx_word' id='word_1_431' title='bbox 684 3975 908 4041; x_wconf 89' lang='lat' dir='ltr'><strong>Christi,</strong></span> <span class='ocrx_word' id='word_1_432' title='bbox 935 3975 1028 4045; x_wconf 90' lang='lat' dir='ltr'><strong>qui</strong></span> <span class='ocrx_word' id='word_1_433' title='bbox 1064 3975 1140 4029; x_wconf 91' lang='lat' dir='ltr'><strong>ait</strong></span> <span class='ocrx_word' id='word_1_434' title='bbox 1165 3993 1177 4028; x_wconf 91' lang='lat'>:</span> <span class='ocrx_word' id='word_1_435' title='bbox 1205 3974 1338 4029; x_wconf 86' lang='lat' dir='ltr'><strong>Ecce</strong></span> <span class='ocrx_word' id='word_1_436' title='bbox 1363 3992 1456 4046; x_wconf 87' lang='lat' dir='ltr'><strong>ego</strong></span> <span class='ocrx_word' id='word_1_437' title='bbox 1490 3975 1752 4030; x_wconf 83' lang='lat' dir='ltr'><strong>vobiscum</strong></span> <span class='ocrx_word' id='word_1_438' title='bbox 1780 3993 1898 4031; x_wconf 80' lang='lat' dir='ltr'><strong>sum</strong></span> <span class='ocrx_word' id='word_1_439' title='bbox 1940 3979 2115 4032; x_wconf 89' lang='lat' dir='ltr'><strong>omni-</strong></span> 
     </span>
    </p>
   </div>
   <div class='ocr_carea' id='block_1_58' title="bbox 531 4066 2114 4144">
    <p class='ocr_par' dir='ltr' id='par_1_58' title="bbox 531 4066 2114 4144">
     <span class='ocr_line' id='line_1_58' title="bbox 531 4066 2114 4144; baseline 0.001 -21"><span class='ocrx_word' id='word_1_440' title='bbox 531 4068 625 4123; x_wconf 88' lang='lat' dir='ltr'><strong>bus</strong></span> <span class='ocrx_word' id='word_1_441' title='bbox 646 4068 828 4123; x_wconf 84' lang='lat' dir='ltr'><strong>diebus</strong></span> <span class='ocrx_word' id='word_1_442' title='bbox 854 4083 1017 4139; x_wconf 86' lang='lat' dir='ltr'><strong>usque</strong></span> <span class='ocrx_word' id='word_1_443' title='bbox 1061 4066 1130 4122; x_wconf 86' lang='lat' dir='ltr'><strong>ad</strong></span> <span class='ocrx_word' id='word_1_444' title='bbox 1171 4068 1671 4123; x_wconf 81' lang='lat' dir='ltr'><strong>consummationem</strong></span> <span class='ocrx_word' id='word_1_445' title='bbox 1696 4068 1876 4123; x_wconf 73' lang='lat' dir='ltr'><strong>saeculi</strong></span> <span class='ocrx_word' id='word_1_446' title='bbox 1899 4068 2114 4144; x_wconf 77' lang='lat' dir='ltr'><strong>(Matth.</strong></span> 
     </span>
    </p>
   </div>
   <div class='ocr_carea' id='block_1_59' title="bbox 533 4160 872 4232">
    <p class='ocr_par' dir='ltr' id='par_1_59' title="bbox 533 4160 872 4232">
     <span class='ocr_line' id='line_1_59' title="bbox 533 4160 872 4232; baseline -0.003 -16"><span class='ocrx_word' id='word_1_447' title='bbox 533 4171 727 4228; x_wconf 77' lang='lat' dir='ltr'><strong>‘xxvm,</strong></span> <span class='ocrx_word' id='word_1_448' title='bbox 758 4160 872 4232; x_wconf 69' lang='lat'><strong>20).</strong></span> 
     </span>
    </p>
   </div>
   <div class='ocr_carea' id='block_1_60' title="bbox 605 4294 1234 4364">
    <p class='ocr_par' dir='ltr' id='par_1_60' title="bbox 605 4294 1234 4364">
     <span class='ocr_line' id='line_1_60' title="bbox 605 4294 1234 4364; baseline 0.002 -17"><span class='ocrx_word' id='word_1_449' title='bbox 605 4308 632 4335; x_wconf 78' lang='grc' dir='ltr'>α</span> <span class='ocrx_word' id='word_1_450' title='bbox 659 4294 890 4364; x_wconf 79' lang='lat' dir='ltr'><strong>Froben.</strong></span> <span class='ocrx_word' id='word_1_451' title='bbox 923 4294 1080 4364; x_wconf 91' lang='lat' dir='ltr'><strong>epist.</strong></span> <span class='ocrx_word' id='word_1_452' title='bbox 1115 4295 1234 4351; x_wconf 77' lang='grc'>185.</span> 
     </span>
    </p>
   </div>
   <div class='ocr_carea' id='block_1_61' title="bbox 607 4363 2120 4439">
    <p class='ocr_par' dir='ltr' id='par_1_61' title="bbox 607 4363 2120 4439">
     <span class='ocr_line' id='line_1_61' title="bbox 607 4363 2120 4439; baseline 0.003 -21"><span class='ocrx_word' id='word_1_453' title='bbox 607 4365 636 4405; x_wconf 75' lang='grc' dir='ltr'>ι)</span> <span class='ocrx_word' id='word_1_454' title='bbox 679 4363 970 4439; x_wconf 83' lang='lat' dir='ltr'><strong>Epistolam</strong></span> <span class='ocrx_word' id='word_1_455' title='bbox 998 4367 1149 4439; x_wconf 69' lang='lat' dir='ltr'><strong>hanc</strong></span> <span class='ocrx_word' id='word_1_456' title='bbox 1180 4366 1435 4439; x_wconf 76' lang='lat' dir='ltr'><strong>ineditam</strong></span> <span class='ocrx_word' id='word_1_457' title='bbox 1475 4376 1530 4421; x_wconf 90' lang='lat' dir='ltr'><strong>et</strong></span> <span class='ocrx_word' id='word_1_458' title='bbox 1570 4368 1832 4423; x_wconf 89' lang='lat' dir='ltr'><strong>hactenus</strong></span> <span class='ocrx_word' id='word_1_459' title='bbox 1883 4369 2120 4439; x_wconf 88' lang='lat' dir='ltr'><strong>ignotam</strong></span> 
     </span>
    </p>
   </div>
   <div class='ocr_carea' id='block_1_62' title="bbox 535 4435 2122 4504">
    <p class='ocr_par' dir='ltr' id='par_1_62' title="bbox 535 4435 2122 4504">
     <span class='ocr_line' id='line_1_62' title="bbox 535 4435 2122 4504; baseline 0.001 -13"><span class='ocrx_word' id='word_1_460' title='bbox 535 4452 602 4491; x_wconf 80' lang='lat' dir='ltr'><strong>ex</strong></span> <span class='ocrx_word' id='word_1_461' title='bbox 638 4435 767 4495; x_wconf 89' lang='lat' dir='ltr'><strong>cod.</strong></span> <span class='ocrx_word' id='word_1_462' title='bbox 801 4435 949 4504; x_wconf 88' lang='lat' dir='ltr'><strong>regio</strong></span> <span class='ocrx_word' id='word_1_463' title='bbox 998 4435 1170 4490; x_wconf 86' lang='lat' dir='ltr'><strong>Paris.</strong></span> <span class='ocrx_word' id='word_1_464' title='bbox 1209 4453 1263 4489; x_wconf 93' lang='lat' dir='ltr'><strong>n.</strong></span> <span class='ocrx_word' id='word_1_465' title='bbox 1289 4436 1430 4491; x_wconf 71' lang='lat'><strong>2826</strong></span> <span class='ocrx_word' id='word_1_466' title='bbox 1473 4446 1658 4492; x_wconf 89' lang='lat' dir='ltr'><strong>notato</strong></span> <span class='ocrx_word' id='word_1_467' title='bbox 1688 4439 1850 4502; x_wconf 85' lang='lat' dir='ltr'><strong>eruit,</strong></span> <span class='ocrx_word' id='word_1_468' title='bbox 1879 4435 1932 4492; x_wconf 74' lang='lat' dir='ltr'><strong>et</strong></span> <span class='ocrx_word' id='word_1_469' title='bbox 1960 4440 2122 4492; x_wconf 88' lang='lat' dir='ltr'><strong>bene-</strong></span> 
     </span>
    </p>
   </div>
   <div class='ocr_carea' id='block_1_63' title="bbox 537 4506 2120 4578">
    <p class='ocr_par' dir='ltr' id='par_1_63' title="bbox 537 4506 2120 4578">
     <span class='ocr_line' id='line_1_63' title="bbox 537 4506 2120 4578; baseline 0.001 -17"><span class='ocrx_word' id='word_1_470' title='bbox 537 4506 656 4578; x_wconf 90' lang='lat' dir='ltr'><strong>vole</strong></span> <span class='ocrx_word' id='word_1_471' title='bbox 684 4520 896 4578; x_wconf 85' lang='lat' dir='ltr'><strong>mecum</strong></span> <span class='ocrx_word' id='word_1_472' title='bbox 918 4506 1352 4578; x_wconf 61' lang='lat' dir='ltr'><strong>communicavit</strong></span> <span class='ocrx_word' id='word_1_473' title='bbox 1375 4506 1828 4578; x_wconf 76' lang='lat' dir='ltr'><strong>virdoctissimus</strong></span> <span class='ocrx_word' id='word_1_474' title='bbox 1844 4549 1857 4571; x_wconf 97' lang='lat'><strong>,</strong></span> <span class='ocrx_word' id='word_1_475' title='bbox 1882 4509 2120 4578; x_wconf 88' lang='lat' dir='ltr'><strong>mihique</strong></span> 
     </span>
    </p>
   </div>
   <div class='ocr_carea' id='block_1_64' title="bbox 538 4575 2122 4633">
    <p class='ocr_par' dir='ltr' id='par_1_64' title="bbox 538 4575 2122 4633">
     <span class='ocr_line' id='line_1_64' title="bbox 538 4575 2122 4633; baseline 0.001 -1"><span class='ocrx_word' id='word_1_476' title='bbox 538 4576 896 4632; x_wconf 82' lang='lat' dir='ltr'><strong>amicissimus</strong></span> <span class='ocrx_word' id='word_1_477' title='bbox 917 4575 980 4628; x_wconf 92' lang='lat' dir='ltr'><strong>D.</strong></span> <span class='ocrx_word' id='word_1_478' title='bbox 1006 4575 1187 4630; x_wconf 90' lang='lat' dir='ltr'><strong>Lieble</strong></span> <span class='ocrx_word' id='word_1_479' title='bbox 1211 4576 1589 4632; x_wconf 88' lang='lat' dir='ltr'><strong>Benedictinus</strong></span> <span class='ocrx_word' id='word_1_480' title='bbox 1607 4588 1662 4633; x_wconf 92' lang='lat' dir='ltr'><strong>et</strong></span> <span class='ocrx_word' id='word_1_481' title='bbox 1682 4575 2122 4633; x_wconf 78' lang='lat' dir='ltr'><strong>bibliothecarius</strong></span> 
     </span>
    </p>
   </div>
   <div class='ocr_carea' id='block_1_65' title="bbox 539 4645 1544 4716">
    <p class='ocr_par' dir='ltr' id='par_1_65' title="bbox 539 4645 1544 4716">
     <span class='ocr_line' id='line_1_65' title="bbox 539 4645 1544 4716; baseline -0.003 -13"><span class='ocrx_word' id='word_1_482' title='bbox 539 4645 1056 4716; x_wconf 75' lang='lat' dir='ltr'><strong>San-Germanensis</strong></span> <span class='ocrx_word' id='word_1_483' title='bbox 1086 4646 1246 4716; x_wconf 77' lang='lat' dir='ltr'><strong>supra</strong></span> <span class='ocrx_word' id='word_1_484' title='bbox 1279 4647 1544 4702; x_wconf 87' lang='lat' dir='ltr'><strong>laudatus.</strong></span> 
     </span>
    </p>
   </div>
   <div class='ocr_carea' id='block_1_66' title="bbox 613 4715 2118 4789">
    <p class='ocr_par' dir='ltr' id='par_1_66' title="bbox 613 4715 2118 4789">
     <span class='ocr_line' id='line_1_66' title="bbox 613 4715 2118 4789; baseline 0.003 -21"><span class='ocrx_word' id='word_1_485' title='bbox 613 4729 634 4756; x_wconf 81' lang='grc' dir='ltr'><strong>ο</strong></span> <span class='ocrx_word' id='word_1_486' title='bbox 667 4715 745 4769; x_wconf 83' lang='lat' dir='ltr'><strong>Ad</strong></span> <span class='ocrx_word' id='word_1_487' title='bbox 789 4715 1068 4789; x_wconf 80' lang='lat' dir='ltr'><strong>Georgium</strong></span> <span class='ocrx_word' id='word_1_488' title='bbox 1106 4715 1480 4789; x_wconf 73' lang='lat' dir='ltr'><strong>patriarcham,</strong></span> <span class='ocrx_word' id='word_1_489' title='bbox 1506 4727 1611 4773; x_wconf 91' lang='lat' dir='ltr'><strong>etc.</strong></span> <span class='ocrx_word' id='word_1_490' title='bbox 1643 4717 1810 4789; x_wconf 86' lang='lat' dir='ltr'><strong>Hujus</strong></span> <span class='ocrx_word' id='word_1_491' title='bbox 1851 4718 2118 4785; x_wconf 91' lang='lat' dir='ltr'><strong>notitiam,</strong></span> 
     </span>
    </p>
   </div>
   <div class='ocr_carea' id='block_1_67' title="bbox 539 4787 2122 4860">
    <p class='ocr_par' dir='ltr' id='par_1_67' title="bbox 539 4787 2122 4860">
     <span class='ocr_line' id='line_1_67' title="bbox 539 4787 2122 4860; baseline 0 -16"><span class='ocrx_word' id='word_1_492' title='bbox 539 4795 859 4860; x_wconf 85' lang='lat' dir='ltr'><strong>suggerente</strong></span> <span class='ocrx_word' id='word_1_493' title='bbox 885 4787 1296 4860; x_wconf 51' lang='lat' dir='ltr'><strong>prgelaudatoD.</strong></span> <span class='ocrx_word' id='word_1_494' title='bbox 1325 4787 1528 4853; x_wconf 90' lang='lat' dir='ltr'><strong>Lieble,</strong></span> <span class='ocrx_word' id='word_1_495' title='bbox 1553 4787 1735 4858; x_wconf 83' lang='lat' dir='ltr'><strong>accepi</strong></span> <span class='ocrx_word' id='word_1_496' title='bbox 1755 4806 1820 4843; x_wconf 84' lang='lat' dir='ltr'><strong>cx</strong></span> <span class='ocrx_word' id='word_1_497' title='bbox 1842 4791 2122 4860; x_wconf 62' lang='lat' dir='ltr'><strong>praestanti</strong></span> 
     </span>
    </p>
   </div>
   <div class='ocr_carea' id='block_1_68' title="bbox 541 4858 2122 4930">
    <p class='ocr_par' dir='ltr' id='par_1_68' title="bbox 541 4858 2122 4930">
     <span class='ocr_line' id='line_1_68' title="bbox 541 4858 2122 4930; baseline 0.001 -16"><span class='ocrx_word' id='word_1_498' title='bbox 541 4858 797 4930; x_wconf 86' lang='lat' dir='ltr'><strong>Tractatu</strong></span> <span class='ocrx_word' id='word_1_499' title='bbox 823 4858 1169 4930; x_wconf 62' lang='lat' dir='ltr'><strong>prteliminari</strong></span> <span class='ocrx_word' id='word_1_500' title='bbox 1190 4858 1256 4912; x_wconf 89' lang='lat' dir='ltr'><strong>de</strong></span> <span class='ocrx_word' id='word_1_501' title='bbox 1283 4860 1548 4930; x_wconf 86' lang='lat' dir='ltr'><strong>episcopis</strong></span> <span class='ocrx_word' id='word_1_502' title='bbox 1574 4869 1628 4914; x_wconf 90' lang='lat' dir='ltr'><strong>et</strong></span> <span class='ocrx_word' id='word_1_503' title='bbox 1655 4858 1977 4928; x_wconf 78' lang='lat' dir='ltr'><strong>patriarchis</strong></span> <span class='ocrx_word' id='word_1_504' title='bbox 1998 4877 2122 4915; x_wconf 89' lang='lat' dir='ltr'><strong>san-</strong></span> 
     </span>
    </p>
   </div>
   <div class='ocr_carea' id='block_1_69' title="bbox 541 4929 2118 4998">
    <p class='ocr_par' dir='ltr' id='par_1_69' title="bbox 541 4929 2118 4998">
     <span class='ocr_line' id='line_1_69' title="bbox 541 4929 2118 4998; baseline -0.001 -12"><span class='ocrx_word' id='word_1_505' title='bbox 541 4939 643 4986; x_wconf 74' lang='lat' dir='ltr'><strong>ctae</strong></span> <span class='ocrx_word' id='word_1_506' title='bbox 669 4929 1168 4998; x_wconf 81' lang='lat' dir='ltr'><strong>Hierosolymitame</strong></span> <span class='ocrx_word' id='word_1_507' title='bbox 1199 4929 1472 4993; x_wconf 63' lang='lat' dir='ltr'><strong>Ecclesiaa,</strong></span> <span class='ocrx_word' id='word_1_508' title='bbox 1496 4932 1562 4985; x_wconf 89' lang='lat' dir='ltr'><strong>ad</strong></span> <span class='ocrx_word' id='word_1_509' title='bbox 1594 4941 1725 4986; x_wconf 90' lang='lat' dir='ltr'><strong>tom.</strong></span> <span class='ocrx_word' id='word_1_510' title='bbox 1757 4931 1819 4985; x_wconf 90' lang='lat' dir='ltr'><strong>Ill</strong></span> <span class='ocrx_word' id='word_1_511' title='bbox 1847 4931 1968 4985; x_wconf 88' lang='lat' dir='ltr'><strong>Maii</strong></span> <span class='ocrx_word' id='word_1_512' title='bbox 2000 4931 2118 4986; x_wconf 86' lang='lat' dir='ltr'><strong>Act.</strong></span> 
     </span>
    </p>
   </div>
   <div class='ocr_carea' id='block_1_70' title="bbox 542 4999 2124 5071">
    <p class='ocr_par' dir='ltr' id='par_1_70' title="bbox 542 4999 2124 5071">
     <span class='ocr_line' id='line_1_70' title="bbox 542 4999 2124 5071; baseline 0 -15"><span class='ocrx_word' id='word_1_513' title='bbox 542 5001 643 5058; x_wconf 89' lang='lat' dir='ltr'><strong>SS.</strong></span> <span class='ocrx_word' id='word_1_514' title='bbox 677 4999 940 5071; x_wconf 69' lang='lat' dir='ltr'><strong>pag._40_,</strong></span> <span class='ocrx_word' id='word_1_515' title='bbox 974 5000 1283 5071; x_wconf 9' lang='lat' dir='ltr'><strong>num.rl74,</strong></span> <span class='ocrx_word' id='word_1_516' title='bbox 1327 5009 1547 5055; x_wconf 89' lang='lat' dir='ltr'><strong>auctore</strong></span> <span class='ocrx_word' id='word_1_517' title='bbox 1595 5003 1657 5055; x_wconf 93' lang='lat' dir='ltr'><strong>D.</strong></span> <span class='ocrx_word' id='word_1_518' title='bbox 1689 5001 1908 5057; x_wconf 92' lang='lat' dir='ltr'><strong>Daniele</strong></span> <span class='ocrx_word' id='word_1_519' title='bbox 1955 5002 2124 5071; x_wconf 91' lang='lat' dir='ltr'><strong>Pape-</strong></span> 
     </span>
    </p>
   </div>
   <div class='ocr_carea' id='block_1_71' title="bbox 539 5067 2121 5143">
    <p class='ocr_par' dir='ltr' id='par_1_71' title="bbox 539 5067 2121 5143">
     <span class='ocr_line' id='line_1_71' title="bbox 539 5067 2121 5143; baseline -0.001 -15"><span class='ocrx_word' id='word_1_520' title='bbox 539 5067 767 5129; x_wconf 82' lang='lat' dir='ltr'><strong>brocbio</strong></span> <span class='ocrx_word' id='word_1_521' title='bbox 811 5068 868 5124; x_wconf 90' lang='lat' dir='ltr'><strong>S.</strong></span> <span class='ocrx_word' id='word_1_522' title='bbox 900 5067 1330 5143; x_wconf 27' lang='lat' dir='ltr'><strong>J.,Aqui_ibidem</strong></span> <span class='ocrx_word' id='word_1_523' title='bbox 1355 5079 1630 5143; x_wconf 74' lang='lat' dir='ltr'><strong>testatur,</strong></span> <span class='ocrx_word' id='word_1_524' title='bbox 1680 5088 1873 5127; x_wconf 90' lang='lat' dir='ltr'><strong>nomen</strong></span> <span class='ocrx_word' id='word_1_525' title='bbox 1905 5067 2121 5143; x_wconf 73' lang='lat' dir='ltr'><strong>Georgii</strong></span> 
     </span>
    </p>
   </div>
   <div class='ocr_carea' id='block_1_72' title="bbox 543 5139 2122 5213">
    <p class='ocr_par' dir='ltr' id='par_1_72' title="bbox 543 5139 2122 5213">
     <span class='ocr_line' id='line_1_72' title="bbox 543 5139 2122 5213; baseline 0 -15"><span class='ocrx_word' id='word_1_526' title='bbox 543 5144 596 5198; x_wconf 92' lang='lat' dir='ltr'><strong>in</strong></span> <span class='ocrx_word' id='word_1_527' title='bbox 626 5143 745 5198; x_wconf 83' lang='lat' dir='ltr'><strong>Vita</strong></span> <span class='ocrx_word' id='word_1_528' title='bbox 778 5141 949 5213; x_wconf 79' lang='lat' dir='ltr'><strong>sancti</strong></span> <span class='ocrx_word' id='word_1_529' title='bbox 981 5139 1236 5213; x_wconf 84' lang='lat' dir='ltr'><strong>Stephani</strong></span> <span class='ocrx_word' id='word_1_530' title='bbox 1279 5142 1510 5213; x_wconf 71' lang='lat' dir='ltr'><strong>Sabaita:</strong></span> <span class='ocrx_word' id='word_1_531' title='bbox 1536 5143 1698 5213; x_wconf 90' lang='lat' dir='ltr'><strong>(edita</strong></span> <span class='ocrx_word' id='word_1_532' title='bbox 1734 5153 1865 5197; x_wconf 91' lang='lat' dir='ltr'><strong>tom.</strong></span> <span class='ocrx_word' id='word_1_533' title='bbox 1902 5143 1968 5198; x_wconf 79' lang='lat' dir='ltr'><strong>[ll</strong></span> <span class='ocrx_word' id='word_1_534' title='bbox 1996 5139 2122 5198; x_wconf 80' lang='lat' dir='ltr'><strong>Julii</strong></span> 
     </span>
    </p>
   </div>
   <div class='ocr_carea' id='block_1_73' title="bbox 541 5211 2123 5282">
    <p class='ocr_par' dir='ltr' id='par_1_73' title="bbox 541 5211 2123 5282">
     <span class='ocr_line' id='line_1_73' title="bbox 541 5211 2123 5282; baseline 0.001 -14"><span class='ocrx_word' id='word_1_535' title='bbox 541 5214 608 5268; x_wconf 91' lang='lat' dir='ltr'><strong>ad</strong></span> <span class='ocrx_word' id='word_1_536' title='bbox 639 5214 778 5268; x_wconf 91' lang='lat' dir='ltr'><strong>diem</strong></span> <span class='ocrx_word' id='word_1_537' title='bbox 805 5211 892 5282; x_wconf 76' lang='grc'><strong>15)</strong></span> <span class='ocrx_word' id='word_1_538' title='bbox 926 5211 1240 5282; x_wconf 81' lang='lat' dir='ltr'><strong>certissime</strong></span> <span class='ocrx_word' id='word_1_539' title='bbox 1277 5211 1464 5282; x_wconf 86' lang='lat' dir='ltr'><strong>haberi</strong></span> <span class='ocrx_word' id='word_1_540' title='bbox 1506 5211 1851 5281; x_wconf 67' lang='lat' dir='ltr'><strong>expressum;</strong></span> <span class='ocrx_word' id='word_1_541' title='bbox 1883 5216 1956 5268; x_wconf 91' lang='lat' dir='ltr'><strong>ita</strong></span> <span class='ocrx_word' id='word_1_542' title='bbox 1979 5215 2123 5269; x_wconf 88' lang='lat' dir='ltr'><strong>enim</strong></span> 
     </span>
    </p>
   </div>
   <div class='ocr_carea' id='block_1_74' title="bbox 544 5281 2122 5353">
    <p class='ocr_par' dir='ltr' id='par_1_74' title="bbox 544 5281 2122 5353">
     <span class='ocr_line' id='line_1_74' title="bbox 544 5281 2122 5353; baseline 0 -15"><span class='ocrx_word' id='word_1_543' title='bbox 544 5284 743 5339; x_wconf 89' lang='lat' dir='ltr'><strong>ibidem</strong></span> <span class='ocrx_word' id='word_1_544' title='bbox 773 5296 890 5350; x_wconf 88' lang='lat' dir='ltr'><strong>cap.</strong></span> <span class='ocrx_word' id='word_1_545' title='bbox 921 5281 974 5346; x_wconf 80' lang='lat'><strong>5,</strong></span> <span class='ocrx_word' id='word_1_546' title='bbox 1007 5297 1153 5335; x_wconf 93' lang='lat' dir='ltr'><strong>num.</strong></span> <span class='ocrx_word' id='word_1_547' title='bbox 1183 5281 1251 5335; x_wconf 63' lang='lat' dir='ltr'><strong>«i9</strong></span> <span class='ocrx_word' id='word_1_548' title='bbox 1277 5281 1506 5351; x_wconf 86' lang='lat' dir='ltr'><strong>legitur:</strong></span> <span class='ocrx_word' id='word_1_549' title='bbox 1537 5302 1558 5353; x_wconf 56' lang='grc' dir='ltr'><em>ς</em></span> <span class='ocrx_word' id='word_1_550' title='bbox 1594 5284 1980 5339; x_wconf 88' lang='lat' dir='ltr'><strong>Sanctissimus</strong></span> <span class='ocrx_word' id='word_1_551' title='bbox 2025 5300 2122 5353; x_wconf 89' lang='lat' dir='ltr'><strong>pa-</strong></span> 
     </span>
    </p>
   </div>
   <div class='ocr_carea' id='block_1_75' title="bbox 545 5351 2125 5434">
    <p class='ocr_par' dir='ltr' id='par_1_75' title="bbox 545 5351 2125 5434">
     <span class='ocr_line' id='line_1_75' title="bbox 545 5351 2125 5434; baseline 0.001 -25"><span class='ocrx_word' id='word_1_552' title='bbox 545 5354 781 5434; x_wconf 74' lang='lat' dir='ltr'><strong>triarcha</strong></span> <span class='ocrx_word' id='word_1_553' title='bbox 809 5354 1036 5434; x_wconf 81' lang='lat' dir='ltr'><strong>domnus</strong></span> <span class='ocrx_word' id='word_1_554' title='bbox 1080 5352 1222 5434; x_wconf 76' lang='lat' dir='ltr'><strong>Elias</strong></span> <span class='ocrx_word' id='word_1_555' title='bbox 1265 5368 1386 5407; x_wconf 90' lang='lat' dir='ltr'><strong>cum</strong></span> <span class='ocrx_word' id='word_1_556' title='bbox 1401 5351 1608 5434; x_wconf 75' lang='lat' dir='ltr'><strong>gaudio</strong></span> <span class='ocrx_word' id='word_1_557' title='bbox 1637 5351 2125 5434; x_wconf 38' lang='lat' dir='ltr'><strong>atque-honoriﬁco</strong></span> 
     </span>
    </p>
   </div>
   <div class='ocr_carea' id='block_1_76' title="bbox 545 5423 2123 5494">
    <p class='ocr_par' dir='ltr' id='par_1_76' title="bbox 545 5423 2123 5494">
     <span class='ocr_line' id='line_1_76' title="bbox 545 5423 2123 5494; baseline -0.001 -14"><span class='ocrx_word' id='word_1_558' title='bbox 545 5426 722 5480; x_wconf 91' lang='lat' dir='ltr'><strong>reditu</strong></span> <span class='ocrx_word' id='word_1_559' title='bbox 763 5424 1036 5494; x_wconf 86' lang='lat' dir='ltr'><strong>propriam</strong></span> <span class='ocrx_word' id='word_1_560' title='bbox 1066 5423 1248 5477; x_wconf 89' lang='lat' dir='ltr'><strong>sedem</strong></span> <span class='ocrx_word' id='word_1_561' title='bbox 1278 5423 1604 5492; x_wconf 84' lang='lat' dir='ltr'><strong>postliminio</strong></span> <span class='ocrx_word' id='word_1_562' title='bbox 1638 5425 1884 5492; x_wconf 89' lang='lat' dir='ltr'><strong>repetiit,</strong></span> <span class='ocrx_word' id='word_1_563' title='bbox 1911 5426 2123 5480; x_wconf 90' lang='lat' dir='ltr'><strong>diutur-</strong></span> 
     </span>
    </p>
   </div>
   <div class='ocr_carea' id='block_1_77' title="bbox 543 5494 2126 5566">
    <p class='ocr_par' dir='ltr' id='par_1_77' title="bbox 543 5494 2126 5566">
     <span class='ocr_line' id='line_1_77' title="bbox 543 5494 2126 5566; baseline 0.001 -15"><span class='ocrx_word' id='word_1_564' title='bbox 543 5511 721 5565; x_wconf 86' lang='lat' dir='ltr'><strong>naque</strong></span> <span class='ocrx_word' id='word_1_565' title='bbox 756 5495 1016 5566; x_wconf 85' lang='lat' dir='ltr'><strong>dignitate</strong></span> <span class='ocrx_word' id='word_1_566' title='bbox 1041 5494 1386 5566; x_wconf 85' lang='lat' dir='ltr'><strong>patriarchali</strong></span> <span class='ocrx_word' id='word_1_567' title='bbox 1423 5495 1498 5566; x_wconf 84' lang='lat' dir='ltr'><strong>ad</strong></span> <span class='ocrx_word' id='word_1_568' title='bbox 1541 5509 1711 5549; x_wconf 89' lang='lat' dir='ltr'><strong>annos</strong></span> <span class='ocrx_word' id='word_1_569' title='bbox 1752 5494 1885 5548; x_wconf 89' lang='lat' dir='ltr'><strong>satis</strong></span> <span class='ocrx_word' id='word_1_570' title='bbox 1929 5497 2126 5552; x_wconf 89' lang='lat' dir='ltr'><strong>multos</strong></span> 
     </span>
    </p>
   </div>
   <div class='ocr_carea' id='block_1_78' title="bbox 545 5565 2122 5692">
    <p class='ocr_par' dir='ltr' id='par_1_78' title="bbox 545 5565 2122 5692">
     <span class='ocr_line' id='line_1_78' title="bbox 582 5565 2122 5636; baseline 0.001 -16"><span class='ocrx_word' id='word_1_571' title='bbox 582 5567 765 5621; x_wconf 87' lang='lat' dir='ltr'><strong>avisus</strong></span> <span class='ocrx_word' id='word_1_572' title='bbox 791 5565 874 5622; x_wconf 70' lang='grc' dir='ltr'><strong>εει</strong></span> <span class='ocrx_word' id='word_1_573' title='bbox 897 5580 911 5619; x_wconf 92' lang='lat'><strong>:</strong></span> <span class='ocrx_word' id='word_1_574' title='bbox 935 5574 989 5619; x_wconf 89' lang='lat' dir='ltr'><strong>et</strong></span> <span class='ocrx_word' id='word_1_575' title='bbox 1014 5580 1136 5619; x_wconf 90' lang='lat' dir='ltr'><strong>cum</strong></span> <span class='ocrx_word' id='word_1_576' title='bbox 1166 5565 1293 5620; x_wconf 91' lang='lat' dir='ltr'><strong>hinc</strong></span> <span class='ocrx_word' id='word_1_577' title='bbox 1322 5565 1390 5620; x_wconf 88' lang='lat' dir='ltr'><strong>ad</strong></span> <span class='ocrx_word' id='word_1_578' title='bbox 1417 5565 1586 5618; x_wconf 90' lang='lat' dir='ltr'><strong>Deum</strong></span> <span class='ocrx_word' id='word_1_579' title='bbox 1616 5573 1801 5619; x_wconf 89' lang='lat' dir='ltr'><strong>sancte</strong></span> <span class='ocrx_word' id='word_1_580' title='bbox 1846 5566 2122 5636; x_wconf 87' lang='lat' dir='ltr'><strong>migraret,</strong></span> 
     </span>
     <span class='ocr_line' id='line_1_79' title="bbox 545 5585 2122 5692; baseline -0.001 0"><span class='ocrx_word' id='word_1_581' title='bbox 545 5585 802 5692; x_wconf 54' lang='lat' dir='ltr'><strong>Somnum</strong></span> <span class='ocrx_word' id='word_1_582' title='bbox 853 5635 1140 5692; x_wconf 73' lang='lat' dir='ltr'><strong>Georuium</strong></span> <span class='ocrx_word' id='word_1_583' title='bbox 1189 5635 1482 5692; x_wconf 88' lang='lat' dir='ltr'><strong>svncellum</strong></span> <span class='ocrx_word' id='word_1_584' title='bbox 1529 5650 1686 5690; x_wconf 88' lang='lat' dir='ltr'><strong>suum</strong></span> <span class='ocrx_word' id='word_1_585' title='bbox 1729 5636 1783 5690; x_wconf 91' lang='lat' dir='ltr'><strong>in</strong></span> <span class='ocrx_word' id='word_1_586' title='bbox 1813 5637 2122 5691; x_wconf 87' lang='lat' dir='ltr'><strong>cathedram</strong></span> 
     </span>
    </p>
   </div>
   <div class='ocr_carea' id='block_1_79' title="bbox 583 5635 2126 5707">
    <p class='ocr_par' dir='ltr' id='par_1_79' title="bbox 583 5635 2126 5707">
     <span class='ocr_line' id='line_1_80' title="bbox 583 5635 2126 5707; baseline 0 -17"><span class='ocrx_word' id='word_1_587' title='bbox 583 5635 1140 5707; x_wconf 9' lang='lat' dir='ltr'><strong>olnnuereorgium</strong></span> <span class='ocrx_word' id='word_1_588' title='bbox 1189 5635 1482 5707; x_wconf 88' lang='lat' dir='ltr'><strong>syncellum</strong></span> <span class='ocrx_word' id='word_1_589' title='bbox 1529 5650 1686 5707; x_wconf 83' lang='lat' dir='ltr'><strong>suum</strong></span> <span class='ocrx_word' id='word_1_590' title='bbox 1729 5636 1790 5707; x_wconf 78' lang='lat' dir='ltr'><strong>in</strong></span> <span class='ocrx_word' id='word_1_591' title='bbox 1813 5635 2126 5691; x_wconf 87' lang='lat' dir='ltr'><strong>cathedram</strong></span> 
     </span>
    </p>
   </div>
   <div class='ocr_carea' id='block_1_80' title="bbox 516 5704 2129 5777">
    <p class='ocr_par' dir='ltr' id='par_1_80' title="bbox 516 5704 2129 5777">
     <span class='ocr_line' id='line_1_81' title="bbox 516 5704 2129 5777; baseline 0.002 -17"><span class='ocrx_word' id='word_1_592' title='bbox 516 5706 961 5777; x_wconf 86' lang='lat' dir='ltr'><strong>-Teadelphicam</strong></span> <span class='ocrx_word' id='word_1_593' title='bbox 1003 5704 1378 5764; x_wconf 78' lang='lat' dir='ltr'><strong>successorem</strong></span> <span class='ocrx_word' id='word_1_594' title='bbox 1414 5704 1653 5777; x_wconf 75' lang='lat' dir='ltr'><strong>reliquit.</strong></span> <span class='ocrx_word' id='word_1_595' title='bbox 1679 5727 1696 5758; x_wconf 71' lang='grc' dir='ltr'><strong>ι</strong></span> <span class='ocrx_word' id='word_1_596' title='bbox 1746 5705 1907 5762; x_wconf 86' lang='lat' dir='ltr'><strong>Notat</strong></span> <span class='ocrx_word' id='word_1_597' title='bbox 1935 5709 2129 5763; x_wconf 87' lang='lat' dir='ltr'><strong>deinde</strong></span> 
     </span>
    </p>
   </div>
   <div class='ocr_carea' id='block_1_81' title="bbox 546 5776 2129 5858">
    <p class='ocr_par' dir='ltr' id='par_1_81' title="bbox 546 5776 2129 5858">
     <span class='ocr_line' id='line_1_82' title="bbox 546 5776 2129 5858; baseline 0.001 -26"><span class='ocrx_word' id='word_1_598' title='bbox 546 5776 950 5858; x_wconf 72' lang='lat' dir='ltr'><strong>Papebrochius</strong></span> <span class='ocrx_word' id='word_1_599' title='bbox 988 5777 1277 5858; x_wconf 76' lang='lat' dir='ltr'><strong>Georgium</strong></span> <span class='ocrx_word' id='word_1_600' title='bbox 1307 5780 1448 5858; x_wconf 77' lang='lat' dir='ltr'><strong>hunc</strong></span> <span class='ocrx_word' id='word_1_601' title='bbox 1474 5778 1538 5858; x_wconf 88' lang='lat' dir='ltr'><strong>in_</strong></span> <span class='ocrx_word' id='word_1_602' title='bbox 1565 5793 1670 5858; x_wconf 63' lang='lat' dir='ltr'><strong>ms.</strong></span> <span class='ocrx_word' id='word_1_603' title='bbox 1712 5777 1972 5858; x_wconf 77' lang='lat' dir='ltr'><strong>Brugensi</strong></span> <span class='ocrx_word' id='word_1_604' title='bbox 2001 5777 2129 5834; x_wconf 87' lang='lat' dir='ltr'><strong>Gre-</strong></span> 
     </span>
    </p>
   </div>
   <div class='ocr_carea' id='block_1_82' title="bbox 550 5847 2123 5920">
    <p class='ocr_par' dir='ltr' id='par_1_82' title="bbox 550 5847 2123 5920">
     <span class='ocr_line' id='line_1_83' title="bbox 550 5847 2123 5920; baseline 0.005 -20"><span class='ocrx_word' id='word_1_605' title='bbox 550 5848 776 5920; x_wconf 87' lang='lat' dir='ltr'><strong>gorium,</strong></span> <span class='ocrx_word' id='word_1_606' title='bbox 803 5847 982 5904; x_wconf 90' lang='lat' dir='ltr'><strong>vicino</strong></span> <span class='ocrx_word' id='word_1_607' title='bbox 1021 5856 1077 5904; x_wconf 89' lang='lat' dir='ltr'><strong>et</strong></span> <span class='ocrx_word' id='word_1_608' title='bbox 1122 5847 1279 5906; x_wconf 79' lang='lat' dir='ltr'><strong>facile</strong></span> <span class='ocrx_word' id='word_1_609' title='bbox 1318 5849 1620 5905; x_wconf 87' lang='lat' dir='ltr'><strong>alternabili</strong></span> <span class='ocrx_word' id='word_1_610' title='bbox 1661 5847 1906 5918; x_wconf 76' lang='lat' dir='ltr'><strong>nomine;</strong></span> <span class='ocrx_word' id='word_1_611' title='bbox 1937 5851 1994 5906; x_wconf 91' lang='lat' dir='ltr'><strong>in</strong></span> <span class='ocrx_word' id='word_1_612' title='bbox 2022 5867 2123 5908; x_wconf 86' lang='lat' dir='ltr'><strong>ms.</strong></span> 
     </span>
    </p>
   </div>
   <div class='ocr_carea' id='block_1_83' title="bbox 2134 3194 2182 3259">
    <p class='ocr_par' dir='ltr' id='par_1_83' title="bbox 2134 3194 2182 3259">
     <span class='ocr_line' id='line_1_84' title="bbox 2134 3194 2182 3259; baseline 0 0"><span class='ocrx_word' id='word_1_613' title='bbox 2134 3194 2182 3259; x_wconf 86' lang='lat' dir='ltr'><strong>C</strong></span> 
     </span>
    </p>
   </div>
   <div class='ocr_carea' id='block_1_84' title="bbox 2202 1931 3532 2007">
    <p class='ocr_par' dir='ltr' id='par_1_84' title="bbox 2202 1931 3532 2007">
     <span class='ocr_line' id='line_1_85' title="bbox 2202 1931 3532 2007; baseline -0.005 -17"><span class='ocrx_word' id='word_1_614' title='bbox 2202 1954 2317 1990; x_wconf 89' lang='lat' dir='ltr'><strong>sum</strong></span> <span class='ocrx_word' id='word_1_615' title='bbox 2342 1953 2455 2007; x_wconf 89' lang='lat' dir='ltr'><strong>ego,</strong></span> <span class='ocrx_word' id='word_1_616' title='bbox 2485 1947 2533 1990; x_wconf 90' lang='lat' dir='ltr'><strong>et</strong></span> <span class='ocrx_word' id='word_1_617' title='bbox 2556 1938 2642 1992; x_wconf 84' lang='lat' dir='ltr'><strong>isti</strong></span> <span class='ocrx_word' id='word_1_618' title='bbox 2672 1938 2776 1991; x_wconf 88' lang='lat' dir='ltr'><strong>sint</strong></span> <span class='ocrx_word' id='word_1_619' title='bbox 2805 1951 3004 1990; x_wconf 89' lang='lat' dir='ltr'><strong>mecum</strong></span> <span class='ocrx_word' id='word_1_620' title='bbox 3033 1933 3214 2004; x_wconf 73' lang='lat' dir='ltr'><strong>(Joan.</strong></span> <span class='ocrx_word' id='word_1_621' title='bbox 3244 1949 3378 1997; x_wconf 82' lang='lat' dir='ltr'><strong>xvn,</strong></span> <span class='ocrx_word' id='word_1_622' title='bbox 3417 1931 3532 2002; x_wconf 71' lang='grc'>24).</span> 
     </span>
    </p>
   </div>
   <div class='ocr_carea' id='block_1_85' title="bbox 2273 2023 3789 2097">
    <p class='ocr_par' dir='ltr' id='par_1_85' title="bbox 2273 2023 3789 2097">
     <span class='ocr_line' id='line_1_86' title="bbox 2273 2023 3789 2097; baseline -0.003 -15"><span class='ocrx_word' id='word_1_623' title='bbox 2273 2026 2533 2097; x_wconf 87' lang='lat' dir='ltr'><strong>Optamus</strong></span> <span class='ocrx_word' id='word_1_624' title='bbox 2571 2027 2628 2082; x_wconf 91' lang='lat' dir='ltr'><strong>in</strong></span> <span class='ocrx_word' id='word_1_625' title='bbox 2673 2027 2825 2082; x_wconf 86' lang='lat' dir='ltr'><strong>vobis</strong></span> <span class='ocrx_word' id='word_1_626' title='bbox 2869 2025 3096 2097; x_wconf 91' lang='lat' dir='ltr'><strong>impleri,</strong></span> <span class='ocrx_word' id='word_1_627' title='bbox 3141 2023 3344 2079; x_wconf 90' lang='lat' dir='ltr'><strong>Christi</strong></span> <span class='ocrx_word' id='word_1_628' title='bbox 3390 2023 3566 2091; x_wconf 76' lang='lat' dir='ltr'><strong>gratia</strong></span> <span class='ocrx_word' id='word_1_629' title='bbox 3597 2037 3789 2093; x_wconf 87' lang='lat' dir='ltr'><strong>coope-</strong></span> 
     </span>
    </p>
   </div>
   <div class='ocr_carea' id='block_1_86' title="bbox 2205 2116 3785 2191">
    <p class='ocr_par' dir='ltr' id='par_1_86' title="bbox 2205 2116 3785 2191">
     <span class='ocr_line' id='line_1_87' title="bbox 2205 2116 3785 2191; baseline -0.003 -18"><span class='ocrx_word' id='word_1_630' title='bbox 2205 2129 2377 2186; x_wconf 88' lang='lat' dir='ltr'><strong>rante,</strong></span> <span class='ocrx_word' id='word_1_631' title='bbox 2406 2121 2552 2190; x_wconf 90' lang='lat' dir='ltr'><strong>quod</strong></span> <span class='ocrx_word' id='word_1_632' title='bbox 2595 2121 2722 2175; x_wconf 91' lang='lat' dir='ltr'><strong>olim</strong></span> <span class='ocrx_word' id='word_1_633' title='bbox 2761 2121 3026 2191; x_wconf 86' lang='lat' dir='ltr'><strong>Propheta</strong></span> <span class='ocrx_word' id='word_1_634' title='bbox 3059 2120 3170 2174; x_wconf 89' lang='lat' dir='ltr'><strong>ait:</strong></span> <span class='ocrx_word' id='word_1_635' title='bbox 3203 2119 3281 2172; x_wconf 89' lang='lat' dir='ltr'><strong>De</strong></span> <span class='ocrx_word' id='word_1_636' title='bbox 3325 2117 3456 2173; x_wconf 90' lang='lat' dir='ltr'><strong>Sion</strong></span> <span class='ocrx_word' id='word_1_637' title='bbox 3497 2117 3659 2171; x_wconf 77' lang='lat' dir='ltr'><strong>exibit</strong></span> <span class='ocrx_word' id='word_1_638' title='bbox 3687 2116 3785 2179; x_wconf 70' lang='lat' dir='ltr'><strong>lex,</strong></span> 
     </span>
    </p>
   </div>
   <div class='ocr_carea' id='block_1_87' title="bbox 2204 2209 3790 2283">
    <p class='ocr_par' dir='ltr' id='par_1_87' title="bbox 2204 2209 3790 2283">
     <span class='ocr_line' id='line_1_88' title="bbox 2204 2209 3790 2283; baseline -0.003 -17"><span class='ocrx_word' id='word_1_639' title='bbox 2204 2224 2251 2266; x_wconf 89' lang='lat' dir='ltr'><strong>et</strong></span> <span class='ocrx_word' id='word_1_640' title='bbox 2288 2213 2496 2267; x_wconf 81' lang='lat' dir='ltr'><strong>verbum</strong></span> <span class='ocrx_word' id='word_1_641' title='bbox 2532 2213 2742 2266; x_wconf 89' lang='lat' dir='ltr'><strong>Domini</strong></span> <span class='ocrx_word' id='word_1_642' title='bbox 2771 2214 2834 2268; x_wconf 87' lang='lat' dir='ltr'><strong>de</strong></span> <span class='ocrx_word' id='word_1_643' title='bbox 2857 2211 3150 2268; x_wconf 81' lang='lat' dir='ltr'><strong>Jerusalem</strong></span> <span class='ocrx_word' id='word_1_644' title='bbox 3183 2212 3318 2283; x_wconf 86' lang='lat' dir='ltr'><strong>(lsa.</strong></span> <span class='ocrx_word' id='word_1_645' title='bbox 3345 2228 3405 2276; x_wconf 91' lang='grc' dir='ltr'>ιι,</span> <span class='ocrx_word' id='word_1_646' title='bbox 3434 2210 3521 2281; x_wconf 79' lang='lat'><strong>3);</strong></span> <span class='ocrx_word' id='word_1_647' title='bbox 3551 2210 3682 2264; x_wconf 83' lang='lat' dir='ltr'><strong>Inde</strong></span> <span class='ocrx_word' id='word_1_648' title='bbox 3711 2209 3790 2262; x_wconf 79' lang='lat' dir='ltr'><strong>lu-</strong></span> 
     </span>
    </p>
   </div>
   <div class='ocr_carea' id='block_1_88' title="bbox 2206 2305 3791 2374">
    <p class='ocr_par' dir='ltr' id='par_1_88' title="bbox 2206 2305 3791 2374">
     <span class='ocr_line' id='line_1_89' title="bbox 2206 2305 3791 2374; baseline -0.004 -13"><span class='ocrx_word' id='word_1_649' title='bbox 2206 2317 2316 2361; x_wconf 88' lang='lat' dir='ltr'><strong>ceat</strong></span> <span class='ocrx_word' id='word_1_650' title='bbox 2363 2307 2456 2361; x_wconf 74' lang='lat' dir='ltr'><strong>luas</strong></span> <span class='ocrx_word' id='word_1_651' title='bbox 2497 2318 2664 2361; x_wconf 83' lang='lat' dir='ltr'><strong>vestra</strong></span> <span class='ocrx_word' id='word_1_652' title='bbox 2708 2323 2886 2362; x_wconf 89' lang='lat' dir='ltr'><strong>coram</strong></span> <span class='ocrx_word' id='word_1_653' title='bbox 2927 2306 3253 2371; x_wconf 85' lang='lat' dir='ltr'><strong>hominibus,</strong></span> <span class='ocrx_word' id='word_1_654' title='bbox 3280 2315 3336 2359; x_wconf 87' lang='lat' dir='ltr'><strong>ut</strong></span> <span class='ocrx_word' id='word_1_655' title='bbox 3379 2305 3586 2374; x_wconf 81' lang='lat' dir='ltr'><strong>videant</strong></span> <span class='ocrx_word' id='word_1_656' title='bbox 3637 2319 3791 2373; x_wconf 85' lang='lat' dir='ltr'><strong>cpera</strong></span> 
     </span>
    </p>
   </div>
   <div class='ocr_carea' id='block_1_89' title="bbox 2207 2398 3789 2475">
    <p class='ocr_par' dir='ltr' id='par_1_89' title="bbox 2207 2398 3789 2475">
     <span class='ocr_line' id='line_1_90' title="bbox 2207 2398 3789 2475; baseline -0.005 -16"><span class='ocrx_word' id='word_1_657' title='bbox 2207 2415 2374 2459; x_wconf 80' lang='lat' dir='ltr'><strong>vestra</strong></span> <span class='ocrx_word' id='word_1_658' title='bbox 2397 2404 2554 2469; x_wconf 89' lang='lat' dir='ltr'><strong>bona,</strong></span> <span class='ocrx_word' id='word_1_659' title='bbox 2573 2415 2619 2458; x_wconf 91' lang='lat' dir='ltr'><strong>et</strong></span> <span class='ocrx_word' id='word_1_660' title='bbox 2643 2403 2932 2475; x_wconf 78' lang='lat' dir='ltr'><strong>gloriﬁcent</strong></span> <span class='ocrx_word' id='word_1_661' title='bbox 2961 2403 3170 2459; x_wconf 83' lang='lat' dir='ltr'><strong>Patrem</strong></span> <span class='ocrx_word' id='word_1_662' title='bbox 3193 2411 3435 2468; x_wconf 85' lang='lat' dir='ltr'><strong>vestrum,</strong></span> <span class='ocrx_word' id='word_1_663' title='bbox 3457 2401 3548 2472; x_wconf 87' lang='lat' dir='ltr'><strong>qui</strong></span> <span class='ocrx_word' id='word_1_664' title='bbox 3573 2401 3630 2454; x_wconf 88' lang='lat' dir='ltr'><strong>in</strong></span> <span class='ocrx_word' id='word_1_665' title='bbox 3653 2398 3789 2453; x_wconf 73' lang='lat' dir='ltr'><strong>caelis</strong></span> 
     </span>
    </p>
   </div>
   <div class='ocr_carea' id='block_1_90' title="bbox 2205 2497 2751 2568">
    <p class='ocr_par' dir='ltr' id='par_1_90' title="bbox 2205 2497 2751 2568">
     <span class='ocr_line' id='line_1_91' title="bbox 2205 2497 2751 2568; baseline -0.002 -16"><span class='ocrx_word' id='word_1_666' title='bbox 2205 2508 2280 2552; x_wconf 86' lang='lat' dir='ltr'><strong>est</strong></span> <span class='ocrx_word' id='word_1_667' title='bbox 2309 2498 2524 2562; x_wconf 79' lang='lat' dir='ltr'><strong>(Matth.</strong></span> <span class='ocrx_word' id='word_1_668' title='bbox 2560 2514 2612 2564; x_wconf 91' lang='lat' dir='ltr'><strong>v,</strong></span> <span class='ocrx_word' id='word_1_669' title='bbox 2642 2497 2751 2568; x_wconf 78' lang='grc'>16).</span> 
     </span>
    </p>
   </div>
   <div class='ocr_carea' id='block_1_91' title="bbox 2279 2584 3794 2659">
    <p class='ocr_par' dir='ltr' id='par_1_91' title="bbox 2279 2584 3794 2659">
     <span class='ocr_line' id='line_1_92' title="bbox 2279 2584 3794 2659; baseline -0.005 -15"><span class='ocrx_word' id='word_1_670' title='bbox 2279 2589 2632 2644; x_wconf 87' lang='lat' dir='ltr'><strong>Sanctitatem</strong></span> <span class='ocrx_word' id='word_1_671' title='bbox 2656 2598 2909 2654; x_wconf 86' lang='lat' dir='ltr'><strong>vestram,</strong></span> <span class='ocrx_word' id='word_1_672' title='bbox 2936 2604 3036 2659; x_wconf 87' lang='lat' dir='ltr'><strong>pro</strong></span> <span class='ocrx_word' id='word_1_673' title='bbox 3062 2597 3248 2644; x_wconf 90' lang='lat' dir='ltr'><strong>sancta</strong></span> <span class='ocrx_word' id='word_1_674' title='bbox 3286 2587 3380 2642; x_wconf 92' lang='lat' dir='ltr'><strong>Dei</strong></span> <span class='ocrx_word' id='word_1_675' title='bbox 3425 2585 3669 2641; x_wconf 89' lang='lat' dir='ltr'><strong>Ecclesia</strong></span> <span class='ocrx_word' id='word_1_676' title='bbox 3715 2584 3794 2637; x_wconf 81' lang='lat' dir='ltr'><strong>in-</strong></span> 
     </span>
    </p>
   </div>
   <div class='ocr_carea' id='block_1_92' title="bbox 2207 2680 3795 2747">
    <p class='ocr_par' dir='ltr' id='par_1_92' title="bbox 2207 2680 3795 2747">
     <span class='ocr_line' id='line_1_93' title="bbox 2207 2680 3795 2747; baseline -0.004 -9"><span class='ocrx_word' id='word_1_677' title='bbox 2207 2683 2867 2747; x_wconf 89' lang='lat' dir='ltr'><strong>tercedentem,Dominus</strong></span> <span class='ocrx_word' id='word_1_678' title='bbox 2889 2691 3072 2738; x_wconf 91' lang='lat' dir='ltr'><strong>noster</strong></span> <span class='ocrx_word' id='word_1_679' title='bbox 3085 2681 3242 2737; x_wconf 84' lang='lat' dir='ltr'><strong>Jesus</strong></span> <span class='ocrx_word' id='word_1_680' title='bbox 3261 2681 3511 2737; x_wconf 90' lang='lat' dir='ltr'><strong>Christus</strong></span> <span class='ocrx_word' id='word_1_681' title='bbox 3531 2680 3795 2735; x_wconf 80' lang='lat' dir='ltr'><strong>exaudire</strong></span> 
     </span>
    </p>
   </div>
   <div class='ocr_carea' id='block_1_93' title="bbox 2207 2771 3796 2845">
    <p class='ocr_par' dir='ltr' id='par_1_93' title="bbox 2207 2771 3796 2845">
     <span class='ocr_line' id='line_1_94' title="bbox 2207 2771 3796 2845; baseline -0.004 -17"><span class='ocrx_word' id='word_1_682' title='bbox 2207 2774 2475 2845; x_wconf 85' lang='lat' dir='ltr'><strong>dignetur,</strong></span> <span class='ocrx_word' id='word_1_683' title='bbox 2491 2775 2611 2829; x_wconf 91' lang='lat' dir='ltr'><strong>etin</strong></span> <span class='ocrx_word' id='word_1_684' title='bbox 2633 2775 2779 2830; x_wconf 89' lang='lat' dir='ltr'><strong>omni</strong></span> <span class='ocrx_word' id='word_1_685' title='bbox 2802 2775 2942 2829; x_wconf 90' lang='lat' dir='ltr'><strong>bono</strong></span> <span class='ocrx_word' id='word_1_686' title='bbox 2967 2775 3033 2828; x_wconf 86' lang='lat' dir='ltr'><strong>ad</strong></span> <span class='ocrx_word' id='word_1_687' title='bbox 3055 2774 3340 2829; x_wconf 80' lang='lat' dir='ltr'><strong>multorum</strong></span> <span class='ocrx_word' id='word_1_688' title='bbox 3355 2773 3617 2844; x_wconf 85' lang='lat' dir='ltr'><strong>proﬁcere</strong></span> <span class='ocrx_word' id='word_1_689' title='bbox 3632 2771 3796 2825; x_wconf 85' lang='lat' dir='ltr'><strong>faciat</strong></span> 
     </span>
    </p>
   </div>
   <div class='ocr_carea' id='block_1_94' title="bbox 2206 2866 3798 2942">
    <p class='ocr_par' dir='ltr' id='par_1_94' title="bbox 2206 2866 3798 2942">
     <span class='ocr_line' id='line_1_95' title="bbox 2206 2866 3798 2942; baseline -0.003 -19"><span class='ocrx_word' id='word_1_690' title='bbox 2206 2868 2395 2942; x_wconf 84' lang='lat' dir='ltr'><strong>[Deest</strong></span> <span class='ocrx_word' id='word_1_691' title='bbox 2442 2871 2670 2925; x_wconf 90' lang='lat' dir='ltr'><strong>salutem</strong></span> <span class='ocrx_word' id='word_1_692' title='bbox 2701 2869 2775 2924; x_wconf 88' lang='lat' dir='ltr'><strong>vel</strong></span> <span class='ocrx_word' id='word_1_693' title='bbox 2801 2869 3026 2942; x_wconf 84' lang='lat' dir='ltr'><strong>simile].</strong></span> <span class='ocrx_word' id='word_1_694' title='bbox 3087 2869 3312 2925; x_wconf 78' lang='lat' dir='ltr'><strong>Dom.ne</strong></span> <span class='ocrx_word' id='word_1_695' title='bbox 3342 2867 3653 2937; x_wconf 88' lang='lat' dir='ltr'><strong>patriarcha</strong></span> <span class='ocrx_word' id='word_1_696' title='bbox 3703 2866 3798 2924; x_wconf 86' lang='lat' dir='ltr'><strong>bo-</strong></span> 
     </span>
    </p>
   </div>
   <div class='ocr_carea' id='block_1_95' title="bbox 2209 2959 3797 3029">
    <p class='ocr_par' dir='ltr' id='par_1_95' title="bbox 2209 2959 3797 3029">
     <span class='ocr_line' id='line_1_96' title="bbox 2209 2959 3797 3029; baseline -0.003 -13"><span class='ocrx_word' id='word_1_697' title='bbox 2209 2962 2449 3016; x_wconf 87' lang='lat' dir='ltr'><strong>norande</strong></span> <span class='ocrx_word' id='word_1_698' title='bbox 2493 2970 2547 3018; x_wconf 89' lang='lat' dir='ltr'><strong>et</strong></span> <span class='ocrx_word' id='word_1_699' title='bbox 2592 2962 3083 3018; x_wconf 88' lang='lat' dir='ltr'><strong>desiderantissime</strong></span> <span class='ocrx_word' id='word_1_700' title='bbox 3131 2961 3318 3015; x_wconf 85' lang='lat' dir='ltr'><strong>Pater!</strong></span> <span class='ocrx_word' id='word_1_701' title='bbox 3358 2959 3452 3014; x_wconf 90' lang='lat' dir='ltr'><strong>sed</strong></span> <span class='ocrx_word' id='word_1_702' title='bbox 3482 2967 3542 3013; x_wconf 92' lang='lat' dir='ltr'><strong>ut</strong></span> <span class='ocrx_word' id='word_1_703' title='bbox 3567 2974 3671 3029; x_wconf 91' lang='lat' dir='ltr'><strong>pro</strong></span> <span class='ocrx_word' id='word_1_704' title='bbox 3700 2973 3797 3011; x_wconf 87' lang='lat' dir='ltr'><strong>no-</strong></span> 
     </span>
    </p>
   </div>
   <div class='ocr_carea' id='block_1_96' title="bbox 2209 3050 3801 3125">
    <p class='ocr_par' dir='ltr' id='par_1_96' title="bbox 2209 3050 3801 3125">
     <span class='ocr_line' id='line_1_97' title="bbox 2209 3050 3801 3125; baseline -0.001 -18"><span class='ocrx_word' id='word_1_705' title='bbox 2209 3053 2336 3108; x_wconf 84' lang='lat' dir='ltr'><strong>stris</strong></span> <span class='ocrx_word' id='word_1_706' title='bbox 2360 3053 2483 3108; x_wconf 89' lang='lat' dir='ltr'><strong>ﬁliis</strong></span> <span class='ocrx_word' id='word_1_707' title='bbox 2497 3053 2828 3108; x_wconf 88' lang='lat' dir='ltr'><strong>intercedere</strong></span> <span class='ocrx_word' id='word_1_708' title='bbox 2845 3054 3084 3125; x_wconf 85' lang='lat' dir='ltr'><strong>digneris</strong></span> <span class='ocrx_word' id='word_1_709' title='bbox 3098 3053 3386 3122; x_wconf 89' lang='lat' dir='ltr'><strong>deprecor;</strong></span> <span class='ocrx_word' id='word_1_710' title='bbox 3409 3067 3509 3122; x_wconf 91' lang='lat' dir='ltr'><strong>pro</strong></span> <span class='ocrx_word' id='word_1_711' title='bbox 3528 3050 3801 3121; x_wconf 88' lang='lat' dir='ltr'><strong>Symeone</strong></span> 
     </span>
    </p>
   </div>
   <div class='ocr_carea' id='block_1_97' title="bbox 2212 3141 3800 3214">
    <p class='ocr_par' dir='ltr' id='par_1_97' title="bbox 2212 3141 3800 3214">
     <span class='ocr_line' id='line_1_98' title="bbox 2212 3141 3800 3214; baseline -0.002 -16"><span class='ocrx_word' id='word_1_712' title='bbox 2212 3145 2482 3213; x_wconf 89' lang='lat' dir='ltr'><strong>episcopo,</strong></span> <span class='ocrx_word' id='word_1_713' title='bbox 2510 3159 2608 3214; x_wconf 89' lang='lat' dir='ltr'><strong>pro</strong></span> <span class='ocrx_word' id='word_1_714' title='bbox 2648 3143 2781 3200; x_wconf 90' lang='lat' dir='ltr'><strong>Onie</strong></span> <span class='ocrx_word' id='word_1_715' title='bbox 2822 3153 2876 3199; x_wconf 93' lang='lat' dir='ltr'><strong>et</strong></span> <span class='ocrx_word' id='word_1_716' title='bbox 2915 3144 3142 3199; x_wconf 80' lang='lat' dir='ltr'><strong>Martino</strong></span> <span class='ocrx_word' id='word_1_717' title='bbox 3187 3143 3582 3206; x_wconf 75' lang='lat' dir='ltr'><strong>sacerdotibus,</strong></span> <span class='ocrx_word' id='word_1_718' title='bbox 3612 3151 3668 3196; x_wconf 87' lang='lat' dir='ltr'><strong>et</strong></span> <span class='ocrx_word' id='word_1_719' title='bbox 3698 3141 3800 3196; x_wconf 76' lang='lat' dir='ltr'><strong>Na-</strong></span> 
     </span>
    </p>
   </div>
   <div class='ocr_carea' id='block_1_98' title="bbox 2216 3236 3800 3308">
    <p class='ocr_par' dir='ltr' id='par_1_98' title="bbox 2216 3236 3800 3308">
     <span class='ocr_line' id='line_1_99' title="bbox 2216 3236 3800 3308; baseline -0.004 -15"><span class='ocrx_word' id='word_1_720' title='bbox 2216 3239 2488 3294; x_wconf 71' lang='lat' dir='ltr'><strong>thanaheli</strong></span> <span class='ocrx_word' id='word_1_721' title='bbox 2539 3238 2916 3294; x_wconf 89' lang='lat' dir='ltr'><strong>archidiacono</strong></span> <span class='ocrx_word' id='word_1_722' title='bbox 2941 3238 2990 3306; x_wconf 75' lang='grc' dir='ltr'><strong>ἀ,</strong></span> <span class='ocrx_word' id='word_1_723' title='bbox 3018 3247 3072 3295; x_wconf 90' lang='lat' dir='ltr'><strong>et</strong></span> <span class='ocrx_word' id='word_1_724' title='bbox 3119 3238 3332 3296; x_wconf 66' lang='lat' dir='ltr'><strong>ueteris</strong></span> <span class='ocrx_word' id='word_1_725' title='bbox 3381 3237 3472 3308; x_wconf 82' lang='lat' dir='ltr'><strong>qui</strong></span> <span class='ocrx_word' id='word_1_726' title='bbox 3519 3236 3800 3292; x_wconf 89' lang='lat' dir='ltr'><strong>nobiscum</strong></span> 
     </span>
    </p>
   </div>
   <div class='ocr_carea' id='block_1_99' title="bbox 2213 3325 3802 3401">
    <p class='ocr_par' dir='ltr' id='par_1_99' title="bbox 2213 3325 3802 3401">
     <span class='ocr_line' id='line_1_100' title="bbox 2213 3325 3802 3401; baseline -0.004 -13"><span class='ocrx_word' id='word_1_727' title='bbox 2213 3340 2360 3398; x_wconf 91' lang='lat' dir='ltr'><strong>sunt,</strong></span> <span class='ocrx_word' id='word_1_728' title='bbox 2386 3331 2480 3401; x_wconf 92' lang='lat' dir='ltr'><strong>qui</strong></span> <span class='ocrx_word' id='word_1_729' title='bbox 2507 3347 2606 3401; x_wconf 91' lang='lat' dir='ltr'><strong>pro</strong></span> <span class='ocrx_word' id='word_1_730' title='bbox 2635 3339 2812 3385; x_wconf 88' lang='lat' dir='ltr'><strong>vestra</strong></span> <span class='ocrx_word' id='word_1_731' title='bbox 2849 3333 3176 3386; x_wconf 84' lang='lat' dir='ltr'><strong>beatitudine</strong></span> <span class='ocrx_word' id='word_1_732' title='bbox 3201 3325 3544 3385; x_wconf 76' lang='lat' dir='ltr'><strong>intercedere</strong></span> <span class='ocrx_word' id='word_1_733' title='bbox 3575 3345 3683 3383; x_wconf 91' lang='lat' dir='ltr'><strong>non</strong></span> <span class='ocrx_word' id='word_1_734' title='bbox 3713 3330 3802 3382; x_wconf 86' lang='lat' dir='ltr'><strong>dc-</strong></span> 
     </span>
    </p>
   </div>
   <div class='ocr_carea' id='block_1_100' title="bbox 2213 3419 3800 3494">
    <p class='ocr_par' dir='ltr' id='par_1_100' title="bbox 2213 3419 3800 3494">
     <span class='ocr_line' id='line_1_101' title="bbox 2213 3419 3800 3494; baseline -0.005 -15"><span class='ocrx_word' id='word_1_735' title='bbox 2213 3427 2430 3480; x_wconf 88' lang='lat' dir='ltr'><strong>sistunt.</strong></span> <span class='ocrx_word' id='word_1_736' title='bbox 2458 3424 2594 3494; x_wconf 91' lang='lat' dir='ltr'><strong>Opto</strong></span> <span class='ocrx_word' id='word_1_737' title='bbox 2616 3423 2788 3478; x_wconf 82' lang='lat' dir='ltr'><strong>valete</strong></span> <span class='ocrx_word' id='word_1_738' title='bbox 2814 3423 2868 3478; x_wconf 92' lang='lat' dir='ltr'><strong>in</strong></span> <span class='ocrx_word' id='word_1_739' title='bbox 2897 3423 3111 3478; x_wconf 91' lang='lat' dir='ltr'><strong>nomine</strong></span> <span class='ocrx_word' id='word_1_740' title='bbox 3142 3423 3353 3478; x_wconf 90' lang='lat' dir='ltr'><strong>Domini</strong></span> <span class='ocrx_word' id='word_1_741' title='bbox 3373 3422 3469 3475; x_wconf 91' lang='lat' dir='ltr'><strong>Dei</strong></span> <span class='ocrx_word' id='word_1_742' title='bbox 3491 3420 3623 3476; x_wconf 81' lang='lat' dir='ltr'><strong>Jesu</strong></span> <span class='ocrx_word' id='word_1_743' title='bbox 3648 3419 3800 3476; x_wconf 90' lang='lat' dir='ltr'><strong>Chri-</strong></span> 
     </span>
    </p>
   </div>
   <div class='ocr_carea' id='block_1_101' title="bbox 2214 3518 2690 3572">
    <p class='ocr_par' dir='ltr' id='par_1_101' title="bbox 2214 3518 2690 3572">
     <span class='ocr_line' id='line_1_102' title="bbox 2214 3518 2690 3572; baseline -0.008 0"><span class='ocrx_word' id='word_1_744' title='bbox 2214 3518 2283 3572; x_wconf 89' lang='lat' dir='ltr'><strong>sti</strong></span> <span class='ocrx_word' id='word_1_745' title='bbox 2320 3518 2373 3571; x_wconf 92' lang='lat' dir='ltr'><strong>in</strong></span> <span class='ocrx_word' id='word_1_746' title='bbox 2408 3525 2690 3572; x_wconf 65' lang='lat' dir='ltr'><strong>aeternum.</strong></span> 
     </span>
    </p>
   </div>
   <div class='ocr_carea' id='block_1_102' title="bbox 2691 3583 3332 3641">
    <p class='ocr_par' dir='ltr' id='par_1_102' title="bbox 2691 3583 3332 3641">
     <span class='ocr_line' id='line_1_103' title="bbox 2691 3583 3332 3641; baseline -0.006 -1"><span class='ocrx_word' id='word_1_747' title='bbox 2691 3598 2713 3626; x_wconf 76' lang='grc' dir='ltr'>θ</span> <span class='ocrx_word' id='word_1_748' title='bbox 2752 3584 3084 3641; x_wconf 81' lang='lat' dir='ltr'><strong>EPISTOLA</strong></span> <span class='ocrx_word' id='word_1_749' title='bbox 3123 3583 3332 3639; x_wconf 80' lang='lat' dir='ltr'><strong>CXXV.</strong></span> 
     </span>
    </p>
   </div>
   <div class='ocr_carea' id='block_1_103' title="bbox 2216 3656 3796 3714">
    <p class='ocr_par' dir='ltr' id='par_1_103' title="bbox 2216 3656 3796 3714">
     <span class='ocr_line' id='line_1_104' title="bbox 2216 3656 3796 3714; baseline -0.006 0"><span class='ocrx_word' id='word_1_750' title='bbox 2216 3675 2285 3714; x_wconf 78' lang='lat' dir='ltr'><strong>1m</strong></span> <span class='ocrx_word' id='word_1_751' title='bbox 2331 3673 2650 3714; x_wconf 64' lang='lat' dir='ltr'><strong>cunnnsnsu</strong></span> <span class='ocrx_word' id='word_1_752' title='bbox 2707 3672 2961 3712; x_wconf 71' lang='lat' dir='ltr'><strong>vmomeu</strong></span> <span class='ocrx_word' id='word_1_753' title='bbox 3030 3656 3048 3693; x_wconf 71' lang='grc' dir='ltr'>ί</span> <span class='ocrx_word' id='word_1_754' title='bbox 3108 3669 3461 3711; x_wconf 64' lang='lat' dir='ltr'><strong>consonam-ro</strong></span> <span class='ocrx_word' id='word_1_755' title='bbox 3509 3665 3796 3708; x_wconf 63' lang='grc' dir='ltr'>ευιλιιιιι.</span> 
     </span>
    </p>
   </div>
   <div class='ocr_carea' id='block_1_104' title="bbox 2823 3746 3187 3816">
    <p class='ocr_par' dir='ltr' id='par_1_104' title="bbox 2823 3746 3187 3816">
     <span class='ocr_line' id='line_1_105' title="bbox 2823 3746 3187 3816; baseline -0.008 -15"><span class='ocrx_word' id='word_1_756' title='bbox 2823 3748 2999 3816; x_wconf 76' lang='lat' dir='ltr'><strong>(Anno</strong></span> <span class='ocrx_word' id='word_1_757' title='bbox 3038 3746 3187 3816; x_wconf 85' lang='lat'><strong>800.)</strong></span> 
     </span>
    </p>
   </div>
   <div class='ocr_carea' id='block_1_105' title="bbox 2219 3836 3798 3910">
    <p class='ocr_par' dir='ltr' id='par_1_105' title="bbox 2219 3836 3798 3910">
     <span class='ocr_line' id='line_1_106' title="bbox 2219 3836 3798 3910; baseline -0.006 -15"><span class='ocrx_word' id='word_1_758' title='bbox 2219 3841 2562 3896; x_wconf 79' lang='lat' dir='ltr'><strong>Gundradam</strong></span> <span class='ocrx_word' id='word_1_759' title='bbox 2591 3841 2801 3894; x_wconf 84' lang='lat' dir='ltr'><strong>instruit</strong></span> <span class='ocrx_word' id='word_1_760' title='bbox 2838 3839 3095 3910; x_wconf 88' lang='lat' dir='ltr'><strong>quomodo</strong></span> <span class='ocrx_word' id='word_1_761' title='bbox 3135 3839 3190 3891; x_wconf 89' lang='lat' dir='ltr'><strong>in</strong></span> <span class='ocrx_word' id='word_1_762' title='bbox 3227 3836 3357 3910; x_wconf 87' lang='lat' dir='ltr'><strong>aula</strong></span> <span class='ocrx_word' id='word_1_763' title='bbox 3380 3837 3604 3910; x_wconf 59' lang='lat' dir='ltr'><strong>virtuove</strong></span> <span class='ocrx_word' id='word_1_764' title='bbox 3646 3836 3798 3888; x_wconf 69' lang='lat' dir='ltr'><strong>vivat.</strong></span> 
     </span>
    </p>
   </div>
   <div class='ocr_carea' id='block_1_106' title="bbox 2292 3907 3800 3981">
    <p class='ocr_par' dir='ltr' id='par_1_106' title="bbox 2292 3907 3800 3981">
     <span class='ocr_line' id='line_1_107' title="bbox 2292 3907 3800 3981; baseline -0.006 -16"><span class='ocrx_word' id='word_1_765' title='bbox 2292 3913 2395 3966; x_wconf 90' lang='lat' dir='ltr'><strong>Per</strong></span> <span class='ocrx_word' id='word_1_766' title='bbox 2424 3911 2570 3964; x_wconf 87' lang='lat' dir='ltr'><strong>illam</strong></span> <span class='ocrx_word' id='word_1_767' title='bbox 2605 3912 2708 3981; x_wconf 85' lang='lat' dir='ltr'><strong>regi</strong></span> <span class='ocrx_word' id='word_1_768' title='bbox 2739 3907 3116 3973; x_wconf 81' lang='lat' dir='ltr'><strong>commendari,</strong></span> <span class='ocrx_word' id='word_1_769' title='bbox 3147 3918 3189 3981; x_wconf 87' lang='lat' dir='ltr'><strong>et</strong></span> <span class='ocrx_word' id='word_1_770' title='bbox 3219 3909 3358 3978; x_wconf 84' lang='lat' dir='ltr'><strong>quod</strong></span> <span class='ocrx_word' id='word_1_771' title='bbox 3389 3907 3458 3960; x_wconf 87' lang='lat' dir='ltr'><strong>ad</strong></span> <span class='ocrx_word' id='word_1_772' title='bbox 3487 3907 3656 3976; x_wconf 83' lang='lat' dir='ltr'><strong>ipsum</strong></span> <span class='ocrx_word' id='word_1_773' title='bbox 3682 3921 3800 3975; x_wconf 88' lang='lat' dir='ltr'><strong>per-</strong></span> 
     </span>
    </p>
   </div>
   <div class='ocr_carea' id='block_1_107' title="bbox 2291 3980 3201 4052">
    <p class='ocr_par' dir='ltr' id='par_1_107' title="bbox 2291 3980 3201 4052">
     <span class='ocr_line' id='line_1_108' title="bbox 2291 3980 3201 4052; baseline -0.004 -15"><span class='ocrx_word' id='word_1_774' title='bbox 2291 3984 2462 4038; x_wconf 80' lang='lat' dir='ltr'><strong>venire</strong></span> <span class='ocrx_word' id='word_1_775' title='bbox 2492 3980 2728 4052; x_wconf 85' lang='lat' dir='ltr'><strong>nequeat,</strong></span> <span class='ocrx_word' id='word_1_776' title='bbox 2769 3980 3008 4034; x_wconf 74' lang='lat' dir='ltr'><strong>excusari</strong></span> <span class='ocrx_word' id='word_1_777' title='bbox 3039 3980 3201 4050; x_wconf 87' lang='lat' dir='ltr'><strong>cupit.</strong></span> 
     </span>
    </p>
   </div>
   <div class='ocr_carea' id='block_1_108' title="bbox 2291 4066 3808 4156">
    <p class='ocr_par' dir='ltr' id='par_1_108' title="bbox 2291 4066 3808 4156">
     <span class='ocr_line' id='line_1_109' title="bbox 2291 4066 3808 4156; baseline -0.007 -26"><span class='ocrx_word' id='word_1_778' title='bbox 2291 4073 2623 4130; x_wconf 81' lang='lat' dir='ltr'><strong>Vcncrandae</strong></span> <span class='ocrx_word' id='word_1_779' title='bbox 2673 4072 2728 4126; x_wconf 93' lang='lat' dir='ltr'><strong>in</strong></span> <span class='ocrx_word' id='word_1_780' title='bbox 2753 4071 2968 4126; x_wconf 89' lang='lat' dir='ltr'><strong>Christo</strong></span> <span class='ocrx_word' id='word_1_781' title='bbox 3001 4071 3139 4156; x_wconf 72' lang='lat' dir='ltr'><strong>ﬁliae</strong></span> <span class='ocrx_word' id='word_1_782' title='bbox 3159 4069 3382 4125; x_wconf 70' lang='lat' dir='ltr'><strong>Eulalia:</strong></span> <span class='ocrx_word' id='word_1_783' title='bbox 3409 4069 3636 4124; x_wconf 84' lang='lat' dir='ltr'><strong>Albinus</strong></span> <span class='ocrx_word' id='word_1_784' title='bbox 3663 4066 3808 4121; x_wconf 86' lang='lat' dir='ltr'><strong>salu-</strong></span> 
     </span>
    </p>
   </div>
   <div class='ocr_carea' id='block_1_109' title="bbox 2221 4175 2328 4221">
    <p class='ocr_par' dir='ltr' id='par_1_109' title="bbox 2221 4175 2328 4221">
     <span class='ocr_line' id='line_1_110' title="bbox 2221 4175 2328 4221; baseline 0 0"><span class='ocrx_word' id='word_1_785' title='bbox 2221 4175 2328 4221; x_wconf 90' lang='lat' dir='ltr'><strong>tem</strong></span> 
     </span>
    </p>
   </div>
   <div class='ocr_carea' id='block_1_110' title="bbox 2222 4293 3813 4368">
    <p class='ocr_par' dir='ltr' id='par_1_110' title="bbox 2222 4293 3813 4368">
     <span class='ocr_line' id='line_1_111' title="bbox 2222 4293 3813 4368; baseline -0.003 -15"><span class='ocrx_word' id='word_1_786' title='bbox 2222 4314 2351 4354; x_wconf 89' lang='lat' dir='ltr'><strong>vero</strong></span> <span class='ocrx_word' id='word_1_787' title='bbox 2384 4297 2589 4353; x_wconf 71' lang='lat' dir='ltr'><strong>Rubea:</strong></span> <span class='ocrx_word' id='word_1_788' title='bbox 2611 4296 2766 4353; x_wconf 73' lang='lat' dir='ltr'><strong>vallis</strong></span> <span class='ocrx_word' id='word_1_789' title='bbox 2797 4296 3040 4368; x_wconf 86' lang='lat' dir='ltr'><strong>Sergium</strong></span> <span class='ocrx_word' id='word_1_790' title='bbox 3070 4296 3357 4368; x_wconf 89' lang='lat' dir='ltr'><strong>appellari;</strong></span> <span class='ocrx_word' id='word_1_791' title='bbox 3401 4302 3695 4368; x_wconf 75' lang='lat' dir='ltr'><strong>censetquc</strong></span> <span class='ocrx_word' id='word_1_792' title='bbox 3726 4293 3813 4368; x_wconf 76' lang='lat' dir='ltr'><strong>vir</strong></span> 
     </span>
    </p>
   </div>
   <div class='ocr_carea' id='block_1_111' title="bbox 2222 4365 3815 4439">
    <p class='ocr_par' dir='ltr' id='par_1_111' title="bbox 2222 4365 3815 4439">
     <span class='ocr_line' id='line_1_112' title="bbox 2222 4365 3815 4439; baseline -0.004 -14"><span class='ocrx_word' id='word_1_793' title='bbox 2222 4368 2623 4425; x_wconf 87' lang='lat' dir='ltr'><strong>eruditissimus</strong></span> <span class='ocrx_word' id='word_1_794' title='bbox 2650 4370 2791 4423; x_wconf 87' lang='lat' dir='ltr'><strong>hunc</strong></span> <span class='ocrx_word' id='word_1_795' title='bbox 2816 4365 3276 4439; x_wconf 47' lang='lat' dir='ltr'><strong>Georgium&#39;circa</strong></span> <span class='ocrx_word' id='word_1_796' title='bbox 3303 4366 3636 4439; x_wconf 87' lang='lat' dir='ltr'><strong>annum__799</strong></span> <span class='ocrx_word' id='word_1_797' title='bbox 3662 4365 3815 4439; x_wconf 77' lang='lat' dir='ltr'><strong>ordi-</strong></span> 
     </span>
    </p>
   </div>
   <div class='ocr_carea' id='block_1_112' title="bbox 2223 4436 3815 4508">
    <p class='ocr_par' dir='ltr' id='par_1_112' title="bbox 2223 4436 3815 4508">
     <span class='ocr_line' id='line_1_113' title="bbox 2223 4436 3815 4508; baseline -0.003 -14"><span class='ocrx_word' id='word_1_798' title='bbox 2223 4450 2409 4494; x_wconf 91' lang='lat' dir='ltr'><strong>natum</strong></span> <span class='ocrx_word' id='word_1_799' title='bbox 2444 4440 2630 4504; x_wconf 81' lang='lat' dir='ltr'><strong>fuisse,</strong></span> <span class='ocrx_word' id='word_1_800' title='bbox 2658 4449 2712 4493; x_wconf 92' lang='lat' dir='ltr'><strong>et</strong></span> <span class='ocrx_word' id='word_1_801' title='bbox 2747 4455 2866 4494; x_wconf 87' lang='lat' dir='ltr'><strong>esse</strong></span> <span class='ocrx_word' id='word_1_802' title='bbox 2901 4436 3264 4508; x_wconf 75' lang='lat' dir='ltr'><strong>patriarcham</strong></span> <span class='ocrx_word' id='word_1_803' title='bbox 3312 4439 3462 4492; x_wconf 91' lang='lat' dir='ltr'><strong>illum</strong></span> <span class='ocrx_word' id='word_1_804' title='bbox 3499 4436 3815 4508; x_wconf 80' lang='lat' dir='ltr'><strong>Hierosoly-</strong></span> 
     </span>
    </p>
   </div>
   <div class='ocr_carea' id='block_1_113' title="bbox 2226 4507 3817 4580">
    <p class='ocr_par' dir='ltr' id='par_1_113' title="bbox 2226 4507 3817 4580">
     <span class='ocr_line' id='line_1_114' title="bbox 2226 4507 3817 4580; baseline -0.002 -16"><span class='ocrx_word' id='word_1_805' title='bbox 2226 4511 2508 4573; x_wconf 88' lang='lat' dir='ltr'><strong>mitanum,</strong></span> <span class='ocrx_word' id='word_1_806' title='bbox 2538 4525 2603 4564; x_wconf 84' lang='lat' dir='ltr'><strong>ex</strong></span> <span class='ocrx_word' id='word_1_807' title='bbox 2649 4509 2800 4578; x_wconf 90' lang='lat' dir='ltr'><strong>cujus</strong></span> <span class='ocrx_word' id='word_1_808' title='bbox 2851 4507 3004 4580; x_wconf 72' lang='lat' dir='ltr'><strong>parte</strong></span> <span class='ocrx_word' id='word_1_809' title='bbox 3056 4529 3073 4561; x_wconf 77' lang='grc' dir='ltr'><strong>ι</strong></span> <span class='ocrx_word' id='word_1_810' title='bbox 3134 4507 3699 4580; x_wconf 18' lang='lat' dir='ltr'><strong>monachusﬂquidam</strong></span> <span class='ocrx_word' id='word_1_811' title='bbox 3751 4509 3817 4561; x_wconf 85' lang='lat' dir='ltr'><strong>de</strong></span> 
     </span>
    </p>
   </div>
   <div class='ocr_carea' id='block_1_114' title="bbox 2155 4567 3822 4651">
    <p class='ocr_par' dir='ltr' id='par_1_114' title="bbox 2155 4567 3822 4651">
     <span class='ocr_line' id='line_1_115' title="bbox 2155 4567 3822 4651; baseline -0.001 -16"><span class='ocrx_word' id='word_1_812' title='bbox 2155 4567 2612 4651; x_wconf 65' lang='lat' dir='ltr'><strong>&quot;Hierosolymis</strong></span> <span class='ocrx_word' id='word_1_813' title='bbox 2659 4567 2880 4636; x_wconf 72' lang='lat' dir='ltr'><strong>veniens</strong></span> <span class='ocrx_word' id='word_1_814' title='bbox 2931 4597 3072 4636; x_wconf 88' lang='lat' dir='ltr'><strong>anno</strong></span> <span class='ocrx_word' id='word_1_815' title='bbox 3127 4581 3228 4636; x_wconf 83' lang='lat'><strong>799</strong></span> <span class='ocrx_word' id='word_1_816' title='bbox 3278 4567 3708 4651; x_wconf 72' lang='lat' dir='ltr'><strong>benedictionem</strong></span> <span class='ocrx_word' id='word_1_817' title='bbox 3765 4587 3822 4651; x_wconf 79' lang='lat' dir='ltr'><strong>et</strong></span> 
     </span>
    </p>
   </div>
   <div class='ocr_carea' id='block_1_115' title="bbox 2224 4649 3820 4720">
    <p class='ocr_par' dir='ltr' id='par_1_115' title="bbox 2224 4649 3820 4720">
     <span class='ocr_line' id='line_1_116' title="bbox 2224 4649 3820 4720; baseline -0.003 -15"><span class='ocrx_word' id='word_1_818' title='bbox 2224 4649 2484 4720; x_wconf 83' lang='lat' dir='ltr'><strong>reliquias</strong></span> <span class='ocrx_word' id='word_1_819' title='bbox 2511 4652 2576 4705; x_wconf 91' lang='lat' dir='ltr'><strong>de</strong></span> <span class='ocrx_word' id='word_1_820' title='bbox 2603 4651 2720 4705; x_wconf 89' lang='lat' dir='ltr'><strong>loco</strong></span> <span class='ocrx_word' id='word_1_821' title='bbox 2749 4660 2939 4706; x_wconf 63' lang='lat' dir='ltr'><strong>sancto</strong></span> <span class='ocrx_word' id='word_1_822' title='bbox 2977 4650 3388 4706; x_wconf 88' lang='lat' dir='ltr'><strong>resurrectionis</strong></span> <span class='ocrx_word' id='word_1_823' title='bbox 3416 4649 3713 4720; x_wconf 63' lang='lat' dir='ltr'><strong>Dominicze</strong></span> <span class='ocrx_word' id='word_1_824' title='bbox 3749 4649 3820 4703; x_wconf 85' lang='lat' dir='ltr'><strong>al</strong></span> 
     </span>
    </p>
   </div>
   <div class='ocr_carea' id='block_1_116' title="bbox 2223 4717 3822 4792">
    <p class='ocr_par' dir='ltr' id='par_1_116' title="bbox 2223 4717 3822 4792">
     <span class='ocr_line' id='line_1_117' title="bbox 2223 4717 3822 4792; baseline -0.002 -15"><span class='ocrx_word' id='word_1_825' title='bbox 2223 4717 2474 4777; x_wconf 81' lang='lat' dir='ltr'><strong>Carolum</strong></span> <span class='ocrx_word' id='word_1_826' title='bbox 2531 4737 2709 4792; x_wconf 87' lang='lat' dir='ltr'><strong>regem</strong></span> <span class='ocrx_word' id='word_1_827' title='bbox 2763 4721 3032 4792; x_wconf 68' lang='lat' dir='ltr'><strong>attulit,r</strong></span> <span class='ocrx_word' id='word_1_828' title='bbox 3065 4731 3122 4775; x_wconf 91' lang='lat' dir='ltr'><strong>ut</strong></span> <span class='ocrx_word' id='word_1_829' title='bbox 3179 4722 3472 4790; x_wconf 84' lang='lat' dir='ltr'><strong>loquuntur</strong></span> <span class='ocrx_word' id='word_1_830' title='bbox 3530 4717 3822 4774; x_wconf 54' lang='lat' dir='ltr'><strong>annalists</strong></span> 
     </span>
    </p>
   </div>
   <div class='ocr_carea' id='block_1_117' title="bbox 2224 4791 3822 4863">
    <p class='ocr_par' dir='ltr' id='par_1_117' title="bbox 2224 4791 3822 4863">
     <span class='ocr_line' id='line_1_118' title="bbox 2224 4791 3822 4863; baseline -0.003 -16"><span class='ocrx_word' id='word_1_831' title='bbox 2224 4791 2891 4863; x_wconf 33' lang='lat' dir='ltr'><strong>Eginhardus,’Mettensis</strong></span> <span class='ocrx_word' id='word_1_832' title='bbox 2910 4805 2964 4848; x_wconf 89' lang='lat' dir='ltr'><strong>et</strong></span> <span class='ocrx_word' id='word_1_833' title='bbox 2991 4791 3076 4846; x_wconf 72' lang='lat' dir='ltr'><strong>alii</strong></span> <span class='ocrx_word' id='word_1_834' title='bbox 3099 4810 3112 4854; x_wconf 89' lang='lat'><strong>;</strong></span> <span class='ocrx_word' id='word_1_835' title='bbox 3139 4792 3230 4862; x_wconf 85' lang='lat' dir='ltr'><strong>qui</strong></span> <span class='ocrx_word' id='word_1_836' title='bbox 3259 4801 3514 4861; x_wconf 71' lang='lat' dir='ltr'><strong>pmterea</strong></span> <span class='ocrx_word' id='word_1_837' title='bbox 3544 4797 3822 4843; x_wconf 86' lang='lat' dir='ltr'><strong>testantur</strong></span> 
     </span>
    </p>
   </div>
   <div class='ocr_carea' id='block_1_118' title="bbox 2221 4862 3822 4933">
    <p class='ocr_par' dir='ltr' id='par_1_118' title="bbox 2221 4862 3822 4933">
     <span class='ocr_line' id='line_1_119' title="bbox 2221 4862 3822 4933; baseline -0.001 -18"><span class='ocrx_word' id='word_1_838' title='bbox 2221 4862 2506 4933; x_wconf 62' lang='lat' dir='ltr'><strong>prarfatum</strong></span> <span class='ocrx_word' id='word_1_839' title='bbox 2531 4865 2850 4918; x_wconf 90' lang='lat' dir='ltr'><strong>monachum</strong></span> <span class='ocrx_word' id='word_1_840' title='bbox 2877 4880 3018 4917; x_wconf 82' lang='lat' dir='ltr'><strong>anno</strong></span> <span class='ocrx_word' id='word_1_841' title='bbox 3040 4863 3144 4918; x_wconf 87' lang='lat'><strong>800</strong></span> <span class='ocrx_word' id='word_1_842' title='bbox 3164 4880 3192 4915; x_wconf 89' lang='lat' dir='ltr'><strong>a</strong></span> <span class='ocrx_word' id='word_1_843' title='bbox 3219 4866 3366 4932; x_wconf 87' lang='lat' dir='ltr'><strong>rege,</strong></span> <span class='ocrx_word' id='word_1_844' title='bbox 3388 4869 3512 4930; x_wconf 90' lang='lat' dir='ltr'><strong>post</strong></span> <span class='ocrx_word' id='word_1_845' title='bbox 3528 4868 3822 4933; x_wconf 73' lang='lat' dir='ltr'><strong>peractum</strong></span> 
     </span>
    </p>
   </div>
   <div class='ocr_carea' id='block_1_119' title="bbox 2223 4931 3821 5002">
    <p class='ocr_par' dir='ltr' id='par_1_119' title="bbox 2223 4931 3821 5002">
     <span class='ocr_line' id='line_1_120' title="bbox 2223 4931 3821 5002; baseline -0.001 -17"><span class='ocrx_word' id='word_1_846' title='bbox 2223 4931 2543 5002; x_wconf 57' lang='lat' dir='ltr'><strong>Aquiagrani</strong></span> <span class='ocrx_word' id='word_1_847' title='bbox 2589 4933 2777 4987; x_wconf 85' lang='lat' dir='ltr'><strong>Natale</strong></span> <span class='ocrx_word' id='word_1_848' title='bbox 2823 4934 3068 4997; x_wconf 90' lang='lat' dir='ltr'><strong>Domini,</strong></span> <span class='ocrx_word' id='word_1_849' title='bbox 3100 4931 3422 4996; x_wconf 87' lang='lat' dir='ltr'><strong>absolutum,</strong></span> <span class='ocrx_word' id='word_1_850' title='bbox 3457 4939 3510 4986; x_wconf 89' lang='lat' dir='ltr'><strong>et</strong></span> <span class='ocrx_word' id='word_1_851' title='bbox 3539 4945 3660 4984; x_wconf 86' lang='lat' dir='ltr'><strong>cum</strong></span> <span class='ocrx_word' id='word_1_852' title='bbox 3708 4931 3821 4984; x_wconf 81' lang='lat' dir='ltr'><strong>Za-</strong></span> 
     </span>
    </p>
   </div>
   <div class='ocr_carea' id='block_1_120' title="bbox 2225 5002 3824 5074">
    <p class='ocr_par' dir='ltr' id='par_1_120' title="bbox 2225 5002 3824 5074">
     <span class='ocr_line' id='line_1_121' title="bbox 2225 5002 3824 5074; baseline -0.003 -16"><span class='ocrx_word' id='word_1_853' title='bbox 2225 5005 2408 5058; x_wconf 86' lang='lat' dir='ltr'><strong>charia</strong></span> <span class='ocrx_word' id='word_1_854' title='bbox 2435 5003 2617 5072; x_wconf 88' lang='lat' dir='ltr'><strong>palatii</strong></span> <span class='ocrx_word' id='word_1_855' title='bbox 2653 5005 2736 5059; x_wconf 90' lang='lat' dir='ltr'><strong>sui</strong></span> <span class='ocrx_word' id='word_1_856' title='bbox 2765 5009 3080 5074; x_wconf 77' lang='lat' dir='ltr'><strong>presbytero</strong></span> <span class='ocrx_word' id='word_1_857' title='bbox 3104 5020 3224 5058; x_wconf 89' lang='lat' dir='ltr'><strong>cum</strong></span> <span class='ocrx_word' id='word_1_858' title='bbox 3255 5002 3420 5056; x_wconf 90' lang='lat' dir='ltr'><strong>multa</strong></span> <span class='ocrx_word' id='word_1_859' title='bbox 3457 5002 3684 5074; x_wconf 79' lang='lat' dir='ltr'><strong>pecunia</strong></span> <span class='ocrx_word' id='word_1_860' title='bbox 3720 5016 3824 5074; x_wconf 81' lang='lat' dir='ltr'><strong>per</strong></span> 
     </span>
    </p>
   </div>
   <div class='ocr_carea' id='block_1_121' title="bbox 2225 5071 3825 5144">
    <p class='ocr_par' dir='ltr' id='par_1_121' title="bbox 2225 5071 3825 5144">
     <span class='ocr_line' id='line_1_122' title="bbox 2225 5071 3825 5144; baseline -0.001 -16"><span class='ocrx_word' id='word_1_861' title='bbox 2225 5083 2408 5128; x_wconf 89' lang='lat' dir='ltr'><strong>sancta</strong></span> <span class='ocrx_word' id='word_1_862' title='bbox 2438 5071 2529 5128; x_wconf 85' lang='lat' dir='ltr'><strong>illa</strong></span> <span class='ocrx_word' id='word_1_863' title='bbox 2560 5071 2940 5137; x_wconf 44' lang='lat' dir='ltr'><strong>loca,et_inter&#39;</strong></span> <span class='ocrx_word' id='word_1_864' title='bbox 2963 5091 3225 5144; x_wconf 72' lang='lat' dir='ltr'><strong>pauperes</strong></span> <span class='ocrx_word' id='word_1_865' title='bbox 3252 5083 3415 5143; x_wconf 85' lang='lat' dir='ltr'><strong>atque</strong></span> <span class='ocrx_word' id='word_1_866' title='bbox 3447 5072 3600 5144; x_wconf 77' lang='lat' dir='ltr'><strong>malis</strong></span> <span class='ocrx_word' id='word_1_867' title='bbox 3631 5071 3825 5144; x_wconf 76' lang='lat' dir='ltr'><strong>multis</strong></span> 
     </span>
    </p>
   </div>
   <div class='ocr_carea' id='block_1_122' title="bbox 2225 5142 3823 5210">
    <p class='ocr_par' dir='ltr' id='par_1_122' title="bbox 2225 5142 3823 5210">
     <span class='ocr_line' id='line_1_123' title="bbox 2225 5142 3823 5210; baseline -0.003 -12"><span class='ocrx_word' id='word_1_868' title='bbox 2225 5145 2449 5199; x_wconf 85' lang='lat' dir='ltr'><strong>alllictos</strong></span> <span class='ocrx_word' id='word_1_869' title='bbox 2469 5145 2862 5210; x_wconf 85' lang='lat' dir='ltr'><strong>distribuenda,</strong></span> <span class='ocrx_word' id='word_1_870' title='bbox 2880 5142 3102 5200; x_wconf 69' lang='lat' dir='ltr'><strong>dimisil.</strong></span> <span class='ocrx_word' id='word_1_871' title='bbox 3121 5144 3348 5201; x_wconf 74' lang='lat' dir='ltr'><strong>Conisule</strong></span> <span class='ocrx_word' id='word_1_872' title='bbox 3364 5144 3527 5199; x_wconf 87' lang='lat' dir='ltr'><strong>etiam</strong></span> <span class='ocrx_word' id='word_1_873' title='bbox 3546 5143 3610 5194; x_wconf 62' lang='lat' dir='ltr'><strong>li.</strong></span> <span class='ocrx_word' id='word_1_874' title='bbox 3631 5142 3690 5195; x_wconf 86' lang='lat' dir='ltr'><strong>P.</strong></span> <span class='ocrx_word' id='word_1_875' title='bbox 3715 5143 3823 5195; x_wconf 82' lang='lat' dir='ltr'><strong>Mi-</strong></span> 
     </span>
    </p>
   </div>
   <div class='ocr_carea' id='block_1_123' title="bbox 2227 5211 3825 5282">
    <p class='ocr_par' dir='ltr' id='par_1_123' title="bbox 2227 5211 3825 5282">
     <span class='ocr_line' id='line_1_124' title="bbox 2227 5211 3825 5282; baseline 0 -13"><span class='ocrx_word' id='word_1_876' title='bbox 2227 5217 2468 5270; x_wconf 90' lang='lat' dir='ltr'><strong>chaelcm</strong></span> <span class='ocrx_word' id='word_1_877' title='bbox 2520 5217 2593 5270; x_wconf 89' lang='lat' dir='ltr'><strong>Le</strong></span> <span class='ocrx_word' id='word_1_878' title='bbox 2646 5218 2815 5282; x_wconf 80' lang='lat' dir='ltr'><strong>Quicn</strong></span> <span class='ocrx_word' id='word_1_879' title='bbox 2869 5215 2998 5271; x_wconf 88' lang='lat' dir='ltr'><strong>0rd.</strong></span> <span class='ocrx_word' id='word_1_880' title='bbox 3052 5217 3223 5272; x_wconf 58' lang='lat' dir='ltr'><strong>Prasd.</strong></span> <span class='ocrx_word' id='word_1_881' title='bbox 3276 5225 3408 5269; x_wconf 88' lang='lat' dir='ltr'><strong>tom.</strong></span> <span class='ocrx_word' id='word_1_882' title='bbox 3457 5214 3522 5268; x_wconf 87' lang='lat' dir='ltr'><strong>lll</strong></span> <span class='ocrx_word' id='word_1_883' title='bbox 3574 5211 3825 5269; x_wconf 82' lang='lat' dir='ltr'><strong>Orientis</strong></span> 
     </span>
    </p>
   </div>
   <div class='ocr_carea' id='block_1_124' title="bbox 2226 5283 3822 5358">
    <p class='ocr_par' dir='ltr' id='par_1_124' title="bbox 2226 5283 3822 5358">
     <span class='ocr_line' id='line_1_125' title="bbox 2226 5283 3822 5358; baseline -0.001 -18"><span class='ocrx_word' id='word_1_884' title='bbox 2226 5285 2541 5358; x_wconf 88' lang='lat' dir='ltr'><strong>Christiani,</strong></span> <span class='ocrx_word' id='word_1_885' title='bbox 2567 5303 2686 5357; x_wconf 90' lang='lat' dir='ltr'><strong>pag.</strong></span> <span class='ocrx_word' id='word_1_886' title='bbox 2705 5288 2827 5342; x_wconf 76' lang='lat'><strong>317.</strong></span> <span class='ocrx_word' id='word_1_887' title='bbox 2855 5287 2967 5341; x_wconf 91' lang='lat' dir='ltr'><strong>Hac</strong></span> <span class='ocrx_word' id='word_1_888' title='bbox 2991 5288 3154 5358; x_wconf 82' lang='lat' dir='ltr'><strong>igitur</strong></span> <span class='ocrx_word' id='word_1_889' title='bbox 3175 5294 3476 5357; x_wconf 80' lang='lat' dir='ltr'><strong>Opportuna</strong></span> <span class='ocrx_word' id='word_1_890' title='bbox 3499 5283 3822 5358; x_wconf 78' lang='lat' dir='ltr'><strong>occasione,</strong></span> 
     </span>
    </p>
   </div>
   <div class='ocr_carea' id='block_1_125' title="bbox 2225 5356 3825 5427">
    <p class='ocr_par' dir='ltr' id='par_1_125' title="bbox 2225 5356 3825 5427">
     <span class='ocr_line' id='line_1_126' title="bbox 2225 5356 3825 5427; baseline -0.002 -17"><span class='ocrx_word' id='word_1_891' title='bbox 2225 5357 2512 5411; x_wconf 84' lang='lat' dir='ltr'><strong>Alcuinum</strong></span> <span class='ocrx_word' id='word_1_892' title='bbox 2544 5356 2682 5412; x_wconf 84' lang='lat' dir='ltr'><strong>hanc</strong></span> <span class='ocrx_word' id='word_1_893' title='bbox 2708 5358 2988 5427; x_wconf 88' lang='lat' dir='ltr'><strong>epistolam</strong></span> <span class='ocrx_word' id='word_1_894' title='bbox 3019 5356 3098 5412; x_wconf 56' lang='lat' dir='ltr'><strong>&#39;ad</strong></span> <span class='ocrx_word' id='word_1_895' title='bbox 3127 5356 3413 5426; x_wconf 84' lang='lat' dir='ltr'><strong>Georgium</strong></span> <span class='ocrx_word' id='word_1_896' title='bbox 3444 5356 3825 5427; x_wconf 82' lang='lat' dir='ltr'><strong>patriarcham</strong></span> 
     </span>
    </p>
   </div>
   <div class='ocr_carea' id='block_1_126' title="bbox 2226 5425 3826 5552">
    <p class='ocr_par' dir='ltr' id='par_1_126' title="bbox 2226 5425 3826 5552">
     <span class='ocr_line' id='line_1_127' title="bbox 2226 5425 3826 5552; baseline -0.001 -71"><span class='ocrx_word' id='word_1_897' title='bbox 2226 5429 2682 5552; x_wconf 39' lang='lat' dir='ltr'><strong>scil-yhchariam</strong></span> <span class='ocrx_word' id='word_1_898' title='bbox 2720 5425 3098 5501; x_wconf 84' lang='lat' dir='ltr'><strong>presbyterum</strong></span> <span class='ocrx_word' id='word_1_899' title='bbox 3139 5425 3370 5493; x_wconf 85' lang='lat' dir='ltr'><strong>misisse,</strong></span> <span class='ocrx_word' id='word_1_900' title='bbox 3399 5425 3505 5481; x_wconf 73' lang='lat' dir='ltr'><strong>nan</strong></span> <span class='ocrx_word' id='word_1_901' title='bbox 3541 5433 3625 5480; x_wconf 86' lang='lat' dir='ltr'><strong>est</strong></span> <span class='ocrx_word' id='word_1_902' title='bbox 3667 5425 3826 5494; x_wconf 90' lang='lat' dir='ltr'><strong>quod</strong></span> 
     </span>
     <span class='ocr_line' id='line_1_128' title="bbox 2267 5510 2486 5552; baseline 0.009 -2"><span class='ocrx_word' id='word_1_903' title='bbox 2267 5515 2294 5550; x_wconf 88' lang='grc' dir='ltr'><strong>ιι</strong></span> <span class='ocrx_word' id='word_1_904' title='bbox 2339 5510 2486 5552; x_wconf 82' lang='lat' dir='ltr'><strong>item.</strong></span> 
     </span>
    </p>
   </div>
   <div class='ocr_carea' id='block_1_127' title="bbox 2267 5510 2486 5552">
    <p class='ocr_par' dir='ltr' id='par_1_127' title="bbox 2267 5510 2486 5552">
     <span class='ocr_line' id='line_1_129' title="bbox 2267 5510 2486 5552; baseline 0.009 -2"><span class='ocrx_word' id='word_1_905' title='bbox 2267 5510 2486 5552; x_wconf 84' lang='lat' dir='ltr'><strong>ubltem.</strong></span> 
     </span>
    </p>
   </div>
   <div class='ocr_carea' id='block_1_128' title="bbox 2298 5565 3829 5640">
    <p class='ocr_par' dir='ltr' id='par_1_128' title="bbox 2298 5565 3829 5640">
     <span class='ocr_line' id='line_1_130' title="bbox 2298 5565 3829 5640; baseline 0 -18"><span class='ocrx_word' id='word_1_906' title='bbox 2298 5569 2324 5640; x_wconf 59' lang='grc' dir='ltr'><strong><em>ἐι</em></strong></span> <span class='ocrx_word' id='word_1_907' title='bbox 2349 5571 2424 5624; x_wconf 89' lang='lat' dir='ltr'><strong>De</strong></span> <span class='ocrx_word' id='word_1_908' title='bbox 2455 5570 2739 5640; x_wconf 90' lang='lat' dir='ltr'><strong>Symeone,</strong></span> <span class='ocrx_word' id='word_1_909' title='bbox 2763 5569 2915 5634; x_wconf 92' lang='lat' dir='ltr'><strong>Onia,</strong></span> <span class='ocrx_word' id='word_1_910' title='bbox 2942 5579 2995 5625; x_wconf 92' lang='lat' dir='ltr'><strong>et</strong></span> <span class='ocrx_word' id='word_1_911' title='bbox 3021 5569 3398 5632; x_wconf 85' lang='lat' dir='ltr'><strong>Nathanaheli,</strong></span> <span class='ocrx_word' id='word_1_912' title='bbox 3417 5565 3829 5640; x_wconf 33' lang='lat' dir='ltr'><strong>AlcuiniAdisci-</strong></span> 
     </span>
    </p>
   </div>
   <div class='ocr_carea' id='block_1_129' title="bbox 2227 5635 3826 5719">
    <p class='ocr_par' dir='ltr' id='par_1_129' title="bbox 2227 5635 3826 5719">
     <span class='ocr_line' id='line_1_131' title="bbox 2227 5635 3826 5719; baseline 0 -27"><span class='ocrx_word' id='word_1_913' title='bbox 2227 5639 2386 5719; x_wconf 88' lang='lat' dir='ltr'><strong>pulis,</strong></span> <span class='ocrx_word' id='word_1_914' title='bbox 2410 5635 2542 5695; x_wconf 80' lang='lat' dir='ltr'><strong>alias</strong></span> <span class='ocrx_word' id='word_1_915' title='bbox 2564 5642 2716 5711; x_wconf 84' lang='lat' dir='ltr'><strong>plura</strong></span> <span class='ocrx_word' id='word_1_916' title='bbox 2736 5643 3168 5706; x_wconf 87' lang='lat' dir='ltr'><strong>observavimus;</strong></span> <span class='ocrx_word' id='word_1_917' title='bbox 3199 5641 3321 5710; x_wconf 91' lang='lat' dir='ltr'><strong>quis</strong></span> <span class='ocrx_word' id='word_1_918' title='bbox 3336 5640 3598 5693; x_wconf 84' lang='lat' dir='ltr'><strong>Martinus</strong></span> <span class='ocrx_word' id='word_1_919' title='bbox 3627 5635 3826 5704; x_wconf 82' lang='lat' dir='ltr'><strong>fuerit,</strong></span> 
     </span>
    </p>
   </div>
   <div class='ocr_carea' id='block_1_130' title="bbox 2229 5720 2856 5780">
    <p class='ocr_par' dir='ltr' id='par_1_130' title="bbox 2229 5720 2856 5780">
     <span class='ocr_line' id='line_1_132' title="bbox 2229 5720 2856 5780; baseline 0.005 -18"><span class='ocrx_word' id='word_1_920' title='bbox 2229 5720 2488 5780; x_wconf 83' lang='lat' dir='ltr'><strong>Ignotum.</strong></span> <span class='ocrx_word' id='word_1_921' title='bbox 2850 5749 2856 5756; x_wconf 51' lang='grc' dir='ltr'><strong><em>κ</em></strong></span> 
     </span>
    </p>
   </div>
   <div class='ocr_carea' id='block_1_131' title="bbox 2309 5781 2958 5854">
    <p class='ocr_par' dir='ltr' id='par_1_131' title="bbox 2309 5781 2958 5854">
     <span class='ocr_line' id='line_1_133' title="bbox 2309 5781 2958 5854; baseline 0.003 -20"><span class='ocrx_word' id='word_1_922' title='bbox 2309 5795 2331 5820; x_wconf 75' lang='grc' dir='ltr'><strong>ο</strong></span> <span class='ocrx_word' id='word_1_923' title='bbox 2372 5781 2606 5854; x_wconf 80' lang='lat' dir='ltr'><strong>Froben.</strong></span> <span class='ocrx_word' id='word_1_924' title='bbox 2649 5782 2958 5854; x_wconf 55' lang='lat' dir='ltr'><strong>epist:_l8.i.</strong></span> 
     </span>
    </p>
   </div>
   <div class='ocr_carea' id='block_1_132' title="bbox 2309 5847 3825 5924">
    <p class='ocr_par' dir='ltr' id='par_1_132' title="bbox 2309 5847 3825 5924">
     <span class='ocr_line' id='line_1_134' title="bbox 2309 5847 3825 5924; baseline -0.001 -17"><span class='ocrx_word' id='word_1_925' title='bbox 2309 5854 2327 5892; x_wconf 71' lang='grc' dir='ltr'><em>τ</em></span> <span class='ocrx_word' id='word_1_926' title='bbox 2383 5847 2736 5924; x_wconf 75' lang='lat' dir='ltr'><strong>Cognomento</strong></span> <span class='ocrx_word' id='word_1_927' title='bbox 2788 5851 3074 5908; x_wconf 83' lang='lat' dir='ltr'><strong>Eulaliam.</strong></span> <span class='ocrx_word' id='word_1_928' title='bbox 3129 5854 3351 5910; x_wconf 88' lang='lat' dir='ltr'><strong>Constat</strong></span> <span class='ocrx_word' id='word_1_929' title='bbox 3394 5868 3537 5908; x_wconf 87' lang='lat' dir='ltr'><strong>nunc</strong></span> <span class='ocrx_word' id='word_1_930' title='bbox 3590 5864 3663 5905; x_wconf 76' lang='lat' dir='ltr'><strong>ex</strong></span> <span class='ocrx_word' id='word_1_931' title='bbox 3702 5847 3825 5907; x_wconf 78' lang='lat' dir='ltr'><strong>hac</strong></span> 
     </span>
    </p>
   </div>
  </div>
