4074 6470
211 393 295 455 εει
1637 378 2021 437 EPISTOLIE.

3330 381 3437 439 362

271 506 406 575 saepe
455 498 796 555 familiaritas
842 497 1079 555 nominis
1135 495 1565 551 immutationem
1621 492 1760 549 solet
1784 500 1835 559 Α
1861 489 2024 556 milis,
2065 489 2120 545 in
2163 491 2407 548 oratione
2447 490 2692 562 pervigil,
2743 490 2799 545 in
2848 488 3202 562 eleemosynis
3244 492 3389 562 larga
3416 537 3433 562 ,

208 600 379 661 facere,
406 595 547 651 sicut
577 595 691 665 ipse
722 591 985 648 Dominus
1009 590 1283 646 Simonem
1310 589 1539 644 mutavit
1566 589 1618 643 in
1652 587 1757 643 Pe-

207 696 361 753 trum;
403 691 460 741 et
510 682 652 754 ﬁlios
706 678 929 736 Zebedei
985 679 1126 750 ﬁlios
1174 678 1474 734 nominavit
1522 676 1761 732 Tonitrui

205 776 379 853 (lare.
403 789 465 829 Ill
484 812 500 839 ,
525 771 615 839 l6,
643 770 756 845 17),
785 770 931 841 quod
963 770 1129 826 etiam
1155 768 1394 839 antiquis
1424 767 1512 824 vel
1550 768 1635 824 his
1660 783 1760 823 no-

205 867 340 923 vellis
369 864 558 919 diebus
579 862 811 935 probare
833 861 1057 932 poteris.

262 958 334 1014 Tu
359 970 510 1023 vero,
554 955 708 1026 virgo
751 952 1052 1008 clarissima
1082 960 1137 1008 et
1166 966 1364 1021 sponsa
1406 949 1518 1004 Deo
1564 947 1765 1017 dignis-

202 1050 338 1113 sima,
368 1053 422 1101 te
457 1046 630 1117 ipsam
658 1045 713 1100 in
741 1044 891 1100 omni
912 1044 1164 1101 castitate
1197 1042 1410 1099 custodi
1442 1041 1687 1113 corporis
1710 1047 1764 1097 et

201 1141 403 1204 animm;
432 1137 559 1209 quia
580 1134 736 1207 juxta
771 1134 1087 1207 Apostolum
1107 1134 1261 1206 virgo
1298 1133 1395 1188 Dei
1420 1131 1580 1188 debet
1608 1129 1761 1204 [Ms.,

200 1228 356 1303 decet]
383 1243 507 1303 esse
528 1243 743 1299 corpore
775 1236 920 1281 casta
948 1235 996 1281 et
1037 1226 1215 1279 anima
1247 1223 1303 1298 (I
1332 1221 1455 1280 Cor.
1488 1238 1565 1278 vn
1588 1263 1604 1289 ,
1646 1222 1761 1295 54).

198 1324 314 1381 Esto
355 1321 571 1379 caeteris
596 1320 653 1376 in
707 1319 910 1392 palatio
955 1318 1256 1390 virginibus
1303 1316 1470 1372 totius
1506 1314 1767 1371 bonitatis

195 1414 474 1485 exemplar,
512 1421 573 1469 ut
620 1427 689 1467 ex
737 1420 828 1467 tua
874 1410 1086 1467 discant
1130 1416 1315 1465 sancta
1355 1406 1764 1463 conversatione

193 1505 379 1576 seipsas
426 1504 721 1570 custodire,
775 1501 860 1558 vel
901 1502 1156 1558 cadentes
1195 1512 1500 1569 resurgere.
1553 1497 1766 1552 Praeve-

192 1599 328 1655 niant
361 1597 522 1672 [Hs.,
552 1594 889 1669 pervenient]
926 1595 982 1650 in
1008 1594 1364 1652 conversione
1391 1590 1587 1647 faciem
1619 1588 1766 1660 judi-

192 1692 276 1747 cis.
313 1691 438 1747 Sint
475 1690 684 1747 nobiles
722 1690 779 1745 in
819 1687 1079 1752 moribus,
1121 1685 1263 1741 sicut
1297 1690 1423 1740 sunt
1466 1680 1674 1738 nobiles
1697 1694 1765 1735 ex

186 1783 508 1853 parentibus.
570 1782 689 1838 Non
742 1781 981 1837 serviant
1038 1777 1243 1834 carnali
1303 1774 1572 1832 desiderio
1596 1814 1613 1841 ,
1668 1770 1764 1828 sed

1859 588 1915 635 et
1939 580 1994 635 in
2024 581 2171 636 omni
2197 582 2436 637 bonitate
2458 581 2761 638 laudabilis.
3244 637 3281 667 .

1928 670 2035 726 Pro
2068 685 2155 725 me
2184 686 2416 742 quoque,
2445 672 2691 738 obsecro,
2723 679 2826 728 tua:
2862 666 3232 743 prosperitatis
3258 666 3440 730 inter-

1860 777 2073 819 cessore
2105 762 2326 833 loquere
2352 764 2570 820 domino
2594 780 2716 821 meo
2737 763 2926 832 David,
2956 782 3024 821 ne
3051 767 3321 822 irascatur
3351 765 3437 823 fa-

1860 854 2008 911 mulo
2030 871 2148 922 suo,
2178 867 2204 897 ι
2233 856 2360 926 quia
2390 857 2573 911 venire
2601 871 2710 913 non
2737 857 2899 925 valui,
2928 858 3068 936 sicut
3095 858 3282 923 voluit,
3306 875 3436 915 con-

1860 945 2013 1000 tinua
2041 945 2368 1017 praepeditus
2395 946 2727 1003 inﬁmitate.
2755 946 2900 1019 Opus
2935 934 3113 1004 meum
3148 950 3292 1005 aliud
3327 966 3433 1006 non

1860 1044 1964 1103 est,
1988 1037 2092 1093 nisi
2119 1037 2457 1102 orationibus
2483 1039 2703 1105 instare,
2735 1049 2791 1096 et
2822 1056 3128 1112 praeparare
3165 1042 3297 1099 mihi
3344 1042 3441 1097 ha-

1860 1130 2154 1186 bitationes
2202 1139 2457 1199 mternas,
2484 1134 2779 1189 secundum
2828 1135 3043 1205 Domini
3093 1135 3263 1190 nostri
3315 1133 3441 1190 Jesu

1863 1218 2064 1277 Christi
2094 1221 2542 1290 misericordiam,
2581 1224 2673 1294 qui
2705 1241 2813 1281 non
2842 1226 3042 1281 deserit
3080 1234 3358 1296 sperantes
3387 1225 3440 1281 in

1863 1326 1943 1367 se.
1972 1309 2200 1367 Eterna
2227 1311 2486 1369 felicitate
2510 1314 2708 1380 valeto,
2737 1314 2847 1370 lilia
2878 1317 3227 1373 charissima!

2322 1426 2351 1467 δ
2389 1426 2724 1483 EPISTOLA
2757 1427 2991 1485 CXXVI.

2186 1534 2264 1573 AD
2316 1533 2619 1575 SOROREM
2668 1536 3130 1577 ειιΑιιιεειιΑιι.

2469 1608 2646 1682 (Anno
2684 1609 2831 1683 801.)

1865 1698 2077 1754 Laudat
2106 1698 2254 1771 illius
2280 1701 2521 1771 pietatem
2540 1742 2555 1766 ,
2603 1710 2649 1754 et
2684 1700 2752 1754 ad
2782 1700 3012 1756 laborem
3039 1718 3134 1771 pro
3163 1704 3449 1758 (sterilitate

2027 1770 2336 1825 exhortatur
2357 1787 2377 1825 :
2409 1773 2609 1843 graius
2644 1773 2750 1843 agit
2775 1788 2870 1841 pro
2900 1770 3052 1826 cruce
3080 1771 3295 1826 donata.

188 1870 372 1929 Christi
412 1872 747 1945 magisterio.
782 1872 982 1927 Vivant
1023 1885 1207 1927 coram
1248 1868 1561 1925 hominibus
1592 1867 1762 1922 hone-
1788 1859 1839 1923 B
1936 1860 2282 1918 Charissima:
2310 1861 2365 1916 in
2391 1860 2607 1917 Christo
2629 1873 2649 1902 ο
2677 1862 2872 1918 sorori.

186 1971 276 2030 ste,
300 1974 357 2019 et
383 1980 571 2021 coram
616 1963 730 2019 Deo
762 1963 943 2035 digne.

244 2051 423 2125 Agant
448 2055 516 2110 de
551 2054 842 2125 praeteritis
885 2051 1281 2124 pmnitentiam,
1326 2061 1383 2108 et
1431 2058 1657 2108 caveant
1704 2065 1764 2106 se

185 2144 242 2201 de
263 2143 483 2213 futuris,
519 2147 644 2216 quia
681 2145 961 2219 Scriptura
991 2144 1162 2201 dicit:
1205 2144 1346 2200 Deus
1390 2145 1482 2199 dat
1514 2143 1765 2215 paeniten-

184 2237 308 2292 tibus
332 2247 537 2309 partem
550 2238 778 2310 justitiae
799 2237 1014 2311 (Eccli.,
1042 2254 1178 2307 xvn,
1200 2238 1315 2312 20).
1342 2237 1479 2293 Nota
1509 2246 1637 2293 sunt
1653 2236 1763 2292 Do-

181 2329 319 2386 mino
358 2338 556 2387 cuncta
586 2346 707 2401 qua:
753 2330 811 2385 in
850 2331 1066 2387 occulto
1091 2332 1359 2401 gerimus;
1399 2329 1540 2400 quod
1584 2329 1631 2384 si
1657 2345 1764 2385 non

179 2418 374 2479 direxit
403 2421 521 2496 [F.,
554 2421 775 2495 dixerit]
820 2422 1026 2494 lingua,
1055 2438 1163 2478 non
1204 2422 1406 2493 poterit
1430 2421 1610 2478 celare
1644 2436 1768 2478 con-

176 2514 426 2571 scientia.
458 2514 618 2571 Patet
642 2515 757 2571 Deo
777 2530 939 2571 omne
976 2514 1120 2584 quod
1159 2515 1399 2571 clausum
1441 2526 1542 2572 est.
1571 2516 1770 2572 Credat

177 2606 359 2670 homo,
395 2613 569 2661 totum
612 2606 756 2677 quod
798 2614 988 2676 peccat
1011 2606 1279 2664 veniabile
1303 2622 1445 2676 esse,
1472 2610 1605 2663 siin
1646 2625 1769 2665 con-

177 2698 404 2768 fessione
424 2699 700 2768 praeveniet
740 2698 930 2768 faciem
978 2697 1078 2753 Dei
1126 2697 1300 2771 (Psal.
1357 2716 1501 2767 xcrv,
1531 2700 1642 2772 2);
1675 2702 1769 2757 sed

178 2787 343 2843 multa
383 2788 640 2844 dicuntur
668 2788 723 2844 in
746 2789 963 2861 publico
988 2804 1109 2860 quae
1134 2799 1393 2862 geruntur
1436 2791 1490 2847 in
1518 2792 1732 2849 occulto
1751 2834 1766 2861 ,

178 2881 297 2954 quia
323 2895 434 2936 non
459 2889 629 2952 potest
655 2882 840 2936 civitas
868 2898 1026 2952 super
1048 2891 1275 2936 montem
1311 2883 1482 2954 posita
1521 2884 1769 2940 abscondi

182 2968 394 3042 (Matth.
436 2987 495 3039 v,
528 2970 640 3042 M).
672 2970 809 3028 Vilis
832 2987 1127 3042 pauperum
1152 2988 1384 3044 persona
1404 2957 1619 3031 scelera
1649 2976 1772 3031 abs-

1935 1955 2076 2011 Vere
2114 1953 2289 2012 fateor
2314 1954 2457 2026 quod
2484 1955 2639 2011 valde
2675 1955 2975 2011 desideravi
3017 1955 3085 2012 ad
3128 1970 3225 2011 vos
3268 1955 3452 2010 venire

1863 2060 2088 2120 propter
2108 2050 2318 2120 aliquas
2341 2050 2716 2116 necessitates,
2738 2065 2872 2120 quas
2894 2049 3172 2105 vobiscum
3202 2047 3451 2105 conferre

1865 2142 2033 2198 volui.
2069 2141 2175 2198 Sed
2202 2158 2289 2198 me
2313 2142 2595 2213 impedivit
2621 2141 2888 2197 acerbitas
2925 2139 3187 2207 febrium,
3218 2155 3337 2211 qua:
3368 2156 3454 2195 me

1868 2233 2043 2289 adhuc
2066 2249 2163 2304 per
2186 2232 2334 2289 vices
2355 2230 2563 2304 fatigat.
2588 2230 2923 2301 Quapropter
2947 2230 3109 2286 citius
3131 2241 3255 2285 ante
3275 2230 3456 2284 hiber-

1867 2323 1990 2379 nale
2030 2324 2202 2396 frigus
2247 2324 2361 2393 regi
2406 2324 2621 2379 obviam
2664 2338 2953 2394 properare
2998 2323 3220 2378 curabo.
3272 2321 3456 2376 Placet

1868 2423 2003 2479 mihi
2033 2422 2189 2477 valde
2233 2423 2389 2478 labor
2424 2431 2603 2479 vester
2644 2422 2701 2477 in
2740 2431 2940 2478 sanctae
2975 2421 3001 2462 ά
3043 2422 3138 2491 Dei
3167 2420 3458 2476 Genitricis

1869 2514 2127 2571 Ecclesiae
2153 2514 2510 2581 exaltatione,
2537 2522 2593 2569 et
2622 2514 2677 2569 in
2709 2513 2973 2570 librorum
3007 2513 3453 2571 consideratione.

1872 2605 2027 2662 Unde
2067 2604 2124 2659 in
2152 2605 2238 2660 his
2261 2604 2556 2672 laboribus,
2584 2613 2844 2676 quantum
2863 2604 3184 2676 poterimus,
3216 2612 3452 2665 vestram

1870 2698 2148 2753 solertiam
2178 2696 2431 2766 adjuvare
2455 2696 2774 2768 gaudemus.
2816 2697 2885 2752 Et
2909 2713 3044 2770 puer
3086 2709 3110 2737 ο
3145 2696 3458 2768 Fridegisus

1870 2792 2167 2849 secundum
2198 2792 2457 2862 temporis
2484 2792 2941 2862 opportunitatem
2960 2792 3114 2848 vobis
3141 2791 3281 2847 ferat
3307 2794 3459 2848 auxi-

1869 2886 2022 2942 lium.
2051 2885 2243 2941 Vester
2270 2900 2402 2940 vero
2446 2885 2718 2955 profectus
2769 2885 2824 2940 in
2868 2885 2978 2940 Deo
3019 2886 3125 2941 mei
3167 2886 3334 2941 animi
3376 2896 3459 2945 est

1868 2992 2066 3049 magna
2092 2976 2359 3046 voluptas.
2384 2976 2508 3031 Ideo
2535 2976 2680 3046 quod
2703 2974 2916 3046 cepisti
2936 2977 3218 3047 perficere,
3244 2979 3339 3035 Dei
3366 2982 3460 3037 ad-

183 3062 357 3120 eondit
403 3063 700 3131 immania;
734 3064 969 3134 dignitas
1001 3065 1335 3120 creberrima
1359 3065 1453 3120 vix
1479 3065 1622 3121 celat
1650 3081 1770 3136 quae
1866 3067 2088 3139 iuvante
2130 3068 2520 3134 misericordia,
2570 3068 2980 3138 diligentissime
3005 3071 3241 3128 studeas.
3278 3072 3459 3130 Unus—

182 3153 328 3225 gerit.
364 3153 609 3210 Currunt
635 3153 790 3228 [Λίδη
812 3152 1004 3226 currit]
1039 3169 1138 3225 per
1161 3170 1257 3210 ora
1285 3156 1618 3228 singulorum
1650 3172 1771 3228 qua:
1806 3223 1846 3233 _
1874 3160 2107 3230 quisque
2133 3160 2431 3216 secundum
2456 3173 2613 3215 suum
2643 3159 2883 3215 laborem
2906 3162 3186 3231 praemium
3213 3172 3464 3233 acceptu-

180 3223 312 3304 infra
358 3223 657 3321 parietem-
678 3256 963 3321 geruntur.
984 3223 1265 3317 egnosee
1314 3223 1444 3318 quid
1473 3223 1684 3316 dicam;
1718 3258 1773 3305 et
1796 3223 1847 3289 θ
1874 3223 1970 3308 rus
1994 3223 2117 3333 erit.
2145 3251 2215 3307 Et
2246 3252 2340 3322 qui
2366 3252 2491 3323 plus
2513 3252 2746 3317 laborat,
2774 3252 2895 3323 plus
2906 3223 3186 3310 .mercedis
3211 3223 3459 3325 accipiet.

180 3339 393 3411 ignosce
445 3341 668 3396 dicenti.

243 3431 460 3487 Bonum
498 3431 766 3487 castitatis
796 3438 958 3503 atque
986 3432 1289 3488 honestatis
1319 3432 1464 3503 quod
1492 3432 1560 3489 de
1586 3441 1641 3489 te
1673 3448 1772 3489 au--

182 3523 305 3585 divi.
334 3540 367 3578 a
398 3531 454 3578 te
502 3538 609 3579 non
656 3522 908 3592 recedat;
952 3524 1219 3580 securitas
1256 3533 1313 3579 te
1347 3540 1455 3580 non
1510 3524 1771 3596 decipiat;

183 3623 285 3663 nec
306 3608 434 3661 laus
483 3616 771 3685 minuatur,
818 3615 913 3673 sed
967 3617 1142 3688 magis
1195 3626 1485 3698 augeatur;
1545 3616 1776 3674 felicitas

183 3715 429 3770 praesens
457 3699 549 3755 tibi
589 3698 656 3754 ad
684 3708 1001 3771 perpetuam
1026 3709 1275 3770 proﬁciat
1297 3709 1632 3765 felicitatem.
1671 3710 1777 3766 Me-

185 3799 362 3846 mento
384 3800 442 3845 te
467 3790 615 3862 parvi
645 3791 905 3861 temporis
950 3791 1217 3862 hospitem
1265 3809 1406 3850 esse.
1454 3795 1587 3853 Esto
1631 3798 1775 3855 sola-

190 3882 317 3938 tium
344 3883 592 3950 miseris,
641 3890 699 3938 et
727 3882 1013 3939 consilium
1051 3883 1286 3952 timidis;
1332 3901 1429 3941 vas
1466 3897 1773 3945 sanctarum

190 3975 359 4031 nobile
399 3974 828 4045 Scripturarum,
874 3983 930 4029 et
970 3974 1207 4032 caelestis
1249 3977 1427 4033 cubile
1475 3981 1772 4050 sapientiae.

192 4066 529 4142 Evangelicis
545 4084 680 4124 orna
709 4068 943 4124 animam
972 4071 1254 4141 praeceptis
1269 4061 1363 4138 ;‘in
1388 4088 1484 4128 ore
1511 4076 1772 4142 modesta,

193 4155 243 4211 in
264 4158 496 4215 oonsilio
518 4159 779 4229 prudens,
810 4159 864 4213 in
897 4160 1144 4216 convicio
1180 4162 1410 4231 patiens,
1458 4164 1512 4218 in
1542 4180 1639 4219 ore
1680 4165 1776 4220 hu-

193 4310 538 4383 inscriptione
558 4311 767 4383 codicis
789 4310 1085 4383 Harleiani,
1136 4313 1418 4379 Eulaliam,
1463 4317 1549 4372 cui
1592 4318 1776 4373 Alcui-

195 4397 287 4452 nus
311 4381 595 4452 inscripsit
632 4382 867 4438 libellum
916 4381 991 4437 De
1036 4384 1247 4441 ratione
1294 4387 1507 4451 animae,
1547 4404 1578 4441 a
1619 4390 1774 4445 nobis

196 4451 324 4508 inter
363 4451 628 4524 opuscula
677 4453 902 4524 moralia
952 4453 1178 4510 inferius
1222 4457 1605 4523 exhibendum,
1644 4474 1773 4516 vero

195 4522 420 4580 nomine
468 4522 817 4579 Gundradam
870 4539 989 4580 esse
1011 4566 1026 4589 ,
1086 4540 1327 4582 sororem
1394 4536 1541 4583 certe
1592 4522 1769 4586 Sancti

1876 3343 2031 3400 Nunc
2075 3352 2288 3414 tempus
2332 3351 2417 3399 est
2442 3343 2729 3415 operandi:
2764 3343 2944 3399 veniet
2970 3358 3099 3401 vero
3139 3355 3347 3418 tempus
3375 3364 3463 3404 re—

1876 3436 2218 3492 munerandi.
2249 3434 2447 3504 Quales
2471 3444 2601 3491 tunc
2625 3451 2746 3493 esse
2769 3445 3034 3507 optemus,
3067 3437 3203 3495 tales
3228 3448 3466 3497 nosmet-

1873 3532 2022 3602 ipsos
2060 3544 2203 3586 nunc
2231 3543 2617 3600 praeparemus.
2669 3527 2909 3600 Sapienti
2955 3543 3126 3599 pauca
3171 3529 3461 3586 sufﬁciunt.

1877 3623 2005 3680 Scio
2038 3622 2389 3693 sagacitatem
2411 3621 2577 3677 animi
2607 3621 2773 3677 vestri
2802 3621 2921 3677 haec
2948 3622 3128 3677 omnia
3162 3623 3355 3678 melius
3376 3623 3464 3678 in-

1876 3715 2148 3771 tellexisse
2190 3730 2351 3784 quam
2390 3729 2478 3769 me
2519 3712 2840 3784 scripsisse;
2880 3720 2936 3768 et
2961 3713 3215 3784 operibus
3242 3713 3466 3784 implere

1876 3808 2021 3879 quod
2043 3806 2133 3862 vix
2159 3806 2341 3861 verbis
2365 3804 2635 3876 explicare
2663 3804 2837 3860 valeo.

1947 3898 2167 3956 Utinam
2191 3898 2299 3954 cito
2320 3897 2569 3953 adveniat
2599 3905 2834 3967 tempus,
2858 3902 2920 3951 ut
2946 3903 3125 3951 tecum
3155 3897 3335 3952 cordis
3354 3898 3464 3955 mei

1876 3990 2150 4047 conferam
2180 3991 2488 4061 angustias,
2535 3996 2596 4043 ut
2632 3989 2946 4045 consoletur
2977 3989 3191 4044 animus
3217 4006 3368 4045 meus
3397 4006 3462 4046 ex

1874 4092 2069 4140 vestrae
2088 4083 2308 4153 pietatis
2330 4080 2697 4137 consolatione
2725 4079 2858 4153 [Αι.,
2887 4079 3258 4152 perfectione].
3290 4080 3465 4134 Pluri-

1875 4191 2025 4233 mum
2050 4175 2184 4230 mihi
2203 4174 2381 4243 placet
2414 4189 2544 4227 crux
2589 4187 2749 4241 quam
2777 4179 2952 4225 vestra
2986 4170 3118 4224 mihi
3158 4170 3463 4241 benignitas

1876 4343 2033 4385 soror
2058 4334 2145 4384 est
2171 4326 2350 4383 Caroli
2370 4326 2553 4398 Magni
2590 4324 2743 4398 cuius
2775 4326 2939 4398 etiam
2965 4334 3168 4398 rogatu
3199 4326 3459 4383 Alcuinus

1875 4398 2293 4469 commentarios
2318 4398 2371 4469 in
2404 4394 2753 4469 Evangelium
2785 4394 3008 4452 Joannis
3038 4394 3324 4469 aggressus
3354 4407 3458 4454 est.

1874 4470 1993 4526 Alia
2019 4468 2167 4525 Gisla
2190 4477 2307 4524 erat
2329 4468 2437 4523 ﬁlia
2467 4468 2679 4535 Caroli,
2726 4483 2884 4539 quam
2929 4483 3035 4524 non
3065 4484 3304 4523 sororem
3322 4510 3338 4536 ,
3366 4469 3461 4525 sed

1878 4542 2043 4596 ﬁliam
2064 4540 2326 4596 Alcuinus
2347 4540 2616 4610 appellare
2634 4538 2857 4600 solebat.
2885 4538 3083 4593 Mabill.
3118 4539 3311 4593 Annal.
3337 4539 3459 4596 libr.

196 4592 479 4676 μειδθωὶ
512 4594 737 4676 abbatis
783 4593 1143 4676 Corbeiensis,
1191 4597 1263 4676 de
1293 4614 1409 4676 qua
1432 4597 1775 4676 “Paschasius
1800 4593 1855 4654 1)
1877 4592 2043 4676 RQ;
2057 4592 2320 4666 ἧῖίῖιῖξόδξ

198 4660 483 4734 [latbertus
510 4665 566 4719 in
588 4663 710 4720 Vita
737 4666 906 4722 sancti
932 4660 1251 4734 Adalhardi,
1276 4660 1397 4724 Act.
1430 4668 1529 4724 SS.
1557 4671 1674 4726 ord.
1709 4672 1767 4726 S.

198 4731 383 4808 Bened.
420 4749 653 4808 smmi},
697 4743 841 4804 part.
867 4753 915 4808 ι,
959 4752 1082 4808 pag.
1130 4731 1254 4804 δεμ
1301 4755 1356 4793 n.
1407 4740 1498 4805 55,
1546 4741 1770 4797 scribit:

205 4821 221 4853 ι
251 4804 412 4888 Virgo
458 4803 721 4888 nobilium
762 4803 1117 4888 nobilissima,
1162 4823 1282 4878 quae
1332 4803 1775 4888 inter—venereris

198 4874 371 4944 palatii
413 4877 645 4932 ardores
672 4883 728 4930 et
764 4874 1024 4945 iuvenum
1072 4874 1403 4945 venustates,
1426 4880 1603 4936 etiam
1636 4882 1777 4937 inter

201 4945 483 5002 mulcentia
514 4945 850 5013 deliciarum,
876 4955 932 5003 et
966 4947 1109 5003 inter
1141 4951 1321 5004 omnia
1348 4950 1588 5007 libidinis
1630 4952 1780 5008 blan-

203 5015 441 5093 dimenta
474 5017 587 5072 sola
623 5017 839 5081 meruit,
860 5026 932 5093 Διιι
977 5017 1265 5093 credimus,
1302 5031 1582 5093 reportaw
1622 5024 1778 5093 pudi-

201 5086 331 5167 citiae
353 5088 613 5167 palmam,
647 5096 701 5142 et
724 5088 922 5167 potuit,
944 5096 1005 5167 ut
1034 5086 1259 5167 dicitur,
1276 5086 1463 5167 carnis
1491 5086 1778 5167 spurcitias

202 5154 374 5213 illeso'
390 5158 531 5214 calle
578 5154 833 5214 transire.
866 5178 885 5211 ι
910 5154 1192 5215 Διοιιίηιιε
1232 5154 1325 5217 hic
1373 5154 1605 5218 testatur
1638 5165 1779 5220 hanc

204 5227 461 5311 castitatis
477 5236 535 5283 et
559 5229 863 5285 honestatis
886 5229 1099 5285 laudem
1131 5231 1198 5285 ad
1226 5247 1353 5288 suas
1378 5248 1593 5304 quoque
1618 5249 1779 5290 aures

201 5312 699 5447 ῗῗὲιὲῗὲεὐεηὶςε
709 5384 839 5447 ‘non
874 5368 1036 5447 salui.
1081 5372 1316 5447 Vocatus
1339 5389 1531 5445 nempe
1556 5391 1607 5447 ra
1631 5390 1775 5447 rege.

202 5434 434 5518 Romam
454 5454 597 5518 anno
633 5437 740 5518 800
772 5439 1104 5518 profecturo,
1147 5444 1215 5499 ad
1249 5434 1778 5518 suumcomitatuin;

202 5509 350 5596 cuius
376 5509 918 5596 itinerismolestias,
950 5512 1021 5596 ob
1050 5515 1293 5596 emporia
1334 5515 1702 5596 infirmitatem
1727 5509 1784 5573 et

203 5593 440 5698 lamorem
464 5583 664 5664 quietis
693 5583 748 5635 in
773 5584 1103 5639 monasterio
1135 5583 1193 5638 S.
1221 5583 1459 5652 Martini,
1487 5602 1518 5669 a
1547 5602 1605 5642 se
1628 5601 1781 5669 amo-

224 5647 333 5727 itur
367 5659 607 5727 in_eptst.
644 5651 920 5727 πλειους
944 5653 1089 5727 1μο9),
1131 5655 1200 5709 ad
1224 5670 1426 5727 regem.
1461 5657 1589 5713 Vide
1617 5667 1782 5714 etiam

479 5722 1252 5842 aestuantem,-

274 5792 301 5900 ἒ
328 5792 472 5915 ﬁdit.
500 5792 756 5876 Quercet.
780 5792 871 5876 50,
894 5794 1077 5877 canis.
1230 5796 1482 5870 (Froben.
1512 5814 1594 5869 ep.
1629 5799 1751 5925 98.].

375 5875 532 5914 orori.
567 5858 861 5928 Spmtuali.
887 5862 1052 5922 Gisla:
1070 5883 1348 5937 nimirum,
1375 5884 1495 5940 qua:
1520 5879 1714 5927 natura
1738 5887 1783 5929 IS

602 5953 880 6033 Panos,
918 5951 987 6033 Ο.

1944 4682 1971 4722 τι
2002 4682 2100 4736 Dei
2129 4681 2411 4738 Genitricis
2438 4681 2706 4739 Ecclesiae.
2744 4700 2762 4733 ί
2797 4680 2942 4736 Gisla
2965 4679 3208 4735 Calensis
3234 4680 3461 4736 Parthe.

1874 4752 2033 4809 nonis
2067 4752 2342 4808 abbatissa
2371 4753 2475 4807 hoc
2506 4761 2767 4821 tempore,
2808 4767 2949 4821 anno
2973 4752 3094 4821 800,
3124 4766 3318 4806 novam
3350 4752 3459 4807 illic

1874 4823 2156 4879 basilicam
2200 4822 2257 4876 in
2300 4823 2560 4878 honorem
2589 4820 2787 4878 sanctzc
2825 4820 2921 4876 Dei
2962 4820 3252 4877 Genitricis
3280 4821 3461 4878 Mariae

1876 4893 2259 4963 exstruendam
2272 4894 2506 4963 curavit,
2530 4908 2701 4963 eoque
2727 4891 3163 4963 sanctimoniales
3185 4908 3216 4945 e
3237 4893 3458 4947 basilica

1878 4971 2079 5021 sanctae
2123 4961 2315 5017 Crucis
2361 4961 2669 5018 transtulit:
2711 4963 2839 5019 Post
2886 4962 3103 5032 aliquot
3133 4963 3257 5017 inde
3291 4977 3462 5017 annos

1878 5049 2075 5118 corpus
2096 5040 2297 5118 sancta:
2316 5032 2579 5118 Bathildis
2600 5043 2840 5118 e‘crypta
2861 5031 3060 5118 sancta:
3078 5031 3268 5118 Erucis
3288 5040 3464 5087 trans-

1878 5103 2048 5159 latum
2071 5110 2155 5159 est
2186 5104 2240 5157 in
2268 5104 2511 5158 eamdem
2538 5103 2821 5161 ecclesiam
2847 5112 3047 5159 sancto:
3077 5103 3274 5166 Mariae,
3299 5118 3461 5171 quam

1880 5175 2077 5231 domna
2115 5172 2260 5228 Gisla
2288 5189 2317 5227 a
2345 5172 2707 5231 fundamentis
2734 5182 3034 5239 struxerat,
3080 5181 3141 5228 ut
3181 5170 3375 5237 legitur
3408 5170 3462 5224 in

1880 5245 2020 5299 Hist.
2070 5244 2342 5299 Translat.
2388 5254 2589 5301 sancta:
2638 5245 2902 5301 Bathildis
2940 5244 3078 5314 apud
3114 5241 3311 5314 Mabill.
3331 5241 3460 5314 Act.

1882 5314 1983 5370 SS.
2016 5330 2140 5387 δῷς.
2176 5330 2234 5387 lV_
2259 5314 2458 5387 Dened.
2487 5325 2626 5386 part.
2661 5334 2696 5381 ι,
2722 5333 2846 5387 pag.
2875 5310 2999 5379 452⁷,
3024 5328 3170 5387 num‘.
3198 5313 3253 5366 8.
3282 5331 3300 5362 ι
3331 5310 3465 5365 Vide

1880 5386 2044 5441 etiam
2065 5383 2257 5439 Annal.
2293 5382 2504 5440 Mabillf
2521 5387 2644 5443 libr.
2670 5382 2821 5452 xivr;
2845 5401 2991 5440 num.
3024 5384 3111 5438 95.
3135 5382 3464 5452 Praesentem

1881 5465 2064 5511 tamen
2089 5454 2371 5525 epistolam
2414 5472 2519 5511 non
2547 5458 2733 5513 eodem
2761 5450 2900 5512 anno
2934 5454 3056 5517 800,
3099 5450 3464 5525 sedsequenti

1882 5527 2062 5599 datam
2085 5520 2251 5599 fuisse
2272 5526 2544 5599 existimo,
2566 5530 2690 5599 quia
2710 5527 2967 5582 Alcuinus
2986 5539 3127 5578 anno
3150 5520 3255 5577 800
3272 5520 3467 5599 Carolo

1883 5597 1998 5669 regi
2027 5604 2153 5674 ante
2186 5597 2464 5652 hibernale
2494 5591 2705 5674 tempus
2730 5608 3032 5674 oceurrere_
3046 5607 3152 5648 non
3177 5591 3461 5674 potuisset,

1883 5664 2010 5740 rege
2038 5668 2234 5740 quippe
2256 5677 2378 5737 post
2398 5664 2639 5724 mensem
2660 5669 2961 5740 Augustum
2985 5664 3103 5733 ejus
3129 5664 3253 5717 anni
3270 5664 3384 5731 jam
3407 5664 3467 5720 in

1883 5738 2079 5793 itinere
2108 5739 2334 5793 Romam
2358 5754 2548 5795 versus
2571 5738 2885 5794 constituto.
3054 5779 3063 5787 .

1944 5808 2103 5880 149
2120 5820 2143 5848 ε
2160 5807 2495 5881 Fredegisus,
2510 5809 2721 5865 Alcuini
2736 5808 3029 5881 discipulus
3044 5806 3267 5881 ejusque
3278 5810 3468 5876 Ροίιβῼ

1885 5877 2166 5941 successor
2192 5879 2246 5935 in
2275 5877 2536 5951 regimine
2565 5879 2877 5935 monasterii
2904 5877 3253 5934 Turonensis.

2996 5970 3071 6047 12
