4056 6328
603 334 710 392 567

1460 332 1520 386 Β.
1561 330 1623 384 F.
1662 326 1884 383 ALBINI
1923 325 2054 381 SEU
2094 321 2369 378 ALCUINI
2407 321 2692 379 OPERUM
2729 317 2908 375 PARS
2943 317 2984 372 ι.

3773 313 3877 372 368

601 448 913 506 dulcissime
934 489 948 514 ,
993 447 1136 520 quod
1161 461 1266 501 non
1305 452 1452 500 tanta
1495 442 1760 498 suavitate
1793 452 1818 479 ιι
1850 437 2078 493 fratrum
2101 435 2188 490 vel
2214 436 2266 495 Α
2291 431 2542 490 incedere
2582 433 2744 488 valet.
2820 431 2932 502 Ego
2961 441 3090 484 vero
3139 425 3446 520 tardissime
3485 425 3711 481 vulnera
3758 442 3882 483 mea

603 555 852 597 sororum
887 539 1152 594 litterulas
1183 537 1360 608 legere
1381 535 1530 606 potui
1557 530 1960 594 ultramarinas,
1985 534 2188 598 quanta

604 641 712 690 tute
740 633 1043 688 dilectionis
1072 633 1099 672 ι)
1127 629 1486 698 transalpinas
1515 645 1528 679 :
1556 642 1657 682 nec
1698 625 1805 679 tale
1834 630 1956 696 post
1976 637 2070 676 eos
2095 628 2191 675 tae-

604 725 753 783 dium
781 723 970 793 fatigat
995 738 1089 777 cor
1120 736 1296 776 meum
1314 761 1327 784 ,
1382 718 1540 789 quale
1565 726 1688 788 post
1716 725 1818 773 ture
1842 711 2188 782 facieigvisio-

603 832 727 872 nem
749 814 1052 870 amabilem.
1097 812 1200 866 Sed
1228 811 1495 880 patienter
1523 808 1803 863 ferendum
1827 814 1912 862 est
1927 802 2189 876 quidquid

598 909 755 980 jubet
779 907 1040 978 sapientia
1069 905 1246 960 divina
1273 945 1285 967 ,
1321 917 1440 973 quae
1471 903 1647 957 omnia
1692 900 1920 973 disponit
1961 899 2191 954 suaviter

604 1003 759 1075 (ευρ.
786 1019 901 1065 vIn,
937 1000 1010 1071 l),
1060 1008 1114 1054 et
1158 999 1214 1052 in
1265 996 1518 1053 cordibus
1563 994 1892 1049 famulorum
1943 989 2190 1046 diffundit

603 1110 823 1148 suorum
852 1108 948 1162 per
969 1091 1141 1145 sancti
1184 1088 1418 1158 Spiritus
1445 1086 1675 1158 gratiam
1717 1083 2043 1139 dulcissima:
2063 1082 2190 1137 cha-

601 1185 778 1239 ritalis
807 1185 941 1237 dona
962 1223 975 1246 ,
1017 1198 1136 1251 qua:
1174 1181 1316 1235 inter
1344 1179 1572 1234 adversa
1604 1177 1780 1242 fortis,
1811 1184 1866 1232 et
1895 1177 2038 1232 inter
2065 1190 2191 1247 pro—

599 1291 758 1344 spera
807 1274 1025 1328 humilis
1067 1289 1188 1328 esse
1235 1271 1580 1342 congaudet:
1634 1271 1690 1323 in
1733 1268 1980 1339 utrisque
2025 1268 2080 1322 in
2125 1283 2190 1324 eo

597 1380 810 1442 potens,
842 1372 931 1439 qui
961 1370 1140 1425 omnia
1168 1375 1377 1438 potest:
1399 1361 1599 1421 secura
1631 1366 1696 1420 de
1726 1380 1783 1419 se
1811 1405 1826 1429 ,
1874 1363 2102 1417 sollicita
2124 1362 2192 1416 de

599 1465 732 1519 suis.
773 1463 848 1518 De
875 1479 979 1532 qua
1004 1461 1234 1530 plurima
1261 1467 1366 1512 tuae
1392 1455 1708 1512 reverentiae
1739 1453 1978 1510 scribere
2004 1467 2192 1523 super-

597 1573 828 1613 vacuum
851 1556 998 1618 duxi,
1040 1553 1164 1622 quia
1191 1559 1243 1606 te
1269 1559 1441 1606 totum
1465 1550 1518 1604 in
1547 1563 1610 1603 ea
1638 1560 1758 1602 esse
1782 1545 1967 1600 multis
1995 1543 2192 1614 proba-

599 1648 798 1703 mentis
820 1661 1072 1716 agnosco.
1115 1645 1170 1697 ln
1200 1659 1305 1713 qua
1337 1642 1566 1696 viriliter
1591 1641 1810 1695 vincere
1851 1637 2192 1692 adversarios

598 1739 796 1802 babes,
829 1748 883 1793 et
905 1735 1120 1790 fortiter
1143 1750 1386 1806 pugnare
1425 1739 1614 1788 contra
1656 1731 1904 1785 inimicos
1934 1729 2189 1784 Ecclesiae

2291 540 2607 596 agnoscens,
2632 525 2778 581 circa
2801 522 2986 578 limina
3011 521 3155 577 beati
3173 519 3396 576 Martini
3417 519 3596 575 Patris
3624 522 3800 576 nostri
3827 530 3884 578 et

2289 617 2612 688 protectoris
2643 615 2811 672 vestri
2840 614 3150 670 discurrens
3171 653 3188 679 ,
3239 620 3480 668 vestrum
3514 628 3713 670 nomen
3740 615 3884 670 inter

2291 711 2641 768 cbarissimas
2679 709 2920 780 quotidie
2958 709 3295 778 ingeminans
3321 723 3616 780 personas;
3659 725 3763 766 nec
3797 725 3882 768 so-

2289 804 2400 860 lum
2428 804 2628 860 veteris
2652 803 2776 858 vitae
2823 801 3009 858 multis
3037 801 3347 857 debilitatus
3386 802 3758 868 cicatricibus,
3789 803 3881 858 sed

2289 908 2388 967 per
2407 895 2617 966 singula
2639 900 2912 950 momenta
2943 892 3156 964 pejores
3191 894 3463 966 prioribus
3509 895 3755 951 ulcerum
3791 896 3882 951 ad-

2291 985 2424 1040 dens
2452 982 2721 1057 dolores.]
2773 982 3114 1054 Quapropter
3142 984 3394 1040 obnixius
3421 985 3686 1056 deprecor
3729 986 3883 1041 fami-

2290 1075 2483 1131 liarem
2523 1084 2719 1132 vestrae
2761 1075 3062 1132 dilectionis
3115 1077 3436 1132 charitatem
3476 1086 3536 1132 ut
3567 1077 3727 1142 mihi,
3759 1077 3887 1134 licet

2291 1170 2532 1242 indigno,
2565 1170 2721 1242 153
2760 1170 2993 1227 assiduis
3038 1169 3348 1226 sanctitatis
3389 1179 3585 1226 vestrae
3627 1171 3886 1241 precibus

2293 1268 2434 1334 apud
2462 1265 2943 1322 clementissimum
2970 1263 3309 1321 Salvatorem
3335 1273 3608 1335 perpetua:
3634 1266 3886 1324 sanitatis

2291 1357 2613 1412 medicinam
2656 1359 2947 1428 deposcere
2993 1357 3214 1413 studeas
3237 1397 3251 1423 ,
3295 1364 3352 1412 et
3392 1373 3751 1429 quoscunque
3777 1358 3885 1416 Deo

2291 1447 2510 1504 Christo
2536 1447 2720 1502 ﬁdeles
2748 1448 2991 1504 invenies
3018 1447 3275 1514 famulos,
3323 1456 3534 1519 tuaeque
3564 1451 3886 1506 reverentia:

2292 1553 2460 1595 sacrae
2495 1539 2797 1596 dilectionis
2815 1540 3030 1596 vinculo
3059 1539 3361 1610 conjunctis
3385 1556 3473 1596 me
3500 1543 3886 1600 commendare

2293 1647 2478 1688 curam
2503 1633 2736 1698 habeas;
2768 1632 2847 1705 [et
2865 1633 3100 1689 maxime
3121 1635 3341 1690 domino
3378 1649 3501 1689 meo
3529 1635 3885 1694 dilectissimo

2292 1726 2460 1781 Leoni
2486 1741 2656 1796 papaa,
2684 1725 3015 1798 Paulinoque
3034 1727 3378 1797 patriarchae,
3408 1736 3466 1783 et
3485 1728 3651 1784 Petro
3681 1728 3882 1784 Medio-

598 1829 818 1894 Christi,
851 1837 909 1882 ut
952 1843 1150 1882 corona
1186 1797 1359 1881 laudis
1398 1825 1452 1880 in
1491 1824 1578 1879 die
1622 1822 1834 1878 Domini
1864 1821 2036 1877 nostri
2063 1820 2190 1876 Jesu
2219 1797 2270 1859 Β
2294 1819 2499 1874 lanensi
2530 1819 2934 1890 archiepiscopo
2960 1860 2975 1885 ,
3021 1835 3123 1875 nec
3164 1835 3270 1875 non
3333 1820 3563 1878 aliorum
3613 1821 3882 1894 religiosa

598 1925 801 1980 Christi
831 1933 884 1979 te
916 1935 1142 1992 tuosque
1168 1928 1551 1992 consequatur.

668 2018 919 2083 Quaedam
973 2016 1303 2086 apologetica
1352 2016 1515 2071 verba
1565 2014 1672 2070 tuis
1715 2013 1920 2067 inserta
1945 2009 2191 2080 legebam

597 2109 834 2173 litteris,
881 2109 1157 2164 aestimans
1204 2123 1292 2163 me
1341 2106 1504 2161 irasci
1563 2119 1662 2176 pro
1716 2104 1948 2174 quodam
1995 2100 2186 2166 fratre,

598 2202 739 2270 quod
791 2202 1010 2256 omnino
1055 2218 1160 2256 non
1200 2199 1350 2255 feci:
1405 2198 1513 2271 [vel
1558 2199 1626 2254 ab
1661 2198 1765 2252 alio
1813 2195 2000 2250 audire
2045 2194 2190 2265 quod

598 2295 810 2364 scripsi,
843 2294 983 2364 quod
1005 2294 1312 2349 nullatenus
1347 2307 1534 2347 verum
1565 2292 1684 2346 fuit.
1756 2288 1861 2344 Sed
1892 2296 1950 2343 ut
1986 2278 2064 2342 rei
2091 2287 2188 2343 tibi

597 2390 880 2444 veritatem
905 2389 1214 2453 ostendam,
1255 2389 1472 2444 occasio
1499 2384 1659 2455 hujus
1687 2384 2029 2456 cogitationis
2055 2384 2188 2439 mihi

597 2480 699 2536 fuit
740 2498 805 2537 ex
849 2496 914 2536 eo
949 2482 1091 2551 quod
1126 2481 1354 2536 alterum
1405 2479 1716 2536 abstraxisti
1739 2493 1770 2532 a
1799 2491 1914 2542 me,
1948 2477 2040 2546 qui
2062 2491 2188 2548 pro-

595 2572 800 2630 fectum
835 2573 1012 2628 facere
1069 2574 1262 2642 potuit.
1358 2572 1518 2628 Salva
1573 2571 1875 2627 certissime
1920 2571 2189 2626 charitate

598 2665 784 2734 aperui
831 2664 1192 2732 suspicionem
1244 2677 1455 2729 meam,
1507 2661 1642 2717 nihil
1679 2661 1885 2716 sinistri
1912 2661 2188 2716 testimans

599 2765 746 2810 tuam
775 2756 839 2810 de
860 2756 997 2810 meis
1020 2754 1213 2808 litteris
1242 2753 1671 2809 benevolentiam
1707 2753 1969 2822 suspicari
1989 2794 2002 2818 ,
2034 2750 2189 2822 quasi

597 2850 733 2904 alter
765 2857 985 2919 propter
1029 2863 1203 2902 meam
1253 2863 1358 2903 non
1398 2846 1687 2918 proﬁceret
1727 2845 2106 2917 negligentiam
2133 2843 2185 2916 ;]

598 2940 724 2993 dum
772 2938 1055 2992 verissime
1105 2953 1227 2991 eum
1268 2953 1446 2992 meum
1495 2952 1616 2992 esse
1662 2943 1946 3006 putarem,
1990 2936 2034 2990 si
2065 2943 2190 2990 tuus

596 3047 714 3086 esse
729 3032 1007 3095 voluisset,
1034 3046 1234 3085 cavens
1252 3030 1380 3084 illud
1405 3030 1624 3087 Senecae
1638 3030 1898 3098 sapientis
1919 3029 2185 3099 elogium:

596 3121 768 3178 Meum
814 3129 867 3176 et
909 3129 1057 3175 tuum
1090 3121 1321 3174 mundus
1343 3121 1625 3176 destruxit.
1669 3119 1843 3192 [Nihil
1875 3128 1986 3173 tam
2028 3117 2188 3172 fami-

595 3213 728 3268 liare
777 3214 828 3267 in
876 3229 1146 3282 quoquam
1191 3220 1404 3266 tuorum
1456 3213 1660 3267 sentias
1713 3211 1853 3282 apud
1896 3226 2013 3276 me;
2055 3210 2186 3265 nihil

596 3305 831 3358 alienum
862 3320 924 3357 ex
949 3305 1084 3358 meis
1115 3304 1292 3357 sciens
1337 3304 1476 3373 apud
1526 3301 1625 3373 te.]
1680 3301 1818 3370 Quia
1863 3302 2003 3374 quod
2047 3301 2188 3356 Deus

595 3395 890 3464 conjunxit,
919 3395 1072 3447 homo
1096 3412 1198 3446 non
1225 3405 1424 3464 separet
1455 3393 1670 3464 (Matth.
1696 3409 1808 3457 XIX,
1839 3392 1927 3466 6);
1967 3409 2068 3449 nec
2103 3393 2186 3449 lo-

597 3487 677 3542 cis
698 3487 985 3550 dividatur,
1039 3487 1180 3554 quod
1211 3485 1482 3540 mentibus
1523 3485 1884 3556 conjungitur.
1950 3486 2054 3543 Ubi
2082 3502 2186 3542 una

596 3589 681 3639 est
709 3583 948 3636 charitas
971 3623 985 3645 ,
1033 3582 1104 3636 ibi
1142 3579 1356 3635 diversa
1399 3595 1505 3634 non
1542 3588 1624 3634 est
1674 3579 1942 3635 voluntas.
2003 3579 2188 3652 [Quod

596 3691 728 3729 vero
755 3683 843 3728 tua
871 3674 1009 3727 bona
1035 3689 1134 3743 pro
1155 3674 1450 3727 nmltorum
1475 3673 1646 3728 salute
1672 3673 2032 3743 providentia,
2066 3689 2189 3729 sua-

596 3764 830 3819 dendum
870 3765 1000 3819 mihi
1049 3765 1252 3818 censuit
1307 3764 1618 3820 dulcissimo
1666 3781 1787 3821 meo
1823 3766 2015 3832 David,
2061 3777 2083 3804 ο
2121 3767 2188 3822 de

599 3859 887 3913 missorum
932 3858 1192 3912 electione
1220 3898 1234 3923 ,
1276 3857 1368 3926 qui
1420 3857 1726 3913 discurrere
1766 3856 2024 3926 jubentur
2075 3858 2186 3932 (ad)

595 3953 829 4022 iustitias
857 3951 1152 4016 faciendas,
1184 3951 1324 4006 scias
1352 3950 1656 4006 certissime
1677 3958 1732 4006 et
1761 3951 1864 4006 hoc
1886 3966 1971 4006 me
1995 3951 2189 4022 saepius

597 4045 810 4106 fecisse,
865 4050 919 4097 et
969 4041 1080 4096 suis
1122 4055 1336 4111 quoque
1391 4043 1621 4097 suadere
1669 4042 2012 4097 consiliariis.
2081 4042 2189 4100 Sed

595 4137 734 4207 proh
760 4133 939 4189 dolor!
988 4133 1098 4187 rari
1147 4133 1514 4197 inveniuntur,
1566 4149 1797 4204 quorum
1830 4134 2041 4205 ingrata
2066 4132 2184 4206 [F.,

594 4225 834 4297 firmata]
868 4227 919 4279 in
966 4224 1058 4280 Dei
1108 4225 1300 4279 timore
1339 4240 1496 4279 mens
1530 4240 1746 4280 omnem
1781 4233 2003 4295 respuat
2037 4225 2190 4296 cupi-

597 4319 841 4379 ditatem,
882 4322 936 4369 et
970 4315 1055 4368 ria
1083 4315 1226 4381 regia
1254 4314 1396 4368 inter
1425 4329 1688 4383 personas
1717 4314 1939 4368 divitum
1969 4322 2023 4369 et
2059 4329 2189 4384 pau-

595 4423 790 4478 perum
817 4406 1065 4459 miserias
1089 4421 1311 4474 pergere
1340 4405 1500 4471 velit,
1531 4405 1818 4461 Salomone
1849 4414 2138 4462 attestante
2166 4422 2182 4461 :

2292 1913 2416 1968 vitae
2442 1914 2714 1977 virorum,
2747 1927 2974 1983 quorum
3010 1913 3230 1968 nomina
3261 1913 3464 1985 scripta
3491 1922 3619 1969 sunt
3643 1913 3703 1969 in
3735 1915 3885 1971 caalis

2293 2003 2461 2077 (Phil.
2494 2021 2570 2071 Iv,
2596 2005 2716 2079 5)],
2748 2014 2810 2061 ut
2845 2016 3047 2063 nostrae
3068 2008 3353 2076 parvitatis
3392 2024 3586 2064 nomen
3613 2009 3673 2064 in
3704 2011 3883 2067 cordi-

2290 2099 2392 2153 bus
2419 2099 2738 2154 conscribas
2786 2099 3066 2169 deprecor,
3115 2108 3382 2172 quatenus
3420 2117 3486 2157 ex
3526 2101 3884 2174 plurimorum

2290 2189 2544 2259 precibus
2572 2198 2884 2244 sanctorum
2911 2231 2925 2256 ,
2967 2190 3199 2262 plurima
3239 2193 3370 2248 mihi
3401 2203 3754 2264 peccatorum
3784 2195 3886 2253 sol-

2290 2291 2489 2336 vantur
2516 2283 2752 2338 vincula.
2797 2283 2875 2338 Tu
2898 2299 3048 2350 vero,
3079 2285 3421 2341 sanctissime
3443 2285 3623 2354 Pater,
3646 2288 3886 2359 paciﬁca

2290 2388 2500 2427 ramum
2522 2373 2679 2428 oliva:
2708 2389 2804 2429 ore
2829 2373 3011 2430 ferens
3037 2375 3092 2430 in
3122 2392 3305 2432 arcam
3328 2376 3541 2433 Domini
3570 2377 3740 2452 (Gen.
3765 2397 3883 2448 VIII,

2292 2463 2402 2536 ll),
2451 2465 2656 2521 alienas
2702 2466 3011 2536 iniquorum
3069 2467 3439 2528 dissensiones
3485 2480 3608 2528 tuas
3651 2471 3886 2532 facesse

2289 2559 2588 2622 mercedes,
2615 2574 2876 2616 revocans
2895 2575 2990 2617 eos
3010 2563 3080 2618 ad
3106 2572 3307 2621 sancta:
3340 2567 3492 2636 pacis
3513 2569 3882 2636 concordiam,

2289 2657 2350 2702 ut
2370 2650 2599 2720 populus
2628 2652 2859 2718 rectori,
2907 2661 2963 2708 et
3007 2669 3138 2725 grex
3179 2657 3414 2727 pastori,
3455 2667 3510 2714 et
3533 2657 3631 2715 filii
3665 2661 3886 2732 proprio

2290 2741 2544 2797 obediant
2575 2742 2744 2809 Patri,
2773 2751 2830 2798 et
2848 2744 3009 2802 Pater
3028 2747 3154 2803 filiis
3180 2750 3367 2819 praesit
3403 2749 3458 2806 in
3486 2766 3624 2822 pace
3653 2761 3714 2808 et
3739 2769 3886 2809 man-

2293 2834 2596 2900 suetudine,
2617 2835 2753 2890 utin
2771 2837 3022 2893 omnibus
3046 2856 3153 2894 una
3177 2840 3248 2896 sit
3267 2842 3548 2899 charitatis
3571 2847 3883 2912 concordia,

2290 2943 2360 2982 ne
2408 2943 2514 2997 qua
2562 2929 2717 2984 radix
2761 2929 2903 2985 ultra
2952 2933 3334 2991 amaritudinis
3379 2951 3560 2994 ramos
3603 2949 3886 2996 venenatae

2293 3018 2643 3076 dissensionis
2693 3022 2959 3092 pullulare
3018 3027 3192 3095 possit
3242 3025 3269 3066 ἀ
3317 3028 3460 3085 inter
3513 3033 3886 3091 sanctissimas

2216 3158 2264 3222 ο
2294 3111 2674 3167 ecclesiasticae
2711 3112 2988 3198 dignitatis
3005 3131 3287 3186 personas.
3328 3118 3412 3176 Sit
3437 3121 3490 3176 in
3513 3137 3609 3178 ore
3640 3131 3737 3180 tuo
3761 3123 3884 3180 tuba

2293 3202 2559 3268 veritatis,
2587 3210 2646 3258 ut
2667 3219 2773 3273 pax
2799 3214 2854 3260 et
2879 3209 3080 3263 veritas
3113 3225 3180 3265 ex
3214 3210 3324 3266 tuis
3353 3227 3568 3283 semper
3593 3215 3885 3272 audiantur

2290 3289 2477 3358 labiis;
2528 3302 2584 3348 et
2615 3297 2760 3364 quod
2798 3295 3084 3354 Psalmista
3128 3303 3356 3370 cecinit,
3409 3319 3516 3360 non
3545 3305 3724 3362 solum
3750 3308 3808 3363 in
3835 3316 3885 3364 te

2291 3383 2596 3454 impleatur,
2646 3388 2741 3442 sed
2768 3389 2933 3444 etiam
2955 3406 3054 3461 per
3081 3400 3133 3448 te
3159 3393 3213 3448 in
3257 3395 3456 3452 multos
3481 3398 3754 3469 proﬁciat,
3795 3399 3885 3457 ubi

2292 3478 2368 3532 ait
2403 3496 2415 3531 :
2461 3478 2830 3536 Misericordia
2856 3493 2903 3538 et
2933 3487 3123 3541 veritas
3172 3487 3506 3545 obviaverunt
3547 3493 3669 3560 sibi,
3705 3500 3883 3560 ρωα

2281 3571 2494 3641 justih'a
2537 3575 2821 3646 complexa:
2860 3588 2980 3632 sunt
3024 3597 3078 3634 se
3119 3579 3292 3652 (Psal.
3347 3597 3568 3647 Lxxxrv,
3614 3581 3727 3654 il).
3767 3583 3883 3642 Hoc

2288 3671 2374 3718 est
2401 3679 2536 3734 opus
2559 3674 2708 3720 tuum
2743 3667 2797 3722 in
2821 3669 2924 3723 hac
2951 3671 3201 3739 praesenti
3231 3669 3382 3738 luce;
3420 3672 3536 3730 haec
3564 3681 3651 3731 est
3671 3691 3884 3737 merces

2292 3760 2381 3807 tua
2427 3755 2480 3809 in
2527 3763 2727 3812 aeterna
2768 3757 2958 3829 gloria.
3009 3759 3103 3815 Ait
3150 3760 3294 3816 enim
3336 3763 3555 3834 quidam
3599 3774 3760 3837 poeta
3817 3769 3883 3826 de

2289 3861 2452 3916 opere
2474 3849 2732 3906 carminis
2761 3851 3059 3924 evangelici
3087 3869 3101 3907 :

2415 3940 2520 4011 }_loc
2535 3953 2658 4004 Opus
2679 3942 2771 4011 b_oc
2791 3947 2976 4011 etenim
2998 3943 3158 4011 forsan
3191 3957 3273 4011 me
3297 3945 3558 3998 subtrahet
3582 3951 3733 4011 igne:

2413 4002 2551 4054 Tunc
2568 4002 2679 4054 eum
2696 4005 3014 4056 ﬁammtvoma
3032 4007 3187 4069 jndex
3211 4009 3482 4060 descendet
3503 4013 3566 4061 ab
3589 4002 3723 4062 arce.

2290 4086 2476 4142 Dicam
2507 4102 2608 4160 ego
2635 4105 2649 4142 :

2410 4179 2520 4253 [ioc
2535 4193 2658 4243 Opus
2681 4182 2773 4253 hpe
2797 4184 3096 4253 etenimpon
3120 4185 3278 4253 solum
3300 4188 3558 4240 subtrahet
3580 4191 3717 4253 igne,

2361 4305 2371 4310 _
2412 4242 2485 4292 Te
2503 4242 2619 4304 jam,
2639 4245 2728 4295 sed
2751 4244 2889 4296 faciat
2908 4247 3016 4296 θωπί
3040 4250 3376 4302 conscendere
3399 4254 3450 4302 in
3471 4242 3656 4304 arcem.

2287 4304 2431 4398 Lege
2485 4326 2749 4397 feliciter,
2798 4338 2853 4386 et
2881 4331 3158 4389 humiliter
3199 4350 3468 4407 agnosce,
3501 4346 3558 4394 et
3608 4341 3882 4400 veraciter

2287 4418 2507 4488 perﬁce,
2537 4436 2658 4490 qua:
2702 4423 2940 4479 cbaritas
2968 4426 3202 4496 scripsit,
3230 4435 3285 4483 et
3311 4427 3560 4488 Christus
3585 4432 3882 4492 demanda-

606 4498 829 4552 Munera
852 4505 1113 4551 exerceant
1142 4497 1301 4548 corda
1323 4496 1659 4566 prudentum,
1684 4507 1729 4549 et
1753 4498 2051 4552 subvertant
2074 4514 2186 4552 ver—
2210 4543 2266 4605 Β
2287 4510 2385 4575 ﬁt,
2409 4518 2468 4563 ιιι
2493 4511 2646 4568 ﬁam.

606 4589 618 4605 .
699 4588 793 4605 ..
999 4585 1394 4605 ιηηιςγμ...
1491 4586 1637 4605 ην,
1880 4588 1930 4605 m
2016 4590 2118 4605 η.-

601 4589 664 4641 ba
683 4588 949 4658 justorum
996 4585 1183 4657 (Eccli.
1212 4603 1306 4650 xx,
1335 4587 1434 4651 5i;
1484 4586 1656 4640 Exod.
1687 4603 1850 4652 XXIII,
1879 4588 1955 4660 8).
2016 4590 2072 4644 Si
2103 4599 2182 4644 ta-

601 4695 725 4732 men
767 4677 898 4745 justi
937 4685 1098 4741 sunt,
1148 4692 1376 4746 quorum
1422 4677 1588 4732 verba
1625 4679 1887 4735 scelerata
1919 4682 2181 4752 cupiditas

601 4772 914 4825 subvertere
936 4769 1169 4837 poterit:
1197 4769 1280 4823 vel
1311 4769 1605 4838 prudentes
1637 4779 1783 4826 recte
1809 4772 1914 4828 dici
1936 4783 2179 4843 possunt,

603 4875 832 4932 quorum
875 4860 1035 4914 corda
1088 4860 1401 4915 muneribus
1445 4871 1806 4917 excaecantur.
1871 4863 2042 4918 Radix
2068 4906 2082 4929 ,
2127 4873 2184 4919 ut

598 4953 887 5025 Apostolus
915 4953 1028 5018 ait,
1081 4954 1313 5007 omnium
1361 4954 1620 5009 malorum
1649 4957 1908 5026 cupiditas
1957 4955 2008 5028 (Ι
2043 4956 2178 5011 Tim.

599 5066 674 5115 Vl,
708 5046 819 5119 10),
851 5061 1012 5115 quam
1037 5046 1128 5115 qui
1156 5047 1419 5114 sequitur,
1444 5048 1590 5105 nullo
1616 5049 1776 5104 modo
1799 5050 1942 5104 viam
1958 5048 2186 5118 justitiaa

669 5172 694 5199 ει
737 5156 989 5212 Fratrum
1024 5168 1071 5212 et
1100 5175 1360 5212 sororum.
1383 5158 1640 5214 Alcuinus
1660 5160 1761 5216 hoc
1778 5160 1896 5216 loco
1908 5159 2184 5215 Arnonem

599 5247 630 5286 e
648 5229 876 5300 fratrum
895 5244 1126 5300 suorum
1175 5244 1400 5300 numero
1425 5229 1557 5284 satis
1577 5238 1761 5300 aperte
1789 5231 2077 5286 excludere
2100 5231 2184 5286 vi-

600 5302 774 5356 detur.
808 5298 943 5353 Vide
962 5307 1214 5369 nostram
1229 5298 1618 5369 praefationem.

674 5372 710 5442 ἢν
744 5368 1164 5442 Τυξαηδαέρὶηαδ.⁸
1192 5368 1341 5442 Arno
1392 5369 1554 5442 igitur
1584 5377 1714 5442 tunc
1749 5378 1900 5442 trans
1927 5370 2090 5442 Alpes
2129 5373 2184 5426 in

598 5441 771 5513 Italia,
802 5440 910 5513 imo
925 5439 1117 5513 Romae
1141 5438 1261 5513 fuit,
1285 5438 1429 5508 quod
1456 5453 1522 5492 ex
1551 5439 1671 5495 aliis
1697 5441 1860 5496 etiam
1884 5438 2045 5508 hujus
2073 5442 2186 5513 epi-

602 5512 753 5568 stolae
788 5511 968 5564 verbis
1003 5509 1307 5564 innotescit.
1825 5514 1831 5519 ’

674 5593 698 5621 ο
740 5581 817 5636 De
848 5581 1126 5636 missorum
1168 5579 1432 5636 electione.
1473 5581 1586 5636 Hoc
1607 5579 1841 5637 Arnonis
1879 5591 1935 5637 et
1972 5581 2184 5638 Alcuini

603 5652 887 5707 consilium
909 5651 1134 5707 Carolus
1159 5659 1376 5708 secutus
1426 5652 1639 5706 videtur
1669 5667 1809 5706 anno
1837 5652 1962 5709 802.
2004 5671 2023 5704 ι
2043 5652 2184 5708 Piis-

507 5726 511 5728 ’
604 5721 775 5792 simus
802 5723 945 5776 enim
975 5723 1283 5792 imperator,
1310 5733 1370 5778 ut
1419 5722 1654 5792 loquitur
1685 5721 1989 5777 Chronicon
2027 5722 2188 5779 Mois—

605 5789 870 5863 siacense,
887 5789 1066 5863 noluit
1081 5793 1425 5863 pauperiores
1452 5789 1638 5847 vassos
1661 5808 1788 5848 suos
1815 5792 2187 5849 transmittere

607 5861 676 5920 ad
696 5858 933 5930 justitias
956 5858 1242 5931 faciendas,
1264 5874 1484 5935 propter
1508 5879 1726 5919 munera
1748 5881 1761 5928 ;
1790 5865 1885 5920 sed
1905 5865 2068 5941 elegit
2089 5880 2181 5924 ar~

2759 4619 2783 4647 θ
2821 4608 3153 4664 EPISTOLA
3188 4612 3422 4669 CXXXI.

2795 4717 2862 4755 AD
2901 4717 3119 4758 DOINUI
3159 4720 3356 4761 REGEI.

2890 4795 3076 4867 (Anno
3112 4797 3270 4872 801.)

2286 4881 2450 4938 Mittit
2479 4901 2572 4956 per
2593 4885 2853 4956 famulum
2881 4905 3035 4944 suum
3063 4908 3241 4948 sacros
3273 4893 3433 4949 libros
3467 4913 3500 4950 a
3527 4913 3584 4952 se
3613 4900 3685 4954 in
3711 4915 3880 4956 unum

2638 4973 2825 5028 corpus
2850 4960 3089 5016 collectos
3123 4972 3171 5017 et
3193 4966 3514 5022 emendatos.

2357 5048 2585 5106 Domino
2625 5051 3124 5112 desiderantissimo
3153 5059 3453 5129 meritoque
3473 5061 3694 5118 amabili
3707 5065 3879 5121 David

2286 5163 2652 5240 chiepiscopos
2694 5173 2760 5240 et
2793 5167 3041 5240 reliquos
3071 5169 3350 5240 episcopos
3383 5181 3440 5226 et
3484 5174 3712 5230 abbate:
3753 5192 3879 5233 cum

2287 5236 2510 5316 ducibus
2538 5242 2594 5289 et
2623 5236 2930 5316 comitibus,
2957 5239 3047 5307 qui
3069 5236 3182 5316 jam
3220 5236 3356 5311 opus
3390 5258 3496 5298 non
3518 5244 3763 5303 habeant
3787 5263 3882 5304 su-

2283 5319 2381 5382 per
2400 5312 2710 5382 innocentes
2733 5323 2958 5382 munera
2989 5312 3254 5382 accipere,
3281 5321 3386 5368 etc.
3419 5332 3437 5366 ι

2353 5373 2380 5414 ἀ
2423 5373 2572 5458 Innter
2594 5379 2952 5458 sanctissimas
2976 5373 3341 5458 ecclesiasticae
3383 5385 3659 5458 dignitatis
3693 5404 3881 5458 perso-

2287 5463 2400 5529 nas.
2424 5443 2619 5529 .liomaa
2641 5448 2826 5529 utique
2856 5466 3025 5529 causa
3056 5450 3344 5529 Leonis!“
3366 5443 3709 5529 dissidentes;
3737 5466 3794 5514 et
3813 5458 3880 5513 ﬁ—

2285 5517 2398 5572 nito
2577 5515 2761 5574 contra
2792 5523 3313 5600 parricidas‘judicio
3331 5567 3347 5589 ,
3396 5528 3634 5583 nondum
3661 5515 3881 5600 integre

2286 5588 2626 5665 eo‘nciliatasg
2651 5604 2770 5658 quae
2793 5588 2881 5665 res
2901 5588 3466 5665 Arnoni'potissimum
3495 5588 3877 5654 commendata

2285 5657 2406 5740 fuit,
2433 5657 2712 5740 ut_ex_bac
2735 5661 2966 5740 epistola
2995 5657 3154 5740 plane
3172 5676 3411 5740 constat.
3446 5667 3691 5740 Pertinet
3712 5683 3880 5740 ‘ergo

2286 5729 2402 5785 hzee
2421 5729 2664 5804 epistola,
2691 5745 2812 5785 meo
2839 5729 3057 5804 quidem
3089 5733 3318 5804 judicio,
3349 5739 3416 5792 ad
3440 5751 3638 5792 annum
3667 5736 3796 5792 80L

2360 5813 2384 5840 ο
2422 5799 2564 5855 Edit.
2589 5799 2959 5867 Quercetf20,
2994 5821 3058 5885 ex
3090 5799 3210 5886 'ms.
3251 5799 3502 5877 (Froben.
3531 5807 3694 5880 epist.
3720 5808 3871 5889 {05).
