4074 6440
172 447 264 504 ως
1569 414 1948 476 εριετοωε.
3307 409 3415 463 570

171 557 286 630 regi,
319 551 542 610 Albinus
562 545 846 620 praesentis
884 537 1260 615 prosperitatis
1284 545 1339 592 et
1362 544 1574 590 aeterna:
1599 534 1726 587 bea-
1757 535 1805 595 Α
1833 527 1887 581 in
1908 525 2091 592 corde,
2122 523 2201 579 fas
2227 539 2348 580 esse
2373 522 2586 579 videtur
2622 521 2938 594 opportunis
2965 519 3173 576 vicibus
3202 521 3414 577 littera-

1835 633 1955 673 rum
1988 618 2134 673 foras
2163 617 2460 673 scintillare
2485 614 2667 671 ofﬁcio
2701 635 2712 668 :
2750 630 2819 669 ne
2870 611 3236 668 taciturnitate
3286 612 3420 667 vile-

1835 719 1972 778 scat,
1995 726 2114 782 quae
2135 709 2287 765 novis
2314 723 2526 780 semper
2564 707 2948 764 beneﬁciorum
2972 704 3224 760 fomentis
3249 702 3422 757 nutri-

1837 798 1944 858 tur.
1970 802 2109 858 Ecce
2135 801 2361 857 Flaccus
2388 799 2549 856 eﬁ‘eto
2584 813 2815 870 corpore
2840 839 2855 865 ,
2904 796 3158 853 militaris
3207 794 3425 866 cingulo

1835 894 2039 950 laboris
2058 894 2322 966 deposito,
2345 893 2640 949 secundum
2666 892 2967 962 piissimum
2997 888 3200 944 domini
3221 887 3303 942 sui
3323 886 3423 941 Da-

1838 984 1928 1040 vid
1962 985 2246 1041 consilium
2271 1025 2286 1051 ,
2329 985 2520 1040 devote
2543 983 2656 1038 Deo
2677 981 2774 1038 soli
2805 981 2985 1052 quieta
3037 994 3168 1050 pace
3221 977 3428 1034 servire

1841 1085 1954 1133 toto
1975 1077 2136 1149 elegit
2180 1076 2477 1132 desiderio:
2510 1075 2640 1146 quid
2666 1074 2858 1147 [Edit.,
2895 1072 3062 1146 quod]
3094 1073 3288 1127 iterum
3329 1085 3431 1140 pu-

1842 1182 2009 1239 gnare
2039 1167 2267 1238 cogitur,
2298 1173 2352 1221 et
2377 1166 2476 1222 sub
2509 1165 2656 1221 fasce
2678 1181 2954 1220 armorum
3000 1164 3285 1230 desudare,
3311 1172 3436 1233 qua!

1845 1263 2045 1318 inﬁrmi
2072 1263 2313 1333 corporis
2339 1261 2567 1332 denegat
2613 1259 2877 1332 fragilitas
2912 1260 2978 1315 de
3011 1267 3157 1314 terra
3195 1266 3434 1312 tantum-

1845 1356 2004 1411 modo
2029 1354 2227 1410 levare.
2272 1352 2384 1409 Nisi
2411 1352 2593 1409 forsan
2637 1352 2986 1421 subsequenti
3031 1361 3272 1421 tempore
3318 1348 3438 1419 ejus

1846 1448 2215 1506 misericordia
2239 1489 2252 1514 ,
2314 1448 2408 1518 qui
2457 1445 2643 1500 allevat
2682 1444 2872 1510 elisos,
2928 1442 3077 1497 solvit
3121 1441 3437 1514 compeditos

1850 1541 2023 1614 (Psal.
2051 1557 2204 1607 cxrv,
2229 1540 2306 1610 8),
2331 1540 2473 1595 vires
2509 1540 2558 1594 ei
2587 1547 2846 1610 praestare
2875 1537 3141 1607 dignetur.

1921 1634 2084 1690 Forte
2118 1633 2336 1704 quidam
2392 1633 2635 1688 dicturus
2679 1639 2764 1687 est
2807 1630 3162 1686 dialecticus:
3204 1626 3442 1685 Consilio

171 648 391 710 titudinis
420 647 475 702 in
498 642 714 700 Christo
739 638 987 696 salutem.

226 740 322 797 Diu
350 738 654 794 deliberans
678 733 807 805 quid
840 729 1037 787 mentis
1063 741 1196 784 mea)
1229 726 1442 783 devotio
1467 723 1534 778 ad
1559 720 1731 792 splen-

168 834 334 890 dorem
356 827 651 901 imperialis
677 825 933 898 potentiae
969 831 1165 878 vestra:
1192 828 1353 890 atque
1382 823 1730 890 augmentum

166 921 539 997 opulentissimi
570 918 809 976 thesauri
863 917 1065 980 vestri,
1115 912 1358 969 muneris
1405 908 1731 979 condignum

166 1018 385 1090 reperire
410 1015 716 1087 potuisset,
765 1026 834 1067 ne
881 1007 1212 1081 ingeniolum
1261 1003 1429 1060 animi
1456 1000 1584 1067 mei,
1611 998 1733 1054 aliis

164 1111 354 1167 diversa
379 1107 694 1165 divitiarum
715 1104 856 1160 dona
899 1099 1270 1163 offerentibus,
1302 1095 1414 1152 otio
1441 1092 1735 1164 torpuisset

163 1206 316 1273 inani,
345 1213 401 1262 et
442 1203 628 1259 vacuis
656 1200 906 1256 manibus
938 1194 1220 1268 parvitatis
1261 1189 1420 1264 15ἀΙ
1447 1203 1582 1244 mea:
1606 1186 1737 1241 mis-

162 1313 242 1354 sus
261 1305 382 1352 ante
405 1295 605 1352 faciem
631 1289 982 1349 beatitudinis
1008 1293 1204 1343 vestra:
1221 1282 1488 1338 venisset:
1518 1277 1736 1334 tandem

163 1389 350 1460 Spiritu
397 1398 590 1445 sancto
617 1385 914 1455 inspirante
961 1379 1161 1444 inveni,
1196 1375 1342 1447 quod
1363 1387 1483 1429 meo
1519 1371 1739 1428 nomine

162 1489 478 1552 competeret
505 1478 718 1543 oﬁ‘erre,
748 1483 802 1531 et
845 1474 975 1545 quid
1001 1479 1194 1527 vestrae
1231 1467 1539 1558 prudentiae
1592 1477 1742 1519 ama-

163 1575 251 1632 bile
275 1590 396 1630 esse
432 1572 717 1644 potuisset.
756 1569 897 1638 Ergo
923 1567 978 1622 in
1002 1572 1201 1620 vestras
1232 1557 1460 1634 pietatis
1483 1557 1740 1614 sacratis-

161 1668 280 1723 sima
307 1664 673 1722 sollicitudine
726 1668 862 1717 non'
882 1646 1045 1715 dubie
1069 1664 1216 1727 patet
1244 1654 1374 1738 qdid
1424 1667 1522 1724 per
1562 1665 1659 1706 vos
1687 1649 1742 1703 in

159 1719 603 1817 ξῶέίεοέιθείε
629 1755 858 1812 salutem
897 1719 1132 1822 ερίτίιίιε
1180 1719 1401 1805 “ﬁctus
1426 1719 1740 1816 ὀρει-ειιιιιε
1850 1725 2012 1792 valet,
2047 1725 2131 1781 cui
2157 1724 2529 1781 fortitudinem
2560 1739 2761 1780 annosa
2794 1731 2955 1794 negat
2977 1721 3282 1776 inﬁrmitas.
3332 1719 3444 1776 Sed

160 1858 206 1906 et
237 1851 461 1921 quantis
489 1849 869 1904 universorum
903 1813 1142 1899 ﬁdelium
1185 1838 1437 1910 precibus
1466 1813 1538 1892 sit
1560 1841 1746 1904 optans

1858 1821 1930 1876 illi
1960 1821 2122 1875 etiam
2146 1821 2425 1876 verissima
2451 1819 2648 1890 opponi
2671 1819 2868 1888 poterit
2898 1818 3207 1887 responsio:
3240 1813 3445 1886 Siquid

494 1897 1249 2010 omne-mngloriamvestrain
1273 1897 1612 1988 extendatur.
1645 1927 1748 1981 im—
1775 1897 1824 1958 Β
1851 1915 2067 1986 dignum
2099 1913 2152 1967 in
2177 1915 2340 1968 corde
2363 1911 2599 1982 viguerit
2619 1910 2820 1976 Flacci,
2851 1911 2953 1964 hoc
2975 1917 3144 1964 totum
3170 1909 3223 1962 in
3252 1921 3444 1963 sacra-

159 2000 380 2103 ρει-ίιῇιη,
409 2043 464 2089 ει
492 2040 554 2088 ιιι
592 2033 740 2087 imus
768 2000 851 2084 ζει
877 2026 1130 2084 omnibus
1147 2025 1266 2080 Deo
1311 2022 1559 2082 ﬁdelibus
1605 2033 1750 2073 ama.
1850 2008 2060 2064 tissimo
2082 2007 2316 2077 pectoris
2337 2006 2592 2060 thesauro
2620 2006 2740 2076 pius
2757 2003 3000 2075 possidet
3024 2002 3213 2057 David.
3239 2000 3297 2055 In
3326 2010 3448 2054 tan-

157 2094 272 2190 bile,
302 2094 548 2187 et'foris
579 2119 936 2177 sanctissimis
983 2115 1110 2190 [F.,
1133 2109 1374 2184 cunctis]
1401 2110 1618 2166 Domini
1660 2107 1750 2162 ad-
1849 2111 1964 2156 tum
1989 2141 2005 2167 ,
2054 2108 2114 2154 ut
2141 2100 2230 2154 ubi
2273 2098 2363 2154 ille
2387 2106 2487 2162 est,
2521 2097 2595 2154 ibi
2647 2097 2810 2152 etiam
2831 2104 2887 2151 et
2918 2095 3162 2150 Flaccus.
3201 2094 3448 2164 Respon-

156 2185 408 2272 versariis
436 2185 697 2271 terribile.
722 2211 830 2269 Sed
853 2185 1114 2281 quaerenti
1140 2207 1271 2262 mihi
1296 2215 1351 2261 et
1381 2200 1749 2260 consideranti
1851 2193 1977 2248 deat
1996 2208 2095 2264 pro
2123 2191 2370 2261 utrisque
2423 2191 2709 2245 amborum
2752 2188 3104 2244 divitissimus
3148 2185 3446 2256 sapientiae.

157 2308 281 2365 nihil
340 2310 560 2382 dignius
617 2279 965 2378 pacatissimo
1022 2301 1216 2357 honori
1271 2306 1456 2354 vestro
1516 2291 1750 2350 inveniri
1851 2285 1918 2340 Et
1943 2293 2004 2339 ut
2027 2284 2346 2355 simpliciter
2376 2281 2530 2354 155
2559 2283 2756 2349 dicam,
2790 2282 2933 2351 quod
2978 2281 3112 2335 mihi
3134 2279 3455 2348 simpliciter

154 2416 306 2472 posse
332 2443 349 2468 ,
405 2373 583 2472 vquam
615 2373 641 2440 Ᾰ
699 2396 1006 2452 divinorum
1052 2406 1277 2447 munera
1313 2389 1616 2443 librorum:
1656 2381 1752 2453 qui
1852 2376 2133 2447 deprecari
2180 2389 2406 2430 necesse
2453 2384 2572 2430 est:
2611 2391 2678 2431 ne
2709 2390 2894 2445 quaeso
2927 2382 3114 2430 sancta
3156 2389 3310 2428 mens
3347 2373 3453 2426 Do-

156 2493 364 2564 Spiritu
390 2501 578 2547 sancto
622 2489 876 2550 dictante,
907 2494 962 2541 et
987 2483 1203 2540 Christo
1238 2483 1348 2537 Deo
1371 2479 1711 2535 ministrante
1734 2515 1750 2541 ,

155 2585 208 2642 ad
237 2585 487 2639 salutem
514 2582 681 2638 totius
709 2577 932 2635 humani
979 2575 1193 2648 generis
1213 2614 1229 2638 ,
1276 2571 1513 2629 caelestis
1568 2567 1755 2640 gratia

155 2676 366 2731 calamo
393 2671 687 2742 conscripti
709 2678 853 2735 sunt,
873 2683 1008 2738 quos
1043 2667 1098 2721 in
1135 2664 1297 2720 unius
1315 2659 1606 2718 clarissimi
1634 2672 1758 2714 cor-

157 2774 297 2845 poris
329 2770 682 2826 sanctitatem
724 2779 1017 2830 connexos,
1045 2770 1208 2831 atque
1245 2758 1528 2830 diligenter
1574 2768 1757 2809 emcn-

161 2867 306 2924 datos
335 2871 539 2921 vestra:
595 2861 913 2917 clarissimae
951 2853 1274 2912 Auctoritati
1299 2851 1441 2924 (per)
1475 2851 1620 2904 hunc
1649 2845 1758 2902 cla-

161 2958 432 3015 rissimum
455 2954 625 3009 ﬁlium
651 2960 917 3015 vestrum,
943 2948 1206 3019 vobisque
1223 2944 1437 3000 ﬁdelem
1465 2939 1752 3003 famulum,

164 3051 390 3121 dirigere
418 3045 638 3104 curavi:
667 3053 933 3115 quatenus
967 3040 1144 3111 plenis
1172 3038 1421 3094 manibus
1469 3031 1758 3105 iucundis-

165 3144 293 3199 simo
313 3149 519 3198 vestrae
550 3137 830 3210 dignitatis
863 3137 1105 3191 adstaret
1150 3130 1412 3188 servitio:
1446 3125 1548 3193 Qui
1597 3123 1758 3193 longa

164 3234 332 3292 fessus
352 3231 699 3298 inﬁrmitate,
728 3229 840 3285 Deo
864 3228 1178 3292 miserante,
1207 3224 1336 3280 dum
1364 3215 1757 3291 aliquantulum

164 3327 460 3390 convaluit,
483 3323 685 3380 aﬂ‘atim
720 3332 960 3379 vestram
987 3319 1137 3375 adire
1165 3316 1454 3373 festinabat
1476 3313 1757 3384 pietatem.

167 3414 267 3472 Sed
294 3425 350 3472 et
400 3417 762 3488 lacrymarum
802 3409 1120 3468 munuscula
1141 3423 1391 3465 mearum
1419 3407 1474 3462 in
1499 3401 1764 3462 orationi-

168 3507 263 3561 bus
281 3508 431 3578 apud
464 3515 711 3563 sanctum
736 3505 1028 3560 Martinum
1054 3545 1070 3570 ,
1118 3517 1218 3574 pro
1268 3497 1765 3558 desiderantissima

166 3598 522 3654 Auctoritatis
547 3609 744 3656 vestrae
787 3599 1147 3670 prosperitate
1202 3595 1358 3651 vobis
1411 3592 1556 3648 ﬁdeli
1582 3600 1766 3646 trans-

169 3689 323 3745 mitto
348 3690 660 3759 sponsione.
713 3687 808 3743 Ille
857 3688 1079 3754 serviat,
1104 3687 1244 3742 sicut
1298 3685 1492 3751 decet,
1540 3681 1767 3739 Domino

170 3782 450 3852 piissimo:
488 3781 600 3852 Ego
624 3782 792 3837 orabo
821 3796 922 3852 pro
961 3779 1191 3835 Domino
1236 3774 1609 3840 dilectissimo,
1636 3789 1769 3844 quo-

173 3873 322 3929 modo
353 3873 536 3929 sancti
566 3872 801 3944 Spiritus
826 3873 1066 3928 visitatio
1096 3887 1192 3928 cor
1232 3885 1416 3926 meum
1462 3867 1771 3923 illuminare

176 3965 500 4037 dignabitur.
530 3963 588 4020 Si
614 3966 745 4036 quid
766 3965 933 4037 igitur
954 3963 1147 4020 melius
1171 3963 1368 4018 mentis
1393 3977 1529 4017 mea;
1557 3959 1771 4016 devotio

178 4057 416 4115 invenire
452 4057 752 4122 valuisset,
802 4057 990 4128 utique
1033 4071 1204 4126 prona
1247 4053 1524 4110 voluntate
1545 4052 1600 4108 in
1645 4065 1772 4122 aug-

179 4167 414 4213 mentum
439 4145 665 4212 honoris
687 4153 858 4210 vestri
893 4151 1166 4208 oﬁerrem.

632 4291 663 4334 ιι
699 4287 1036 4347 EPISTOLA
1075 4284 1335 4344 CXXXII.

693 4417 758 4457 AD
795 4416 1018 4458 DOINUI
1060 4413 1260 4456 BEGBI.

771 4514 962 4587 (Anno
999 4513 1161 4586 801.)

187 4631 259 4687 Ad
292 4632 478 4688 aulam
501 4641 714 4689 vocatus
743 4647 798 4686 se
821 4631 885 4686 ob
931 4636 1243 4685 senectutem
1270 4634 1536 4697 excusat;
1557 4637 1652 4679 nec
1677 4639 1775 4680 suo
1801 4633 1855 4697 ι)

249 4703 469 4760 consilio
497 4704 732 4775 indigere
751 4701 1193 4773 sapientissimum
1214 4715 1384 4770 regem
1407 4696 1701 4768 proﬁtetur.

250 4823 480 4880 Domino
502 4821 701 4877 merito
728 4817 1005 4882 laudabili,
1023 4823 1078 4873 et
1104 4815 1254 4872 omni
1288 4813 1570 4870 charitatis
1599 4810 1780 4868 ofﬁcio

193 4915 580 4988 amplectende,
606 4912 872 4981 nobisque
899 4909 1128 4964 nimium
1154 4905 1654 4964 desiderantissime
1676 4904 1782 4959 Da-

191 5008 275 5064 vid
299 5009 437 5080 regi,
457 5006 796 5064 humillimus
820 5011 1020 5060 sanctae
1049 5002 1143 5058 Dei
1171 5001 1429 5057 Ecclesiae
1457 4996 1784 5055 vernaculus

194 5097 413 5156 Albinus
437 5107 755 5170 perpetuam
779 5103 994 5151 aeternae
1020 5094 1205 5165 gloria:
1230 5094 1479 5149 salutem.

256 5189 392 5259 Quia
415 5190 634 5245 flamma
659 5197 936 5260 perpetua:
983 5187 1266 5242 charitatis
1298 5186 1502 5258 iugiter
1546 5183 1786 5241 ardescit

261 5381 287 5408 ι
323 5368 636 5423 Divinarum
667 5383 883 5421 munera
908 5365 1180 5421 librorum.
1213 5365 1580 5436 Loquitur'de
1600 5363 1788 5436 codice

201 5436 254 5493 S.
277 5437 574 5510 Scriptura:
600 5437 1150 5510 vulgattcﬂeditionis,
1183 5433 1346 5509 quam
1386 5438 1640 5510 hortante
1684 5433 1787 5510 Ca-

202 5510 309 5564 rolo
334 5506 527 5581 magno
563 5526 594 5564 a
643 5506 1031 5581 multiplicibus
1071 5506 1494 5581 exscribentium
1537 5506 1789 5581 librario-

201 5595 314 5662 rum
361 5578 508 5636 vitiis
532 5581 800 5706 Furgavit.
846 5579 922 5634 De
968 5595 1076 5650 quo
1123 5581 1309 5636 codice
1363 5578 1490 5633 alibi
1532 5578 1786 5633 diximus.

204 5648 318 5705 Vld.
345 5651 484 5706 Μαι).
553 5653 626 5706 11).
671 5668 798 5706 xxvr
827 5651 1048 5706 Anna|..
1079 5668 1132 5705 n.
1161 5647 1402 5706 6|.Pnto
1449 5649 1553 5704 hoc
1597 5664 1786 5704 munus

205 5719 269 5773 ab
292 5720 518 5778 Alcuino
557 5722 798 5778 oblatum
831 5721 996 5777 fuisse
1024 5692 1250 5787 Carolo,
1307 5720 1654 5791 imperatoria
1694 5735 1790 5775 co-

207 5804 334 5846 I'Ona
360 5806 529 5863 nuper
566 5793 855 5848 redimito:
888 5791 969 5846 Ad
996 5793 1322 5861 splendorem
1363 5790 1648 5863 imperialis
1700 5807 1793 5863 po-

207 5863 400 5930 lentia,
413 5862 533 5920 aliis
557 5863 721 5920 etiam
737 5863 942 5920 diversa
971 5863 1272 5920 divitiarum
1297 5863 1456 5928 dona,
1485 5862 1676 5919 eadem
1701 5862 1794 5922 Oc-

1789 2466 1794 2471 ’
1855 2470 1986 2525 mini
2017 2470 2122 2524 mei
2147 2470 2417 2525 irascatur
2439 2469 2682 2524 tarditati
2712 2484 2878 2533 mete,
2910 2468 3053 2538 quod
3084 2468 3244 2523 modo
3264 2466 3452 2520 venire

1856 2579 1963 2619 non
1995 2563 2223 2618 valeam.
2257 2563 2375 2618 Erit
2396 2565 2616 2629 iterum,
2649 2564 2692 2619 si
2721 2563 2830 2619 Deo
2855 2563 3156 2634 placuerit,
3209 2570 3454 2632 tempore

1857 2666 2178 2729 Opportuno.
2208 2655 2318 2712 Nec
2339 2673 2515 2713 meam
2542 2672 2668 2714 reor
2691 2657 3031 2712 devotionem
3051 2665 3245 2712 vestrae
3268 2656 3451 2712 excel-

1858 2749 2040 2805 lentia:
2061 2750 2115 2804 in
2141 2749 2323 2818 aliquo
2351 2739 2472 2804 loco
2506 2749 2627 2818 plus
2654 2750 2913 2820 prodesse
2934 2765 3113 2820 posse,
3137 2764 3297 2818 quam
3329 2745 3460 2804 assi-

1860 2842 1982 2898 duis
2007 2840 2148 2912 apud
2173 2849 2420 2896 sanctum
2450 2840 2740 2895 Martinam
2769 2842 3107 2896 orationibus
3130 2881 3144 2906 ,
3195 2848 3463 2909 quatenus

1861 2935 2042 2991 divina
2068 2935 2376 3000 clementia,
2407 2949 2527 3003 quae
2555 2949 2653 2989 vos
2695 2949 2793 3004 per
2816 2934 3056 3005 singulos
3107 2933 3458 3003 magistratus

1863 3040 1885 3068 ⁸
1917 3030 1971 3084 in
2022 3028 2344 3084 altissimum
2369 3026 2644 3083 saecularis
2670 3027 2926 3098 potentiae
2964 3025 3142 3082 evexit
3169 3027 3454 3092 honorem,

1860 3134 1926 3175 eo
1943 3118 2185 3191 longaeva
2205 3119 2566 3190 prosperitate
2592 3120 2668 3175 uti
2690 3120 2972 3180 concedat,
3007 3128 3169 3190 atque
3196 3135 3261 3175 ex
3290 3118 3456 3188 hujus

1863 3212 2212 3268 sublimitatis
2246 3213 2507 3282 dignitate
2541 3212 2608 3267 ad
2633 3212 2841 3283 apicem
2865 3211 3054 3266 aeterni
3083 3211 3232 3282 regni
3269 3225 3461 3266 ascen-

1866 3306 1993 3362 dere
2020 3304 2200 3362 faciat.
2227 3305 2344 3373 Quo
2394 3305 2766 3361 misericordia
2788 3313 2845 3361 et
2873 3303 3104 3375 iustitia,
3133 3305 3244 3360 Deo
3290 3304 3461 3359 mise-

1866 3408 2043 3465 rante,
2065 3407 2307 3454 vestram
2335 3398 2567 3455 deducat
2620 3397 3032 3453 beatitudinem.
3064 3397 3156 3452 Ille
3188 3397 3351 3452 homo
3380 3411 3466 3452 re-

1866 3502 1954 3548 cte
1985 3491 2218 3548 feliciter
2259 3491 2390 3549 felix
2420 3491 2526 3547 dici
2562 3491 2782 3563 poterit,
2813 3492 2904 3561 qui
2945 3492 3011 3546 de
3060 3491 3162 3546 hac
3208 3488 3464 3562 przcscnti

1867 3583 2127 3640 felicitate
2156 3585 2220 3639 ad
2256 3592 2517 3640 aeternam
2562 3584 2862 3639 merebitur
2894 3583 3182 3653 pervenire
3233 3579 3466 3636 fclicita-

1869 3685 2000 3732 tem.
2025 3675 2095 3731 Et
2123 3674 2435 3746 implebitur
2462 3675 2517 3729 in
2550 3689 2616 3730 eo
2660 3674 3024 3746 pulcherrima
3050 3673 3192 3727 illius
3213 3667 3470 3727 versiculi

1868 3769 2200 3841 promissio:
2233 3767 2588 3823 Ambulabunt
2638 3769 2806 3823 sancti
2854 3767 2918 3822 de
2963 3769 3150 3822 virtute
3204 3767 3259 3820 in
3308 3767 3472 3820 virtu-

1870 3869 2006 3927 tem,
2062 3861 2225 3917 donec
2275 3860 2515 3916 videatur
2559 3859 2702 3915 Deus
2761 3859 2979 3914 deorum
3017 3859 3073 3912 in
3113 3856 3245 3913 Sion
3285 3852 3470 3928 (Psal.

1871 3968 2104 4018 Lxxxm,
2127 3953 2205 4023 8).

1941 4065 2097 4120 Alma
2137 4064 2233 4119 Dei
2273 4063 2476 4119 Christi
2508 4063 2713 4118 tribuat
2750 4062 2848 4117 tibi
2877 4067 3306 4130 regna-potestas

2014 4156 2196 4210 Aurea
2227 4170 2350 4210 cum
2380 4153 2606 4219 sanctis,
2633 4152 2824 4215 David,
2858 4152 2912 4205 in
2944 4165 3069 4204 arce
3099 4149 3230 4219 poli.

1947 4249 2227 4306 Discindat
2252 4248 2499 4302 chartam
2524 4245 2695 4310 mitis,
2722 4259 2872 4316 rogo,
2905 4244 3125 4299 dextera
3153 4241 3342 4307 David,

2019 4340 2312 4398 Victricem
2341 4338 2506 4394 faciat
2532 4353 2694 4408 quam
2724 4337 2869 4393 Deus
2894 4335 3255 4404 omnipotens.

2307 4452 2333 4491 δ
2376 4450 2718 4508 EPISTOLA
2757 4449 3043 4508 CXXXIII.

2413 4563 2480 4602 Αυ
2521 4562 2738 4602 ΒΟΙΝΗΙ
2779 4560 2977 4602 REGE“.

2507 4639 2684 4709 (Anno
2708 4636 2859 4710 801.)

1883 4731 2166 4805 Signiﬁcat
2200 4730 2396 4785 obitum
2436 4727 2792 4798 Maganfredi.
2847 4725 3136 4783 Intercedit
3160 4745 3255 4801 pro
3295 4729 3478 4801 fratri-

1955 4805 2050 4858 bus
2079 4813 2126 4858 et
2151 4801 2368 4856 ecclesia
2393 4799 2561 4853 sancti
2590 4797 2737 4851 Petri
2764 4797 2909 4852 urbis
2937 4799 3336 4867 Beneventanw;
3357 4816 3477 4856 cum

1956 4873 2338 4928 Beneventanis
2361 4869 2638 4924 clementer
2662 4869 2748 4939 agi
2777 4869 3054 4941 supplicat.

1957 4986 2141 5043 Gloria
2169 4992 2225 5042 et
2263 4984 2382 5039 laus
2408 4983 2518 5039 Deo
2540 4984 2899 5053 omnipotenti
2938 5000 3037 5055 pro
3071 4986 3245 5041 salute
3269 4992 3322 5038 et
3349 4997 3478 5054 pro-

1886 5079 2146 5151 speritate
2173 5083 2353 5132 vestra
2379 5116 2394 5142 ,
2429 5075 2744 5130 dulcissime
2791 5075 2864 5130 mi
2911 5075 3078 5132 David
3103 5117 3118 5140 ,
3173 5085 3333 5144 atque
3381 5087 3482 5142 pro

1887 5170 2034 5227 omni
2057 5169 2264 5226 honore
2283 5175 2338 5222 et
2363 5167 2652 5236 sapientia,
2676 5167 2730 5221 in
2757 5168 2954 5238 quibus
2983 5177 3035 5225 te
3061 5166 3279 5236 speciali
3307 5165 3480 5235 gratia

1890 5351 2126 5414 casione,
2156 5347 2512 5418 o/ferentibus.
2548 5346 2792 5404 Pertinet
2834 5362 2963 5418 ergo
2996 5343 3222 5414 epistola
3260 5342 3326 5396 ad
3379 5341 3486 5396 ini-

1888 5425 2024 5480 tium
2054 5422 2180 5478 anni
2202 5420 2324 5475 801.

1962 5496 1990 5535 ι)
2014 5494 2156 5548 Edit.
2191 5492 2442 5560 Quercet.
2478 5491 2544 5546 Π
2567 5507 2632 5546 ex
2658 5506 2761 5545 ms.
2797 5487 3053 5560 (Froben.
3080 5483 3228 5560 mi.)

1966 5577 1988 5605 ε
2021 5564 2088 5619 In
2124 5555 2436 5618 altissimum
2461 5562 2733 5618 swcularis
2760 5555 3004 5630 potentia:
3027 5557 3189 5630 evexit
3208 5555 3480 5630 honorem.

827 5625 1564 5714 ih'naii',“nfis‘i'."13..aiio;
1572 5625 1792 5704 '33}?ng
1892 5639 1972 5693 Ex
2001 5637 2087 5691 his
2116 5636 2293 5714 verbis
2321 5635 2551 5705 conjicio
2595 5625 2848 5688 Carolum
2868 5637 3009 5714 ‘tunc
3037 5626 3356 5714 dignitatem
3382 5625 3485 5708 im-

1893 5708 2245 5781 peratoriam,
2275 5723 2396 5781 qua:
2420 5696 2592 5781 super
2619 5699 2966 5781 omnes‘aolias
2999 5697 3286 5781 5:;cculares
3308 5696 3483 5781 digni-

1896 5768 2036 5835 iatcs
2085 5768 2309 5842 eminet,
2350 5778 2461 5847 jam
2495 5768 2757 5847 adeptum
2801 5769 2984 5824 fuisse.
3037 5769 3273 5847 Iipistola
3323 5768 3487 5840 igitur

1897 5852 2204 5922 scriptaiest
2228 5841 2369 5922 anno
2401 5846 2522 5922 801A
2538 5841 2624 5922 vel
2648 5841 3173 5922 aliquo‘posterior-en.

1968 5909 2178 5978 d'Edit.
2216 5918 2467 5985 Quercet.
2494 5915 2563 5972 24
2589 5929 2654 5972 ex
2688 5909 2787 5969 ms.
2820 5909 3076 5986 (Froben.
3105 5909 3252 5984 105.)
